4024 6472
399 319 516 381 459

1622 311 2115 376 THEOPHANIS
2151 311 2492 370 CERAMEI

3559 314 3660 379 460

410 445 531 485 mus
561 429 726 499 igitur
754 442 972 498 operam
1003 466 1017 493 ,
1063 437 1119 481 ut
1150 441 1476 482 coronemur
1510 443 1699 484 omnes
1726 448 1738 482 :
1771 428 1991 497 praecla-

2097 442 2200 487 σις.
2237 424 2445 487 Πάντες
2468 423 2563 475 οὖν
2588 423 2904 491 στεφανίται
2934 418 3224 488 γενώμεθα
3252 437 3265 451 ⁸
3297 423 3492 489 πάντες
3520 432 3666 500 νική-

411 537 526 575 ram
558 534 790 584 omnes,
827 530 882 572 et
933 519 1146 572 invidia:
1207 534 1311 571 non
1366 519 1654 571 obnoxiam
1705 517 1988 571 victoriam

408 623 768 682 reportemus.
802 610 897 664 Hic
925 611 1142 678 quidem
1196 610 1362 662 alimn
1416 610 1764 664 continentiae
1813 611 1990 663 inten-

415 708 561 760 tione
595 703 864 774 prmcedat
898 741 910 764 ,
960 703 1107 756 tcuui
1142 704 1282 756 victu
1317 704 1564 771 corporis
1623 717 1856 756 massam
1894 703 1989 755 eli-

410 798 585 859 deus;
637 797 728 848 hic
780 811 906 847 vero
959 794 1174 848 abunde
1220 795 1616 863 suppeditanda
1667 793 1991 862 pauperibus

410 888 550 955 stipe
576 885 847 955 praecellat
876 902 890 950 ;
925 902 986 939 ac
1013 901 1071 939 se
1100 886 1222 940 olea
1253 884 1645 940 miserit-ordia:
1679 883 1988 937 nitidiorem

419 977 627 1031 reddat.
659 976 814 1031 Alius
841 987 1131 1046 peccantes
1165 977 1218 1030 in
1255 993 1311 1030 se
1341 993 1535 1047 inriguo
1569 978 1750 1031 animo
1777 979 1992 1041 toleret,

409 1069 593 1122 ethoc
643 1067 804 1122 modo
838 1070 1130 1137 propitium
1179 1071 1279 1124 sibi
1331 1071 1431 1139 ipsi
1488 1070 1773 1124 Dominum
1808 1069 1988 1123 faciat.

412 1161 614 1215 Omnes
662 1177 682 1212 ι
748 1171 807 1214 ιιι
863 1162 916 1215 in
952 1162 1037 1215 die
1083 1161 1309 1215 honeste
1352 1162 1718 1225 ambulemus,
1758 1182 1776 1214 ι
1840 1162 1990 1229 juxta

411 1251 659 1321 Apostoli
697 1252 901 1306 dictum
936 1251 1006 1306 ⁶⁰.
1042 1249 1195 1304 Nunc
1225 1253 1368 1305 enim
1397 1253 1598 1306 animis
1630 1253 1836 1306 nostris
1872 1253 1993 1305 illu-

409 1341 578 1396 cescit
637 1342 793 1405 dies,
849 1341 938 1410 qui
1004 1352 1214 1396 noctem
1245 1343 1711 1410 perturbationum
1763 1360 1791 1396 a
1838 1343 1994 1397 nobis

413 1440 683 1485 ameveat.
733 1430 887 1484 Nunc
939 1447 1093 1486 mens
1143 1447 1238 1500 per
1277 1432 1540 1501 jejunium
1581 1432 1880 1487 illuminata
1939 1435 1989 1488 in

415 1525 587 1575 lucem
638 1522 1030 1590 intelligihilem
1089 1523 1236 1576 clare
1284 1526 1744 1591 ligereobtutum
1793 1532 1990 1594 potest,

414 1628 680 1666 coercens
710 1614 838 1666 hinc
866 1613 1110 1681 corporis
1135 1614 1393 1682 impetus,
1417 1615 1639 1680 spiritus
1668 1616 1792 1669 inde
1812 1616 1993 1684 splen-

415 1699 576 1750 dores
623 1700 946 1767 excipiens;
1002 1709 1055 1754 et
1102 1702 1355 1754 ardorem
1402 1702 1620 1771 quidem
1657 1704 1990 1774 voluptatum

2097 533 2281 584 σωμεν
2307 517 2406 585 τὴν
2440 513 2613 582 καλὴν
2640 513 2799 582 νίκην
2839 513 2932 564 καὶ
2972 509 3334 578 ἀνεπίφθονον
3356 531 3369 544 ’
3401 519 3428 569 ὁ
3455 519 3552 586 μὲν
3579 523 3666 589 ὲγ-

2091 604 2324 676 κρατείᾳ
2359 603 2733 675 ὲπιτεταμένῃ
2785 601 3178 671 ὑπερϐαλλέτω
3225 602 3315 655 τὸν
3343 605 3550 676 ἕτερον,
3579 611 3666 664 λε-

2091 699 2200 767 πτῇ
2236 695 2418 766 διαίτῃ
2451 695 2810 763 καταπνίγων
2834 697 2924 748 τὸν
2973 696 3137 762 ὃγκον
3164 694 3259 746 τοῦ
3317 697 3563 767 σώματος
3591 720 3606 735 ο
3638 705 3666 757 ὁ

2091 790 2148 842 δὲ
2179 790 2336 858 νικᾷν
2368 787 2677 855 ἐπειγέσθω
2706 787 2785 856 τῷ
2817 787 3067 855 ἀφθόνως
3099 785 3212 848 τοῖς
3254 789 3481 858 πένησιν
3502 794 3667 862 ὲπαρ-

2091 885 2230 943 κεῖν,
2273 884 2365 934 καὶ
2396 879 2474 951 τῷ
2502 884 2601 950 τῆς
2636 880 3013 951 ἐλεημοσύνης
3044 880 3209 950 ἐλαίῳ
3237 877 3628 951 φαιδρύνεσθαι
3651 905 3663 917 ·

2091 974 2277 1045 ἕτερος
2352 972 2784 1043 μακροθυμείτω
2845 974 2937 1024 ἐπὶ
2998 974 3111 1036 to'tg
3169 973 3479 1039 πταίουσιν,
3516 978 3669 1032 ἵλεων

2093 1065 2244 1135 αὐτῷ
2277 1066 2370 1118 τὸν
2393 1066 2677 1135 Δεσπότην
2721 1063 3196 1134 ἀπεργαζόμενος.
3250 1066 3481 1133 Πάντες,
3540 1088 3558 1121 ι
3599 1070 3669 1134 ὡς

2093 1161 2150 1211 ἐν
2210 1157 2393 1230 ἡμέρᾳ
2425 1159 2775 1228 εὐσχημόνως
2811 1177 2828 1209 ι
2865 1159 3339 1227 περιπατήσωμεν
3363 1200 3376 1222 ,
3419 1164 3557 1215 κατά
3579 1164 3673 1232 τὴν

2099 1244 2494 1318 Ἀποστολικὴν
2530 1250 2734 1318 φωνήν.
2759 1247 2874 1300 Νῦν
2893 1247 3124 1317 ἀνατολὴ
3165 1249 3357 1315 γέγονε
3389 1255 3505 1315 ταῖς
3538 1254 3669 1322 ἡμε-

2093 1342 2279 1411 τέραις
2304 1341 2528 1411 ψυχαῖς,
2559 1341 2660 1410 τῆς
2697 1341 2891 1403 νυκτὸς
2926 1343 3073 1410 ἡμᾶς
3096 1341 3205 1394 τῶν
3228 1341 3416 1393 παθῶν
3443 1343 3675 1413 ἁποστήυ

2095 1431 2377 1485 σασα.Νὖν
2409 1433 2438 1484 ὁ
2460 1431 2585 1494 νοῦς
2609 1431 2695 1482 διὰ
2729 1429 2827 1499 τῆς
2856 1431 3113 1499 νηστείας
3147 1430 3524 1499 αὺγαζόμενος
3547 1433 3673 1502 τηλ-

2092 1524 2276 1592 αυγῶς
2335 1523 2666 1586 ὲνατενίζειν
2726 1523 2805 1594 τῷ
2884 1522 3063 1592 νοητῷ
3106 1523 3245 1592 φωτὶ
3275 1522 3524 1583 δύναται,
3581 1526 3674 1575 ἐπ-

2097 1614 2239 1685 έχων
2295 1615 2394 1685 μὲν
2423 1615 2520 1677 τάς
2568 1615 2746 1684 ὁρμὰς
2779 1617 2879 1684 τῆς
2920 1615 3143 1682 σαρκὸς,
3175 1614 3469 1683 δεχόμενος
3502 1614 3557 1666 δὲ
3585 1613 3673 1666 τοῦ

2095 1706 2407 1777 πνεύματος
2467 1706 2567 1770 τὰς
2619 1707 2794 1774 αὐγάς
2824 1723 2836 1736 ·
2871 1705 2932 1758 τὸ
2977 1706 3090 1775 πῦρ
3114 1706 3393 1760 σϐεννύων
3421 1706 3527 1758 τῶν
3557 1707 3675 1775 ἡδορ

414 1786 808 1854 exstiugueus,
865 1792 1114 1842 ardorem
1178 1803 1309 1843 vero
1355 1791 1616 1844 virtutum
1673 1793 1990 1850 incendens.

2099 1799 2228 1865 νῶν,
2261 1798 2322 1850 τὸ
2357 1797 2469 1869 πῦρ
2501 1798 2761 1852 ἀνάπτων
2818 1797 2928 1849 τῶν
2989 1797 3224 1867 ἀρετῶν.
3281 1796 3508 1849 Πάντων
3553 1797 3676 1864 ἡμῖν

415 1876 489 1930 Ita
515 1876 780 1946 jejunium
831 1880 1014 1933 omnia
1043 1881 1199 1935 nobis
1227 1882 1366 1936 bona
1395 1883 1669 1937 conciliat.
1701 1884 1812 1954 Age
1844 1903 1992 1955 ergo,

416 1969 534 2038 ejus
575 1969 749 2022 innixi
800 1971 995 2025 virtute
1033 1971 1371 2027 Salvatorem
1405 1975 1994 2047 audiamusjubentem

415 2075 605 2114 emues
643 2063 860 2116 concito
894 2078 1053 2118 cursu
1085 2080 1144 2118 se
1179 2064 1463 2134 subsequi.

491 2183 510 2215 ι
550 2164 696 2217 Dixit
725 2164 1024 2219 Dominus:
1063 2164 1119 2220 Si
1152 2168 1274 2237 quis
1297 2169 1410 2222 vult
1443 2183 1529 2224 me
1559 2171 1738 2240 sequi,
1767 2172 1996 2243 deneget

413 2256 767 2326 semetipsum
793 2299 806 2323 ,
856 2269 910 2312 ct
952 2257 1102 2312 tollat
1136 2275 1352 2315 crucem
1387 2277 1538 2316 suam
1565 2300 1582 2325 ,
1633 2275 1686 2318 et
1734 2279 1998 2332 sequatur

416 2364 524 2404 me.
590 2370 610 2404 ι
667 2350 962 2419 Postquam
1031 2350 1283 2408 Salvator
1335 2367 1519 2410 noster
1573 2355 1733 2411 Jesus
1793 2360 1995 2413 Sanctis

414 2441 695 2511 discipulis
723 2458 786 2496 ea
825 2459 944 2512 qua:
972 2444 1117 2498 circa
1163 2461 1390 2501 crucem
1416 2457 1464 2502 et
1514 2447 1827 2503 Passionem
1862 2465 1994 2504 ven-

415 2544 537 2586 tura
573 2543 762 2597 erant,
795 2536 1188 2602 praedixisset,
1233 2539 1626 2608 discipulorum
1674 2544 1994 2612 coryphzeus

413 2623 800 2679 secretioribus
839 2626 1078 2681 nendqu
1134 2629 1378 2685 initiatus
1430 2634 1705 2701 mySteriis
1730 2673 1746 2697 ,
1781 2645 1834 2688 et
1874 2651 1992 2688 ma-

412 2717 570 2785 gistri
627 2718 712 2771 sui
771 2716 970 2772 aﬂectu
1022 2731 1303 2788 permotus
1351 2722 1662 2779 Passionem
1704 2729 1770 2780 ab
1805 2743 1870 2781 eo
1904 2730 1994 2782 de-

416 2809 775 2875 precabatur,
803 2827 820 2860 ι
851 2809 1038 2873 Absit,
1078 2812 1328 2879 inquiens
1357 2854 1372 2879 ,
1401 2830 1430 2867 a
1465 2824 1538 2880 te,
1567 2816 1790 2870 Domine
1818 2858 1831 2878 ,
1885 2834 1991 2873 non

413 2901 518 2953 erit
593 2899 686 2952 tibi
745 2900 845 2955 hoc
900 2902 966 2955 δι.
1007 2920 1026 2952 ι
1092 2902 1259 2973 Cujus
1316 2907 1675 2961 temeritatem
1734 2910 1994 2965 Dominus

417 2992 618 3045 acriter
678 3009 798 3046 cum
854 2995 1349 3062 reprehendisset,
1411 3001 1476 3051 ad
1535 3015 1594 3054 se
1651 3005 1990 3071 sequentium

2099 1891 2320 1959 ἀγαθῶν
2347 1893 2379 1959 ἠ
2418 1889 2651 1960 νηστεία
2688 1888 2999 1959 καθέστηκε
3025 1889 3314 1957 πρόξενος.
3346 1887 3480 1955 ’Δγε
3505 1888 3567 1957 δὴ
3589 1882 3674 1939 οὖν

2096 1984 2273 2056 ταύτῃ
2303 1982 2734 2052 ὲπερειδόμενοι,
2759 1983 2854 2034 τοῦ
2875 1981 3130 2051 Σωτῆρος
3169 1981 3497 2051 ἀκούσωμεν
3517 1978 3674 2032 αὑτοῦ

2102 2075 2491 2146 προτροπάδην
2529 2073 2739 2136 πάντας
2776 2073 3114 2136 κελεύοντος.

2174 2187 2192 2220 ι
2235 2164 2403 2222 Εἶπεν
2439 2170 2467 2222 ό
2504 2168 2707 2238 Κύριος
2734 2184 2748 2198 '
2795 2169 2983 2232 Ὅστις
3020 2168 3164 2220 θέλει
3208 2167 3390 2220 ὀπίσω
3423 2180 3522 2236 μου
3556 2167 3676 2218 ἀκο-

2097 2261 2331 2325 λουθεῖν,
2363 2260 2781 2330 ἀπαρνησάσθω
2808 2260 3036 2326 ἑαυτὸν,
3073 2263 3161 2312 καὶ
3196 2259 3388 2328 ἀράτω
3415 2257 3504 2309 τὸν
3524 2269 3678 2308 σταυ-

2099 2354 2192 2423 ρὸν
2253 2350 2443 2415 αὑτοῦ,
2483 2353 2576 2404 καὶ
2630 2351 3002 2404 ἀκολουθείτω
3069 2369 3177 2420 μοι.
3223 2370 3241 2403 ι
3292 2349 3380 2416 Ἐξ
3435 2350 3676 2417 Σωτῆρος

2097 2446 2255 2516 ἡμῶν
2298 2443 2474 2514 Ἰησοῦ
2508 2446 2619 2506 τοῖς
2655 2445 2819 2514 ἱεροῖς
2850 2444 3123 2513 μαθηταῖς
3153 2444 3222 2496 τὰ
3253 2441 3504 2513 περὶτοῦ
3525 2457 3677 2491 σταυ-

2099 2536 2194 2608 ροῦ
2226 2537 2322 2588 καὶ
2347 2535 2558 2598 πάθους
2588 2537 3145 2606 προεκφωνήσαντος,
3171 2538 3198 2588 ὁ
3230 2535 3534 2605 κορυφαῖος
3577 2530 3674 2582 τῶν

2099 2627 2364 2698 μαθητῶν
2390 2628 2473 2679 ἔτι
2508 2627 2616 2680 τῶν
2673 2627 3136 2698 ἀπορῤητοτέρων
3183 2627 3436 2696 ἀμύητος
3469 2623 3564 2688 ῶν,
3594 2621 3675 2674 διά

2095 2721 2188 2773 τὸν
2246 2720 2385 2787 πρὸς
2438 2719 2530 2772 τὸν
2583 2719 2908 2772 διδάσκαλον
2951 2720 3138 2780 πόθον,
3179 2719 3238 2771 τὸ
3276 2718 3470 2771 παθεῖν
3497 2713 3675 2766 τοῦτον

2096 2811 2405 2882 ἀπηύχετο’
2458 2831 2474 2863 ι
2513 2811 2699 2874 Ἵλεώς
2748 2829 2854 2874 σοι,
2882 2812 3148 2880 φάμενος,
3187 2812 3248 2864 οὐ
3298 2810 3374 2883 μὴ
3418 2811 3566 2860 ἔσται
3599 2822 3674 2856 σοι

2094 2903 2278 2956 τοῦτο.
2310 2921 2328 2953 ι
2361 2904 2458 2954 Ὃν
2486 2901 2585 2972 τῆς
2617 2904 2952 2970 προπετείας
2997 2904 3340 2973 ἐπιτιμήσας
3379 2903 3405 2953 ὁ
3459 2898 3671 2962 Κύριος,

2097 2995 2238 3065 πρὸς
2268 2995 2328 3047 τὸ
2359 2994 2564 3064 πλῆθος
2599 2995 2709 3046 τῶν
2741 2994 3030 3064 ἑπομένων
3071 2995 3456 3065 ἐπιστραφεὶς,
3485 2990 3674 3055 ταύτην

416 3083 814 3138 multitudinem
849 3100 1171 3153 conversus,
1221 3088 1368 3143 hunc
1415 3105 1718 3147 sermonem
1757 3095 1990 3151 habuit:

2100 3088 2294 3156 ἀφίησι
2335 3087 2432 3159 τὴν
2469 3089 2677 3158 φωνήν.
2713 3105 2731 3139 ι
2771 3088 2962 3150 Ὅστις
2981 3087 3123 3140 θέλει
3157 3087 3341 3141 ὀπίσω
3363 3103 3464 3157 μου
3487 3083 3670 3140 ἐλθεῖν,

420 3196 440 3230 ι
499 3178 554 3232 Si
610 3181 735 3247 quis
771 3179 886 3234 vult
930 3183 1115 3236 venire
1165 3193 1287 3252 post
1341 3200 1462 3252 me,
1515 3187 1747 3257 abneget
1794 3199 1994 3246 semet-

416 3275 597 3343 ipsum
634 3275 702 3329 ⁸³.
754 3293 773 3326 ι
805 3276 885 3330 Ad
934 3276 1153 3331 Petrum
1207 3281 1509 3349 praecipue,
1546 3284 1759 3352 Opinor,
1794 3289 1997 3342 oratio-

417 3378 541 3418 nem
610 3364 852 3433 dirigens
912 3365 965 3419 in
1018 3367 1157 3422 hanc
1221 3372 1610 3438 propemodum
1669 3378 1993 3431 sententiam

416 3452 656 3521 loquitur
686 3471 709 3508 ι
738 3453 856 3508 Non
908 3469 1008 3525 ego
1065 3457 1241 3511 solum
1283 3461 1350 3512 ad
1388 3459 1702 3517 Passionem
1740 3481 1993 3536 propero,

417 3547 512 3596 sed
541 3545 607 3597 ab
635 3545 886 3598 omnibus
920 3547 1186 3613 eamdem,
1215 3563 1377 3617 quam
1403 3565 1502 3620 ego
1532 3552 1699 3608 subeo
1730 3569 1991 3623 mortem,

416 3635 544 3704 eligi
597 3635 717 3689 volo
786 3658 801 3690 :
866 3638 982 3692 oSi
1016 3641 1140 3708 quis
1212 3643 1320 3696 vult
1387 3645 1573 3700 venire
1635 3655 1758 3716 post
1827 3664 1932 3704 me.
1969 3669 1988 3701 ι

416 3723 534 3779 Non
582 3723 773 3779 aufero
807 3726 1116 3782 libertatem
1144 3770 1159 3795 ,
1194 3739 1250 3784 et
1301 3733 1382 3786 sui
1421 3734 1618 3803 cuique
1669 3736 1991 3806 dominium,

419 3819 534 3883 ait,
568 3833 668 3872 nec
717 3835 1046 3891 quemquam
1092 3821 1160 3876 ad
1208 3839 1294 3878 me
1335 3827 1671 3893 sequendum
1717 3843 1891 3898 cogo;
1926 3831 1992 3883 ad

420 3910 604 3972 vitam,
643 3919 698 3962 et
734 3913 1038 3977 pne-mium,
1070 3918 1124 3964 et
1171 3913 1511 3967 immutabile
1561 3929 1781 3983 regnum
1839 3931 1989 3972 voco.

417 3997 677 4068 Quisquis
718 4000 834 4052 vult
881 4001 1213 4070 incorruptis
1249 4002 1407 4072 139
1439 4002 1641 4070 perfrui
1672 4006 1862 4071 bonis,
1910 4023 1995 4062 me

418 4099 721 4157 sequatur;
760 4091 994 4159 abneget
1025 4093 1397 4162 semetipsum.
1431 4091 1537 4148 Sed
1572 4098 1842 4164 quomodo
1874 4098 1995 4166 quis

421 4183 692 4251 abnegare
715 4184 952 4250 seipsum
977 4193 1164 4252 queat,
1184 4185 1401 4254 planum
1430 4187 1687 4243 faciemus
1710 4191 1989 4259 exemplo:

426 4273 492 4327 Ut
523 4276 565 4326 si
595 4275 717 4342 quis
747 4276 1136 4329 amicissimum
1171 4279 1476 4346 quempiam
1497 4281 1722 4348 habens,
1756 4297 1995 4351 postmo-

418 4365 542 4416 dum
594 4380 721 4417 casu
783 4365 966 4434 aliquo
1021 4365 1442 4433 interveniente,
1487 4369 1556 4424 ab
1604 4373 1720 4439 ejus
1771 4375 1992 4427 urnuino

2099 3178 2517 3251 ἀπαρνησάσθω
2552 3179 2778 3234 ἑαυτόν⁹
2815 3199 2833 3232 ι
2876 3180 3020 3250 Πρὸς
3046 3180 3137 3233 τὸν
3167 3179 3402 3252 Πέτρον,
3424 3171 3594 3246 οἶμαι,
3617 3170 3674 3223 τὸ

2099 3274 2262 3329 πλέον
2325 3276 2629 3329 ἀποτείνων
2673 3275 2767 3330 τὸν
2789 3275 2950 3344 λόγον
2976 3275 3154 3330 ταῦτά
3205 3294 3368 3347 φησι,
3401 3268 3674 3344 μονονουὶίὶ

2096 3365 2272 3434 λέγων
2288 3367 2363 3430 ὡς
2382 3381 2395 3395 °
2427 3365 2505 3422 Οὐ
2540 3367 2702 3435 μόνον
2729 3366 2841 3437 ἐγὼ
2873 3368 3011 3437 πρὸς
3035 3367 3096 3420 τὸ
3117 3369 3317 3422 παθεῖν
3351 3365 3670 3432 ἐπείγομαι,

2097 3460 2234 3513 ἀλλὰ
2295 3461 2392 3514 καὶ
2457 3463 2666 3526 πάντας
2701 3461 3087 3533 βούλομαι-τὸν
3135 3463 3306 3518 αὑτὸν
3338 3459 3552 3516 ἑλέσθαι
3589 3468 3672 3523 μοι

2098 3553 2365 3608 θάνατον·
2402 3573 2421 3606 ¢
2461 3556 2653 3618 Ὅστις
2715 3554 2861 3608 θέλει
2910 3555 3088 3609 ὀπίσω
3124 3573 3227 3625 μου
3269 3556 3467 3609 ἐλθεῖν.
3514 3568 3532 3601 ι
3566 3545 3672 3599 Οὐκ

2097 3647 2342 3716 ἀφαιρῶ,
2377 3647 2533 3718 φησὶ,
2567 3647 2626 3700 τὸ
2659 3645 3032 3712 αὐτεξούσιον,
3079 3647 3175 3701 καὶ
3207 3647 3525 3706 ἀδέσποτον,
3555 3635 3671 3690 οὐδὲ

2099 3736 2356 3808 βιάζομαι
2422 3755 2547 3792 τινα
2595 3739 2728 3807 πρὸς
2777 3740 2877 3809 τὴν
2929 3739 3317 3807 ἀκολούθησιν.
3360 3736 3481 3790 Ἐπὶ
3536 3727 3670 3797 ζωὴν

2097 3826 2192 3879 καὶ
2222 3827 2365 3896 γέρα
2390 3826 2560 3892 καλῶ,
2589 3828 2685 3879 καὶ
2711 3827 2992 3897 βασιλείαν
3021 3829 3344 3884 ἀσάλευτον.
3382 3829 3565 3883 Ὅστις
3587 3817 3671 3870 δέ’

2101 3919 2184 3970 λει
2225 3921 2674 3988 -κατατρυφῆσαι
2714 3920 2936 3992 δωρεῶν
2967 3923 3292 3992 ἀκηράτων,
3319 3911 3672 3976 ἀκολουθείτω

2100 4031 2191 4082 μοι
2216 4029 2230 4042 ·
2264 4015 2680 4084 ἀπαρνησάσθω
2719 4016 2938 4073 ἑαυτόν.
2984 4017 3147 4070 ’Λλλά
3177 4017 3296 4081 πῶς
3327 4017 3391 4072 ἄν
3442 4027 3524 4071 τις
3556 4006 3673 4056 tuus

2094 4105 2186 4158 τὸν
2210 4107 2610 4175 ἀπαρνήσαιτο,
2649 4106 3013 4177 ὑποδείγματι
3037 4108 3416 4179 σαφηνίσομεν
3442 4120 3455 4133 ⁸
3486 4099 3668 4160 ὥσπερ

2099 4195 2165 4248 ἂν
2197 4196 2250 4248 εί
2297 4213 2381 4257 τις
2439 4197 2909 4266 προσφιλέστατον
2946 4199 3088 4269 ἔχων
3123 4201 3268 4264 τινὰ,
3306 4189 3664 4268 περιστάσεως

2096 4288 2454 4360 ἐμπεσούσης
2508 4290 2676 4353 τινος,
2721 4292 2822 4359 τὴν
2861 4293 2919 4355 ἐς
2951 4292 3114 4344 αὑτὸν
3149 4292 3336 4359 φιλίαν
3366 4276 3667 4348 ἀποστέρξϊλ

2098 4381 2468 4446 παντάπασιν,
2517 4380 2664 4434 ὥστε
2723 4382 2830 4435 κᾶν
2891 4385 3190 4453 συρόμενον
3242 4383 3368 4449 ἴδοι,
3406 4377 3508 4432 κᾶν
3534 4365 3668 4424 κατὰ

419 4455 712 4508 abhorreat
749 4456 1013 4520 amicitia,
1045 4457 1117 4510 ita
1156 4470 1213 4512 ut
1240 4460 1402 4513 etiam
1441 4462 1482 4514 si
1512 4471 1761 4515 vexatum
1791 4466 1990 4529 videat,

2102 4472 2308 4542 κόρῤης
2338 4474 2698 4543 τυπτόμενον,
2733 4473 2837 4526 κᾶν
2857 4473 3085 4544 μεληδὸν
3111 4477 3211 4539 τὰς
3237 4476 3448 4546 σάρκας
3482 4458 3666 4518 κοπτό-

416 4559 464 4597 et
499 4545 951 4614 colaphiscmSUm
987 4548 1120 4618 (l7),
1149 4558 1205 4605 et
1237 4553 1574 4607 membratim
1606 4555 1914 4621 concisum,
1939 4567 1994 4612 et

419 4637 716 4699 laniatum,
747 4649 801 4693 et
855 4639 990 4694 rotis
1042 4640 1317 4711 variisque
1367 4643 1699 4713 discerptum
1752 4656 1991 4701 tormen-

421 4739 489 4780 US
521 4729 658 4797 (ιθ),
693 4729 809 4798 ejus
839 4732 1215 4788 misericordia
1242 4749 1346 4788 non
1379 4744 1701 4804 moveatur;
1732 4755 1852 4792 eum
1881 4743 1991 4808 jam

2101 4563 2261 4631 μενόν
2305 4580 2366 4616 τε
2400 4565 2495 4617 καὶ
2528 4566 2885 4635 τεμνόμενον,
2911 4566 3017 4620 κᾶν
3045 4569 3283 4636 τροχοῖς,
3309 4565 3405 4620 καὶ
3431 4556 3665 4627 ἀρθρεμ⁴

2095 4655 2271 4717 δόλοις
2328 4657 2666 4727 ξαινόμενον,
2719 4661 2820 4712 οὐκ
2883 4660 3178 4713 ὲπικλᾶται
3231 4660 3371 4729 πρὸς
3401 4655 3546 4706 ἔλεον
3569 4643 3672 4714 ἥδη-

2095 4745 2199 4817 τὴν
2229 4746 2365 4817 πρὸς
2398 4748 2562 4803 αὐτὸν
2609 4751 2798 4820 σχέσιν
2829 4752 3314 4824 ἀπαρνησάμενος,
3349 4747 3520 4804 οὕτως
3543 4738 3666 4790 ἔκαι-

526 4887 569 4914 σο
611 4883 766 4939 Rom.
792 4901 892 4939 ιιιι
914 4925 927 4950 ,
968 4887 1052 4940 15.
1130 4889 1172 4919 ⁶¹
1203 4845 1397 4943 Μοιιίι.
1435 4906 1522 4944 xvr
1547 4929 1563 4955 ,
1595 4891 1684 4947 ‘22.
1765 4893 1808 4924 ⁶²
1840 4890 1976 4950 Ibid.
2001 4895 2092 4950 24.

1647 5029 1978 5092 Francisci
2008 5030 2212 5092 Scorsi
2246 5039 2432 5094 nota.

419 5170 496 5220 sic
522 5169 723 5246 currite
753 5179 805 5221 ut
853 5170 1324 5246 comprehendulia.
1369 5170 1489 5246 Non
1522 5184 1597 5226 ea!
1629 5177 1834 5246 invidus
1862 5196 1980 5246 ago-

423 5240 630 5314 notlteta
666 5249 888 5314 _noster,
951 5257 1042 5292 nec
1086 5243 1311 5314 Araharius
1379 5243 1568 5305 palma:
1623 5245 1775 5298 alteri
1832 5240 1985 5314 para!

422 5310 786 5377 ignominiam,
815 5325 992 5362 omnes
1019 5312 1239 5363 athletas
1265 5327 1387 5363 suos
1418 5316 1685 5366 desiderat
1720 5310 1989 5372 coronari.

497 5379 607 5448 (l7)
657 5378 725 5431 Et
757 5381 985 5445 colaphis
1015 5395 1228 5434 clusum.
1287 5382 1367 5432 Ad
1418 5384 1635 5436 verbum
1671 5397 1882 5439 vertere
1903 5393 1993 5441 de-

423 5449 694 5526 buissetn:
733 5450 788 5501 In
845 5451 1321 5526 maxilla‘carsnm.
1375 5449 1506 5526 Nam
1540 5455 1713 5524 κόρρη
1771 5472 1988 5526 genam,

425 5520 718 5597 ynaxillam,
776 5520 998 5597 γνάθον,
1045 5522 1360 5597 signiticet;
1412 5524 1531 5575 inde
1601 5520 1742 5577 ica-rd
1775 5520 1992 5597 *κόρρης

421 5592 680 5663 πατάξαι,
715 5604 816 5663 qua
883 5591 1280 5663 phrasi_utitur
1324 5591 1535 5655 hoster,
1562 5597 1646 5648 cui
1701 5591 1989 5663 respondet

425 5658 648 5734 imiimi,
699 5660 953 5724 colaphos
1014 5659 1328 5728 infringere,
1370 5675 1602 5734 pugnum
1657 5658 1979 5734 impingere.

427 5723 534 5775 ttae
584 5726 741 5790 igitur
765 5723 895 5781 usus
915 5743 1032 5782 sum
1059 5723 1272 5784 sensum
1310 5723 1486 5795 po'tiu's
1531 5723 1790 5801 pendens,
1820 5723 1977 5804 (fuam

2087 5182 2269 5239 verba,
2333 5180 2419 5232 ubi
2470 5182 2519 5233 in
2584 5183 2763 5236 verbis
2805 5182 2947 5235 nihil
2989 5194 3070 5237 est
3118 5183 3407 5247 momenti,"
3452 5188 3545 5231 nec
3595 5165 3657 5249 ﬁ“.

2090 5267 2200 5302 rem
2265 5253 2491 5324 interest
2537 5264 2658 5306 utro
2711 5253 2870 5324 modo
2925 5263 3127 5318 vertas,
3179 5261 3323 5324 quod
3363 5244 3524 5324 etiam
3577 5244 3656 5324 αξξ

2087 5328 2232 5371 etum
2264 5322 2419 5371 velim
2453 5335 2551 5388 pro
2581 5322 2828 5389 sequenti
2866 5333 3014 5388 nota,
3038 5335 3091 5377 et
3131 5318 3255 5379 aliis
3287 5321 3548 5380 similibus
3570 5318 3662 5378 ρετ

2089 5404 2280 5442 otnnes
2322 5389 2572 5442 homilias
2600 5391 2750 5444 lacis.

2162 5461 2272 5528 (l8)
2308 5456 3235 5531 _Varii.squediscerptumtormentis.
3262 5456 3515 5531 Quamvis
3554 5447 3660 5531 λάμ·

2095 5527 2371 5598 Ορέμὸολα
2429 5533 2643 5598 propria
2669 5527 2915 5598 quaidam
2981 5536 3090 5588 sint
3137 5527 3493 5598 instrumenta
3550 5529 3656 5598 tor"—

2095 5588 2292 5674 qiteiuli
2328 5588 2499 5674 “dicta
2532 5588 2832 5674 captati»:
2883 5603 3124 5674 ἄρθρων,
3186 5620 3240 5660 et
3289 5595 3562 5674 ἐμβάλλων

2093 5668 2413 5742 iuserendis,
2469 5684 2561 5723 seu
2607 5667 2941 5742 _iujiciendis
2993 5667 3262 5738 artubus;
3303 5667 3426 5742 quia
3489 5667 3655 5742 ιὶιιιξῗιξ

2088 5728 2432 5794 commodum
2504 5753 2534 5792 e
2607 5728 2793 5796 Latino
2826 5752 2831 5758 ”
2868 5728 3138 5800 sermone
3181 5728 3286 5800 nova
3321 5728 3664 5807 .51tppcteliat
