4024 6434
391 457 499 522 665

1749 468 2083 529 HOMlLlA
2120 471 2316 533 XXII.

3563 475 3667 540 L66

394 573 533 626 ίδεῖν
562 573 732 629 αὐτοῦ
760 575 828 630 τὰ
853 576 1080 634 ὀπίσθια
1105 595 1121 612 ο
1153 580 1502 644 διδάσκοντος
1541 580 1632 634 διὰ
1663 580 1870 636 τούτων
1893 582 1989 636 τοῦ

2097 585 2240 639 riora
2265 586 2622 655 pra‘cedentis
2655 587 2820 644 videt.
2856 590 2920 645 Et
2949 590 3038 660 qui
3077 591 3166 646 Dei
3203 590 3393 646 faciem
3425 607 3482 646 se
3512 591 3671 646 visu»

386 664 577 733 λόγου,
608 667 685 732 ὡς
714 669 1005 741 ἐπιθυμῶν
1039 671 1168 727 ἰδεῖν
1204 674 1298 726 τὸν
1321 672 1481 738 Θεὸν,
1513 674 1571 726 ἐν
1598 675 1677 744 τῷ
1718 674 1805 728 ἀεὶ
1827 674 1977 744 αὐτῷ

387 760 736 828 ἀκολουθεῖν,
769 762 873 835 δρᾷ
900 765 990 817 τὸν
1019 765 1382 836 ποθούμενον.

2090 692 2207 731 rum
2252 669 2531 747 sperabat,
2561 688 2614 737 et
2664 682 2917 750 dicebat:
2962 701 2979 735 ι
3019 685 3253 740 Ostende
3302 684 3436 738 mihi
3476 683 3668 738 l‘aciem

2085 779 2231 826 tuam
2263 773 2332 839 ⁸⁸,
2364 793 2382 826 ι
2431 775 2516 829 vix
2568 776 2768 847 dignus
2820 779 3038 834 habitus
3075 789 3188 845 est,
3222 782 3314 849 qui
3371 781 3668 849 posteriora

389 853 618 906 tideret.
687 852 806 921 Quo
864 871 993 911 sane
1045 859 1228 914 divino
1278 859 1508 931 eloquioj
1536 861 1822 925 docemur,
1859 875 1982 913 eum
2024 863 2114 931 qui
2151 864 2368 920 videndi
2420 860 2510 921 Dei
2542 868 2814 926 desiderio
2883 871 3106 928 allectus
3171 882 3290 939 est,
3327 873 3376 928 in
3405 890 3468 929 eo
3501 887 3672 940 usque

385 947 666 1014 sequendo
699 947 938 1001 visurum
966 951 1109 1018 quod
1139 960 1315 1019 optat.

469 1037 601 1088 Ὀδὲ
632 1040 936 1109 κορυφαῖος
959 1041 1058 1109 τῆς
1091 1041 1242 1112 ἱερᾶς
1273 1043 1502 1113 λογάδος
1556 1045 1668 1100 τῶν
1695 1043 1978 1116 μαθητῶν,

386 1128 766 1199 ἀκολουθήσας
800 1132 1044 1202 ἀρχῆθεν
1070 1135 1149 1201 τῷ
1181 1137 1451 1208 Δεσπότῃ,
1487 1140 1582 1192 καὶ
1633 1139 1836 1210 θεατὴς
1871 1137 1978 1192 τῶν

389 1219 606 1272 ἐκείνου
643 1219 943 1289 θαυμάτων
981 1225 1298 1294 γενόμενος,
1355 1231 1452 1282 καὶ
1486 1228 1581 1282 τοῦ
1627 1230 1976 1300 θαυματουρο-

387 1315 509 1379 γείν
534 1313 788 1378 ἐξουσίαν
819 1313 1024 1378 λαϐὼν,
1067 1317 1191 1369 ἰδὼν
1237 1319 1294 1372 δέ
1322 1322 1416 1372 καὶ
1469 1322 1571 1391 τὴν
1608 1323 1844 1392 φρικτὴν
1884 1339 1980 1390 με-

390 1405 752 1474 ταμόρφωσιν
783 1406 1030 1476 dated-sl,
1061 1409 1154 1461 καὶ
1173 1411 1275 1480 τῆς
1345 1414 1622 1484 πατρικῆς
1671 1415 1980 1485 μαρτυρίας

387 1498 666 1567 ἀκηκοὼς,
707 1501 804 1551 καὶ
834 1501 962 1564 τοὺς
1005 1503 1268 1572 πυρίνους
1311 1505 1419 1559 τῶν
1445 1508 1649 1576 νοερῶν
1691 1508 1978 1576 δυνάμεων

388 1595 675 1658 ποταμοὺς
705 1592 782 1660 τῷ
807 1592 1054 1662 λογισμῷ
1080 1596 1178 1648 ὑπε
1192 1597 1348 1666 ρὸἀς,
1393 1599 1486 1650 καὶ
1519 1599 1750 1667 μυηθεὶς
1797 1601 1859 1651 ἐκ
1882 1599 1977 1651 τοῦ

389 1683 603 1752 [ἰατρὸς
635 1682 729 1736 τοῦ
762 1684 893 1736 Υίοῦ
918 1685 1016 1756 τὴν
1053 1688 1363 1755 εὐγένειαν,
1400 1695 1496 1742 καὶ
1529 1690 1660 1742 Υἱὸν
1691 1690 1785 1742 τοῦ
1838 1690 1978 1743 Θεοῦ

385 1775 480 1827 τοῦ
512 1775 713 1837 ζῶντος
737 1777 902 1830 αὐτὸν
923 1781 1397 1852 μεμαρτυρηκὼς,
1421 1784 1611 1854 ἐπειδὴ
1637 1786 1732 1837 τοῦ
1772 1784 1978 1854 Κυρίου

384 1870 589 1938 ἤκουσε
614 1872 680 1921 τά
705 1869 798 1922 τοῦ
819 1871 1029 1936 Πάθους
1053 1875 1433 1942 προλέγοντος,
1460 1881 1656 1946 μικρὸν
1685 1895 1980 1948 παρασφα-

2160 1048 2230 1095 At
2257 1059 2386 1099 vero
2417 1047 2521 1100 dux
2550 1062 2718 1102 sacrae
2750 1047 3139 1118 discipulorum
3179 1052 3424 1107 cohortis
3453 1067 3673 1108 secutus

2088 1132 2155 1187 ab
2189 1135 2342 1189 initio
2375 1135 2682 1201 Dominum,
2710 1129 3137 1208 etnn'spectator
3188 1141 3378 1198 fuisset
3434 1145 3673 1199 miracu-

2088 1225 2259 1278 lorum
2299 1226 2462 1296 illius,
2496 1236 2549 1283 et
2581 1228 2694 1297 ipse
2727 1231 2976 1298 patrandi
3029 1231 3289 1284 mirarula
3350 1243 3670 1302 potestatem

2087 1318 2409 1386 accepisset,
2447 1321 2540 1388 qui
2581 1323 2918 1377 tremendam
2948 1323 3092 1376 illam
3141 1327 3671 1395 transligurationem

2083 1409 2256 1463 oculis
2289 1411 2403 1466 suis
2439 1412 2648 1466 viderat
2673 1415 2741 1480 “,
2774 1425 2829 1470 et
2882 1412 3060 1468 Patris
3095 1417 3533 1473 testiﬁcationcm
3575 1435 3674 1474 au-

2081 1502 2287 1568 dierat;
2349 1504 2440 1570 qui
2495 1506 2747 1560 ardentes
2809 1507 3114 1561 cmlestium
3164 1510 3425 1564 virtutum
3475 1509 3671 1566 ﬂuvios

2082 1607 2262 1649 meme
2297 1600 2712 1653 transcenderat
2740 1607 2794 1653 et
2835 1616 2863 1654 a
2900 1600 3062 1654 Patre
3113 1603 3347 1656 nobilem
3402 1603 3524 1657 Filii
3579 1619 3674 1673 ge-

2084 1689 2422 1744 nerationem
2447 1692 2672 1745 edoctus
2702 1692 2879 1762 ipsum
2912 1693 3005 1748 Dei
3029 1694 3136 1748 vivi
3171 1694 3365 1749 Filium
3392 1695 3678 1752 confessus

2086 1780 2264 1834 fuerat
2293 1781 2360 1847 ³⁷,
2391 1782 2482 1835 ubi
2518 1781 2804 1837 Dominum
2841 1763 2959 1853 qua:
2990 1801 3251 1856 passurus
3280 1796 3424 1842 esset
3474 1789 3675 1856 praedi-

2091 1882 2302 1927 ceutem
2333 1873 2562 1940 audivit,
2608 1873 2884 1943 paululum
2931 1877 3219 1940 aberrans,
3271 1893 3371 1931 nec
3425 1879 3563 1932 bene
3597 1879 3677 1933 di—

387 1961 524 2022 λεὶς,
554 1962 646 2014 καὶ
673 1961 748 2032 μὴ
779 1964 964 2026 καλῶς
993 1965 1085 2017 τὸν
1117 1965 1275 2034 λόγον
1304 1970 1800 2039 περισκεψάμενος,
1823 1972 1982 2024 ἀντε-

2097 1966 2322 2033 ;piciens
2352 1969 2494 2036 quod
2528 1967 2762 2032 dicebat,
2792 1970 3127 2023 contradixit
3160 1987 3174 2023 :
3214 1989 3233 2022 ι
3263 1971 3416 2024 Absit
3441 1987 3467 2023 a
3497 1982 3547 2026 te
3572 1971 3676 2025 Do-

387 2054 703 2123 φθέγξατο·
749 2056 984 2119 (Ἵλεώς
1032 2075 1136 2123 σοι,
1176 2061 1236 2114 οὐ
1287 2061 1361 2132 μὴ
1409 2062 1562 2115 ἔσται
1609 2082 1690 2116 σοι
1742 2065 1919 2130 τοῦτο,
1954 2084 1971 2116 ι

385 2148 575 2200 ἀκούει
602 2141 761 2210 αὖθις
778 2151 838 2201 τό
863 2165 877 2180 ⁶
921 2169 938 2200 ι
971 2152 1190 2219 ’Ὕπαγε
1217 2155 1395 2207 ὀπίσω
1439 2173 1541 2224 μου
1569 2173 1582 2186 ·
1617 2176 1634 2208 ν
1670 2160 1978 2224 τουτέστιν,

400 2245 714 2296 Ἀκαλούθει
745 2261 857 2313 μοι.
879 2245 969 2299 Ἑν
992 2246 1044 2299 δὲ
1073 2247 1150 2317 τῷ
1183 2249 1362 2318 καιρῷ
1385 2249 1478 2302 τοῦ
1500 2251 1708 2314 ῐῐάθους
1730 2252 1821 2304 τὸν
1844 2252 1980 2321 πρὸς

383 2337 712 2389 διδάσκαλον
749 2337 1134 2406 ἐνδειξάμενος
1178 2340 1446 2412 διάπυρον
1505 2342 1713 2408 ἔρωτα,
1764 2345 1982 2396 πάντων

388 2429 500 2495 γὰρ
537 2429 962 2498 ὑποτρεσάυτων
987 2430 1097 2483 τῶν
1137 2432 1400 2502 μαθητῶν
1457 2433 1525 2485 τά
1556 2433 1708 2505 ξίφη,
1743 2435 1834 2486 καὶ
1885 2435 1984 2498 τὰς

388 2522 580 2590 δᾷδας.
619 2523 716 2573 καὶ
738 2522 836 2591 τὴν
862 2525 1118 2591 σπεῖραν,
1155 2524 1250 2575 καὶ
1278 2524 1367 2575 τὸν
1391 2524 1694 2595 χιλίαρχον,
1725 2527 1817 2579 καὶ
1849 2544 1984 2597 χρη-

391 2615 647 2682 σαμένων
686 2618 856 2683 φυγῇ,
894 2615 1056 2676 αὐτὸς
1082 2617 1220 2684 πρὸς
1247 2616 1464 2685 ἄμυναν
1495 2616 1669 2686 ᾤχετο
1701 2618 1985 2689 ἄπληστος

389 2707 679 2759 ἐκκὸττων
703 2710 771 2760 τά
798 2707 980 2775 φαῦλα
1004 2709 1114 2761 τῶν
1150 2709 1424 2762 Ἰουδαίων
1452 2703 1588 2773 ὦτα,
1623 2709 1689 2764 τά
1722 2712 1820 2780 τῆς
1855 2713 1988 2776 Χρι-

392 2799 524 2852 στοῦ
555 2800 906 2864 διδασκαλίας
937 2803 1169 2872 ἀνήκοα.
1213 2795 1382 2865 Οὗτος
1422 2803 1533 2856 οὐδ’
1565 2805 1624 2856 ἐν
1679 2802 1756 2872 τῷ
1811 2803 1984 2873 φόϐῳ,

391 2894 492 2945 καὶ
551 2893 630 2961 τῷ
674 2893 892 2964 θορύϐῳ
919 2893 1021 2962 τῆς
1049 2895 1234 2964 φωνῆς
1259 2895 1624 2964 ἐπελέληστο,
1650 2892 1716 2969 ἦς
1748 2897 1986 2966 ἤκουσεν

393 2985 734 3055 ἀπ’άρχῆς·
815 3004 834 3036 ι
906 2986 1220 3040 Ἀκολούθει
1291 3004 1457 3057 μοι.»
1506 2988 1798 3058 Τοιγάρτοι
1857 2990 1989 3058 ἡκο-

394 3077 578 3130 Αούθει
610 3079 741 3130 ἰδεῖν
773 3077 832 3130 τὸ
859 3077 1038 3140 τέλος.
1071 3077 1184 3131 Καὶ
1211 3078 1352 3148 μετά
1382 3078 1482 3148 τὴν
1519 3081 1819 3133 ἀνάστασιν
1865 3081 1987 3134 ἰδὼν

393 3171 486 3224 τὸν
524 3171 751 3239 Κύριον,
789 3171 884 3223 καὶ
913 3171 1124 3241 οίηθεὶς
1163 3170 1292 3242 άρτι
1339 3172 1407 3225 τά
1455 3173 1595 3243 γέρα
1650 3173 1858 3236 λαϐεῖν,
1894 3177 1988 3226 καὶ

395 3260 495 3322 τὰς
525 3260 676 3323 κλεῖς
706 3263 806 3330 τῆς
834 3261 1120 3329 βασιλείας
1151 3262 1263 3314 τῶν
1297 3262 1570 3332 οὐρανῶν,
1622 3264 1762 3334 μετὰ
1803 3264 1862 3317 τὸ
1892 3265 1983 3332 ἐγο
2013 3289 2060 3352 C

399 3352 755 3422 χειρωθῆναι
811 3353 912 3422 τὴν
943 3352 1056 3406 τῶν
1087 3354 1384 3423 προϐάτων
1414 3357 1608 3426 νομὴν,
1670 3356 1835 3410 πάλιν
1865 3358 1988 3408 είσ-

395 3442 682 3512 αγωγικὴν
713 3443 908 3497 ἀκούει
942 3445 1130 3515 φωνήν
1157 3462 1172 3475 ·
1209 3464 1229 3498 ι
1279 3447 1408 3499 Ἐὰν
1429 3446 1570 3499 θέλω
1609 3447 1794 3516 μένειν
1827 3449 1993 3502 αὑτὸν

396 3536 503 3597 ἕως
540 3535 802 3605 ἔρχομαι,
845 3537 900 3589 τί
932 3537 1070 3606 πρός
1121 3554 1222 3603 σε;
1259 3539 1324 3590 σὺ
1358 3539 1648 3591 ἀκολούθει
1677 3557 1792 3608 μοι.
1828 3560 1845 3590 ι

481 3629 671 3700 Ὁρᾷς,
705 3630 782 3692 ὡς
813 3631 910 3685 καὶ
949 3633 1062 3694 τοῖς
1100 3633 1202 3702 ἤδη
1236 3632 1577 3687 τελειωθεῖσι
1609 3637 1752 3688 κατά
1788 3636 1994 3689 Μωσέα

398 3725 497 3775 καὶ
527 3723 760 3794 Πέτρον,
801 3725 864 3776 τὸ
897 3724 1144 3778 τοιοῦτον
1171 3725 1407 3796 ἁρμόζει
1456 3728 1830 3797 παράγγελμα
1856 3747 1870 3794 ;
1901 3730 1995 3781 καὶ

399 3818 553 3876 ὅπως
587 3816 726 3885 μετὰ
758 3816 1032 3880 τοσαύτας
1078 3819 1376 3881 ἀναϐάσεις
1429 3819 1583 3888 μόλις
1613 3821 1860 3884 άξιοῦταί
1909 3839 1995 3884 τις

399 3907 495 3961 τοῦ
557 3907 806 3960 τοιούτου
861 3909 1248 3979 χαρίσματος;
1283 3909 1473 3964 Ταῦτα
1505 3911 1736 3980 μυηθεὶς
1764 3913 1991 3979 Μωσῆς,

399 4000 841 4070 νενομοθέτηκεν
891 4001 1069 4054 ὀπίσω
1130 4001 1339 4068 Κυρίου
1375 4003 1470 4055 τοῦ
1498 4003 1636 4056 Θεοῦ
1662 4003 1996 4071 πορεύεσθαι

399 4092 495 4145 τὸν
523 4093 678 4146 λαόν.
715 4093 897 4163 Ὅπερ
941 4093 1184 4157 ἀκούσας
1210 4095 1238 4145 ὁ
1273 4093 1461 4157 Δαὸὶδ,
1524 4097 1662 4162 φησὶ
1711 4096 1850 4167 πρὸς
1904 4097 1996 4150 τὸν

401 4185 574 4235 Θεόνο
613 4201 634 4233 ι
690 4182 1001 4253 Ἔκκολήθη
1051 4185 1084 4254 ή
1137 4183 1284 4254 ψυχή
1328 4200 1431 4253 μου
1456 4185 1632 4238 ὀπίσω
1661 4204 1754 4240 σου
1788 4202 1802 4216 ο
1846 4205 1865 4238 ι
1901 4188 1998 4240 καὶ

406 4277 439 4344 ἡ
474 4277 533 4327 ἐν
589 4275 666 4343 τῷ
697 4274 938 4346 ’ᾼσματι
990 4277 1272 4347 ἀκήρατος
1350 4275 1537 4347 νύμφη
1595 4277 1740 4332 οὕτω
1789 4281 1994 4350 φησίνο

409 4385 430 4417 ι
474 4366 822 4433 Ἀδελφιδοῦς
849 4385 941 4437 μοι
972 4369 1277 4439 παρῆλθεν,
1303 4371 1336 4439 ἡ
1370 4370 1514 4441 ψυχή
1549 4389 1654 4442 μου
1681 4372 1907 4444 ἐξῆλθεν
1939 4377 1998 4428 ἐν

406 4459 551 4531 Λόγῳ
611 4458 816 4512 αὐτοῦ·
857 4479 876 4511 ι
910 4461 972 4513 οὐ
1035 4461 1145 4531 γάρ
1177 4463 1295 4514 ἐστι
1345 4463 1624 4534 σωτηρίας
1655 4465 1812 4530 ἐλπὶς
1841 4470 1889 4520 εἰ
1919 4469 1995 4537 μή

406 4569 487 4616 τις
520 4552 847 4607 ἀκολουθεῖν
898 4553 1190 4624 παιδευθῇ.
1233 4571 1252 4604 ι
1305 4553 1392 4607 Ἐν
1420 4555 1530 4627 γάρ
1576 4557 1692 4620 τοῖς
1725 4559 2001 4630 μεταφρέ-

476 4691 521 4722 η
561 4691 729 4744 Exod.
764 4708 938 4746 xxxm
963 4732 977 4753 ,
1013 4693 1100 4747 15.

408 4763 451 4792 ’⁸
473 4761 631 4826 Joan_
667 4778 779 4827 ut,
812 4763 904 4817 25.
940 4763 982 4794 ⁹¹
1015 4762 1158 4818 Psal.
1192 4779 1324 4829 tht,
1359 4765 1412 4820 9.
1449 4767 1495 4796 ”
1519 4766 1676 4820 Cant.
1713 4783 1761 4828 ν,
1787 4767 1840 4821 6.

2083 2056 2249 2122 mine,
2273 2070 2378 2112 non
2402 2059 2506 2111 erit
2528 2059 2622 2112 tibi
2645 2059 2860 2128 hoc";n
2890 2061 3147 2130 auditque
3178 2078 3362 2126 rursus
3391 2062 3676 2133 illnd(°.!°.’):

2091 2170 2108 2202 ι
2152 2150 2303 2206 Vade
2337 2164 2460 2222 post
2494 2169 2578 2208 tne
2607 2154 2691 2221 t";
2731 2173 2748 2206 ι
2789 2156 2931 2224 quod
2973 2165 3078 2220 est,
3112 2157 3352 2225 Sequere
3388 2172 3492 2210 nte.
3537 2154 3673 2210 Pas-

2083 2243 2255 2297 sionis
2282 2258 2411 2298 vero
2445 2255 2709 2314 tempore,
2747 2245 3143 2301 inﬂammatum
3184 2262 3312 2316 erga
3359 2245 3673 2315 Magistrum

2085 2350 2193 2401 prm
2241 2350 2302 2389 se
2344 2336 2522 2391 ferens
2579 2353 2847 2401 amorem,
2893 2352 3017 2394 cum
3064 2354 3254 2392 omnes
3318 2338 3568 2406 diSeipuli
3602 2338 3670 2391 ob

2085 2427 2312 2496 gladios,
2367 2439 2420 2484 et
2468 2431 2652 2491 taedas,
2697 2439 2752 2484 et
2801 2431 3102 2492 cohortem,
3151 2441 3203 2484 et
3244 2431 3518 2482 tribunum
3564 2437 3676 2483 tre-

2088 2521 2354 2588 pidantes.
2414 2521 2535 2592 fuga
2586 2523 2688 2576 sibi
2744 2522 3167 2584 c0nsulnissent,
3222 2522 3337 2591 ipse
3376 2522 3442 2574 ad
3488 2521 3673 2575 deft-n-

2089 2614 2298 2666 sionem
2339 2613 2890 2683 insaliabiliqnodam
2916 2616 3096 2668 studio
3147 2615 3327 2677 irruit,
3374 2623 3427 2667 et
3480 2629 3676 2683 pravas

2089 2701 2400 2757 Iudaeorum
2431 2720 2591 2759 aures
2638 2704 2750 2775 (9.5)
2799 2706 3001 2759 Christi
3061 2705 3322 2760 doctrina:
3374 2706 3677 2760 obsurdes-

2090 2807 2272 2849 centes
2303 2798 2544 2850 exsecuit
2580 2815 2592 2851 :
2632 2798 2737 2863 hic,
2791 2797 3033 2867 inquam.
3071 2814 3244 2867 neque
3271 2799 3322 2851 in
3360 2798 3448 2851 illo
3481 2799 3676 2851 timore

2091 2902 2151 2941 ac
2187 2892 2443 2954 tumultu,
2481 2889 2629 2943 vocis
2657 2889 2819 2954 illius,
2854 2906 3013 2958 quam
3043 2906 3070 2942 a
3111 2890 3379 2959 principio
3407 2891 3674 2954 audierat,

2096 2980 2372 3048 «Sequere
2394 2997 2534 3046 me,»
2573 2982 2776 3036 oblitus
2813 2992 2895 3036 est
2931 2998 2943 3034 :
2981 2982 3202 3050 proinde
3231 2983 3582 3050 sequebatur,
3621 2991 3679 3034 ut

2094 3073 2298 3126 videret
2336 3076 2518 3130 linem.
2550 3075 2612 3130 Et
2643 3086 2762 3145 post
2789 3077 3240 3131 resurrectionem
3276 3075 3564 3129 Dominum
3598 3077 3679 3127 vi-

2092 3167 2248 3231 dens,
2279 3169 2791 3236 etcxistimansjam
2821 3184 2877 3222 se
2909 3171 3184 3236 ριήἰιιὶιιιη
3217 3172 3390 3231 abeo,
3413 3179 3465 3223 et
3495 3170 3674 3230 claves

2093 3261 2245 3328 regni
2276 3261 2518 3316 cwlestis
2539 3263 2835 3331 accepisse,
2863 3272 3143 3332 postquam
3171 3263 3351 3315 ovium
3383 3262 3678 3329 pascenda-

2099 3370 2214 3405 l'lllll
2248 3369 2374 3406 cura
2401 3354 2501 3408 sibi
2535 3356 2787 3408 mandata
2813 3355 2925 3423 jam
2957 3355 3151 3416 fuerat,
3181 3355 3358 3408 denuo
3390 3369 3573 3407 vocem
3615 3352 3678 3405 il-

2098 3446 2203 3498 lam
2238 3446 2684 3500 introdnctoriam
2730 3447 2879 3500 audit
2917 3465 2929 3498 :
2981 3466 2998 3498 ι
3039 3445 3093 3499 Si
3130 3462 3254 3501 eum
3303 3445 3422 3498 volo
3460 3459 3679 3498 manere

2097 3539 2267 3590 (Ιομερ
2304 3539 2540 3602 Veniant,
2563 3540 2688 3606 quid
2725 3539 2790 3592 ad
2829 3539 2918 3592 te?
2943 3549 2997 3591 tu
3037 3555 3121 3591 me
3156 3553 3385 3606 sequere
3407 3538 3475 3590 9°.
3513 3556 3530 3588 ι

2175 3628 2336 3682 Vides
2368 3630 2440 3681 uti
2487 3629 2744 3697 perfectis
2779 3631 2892 3698 jam
2915 3630 2981 3682 ad
3023 3629 3224 3700 Moysis
3259 3641 3315 3684 et
3359 3629 3500 3684 Petri
3553 3645 3683 3682 nor-

2099 3738 2240 3774 mam
2288 3722 2398 3775 lucc
2437 3721 2599 3775 etiam
2632 3721 2932 3775 admonitio
2986 3721 3398 3775 accommodata
3453 3721 3524 3776 sit
3563 3739 3577 3774 :
3631 3730 3686 3773 et

2100 3814 2368 3878 quomodo
2419 3822 2534 3879 post
2567 3822 2642 3866 tot
2675 3813 3022 3866 asct-nsiones
3056 3812 3146 3864 vix
3199 3812 3468 3880 quispiam
3524 3809 3682 3881 142

2103 3905 2203 3957 hac
2285 3905 2457 3974 gratia
2525 3905 2722 3968 dignos
2783 3905 3068 3958 habeatur.
3141 3904 3216 3957 De
3273 3904 3357 3956 bis
3407 3905 3683 3973 mysteriis

2102 3999 2314 4069 Moysi-s
2339 3999 2562 4051 edoc:us
2588 3996 2784 4066 populo
2818 3995 3098 4064 praecepit,
3139 4007 3195 4049 ut
3223 4005 3344 4064 post
3400 3995 3684 4047 Dotuimun

2102 4093 2428 4146 ambularet.
2475 4089 2593 4156 Quo
2623 4101 2900 4160 praecepto
2930 4089 3095 4142 David
3129 4090 3334 4150 audito,
3367 4089 3446 4142 ait
3476 4089 3540 4140 ad
3581 4085 3686 4140 Do-

2104 4185 2306 4239 minum
2341 4201 2354 4237 :
2387 4203 2405 4235 ι
2446 4182 2685 4237 Adhaesit
2738 4182 2918 4234 anima
2981 4196 3098 4236 mea
3148 4192 3268 4250 post
3301 4180 3411 4234 te"
3462 4178 3576 4247 (ἳά)
3607 4191 3622 4230 :
3658 4196 3676 4229 ι

2103 4288 2159 4333 ct
2190 4279 2238 4331 in
2288 4277 2512 4333 Cantieo
2549 4283 2698 4331 casta
2736 4276 2944 4343 Sponsa
2983 4276 3062 4328 sic
3095 4274 3331 4341 loquitur
3364 4290 3376 4324 :
3436 4289 3455 4323 ι
3495 4270 3686 4324 Frater

2104 4388 2255 4426 meus
2316 4369 2532 4425 transiit
2579 4387 2594 4422 :
2644 4368 2826 4423 anima
2881 4381 2996 4421 mea
3047 4381 3267 4438 egressa
3321 4374 3405 4419 est
3465 4364 3518 4417 in
3566 4377 3682 4417 ser-

2107 4481 2266 4519 mone
2300 4463 2417 4532 ejus
2445 4461 2517 4516 ".
2555 4479 2571 4512 ι
2616 4459 2769 4513 Nulla
2794 4459 2942 4513 enim
2986 4473 3108 4527 spes
3167 4465 3250 4512 est
3307 4455 3520 4518 salutis,
3576 4454 3681 4507 nisi

2107 4559 2151 4615 si
2182 4556 2306 4625 quis
2334 4551 2486 4621 sequi
2516 4551 2732 4605 discat:
2776 4567 2794 4600 ι
2825 4547 3074 4617 Scapulis
3096 4549 3295 4616 quippe
3330 4546 3442 4599 suis
3493 4546 3689 4598 obtun-

1202 4694 1251 4726 ⁸⁸
1279 4692 1494 4783 Matth;
1521 4711 1668 4783 lxvii,
1717 4695 1738 4749 l
1777 4713 1929 4783 seqq.

2097 4697 2266 4752 rlatth.
2328 4710 2436 4757 va,
2505 4689 2593 4744 Π.
2667 4691 2715 4724 ⁸⁵
2746 4687 2936 4744 Matth.
2997 4702 3110 4750 ινι,
3158 4685 3250 4739 ‘22.
3324 4683 3530 4738 "Ibid.
3594 4682 3666 4736 9.3

1661 4888 1979 4951 Francisci
2021 4889 2231 4951 Scox-si
2267 4893 2454 4948 notae.

407 5013 656 5080 Gregorii
689 5029 755 5066 ex
791 5013 982 5067 Latina
1013 5014 1468 5082 interpretatione
1494 5016 1632 5070 satis
1672 5017 1832 5070 habui
1867 5032 1992 5084 pro-
2027 5021 2071 5074 D
2102 5025 2318 5070 servato
2370 4998 2694 5084 temporntn'
2725 5009 2937 5069 ordine,
2984 5017 3051 5084 _ut
3092 5003 3215 5058 inde
3252 5002 3425 5064 magis
3465 5001 3696 5084 exsistat

407 5086 622 5145 tulisse,
669 5094 727 5136 ut
759 5085 841 5136 vel
906 5098 972 5136 ex
1010 5085 1095 5139 his
1142 5085 1316 5138 solum
1391 5095 1533 5140 totus
1579 5087 1752 5140 nostri
1817 5087 1997 5140 Theo-

408 5157 604 5225 phanis
627 5155 848 5208 asseclte
893 5153 1140 5224 Gregorii
1183 5163 1392 5209 tractus
1450 5158 1720 5211 sermonis
1751 5157 1998 5212 illustra-

409 5237 578 5279 retur.

481 5295 596 5360 (Ξὲ)
649 5292 912 5363 Auditque
944 5310 1125 5348 rursus
1174 5295 1329 5348 illud.
1383 5295 1511 5347 Haec
1543 5296 1706 5350 verba
1742 5313 1846 5350 non
1874 5306 2000 5350 ante

407 5367 580 5418 visam
614 5363 823 5434 Christi
860 5364 1391 5434 transﬁgurationem
1428 5364 1622 5420 Petrus
1655 5369 1860 5421 audivit
1893 5367 1994 5422 sibi

407 5452 436 5489 α
481 5434 705 5490 Christo
759 5433 926 5487 dicta.
984 5433 1108 5488 Htec
1139 5435 1281 5487 enim
1323 5437 1589 5504 promissa
1645 5437 1862 5504 quidem
1893 5436 1995 5490 fuit

409 5510 464 5559 in
520 5508 622 5559 hoc
665 5518 919 5576 sermone
977 5505 1180 5558 tlhristi
1240 5521 1360 5576 cum
1405 5503 1587 5570 Petro,
1635 5503 1698 5576 at
1743 5517 1862 5576 post
1902 5522 1996 5560 sex

408 5577 526 5629 dies
589 5575 884 5643 proposita,
928 5589 1087 5640 quam
1153 5577 1266 5629 haec
1306 5575 1448 5629 dicta
1493 5573 1638 5640 sint,
1697 5573 1756 5631 ut
1786 5591 1852 5631 ex
1889 5585 2000 5629 toto

409 5655 668 5701 contextu
706 5661 771 5697 ex
806 5661 925 5712 cap.
958 5644 1151 5698 Matth.
1187 5662 1321 5710 Xvir,
1351 5655 1404 5699 et
1436 5645 1599 5699 Marci
1627 5662 1702 5713 Ix,
1736 5646 1998 5710 ananx,

411 5719 635 5786 planum
665 5726 782 5780 est;
807 5716 899 5786 sed
934 5718 1106 5768 utitur
1133 5715 1216 5767 hic
1249 5724 1431 5768 orator
1456 5719 1623 5785 tigura
1654 5732 1774 5786 quae
1797 5718 1996 5786 σωρός,

414 5784 518 5840 hoc
550 5796 656 5854 est,
695 5784 966 5848 ctnnulns,
1025 5801 1118 5838 seu
1183 5787 1468 5854 congeries
1502 5784 1754 5840 idicitnr.
1801 5784 1997 5842 omnia

412 5857 559 5910 enim
592 5853 651 5908 S.
689 5853 834 5908 Petri
863 5855 1142 5924 privilegia
1175 5867 1232 5909 et
1267 5853 1412 5910 recta
1448 5855 1589 5909 facta
1627 5866 1914 5911 enumerat
1944 5867 1999 5911 et

408 5928 678 5992 cumulat,
716 5926 861 5996 quod
909 5927 1073 5980 etiam
1102 5939 1266 5995 supra
1292 5925 1359 5982 dc
1407 5936 1583 5984 morte
1616 5928 1838 5990 fecerat,
1891 5945 1997 5982 non

2111 5083 2431 5139 admirabile
2479 5073 2619 5149 quod
2663 5089 2891 5146 uterque
2948 5078 3030 5130 t‘ir
3087 5086 3192 5149 tam
3251 5089 3478 5141 magnus
3520 5073 3694 5149 tantis

2109 5167 2307 5210 auctus
2361 5143 2518 5207 donis
2567 5159 2619 5202 et
2679 5143 2968 5202 virtutibus
3027 5147 3206 5198 audiat
3251 5156 3426 5196 tamen
3467 5143 3690 5196 adhuc:

2107 5227 2330 5287 Sequere
2382 5240 2481 5276 me.
2531 5222 2622 5276 Sic
2663 5220 2845 5288 itaque
2870 5228 3164 5272 excusatur
3194 5215 3256 5268 τὸ
3293 5213 3523 5284 ὕστερον
3557 5212 3691 5282 πρό-

2104 5311 2285 5364 τερον,
2321 5294 2618 5366 tt_uctoris._
2686 5361 2696 5366 _
3443 5354 3452 5362 I

2183 5351 2291 5435 (25)
2337 5363 2541 5416 Pravas
2587 5361 2903 5415 Judworum
2959 5375 3163 5435 att_res._
3201 5354 3568 5435 Alludititeut
3623 5351 3691 5404 ad

2103 5422 2456 5504 agtego'ricmn
2482 5448 2698 5486 sensum
2715 5444 2876 5499 quem
2899 5430 3129 5497 explicat
3152 5426 3384 5481 hom.De
3412 5422 3691 5476 Passione.

2108 5507 2240 5560 the
2273 5515 2450 5558 notas.
3207 5567 3246 5573 ,_
3305 5565 3316 5573 _
3472 5564 3505 5573 ,ι

2176 5577 2290 5648 (24)
2323 5575 2561 5648 Adhwsit
2597 5573 2777 5626 anima
2800 5577 3064 5648 mea_post
3092 5575 3170 5648 _te.
3207 5567 3273 5618 Et
3305 5565 3446 5617 hunc
3472 5563 3691 5648 Davidis

2101 5633 2429 5699 versiculum
2500 5645 2572 5697 ita
2630 5633 3006 5716 acconnnodat
3037 5639 3104 5691 ad
3147 5649 3366 5716 sensum
3430 5633 3689 5716 nitu-alunt

2101 5717 2397 5784 Gregorius
2434 5713 2596 5783 Nyss.
2663 5712 2798 5784 |oco_
2829 5710 2978 5784 dicto
3014 5723 3175 5784 supra
3225 5723 3286 5784 ‘n.
3442 5703 3517 5784 ltiti
3563 5705 3692 5784 item

2103 5774 2334 5840 alterum
2360 5801 2425 5840 ex
2449 5774 2590 5838 P'sal.
2623 5797 2728 5836 xc:
2762 5780 3006 5847 Scapulis
3043 5777 3153 5831 suis
3187 5774 3519 5830 obumbrubit
3562 5774 3680 5828 tibi.

2105 5859 2236 5924 Quae
2267 5857 2387 5912 vide
2422 5856 2476 5910 in
2507 5854 2628 5924 ipso
2659 5852 2942 5922 Gregorio.
