4024 6416
427 422 537 494 ιω

1638 420 2133 484 ΤΗΕΟΡΠΑΝΙΞ
2171 419 2428 481 CERAM
2437 420 2516 480 ΕΙ

3569 426 3669 488 468

422 539 604 599 brabit
643 539 760 605 tibi,
804 556 823 591 I
860 539 914 594 in
948 537 1167 595 Pssimo
1190 538 1389 594 dicitur
1419 538 1531 593 ’νε
1570 539 1715 610 quod
1767 548 1851 594 est
1886 553 1983 607 pos

2110 551 2225 598 νοτες
2253 535 2423 588 αὐτοῦ
2471 534 2787 590 ἐπισκιάσει
2832 551 2938 596 σοι,
2977 553 2996 586 ι
3034 532 3201 603 φησιν
3229 533 3259 586 ὁ
3285 535 3510 606 enim,
3540 539 3669 608 ὅπερ

422 629 593 688 Deum
624 646 746 687 esse
789 652 802 687 :
850 631 1084 702 scapulae
1119 630 1387 702 siquidem
1420 632 1472 686 in
1512 645 1703 687 aversa
1755 632 2002 699 corporis

422 736 577 792 parte
596 736 722 781 sunt
753 725 892 781 sitae.
927 724 1104 792 Quod,
1136 725 1321 788 credo,
1356 724 1662 794 intelligens
1694 724 1888 781 mulier
1912 724 2000 783 illa

2105 626 2254 695 ἐστὶν
2283 627 2342 679 τὸ
2370 626 2598 682 δπισθεν
2629 621 2773 681 εἶναι
2797 625 2934 680 Θεοῦ
2962 640 2980 675 ε
3006 630 3066 680 ἐν
3128 625 3236 696 γὰρ
3265 629 3379 690 τοῖς
3414 628 3669 692 ὀπισθίοις

2104 718 2222 770 ἐστὶ
2246 719 2306 771 τὸ
2345 718 2725 789 μετάφρενονυ
2753 718 2916 787 ὅπερ,
2944 717 3121 789 οἶμαι,
3150 718 3398 787 μαθοῦσα
3426 720 3459 788 ἰι
3480 722 3667 791 αἱμόρο

423 817 841 871 htemorrhoissa
879 823 1062 870 secuta
1093 815 1408 881 Dominum,
1451 824 1506 872 et
1526 826 1670 871 retro
1695 815 1984 871 consistent

2104 811 2233 878 ρους
2264 808 2451 880 ἐκείνη
2476 809 2635 881 γυνὴ,
2668 810 3092 880 ἀκολουθήσασα
3122 809 3363 881 Χριστῷ,
3389 811 3484 865 καὶ
3506 815 3670 866 στᾶσα

422 906 686 961 ﬁmbriam
720 906 933 976 tetigit;
957 921 1064 961 non
1099 916 1462 962 consecutura
1510 908 1693 963 forsan
1745 907 2000 972 salutem,

422 996 524 1055 nisi
560 996 848 1051 Dominum
884 998 1038 1068 sequi
1063 999 1365 1066 didicisset,
1403 997 1568 1068 Sequi
1605 1008 1787 1054 autem
1817 997 1999 1071 Domi-

418 1106 543 1147 num
573 1089 676 1144 hoc
705 1100 810 1154 est,
841 1091 892 1145 in
920 1092 1197 1158 omnibus,
1233 1103 1495 1163 quantum
1557 1093 1764 1153 homini
1815 1094 1996 1156 datur,

420 1184 566 1239 illam
595 1185 809 1240 vivendi
838 1187 979 1240 viam
1014 1187 1241 1251 imitari,
1265 1204 1427 1259 quam
1461 1190 1578 1259 ipse
1619 1191 1789 1252 tenuit
1821 1188 1999 1246 factus

416 1276 617 1334 homo:
658 1291 723 1332 ac
749 1277 983 1347 printum
1020 1280 1238 1350 quidem
1273 1279 1683 1349 parcimoniam,
1725 1283 1997 1343 sobrieta-

415 1367 943 1435 tem,clementiam,
1000 1372 1343 1439 patientiam,
1402 1375 1856 1435 misericordiam.
1911 1375 1995 1428 in-

382 1460 766 1537 genuitatem,
788 1460 1058 1531 justitiam
1091 1480 1107 1530 ;
1139 1475 1414 1533 postremo
1443 1482 1571 1524 vero
1598 1477 1827 1528 mortem
1850 1468 1994 1522 illam

412 1550 825 1619 ignominiosam
885 1553 1133 1623 eligere;
1213 1558 1320 1613 hoc
1384 1569 1489 1625 est,
1569 1580 1589 1611 ‹
1647 1559 1828 1615 Tollat
1871 1576 1997 1615 crn-

411 1657 532 1697 cem
553 1658 732 1711 suam,
758 1656 815 1701 et
852 1657 1115 1717 sequatur
1133 1666 1239 1705 me.
1266 1651 1369 1719 Qui
1395 1652 1540 1711 enim
1585 1653 1817 1711 voluerit
1871 1655 1992 1708 ani-

410 1751 553 1791 mam
576 1752 727 1791 suam
767 1739 975 1794 salvam
1001 1740 1201 1807 facere,
1234 1745 1426 1812 perdet
1464 1760 1609 1803 eam.
1649 1765 1669 1800 ι
1724 1746 1991 1813 Quoniam

407 1841 593 1900 grave,
629 1838 684 1883 et
713 1829 1059 1890 intolerabile
1081 1834 1368 1899 videbatur
1406 1838 1691 1909 suscipere
1735 1840 1988 1895 volunta-

412 1918 490 1975 tie
543 1928 817 1985 mortem;
852 1930 910 1977 ut
935 1924 1289 1989 conﬁrmaret
1328 1930 1658 1997 auditorem,
1703 1934 1987 2000 praemium

409 2024 504 2081 per
541 2024 660 2064 eam
702 2015 1143 2085 consequendum
1204 2016 1424 2086 adjecit,
1449 2022 1593 2090 quod
1652 2036 1737 2079 est
1793 2025 1990 2082 animae

405 2101 572 2159 salus.
605 2102 870 2174 Quisquis
905 2108 1071 2179 igitur
1101 2124 1197 2179 per
1234 2115 1619 2183 temporariam
1655 2117 1796 2172 hanc
1843 2134 1989 2173 mor-

408 2196 539 2252 tem,
590 2193 944 2248 etmalorum
997 2197 1161 2268 hujus
1190 2201 1315 2256 vitae
1368 2204 1739 2273 tolerantiam,
1798 2209 1989 2276 perdet

407 2280 644 2339 animam
671 2300 850 2351 suam,
881 2288 967 2342 hic
988 2305 1108 2354 eam
1132 2290 1185 2345 in
1213 2291 1397 2349 futuro
1421 2300 1788 2355 conservabit.
1846 2300 1988 2356 Con-

404 2366 589 2462 sidera
664 2386 826 2440 porro
885 2376 1176 2450 locutionis
1233 2385 1588 2447 subtilitatem
1645 2407 1659 2444 :
1722 2394 1982 2462 quoniam

403 2457 548 2513 cnim
577 2460 819 2519 latrones
844 2468 1017 2533 multi,
1055 2469 1313 2539 furesque
1343 2480 1595 2532 nocturni
1631 2457 1755 2537 suis
1788 2484 1840 2537 in
1893 2485 1988 2539 tle-

402 2549 548 2607 lictis
579 2553 902 2623 deprehensi
946 2577 1042 2631 per
1075 2574 1342 2622 tormenta
1372 2575 1708 2639 moriuntur,
1770 2592 1984 2634 sermo-

404 2657 526 2737 nem
591 2651 882 2724 przemunit
938 2653 1126 2719 dicens
1174 2675 1190 2721 ;
1247 2677 1267 2710 ι
1316 2660 1641 2734 Quicunque
1690 2670 1989 2737 perdiderit

401 2732 640 2789 animam
665 2752 818 2791 suam
851 2752 1070 2813 propter
1097 2760 1204 2810 me.
1239 2758 1293 2803 et
1343 2732 1723 2823 Evangeliuin,
1779 2760 1984 2816 salvam

401 2825 567 2881 faciet
613 2844 757 2884 eam.
823 2852 843 2905 η
908 2832 1177 2892 Nimirum
1232 2849 1501 2915 quotquot
1555 2858 1779 2916 pr0pter
1827 2867 1983 2907 suam

403 2919 805 2988 improbitatem
836 2927 1355 3001 subeuntmortem,
1405 2952 1512 2993 non
1574 2939 1747 3009 ipsius
1793 2959 1983 3009 causa,

403 3025 504 3067 nec
538 3012 846 3092 voluntarie
875 3033 994 3074 eam
1024 3023 1350 3089 suscipiunt.
1384 3028 1468 3088 Ac,
1494 3044 1561 3085 ne
1589 3033 1712 3102 quis
1752 3032 1985 3092 fortasse

400 3103 607 3161 diceret
665 3124 680 3161 :
741 3109 1131 3189 Verumtamen
1173 3118 1264 3186 qui
1313 3121 1559 3176 noluerit
1611 3140 1710 3193 pro
1761 3126 1984 3185 Christo

2100 901 2348 968 ὄπισθεν,
2381 903 2476 956 τοῦ
2513 903 2827 974 κρασπέδου
2855 902 3106 975 ἐφήψατο
3132 919 3147 934 ·
3179 903 3282 956 οὐκ
3310 903 3376 957 ἂν
3423 906 3551 969 ίσως
3582 924 3671 960 τν-

2100 997 2275 1067 χοῦσα
2307 998 2407 1067 τῆς
2441 997 2741 1067 σωτηρίας,
2780 999 2829 1051 εἰ
2864 999 2941 1068 μὴ
2999 996 3320 1053 ἀκολουθεῖν
3352 996 3432 1068 τῷ
3488 999 3670 1070 Κυρίῳ

2103 1089 2415 1158 μεμάθηκε.
2448 1089 2522 1142 Τὸ
2575 1090 2635 1143 δὲ
2661 1090 3005 1157 ἀκολουθεῖν,
3046 1089 3207 1143 τοῦτό
3259 1090 3398 1153 ἔστι,
3436 1089 3498 1143 τὸ
3531 1093 3669 1145 κατὰ

2101 1181 2282 1236 πάντα
2304 1180 2404 1253 τὴν
2438 1182 2653 1236 ἐκείνου
2676 1182 2820 1237 κατά
2855 1182 3149 1253 ἄνθρωπον
3182 1182 3460 1235 πολιτείαν
3490 1187 3671 1253 μιμεῖ-

2101 1270 2249 1335 σθαι,
2295 1273 2362 1344 ῆν
2418 1272 2810 1333 ἐπολιτεύσατο
2865 1276 3158 1345 γενόμενος
3212 1274 3544 1346 ἄνθρωπος’
3584 1277 3674 1330 καὶ

2099 1365 2321 1437 πρῶτον
2383 1368 2484 1437 μὲν
2542 1368 2606 1422 τὸ
2645 1368 2814 1433 λιτὸν,
2865 1371 2926 1422 τὸ
2956 1369 3281 1439 ἀπέριττον,
3309 1369 3371 1422 τὸ
3392 1371 3586 1438 πρᾶον,
3616 1370 3675 1422 τὸ

2098 1458 2451 1525 ἀνεξίκακον,
2477 1459 2540 1513 τὸ
2562 1460 2975 1532 φιλάνθρωπον,
3011 1462 3075 1514 τὺ
3101 1463 3672 1533 πεπαῤῥησιασμένον,

2096 1550 2160 1606 τὸ
2189 1550 2422 1614 δίκαιον,
2463 1549 2561 1605 καὶ
2608 1549 2761 1615 τέλος
2790 1550 2851 1605 τὸ
2906 1551 3126 1605 ἑλέσθαι
3177 1553 3269 1605 τὸν
3327 1551 3539 1606 ἐκείνου
3590 1554 3677 1604 E1:-

2097 1641 2392 1696 ονείδιστον
2416 1642 2651 1699 θάνατον
2669 1660 2684 1676 ·
2719 1642 2972 1697 τουτέστι
3002 1644 3065 1696 τό
3087 1660 3134 1694 ἰ
3158 1644 3378 1715 ’Ᾱράτω
3399 1643 3490 1696 τὸν
3520 1660 3648 1697 σταυ
3684 1700 3694 1709 _

2102 1732 2194 1804 ρδν
2218 1733 2389 1797 αὑτοῦ
2446 1734 2542 1788 καὶ
2582 1734 2953 1810 ἀκολουθείτω
2986 1752 3077 1805 μοι
3135 1736 3233 1798 Ὃς
3265 1734 3377 1804 γὰρ
3416 1733 3557 1787 θέλει
3583 1733 3676 1806 τὴν

2096 1826 2274 1899 ψυχὴν
2304 1827 2471 1881 αὐτοῦ
2494 1829 2695 1894 σῶσαι,
2718 1827 2979 1887 ἀπολέσει
2996 1827 3190 1896 αὐτὴν.
3220 1844 3241 1878 ›
3280 1826 3498 1896 Ἐπειδὴ
3519 1825 3675 1897 βαρὺ.

2097 1920 2192 1972 καὶ
2222 1918 2485 1990 φορτικὸν
2516 1918 2696 1977 ἐδόκει
2727 1919 2788 1972 τὸ
2818 1919 3086 1982 ἑκουσίως
3141 1918 3466 1985 ἀποθανεῖν,
3506 1936 3676 1987 παρα-

2098 2008 2445 2081 μυθούμενος
2492 2010 2585 2063 τὸν
2646 2010 2951 2090 ἀκροατήν,
2994 2009 3055 2062 τδ
3101 2008 3301 2079 κέρδος
3347 2009 3498 2077 λέγει
3524 2010 3583 2063 τδ
3611 2009 3675 2065 δι’

2093 2101 2261 2157 αὐτοῦ
2303 2102 2765 2173 προξενούμενον,
2800 2102 2941 2173 ὅπερ
2970 2101 3128 2159 ἐστὶν,
3151 2102 3184 2171 ή
3210 2103 3318 2172 τῆς
3372 2099 3551 2172 ψυχῆς
3573 2117 3674 2163 σιὼ

2092 2196 2283 2267 τηρία.
2318 2195 2511 2259 Ὅστις
2537 2190 2631 2248 οῦν
2669 2195 2758 2248 διὰ
2786 2193 2878 2257 τοῦ
2909 2193 3256 2266 προσκαίρου
3305 2193 3559 2257 θανάτου,
3589 2193 3677 2246 καὶ

2091 2288 2191 2357 τῆς
2217 2286 2458 2341 ἐνταῦθα
2484 2285 2862 2354 κακοπαθείας
2887 2285 3146 2338 ἀπολέσει
3165 2283 3267 2356 τὴν
3290 2283 3471 2356 ψυχὴν
3492 2280 3676 2354 αὐτοῦ,

2090 2377 2248 2446 οὗτος
2281 2383 2338 2435 ὲν
2369 2382 2446 2453 τῷ
2473 2381 2724 2458 μέλλοντι
2769 2379 2958 2437 σώσει.
2991 2380 3196 2434 Σκόπει
3222 2380 3286 2433 δὲ
3333 2379 3435 2449 τῆς
3485 2377 3676 2444 λέξεως

2090 2475 2193 2549 τὴν
2225 2474 2516 2546 ἀκρίϐειαν
2542 2491 2557 2505 ·
2590 2473 2782 2544 ἐπειδὴ
2809 2473 2919 2541 γὰρ
2941 2471 3135 2525 πολλοὶ
3166 2472 3555 2544 λῃστεύοντες,
3589 2470 3679 2523 καὶ

2090 2568 2566 2639 νυκτιλοχοῦντες,
2599 2565 2685 2637 ἐφ’
2720 2563 2805 2630 οἷς
2838 2564 3277 2636 ,ἁμαρτάνουσιν
3311 2564 3680 2633 ἁλισκόμενοι,

2089 2663 2212 2724 ταῖς
2253 2660 2512 2732 βασάνοις
2548 2659 3046 2730 ἐναποθνήσκουσι,
3084 2655 3565 2729 προασφαλίζεται
3591 2654 3679 2707 τὸν

2089 2753 2252 2822 λόγον
2275 2754 2449 2806 είπών
2473 2768 2488 2783 ·
2523 2770 2543 2804 ι
2571 2753 2667 2815 Ὃς
2694 2753 2742 2806 δ’
2766 2751 2833 2806 ἂν
2863 2751 3111 2822 ἀπολέσῃ
3138 2752 3239 2821 τὴν
3289 2749 3469 2821 ψυχὴν
3491 2746 3677 2812 αὑτοῦ,

2089 2849 2280 2904 ἕνεκεν
2303 2847 2439 2919 ἐμοῦ
2462 2846 2673 2902 καὶτοῦ
2692 2845 3056 2914 Εὐαγγελίου,
3073 2839 3228 2908 οὗτος
3243 2844 3418 2898 σώσει
3439 2843 3623 2906 αὐτήν.
3652 2857 3674 2900 I.

2092 2940 2248 2995 Ὅσοι
2279 2957 2342 3008 γε
2375 2938 2672 3010 θνήξαντες
2704 2938 2770 2992 δι’
2804 2938 3016 2991 οίκείαν
3057 2935 3402 3007 φαυλότητα,
3436 2935 3535 3006 ούχ
3592 2933 3678 2986 ἓν·

2089 3050 2216 3087 εκεν
2241 3030 2429 3098 αὑτοῦ,
2458 3031 2572 3084 οὐδ’
2603 3031 2786 3094 ἑκοντὶ
2846 3030 2939 3084 τὸν
2973 3030 3206 3084 θάνατον
3257 3030 3539 3100 δέχονται.
3566 3027 3680 3080 ἰνα

2088 3126 2147 3180 δὲ
2180 3127 2254 3195 μή
2294 3142 2379 3188 τις
2414 3123 2567 3194 εῖπῃ,
2594 3124 2705 3177 Καὶ
2747 3124 2855 3194 μὴν
2884 3124 2913 3176 ὁ
2959 3122 3035 3193 μὴ
3060 3121 3396 3193 βουλόμενος
3432 3118 3681 3179 τεθνάναι

406 3206 637 3253 mortem
693 3212 977 3270 oppetere,
1038 3205 1255 3262 interim
1310 3221 1492 3268 tamen
1538 3214 1783 3273 literatur
1841 3218 1984 3276 hanc

2092 3219 2234 3288 ὑπὲρ
2286 3216 2549 3287 Χριστοῦ,
2598 3215 2788 3285 κέρδος
2826 3216 3075 3286 εὑρίσκει
3121 3214 3263 3278 τέως
3315 3215 3416 3286 τὴν
3450 3210 3679 3269 ἐνταῦθα

400 3285 564 3347 vitam
587 3307 601 3344 :
619 3293 860 3365 occurrit
884 3294 1009 3351 huic
1026 3298 1193 3362 dicto,
1217 3310 1271 3355 et
1297 3301 1564 3357 inﬁrmam
1585 3307 1984 3376 oppositionem

2091 3285 2260 3379 ζωὴν,
2297 3285 2663 3379 προσυπαντᾷ
2687 3307 2764 3379 τῷ
2798 3285 2946 3380 λόγῳ
2982 3306 3081 3362 καὶ
3108 3307 3170 3361 τὸ
3206 3285 3420 3376 σαθρὸν
3438 3305 3557 3360 λύει
3584 3302 3681 3371 τῆς

402 3376 672 3445 dissolvit,
701 3382 862 3459 modo
887 3401 993 3466 non
1017 3387 1206 3457 dicens
1240 3410 1254 3444 :
1310 3393 1452 3460 Quid
1520 3396 1604 3450 ais
1647 3397 1986 3455 lucrntnrnm

400 3467 549 3522 illum
583 3471 773 3553 vitam,
808 3490 970 3544 quam
998 3489 1206 3541 natura:
1231 3482 1347 3554 lege
1374 3486 1649 3557 deponet?
1689 3500 1743 3546 et
1769 3492 1812 3545 si
1838 3494 1983 3548 enim

399 3558 566 3613 etiam
600 3564 859 3639 mundum
891 3558 1209 3645 universum
1242 3574 1440 3634 lucrari
1465 3580 1734 3649 quispiam
1779 3593 1981 3650 posset,

400 3652 543 3726 quod
566 3655 752 3723 nequit
783 3658 889 3712 nlla
919 3662 1128 3718 ratione
1158 3665 1496 3737 contingere,
1534 3671 1637 3730 hoc
1684 3684 1863 3729 tamen
1898 3677 1984 3728 ln-

399 3756 554 3796 crum
585 3759 707 3799 cum
732 3747 1157 3825 animaajactura
1181 3758 1518 3827 compensari
1548 3775 1654 3816 non
1681 3773 1882 3830 potest.
1907 3763 1982 3818 Ex

398 3845 464 3886 eo
490 3848 654 3901 porro
708 3838 993 3913 quodait:
1029 3858 1049 3892 ι
1113 3844 1221 3923 Aut
1256 3844 1384 3914 quid
1439 3847 1591 3903 dabit
1618 3849 1780 3906 homo
1824 3852 1981 3925 143

398 3929 845 3985 comtnutationis
871 3947 969 4000 pro
992 3934 1170 3990 anima
1213 3937 1353 4009 sua?
1382 3955 1400 3990 ι
1438 3937 1706 4010 refellitur
1728 3941 1983 4013 Origenis

398 4014 467 4069 ab
498 4014 715 4087 ingenio
739 4020 852 4096 (25)
882 4038 1076 4099 nomen
1111 4026 1364 4099 habentis
1394 4034 1764 4089 eommentitia
1807 4036 1894 4090 illa
1927 4038 1979 4092 in

397 4107 685 4174 pristinum
719 4120 917 4185 statum
951 4117 1224 4197 restitutio
1267 4119 1403 4193 (26).
1445 4122 1661 4196 Clamat
1711 4143 1843 4184 vero
1886 4146 1983 4198 per

399 4197 520 4292 lure!
541 4203 889 4270 apertissime
924 4206 1203 4277 Dominus,
1230 4202 1373 4285 quod
1407 4219 1797 4287 temporarium
1847 4197 1980 4292 snp-

397 4289 621 4357 plieium
649 4308 988 4385 nequaquam
1053 4301 1232 4369 datur,
1290 4315 1348 4360 nt
1388 4322 1483 4377 per
1526 4309 1632 4369 hoc
1685 4289 1981 4384 recipiatur

399 4383 596 4439 animm
612 4386 779 4443 salus.
801 4380 942 4479 Quin
956 4380 1117 4447 etiam
1139 4396 1261 4469 hoc,
1287 4400 1528 4455 animam
1554 4380 1810 4475 perdere,
1835 4424 1980 4463 sem-

399 4474 668 4541 piternam
698 4474 891 4537 animm
911 4484 1206 4555 jacturam,
1243 4499 1300 4546 et
1334 4474 1584 4568 supplicii
1615 4501 1974 4557 aeternitatem

400 4568 637 4624 ostendit
699 4591 710 4625 :

400 4673 518 4713 utea
543 4660 597 4714 in
632 4668 986 4733 generatione
1011 4670 1114 4725 ista
1151 4675 1421 4741 adultera,
1444 4689 1500 4732 et
1542 4684 1866 4750 peccatrice,
1923 4695 1978 4741 et

398 4750 569 4809 Filius
611 4756 845 4815 hominis
900 4765 1190 4821 ernbeseet
1251 4783 1418 4835 eum,
1483 4786 1607 4826 cum
1659 4778 1869 4832 venerit
1916 4779 1970 4833 in

398 4844 567 4934 gloria
592 4845 774 4905 Patris
803 4853 910 4907 sui.
950 4874 969 4906 ι
1005 4855 1149 4912 ldem
1210 4860 1313 4915 hoc
1372 4862 1537 4928 valet,
1585 4875 1748 4934 atque
1792 4870 1920 4925 illud
1954 4891 1968 4926 :

409 4955 426 4987 ι
455 4932 779 5013 Quicunque
840 4950 1123 5017 negaverit
1179 4968 1285 5016 me,
1319 4957 1526 5024 negabo
1547 4967 1599 5011 et
1618 4932 1718 5027 ego
1755 4962 1927 5025 illum,
1954 4984 1973 5017 ι

401 5027 671 5125 Quoniam
698 5038 842 5090 enim
875 5039 1071 5110 duplex
1105 5052 1187 5100 est
1214 5059 1396 5102 nostra
1421 5058 1637 5117 natura,
1677 5069 1745 5115 ex
1773 5058 1976 5125 anima,

397 5120 643 5189 inquam,
669 5135 725 5181 et
754 5142 987 5199 corpore
1038 5135 1359 5211 constituta,
1413 5139 1681 5210 duplicem
1726 5161 1753 5196 ιι
1823 5120 1979 5203 nobis

469 5241 517 5273 "
550 5243 724 5299 'Psal.
791 5260 875 5310 xc,
908 5247 954 5301 ι.

2088 3401 2443 3475 ἀντιθέσεως.
2489 3400 2779 3470 μονονουχὶ
2812 3399 2987 3467 λέγων
3013 3417 3028 3431 ·
3061 3399 3128 3453 Τί
3157 3398 3265 3469 φὴς
3305 3399 3382 3462 ὡς
3418 3397 3679 3467 ἐκέρδησε

2087 3492 2185 3565 τὴν
2213 3492 2382 3563 ζωὴν,
2423 3494 2493 3547 ἂν
2525 3492 2780 3562 φυσικῶς
2844 3492 3189 3561 ἀποθήσεται
3217 3506 3233 3555 ;
3280 3492 3390 3545 κᾶν
3422 3489 3532 3560 γὰρ
3564 3486 3682 3542 ὅλον

2086 3588 2178 3641 τὸν
2230 3589 2438 3658 κόσμον
2486 3586 2761 3658 κερδῆσαί
2805 3603 2892 3647 τις
2935 3584 3166 3656 δυνηθῇ,
3195 3584 3344 3655 ὅπερ
3377 3583 3681 3654 ἀμήχανον,

2084 3679 2209 3733 οὐδὲ
2258 3678 2421 3733 τοῦτο
2486 3682 2552 3749 τῇ
2613 3677 2791 3749 ζημίᾳ
2849 3678 2950 3747 τῆς
3007 3677 3191 3748 ψυχῆς
3226 3677 3590 3731 ίσοστάσιον·
3623 3673 3686 3726 ὲκ

2089 3773 2279 3842 μέντοι
2312 3772 2408 3826 τοῦ
2441 3774 2619 3825 εἰπεῖν
2644 3788 2658 3802 ·
2696 3790 2715 3823 ι
2760 3771 2829 3826 Ἥ
2869 3771 2924 3823 τί
2955 3770 3120 3824 δώσει
3158 3769 3462 3841 ἄνθρωπος
3486 3765 3682 3821 ἀντάλ·

2083 3866 2274 3935 λαγμα
2297 3865 2400 3933 τῆς
2442 3863 2626 3934 ψυχῆς
2674 3861 2869 3929 αὐτοῦ,
2911 3881 2931 3917 ι
2961 3859 3404 3932 ἐπιστομίζεται
3437 3862 3472 3930 ἡ
3531 3856 3685 3928 παρὰ

2082 3956 2178 4012 τοῦ
2230 3955 2525 4026 ἐπωνύμου
2559 3953 2662 4025 τῆς
2717 3954 2894 4026 ὀργῆς
2943 3954 3264 4025 Ὠριγένους
3319 3951 3683 4022 πεπλασμένη

2082 4050 2555 4115 ἀποκατάστασις.
2593 4048 2700 4118 Βοᾷ
2731 4047 2788 4100 δὲ
2817 4047 2908 4100 διά
2932 4048 3145 4109 τούτων
3188 4047 3476 4117 ἀριδήλως
3507 4045 3537 4101 ἀ
3568 4042 3684 4099 Kt't-

2085 4156 2222 4211 ριος,
2258 4138 2335 4204 ὡς
2363 4141 2463 4192 οὐκ
2495 4138 2614 4191 ἔστι
2641 4138 2831 4192 δοῦναι
2882 4137 3109 4199 κόλασιν
3143 4138 3442 4210 χρονικὴν,
3469 4136 3567 4190 καὶ
3596 4134 3684 4189 διὰ

2082 4232 2290 4302 ταύτην
2325 4233 2427 4300 τῆς
2479 4230 2663 4300 ψυχῆς
2728 4231 3009 4301 σωτηρίαν
3072 4229 3285 4297 λαϐεῖν,
3319 4229 3463 4284 ἀλλά
3493 4228 3593 4285 καὶ
3622 4226 3684 4281 τὸ

2080 4326 2180 4398 τὴν
2206 4324 2388 4396 ψυχὴν
2411 4322 2760 4395 ζημιωθῆναι
2789 4323 2892 4395 τὴν
2918 4322 3090 4376 ἀΐδιον
3129 4321 3231 4392 τῆς
3260 4321 3453 4392 ψυχῆς
3476 4319 3683 4391 ζημίαν

2081 4418 2256 4488 δηλοῖ,
2314 4417 2412 4470 καὶ
2440 4416 2502 4468 τὸ
2527 4415 2838 4486 ἀπέραντον
2883 4416 2987 4485 τῆς
3029 4413 3348 4478 κολάσεωςο
3386 4433 3408 4467 ι
3443 4413 3545 4476 Ὃς
3572 4410 3684 4481 γὰρ

2082 4507 2431 4581 ἐπαισχυνθῇ
2464 4525 2555 4578 με,
2591 4507 2688 4561 καὶ
2719 4507 2848 4570 τοὺς
2874 4508 3047 4577 εμοὺς
3074 4505 3273 4575 λόγους
3300 4508 3363 4561 ὲν
3400 4509 3471 4577 τῇ
3519 4501 3685 4574 γενεᾷ

775 4591 795 4625 ι
832 4572 934 4641 Qui
994 4579 1138 4633 enim
1200 4598 1288 4636 me
1337 4587 1618 4643 erubuerit
1647 4629 1663 4654 ,
1720 4601 1773 4644 et
1818 4596 1978 4649 verba

2090 4572 2369 4671 redeunti}
2403 4572 2676 4673 μοιχαλίδι
2713 4599 2807 4652 καὶ
2853 4572 3192 4675 ᾁμαρτωλῷ,
3218 4601 3320 4679 καὶ
3349 4600 3378 4652 ὁ
3587 4593 3683 4649 τοῦ

2087 4693 2379 4767 ἀνθρώπου
2432 4686 2931 4763 ἐπαισχυνθήσεται
2961 4691 3148 4755 αὑτὸν,
3181 4691 3312 4744 ὅταν
3353 4691 3493 4763 ἔλθῃ
3522 4694 3579 4744 ἐν
3613 4688 3681 4756 τῇ

2085 4784 2215 4857 δόξῃ
2250 4784 2345 4836 τοῦ
2409 4784 2623 4854 Πατρὸς
2682 4780 2872 4836 αὐτοῦ.
2914 4803 2933 4834 ο
2968 4783 3116 4835 Ἴσον
3177 4781 3342 4836 τοῦτό
3397 4785 3520 4835 ἐστι
3567 4779 3681 4848 τῴο

2093 4897 2111 4929 ι
2145 4878 2336 4940 Ὅστις
2356 4876 2412 4929 δὲ
2446 4876 2745 4948 ἀρνήσεταί
2768 4893 2859 4947 με,
2891 4875 3206 4947 ἀρνήσομαι
3224 4875 3388 4943 κάγὼ
3408 4873 3580 4928 αὐτόν
3604 4889 3618 4903 θ
3653 4888 3675 4924 ι

2079 4969 2271 5040 ἐπειδὴ
2301 4968 2410 5038 γὰρ
2436 4967 2600 5037 διπλή
2633 4967 2718 5028 τίς
2742 4968 2894 5020 ἐστιν
2921 4967 2955 5036 ή
3000 4965 3164 5035 φύσις
3192 4965 3382 5035 ἡμῶν,
3409 4968 3476 5019 ὲκ
3498 4962 3682 5034 ψυχῆς

2077 5060 2222 5130 λέγω
2257 5062 2352 5115 καὶ
2382 5060 2661 5130 σώματος,
2684 5058 2884 5129 διπλὴν
2921 5059 3057 5129 παρ’
3087 5061 3118 5128 ή
3128 5058 3246 5130 μῶν
3283 5061 3385 5113 καὶ
3412 5059 3519 5127 τὴν
3549 5058 3683 5126 ὁμο⁴

2078 5150 2269 5218 λογίαν
2337 5149 2612 5220 ἐπιζητεῖ,
2666 5149 2754 5203 ἴνα
2807 5143 3035 5233 δίπλοῦς
3180 5151 3277 5205 καὶ
3309 5153 3338 5205 ὁ
3369 5146 3678 5233 ἀγιασμός.

1640 5352 1961 5415 Francisci
1999 5352 2202 5423 Scorsi
2231 5360 2420 5438 notae,

471 5466 588 5540 (25)
634 5472 874 5539 Origenis
905 5470 971 5524 ab
995 5472 1222 5547 ingenio.
1262 5472 1377 5547 Yox
1412 5477 1550 5547 ὀργὴ
1600 5489 1792 5547 praeter
1814 5496 1965 5536 com-

2074 5480 2344 5550 genioque
2414 5479 2646 5542 solerti;
2704 5494 2813 5551 quo
2853 5493 2987 5535 sane
3033 5480 3184 5537 illum
3231 5484 3565 5550 praestitisse
3619 5484 3672 5538 in

400 5554 617 5595 munem
677 5550 972 5610 notamque
998 5541 1459 5664 signiﬁcationem
1482 5541 1660 5618 signat
1683 5551 1843 5604 etiam
1872 5551 1970 5621 τὴν

400 5609 660 5664 διάνοιαν.
718 5611 945 5664 τρόπον.
999 5607 1034 5664 ἦ
1075 5631 1157 5664 ος.
1211 5614 1482 5664 inmanium
1535 5618 1615 5664 vel
1669 5621 1968 5664 nan-mlum

2090 5541 2322 5605 Eonfesso
2350 5560 2436 5606 est
2460 5566 2475 5615 ;
2502 5551 2551 5603 id
2579 5541 2736 5617 quod.
2758 5547 2929 5618 'plane
2965 5541 3289 5623 ῥητορικῶς
3314 5554 3454 5607 dicit
3488 5552 3671 5608 Theo;

2090 5622 2275 5664 thnnes
2297 5660 2310 5664 -
2388 5634 2443 5664 m
2493 5619 2559 5664 ad
2620 5630 2960 5664 venustatem
3040 5624 3481 5664 rmmniromlnm
3540 5640 3671 5664 nm-

399 5609 660 5684 ᾷιάνριαν,
716 5607 974 5684 τρόπον,⁸
999 5607 1035 5684 ἦ

1075 5631 1157 5689 ος,
1206 5614 1482 5689 ingenium
1535 5614 1615 5673 vel
1669 5614 1969 5674 naturalem
2072 5622 2312 5689 phanes,

2388 5634 2444 5677 et
2493 5619 2560 5675 ad
2620 5619 2975 5675 venustatem
3023 5619 3483 5691 'conqnirendam
3540 5640 3673 5678 ora-

404 5679 897 5756 habitn_m,_inquit_
948 5679 1373 5756 Su'idangitur
1403 5686 1765 5756 Theophanes
1797 5691 1973 5744 innuit
2067 5679 2225 5749 tioni.

404 5749 1058 5831 ety‘mologiam‘prigenis
1082 5749 1307 5831 perinde
1333 5760 1487 5831 quasi
1515 5749 1623 5831 ἀπὸ
1656 5761 1751 5812 τοῦ
1784 5760 1968 5831 ὅρους,

408 5816 506 5898 και
554 5816 778 5898 γένους-
798 5816 1116 5898 deductam,
1157 5825 1300 5893 qunti
1337 5816 1387 5879 at.
1427 5830 1699 5883 montibus
1733 5816 1969 5898 genitus,

412 5886 506 5947 and
561 5885 670 5947 ἀπὸ
716 5888 816 5957 τῆς
872 5890 1061 5959 ὀργῆς,
1092 5885 1203 5948 Ἰιοέ
1235 5905 1338 5959 est,
1391 5898 1456 5950 ab
1488 5885 1838 5967 intelligentia
1888 5885 1970 5954 in;

2143 5762 2256 5830 (26)
2299 5760 2366 5815 In
2405 5763 2686 5826 pristinum
2725 5773 2925 5819 statum
2972 5763 3259 5818 restitutio.
3318 5759 3483 5818 "nnc
3533 5779 3685 5819 erro-

2071 5847 2184 5887 rem
2208 5831 2461 5913 Origenis
2482 5832 3070 5913 datnnatTheophaues
3092 5835 3256 5888 etiam
3295 5834 3446 5888 hom.
3473 5851 3671 5913 suyra;

2069 5918 2230 5970 quam
2263 5903 2384 5958 vide
2411 5910 2466 5958 et
2499 5911 2681 5958 notam
2712 5914 2955 5960 nostram
2984 5902 3073 5960 49..
