4024 6408
388 433 506 497 469

1740 435 2065 499 ΗΟΜΙΙᾸΑ
2111 438 2306 500 XXII.

3550 432 3653 496 470

397 548 592 610 Ὅστις
612 540 706 600 οῦν
737 547 1075 619 ἐπαισχυνθῇ
1108 568 1196 621 με,
1229 552 1424 623 φησὶν,
1456 552 1796 621 ὁμολογῆσαι
1842 551 1973 603 Θεὸν

2084 550 2477 601 confessionem
2502 548 2689 613 exigit,
2733 554 2790 601 ut
2813 546 3009 617 duplex
3034 561 3251 618 quoque
3286 547 3651 603 sanctiﬁcatio

390 638 485 689 διὰ
532 638 632 706 τὴν
683 639 1041 704 ταπείνωσιν,
1069 642 1135 711 ἢν
1188 643 1428 711 ἐμαυτὸν
1482 642 1851 704 ἐταπείνωσα,
1884 641 1977 692 καὶ

394 728 601 791 ὄνειδος
629 731 904 801 ἡγήσαιτο
925 733 1219 801 κηρύττειν
1239 732 1664 803 ἐσταυρωμένον
1688 733 1842 797 Θεὸν,
1866 733 1975 785 οὐδ’

394 819 565 882 αὐτὸς
594 820 997 891 όμολογήσεται
1028 823 1121 874 ὑπ’
1150 824 1310 891 ἐμοῦ.
1339 820 1436 877 Διὰ
1470 824 1680 877 τούτων
1716 824 1770 877 δὲ
1836 841 1976 891 προ-

393 914 679 980 αναφωνεῖ
706 912 815 964 τῶν
848 918 1150 984 μαρτύρων
1180 916 1240 967 τὸ
1263 916 1498 981 στάδιον,
1534 918 1628 969 καὶ
1654 915 1751 985 τὴν
1783 916 1975 984 ὁμολο-

394 1006 549 1071 γίαν,
580 1007 676 1058 καὶ
703 1009 797 1058 τὸν
827 1008 967 1076 ὑπὲρ
1024 1008 1192 1059 αὑτοῦ
1253 1008 1502 1062 θάνατον.
1553 1008 1858 1076 Μοιχαλίδα
1918 1008 1975 1059 δὲ

393 1098 592 1164 γενεὰν
646 1100 740 1152 καὶ
787 1102 1145 1171 ἁμαρτωλὸν,
1208 1104 1337 1165 τοὺς
1363 1102 1628 1164 ἀπίστους
1654 1103 1972 1168 ὠνόμασεν“

390 1190 541 1243 οὕτω
572 1190 682 1259 γὰρ
712 1192 893 1244 αὐτῶν
925 1194 1020 1245 καὶ
1053 1195 1079 1243 ὀ
1113 1194 1453 1263 προφητικὸς
1498 1194 1653 1260 λόγος
1694 1193 1973 1247 meam-

392 1299 505 1343 ται,
530 1283 606 1343 ὡς
646 1283 1053 1352 ἐξεπόρνευσαν
1083 1288 1198 1347 τοῖς
1235 1285 1514 1351 γλυπτοῖς,
1546 1287 1640 1337 καί
1672 1284 1976 1354 ἐμοιχῶντο

391 1376 453 1425 ἐν
481 1373 563 1441 τῷ
598 1373 741 1441 ξύλῳ
764 1375 1130 1443 ’ἐπιπλήττει
1161 1376 1218 1428 δὲ
1260 1376 1457 1437 αὐτοὺς
1489 1378 1634 1445 καὶὴ
1668 1378 1976 1446 προφητεία

390 1464 633 1533 Μιχαίου
665 1464 901 1532 λέγουσα
929 1482 941 1495 ’
978 1486 996 1516 ι
1039 1467 1135 1519 Ἐκ
1171 1468 1545 1537 μισθωμάτων
1568 1471 1821 1539 πορνείας
1850 1487 1973 1521 συν-

390 1555 595 1624 ήγαγε,
624 1556 719 1607 καὶ
757 1559 822 1607 ἐκ
868 1558 1238 1626 μισθωμάτων
1274 1561 1535 1630 πορνείας
1590 1560 1911 1629 ἀνέστρεψε.
1948 1580 1965 1612 ι

390 1648 516 1701 Τῶν
549 1649 811 1701 τοιούτων
838 1651 1021 1702 τοίνυν
1048 1653 1283 1705 ἐνώπιον
1304 1654 1640 1723 ὁμολογῆσαι
1662 1656 1754 1707 τὸν
1786 1657 1978 1707 ἐσταυ-

391 1740 642 1807 ρσυμὲνον
668 1741 768 1792 ούκ
800 1742 1263 1811 ἐπαισχυνθέντες
1290 1748 1338 1797 oi
1375 1747 1670 1816 μάρτυρες,
1698 1747 1809 1799 τῶν
1846 1765 1972 1799 στε-

390 1834 577 1897 φάνων
603 1833 894 1904 ἐπέτυχον.
924 1836 1024 1887 Διά
1059 1836 1217 1889 τοῦτο
1243 1837 1427 1907 ἔχαιρε
1452 1840 1657 1909 Πέτρος
1684 1843 1771 1893 ἐπὶ
1799 1859 1972 1910 κεφα-

386 1925 492 1992 λῆς
532 1926 1121 1996 ἀνασκολοπιςόμενος,
1191 1931 1285 1981 καὶ
1338 1931 1610 1999 Στέφανος
1668 1932 1729 1983 ἐν
1787 1932 1970 2000 κύκλῳ

386 2017 929 2087 λιθολευστούμενος,
974 2023 1068 2073 καὶ
1117 2021 1397 2091 Ἀνδρέας,
1459 2023 1553 2074 καὶ
1614 2022 1821 2090 Σίμων,
1878 2022 1973 2076 καὶ

385 2109 654 2172 Φίλιππος
685 2112 906 2181 σταυρῷ
934 2109 1334 2183 τελειούμενος,
1363 2113 1454 2167 καὶ
1476 2114 1678 2183 Θωμᾶς
1706 2114 1968 2183 λογχευό-

390 2216 579 2267 μενος,
646 2200 741 2253 καὶ
800 2200 1015 2264 Παῦλος
1044 2201 1189 2271 ξίφει
1241 2203 1603 2271 τεμνόμενος,
1651 2205 1745 2256 καὶ
1771 2206 1819 2256 οί
1853 2204 1971 2272 μετ’

386 2292 587 2353 αὐτοὺς
603 2292 836 2361 ἀθληταὶ
856 2294 955 2357 τὰς
979 2294 1355 2363 πολυτρόπους
1396 2294 1643 2351 κολάσεις
1667 2296 1968 2364 δεχόμενοι.

387 2383 501 2436 Καὶ
533 2382 720 2450 ἔλεγεν
754 2387 939 2448 αὐτοῖς
967 2402 985 2415 ι

464 2492 482 2523 ι
536 2474 738 2545 ’Δμὴν,
774 2474 923 2545 ἀμὴν
951 2475 1097 2543 λέγω
1122 2476 1274 2546 ὑμῖν,
1304 2478 1386 2530 ὅτι
1418 2478 1523 2530 είσί
1547 2494 1690 2541 τινες
1736 2478 1846 2530 τῶν
1869 2473 1971 2533 ὧδε

388 2565 723 2633 ἑστηκότων,
777 2567 977 2629 οἵτινες
1012 2568 1073 2620 οὐ
1106 2568 1180 2638 μὴ
1232 2567 1537 2636 γεύσωνται
1568 2570 1829 2633 Θανάτου,
1862 2572 1969 2636 ἕως

392 2655 459 2707 ἂν
488 2656 642 2708 ἴδωσι
695 2657 794 2727 τὴν
826 2657 1107 2727 βασιλείαν
1134 2659 1225 2712 τοῦ
1272 2659 1408 2713 Θεοῦ
1436 2661 1764 2732 ἐληλυθυῖαν
1792 2666 1849 2715 ἐν
1877 2665 1971 2716 δυ-

395 2748 618 2816 νάμει.)
670 2749 890 2820 Ἐπειδὴ
912 2747 1067 2803 εἶπεν
1092 2752 1323 2818 ἄνωθεν,
1351 2753 1432 2805 ὅτι
1475 2773 1494 2804 ι
1527 2755 1634 2806 Καὶ
1667 2758 1694 2807 ὁ
1719 2756 1847 2818 Υίὸς
1876 2756 1969 2810 τοῦ

386 2839 526 2893 Θεοῦ
577 2842 1083 2913 ἐπαισχυνθήσεται
1129 2845 1316 2911 αὐτὸν,
1344 2846 1475 2897 ὅταν
1514 2846 1645 2918 ἔλθῃ
1670 2849 1729 2901 ἐν
1752 2852 1819 2921 τῇ
1843 2849 1969 2920 δόξῃ

393 2931 606 3001 Πατρδς
630 2932 818 2995 αὑτοῦ,
854 2952 871 2983 ι
903 2934 1096 3003 ἄδηλος
1124 2935 1179 2987 δὲ
1199 2933 1339 3004 αὕτη
1364 2930 1451 3004 ἦν,
1484 2936 1579 2989 καὶ
1621 2939 1923 3006 ἀμφίϐολος
1954 2957 1971 2972 ·

392 3023 805 3089 ἐπαγγέλλεται
849 3024 949 3093 τῆς
1003 3025 1166 3094 δόξης
1226 3026 1445 3092 ἐκείνης
1473 3027 1644 3091 δεῖξαι
1696 3030 1880 3093 αὐτοῖς
1904 3032 1971 3084 τὰ

394 3114 683 3182 προοίμια,
715 3116 1133 3186 προαναφωνῶν
1166 3116 1421 3169 ἐντεῦθεν
1456 3118 1556 3187 τὴν
1604 3120 1968 3192 μεταμόρφω-

2078 642 2167 696 sit.
2216 642 2536 711 Quicunque
2586 642 2770 708 igitur,
2802 641 2997 709 inquit,
3031 641 3314 695 erubuerit
3343 656 3428 695 me
3477 641 3652 693 conﬁ-

2081 735 2175 786 teri
2216 732 2403 796 Deum,
2432 744 2650 801 propter
2680 734 3045 787 humilitatem
3098 734 3163 786 ad
3226 748 3388 801 quam
3437 748 3522 784 me
3560 733 3651 785 de-

2081 828 2221 891 misi,
2247 836 2295 881 et
2324 829 2519 897 probro
2552 829 2765 880 duxerit
2792 829 2892 881 sibi
2925 828 3219 897 praedicare
3240 829 3390 881 cruci
3430 827 3648 879 aﬁixutn

2083 918 2270 982 Deum,
2320 934 2419 972 nec
2481 933 2580 988 ego
2642 919 2945 973 conﬁtebor
2993 934 3139 973 cum.
3187 918 3282 971 His
3303 933 3429 971 vero
3467 918 3649 971 verbis

2080 1023 2376 1081 martyrum
2415 1012 2738 1073 certamina,
2768 1020 2817 1065 el
2866 1011 3287 1072 confessionem,
3322 1023 3376 1065 ct
3415 1023 3644 1063 mortem

2078 1118 2255 1172 prose
2282 1113 2588 1171 susceptam
2622 1104 2969 1172 prmnuntiat.
3009 1102 3321 1156 Adulteram
3370 1118 3498 1156 vero
3559 1119 3651 1171 ge-

2078 1197 2432 1259 nerationem,
2456 1204 2509 1248 et
2539 1196 2890 1263 peccatricem
2917 1203 3070 1247 vocat
3100 1194 3364 1249 inﬁdeles.
3391 1195 3480 1249 Sic
3502 1195 3646 1248 enim

2076 1302 2169 1339 eos
2207 1288 2733 1357 etiamproplteticus
2757 1302 2935 1341 sermo
2966 1287 3302 1356 perstringit,
3349 1287 3488 1354 quod
3524 1303 3643 1340 cum

2074 1379 2417 1445 Srulptilibus
2465 1378 2711 1432 fornicati
2776 1390 2921 1443 sunt,
2985 1390 3041 1433 et
3102 1380 3155 1431 in
3189 1378 3337 1445 ligno
3378 1378 3646 1430 adultera-

2078 1482 2220 1523 rnnt.
2263 1468 2625 1538 [tt-prehendit
2662 1485 2752 1523 eos
2811 1485 3024 1539 quoque
3062 1469 3302 1523 Michazaz
3363 1468 3643 1537 prophetia

2076 1563 2261 1613 dicens
2288 1581 2300 1614 :
2332 1580 2348 1611 ι
2380 1559 2453 1613 Ex
2488 1562 2829 1615 mercedibus
2862 1560 3241 1615 fornicationis
3273 1560 3644 1627 rongregat‘it,

2074 1664 2123 1709 et
2156 1668 2220 1706 ex
2257 1651 2597 1707 mercedibus
2637 1652 3016 1707 hrnicationis
3041 1654 3311 1706 convertit
3347 1652 3413 1704 ⁸³.
3473 1670 3490 1701 ι
3544 1651 3648 1703 Co-

2077 1762 2191 1798 ram
2239 1747 2321 1799 his
2382 1744 2543 1813 igitur
2586 1756 2850 1814 martyres
2893 1746 3214 1799 cruciﬁxum
3259 1744 3501 1797 conﬁteri
3543 1763 3643 1797 non

2076 1841 2749 1893 erubescentescoronam
2804 1846 2930 1890 sunt
2998 1838 3297 1891 consecuti.
3349 1839 3421 1892 Ea
3482 1853 3645 1889 causa

2080 1933 2288 1985 Iactatus
2314 1943 2395 1985 est
2422 1932 2613 1985 Petrus
2645 1931 2863 1984 inverso
2892 1931 3067 1998 capite
3099 1930 3150 1982 in
3200 1945 3360 1984 cruce
3416 1944 3648 1998 suspen-

2074 2025 2153 2087 di,
2184 2035 2232 2076 et
2272 2022 2584 2092 Stephanus
2645 2040 2670 2073 a
2718 2022 3198 2075 circumstantibus
3254 2021 3525 2089 lapitlari:
3594 2028 3649 2073 et

2073 2118 2339 2179 Andreas,
2378 2127 2430 2169 et
2459 2115 2667 2179 Simon,
2705 2123 2758 2167 et
2786 2115 3064 2182 Philippus
3114 2129 3208 2181 per
3258 2126 3474 2166 crucem
3525 2126 3649 2163 con-

2074 2210 2358 2271 sammari,
2409 2217 2464 2262 et
2526 2205 2764 2261 Thomas
2832 2207 3016 2259 lancea
3099 2203 3527 2258 transverberari
3594 2213 3649 2281 et

2074 2299 2271 2353 Paulus
2326 2299 2638 2353 obtruncari
2692 2297 2915 2365 gladio:
2968 2306 3022 2349 et
3079 2295 3407 2363 posteriores
3459 2286 3647 2348 omnes

2082 2393 2300 2446 athletae
2324 2392 2604 2445 tormentis
2625 2390 2790 2442 variis
2812 2388 3133 2443 excruciari.
3166 2386 3229 2440 Et
3249 2386 3461 2441 diccbat
3489 2386 3592 2438 illis
3626 2400 3641 2437 :

2150 2504 2168 2535 ί
2223 2486 2411 2545 Amen,
2449 2498 2603 2534 amen
2624 2481 2745 2533 dico
2778 2479 2951 2542 vobis,
2978 2479 3104 2547 quia
3148 2489 3277 2532 sunt
3324 2478 3543 2547 quidam
3578 2477 3645 2529 de

2075 2577 2162 2631 hic
2195 2576 2485 2636 stantibus,
2515 2574 2602 2641 qui
2639 2588 2741 2623 non
2758 2571 3326 2637 gustabuntmortem,
3369 2570 3537 2622 donec
3564 2569 3644 2619 vi-

2075 2671 2238 2722 deant
2312 2681 2532 2735 regnum
2604 2664 2691 2716 Dei
2772 2663 2990 2715 veniens
3052 2663 3100 2714 in
3179 2661 3401 2714 virtute.
3449 2680 3467 2712 ι
3530 2660 3647 2725 Quo

2075 2760 2217 2813 niam
2276 2774 2436 2828 supra
2490 2756 2705 2809 dixerat
2760 2772 2772 2808 :
2818 2774 2835 2805 ι
2883 2753 2949 2807 Ει
3003 2752 3177 2807 Filius.
3224 2753 3460 2806 hominis
3517 2769 3647 2805 cru-

2072 2851 2317 2903 besceret
2359 2864 2501 2909 eum,
2535 2862 2654 2898 cum
2694 2846 2895 2899 venerit
2931 2845 2984 2897 in
3035 2843 3201 2913 gloria
3252 2842 3428 2897 Patris
3468 2844 3585 2906 sui,
3622 2861 3641 2894 ι

2074 2942 2189 2995 lttec
2224 2950 2401 2992 autem
2430 2948 2546 2992 erat
2574 2937 2749 2990 adhuc
2783 2936 2889 2989 illis
2936 2936 3097 2988 dubia
3133 2951 3148 2990 :
3201 2936 3468 3003 promittit
3502 2935 3647 2990 illius

2075 3033 2258 3101 gloria:
2306 3030 2549 3099 quedam
2582 3027 2838 3096 prreludia
2868 3043 2925 3079 se
2964 3027 3241 3089 datttrnm,
3296 3041 3359 3080 ac
3425 3028 3645 3078 transti-

2076 3122 2409 3192 gttratiouem
2463 3117 2643 3173 verbis
2692 3117 2842 3171 hisce
2890 3116 3155 3183 prtedicit,
3205 3130 3321 3184 qua:
3374 3116 3645 3182 specimen

392 3224 499 3273 σιν,
533 3208 655 3277 ἥτις
709 3204 777 3277 ἦν
833 3210 1195 3280 προμήνυμα,
1230 3211 1323 3263 καὶ
1370 3210 1539 3264 είκὼν
1579 3214 1679 3281 τῆς
1710 3215 1966 3284 φρικτῆς.

2078 3213 2370 3281 quoddam,
2404 3220 2458 3265 et
2486 3211 2665 3279 imago
2712 3209 2809 3262 fuit
2846 3209 3094 3263 secundm
3128 3208 3270 3262 illius
3310 3206 3648 3277 ingentisque

393 3301 491 3353 καὶ
541 3300 808 3371 δευτέρας
882 3303 1234 3371 ἐκλάμψεως,
1274 3305 1333 3355 ἐν
1473 3304 1612 3373 μετὰ
1685 3306 1780 3359 τοῦ
1835 3307 1969 3360 Θεοῦ

391 3393 769 3462 ἐκλάμψουσιν
798 3394 849 3446 oi
868 3394 1068 3447 δίκαιοι
1098 3398 1155 3448 ἐν
1186 3398 1251 3466 τῇ
1282 3396 1392 3449 τῶν
1439 3398 1684 3466 οὐρανῶν
1718 3398 1972 3470 βασιλείᾳ

392 3486 490 3553 τῆς
525 3485 703 3539 ἁῗδίου
759 3487 921 3557 δόξης
978 3487 1376 3556 πληρούμενοι.
1407 3489 1609 3541 Σκόπει
1665 3490 1723 3542 δέ
1756 3508 1844 3559 μοι
1875 3491 1970 3543 τοῦ

393 3577 557 3645 λόγου
598 3580 659 3631 τὸ
690 3580 943 3648 ἀκριϐές.
976 3581 1049 3632 Οὐ
1084 3582 1192 3651 γὰρ
1217 3577 1374 3633 εἶπεν
1405 3582 1592 3644 ἁπλῶς
1618 3600 1632 3613 ·
1662 3584 1785 3635 Είσί
1827 3602 1973 3648 τινες

391 3670 501 3722 τῶν
522 3664 649 3731 ὧδε,
675 3671 811 3724 ἀλλὰ
845 3673 1157 3742 προσέθηκε
1216 3674 1299 3737 τὸ,
1340 3692 1359 3725 t
1416 3672 1779 3744 Ἐστηκότων.
1820 3695 1838 3727 ι
1875 3677 1975 3730 Διὰ

393 3762 446 3815 τί
474 3780 488 3827 ;
521 3764 645 3815 Ὀτι
677 3764 847 3833 συνῆν
874 3764 1057 3828 αὐτοῖς
1101 3766 1306 3829 Ἰούδας
1331 3769 1357 3820 ό
1409 3768 1871 3837 χριστοκάπηλος,
1916 3770 1974 3834 ὃς

394 3857 491 3924 ούχ
521 3857 709 3909 ἵστατο
739 3860 806 3928 τῇ
842 3857 1023 3910 πίστει
1058 3859 1156 3921 τὰς
1184 3860 1282 3928 τῆς
1315 3862 1494 3930 ψυχῆς
1526 3860 1711 3928 βάσεις
1746 3862 1969 3929 ἐπερει-

393 3950 645 4018 δόμενος,
678 3948 816 4002 ἀλλὰ
853 3953 920 4019 τῇ
951 3950 1160 4021 διανοίᾳ
1198 3952 1503 4004 κατέπιπτε
1538 3951 1617 4021 τῷ
1646 3955 1745 4023 τῆς
1778 3954 1976 4015 κακίας

398 4041 561 4111 βάρει
591 4044 1059 4112 καταφερόμενος.
1108 4044 1246 4096 Ἀπὸ
1270 4044 1463 4097 τούτου
1484 4044 1614 4111 γοῦν
1645 4045 1976 4099 διαστέλλων

394 4136 524 4198 τοὺς
553 4135 772 4199 ἕνδεκα,
794 4136 921 4199 τοὺς
949 4137 1007 4187 ἐν
1036 4139 1100 4205 τῇ
1133 4136 1308 4208 πέτρᾳ
1330 4138 1427 4207 τῆς
1448 4136 1542 4190 τοῦ
1574 4137 1811 4207 Χριστοῦ
1836 4139 1977 4207 ἀγά-

396 4244 528 4295 πης,
564 4227 686 4288 τοὺς
734 4227 943 4279 ἑαυτῶν
1000 4228 1171 4289 πόδας
1209 4232 1513 4298 στήσαντας
1540 4248 1553 4261 ·
1593 4250 1610 4280 ‹
1645 4230 1784 4294 Εἰσὶ,
1821 4233 1975 4301 φησὶ,

395 4315 542 4378 τινὲς
567 4316 676 4368 τῶν
707 4312 808 4370 ὧδε
840 4318 1171 4387 ἑστηκότων,
1224 4320 1422 4383 οἵτινες
1468 4320 1528 4373 οὐ
1564 4321 1639 4391 μὴ
1690 4323 1979 4390 γεύσονται

398 4404 658 4470 θανάτουἸ
694 4407 826 4476 πρὶν
869 4407 935 4459 ἂν
982 4408 1134 4461 ῐδωσι
1169 4409 1267 4478 τὴν
1305 4408 1583 4478 βασιλείαν
1617 4411 1706 4464 τοῦ
1745 4412 1881 4464 Θεοῦ
1906 4430 1920 4443 ο
1953 4432 1971 4464 ι

396 4490 463 4564 ἧς
501 4496 598 4547 καὶ
628 4496 793 4565 ἡμεῖς
859 4497 1062 4560 πάντες
1119 4498 1176 4549 ἐν
1212 4497 1515 4551 ἀπολαύσει
1543 4498 1858 4568 γενοίμεθα,
1889 4499 1977 4551 ἐν-

395 4587 805 4657 δυναμούμενοι
833 4592 897 4659 τῇ
936 4590 1165 4658 δυνάμει
1195 4590 1292 4643 καὶ
1322 4590 1507 4659 χάριτι
1547 4592 1646 4643 τοῦ
1707 4591 1975 4655 ζωοποιοῦ

399 4680 662 4748 σταυροῦ,
717 4681 797 4742 είς
858 4680 919 4732 τὸ
950 4681 1355 4751 ἀπροσκόπτως
1408 4680 1641 4734 διελθεῖν
1683 4684 1781 4750 τῆς
1828 4684 1979 4752 ίερᾶς

400 4771 662 4840 νηστείας
698 4771 791 4823 τὸν
822 4771 1014 4832 πλοῦν,
1060 4773 1159 4825 καὶ
1209 4772 1345 4842 πρὸς
1375 4773 1469 4826 τὸν
1526 4772 1722 4842 λιμένα
1776 4774 1981 4841 φθάσαι

397 4861 495 4929 τῆς
528 4860 622 4913 τοῦ
655 4861 894 4930 Χριστοῦ
924 4863 1274 4926 ἀναστάσεως
1298 4902 1312 4927 ,
1347 4864 1434 4917 διὰ
1471 4866 1568 4934 τῆς
1598 4864 1843 4917 ἑκουσίου
1877 4882 1983 4919 κα-

400 4952 706 5016 κοπαθείας
754 4953 833 5023 τῷ
870 4954 1092 5024 Χριστῴ
1119 4955 1585 5027 συσταυρούμενοι
1621 4958 1713 5009 καί⁹
1749 4958 1980 5011 ἀκολουο

400 5042 627 5105 θοῦντες
648 5044 799 5112 αὐτῷ
829 5042 1017 5112 σαφῶς
1047 5046 1182 5114 ἡμῖν
1211 5043 1310 5113 τὴν
1338 5044 1457 5097 ὁδὸν
1488 5044 1581 5114 τῆς
1612 5047 1813 5117 ἀρετῆς
1846 5048 1979 5102 ὑπο⁴

398 5133 663 5201 δείξαντι,
723 5135 821 5188 καὶ
883 5137 983 5204 τῆς
1019 5135 1322 5206 μελλούσης
1354 5137 1511 5207 δόξης
1542 5138 1696 5208 αὐτῷ
1726 5142 1981 5211 κοινωνή-

402 5242 622 5288 σαντες,
654 5228 747 5279 καὶ
766 5226 877 5281 τῶν
903 5228 1157 5298 ἀρρήτων
1183 5228 1408 5281 ἐκείνων
1442 5229 1666 5296 ἀγαθῶν
1702 5230 1810 5283 τῶν
1844 5233 1985 5302 ὑπὲρ

2075 3304 2363 3369 claritatis,
2403 3318 2505 3372 qua
2536 3300 2695 3372 144
2716 3316 2817 3354 una
2848 3316 2967 3353 cum
2995 3299 3104 3354 Deo
3126 3301 3175 3352 itt
3201 3316 3365 3368 regno
3386 3298 3646 3351 cmlorum

2070 3397 2204 3467 justi
2239 3396 2541 3467 fulgebunt,
2567 3393 2898 3463 sempiterna
2955 3393 3127 3461 gloria
3188 3391 3389 3445 satiati.
3449 3390 3645 3444 Verum

2076 3488 2297 3542 adverte
2358 3486 2489 3541 mihi
2546 3484 2803 3554 loquendi
2862 3484 3243 3538 subtilitatem.
3314 3480 3430 3534 Non
3505 3481 3647 3534 enim

2074 3579 2392 3648 simpliciter
2440 3578 2623 3632 dixit:
2691 3576 2829 3630 Sunt
2877 3576 3096 3643 quidam
3161 3590 3224 3628 ex
3283 3574 3388 3639 his,
3423 3573 3512 3641 qui
3564 3573 3649 3625 hic

2076 3680 2222 3735 sunt,
2281 3670 2375 3725 sed
2446 3669 2697 3738 apposuit
2750 3681 2936 3720 vocem
2989 3666 3157 3729 illam,
3211 3685 3231 3718 ι
3287 3664 3585 3729 Stantibns,
3627 3683 3653 3717 ι

2076 3779 2236 3834 quam
2271 3763 2340 3817 ob
2371 3760 2633 3815 causam?
2658 3759 2801 3828 quod
2837 3766 2955 3812 erat
3004 3772 3108 3810 una
3149 3772 3270 3811 cum
3328 3756 3434 3811 illis
3483 3754 3651 3809 Jndas

2078 3854 2327 3907 venditor
2348 3850 2573 3913 Christi,
2606 3849 2697 3918 qui
2723 3864 2827 3903 non
2856 3846 3033 3901 stabat
3070 3848 3232 3916 pedes
3290 3848 3484 3899 anima:
3549 3847 3652 3897 lide

2078 3944 2327 4000 suifultos
2356 3943 2581 4004 habens,
2611 3940 2754 3995 sede
2790 3938 2995 3993 mentis
3011 3947 3155 3992 statu
3192 3934 3498 4000 decidebat,
3532 3951 3654 4003 pra-

2080 4041 2261 4092 vitatis
2294 4036 2533 4105 pontlere
2558 4032 2897 4088 deturbatus.
2932 4032 3011 4086 Ab
3052 4030 3154 4085 hoc
3199 4029 3363 4101 igitur
3404 4028 3651 4082 undecim

2079 4128 2345 4189 cxitnens,
2379 4124 2467 4193 qui
2506 4123 2557 4176 in
2586 4132 2735 4190 petra
2768 4120 3055 4176 cbaritatis
3084 4118 3289 4173 Christi
3349 4127 3655 4172 statuerant

2081 4219 2243 4288 pedes
2270 4230 2397 4269 suos
2435 4231 2449 4268 :
2486 4232 2504 4264 ι
2542 4212 2701 4277 Sunt,
2734 4212 2977 4281 quidam,
3008 4209 3207 4279 inquit,
3238 4214 3305 4263 de
3348 4207 3435 4262 hic
3462 4209 3655 4260 stanti-

2082 4310 2200 4373 bus,
2269 4308 2358 4377 qui
2408 4320 2512 4359 non
2568 4305 2860 4374 gustabunt
2919 4311 3172 4365 mortem,
3227 4300 3401 4354 donec
3440 4300 3657 4353 videant

2082 4415 2305 4469 regnum
2338 4398 2429 4451 Dei
2452 4414 2497 4450 ιι
2534 4411 2641 4465 quo
2668 4394 2873 4448 utinam
2895 4402 2949 4445 et
2975 4407 3073 4446 nos
3095 4406 3285 4445 omnes
3309 4388 3656 4457 perfruamur

2084 4488 2420 4545 corroborati
2448 4488 2664 4548 virtute,
2696 4493 2749 4539 et
2781 4484 2953 4553 gratia
3006 4482 3230 4535 viviﬁcaz
3279 4481 3459 4535 crucis
3516 4481 3652 4549 (27),

2087 4584 2151 4638 ad
2186 4580 2542 4653 peragendam
2594 4579 2712 4633 sine
2762 4576 3059 4630 oﬁensioue
3112 4574 3218 4626 ulla
3266 4573 3407 4627 sacri
3461 4571 3655 4641 jejunii

2087 4674 2516 4744 navigationem,
2549 4680 2601 4723 et
2634 4670 2698 4721 ad
2731 4678 2943 4736 portum
2971 4665 3406 4719 Resnrrectionis
3452 4664 3653 4717 Christi

2085 4766 2425 4835 capiendum,
2460 4777 2554 4832 per
2582 4758 2940 4814 voluntariam
3012 4772 3297 4827 poenarum
3346 4759 3657 4825 perpessio-

2085 4877 2209 4915 nem
2240 4875 2361 4913 cum
2396 4857 2514 4925 ipso
2542 4852 2811 4915 cruciﬁxi,
2849 4861 2901 4904 et
2964 4850 3135 4917 ipsum
3200 4859 3511 4918 sequentes,
3565 4850 3654 4919 qui

2087 4954 2242 5009 nobis
2274 4951 2487 5003 virtutis
2512 4947 2649 5000 viam
2686 4955 2867 5013 aperte
2898 4943 3346 4996 commonstravit
3373 4982 3386 5003 ,
3419 4950 3473 4995 et
3540 4952 3660 4995 tan-

2090 5052 2209 5104 dem
2250 5046 2438 5098 l’ntttra:
2478 5042 2658 5111 gloria:
2696 5054 2816 5091 cum
2848 5037 2963 5107 ipso
2996 5036 3283 5105 participes
3337 5035 3656 5099 CﬂtCilllle,

2085 5148 2484 5196 etarcanorum
2521 5132 2731 5186 illorum
2765 5130 3053 5192 bonorum,
3089 5144 3207 5195 qua:
3259 5143 3420 5192 supra
3486 5127 3658 5181 visum

2082 5243 2137 5286 et
2171 5230 2437 5289 auditum,
2476 5234 2765 5293 etcaptum
2801 5231 3044 5275 nostrum
3074 5231 3219 5287 sunt,
3256 5220 3397 5290 quod
3428 5229 3505 5273 est
3539 5234 3661 5273 esse

400 5318 551 5387 ίψιν,
582 5319 677 5370 καὶ
735 5318 925 5389 ἀκοὴν,
981 5320 1075 5373 καὶ
1124 5320 1386 5385 διάνοιαν,
1423 5322 1559 5387 ὅπερ
1609 5323 1726 5375 ἐστὶ
1752 5323 1813 5375 τὸ
1848 5327 1973 5394 μετέ

2084 5340 2205 5377 cum
2238 5318 2479 5383 Deo,cui
2528 5318 2755 5369 debetur
2792 5314 2984 5377 honor,
3031 5322 3084 5366 et
3138 5314 3310 5381 gloria
3357 5312 3408 5364 itt
3461 5310 3658 5364 Stccula

401 5409 542 5462 Θεοῦ
582 5405 723 5462 εἶναι
747 5426 759 5438 ·
784 5402 828 5477 ᾧ
861 5411 1061 5480 πρέπει
1092 5412 1249 5482 τιμὴ,
1276 5412 1371 5467 xui.
1396 5411 1548 5479 δόξα,
1581 5415 1662 5476 είς
1697 5416 1822 5480 τοὺς
1858 5416 1973 5468 αἰῶ-

2085 5411 2426 5464 smculorunt.
2458 5404 2656 5459 Amen.

403 5517 503 5553 va:
534 5500 644 5551 τῶν
672 5500 907 5554 αἰώνων.
958 5502 1152 5573 Ἀμήν,

476 5620 523 5650 ’³
562 5618 733 5672 Micb.
767 5639 805 5687 ι,
840 5618 896 5672 7.

1644 5688 1955 5750 Francisci
1997 5690 2201 5751 Settrsi
2237 5698 2424 5752 noue.

479 5794 595 5868 (27)
638 5791 821 5868 Gratia
855 5793 1075 5868 viviﬁcrr
1096 5793 1287 5868 cruci}.
1344 5793 1497 5853 Unde
1530 5794 1583 5851 in
1648 5796 1787 5853 hanc
1853 5804 2249 5868 perorationem
2308 5798 2452 5852 illata
2489 5810 2693 5854 sanetae
2738 5798 2917 5853 crucis
2986 5795 3207 5864 mentio,
3255 5795 3431 5850 disces
3484 5810 3547 5850 ex
3583 5795 3662 5849 in-

402 5866 705 5935 scriptione
731 5864 963 5919 bomilize
991 5872 1044 5920 ct
1074 5873 1197 5916 nota
1228 5864 1310 5918 l4.
