4024 6476
356 455 469 520 475

1568 442 2061 505 TIlEOPHANlS
2098 441 2443 503 CERAMEI

3514 432 3620 498 4'76

357 566 710 640 evangelicis,
743 575 795 619 et
824 560 1134 632 apostolicis
1168 558 1324 614 dit-tis
1356 557 1649 628 intelliges.
1684 556 1942 612 Sanctum

2046 557 2311 610 κάκωσιν.
2345 557 2469 609 Ὅτι
2526 553 2636 626 γάρ
2697 553 2963 625 μάστιγες
2992 546 3153 608 αὗται
3186 551 3622 624 σωφρονίζουσαι

360 664 560 731 quippe
584 657 938 726 Evangelium
970 650 1410 708 hminorihoissm
1437 649 1758 702 miraculum
1785 646 1941 700 nobis

361 766 642 821 exponens
689 765 705 801 :
743 766 761 798 ι
802 744 975 799 Sensit
1002 785 1016 808 ,
1058 742 1267 811 inquit,
1319 742 1462 810 quod
1512 747 1698 793 sanata
1735 746 1881 792 esset
1909 753 1939 789 a

362 843 513 912 plaga
544 840 617 906 ης
649 858 668 890 ι
698 837 991 906 Apostolus
1020 850 1147 888 vero
1172 833 1240 887 de
1266 832 1350 886 his
1375 832 1462 897 qui
1493 831 1713 901 indigne
1742 840 1942 899 myste-

359 939 440 992 ria
473 945 706 991 tractant
737 933 874 1003 (55),
908 933 985 985 ait
1018 948 1031 985 ε
1072 949 1091 982 ι
1126 930 1253 985 Ideo
1299 929 1443 982 inter
1473 942 1570 981 vos
1590 926 1739 981 multi
1774 927 1943 980 imbe-

360 1029 494 1090 cilli.
526 1038 579 1080 et
609 1025 889 1080 dormiunt
919 1024 1072 1077 multi
1103 1021 1171 1074 "'.
1209 1039 1229 1072 ι
1266 1018 1465 1073 Verum
1502 1019 1629 1073 dum
1666 1019 1944 1088 imperito-

367 1133 485 1171 rum
545 1117 856 1185 opiuionem
912 1116 1185 1183 corrigere
1248 1110 1599 1175 studuimus,
1656 1111 1812 1164 valde
1876 1111 1943 1164 ab

361 1210 631 1269 instituto,
700 1216 953 1275 rectoque
1003 1221 1164 1259 cursu
1222 1202 1557 1259 deﬂeximus.
1611 1202 1726 1272 Age
1788 1215 1940 1273 ergo,

360 1300 662 1355 orationem
700 1297 857 1369 147
894 1298 1051 1366 quasi
1087 1296 1436 1351 ferocientem
1483 1310 1680 1365 equum
1714 1296 1946 1350 adducto

356 1390 514 1446 freno
576 1390 795 1444 dextere
858 1399 1273 1453 convertamus,
1345 1385 1679 1456 prepositqu
1764 1386 1945 1439 thema

364 1494 671 1552 repetentes
705 1497 720 1535 ι

440 1681 461 1714 ι
498 1663 542 1719 0
572 1661 854 1732 generatio
909 1660 1207 1725 incredula,
1256 1670 1310 1715 et
1361 1672 1611 1730 perversa
1668 1672 1947 1727 usquequo

357 1768 459 1807 ero
498 1753 817 1809 vobiscum?
850 1766 1128 1822 usquequo
1179 1752 1354 1821 patiar
1413 1750 1542 1804 vos?
1589 1748 1793 1804 Alferte
1845 1752 1949 1805 huc

2041 647 2103 701 τὸ
2131 647 2406 701 ἀτακτοῦν
2432 646 2533 716 τῆς
2558 646 2760 716 ψυχῆς,
2799 646 3147 717 καταμάθοις
3177 645 3415 716 ἀπονητὶ
3446 663 3621 716 προσ-

2044 743 2187 812 έχων
2233 743 2352 803 τοῖς
2409 739 2794 808 εύαγγελικοῖς
2851 738 2949 791 καὶ
2973 738 3356 802 άποστολικοῖς
3386 740 3622 810 ῥήμασι,

2043 835 2117 887 Τὸ
2146 834 2244 904 μὲν
2279 834 2387 905 γὰρ
2425 833 2572 903 ἱερὸν
2613 831 2951 901 Εὑαγγέλιον
2998 833 3099 902 τῆς
3130 832 3535 904 αἱμορῤοούσης
3561 835 3625 886 τὸ

2044 926 2231 996 θαῦμα
2314 929 2446 997 ήμτν
2504 925 2927 996 ἀφηγούμενον·
2965 943 2984 977 ι
3025 926 3231 992 ¹Ἔγνω,
3287 927 3475 997 φησὶν,
3536 929 3622 980 ὅτι

2047 1020 2173 1089 ῑάθη
2228 1020 2336 1073 ἀπὸ
2390 1021 2490 1089 τῆς
2551 1022 2835 1090 μάστιγος.
2877 1037 2897 1071 ι
2944 1019 3003 1071 '0
3046 1017 3103 1072 δὲ
3142 1020 3468 1083 ’Λπόστολος
3495 1023 3624 1092 περὶ

2043 1108 2154 1163 τῶν
2182 1108 2418 1175 ἀναξίως
2442 1108 2552 1162 τῶν
2585 1109 2902 1178 μυστηρίων
2929 1108 3414 1176 ὲπιθιγγανόντων,
3445 1113 3578 1180 φησί
3607 1128 3622 1140 ·

2052 1222 2071 1256 ι
2107 1203 2206 1256 Διὰ
2233 1202 2395 1255 τοῦτο
2426 1204 2486 1254 ὲν
2517 1202 2647 1271 ὑμῖν
2680 1200 2866 1253 πολλοὶ
2884 1202 3182 1271 ἄρρωστοι,
3205 1202 3303 1254 καὶ
3324 1202 3626 1271 κοιμῶνται

2049 1294 2246 1349 ἱκανοί.
2285 1312 2303 1345 ι
2346 1293 2508 1346 Ἀλλὰ
2566 1293 2664 1362 τῆς
2696 1292 2914 1353 εὐθείας
2946 1291 3444 1361 ἀπεπλανήθημεν,
3477 1292 3625 1363 διορ-

2047 1388 2221 1440 θῶσαι
2248 1386 2567 1458 βουλόμενοι
2597 1386 2708 1438 τῶν
2763 1384 2994 1453 ἀμαθῶν
3033 1385 3134 1455 τὴν
3180 1385 3460 1440 ὑπόνοιαν.
3487 1387 3624 1452 Ἀγε

2046 1480 2133 1552 δὴ,
2162 1480 2254 1534 τὸν
2283 1479 2440 1547 λόγον
2473 1478 2726 1548 καθάπερ
2768 1478 2937 1531 ἱππον
2974 1477 3353 1546 άφηνιάσαντα
3406 1477 3626 1546 εὐφυῶς

2047 1573 2594 1645 ἡνιοστροφήσωμεν,
2623 1570 2685 1623 τὸ
2708 1570 2870 1641 ῥητὸν
2901 1568 3400 1638 έπαναλαῦόμενοισ

2127 1683 2147 1716 ι
2169 1661 2237 1716 Ὦ
2259 1664 2420 1733 γενεὰ
2439 1664 2642 1717 ἄπιστε
2665 1663 2758 1716 καὶ
2774 1662 3208 1734 διεστραμμένη,
3234 1661 3340 1723 ἕως
3358 1662 3487 1714 πότε
3504 1661 3630 1714 ἔσο-

2054 1773 2152 1826 μαι
2188 1755 2308 1827 μεθ’
2336 1755 2528 1826 ύμῶν;
2570 1754 2714 1816 Ἕως
2747 1754 2879 1807 πότε
2913 1753 3178 1822 ἀνέξομαι
3203 1752 3393 1822 optim;
3427 1754 3628 1822 Φέρετέ

366 1847 513 1900 illum
561 1847 627 1900 ad
686 1860 789 1900 me.
848 1864 868 1897 ι
927 1844 1041 1899 Mos
1092 1855 1174 1898 est
1221 1842 1511 1897 immundis
1563 1843 1842 1911 spiritibus
1877 1844 1942 1896 ad

2054 1862 2147 1915 μοι
2189 1844 2355 1898 αὑτὸν
2416 1838 2541 1898 ὧδε.
2567 1862 2585 1893 ι
2621 1843 2875 1896 Εῖθισται
2904 1845 3017 1906 τοῖς
3064 1844 3285 1911 μιαροῖς
3351 1841 3626 1912 πνεύμασι

364 1938 624 2007 quasdam
686 1937 825 1992 lunae
878 1937 1225 2002 mutationes,
1269 1935 1335 1988 iis
1380 1948 1518 2003 quos
1567 1944 1784 1998 vexant,
1832 1946 1942 1987 tur-

2051 1939 2195 1990 κατά
2209 1953 2360 2000 τινας
2385 1936 2676 2005 σεληναίας
2696 1934 2905 2005 τροπὰς
2922 1934 3021 2005 τὴν
3042 1934 3378 2004 παραφορὰν
3398 1935 3630 2000 ἐπάγειν

362 2028 640 2082 batiouem
696 2027 894 2083 mentis
948 2028 1193 2097 injicere.
1259 2024 1572 2091 Quorsum?
1616 2024 1685 2080 Ut
1736 2035 1942 2081 astrum

363 2130 393 2167 a
430 2115 539 2169 Deo
589 2124 735 2172 recte
786 2118 1058 2171 conditum
1118 2115 1231 2186 (36)
1288 2117 1354 2168 ad
1408 2124 1711 2169 creatarum
1765 2132 1944 2171 rerum

363 2209 689 2273 utilitatem,
758 2207 940 2265 lunam
997 2208 1493 2271 dico,detrimenti
1534 2223 1694 2263 causa
1752 2210 1943 2263 existi-

366 2310 573 2366 metur,
645 2311 806 2369 atque
861 2299 988 2355 inde
1041 2302 1266 2356 Creator
1324 2311 1384 2355 ut
1445 2302 1707 2357 malorum
1764 2304 1944 2371 epifex

364 2391 735 2461 vituperetur?
790 2393 847 2448 ld
902 2393 1170 2448 malitiose
1219 2394 1512 2449 commenti
1577 2396 1718 2451 hanc
1774 2397 1946 2450 disse-

365 2486 641 2538 iuiuarunt
681 2485 990 2553 opinionem
1016 2524 1031 2551 ,
1066 2487 1209 2555 quod
1254 2487 1380 2541 luna
1436 2487 1821 2552 incrementis,
1882 2502 1946 2542 ac

362 2577 724 2630 decremeutis
781 2576 897 2630 suis
921 2577 1190 2646 ejusmodi
1240 2577 1488 2649 caliginis
1537 2580 1608 2634 sit
1648 2579 1938 2634 effectrix:

366 2670 508 2723 unde
554 2667 825 2722 Iunaticos
869 2668 1211 2737 appellarunt
1258 2686 1323 2725 eo
1371 2673 1560 2725 morbo
1611 2672 1941 2728 laborantes.

365 2758 481 2813 llac
515 2761 677 2829 igitur
711 2760 1011 2815 instructus
1054 2777 1218 2830 prava
1249 2762 1507 2831 Opinione
1554 2764 1817 2817 accedens
1859 2763 1948 2817 hic

365 2850 550 2917 heluo,
575 2860 739 2920 atque
768 2853 817 2905 id
850 2854 993 2921 quod
1020 2862 1143 2906 erat
1173 2854 1355 2908 dicere
1377 2856 1634 2908 omittens
1654 2873 1668 2909 :
1690 2853 1947 2910 Miserere

364 2942 480 2996 tilio
506 2959 645 3008 meo,
664 2946 919 3013 quoniam
939 2945 1241 2998 daemonum
1267 2961 1428 3015 opera
1447 2948 1716 3015 agitatur:
1742 2965 1761 2997 ι
1786 2947 1943 3012 Quia,

369 3036 565 3106 inquit,
593 3037 865 3092 lunaticus
883 3045 999 3105 est;
1032 3055 1052 3089 ›
1080 3049 1246 3107 atque
1268 3038 1367 3092 hoc
1389 3054 1624 3108 arguens
1646 3039 1904 3093 Dominus
1927 3056 1943 3093 :

372 3148 390 3180 ι
428 3128 473 3183 0
502 3131 801 3199 generatio.
832 3129 929 3193 ait,
972 3129 1247 3184 incredula
1305 3137 1360 3183 et
1395 3145 1672 3199 perversa.
1712 3149 1732 3182 ι
1760 3130 1948 3200 Neque

2045 2032 2158 2093 τοῖς
2208 2028 2528 2098 πάσχουσιν.
2576 2027 2694 2081 Ἵνα
2722 2027 2774 2080 τί
2821 2027 3087 2094 γένηται;
3154 2026 3273 2078 Ἰνα
3323 2025 3383 2077 τὸ
3444 2024 3629 2088 καλῶς

2045 2119 2449 2191 δημιουργηθὲν
2479 2120 2707 2189 σημεῖον
2739 2116 2826 2169 ἐπ’
2858 2116 3191 2188 εὐεργεσίαν
3220 2117 3320 2185 τῆς
3367 2114 3626 2178 κτίσεως,

2047 2213 2080 2281 ή
2114 2212 2334 2280 σελήνη,
2368 2209 2536 2280 φημὶ,
2564 2207 2770 2279 βλάϐης
2792 2207 2966 2260 αἴτιον
3009 2206 3265 2277 νομισθῇ.
3312 2206 3629 2259 Κάντεῡθεν

2049 2301 2450 2371 βλασφημεῖται
2505 2301 2535 2353 ό
2594 2299 2819 2369 κτίστης
2854 2298 2930 2360 ὡς
2976 2297 3166 2351 κακῶν
3222 2298 3486 2367 ὑπάρχων
3528 2297 3624 2369 δη-

2050 2393 2332 2464 μιουργός.
2385 2392 2559 2446 Τοῦτο
2615 2391 2943 2461 πανούργως
2981 2390 3275 2460 νοήσαντες
3331 2391 3492 2456 δόξαν
3542 2392 3630 2447 ὲν-

2047 2486 2330 2556 έσπειραν,
2357 2484 2433 2548 ὡς
2455 2485 2488 2554 ἡ
2514 2484 2716 2556 σελήνη
2750 2488 2871 2549 ταῖς
2905 2485 3067 2548 ίδίαις
3094 2482 3413 2553 αὐξήσεσιν,
3443 2483 3475 2554 ἢ
3512 2500 3630 2551 μει-

2047 2577 2213 2629 ώσεσι
2279 2575 2380 2644 τὴν
2425 2574 2683 2645 τοιαύτην
2730 2576 3000 2629 σκότωσιν
3055 2572 3464 2644 ἀπεργάζεταισ
3500 2573 3626 2626 ὅθεν

2049 2669 2535 2739 σεληνιαζομένους
2569 2669 2799 2722 ἐκάλουν
2854 2671 2980 2731 τοὺς
3038 2668 3371 2738 πάσχοντας.
3434 2665 3624 2738 Ταύτῃ

2046 2763 2177 2833 γοῦν
2214 2766 2282 2834 τῇ
2324 2761 2734 2832 διεστραμμένη
2790 2760 2917 2832 δόξῃ
2940 2761 3173 2830 στοιχῶν
3230 2760 3326 2812 καὶ
3391 2753 3551 2822 οὗτος
3598 2760 3627 2811 ὁ

2047 2853 2356 2923 ἄνθρωπος,
2396 2854 2556 2921 ἀφεὶς
2613 2852 2791 2903 εἰπεῖν
2816 2852 2955 2921 ὅπερ
2983 2847 3087 2921 ἦν·
3147 2869 3164 2901 ι
3209 2850 3464 2920 Ἐλέησόν
3521 2865 3626 2918 μου

2046 2944 2138 2995 τὸν
2179 2942 2361 3007 tribu,»
2422 2943 2505 2995 ὅτι
2557 2940 2820 2995 σκοτώσει
2864 2944 3156 3013 δαιμονικῇ
3212 2943 3626 3013 παραφέρεται,

2048 3035 2236 3106 φησὶν,
2283 3053 2304 3086 ι
2335 3034 2456 3088 Ὀτι
2487 3033 2895 3104 σεληνιάζεται.
2926 3053 2945 3085 ι
2983 3033 3154 3087 Τοῦτο
3177 3033 3306 3103 γοῦν
3336 3034 3573 3103 ἐλέγχων
3597 3033 3629 3085 ό

2047 3126 2290 3195 Κύριοςο
2326 3142 2347 3176 ι
2376 3121 2448 3178 Ὦ
2486 3127 2669 3193 γενεά,
2706 3126 2893 3196 φησὶν,
2937 3125 3134 3179 ἄπιστε
3164 3126 3262 3179 καὶ⁸
3323 3126 3622 3195 διεστραμ-

366 3221 512 3274 euini
568 3234 878 3288 perversam
937 3219 1163 3290 insuper
1209 3220 1570 3289 appellasset,
1626 3222 1727 3275 nisi
1789 3221 1942 3289 hujus

2054 3218 2193 3288 μένη
2220 3220 2232 3272 l
2261 3237 2279 3271 ι
2311 3219 2427 3273 Οὐκ
2454 3219 2520 3273 ἂν
2546 3218 2608 3271 τὸ
2632 3218 3045 3290 διεστραμμένη
3075 3218 3440 3289 προσέθηκεν,
3478 3221 3526 3272 εί
3550 3218 3628 3290 μὴ

363 3313 637 3380 Opinionis
649 3313 1048 3381 perversiouem
1074 3312 1686 3382 vidissethituruotata
1709 3314 1942 3383 primmn

367 3403 469 3455 hoc
492 3411 650 3470 pacto
677 3402 976 3472 impietate,
1008 3403 1343 3458 curationem
1372 3404 1625 3473 adhibet;
1651 3421 1758 3460 non
1791 3406 1941 3460 enim

365 3508 579 3562 aequum
626 3495 956 3549 existimavit
1007 3498 1077 3551 ob
1104 3496 1274 3564 patris
1299 3496 1736 3552 incredulitatem
1769 3498 1940 3554 filium

365 3600 652 3641 commune
675 3586 998 3642 valetudinis
1013 3572 1332 3644 beneficium
1359 3604 1462 3644 non
1488 3589 1708 3646 lucrari.
1735 3591 1943 3647 Dauno-

368 3679 516 3764 ιιίιιιιι
546 3678 706 3748 igitur
728 3679 1072 3735 invisibiliter
1098 3683 1296 3736 ardens
1317 3682 1743 3738 irrevocabiliter
1758 3699 1945 3740 exces-

366 3769 459 3834 sit,
476 3784 606 3837 puer
619 3785 747 3826 vero
763 3771 1208 3841 tranquillitatem
1222 3774 1476 3829 divinitus
1490 3775 1667 3828 datam
1682 3775 1938 3830 obtinuit.

441 3879 462 3913 ι
501 3858 654 3916 Tunc
702 3873 1051 3918 accesserunt
1100 3862 1348 3933 discipuli
1403 3864 1469 3917 ad
1507 3862 1692 3920 Iesum
1731 3876 1943 3922 secreto

367 3952 649 4009 dicentes:
677 3954 859 4021 Quare
889 3970 984 4010 nos
1014 3971 1119 4010 non
1155 3956 1430 4024 potuimus
1478 3958 1677 4025 ejicere
1722 3959 1867 4013 illum
1883 3960 1934 4013 ἲ»

368 4045 583 4101 Discere
617 4048 822 4102 utiliter
869 4047 1115 4116 discipuli
1165 4048 1408 4115 cupiunt,
1440 4057 1623 4117 utpote
1664 4053 1756 4118 qui
1785 4061 1942 4105 erant

365 4137 644 4203 sapientiae
670 4135 782 4207 (37)
812 4137 979 4206 ipsius
1003 4137 1227 4199 alumni,
1258 4146 1311 4192 et
1341 4138 1586 4193 veritatis
1611 4141 1865 4206 studiosi,
1891 4151 1948 4198 et

365 4227 483 4296 ejus
525 4230 667 4296 quod
707 4242 794 4282 res
835 4237 1003 4293 esset,
1035 4228 1382 4300 indagatores
1413 4250 1427 4286 :
1461 4233 1806 4288 sciscitantur
1835 4249 1936 4289 au-

369 4326 501 4383 tem,
531 4317 656 4386 quid
690 4318 1072 4386 impedimento
1098 4318 1283 4385 fuerit,
1310 4324 1598 4391 quominus
1624 4324 1722 4394 ipsi
1748 4325 1948 4382 daemo-

439 4475 485 4507 "
515 4474 757 4547 Marc._v,
786 4475 876 4533 29.
951 4477 996 4510 "
1025 4477 1045 4535 Ι
1074 4477 1200 4536 Cor.
1227 4494 1303 4548 ιι,
1331 4480 1388 4536 5.

2048 3312 2148 3381 τὴν
2179 3311 2272 3364 τοῦ
2310 3311 2582 3382 δόγματος
2621 3311 2769 3381 ἑώρα
2824 3311 3182 3382 διαστροφήν.
3224 3310 3383 3365 Οὕτω
3437 3312 3626 3381 στηλι-

2046 3403 2245 3468 τεύσας
2268 3403 2533 3475 πρότερον
2556 3404 2653 3475 τὴν
2687 3404 2964 3467 ἀσέϐειαν,
3022 3402 3275 3472 ἐπιφέρει
3326 3409 3426 3475 τήν
3460 3404 3627 3469 ἴασιν,

2048 3496 2356 3567 παράλογον
2377 3496 2723 3567 ἡγησάμενος
2744 3495 2834 3549 διὰ
2860 3498 2959 3566 τὴν
3005 3497 3280 3569 πατρικήν
3332 3496 3624 3558 ἀπιστίαν,

2045 3589 2140 3642 τὸν
2190 3589 2358 3643 παῖδα
2401 3590 2477 3661 μὴ
2506 3591 2604 3660 τῆς
2635 3589 2823 3658 κοινῆς
2855 3588 3132 3659 σωτηρίας
3162 3589 3492 3643 ἀπόνασθαι.
3550 3590 3627 3642 Τὸ

2050 3683 2149 3753 μὲν
2189 3683 2282 3737 οὖν
2318 3683 2595 3755 δαιμόνιον
2626 3684 2876 3752 ἀοράτως
2901 3683 3234 3753 φλεγόμενον
3284 3683 3458 3754 ᾤχετο
3489 3685 3629 3753 ἀμε-

2049 3766 2354 3847 ταστρεπτί
2372 3791 2386 3807 ο
2413 3776 2444 3828 ὁ
2467 3773 2525 3827 δὲ
2559 3776 2689 3836 παῖς
2725 3773 2876 3836 θείας
2898 3775 3141 3845 γαλήνης
3162 3774 3477 3844 άπήλαυσε.

2131 3886 2151 3920 ι
2189 3868 2322 3920 Τότε
2347 3866 2740 3936 προσελθόντες
2760 3867 2811 3919 οἱ
2846 3866 3088 3937 μαθηταὶ
3118 3867 3213 3920 ἆτε
3227 3866 3325 3933 τῆς
3353 3866 3517 3919 αὐτοῦ
3540 3883 3632 3919 σο-

2048 3959 2177 4029 φίας
2216 3959 2553 4029 ὑπάρχοντες
2591 3957 2869 4030 φοιτηταὶ,
2896 3957 2992 4010 καὶ
3026 3959 3124 4025 τῆς
3149 3957 3408 4027 ἀληθείας
3458 3960 3628 4026 ἐκζη-

2046 4053 2228 4121 τηταὶ,
2253 4054 2348 4104 καὶ
2377 4051 2473 4103 τοῦ
2504 4051 2655 4113 ὃντος
2685 4051 2999 4122 ὲρευνηταὶ,
3026 4053 3119 4103 καὶ
3151 4049 3378 4119 ζητοῦσι
3428 4050 3627 4119 μαθεῖν

2044 4141 2097 4196 τί
2121 4143 2183 4195 τὸ
2212 4141 2462 4195 κωλύσειν
2489 4142 2711 4206 αὐτοὺς,
2741 4141 2819 4212 μὴ
2843 4140 3180 4209 φυγαδεῦσαι
3210 4142 3300 4194 τὸν
3353 4141 3588 4210 δαίμονα
3609 4159 3625 4173 ·

2042 4232 2211 4305 ᾤοντο
2233 4233 2343 4304 γὰρ
2371 4233 2566 4304 μήπως
2594 4235 2703 4286 εἰσί
2755 4250 2879 4285 τινα
2925 4234 3220 4296 πνεύματα
3280 4232 3495 4301 πονηρὰ
3551 4233 3628 4303 μὴ

2040 4324 2422 4397 κατεπτηχότα
2447 4324 2545 4398 τήν
2572 4325 2797 4400 ἐκείνων
2828 4324 3005 4396 ίσχύν.
3035 4323 3104 4378 Τί
3121 4323 3215 4377 οὖν
3241 4325 3270 4376 ὁ
3287 4323 3518 4394 Σωτήρ;
3548 4326 3623 4378 Oti

1595 4591 1920 4654 Francisci
1954 4592 2158 4655 Scorsi
2194 4599 2382 4654 noue.

443 4714 555 4787 (‘55)
588 4713 827 4787 _Indigue
856 4719 1102 4786 mysteria
1137 4728 1387 4771 tractant.
1423 4716 1499 4770 Ita
1545 4718 1708 4772 etiam
1741 4717 1937 4786 accipit
1971 4722 2015 4776 ι)
2046 4716 2149 4771 illze
2193 4719 2440 4786 corporis
2479 4716 2682 4771 eﬂ‘ectze
2710 4718 2842 4782 sint,
2867 4722 2959 4772 sed
2998 4716 3098 4771 hoc
3142 4733 3207 4772 ex
3247 4732 3407 4786 prava
3440 4718 3622 4772 homi-

369 4783 550 4838 loe'uui
587 4783 741 4855 Pauli
781 4784 821 4848 Ι,
854 4783 926 4840 ad
978 4787 1225 4841 Corinth.
1287 4802 1406 4855 cap.
1462 4803 1540 4840 XI.
1607 4783 1937 4840 Ansclmu's:

369 4856 521 4909 Multi
544 4865 659 4923 post
689 4852 920 4920 Pascha,
947 4858 1141 4925 inquit,
1164 4857 1326 4910 variis
1347 4852 1542 4911 inm-bis
1560 4858 1940 4924 corripiuntur,

370 4926 492 4995 quia
518 4925 728 4995 indigne
745 4940 934 4991 corpus
954 4925 1151 4981 Christi
1174 4936 1505 4995 acceperunt.
1536 4926 1668 4981 Vide
1699 4937 1752 4981 et
1774 4926 1866 4980 Co:
1884 4942 1938 4980 n.

372 4993 402 5047 α
442 4993 666 5061 Lapitte,
696 4993 748 5046 in
786 4996 926 5048 liunc
952 4995 1152 5050 locum.

444 5060 555 5132 (56)
588 5060 654 5115 Ut
690 5063 896 5131 signum
931 5081 963 5117 a
1000 5065 1106 5118 Deo
1132 5076 1267 5120 recte
1293 5066 1585 5120 conditum.
1609 5064 1829 5119 Certum
1860 5074 1942 5119 est

371 5129 668 5204 lunaticum
701 5129 766 5185 de
798 5148 907 5204 quo
953 5136 1041 5188 hic
1083 5135 1273 5189 Matth.
1304 5151 1423 5204 cap.
1458 5150 1553 5190 xui
1586 5137 1785 5204 agitur,
1832 5152 1938 5189 non

374 5202 629 5265 naturali,
664 5214 811 5257 certe
834 5203 1004 5257 solum
1030 5244 1045 5269 ,
1087 5210 1183 5259 sed
1217 5224 1245 5259 a
1273 5202 1517 5260 daemone
1542 5202 1705 5258 etiam
1733 5206 1947 5258 incusso

374 5273 565 5342 morbo
599 5283 849 5342 vexatum
875 5290 890 5337 ;
924 5275 1120 5342 quippe
1160 5292 1283 5328 cum
1312 5277 1561 5329 eumdem
1592 5281 1816 5328 sanctus
1841 5274 1945 5326 Lu-

375 5355 469 5395 cas
522 5340 910 5394 daemoniacum
951 5340 1118 5396 fuisse
1145 5346 1403 5409 declaret,
1458 5343 1673 5398 Marcus
1712 5345 1937 5397 surdum

374 5420 431 5483 et
481 5419 685 5463 mutum
704 5412 972 5483 appellet.
1020 5414 1200 5478 Quare
1233 5415 1395 5483 igitur
1451 5414 1718 5483 lunaticus
1755 5414 1943 5483 appel-

379 5479 538 5551 letur,
582 5482 774 5534 merito
810 5482 975 5548 quaeri
1001 5494 1174 5549 potest
1208 5479 1514 5551 ut'rumque.
1546 5482 1721 5551 Aliqui
1752 5479 1942 5536 Patres

379 5548 545 5603 fuisse
577 5561 789 5618 putant,
827 5562 882 5604 et
908 5567 935 5603 a
969 5548 1148 5606 causis
1183 5548 1538 5615 naturalibus,
1565 5562 1621 5605 et
1646 5548 1674 5606 ἐι
1700 5553 1944 5605 daemone

377 5618 535 5689 illpni
580 5621 851 5674 hominem
907 5618 1238 5675 alﬂictatum.
1277 5623 1334 5675 In
1365 5638 1465 5689 qua
1497 5623 1761 5676 sententia
1795 5623 1944 5674 vide-

380 5695 464 5739 tur
492 5688 581 5741 hic
614 5690 776 5742 Pater
804 5704 946 5756 esse,
975 5692 1064 5758 qui
1091 5694 1200 5745 vult
1243 5688 1517 5747 dtemOnes
1546 5693 1819 5744 abundare
1846 5693 1943 5742 lm-

382 5769 589 5832 inorum
643 5763 890 5832 materie,
931 5764 995 5813 ad
1034 5760 1281 5816 homines
1332 5764 1479 5815 varie
1530 5775 1595 5832 ac
1618 5761 1767 5832 varie
1797 5774 1942 5832 mor-

382 5819 464 5874 bis
505 5819 895 5893 exagitandosi
936 5845 1041 5883 non
1084 5841 1262 5885 tamen
1319 5832 1439 5885 ideo
1491 5831 1595 5883 dici
1640 5829 1937 5883 lunaticum

390 5899 562 5958 putat,
607 5898 758 5963 quasi
789 5912 819 5950 a
868 5899 1009 5953 lunae
1064 5900 1448 5957 mutationibus
1511 5901 1939 5968 perturbationes

2049 4802 2176 4841 num
2208 4788 2460 4856 opinione
2487 4790 2747 4841 daemonis
2769 4803 2931 4858 opera
2967 4790 3314 4841 disseminata
3336 4786 3623 4858 jactatum,

2047 4866 2108 4912 ut
2147 4860 2270 4911 luna
2316 4872 2479 4911 causa
2527 4859 2651 4911 mali
2688 4856 3053 4920 existimetur,
3104 4868 3269 4925 atque
3322 4861 3455 4911 adeo
3483 4856 3628 4914 Deus

2046 4927 2206 4979 etiam
2269 4941 2446 4980 rerum
2486 4928 2734 4981 comlitor
2783 4929 3093 4980 infametur.
3153 4928 3324 4993 Quam
3376 4928 3626 4982 eauidt-m

2045 5009 2269 5065 causam
2299 4996 2415 5064 ejus
2440 4996 2825 5063 appellationis
2862 4997 3091 5050 afferunt
3135 4996 3415 5065 Origenes.
3450 5006 3621 5052 tract.

2045 5081 2118 5136 iv,
2143 5068 2194 5118 in
2219 5063 2406 5119 Matth.
2427 5066 2752 5136 ;_Chrysost.
2775 5068 2919 5121 hom.
2950 5067 3018 5120 58
3038 5082 3053 5132 ;
3071 5063 3305 5136 illieron.
3334 5067 3384 5119 in
3410 5065 3623 5120 Comm.

2045 5135 2099 5188 in
2134 5150 2263 5206 cap.
2309 5150 2395 5206 tv.
2451 5134 2706 5203 idemque
2743 5137 2906 5199 Beda,
2946 5145 3001 5190 et
3067 5135 3388 5206 Euthymins
3410 5146 3618 5190 norunt

2044 5208 2184 5273 apud
2222 5204 2581 5259 Maldonatum
2618 5207 2670 5258 iu
2704 5207 2848 5260 hunc
2880 5206 3081 5260 locum.
3115 5204 3385 5260 Caeterum
3440 5216 3624 5257 utrum

2042 5276 2205 5327 etiam
2267 5277 2388 5328 luna
2446 5275 2561 5328 suis
2602 5274 2893 5330 influxihus
2949 5290 3088 5342 quos
3156 5286 3370 5336 vocant,
3415 5276 3467 5327 iu
3506 5276 3624 5328 hzee

2041 5346 2230 5399 eadem
2285 5343 2421 5396 mala
2465 5345 2667 5414 aliquid
2719 5348 3003 5399 conferant
3040 5346 3277 5399 viderint
3302 5345 3495 5398 medici
3554 5361 3621 5398 ac

2042 5415 2251 5483 physici
2283 5414 2711 5483 philosophiggui
2748 5417 2863 5469 haec
2887 5415 3188 5482 disputant.

2117 5484 2228 5555 (57)
2268 5481 2573 5555 Sapientior.
2596 5481 2723 5538 Tria
2758 5481 2994 5543 ἰσόκωλα
3029 5499 3149 5552 qua;
3191 5482 3623 5555 continentem:—

2043 5551 2156 5623 sam
2210 5569 2308 5605 cnr
2339 5554 2580 5621 discipuli
2634 5555 2914 5608 Dominum
2968 5551 3618 5623 interrogariut,omissa

2052 5621 2263 5680 fuerant
2326 5623 2376 5674 in
2438 5623 2495 5677 P.
2528 5637 2543 5686 ;
2602 5623 2672 5676 ita
2705 5633 2881 5677 tamen
2933 5634 2991 5677 ut
3023 5621 3218 5678 sensus
3247 5623 3363 5675 sine
3397 5622 3481 5674 his
3514 5637 3618 5672 nou

2050 5693 2283 5763 deficere
2318 5691 2602 5746 videretur.
2654 5692 2846 5763 cheri
2885 5702 3060 5748 tamen
3090 5708 3149 5747 ea
3177 5693 3228 5746 in
3253 5690 3345 5756 G.;
3378 5699 3503 5744 sunt
3529 5705 3621 5741 au.

2052 5771 2156 5844 tem
2213 5762 2308 5814 ᾶτε
2364 5764 2463 5834 τῆς
2518 5763 2684 5817 αὑτοῦ
2736 5762 2955 5834 ίσοφίας
3024 5783 3192 5834 usque
3257 5782 3325 5817 an
3374 5764 3626 5831 ἐρευνηο

2046 5847 2157 5884 ται.
