4024 6428
297 383 402 449 489

1647 382 1982 443 HOMlLIA
2021 384 2233 448 XXIV.

3466 383 3575 451 490

294 495 390 551 τοῦ
417 493 670 567 σώματος
710 497 1025 570 ὑπογράφει
1056 498 1228 566 θέσιν,
1260 498 1336 562 ὡς
1373 499 1440 553 ἂν
1484 496 1559 571 μὴ
1589 497 1881 560 διαπαντῖς

2001 497 2334 552 :ommodum
2387 495 2639 569 designat
2691 500 2928 570 partium
2978 498 3224 570 corporis
3271 496 3454 562 situm,
3503 514 3572 555 ne

294 591 485 665 κάμνῃ
525 591 628 662 τῆς
682 594 928 666 ἀγκύλης
960 593 988 646 ὀ
1019 594 1195 659 τόνος,
1239 593 1325 664 ἐφ’
1356 592 1552 648 ἑαυτοῦ
1596 593 1658 646 τὸ
1712 590 1880 663 βάρος

288 685 502 755 ἀνέχων
531 686 628 740 τοῦ
671 687 959 758 σώματος·
988 689 1082 741 ἐπὶ
1123 687 1182 742 δὲ
1214 690 1313 759 τῆς
1363 688 1670 760 μελλούσης
1724 687 1882 759 δόξης

292 778 460 847 τιμῆς
511 779 790 852 ὑπεροχὴν
831 782 864 852 ἡ
901 781 1140 854 καθέδρα
1180 782 1458 851 σημαίνει.
1495 782 1568 836 Τὸ
1610 782 1688 842 δὲ,
1727 781 1882 834 (Οὐκ

290 871 440 926 ἔστιν
502 873 636 943 ἐμὸν
680 873 924 940 comat,»
984 875 1086 929 οὐκ
1149 874 1454 945 ἀδυναμίαν
1511 874 1880 929 ἐνδείκνυται·

291 966 410 1029 πῶς
442 967 554 1036 γὰρ
589 967 656 1018 ἂν
695 967 727 1038 ή
754 966 848 1019 τοῦ
879 967 1016 1021 Θεοῦ
1056 969 1290 1038 δύναμις
1315 969 1610 1040 ἀνίσχυρος
1632 968 1878 1037 γένοιτο;

290 1056 426 1109 ἀλλὰ
454 1056 547 1108 τὸν
571 1057 794 1127 ἀρῤεπῆ
818 1056 982 1124 ζυγὸν
1012 1057 1112 1128 τῆς
1137 1059 1486 1129 δικαιοσύνης
1514 1059 1878 1131 μαρτύρεται.

292 1148 502 1217 Κριτοῦ
536 1148 648 1218 γὰρ
684 1148 986 1203 ἀδεκάστου
1023 1151 1085 1204 τὸ
1143 1154 1258 1215 τοῖς
1309 1151 1571 1223 ἀθληταῖς
1601 1152 1883 1222 ἀναλόγως

292 1239 590 1311 βραϐεύειν
626 1241 697 1292 τὰ
743 1238 976 1304 ἔπαθλα,
1015 1242 1077 1295 οὐ
1113 1243 1220 1312 μὴν
1257 1243 1314 1296 τὸ
1347 1242 1436 1296 διὰ
1477 1243 1641 1313 χάριν
1691 1261 1884 1315 προτι-

293 1334 402 1403 μᾷν
425 1333 539 1385 τῶν
571 1331 845 1402 μειζόνων
874 1333 1003 1396 τοὺς
1033 1334 1289 1404 ἥττονας,
1319 1335 1414 1388 καὶ
1449 1336 1563 1389 τῶν
1603 1338 1884 1407 ἀγωνισα-

293 1427 476 1495 μένων
501 1426 632 1488 τοὺς
663 1425 740 1496 μὴ
765 1424 1144 1497 ἀθλήσανταςο
1177 1427 1267 1481 διά
1294 1427 1453 1481 τοῦτό
1487 1446 1654 1499 φησιν
1676 1445 1691 1462 ·
1722 1450 1742 1484 ι
1768 1432 1885 1486 Οὐκ

290 1516 442 1570 ἔστιν
475 1518 612 1588 ἐμὸν
646 1517 854 1585 δοῦναι,
879 1538 895 1570 ι
925 1518 1063 1572 ἀλλά
1092 1522 1206 1584 τοῖς
1256 1521 1348 1576 τὸν
1400 1523 1591 1590 ἀγῶνα
1621 1525 1882 1598 νικήσασι

289 1611 358 1663 τὰ
391 1609 494 1678 τῆς
511 1611 678 1682 τιμῆς
697 1611 1006 1666 ἀπόκειται.
1028 1612 1202 1666 Τοῦτο
1218 1613 1274 1666 δέ
1300 1631 1488 1684 φησιν,
1512 1616 1610 1689 οὐχ
1635 1617 1718 1670 ὅτι
1746 1618 1881 1674 καθ-

293 1701 456 1754 ιεῖταί
485 1718 572 1766 τις
623 1702 682 1756 ὲν
713 1705 780 1772 τῇ
815 1702 1087 1776 μελλούσῃ
1124 1704 1251 1775 δόξῃ
1293 1706 1431 1774 μετά
1463 1707 1558 1760 τοῦ
1600 1709 1758 1762 Θεοῦ·
1785 1712 1883 1765 ἐκ·

290 1792 572 1858 φαντικῶς
602 1791 712 1863 γὰρ
741 1793 942 1860 ἔδειξεν
963 1797 995 1865 ἡ
1015 1793 1346 1868 εὐαγγελικὴ
1379 1796 1533 1869 φωνὴ
1561 1801 1619 1851 ὲν
1641 1799 1717 1870 τῷ
1753 1804 1885 1874 περὶ

288 1886 388 1952 τῆς
434 1885 745 1956 μελλούσης
789 1885 1031 1956 κρίσεως
1085 1887 1418 1960 διηγήματι,
1448 1891 1532 1944 ὅτι
1589 1893 1778 1962 στήσει
1815 1894 1884 1947 τὰ.

299 1979 399 2047 μὲν
432 1978 686 2046 πρόϐατα
718 1979 782 2032 ὲκ
797 1977 1133 2047 deﬁunt/mai.
1156 1982 1224 2035 τά
1257 1983 1448 2059 έρίιρια
1481 1982 1540 2049 ἐξ
1565 1983 1886 2054 εὐωνύμων.

295 2067 469 2136 Δῆλον
495 2068 554 2120 δὲ
582 2068 658 2132 ὡς
687 2069 720 2140 ἠ
755 2067 946 2132 στάσις
992 2069 1096 2138 τῆς
1154 2070 1429 2142 καθέδρας
1480 2074 1887 2145 παρήλλακται,

293 2163 432 2229 ἀλλ’,
464 2163 543 2226 ὠς
582 2163 742 2235 ἔφην,
791 2163 962 2234 τιμῆς
1010 2163 1291 2235 ὑπεροχὴν
1325 2165 1412 2220 διὰ
1460 2165 1566 2237 τῆς
1619 2167 1889 2242 καθέδρας

291 2255 535 2326 ᾐνίξατο.

371 2366 389 2394 σ
419 2348 533 2399 Καὶ
570 2347 909 2411 ἀκούσαντες
965 2351 1014 2402 οἱ
1073 2349 1211 2404 δέκα
1264 2350 1506 2420 ἤρξαντο
1558 2353 1891 2422 ἀγανακτεῖν

293 2442 424 2513 περὶ
457 2441 722 2494 Ἰακώϐου
777 2442 873 2495 καὶ
910 2442 1185 2496 Ἰωάννου.
1219 2462 1238 2494 ι
1293 2443 1534 2507 Ἀτελεῖς
1560 2445 1721 2509 ὄντας
1767 2449 1893 2512 τοὺς

295 2534 554 2604 μαθητὰς
579 2535 735 2588 οὐδὲν
765 2535 997 2600 ἀπεικὸς
1037 2537 1134 2589 καὶ
1165 2537 1288 2599 ταῖς
1341 2537 1492 2590 ἁκίσι
1540 2537 1634 2590 τοῦ
1695 2538 1891 2609 φθόνου

292 2627 706 2700 τιτρώσκεσθαι
728 2643 742 2656 ⁶
776 2629 860 2682 διὸ
888 2630 984 2683 καὶ
1013 2628 1390 2695 ἀγανακτοῦσι
1435 2631 1576 2684 κατά
1604 2631 1714 2684 τῶν
1750 2650 1893 2704 συμ-

296 2721 578 2791 φοιτητῶν
602 2721 699 2790 τὴν
722 2721 864 2791 ὑπὲρ
889 2723 1016 2784 τοὺς
1041 2722 1237 2786 ἄλλους
1258 2724 1555 2796 προεδρίαν
1583 2726 1892 2797 ζητούντων

296 2815 508 2868 λαϐεῖν.
561 2813 704 2866 Ἀλλ’
733 2814 876 2867 οὕτω
919 2815 1018 2884 μέν
1053 2833 1199 2879 τινες
1222 2815 1332 2868 τῶν
1357 2816 1464 2886 πρὸ
1493 2818 1653 2886 ἡμῶν
1690 2819 1894 2892 ἐξηγή-

299 2923 487 2958 σαντο.
528 2907 682 2975 Ἐμοὶ
727 2904 784 2958 δὲ
817 2907 878 2958 οὑ
910 2906 1217 2977 βασκανίας
1260 2908 1411 2962 δοκεῖ
1459 2909 1686 2974 ἔνδειξις
1717 2914 1750 2980 ἡ
1786 2913 1896 2965 τῶν

302 2998 570 3068 μαθητῶν
591 2999 992 3069 ἀγανάκτησις.
1025 2999 1163 3051 Οὐδὲ
1193 2999 1303 3070 γὰρ
1327 3001 1384 3052 ὲν
1412 3003 1523 3063 τοῖς
1549 3001 1728 3064 ἄλλοις
1761 3021 1896 3074 προ-

298 3091 660 3160 τιμωμένους
712 3089 949 3160 ορῶντες
1005 3089 1450 3160 ὲζηλοτύπησαν.
1492 3091 1624 3145 Ὅτε
1670 3093 1779 3164 γὰρ
1835 3094 1896 3147 τὸ

1985 604 2222 660 genuum
2280 589 2452 647 ﬂexus
2510 593 2675 649 nimia
2725 594 3078 650 contentione
3130 592 3474 661 del'atiscant,
3527 591 3575 646 si

1985 699 2082 753 per
2113 697 2172 738 se
2219 683 2366 753 ipsos
2397 685 2645 755 corporis
2691 687 2904 755 pondus
2946 687 3220 743 sustinere
3269 696 3572 757 cegantur;

1983 775 2038 829 in
2071 773 2254 829 futura
2277 789 2408 831 vero
2436 775 2606 845 gloria
2624 777 2914 846 quamdam
2944 778 3169 835 honoris
3200 778 3573 849 praestantiam

1985 867 2265 938 signiticet
2318 867 2512 923 sessio.
2564 867 2717 935 Quod
2757 885 2904 926 .vero
2964 871 3208 931 dicitur:
3246 889 3266 923 ι
3321 870 3440 926 Non
3492 880 3576 927 est

1985 977 2167 1016 meum
2222 963 2356 1015 dare
2413 961 2606 1026 vobis,”
2637 980 2658 1013 ι
2702 976 2809 1017 non
2867 964 3106 1019 ostendit
3151 963 3572 1034 impotentiam;

1986 1054 2262 1124 quomodo
2293 1053 2440 1108 enim
2473 1053 2744 1124 impotens
2791 1054 2973 1110 divina
3005 1058 3180 1113 virtus
3211 1058 3448 1114 evadat?
3475 1061 3572 1116 sed

1979 1146 2211 1216 justitite
2238 1145 2604 1213 aequilibrium
2631 1147 2683 1202 in
2704 1156 2954 1202 neutram
2979 1151 3326 1219 propendens
3357 1163 3570 1220 partem

1986 1241 2249 1296 ostendit.
2296 1241 2600 1311 lncorrupti
2645 1242 2792 1294 enim
2834 1240 3038 1312 judicis
3092 1251 3175 1296 est
3224 1246 3575 1312 preportione

1988 1332 2310 1388 meritorum
2341 1333 2560 1388 athletis
2613 1333 2906 1387 decernere
2953 1330 3196 1402 praemia,
3237 1351 3412 1403 neque
3445 1352 3575 1389 vero

1987 1425 2176 1496 gratiae
2206 1440 2368 1482 causa
2397 1425 2716 1480 melioribus
2746 1425 3004 1494 praeferre
3040 1425 3276 1495 pejores,
3313 1436 3366 1480 et
3399 1439 3578 1481 certa-

1991 1520 2198 1576 toribus
2250 1535 2344 1574 eos
2380 1519 2474 1586 qui
2521 1519 2743 1572 minime
2779 1528 3165 1586 certaverunt;
3218 1519 3361 1582 ideo,
3407 1537 3426 1570 ι
3459 1518 3575 1573 Neu

1987 1623 2094 1679 est,
2133 1614 2230 1678 ait,
2268 1629 2448 1668 meum
2477 1613 2609 1666 dare
2637 1611 2814 1678 vobis,
2847 1631 2865 1664 ι
2903 1612 2999 1667 sed
3052 1611 3118 1667 iis
3155 1613 3246 1681 qui
3299 1622 3578 1668 certamen

1988 1706 2241 1768 vicerint,
2286 1704 2511 1760 honoris
2544 1705 2764 1773 praemia
2800 1705 3035 1774 reposita
3066 1716 3216 1759 sunt.
3251 1703 3363 1760 lloc
3394 1715 3578 1760 autem

1987 1799 2140 1865 dicit,
2175 1814 2279 1854 non
2310 1799 2450 1868 quod
2479 1813 2838 1854 consessurus
2869 1799 2941 1852 sit
2987 1814 3108 1853 cum
3164 1807 3272 1854 Deo
3307 1801 3577 1872 quispiam

1993 1891 2046 1945 in
2081 1892 2263 1945 futura
2296 1890 2500 1959 gloria;
2537 1873 2822 1959 perspiEue
2850 1890 2995 1944 enim
3021 1892 3376 1961 evangelicus
3396 1907 3580 1947 serum

1998 1984 2054 2038 in
2088 1980 2254 2037 futuri
2291 1983 2480 2052 judicii
2508 1982 2871 2052 descriptione
2896 1982 3162 2046 declarat,
3194 1985 3337 2052 quod
3377 1993 3584 2040 statuet

1993 2092 2122 2132 oves
2153 2091 2181 2130 a
2217 2075 2442 2139 dextris,
2474 2075 2659 2130 htedos
2691 2090 2824 2129 vero
2848 2091 2877 2129 a
2902 2074 3142 2130 sinistris
3167 2076 3212 2107 ¹⁶
3247 2077 3579 2131 :stationem

1996 2186 2125 2224 vero
2165 2169 2396 2224 sessioui
2426 2169 2622 2238 Opponi
2651 2167 3001 2223 manifestum
3037 2178 3153 2224 est:
3191 2171 3307 2232 sed,
3343 2183 3402 2224 ut
3445 2171 3580 2237 dixi,

1994 2262 2222 2317 honoris
2247 2262 2571 2316 excellentia
2607 2261 2873 2316 vocabulo
2902 2261 3164 2316 sessionis
3191 2262 3510 2319 involvitur.

2074 2377 2092 2409 ι
2126 2357 2193 2411 Ει
2228 2357 2512 2409 audientes
2541 2355 2729 2407 decem
2763 2363 3045 2421 cmperunt
3089 2354 3360 2422 indignari
3398 2357 3464 2410 de
3489 2354 3583 2409 Ja-

1997 2449 2134 2504 coho
2186 2458 2240 2504 et
2314 2448 2544 2504 Joanne.
2587 2466 2606 2499 ι
2655 2447 3009 2516 ltuperl‘ectos
3059 2449 3242 2504 adhuc
3291 2449 3586 2518 discipulos

1998 2542 2217 2598 invidiae
2245 2541 2450 2596 aculeis
2475 2540 2788 2595 stimulatos
2825 2553 2932 2594 non
2965 2539 3232 2595 absonum
3265 2551 3388 2600 est:
3413 2556 3586 2612 quare

1997 2653 2027 2690 a
2055 2642 2262 2690 'versus
2299 2632 2701 2702 condiscipulos
2741 2632 3116 2703 indignantur,
3170 2634 3314 2703 quod
3347 2635 3582 2704 primum

1999 2744 2311 2784 rotisessum
2361 2743 2475 2797 pra:
2526 2726 2648 2780 aliis
2683 2736 2870 2780 tenere
2920 2727 3336 2781 contenderent.
3400 2729 3464 2782 Et
3513 2731 3587 2784 ita

1998 2819 2214 2887 quidem
2240 2833 2307 2872 ex
2338 2816 2635 2885 majoribus
2659 2816 2864 2871 uOStris
2883 2808 3008 2886 (54)
3025 2817 3192 2884 aliqui
3217 2818 3588 2888 explicarunt.

2000 2911 2128 2965 Mihi
2171 2925 2300 2964 vero
2358 2925 2463 2963 non
2522 2908 2780 2963 invidiam
2837 2908 3229 2977 discipulorum
3289 2910 3590 2979 indignatio

2001 3018 2110 3073 pra:
2144 3017 2203 3056 se
2239 3003 2381 3054 let-re
2415 3000 2666 3065 videtur;
2699 2999 2896 3068 quippe
2937 3015 3059 3053 cum
3111 3016 3213 3054 nec
3264 3001 3386 3054 aliis
3433 3002 3588 3063 locis.

2001 3109 2125 3148 cum
2184 3093 2430 3146 viderent
2469 3105 2562 3144 eos
2601 3088 2762 3159 154
2810 3088 2912 3142 sibi
2965 3087 3229 3158 praeferri,
3291 3087 3589 3144 invidentia

298 3183 392 3234 τοῦ
441 3182 680 3251 Ἰαείρου
712 3182 1005 3254 θυγάτριον
1026 3182 1254 3254 ἔμελλεν
1281 3185 1527 3256 ἀνιστᾷν,
1545 3185 1672 3248 τοὺς
1701 3187 1895 3252 ἄλλους

2003 3186 2337 3239 laborarunt.
2381 3182 2591 3238 Etenim
2622 3181 2757 3236 Jairi
2794 3180 2960 3234 tiliam
3010 3190 3368 3241 revocaturus
3407 3183 3458 3235 in
3507 3184 3584 3235 vi-

297 3279 516 3339 πάντας
549 3277 654 3339 ἔξω
685 3277 1026 3342 καταλιπὼν,
1063 3277 1291 3342 τούτους
1340 3279 1467 3342 τοὺς
1501 3278 1595 3333 δύο
1645 3281 1896 3352 μαθητὰς

298 3370 396 3422 καὶ
434 3369 530 3421 τὸν
561 3369 772 3439 Πέτρον
803 3370 885 3432 είς
926 3369 1028 3438 τὴν
1055 3369 1235 3422 οἰκίαν
1266 3370 1556 3440 εἰσήγαγε,
1589 3371 1685 3424 καὶ
1721 3373 1780 3425 ἐν
1817 3372 1895 3445 τῷ

300 3461 421 3532 δρει
455 3461 1011 3533 μεταμορφούμενος,
1043 3461 1172 3525 τοὺς
1202 3462 1400 3525 αὐτοὺς
1429 3462 1625 3530 μόνους
1649 3463 1894 3533 παρέλασ

301 3556 397 3609 ὗεν
417 3574 432 3587 ·
467 3555 608 3609 ἀλλὰ
641 3555 778 3626 πρὸς
807 3554 986 3608 ταῦτα
1017 3554 1126 3609 τῶν
1155 3555 1333 3609 ἄλλων
1376 3558 1404 3609 ὁ
1434 3556 1597 3625 χορὸς
1627 3559 1727 3611 οῦκ
1766 3560 1896 3612 ἐδά-

301 3665 512 3719 σκηνεο
542 3649 637 3700 καὶ
672 3648 768 3701 νῦν
815 3647 873 3701 δὲ
921 3647 982 3700 οὐ
1035 3647 1306 3718 πρότερον
1338 3648 1750 3718 ἠγανάκτησαν,
1791 3651 1897 3716 ἕως

298 3743 366 3798 ἃν
389 3738 538 3796 εἶδον
567 3741 659 3794 τὸν
689 3741 896 3811 Κύριον
929 3742 1350 3814 ἀπανῃνάμενον
1378 3741 1585 3795 τούτων
1611 3741 1710 3814 τὴν
1735 3744 1896 3813 αῖτηο

303 3853 413 3890 σιν.
451 3835 625 3887 Ὥστε
678 3833 901 3886 δοκοῦσι
961 3833 1162 3902 μᾶλλον
1198 3834 1596 3904 συνασχάλλειν
1637 3835 1717 3903 τῷ
1750 3836 1897 3888 διδα-

303 3928 514 3998 σκάλῳ,
553 3925 671 3980 ἀλλ’
703 3929 765 3980 οὐ
793 3926 1121 3996 φθονοῦντες
1157 3928 1521 3996 ἀγανακτεῖν·
1561 3927 1698 3999 πλὴν
1723 3947 1902 4000 παρα-

309 4021 570 4094 μυθεῖται
607 4019 836 4084 τούτους
893 4021 982 4074 διὰ
1045 4020 1143 4089 τῆς
1190 4020 1545 4084 διδασκαλίας
1580 4023 1608 4075 ὁ
1663 4022 1896 4093 Κύριος-ο

305 4114 834 4186 προσκαλεσάμενος
871 4115 982 4182 γὰρ
1017 4113 1236 4177 αὐτοὺς,
1263 4110 1419 4165 εἶπεν
1443 4115 1630 4176 αὐτοῖς
1649 4130 1661 4144 ο

383 4227 403 4261 ι
427 4207 634 4263 Οἴδατε
660 4207 742 4260 ὅτι
768 4209 817 4259 οἱ
843 4204 1134 4266 δοκοῦντες
1161 4207 1350 4275 ἄρχειν
1377 4205 1485 4258 τῶν
1508 4206 1698 4272 ἐθνῶν,
1733 4224 1902 4262 κατα·

307 4302 666 4376 κυριεύουσιν
710 4301 914 4364 αὐτῶν,
947 4300 1038 4353 καὶ
1070 4302 1119 4352 οἱ
1175 4299 1405 4369 μεγάλοι
1441 4299 1900 4365 κατεξουσιάζου-

308 4413 394 4449 σιν
425 4394 633 4448 αὐτῶν.
661 4412 680 4445 ι
736 4393 810 4444 Τὸ
862 4391 1052 4460 τιμὰς,
1087 4393 1244 4462 φησὶ,
1290 4392 1664 4464 προσκαίρους
1693 4392 1897 4463 ζητεῖν,

307 4491 404 4543 καὶ
434 4489 602 4557 δόξης
628 4487 898 4557 ἐπικήρου
934 4487 1089 4556 ὲρᾷν,
1120 4485 1440 4547 ἀλαζονείας
1465 4486 1613 4538 ἐστὶν
1640 4485 1859 4555 ὲθνικῆς
1881 4501 1898 4516 ⁸

2005 3289 2109 3332 tam
2138 3277 2206 3340 ",
2243 3277 2454 3330 caeteris
2505 3273 2639 3329 foris
2685 3272 2913 3337 relictis,
2966 3273 3065 3329 hos
3109 3273 3246 3329 duos
3298 3273 3592 3344 discipltins

2000 3385 2123 3426 cum
2154 3368 2317 3424 Petro
2343 3367 2686 3433 introduxit;
2723 3377 2778 3421 et
2807 3381 2929 3420 cum
2978 3365 3037 3421 in
3083 3376 3266 3422 monte
3300 3368 3591 3438 transfigu-

2002 3474 2153 3517 ratus
2203 3461 2372 3525 est”,
2424 3461 2643 3515 eosdem
2708 3460 2972 3513 duntaxat
3024 3461 3356 3528 assumpsit;
3415 3476 3592 3530 neque

2001 3575 2132 3615 vero
2165 3559 2234 3613 ob
2264 3573 2359 3612 eas
2394 3572 2478 3612 res
2511 3557 2779 3627 reliquum
2814 3563 3018 3612 emtum
3063 3557 3264 3612 invidia
3297 3558 3509 3628 tetigit;
3537 3571 3591 3613 et

2003 3653 2104 3705 hoc
2137 3665 2264 3705 vero
2300 3649 2418 3705 loco
2452 3665 2556 3703 non
2576 3649 2729 3717 prius
2759 3649 3020 3718 indignati
3040 3658 3189 3712 sunt,
3217 3665 3378 3720 quam
3408 3650 3589 3705 Domi-

2003 3757 2133 3797 num
2169 3741 2440 3810 repulsam
2471 3741 2688 3794 dedisse
2717 3740 3002 3806 viderent;
3052 3741 3237 3809 itaque
3268 3742 3452 3811 potius
3483 3759 3590 3796 una

2001 3849 2126 3890 cum
2155 3832 2417 3900 magistro
2449 3845 2561 3884 rem
2589 3845 2734 3901 :egre
2770 3830 2982 3895 tulisse,
3033 3846 3196 3901 quam
3233 3847 3343 3902 prie
3384 3833 3588 3888 invidia

2003 3923 2272 3992 indignati
2330 3922 2606 3976 videntur.
2664 3921 3052 3976 Verumtamen
3107 3921 3424 3977 consolatur
3497 3937 3592 3977 eos

2002 4019 2310 4076 hortatione
2344 4015 2626 4081 Dominus,
2659 4023 2714 4069 et
2756 4013 2836 4068 sie
2877 4022 3211 4070 convocatos
3245 4013 3541 4085 alloquitur
3572 4031 3588 4070 :

2085 4225 2103 4258 ι
2130 4204 2321 4270 Scitis,
2353 4203 2480 4273 quia
2504 4203 2581 4268 bi,
2605 4201 2696 4272 qui
2725 4201 2978 4255 videntur
2995 4199 3292 4270 principari
3315 4201 3587 4272 gentibus,

2004 4298 2356 4353 dominantur
2377 4295 2489 4360 eis;
2519 4304 2573 4348 et
2601 4293 2876 4363 principes
2906 4305 3094 4346 eorum
3133 4301 3455 4361 potestatem
3494 4294 3593 4347 ha-

2003 4391 2135 4446 bent
2181 4390 2444 4458 ipsorum.
2483 4405 2501 4438 ι
2546 4385 2816 4450 Honores,
2867 4385 3067 4455 inquit,
3118 4386 3379 4452 temporis
3431 4385 3594 4452 hujus

2006 4481 2236 4546 ambire,
2268 4489 2322 4534 et
2347 4477 2544 4532 ﬂuxam
2576 4477 2805 4547 gloriam
2853 4477 3112 4531 affectare
3162 4478 3436 4546 superbia:
3463 4495 3596 4548 gen-

309 4579 358 4632 οἶ
403 4578 695 4649 βούλονται
742 4575 1086 4646 τυραννικῶς
1131 4575 1346 4646 ἄρχειν,
1375 4575 1608 4630 καὶτῶν
1655 4576 1895 4646 ἡσσόνων

2013 4574 2148 4628 tium
2203 4580 2307 4636 est,
2359 4585 2479 4640 quae
2519 4570 2805 4641 tyrannice
2856 4568 3124 4623 dominari
3165 4577 3220 4623 et
3254 4585 3418 4639 supra
3468 4573 3597 4624 sub—

311 4669 667 4739 ἐπαίρεσθαι.
705 4670 770 4722 Οἱ
801 4669 860 4722 δὲ
886 4669 1012 4739 ἐμοὶ
1039 4667 1281 4737 μαθηταὶ
1311 4666 1410 4738 τὴν
1438 4668 1686 4720 ἐναντίαν
1719 4667 1901 4720 αὐτῶν

312 4763 688 4833 βαδιξὴωσαν
729 4761 1002 4831 ἀτραπὸν,
1033 4760 1129 4812 καλ⁸
1159 4761 1186 4812 ό
1219 4757 1330 4812 τῶν
1377 4759 1666 4828 πρωτείων
1687 4759 1911 4829 ἐφιέμε-

307 4871 420 4917 νος,
469 4851 772 4922 κτησάσθω
803 4851 863 4903 τὸ
897 4849 1293 4921 μεγαλοψύχως
1342 4851 1475 4902 πᾶσι
1529 4850 1820 4916 διακονεῖν,
1849 4849 1911 4903 τὸ

387 4949 432 4981 ²⁶
451 4948 650 5001 Matth.
685 4961 813 5012 xxv,
843 4947 935 5002 55.
1017 4949 1058 4980 ι’
1081 4946 1248 5004 Marc.
1281 4963 1335 5010 ν,
1365 4946 1456 5001 57.

2010 4667 2154 4722 ditos
2184 4663 2366 4720 eﬂ'erri
2392 4661 2633 4718 student.
2667 4661 2766 4715 Mei
2813 4675 2942 4715 vero
2971 4659 3224 4731 discipuli
3260 4663 3593 4716 centrariam

2012 4757 2136 4811 huic
2169 4757 2354 4810 ineant
2397 4753 2581 4818 viam;
2627 4753 2828 4823 quique
2869 4750 3165 4823 primatum
3217 4754 3439 4821 appetit,
3491 4753 3597 4810 hoc

2017 4854 2367 4917 assequatur,
2404 4855 2462 4900 ut
2489 4845 2645 4899 lucro
2673 4847 2893 4914 deputet
2932 4842 3306 4913 magnitudine
3363 4847 3599 4913 quadam

1537 4947 1578 4978 ¹⁸
1598 4945 1792 5000 Matth.
1821 4961 1958 5012 xvtt,
2006 4945 2031 4998 1
2067 4959 2197 5012 seqq

1559 5039 1883 5102 Francisci
1917 5038 2126 5100 Scorsi
2160 5044 2347 5098 noue.

315 5159 365 5210 in
398 5155 606 5209 Lucam
637 5169 652 5206 :
684 5151 864 5218 Neque
916 5149 1195 5204 duodecim
1224 5151 1405 5202 throni
1438 5158 1690 5218 tanquam
1725 5147 1914 5218 aliqua

312 5236 433 5280 sunt
471 5216 811 5288 .corporalis
867 5221 1199 5288 receptacula
1269 5216 1592 5273 sessionis:
1642 5216 1733 5288 sed
1788 5217 1914 5285 quia

311 5285 616 5351 secundum
672 5294 909 5345 divinant
952 5285 1357 5345 similitudinem
1397 5289 1610 5356 judicat
1669 5285 1914 5341 Christus

315 5369 616 5434 cognitione
643 5363 912 5434 cordiurm,
940 5377 1042 5413 non
1068 5362 1486 5434 interrogatione
1521 5360 1805 5429 factorum,
1840 5357 1916 5409 ita

314 5429 624 5500 et'apostoli
654 5435 708 5486 in
733 5432 1003 5501 judicium
1031 5429 1310 5501 spirituql’e
1343 5429 1670 5498 formantur.

387 5496 506 5572 (54)
553 5504 636 5557 Ex
663 5496 955 5571 majoribus
981 5496 1202 5572 nostris.
1237 5499 1292 5552 S.
1319 5496 1766 5572 Qhrysostomum
1803 5496 1917 5549 for-

321 5570 494 5632 taSsis
522 5570 866 5640 innuit,qui
909 5588 972 5624 ex
1011 5571 1210 5625 invidia
1262 5570 1479 5638 quidem
1511 5570 1902 5636 discipulorum

318 5647 746 5718 indignationem
784 5642 1094 5718 profectam
1138 5641 1296 5708 dicit,
1323 5642 1436 5718 _sed
1481 5649 1658 5718 tamen
1689 5647 1908 5718 θξιίυδιιι

316 5709 458 5786 quod
498 5717 742 5770 nondum
783 5712 1018 5780 Spiritus
1068 5721 1289 5786 sanctus
1323 5711 1373 5762 in
1416 5709 1694 5786 apostolos
1722 5709 1913 5762 luisset

319 5779 519 5842 eﬂusus
551 5801 661 5852 quo
704 5779 894 5853 postea
945 5784 1126 5834 omnia
1181 5779 1486 5853 hujusutodi
1521 5780 1651 5853 vitia
1688 5788 1912 5846 purgata

319 5872 459 5914 ann.
504 5849 831 5924 At'que'hic
884 5854 1100 5922 quidem
1157 5865 1286 5905 ante
1337 5849 1764 5921 Theophanem,
1798 5856 1917 5918 post

513 5957 801 6018 ΡΑτειοι..
839 5950 957 6011 GR.
990 5945 1312 6010 CXXXII.

2014 5145 2190 5215 ipsum
2261 5150 2390 5196 vero
2447 5141 2926 5215 Euthymiusnon
2989 5140 3220 5215 minoris
3283 5144 3599 5201 ambitionis

2015 5210 2186 5268 fuisse
2210 5219 2365 5284 putat
2404 5214 2546 5278 quod
2577 5210 2776 5284 decem
2801 5210 3065 5284 indignati
3098 5211 3422 5284 sin_t,_quam
3454 5219 3600 5284 quod

2016 5286 2124 5339 duo
2181 5283 2414 5354 primum
2454 5284 2631 5354 locum
2663 5281 3003 5354 ambiverint
3035 5299 3050 5336 :
3099 5281 3196 5335 sed
3237 5281 3600 5354 Theophanes

2016 5351 2190 5408 etiam
2213 5355 2280 5407 ab
2310 5353 2510 5406 invidia
2541 5351 2843 5423 discipulos;
2886 5352 3122 5423 liberare
3163 5351 3415 5419 conatur,
3445 5357 3613 5423 quasi.

2016 5425 2104 5478 illa
2141 5423 2447 5490 indignatio
2473 5439 2580 5476 uon
2630 5424 2697 5476 ab
2738 5421 2937 5476 invidia
2963 5459 2979 5482 .
3026 5420 3120 5477 sed
3152 5437 3182 5475 a
3230 5420 3480 5478 molestia
3519 5425 3602 5478 vel

2017 5495 2238 5548 tristitia
2261 5509 2422 5561 qttam
2455 5509 2576 5547 cum
2601 5493 2822 5546 Christo
2848 5492 3008 5546 simul
3044 5494 3410 5562 ostenderint,
3455 5495 3600 5562 quod

2013 5581 2132 5619 eam
2183 5579 2293 5632 prae
2340 5579 2398 5617 se
2433 5563 2656 5615 tulerint
2703 5562 3078 5617 ambitionem.
3134 5561 3312 5628 Atque
3369 5561 3487 5618 hoe
3515 5574 3604 5632 est

2012 5625 2355 5703 οἰκονομίαν.
2385 5633 2520 5688 Vide
2553 5649 2658 5700 qna
2713 5633 2914 5702 pietate
2944 5642 3128 5687 noster
3167 5625 3469 5700 apostolos,
3509 5625 3600 5688 ubi

2015 5706 2207 5775 possit,
2228 5715 2488 5768 excuset;
2514 5719 2633 5775 cum
2652 5704 2892 5758 hmretiei
2919 5703 3088 5775 nostri
3115 5704 3372 5770 temporis
3395 5703 3602 5775 nuilum

2021 5773 2124 5829 non
2161 5775 2448 5828 accusandi
2483 5789 2578 5828 eos
2607 5774 2782 5846 locum
2821 5773 3266 5846 praetermittam,
3293 5775 3438 5846 quod
3467 5773 3606 5830 Mal-

2015 5849 2249 5904 donatus
2276 5859 2382 5901 non
2413 5860 2521 5900 uno
2549 5846 2601 5900 in
2634 5843 2752 5900 loco
2781 5844 2933 5900 dicit.

3096 5934 3162 5996 16
