  <div class='ocr_page' id='page_1' title='image "/cluster/home/n/w/nwhite01/storage/ocr_20150623/132/coo.31924054870377/255.png"; bbox 0 0 4024 6420; ppageno 0'>
   <div class='ocr_carea' id='block_1_1' title="bbox 418 288 545 355">
    <p class='ocr_par' dir='ltr' id='par_1_1' title="bbox 418 288 545 355">
     <span class='ocr_line' id='line_1_1' title="bbox 418 288 545 355; baseline 0.016 -4"><span class='ocrx_word' id='word_1_1' title='bbox 418 288 545 355; x_wconf 70' lang='grc' dir='ltr'>ιῑ95</span> 
     </span>
    </p>
   </div>
   <div class='ocr_carea' id='block_1_2' title="bbox 1631 286 2510 353">
    <p class='ocr_par' dir='ltr' id='par_1_2' title="bbox 1631 286 2510 353">
     <span class='ocr_line' id='line_1_2' title="bbox 1631 286 2510 353; baseline 0.005 -5"><span class='ocrx_word' id='word_1_2' title='bbox 1631 286 2129 350; x_wconf 84' lang='lat' dir='ltr'><strong>THEOPHANIS</strong></span> <span class='ocrx_word' id='word_1_3' title='bbox 2165 290 2510 353; x_wconf 84' lang='lat' dir='ltr'><strong>CERAMEI</strong></span> 
     </span>
    </p>
   </div>
   <div class='ocr_carea' id='block_1_3' title="bbox 3582 304 3677 367">
    <p class='ocr_par' dir='ltr' id='par_1_3' title="bbox 3582 304 3677 367">
     <span class='ocr_line' id='line_1_3' title="bbox 3582 304 3677 367; baseline 0.042 -4"><span class='ocrx_word' id='word_1_4' title='bbox 3582 304 3677 367; x_wconf 64' lang='lat'><strong>4‘56</strong></span> 
     </span>
    </p>
   </div>
   <div class='ocr_carea' id='block_1_4' title="bbox 433 401 1997 482">
    <p class='ocr_par' dir='ltr' id='par_1_4' title="bbox 433 401 1997 475">
     <span class='ocr_line' id='line_1_4' title="bbox 433 401 1997 475; baseline 0.001 -19"><span class='ocrx_word' id='word_1_5' title='bbox 433 403 793 460; x_wconf 77' lang='lat' dir='ltr'><strong>humanitatis</strong></span> <span class='ocrx_word' id='word_1_6' title='bbox 813 416 908 473; x_wconf 88' lang='lat' dir='ltr'><strong>spe</strong></span> <span class='ocrx_word' id='word_1_7' title='bbox 937 411 1244 475; x_wconf 78' lang='lat' dir='ltr'><strong>caperetur.</strong></span> <span class='ocrx_word' id='word_1_8' title='bbox 1277 401 1475 458; x_wconf 85' lang='lat' dir='ltr'><strong>Videas</strong></span> <span class='ocrx_word' id='word_1_9' title='bbox 1495 401 1642 457; x_wconf 87' lang='lat' dir='ltr'><strong>enim</strong></span> <span class='ocrx_word' id='word_1_10' title='bbox 1674 402 1997 461; x_wconf 71' lang='lat' dir='ltr'><strong>Salvatoren</strong></span> 
     </span>
    </p>
   </div>
   <div class='ocr_carea' id='block_1_5' title="bbox 2099 401 3681 482">
    <p class='ocr_par' dir='ltr' id='par_1_5' title="bbox 2120 405 3681 482">
     <span class='ocr_line' id='line_1_5' title="bbox 2120 405 3681 482; baseline 0.009 -23"><span class='ocrx_word' id='word_1_11' title='bbox 2120 406 2531 479; x_wconf 82' lang='grc' dir='ltr'><strong>χειρώσασθαι,</strong></span> <span class='ocrx_word' id='word_1_12' title='bbox 2593 405 2784 463; x_wconf 88' lang='grc' dir='ltr'>τοῦτον</span> <span class='ocrx_word' id='word_1_13' title='bbox 2830 406 3147 480; x_wconf 72' lang='grc' dir='ltr'><strong>ἐπεθύμησε</strong></span> <span class='ocrx_word' id='word_1_14' title='bbox 3195 408 3387 482; x_wconf 81' lang='grc' dir='ltr'><strong>λύτρον</strong></span> <span class='ocrx_word' id='word_1_15' title='bbox 3436 414 3552 470; x_wconf 74' lang='grc' dir='ltr'>ἀντὶ</span> <span class='ocrx_word' id='word_1_16' title='bbox 3595 437 3681 473; x_wconf 87' lang='grc' dir='ltr'><strong>του</strong></span> 
     </span>
    </p>
   </div>
   <div class='ocr_carea' id='block_1_6' title="bbox 427 496 2013 567">
    <p class='ocr_par' dir='ltr' id='par_1_6' title="bbox 427 496 2013 567">
     <span class='ocr_line' id='line_1_6' title="bbox 427 496 2013 567; baseline 0.004 -20"><span class='ocrx_word' id='word_1_17' title='bbox 427 508 596 565; x_wconf 84' lang='lat' dir='ltr'><strong>supra</strong></span> <span class='ocrx_word' id='word_1_18' title='bbox 659 505 910 550; x_wconf 81' lang='lat' dir='ltr'><strong>naturam</strong></span> <span class='ocrx_word' id='word_1_19' title='bbox 966 496 1228 551; x_wconf 88' lang='lat' dir='ltr'><strong>miracula</strong></span> <span class='ocrx_word' id='word_1_20' title='bbox 1288 505 1655 564; x_wconf 77' lang='lat' dir='ltr'><strong>operantem,</strong></span> <span class='ocrx_word' id='word_1_21' title='bbox 1724 504 2013 567; x_wconf 77' lang='lat' dir='ltr'><strong>postquam</strong></span> 
     </span>
    </p>
   </div>
   <div class='ocr_carea' id='block_1_7' title="bbox 431 577 2016 660">
    <p class='ocr_par' dir='ltr' id='par_1_7' title="bbox 431 577 2016 660">
     <span class='ocr_line' id='line_1_7' title="bbox 431 577 2016 660; baseline 0.001 -17"><span class='ocrx_word' id='word_1_22' title='bbox 431 577 556 643; x_wconf 82' lang='lat' dir='ltr'><strong>eum</strong></span> <span class='ocrx_word' id='word_1_23' title='bbox 582 588 810 644; x_wconf 86' lang='lat' dir='ltr'><strong>adortus</strong></span> <span class='ocrx_word' id='word_1_24' title='bbox 848 602 946 659; x_wconf 81' lang='lat' dir='ltr'><strong>per</strong></span> <span class='ocrx_word' id='word_1_25' title='bbox 982 597 1264 658; x_wconf 89' lang='lat' dir='ltr'><strong>peccatum</strong></span> <span class='ocrx_word' id='word_1_26' title='bbox 1304 586 1463 658; x_wconf 80' lang='lat'><strong>155</strong></span> <span class='ocrx_word' id='word_1_27' title='bbox 1510 588 1765 660; x_wconf 73' lang='lat' dir='ltr'><strong>subigere</strong></span> <span class='ocrx_word' id='word_1_28' title='bbox 1794 590 2016 645; x_wconf 84' lang='lat' dir='ltr'><strong>minime</strong></span> 
     </span>
    </p>
   </div>
   <div class='ocr_carea' id='block_1_8' title="bbox 428 681 2018 753">
    <p class='ocr_par' dir='ltr' id='par_1_8' title="bbox 428 681 2018 753">
     <span class='ocr_line' id='line_1_8' title="bbox 428 681 2018 753; baseline 0.002 -18"><span class='ocrx_word' id='word_1_29' title='bbox 428 681 629 750; x_wconf 81' lang='lat' dir='ltr'><strong>potuit,</strong></span> <span class='ocrx_word' id='word_1_30' title='bbox 661 697 786 735; x_wconf 88' lang='lat' dir='ltr'><strong>eum</strong></span> <span class='ocrx_word' id='word_1_31' title='bbox 843 682 1106 750; x_wconf 65' lang='lat' dir='ltr'><strong>appetivit</strong></span> <span class='ocrx_word' id='word_1_32' title='bbox 1161 681 1419 751; x_wconf 86' lang='lat' dir='ltr'><strong>accipere</strong></span> <span class='ocrx_word' id='word_1_33' title='bbox 1488 681 1719 753; x_wconf 89' lang='lat' dir='ltr'><strong>pretium</strong></span> <span class='ocrx_word' id='word_1_34' title='bbox 1779 698 1879 753; x_wconf 90' lang='lat' dir='ltr'><strong>pro</strong></span> <span class='ocrx_word' id='word_1_35' title='bbox 1925 697 2018 739; x_wconf 90' lang='lat' dir='ltr'><strong>ea-</strong></span> 
     </span>
    </p>
   </div>
   <div class='ocr_carea' id='block_1_9' title="bbox 428 770 2016 844">
    <p class='ocr_par' dir='ltr' id='par_1_9' title="bbox 428 770 2016 844">
     <span class='ocr_line' id='line_1_9' title="bbox 428 770 2016 844; baseline 0.003 -19"><span class='ocrx_word' id='word_1_36' title='bbox 428 773 599 842; x_wconf 86' lang='lat' dir='ltr'><strong>ptivo.</strong></span> <span class='ocrx_word' id='word_1_37' title='bbox 626 770 817 827; x_wconf 74' lang='lat' dir='ltr'><strong>Tradit</strong></span> <span class='ocrx_word' id='word_1_38' title='bbox 861 773 1024 842; x_wconf 89' lang='lat' dir='ltr'><strong>igitur</strong></span> <span class='ocrx_word' id='word_1_39' title='bbox 1073 772 1188 843; x_wconf 86' lang='lat' dir='ltr'><strong>ipse</strong></span> <span class='ocrx_word' id='word_1_40' title='bbox 1208 773 1448 841; x_wconf 88' lang='lat' dir='ltr'><strong>seipsum</strong></span> <span class='ocrx_word' id='word_1_41' title='bbox 1497 774 1729 844; x_wconf 90' lang='lat' dir='ltr'><strong>pretium</strong></span> <span class='ocrx_word' id='word_1_42' title='bbox 1770 775 1839 830; x_wconf 89' lang='lat' dir='ltr'><strong>ad</strong></span> <span class='ocrx_word' id='word_1_43' title='bbox 1871 775 2016 830; x_wconf 79' lang='lat' dir='ltr'><strong>redi-</strong></span> 
     </span>
    </p>
   </div>
   <div class='ocr_carea' id='block_1_10' title="bbox 427 861 2017 933">
    <p class='ocr_par' dir='ltr' id='par_1_10' title="bbox 427 861 2017 933">
     <span class='ocr_line' id='line_1_10' title="bbox 427 861 2017 933; baseline 0.002 -17"><span class='ocrx_word' id='word_1_44' title='bbox 427 865 681 918; x_wconf 86' lang='lat' dir='ltr'><strong>mendum</strong></span> <span class='ocrx_word' id='word_1_45' title='bbox 712 877 863 928; x_wconf 90' lang='lat' dir='ltr'><strong>eum,</strong></span> <span class='ocrx_word' id='word_1_46' title='bbox 883 862 978 933; x_wconf 88' lang='lat' dir='ltr'><strong>qui</strong></span> <span class='ocrx_word' id='word_1_47' title='bbox 1010 863 1267 919; x_wconf 87' lang='lat' dir='ltr'><strong>redactus</strong></span> <span class='ocrx_word' id='word_1_48' title='bbox 1306 861 1488 919; x_wconf 79' lang='lat' dir='ltr'><strong>fuerat</strong></span> <span class='ocrx_word' id='word_1_49' title='bbox 1511 863 1565 918; x_wconf 92' lang='lat' dir='ltr'><strong>in</strong></span> <span class='ocrx_word' id='word_1_50' title='bbox 1595 864 1934 931; x_wconf 79' lang='lat' dir='ltr'><strong>servitutem,</strong></span> <span class='ocrx_word' id='word_1_51' title='bbox 1957 873 2017 920; x_wconf 88' lang='lat' dir='ltr'><strong>ut</strong></span> 
     </span>
    </p>
   </div>
   <div class='ocr_carea' id='block_1_11' title="bbox 402 955 2014 1024">
    <p class='ocr_par' dir='ltr' id='par_1_11' title="bbox 402 955 2014 1024">
     <span class='ocr_line' id='line_1_11' title="bbox 402 955 2014 1024; baseline 0.005 -19"><span class='ocrx_word' id='word_1_52' title='bbox 402 968 526 1024; x_wconf 89' lang='lat' dir='ltr'><strong>.per</strong></span> <span class='ocrx_word' id='word_1_53' title='bbox 556 964 786 1011; x_wconf 87' lang='lat' dir='ltr'><strong>mortem</strong></span> <span class='ocrx_word' id='word_1_54' title='bbox 819 964 886 1011; x_wconf 83' lang='lat' dir='ltr'><strong>et</strong></span> <span class='ocrx_word' id='word_1_55' title='bbox 926 957 1386 1013; x_wconf 85' lang='lat' dir='ltr'><strong>resurrectionem</strong></span> <span class='ocrx_word' id='word_1_56' title='bbox 1429 955 1688 1013; x_wconf 84' lang='lat' dir='ltr'><strong>liberaret</strong></span> <span class='ocrx_word' id='word_1_57' title='bbox 1718 957 1772 1012; x_wconf 91' lang='lat' dir='ltr'><strong>in</strong></span> <span class='ocrx_word' id='word_1_58' title='bbox 1808 955 2014 1013; x_wconf 83' lang='lat' dir='ltr'><strong>infero-</strong></span> 
     </span>
    </p>
   </div>
   <div class='ocr_carea' id='block_1_12' title="bbox 422 1046 2012 1119">
    <p class='ocr_par' dir='ltr' id='par_1_12' title="bbox 422 1046 2012 1119">
     <span class='ocr_line' id='line_1_12' title="bbox 422 1046 2012 1119; baseline 0.003 -17"><span class='ocrx_word' id='word_1_59' title='bbox 422 1061 544 1102; x_wconf 86' lang='lat' dir='ltr'><strong>rum</strong></span> <span class='ocrx_word' id='word_1_60' title='bbox 571 1048 814 1102; x_wconf 80' lang='lat' dir='ltr'><strong>cnstodia</strong></span> <span class='ocrx_word' id='word_1_61' title='bbox 847 1047 1160 1105; x_wconf 88' lang='lat' dir='ltr'><strong>conclusos.</strong></span> <span class='ocrx_word' id='word_1_62' title='bbox 1197 1046 1362 1104; x_wconf 86' lang='lat' dir='ltr'><strong>Omni</strong></span> <span class='ocrx_word' id='word_1_63' title='bbox 1397 1048 1561 1118; x_wconf 78' lang='lat' dir='ltr'><strong>igitur</strong></span> <span class='ocrx_word' id='word_1_64' title='bbox 1596 1049 1771 1119; x_wconf 84' lang='lat' dir='ltr'><strong>pretio</strong></span> <span class='ocrx_word' id='word_1_65' title='bbox 1812 1051 2012 1106; x_wconf 87' lang='lat' dir='ltr'><strong>tradito</strong></span> 
     </span>
    </p>
   </div>
   <div class='ocr_carea' id='block_1_13' title="bbox 420 1136 2013 1210">
    <p class='ocr_par' dir='ltr' id='par_1_13' title="bbox 420 1136 2013 1210">
     <span class='ocr_line' id='line_1_13' title="bbox 420 1136 2013 1210; baseline 0.001 -18"><span class='ocrx_word' id='word_1_66' title='bbox 420 1136 597 1208; x_wconf 87' lang='lat' dir='ltr'><strong>eiqui</strong></span> <span class='ocrx_word' id='word_1_67' title='bbox 643 1137 920 1193; x_wconf 82' lang='lat' dir='ltr'><strong>detinebat</strong></span> <span class='ocrx_word' id='word_1_68' title='bbox 947 1137 1086 1210; x_wconf 69' lang='lat'><strong>(57),</strong></span> <span class='ocrx_word' id='word_1_69' title='bbox 1126 1146 1183 1194; x_wconf 89' lang='lat' dir='ltr'><strong>et</strong></span> <span class='ocrx_word' id='word_1_70' title='bbox 1234 1143 1513 1207; x_wconf 84' lang='lat' dir='ltr'><strong>redempta</strong></span> <span class='ocrx_word' id='word_1_71' title='bbox 1552 1153 1618 1194; x_wconf 91' lang='lat' dir='ltr'><strong>eo</strong></span> <span class='ocrx_word' id='word_1_72' title='bbox 1661 1138 1754 1208; x_wconf 87' lang='lat' dir='ltr'><strong>qui</strong></span> <span class='ocrx_word' id='word_1_73' title='bbox 1801 1139 2013 1194; x_wconf 88' lang='lat' dir='ltr'><strong>detine-</strong></span> 
     </span>
    </p>
   </div>
   <div class='ocr_carea' id='block_1_14' title="bbox 417 1226 2011 1300">
    <p class='ocr_par' dir='ltr' id='par_1_14' title="bbox 417 1226 2011 1300">
     <span class='ocr_line' id='line_1_14' title="bbox 417 1226 2011 1300; baseline 0.002 -16"><span class='ocrx_word' id='word_1_74' title='bbox 417 1226 603 1294; x_wconf 84' lang='lat' dir='ltr'><strong>batur,</strong></span> <span class='ocrx_word' id='word_1_75' title='bbox 648 1230 874 1300; x_wconf 85' lang='lat' dir='ltr'><strong>sanguis</strong></span> <span class='ocrx_word' id='word_1_76' title='bbox 922 1229 1131 1285; x_wconf 86' lang='lat' dir='ltr'><strong>Christi</strong></span> <span class='ocrx_word' id='word_1_77' title='bbox 1169 1230 1390 1286; x_wconf 82' lang='lat' dir='ltr'><strong>divinus</strong></span> <span class='ocrx_word' id='word_1_78' title='bbox 1443 1232 1707 1286; x_wconf 73' lang='lat' dir='ltr'><strong>servitute</strong></span> <span class='ocrx_word' id='word_1_79' title='bbox 1762 1231 2011 1300; x_wconf 79' lang='lat' dir='ltr'><strong>captivos</strong></span> 
     </span>
    </p>
   </div>
   <div class='ocr_carea' id='block_1_15' title="bbox 415 1321 2006 1394">
    <p class='ocr_par' dir='ltr' id='par_1_15' title="bbox 415 1321 2006 1394">
     <span class='ocr_line' id='line_1_15' title="bbox 415 1321 2006 1394; baseline 0.003 -19"><span class='ocrx_word' id='word_1_80' title='bbox 415 1321 657 1387; x_wconf 79' lang='lat' dir='ltr'><strong>exeruit;</strong></span> <span class='ocrx_word' id='word_1_81' title='bbox 693 1332 751 1376; x_wconf 90' lang='lat' dir='ltr'><strong>at</strong></span> <span class='ocrx_word' id='word_1_82' title='bbox 783 1337 888 1376; x_wconf 89' lang='lat' dir='ltr'><strong>non</strong></span> <span class='ocrx_word' id='word_1_83' title='bbox 920 1336 1043 1377; x_wconf 90' lang='lat' dir='ltr'><strong>eum</strong></span> <span class='ocrx_word' id='word_1_84' title='bbox 1074 1330 1364 1393; x_wconf 80' lang='lat' dir='ltr'><strong>tyrannus,</strong></span> <span class='ocrx_word' id='word_1_85' title='bbox 1396 1324 1492 1379; x_wconf 86' lang='lat' dir='ltr'><strong>sed</strong></span> <span class='ocrx_word' id='word_1_86' title='bbox 1520 1322 1660 1392; x_wconf 87' lang='lat' dir='ltr'><strong>ejus,</strong></span> <span class='ocrx_word' id='word_1_87' title='bbox 1691 1324 1781 1394; x_wconf 91' lang='lat' dir='ltr'><strong>qui</strong></span> <span class='ocrx_word' id='word_1_88' title='bbox 1806 1325 2006 1379; x_wconf 81' lang='lat' dir='ltr'><strong>imme-</strong></span> 
     </span>
    </p>
   </div>
   <div class='ocr_carea' id='block_1_16' title="bbox 416 1413 2009 1489">
    <p class='ocr_par' dir='ltr' id='par_1_16' title="bbox 416 1413 2009 1489">
     <span class='ocr_line' id='line_1_16' title="bbox 416 1413 2009 1489; baseline 0.002 -18"><span class='ocrx_word' id='word_1_89' title='bbox 416 1413 564 1472; x_wconf 89' lang='lat' dir='ltr'><strong>latus</strong></span> <span class='ocrx_word' id='word_1_90' title='bbox 617 1427 725 1480; x_wconf 89' lang='lat' dir='ltr'><strong>est,</strong></span> <span class='ocrx_word' id='word_1_91' title='bbox 779 1415 946 1473; x_wconf 85' lang='lat' dir='ltr'><strong>Pater</strong></span> <span class='ocrx_word' id='word_1_92' title='bbox 1002 1417 1269 1486; x_wconf 87' lang='lat' dir='ltr'><strong>accepit;</strong></span> <span class='ocrx_word' id='word_1_93' title='bbox 1328 1427 1492 1487; x_wconf 85' lang='lat' dir='ltr'><strong>atque</strong></span> <span class='ocrx_word' id='word_1_94' title='bbox 1551 1419 1655 1474; x_wconf 83' lang='lat' dir='ltr'><strong>hoc</strong></span> <span class='ocrx_word' id='word_1_95' title='bbox 1705 1415 2009 1489; x_wconf 74' lang='lat' dir='ltr'><strong>theologica</strong></span> 
     </span>
    </p>
   </div>
   <div class='ocr_carea' id='block_1_17' title="bbox 414 1507 2002 1582">
    <p class='ocr_par' dir='ltr' id='par_1_17' title="bbox 414 1507 2002 1582">
     <span class='ocr_line' id='line_1_17' title="bbox 414 1507 2002 1582; baseline 0.003 -19"><span class='ocrx_word' id='word_1_96' title='bbox 414 1507 597 1579; x_wconf 91' lang='lat' dir='ltr'><strong>lingua</strong></span> <span class='ocrx_word' id='word_1_97' title='bbox 626 1509 741 1581; x_wconf 83' lang='lat'><strong>(58)</strong></span> <span class='ocrx_word' id='word_1_98' title='bbox 777 1508 1070 1567; x_wconf 79' lang='lat' dir='ltr'><strong>manifeste</strong></span> <span class='ocrx_word' id='word_1_99' title='bbox 1125 1509 1366 1566; x_wconf 86' lang='lat' dir='ltr'><strong>declarat</strong></span> <span class='ocrx_word' id='word_1_100' title='bbox 1395 1527 1411 1565; x_wconf 87' lang='lat'><strong>:</strong></span> <span class='ocrx_word' id='word_1_101' title='bbox 1440 1510 1671 1581; x_wconf 83' lang='lat' dir='ltr'><strong>Accipit,</strong></span> <span class='ocrx_word' id='word_1_102' title='bbox 1727 1511 2002 1582; x_wconf 81' lang='lat' dir='ltr'><strong>inquiens,</strong></span> 
     </span>
    </p>
   </div>
   <div class='ocr_carea' id='block_1_18' title="bbox 412 1600 2011 1672">
    <p class='ocr_par' dir='ltr' id='par_1_18' title="bbox 412 1600 2011 1672">
     <span class='ocr_line' id='line_1_18' title="bbox 412 1600 2011 1672; baseline 0.003 -18"><span class='ocrx_word' id='word_1_103' title='bbox 412 1616 669 1670; x_wconf 77' lang='lat' dir='ltr'><strong>magnum</strong></span> <span class='ocrx_word' id='word_1_104' title='bbox 694 1609 749 1656; x_wconf 88' lang='lat' dir='ltr'><strong>et</strong></span> <span class='ocrx_word' id='word_1_105' title='bbox 769 1601 1004 1657; x_wconf 89' lang='lat' dir='ltr'><strong>nobilem</strong></span> <span class='ocrx_word' id='word_1_106' title='bbox 1036 1602 1354 1672; x_wconf 88' lang='lat' dir='ltr'><strong>sanguinem</strong></span> <span class='ocrx_word' id='word_1_107' title='bbox 1382 1600 1568 1668; x_wconf 88' lang='lat' dir='ltr'><strong>Pater,</strong></span> <span class='ocrx_word' id='word_1_108' title='bbox 1594 1618 1703 1657; x_wconf 92' lang='lat' dir='ltr'><strong>non</strong></span> <span class='ocrx_word' id='word_1_109' title='bbox 1740 1604 1882 1672; x_wconf 87' lang='lat' dir='ltr'><strong>quod</strong></span> <span class='ocrx_word' id='word_1_110' title='bbox 1916 1618 2011 1672; x_wconf 89' lang='lat' dir='ltr'><strong>pe-</strong></span> 
     </span>
    </p>
   </div>
   <div class='ocr_carea' id='block_1_19' title="bbox 413 1690 1999 1766">
    <p class='ocr_par' dir='ltr' id='par_1_19' title="bbox 413 1690 1999 1766">
     <span class='ocr_line' id='line_1_19' title="bbox 413 1690 1999 1766; baseline 0.003 -20"><span class='ocrx_word' id='word_1_111' title='bbox 413 1690 583 1760; x_wconf 85' lang='lat' dir='ltr'><strong>tierit,</strong></span> <span class='ocrx_word' id='word_1_112' title='bbox 618 1703 712 1747; x_wconf 93' lang='lat' dir='ltr'><strong>aut</strong></span> <span class='ocrx_word' id='word_1_113' title='bbox 735 1708 801 1748; x_wconf 90' lang='lat' dir='ltr'><strong>eo</strong></span> <span class='ocrx_word' id='word_1_114' title='bbox 827 1709 964 1764; x_wconf 90' lang='lat' dir='ltr'><strong>opus</strong></span> <span class='ocrx_word' id='word_1_115' title='bbox 994 1694 1269 1761; x_wconf 85' lang='lat' dir='ltr'><strong>habuerit,</strong></span> <span class='ocrx_word' id='word_1_116' title='bbox 1304 1695 1399 1751; x_wconf 87' lang='lat' dir='ltr'><strong>sed</strong></span> <span class='ocrx_word' id='word_1_117' title='bbox 1433 1703 1661 1766; x_wconf 84' lang='lat' dir='ltr'><strong>propter</strong></span> <span class='ocrx_word' id='word_1_118' title='bbox 1708 1695 1999 1752; x_wconf 86' lang='lat' dir='ltr'><strong>consilium</strong></span> 
     </span>
    </p>
   </div>
   <div class='ocr_carea' id='block_1_20' title="bbox 2125 497 3684 571">
    <p class='ocr_par' dir='ltr' id='par_1_20' title="bbox 2125 497 3684 571">
     <span class='ocr_line' id='line_1_20' title="bbox 2125 497 3684 571; baseline 0.008 -18"><span class='ocrx_word' id='word_1_119' title='bbox 2125 501 2494 571; x_wconf 79' lang='grc' dir='ltr'><strong>κατεχομένου</strong></span> <span class='ocrx_word' id='word_1_120' title='bbox 2536 499 2750 555; x_wconf 74' lang='grc' dir='ltr'>λαϐεῖν.</span> <span class='ocrx_word' id='word_1_121' title='bbox 2787 501 3016 557; x_wconf 83' lang='grc' dir='ltr'>Δίδωσιν</span> <span class='ocrx_word' id='word_1_122' title='bbox 3049 497 3144 557; x_wconf 86' lang='grc' dir='ltr'><strong>οῦν</strong></span> <span class='ocrx_word' id='word_1_123' title='bbox 3178 503 3337 568; x_wconf 73' lang='grc' dir='ltr'>αὐτὸς</span> <span class='ocrx_word' id='word_1_124' title='bbox 3373 506 3561 562; x_wconf 73' lang='grc' dir='ltr'>ἑαυτὸν</span> <span class='ocrx_word' id='word_1_125' title='bbox 3597 514 3684 565; x_wconf 85' lang='grc' dir='ltr'><strong>τοῦ</strong></span> 
     </span>
    </p>
   </div>
   <div class='ocr_carea' id='block_1_21' title="bbox 2117 591 3688 665">
    <p class='ocr_par' dir='ltr' id='par_1_21' title="bbox 2117 591 3688 665">
     <span class='ocr_line' id='line_1_21' title="bbox 2117 591 3688 665; baseline 0.006 -20"><span class='ocrx_word' id='word_1_126' title='bbox 2117 591 2631 665; x_wconf 76' lang='grc' dir='ltr'>δουλαγωτηθέντος</span> <span class='ocrx_word' id='word_1_127' title='bbox 2674 592 3023 665; x_wconf 79' lang='grc' dir='ltr'>ἀντίλυτρον,</span> <span class='ocrx_word' id='word_1_128' title='bbox 3064 592 3154 648; x_wconf 83' lang='grc' dir='ltr'><strong>διὰ</strong></span> <span class='ocrx_word' id='word_1_129' title='bbox 3192 593 3288 647; x_wconf 88' lang='grc' dir='ltr'><strong>τοῦ</strong></span> <span class='ocrx_word' id='word_1_130' title='bbox 3333 593 3556 651; x_wconf 81' lang='grc' dir='ltr'>θανάτου</span> <span class='ocrx_word' id='word_1_131' title='bbox 3599 603 3688 655; x_wconf 69' lang='lat' dir='ltr'><strong>uel</strong></span> 
     </span>
    </p>
   </div>
   <div class='ocr_carea' id='block_1_22' title="bbox 2118 684 3686 759">
    <p class='ocr_par' dir='ltr' id='par_1_22' title="bbox 2118 684 3686 759">
     <span class='ocr_line' id='line_1_22' title="bbox 2118 684 3686 759; baseline 0.006 -22"><span class='ocrx_word' id='word_1_132' title='bbox 2118 684 2219 754; x_wconf 79' lang='grc' dir='ltr'><strong>τῆς</strong></span> <span class='ocrx_word' id='word_1_133' title='bbox 2262 685 2537 756; x_wconf 83' lang='grc' dir='ltr'>ἐγέρσεως</span> <span class='ocrx_word' id='word_1_134' title='bbox 2580 684 2950 756; x_wconf 75' lang='grc' dir='ltr'><strong>ἐλευθερῶσαι</strong></span> <span class='ocrx_word' id='word_1_135' title='bbox 2991 685 3119 748; x_wconf 81' lang='grc' dir='ltr'>τοὺς</span> <span class='ocrx_word' id='word_1_136' title='bbox 3166 686 3590 759; x_wconf 80' lang='grc' dir='ltr'>καθειργμένους</span> <span class='ocrx_word' id='word_1_137' title='bbox 3631 694 3686 747; x_wconf 88' lang='grc' dir='ltr'><strong>ἐν</strong></span> 
     </span>
    </p>
   </div>
   <div class='ocr_carea' id='block_1_23' title="bbox 2118 774 3689 851">
    <p class='ocr_par' dir='ltr' id='par_1_23' title="bbox 2118 774 3689 851">
     <span class='ocr_line' id='line_1_23' title="bbox 2118 774 3689 851; baseline 0.004 -22"><span class='ocrx_word' id='word_1_138' title='bbox 2118 778 2187 848; x_wconf 80' lang='grc' dir='ltr'><strong>τῇ</strong></span> <span class='ocrx_word' id='word_1_139' title='bbox 2216 774 2311 830; x_wconf 90' lang='grc' dir='ltr'><strong>τοῦ</strong></span> <span class='ocrx_word' id='word_1_140' title='bbox 2341 776 2471 848; x_wconf 75' lang='grc' dir='ltr'>ᾅδου</span> <span class='ocrx_word' id='word_1_141' title='bbox 2505 777 2702 850; x_wconf 77' lang='grc' dir='ltr'>φθορᾷ.</span> <span class='ocrx_word' id='word_1_142' title='bbox 2734 776 2946 841; x_wconf 77' lang='grc' dir='ltr'><strong>Παντὸς</strong></span> <span class='ocrx_word' id='word_1_143' title='bbox 2976 776 3034 830; x_wconf 81' lang='grc' dir='ltr'><strong>δέ</strong></span> <span class='ocrx_word' id='word_1_144' title='bbox 3065 774 3264 849; x_wconf 87' lang='grc' dir='ltr'>λύτρου</span> <span class='ocrx_word' id='word_1_145' title='bbox 3292 778 3565 850; x_wconf 82' lang='grc' dir='ltr'><strong>διδομένου</strong></span> <span class='ocrx_word' id='word_1_146' title='bbox 3598 782 3689 851; x_wconf 79' lang='grc' dir='ltr'>μὲν</span> 
     </span>
    </p>
   </div>
   <div class='ocr_carea' id='block_1_24' title="bbox 2119 867 3689 943">
    <p class='ocr_par' dir='ltr' id='par_1_24' title="bbox 2119 867 3689 943">
     <span class='ocr_line' id='line_1_24' title="bbox 2119 867 3689 943; baseline 0.004 -22"><span class='ocrx_word' id='word_1_147' title='bbox 2119 867 2199 938; x_wconf 82' lang='grc' dir='ltr'>τῷ</span> <span class='ocrx_word' id='word_1_148' title='bbox 2234 869 2554 939; x_wconf 79' lang='grc' dir='ltr'><strong>κατέχοντι,</strong></span> <span class='ocrx_word' id='word_1_149' title='bbox 2589 870 2684 923; x_wconf 72' lang='grc' dir='ltr'>καὶ</span> <span class='ocrx_word' id='word_1_150' title='bbox 2717 869 3084 943; x_wconf 80' lang='grc' dir='ltr'>λυτρουμένου</span> <span class='ocrx_word' id='word_1_151' title='bbox 3119 869 3213 923; x_wconf 78' lang='grc' dir='ltr'>τὸν</span> <span class='ocrx_word' id='word_1_152' title='bbox 3242 871 3602 943; x_wconf 83' lang='grc' dir='ltr'>κατεχόμενον</span> <span class='ocrx_word' id='word_1_153' title='bbox 3630 874 3689 929; x_wconf 81' lang='grc' dir='ltr'>τδ</span> 
     </span>
    </p>
   </div>
   <div class='ocr_carea' id='block_1_25' title="bbox 2118 957 3690 1033">
    <p class='ocr_par' dir='ltr' id='par_1_25' title="bbox 2118 957 3690 1033">
     <span class='ocr_line' id='line_1_25' title="bbox 2118 957 3690 1033; baseline 0.001 -18"><span class='ocrx_word' id='word_1_154' title='bbox 2118 960 2213 1016; x_wconf 85' lang='grc' dir='ltr'><strong>τοῦ</strong></span> <span class='ocrx_word' id='word_1_155' title='bbox 2244 961 2483 1033; x_wconf 83' lang='grc' dir='ltr'>Χριστοῦ</span> <span class='ocrx_word' id='word_1_156' title='bbox 2516 960 2794 1016; x_wconf 88' lang='grc' dir='ltr'>θειότατον</span> <span class='ocrx_word' id='word_1_157' title='bbox 2821 957 2963 1033; x_wconf 77' lang='grc' dir='ltr'>αἷμα</span> <span class='ocrx_word' id='word_1_158' title='bbox 3002 960 3241 1028; x_wconf 74' lang='grc' dir='ltr'><strong>ἐξείλετο</strong></span> <span class='ocrx_word' id='word_1_159' title='bbox 3288 961 3389 1032; x_wconf 79' lang='grc' dir='ltr'>μὲν</span> <span class='ocrx_word' id='word_1_160' title='bbox 3419 963 3540 1027; x_wconf 83' lang='grc' dir='ltr'>τοὺς</span> <span class='ocrx_word' id='word_1_161' title='bbox 3568 982 3690 1018; x_wconf 85' lang='grc' dir='ltr'>κατ-</span> 
     </span>
    </p>
   </div>
   <div class='ocr_carea' id='block_1_26' title="bbox 2116 1050 3690 1124">
    <p class='ocr_par' dir='ltr' id='par_1_26' title="bbox 2116 1050 3690 1124">
     <span class='ocr_line' id='line_1_26' title="bbox 2116 1050 3690 1124; baseline 0.003 -20"><span class='ocrx_word' id='word_1_162' title='bbox 2116 1052 2518 1124; x_wconf 78' lang='grc' dir='ltr'>εχομένους,οὑ</span> <span class='ocrx_word' id='word_1_163' title='bbox 2565 1053 2673 1123; x_wconf 80' lang='grc' dir='ltr'>μὴν</span> <span class='ocrx_word' id='word_1_164' title='bbox 2709 1053 2925 1123; x_wconf 75' lang='grc' dir='ltr'>εἰλήφει</span> <span class='ocrx_word' id='word_1_165' title='bbox 2948 1050 3108 1106; x_wconf 87' lang='grc' dir='ltr'>τοῦτο</span> <span class='ocrx_word' id='word_1_166' title='bbox 3144 1053 3175 1106; x_wconf 83' lang='grc' dir='ltr'><strong>ὁ</strong></span> <span class='ocrx_word' id='word_1_167' title='bbox 3214 1050 3494 1122; x_wconf 85' lang='grc' dir='ltr'>τύραννος,</span> <span class='ocrx_word' id='word_1_168' title='bbox 3528 1054 3638 1108; x_wconf 83' lang='grc' dir='ltr'>ἀλλ’</span> <span class='ocrx_word' id='word_1_169' title='bbox 3663 1056 3690 1108; x_wconf 82' lang='grc' dir='ltr'>ὀ</span> 
     </span>
    </p>
   </div>
   <div class='ocr_carea' id='block_1_27' title="bbox 2114 1143 3689 1219">
    <p class='ocr_par' dir='ltr' id='par_1_27' title="bbox 2114 1143 3689 1219">
     <span class='ocr_line' id='line_1_27' title="bbox 2114 1143 3689 1219; baseline 0.002 -21"><span class='ocrx_word' id='word_1_170' title='bbox 2114 1148 2213 1198; x_wconf 84' lang='grc' dir='ltr'><strong>τοῦ</strong></span> <span class='ocrx_word' id='word_1_171' title='bbox 2255 1144 2509 1206; x_wconf 87' lang='grc' dir='ltr'>τυθέντος</span> <span class='ocrx_word' id='word_1_172' title='bbox 2560 1145 2754 1216; x_wconf 87' lang='grc' dir='ltr'>Πατήρ</span> <span class='ocrx_word' id='word_1_173' title='bbox 2783 1164 2800 1177; x_wconf 68' lang='grc' dir='ltr'><strong>ν</strong></span> <span class='ocrx_word' id='word_1_174' title='bbox 2839 1145 2934 1199; x_wconf 81' lang='grc' dir='ltr'>καὶ</span> <span class='ocrx_word' id='word_1_175' title='bbox 2974 1143 3136 1198; x_wconf 89' lang='grc' dir='ltr'>τοῦτο</span> <span class='ocrx_word' id='word_1_176' title='bbox 3186 1144 3374 1213; x_wconf 83' lang='grc' dir='ltr'>σαφῶς</span> <span class='ocrx_word' id='word_1_177' title='bbox 3417 1145 3689 1219; x_wconf 79' lang='grc' dir='ltr'>θεολογικη</span> 
     </span>
    </p>
   </div>
   <div class='ocr_carea' id='block_1_28' title="bbox 2111 1235 3691 1310">
    <p class='ocr_par' dir='ltr' id='par_1_28' title="bbox 2111 1235 3691 1310">
     <span class='ocr_line' id='line_1_28' title="bbox 2111 1235 3691 1310; baseline 0.004 -21"><span class='ocrx_word' id='word_1_178' title='bbox 2111 1235 2338 1305; x_wconf 74' lang='grc' dir='ltr'>γλῶσσα</span> <span class='ocrx_word' id='word_1_179' title='bbox 2364 1236 2648 1308; x_wconf 83' lang='grc' dir='ltr'>διατρανοί</span> <span class='ocrx_word' id='word_1_180' title='bbox 2668 1277 2684 1304; x_wconf 96' lang='grc'><strong>,</strong></span> <span class='ocrx_word' id='word_1_181' title='bbox 2717 1235 3023 1306; x_wconf 80' lang='grc' dir='ltr'>Λαμσάνει,</span> <span class='ocrx_word' id='word_1_182' title='bbox 3055 1236 3315 1305; x_wconf 83' lang='grc' dir='ltr'>λέγουσα,</span> <span class='ocrx_word' id='word_1_183' title='bbox 3344 1238 3405 1291; x_wconf 85' lang='grc' dir='ltr'>τὸ</span> <span class='ocrx_word' id='word_1_184' title='bbox 3435 1241 3574 1310; x_wconf 82' lang='grc' dir='ltr'>μέγα</span> <span class='ocrx_word' id='word_1_185' title='bbox 3603 1244 3691 1296; x_wconf 82' lang='grc' dir='ltr'>καὶ</span> 
     </span>
    </p>
   </div>
   <div class='ocr_carea' id='block_1_29' title="bbox 2111 1323 3688 1403">
    <p class='ocr_par' dir='ltr' id='par_1_29' title="bbox 2111 1323 3688 1403">
     <span class='ocr_line' id='line_1_29' title="bbox 2111 1323 3688 1403; baseline 0.004 -24"><span class='ocrx_word' id='word_1_186' title='bbox 2111 1325 2442 1397; x_wconf 78' lang='grc' dir='ltr'>περιϐόητον</span> <span class='ocrx_word' id='word_1_187' title='bbox 2475 1323 2617 1397; x_wconf 78' lang='grc' dir='ltr'>αἷμα</span> <span class='ocrx_word' id='word_1_188' title='bbox 2651 1328 2679 1381; x_wconf 88' lang='grc' dir='ltr'><strong>ὁ</strong></span> <span class='ocrx_word' id='word_1_189' title='bbox 2713 1326 2927 1399; x_wconf 82' lang='grc' dir='ltr'>Πατὴρ,</span> <span class='ocrx_word' id='word_1_190' title='bbox 2959 1328 3063 1382; x_wconf 82' lang='grc' dir='ltr'>οὐκ</span> <span class='ocrx_word' id='word_1_191' title='bbox 3098 1328 3355 1399; x_wconf 72' lang='grc' dir='ltr'>αἰτήσας,</span> <span class='ocrx_word' id='word_1_192' title='bbox 3403 1330 3524 1384; x_wconf 74' lang='grc' dir='ltr'>οὐδὲ</span> <span class='ocrx_word' id='word_1_193' title='bbox 3569 1332 3688 1403; x_wconf 89' lang='grc' dir='ltr'>δεη-</span> 
     </span>
    </p>
   </div>
   <div class='ocr_carea' id='block_1_30' title="bbox 2112 1417 3689 1492">
    <p class='ocr_par' dir='ltr' id='par_1_30' title="bbox 2112 1417 3689 1492">
     <span class='ocr_line' id='line_1_30' title="bbox 2112 1417 3689 1492; baseline 0.003 -21"><span class='ocrx_word' id='word_1_194' title='bbox 2112 1417 2254 1483; x_wconf 76' lang='grc' dir='ltr'>θεὶς,</span> <span class='ocrx_word' id='word_1_195' title='bbox 2286 1417 2424 1472; x_wconf 79' lang='grc' dir='ltr'>ἀλλὰ</span> <span class='ocrx_word' id='word_1_196' title='bbox 2455 1418 2546 1473; x_wconf 85' lang='grc' dir='ltr'><strong>διὰ</strong></span> <span class='ocrx_word' id='word_1_197' title='bbox 2575 1420 2674 1491; x_wconf 76' lang='grc' dir='ltr'><strong>τὴν</strong></span> <span class='ocrx_word' id='word_1_198' title='bbox 2703 1419 3021 1490; x_wconf 70' lang='grc' dir='ltr'>οἰκονομίαν</span> <span class='ocrx_word' id='word_1_199' title='bbox 3039 1461 3055 1485; x_wconf 91' lang='grc'><strong>,</strong></span> <span class='ocrx_word' id='word_1_200' title='bbox 3084 1422 3183 1475; x_wconf 77' lang='grc' dir='ltr'>καὶ</span> <span class='ocrx_word' id='word_1_201' title='bbox 3210 1420 3272 1474; x_wconf 79' lang='grc' dir='ltr'>τὸ</span> <span class='ocrx_word' id='word_1_202' title='bbox 3306 1420 3501 1492; x_wconf 80' lang='grc' dir='ltr'>χρῆναι</span> <span class='ocrx_word' id='word_1_203' title='bbox 3534 1424 3689 1492; x_wconf 80' lang='grc' dir='ltr'>ἁγια-</span> 
     </span>
    </p>
   </div>
   <div class='ocr_carea' id='block_1_31' title="bbox 2111 1505 3689 1584">
    <p class='ocr_par' dir='ltr' id='par_1_31' title="bbox 2111 1505 3689 1584">
     <span class='ocr_line' id='line_1_31' title="bbox 2111 1505 3689 1584; baseline 0.004 -23"><span class='ocrx_word' id='word_1_204' title='bbox 2111 1505 2307 1578; x_wconf 85' lang='grc' dir='ltr'>σθῆναι</span> <span class='ocrx_word' id='word_1_205' title='bbox 2341 1508 2420 1580; x_wconf 81' lang='grc' dir='ltr'>τῷ</span> <span class='ocrx_word' id='word_1_206' title='bbox 2456 1509 2787 1581; x_wconf 76' lang='grc' dir='ltr'>ἀνθρωπίνῳ</span> <span class='ocrx_word' id='word_1_207' title='bbox 2819 1509 2918 1563; x_wconf 87' lang='grc' dir='ltr'><strong>τοῦ</strong></span> <span class='ocrx_word' id='word_1_208' title='bbox 2954 1509 3093 1563; x_wconf 86' lang='grc' dir='ltr'>Θεοῦ</span> <span class='ocrx_word' id='word_1_209' title='bbox 3125 1510 3219 1564; x_wconf 85' lang='grc' dir='ltr'>τὸν</span> <span class='ocrx_word' id='word_1_210' title='bbox 3255 1511 3571 1584; x_wconf 77' lang='grc' dir='ltr'>ἄνθρωπον,</span> <span class='ocrx_word' id='word_1_211' title='bbox 3607 1512 3689 1568; x_wconf 76' lang='grc' dir='ltr'>ἵνα</span> 
     </span>
    </p>
   </div>
   <div class='ocr_carea' id='block_1_32' title="bbox 2106 1602 3686 1676">
    <p class='ocr_par' dir='ltr' id='par_1_32' title="bbox 2106 1602 3686 1676">
     <span class='ocr_line' id='line_1_32' title="bbox 2106 1602 3686 1676; baseline 0.004 -21"><span class='ocrx_word' id='word_1_212' title='bbox 2106 1602 2271 1667; x_wconf 73' lang='grc' dir='ltr'>αὐτὸς</span> <span class='ocrx_word' id='word_1_213' title='bbox 2303 1603 2451 1673; x_wconf 74' lang='grc' dir='ltr'>ἡμᾶς</span> <span class='ocrx_word' id='word_1_214' title='bbox 2479 1602 2732 1674; x_wconf 75' lang='grc' dir='ltr'>ἐξέληται</span> <span class='ocrx_word' id='word_1_215' title='bbox 2758 1602 2853 1657; x_wconf 87' lang='grc' dir='ltr'><strong>τοῦ</strong></span> <span class='ocrx_word' id='word_1_216' title='bbox 2880 1603 3146 1676; x_wconf 85' lang='grc' dir='ltr'>τυράννου</span> <span class='ocrx_word' id='word_1_217' title='bbox 3179 1602 3272 1675; x_wconf 77' lang='grc' dir='ltr'>βίᾳ</span> <span class='ocrx_word' id='word_1_218' title='bbox 3303 1606 3686 1675; x_wconf 81' lang='grc' dir='ltr'>κρατήσαντος.</span> 
     </span>
    </p>
   </div>
   <div class='ocr_carea' id='block_1_33' title="bbox 2108 1693 3688 1768">
    <p class='ocr_par' dir='ltr' id='par_1_33' title="bbox 2108 1693 3688 1768">
     <span class='ocr_line' id='line_1_33' title="bbox 2108 1693 3688 1768; baseline 0.002 -19"><span class='ocrx_word' id='word_1_219' title='bbox 2108 1693 2269 1749; x_wconf 84' lang='grc' dir='ltr'>Οῦτω</span> <span class='ocrx_word' id='word_1_220' title='bbox 2306 1696 2400 1750; x_wconf 83' lang='grc' dir='ltr'>τὸν</span> <span class='ocrx_word' id='word_1_221' title='bbox 2441 1694 2638 1767; x_wconf 83' lang='grc' dir='ltr'>ἐχθρὸν</span> <span class='ocrx_word' id='word_1_222' title='bbox 2681 1696 3011 1767; x_wconf 80' lang='grc' dir='ltr'>εὐμηχάνως</span> <span class='ocrx_word' id='word_1_223' title='bbox 3047 1713 3110 1750; x_wconf 87' lang='grc' dir='ltr'><strong>τε</strong></span> <span class='ocrx_word' id='word_1_224' title='bbox 3153 1695 3272 1768; x_wconf 74' lang='grc' dir='ltr'>ἅμα</span> <span class='ocrx_word' id='word_1_225' title='bbox 3336 1697 3433 1751; x_wconf 72' lang='grc' dir='ltr'>καὶ</span> <span class='ocrx_word' id='word_1_226' title='bbox 3476 1696 3688 1764; x_wconf 80' lang='grc' dir='ltr'>δικαίως</span> 
     </span>
    </p>
   </div>
   <div class='ocr_carea' id='block_1_34' title="bbox 409 1766 1997 1863">
    <p class='ocr_par' dir='ltr' id='par_1_34' title="bbox 409 1782 1997 1857">
     <span class='ocr_line' id='line_1_34' title="bbox 409 1782 1997 1857; baseline 0.004 -20"><span class='ocrx_word' id='word_1_227' title='bbox 409 1792 468 1837; x_wconf 89' lang='lat' dir='ltr'><strong>et</strong></span> <span class='ocrx_word' id='word_1_228' title='bbox 511 1782 1067 1852; x_wconf 86' lang='lat' dir='ltr'><strong>administrationem,</strong></span> <span class='ocrx_word' id='word_1_229' title='bbox 1120 1797 1176 1841; x_wconf 91' lang='lat' dir='ltr'><strong>et</strong></span> <span class='ocrx_word' id='word_1_230' title='bbox 1221 1786 1348 1857; x_wconf 86' lang='lat' dir='ltr'><strong>quia</strong></span> <span class='ocrx_word' id='word_1_231' title='bbox 1395 1802 1493 1855; x_wconf 89' lang='lat' dir='ltr'><strong>per</strong></span> <span class='ocrx_word' id='word_1_232' title='bbox 1540 1787 1931 1842; x_wconf 89' lang='lat' dir='ltr'><strong>humanitatem</strong></span> <span class='ocrx_word' id='word_1_233' title='bbox 1972 1804 1997 1844; x_wconf 88' lang='lat' dir='ltr'><strong>a</strong></span> 
     </span>
    </p>
   </div>
   <div class='ocr_carea' id='block_1_35' title="bbox 2099 1766 3689 1863">
    <p class='ocr_par' dir='ltr' id='par_1_35' title="bbox 2106 1766 3689 1863">
     <span class='ocr_line' id='line_1_35' title="bbox 2106 1766 3689 1863; baseline 0.003 -21"><span class='ocrx_word' id='word_1_234' title='bbox 2106 1787 2455 1857; x_wconf 79' lang='grc' dir='ltr'>καταϐαλὼν,</span> <span class='ocrx_word' id='word_1_235' title='bbox 2481 1790 2581 1861; x_wconf 85' lang='grc' dir='ltr'>τῆς</span> <span class='ocrx_word' id='word_1_236' title='bbox 2609 1789 2730 1844; x_wconf 89' lang='grc' dir='ltr'>κατ’</span> <span class='ocrx_word' id='word_1_237' title='bbox 2756 1766 2926 1845; x_wconf 82' lang='grc' dir='ltr'>αύτοῦ</span> <span class='ocrx_word' id='word_1_238' title='bbox 2951 1789 3111 1860; x_wconf 91' lang='grc' dir='ltr'>νίκης</span> <span class='ocrx_word' id='word_1_239' title='bbox 3136 1766 3421 1858; x_wconf 79' lang='grc' dir='ltr'>ὑπέδειξεν</span> <span class='ocrx_word' id='word_1_240' title='bbox 3442 1793 3572 1863; x_wconf 81' lang='grc' dir='ltr'>ἡμῖν</span> <span class='ocrx_word' id='word_1_241' title='bbox 3595 1793 3689 1863; x_wconf 80' lang='grc' dir='ltr'>τὴν</span> 
     </span>
    </p>
   </div>
   <div class='ocr_carea' id='block_1_36' title="bbox 407 1875 2005 1950">
    <p class='ocr_par' dir='ltr' id='par_1_36' title="bbox 407 1875 2005 1950">
     <span class='ocr_line' id='line_1_36' title="bbox 407 1875 2005 1950; baseline 0.006 -21"><span class='ocrx_word' id='word_1_242' title='bbox 407 1875 523 1931; x_wconf 89' lang='lat' dir='ltr'><strong>Deo</strong></span> <span class='ocrx_word' id='word_1_243' title='bbox 556 1885 887 1947; x_wconf 87' lang='lat' dir='ltr'><strong>assumptam</strong></span> <span class='ocrx_word' id='word_1_244' title='bbox 940 1878 1147 1933; x_wconf 88' lang='lat' dir='ltr'><strong>homini</strong></span> <span class='ocrx_word' id='word_1_245' title='bbox 1186 1878 1534 1935; x_wconf 88' lang='lat' dir='ltr'><strong>sanctitatem</strong></span> <span class='ocrx_word' id='word_1_246' title='bbox 1566 1878 1750 1935; x_wconf 77' lang='lat' dir='ltr'><strong>allerri</strong></span> <span class='ocrx_word' id='word_1_247' title='bbox 1786 1890 2005 1950; x_wconf 81' lang='lat' dir='ltr'><strong>oporte-</strong></span> 
     </span>
    </p>
   </div>
   <div class='ocr_carea' id='block_1_37' title="bbox 406 1967 2001 2043">
    <p class='ocr_par' dir='ltr' id='par_1_37' title="bbox 406 1967 2001 2043">
     <span class='ocr_line' id='line_1_37' title="bbox 406 1967 2001 2043; baseline 0.003 -20"><span class='ocrx_word' id='word_1_248' title='bbox 406 1967 522 2033; x_wconf 84' lang='lat' dir='ltr'><strong>bat,</strong></span> <span class='ocrx_word' id='word_1_249' title='bbox 556 1976 616 2021; x_wconf 92' lang='lat' dir='ltr'><strong>ut</strong></span> <span class='ocrx_word' id='word_1_250' title='bbox 650 1968 765 2037; x_wconf 89' lang='lat' dir='ltr'><strong>ipse</strong></span> <span class='ocrx_word' id='word_1_251' title='bbox 805 1983 904 2025; x_wconf 91' lang='lat' dir='ltr'><strong>nos</strong></span> <span class='ocrx_word' id='word_1_252' title='bbox 933 1986 963 2024; x_wconf 91' lang='lat' dir='ltr'><strong>a</strong></span> <span class='ocrx_word' id='word_1_253' title='bbox 997 1981 1252 2042; x_wconf 82' lang='lat' dir='ltr'><strong>tyranno,</strong></span> <span class='ocrx_word' id='word_1_254' title='bbox 1281 1971 1374 2040; x_wconf 88' lang='lat' dir='ltr'><strong>qui</strong></span> <span class='ocrx_word' id='word_1_255' title='bbox 1419 1987 1516 2043; x_wconf 87' lang='lat' dir='ltr'><strong>per</strong></span> <span class='ocrx_word' id='word_1_256' title='bbox 1549 1973 1655 2026; x_wconf 85' lang='lat' dir='ltr'><strong>vim</strong></span> <span class='ocrx_word' id='word_1_257' title='bbox 1709 1987 1810 2028; x_wconf 89' lang='lat' dir='ltr'><strong>nos</strong></span> <span class='ocrx_word' id='word_1_258' title='bbox 1861 1974 2001 2029; x_wconf 46' lang='lat' dir='ltr'><strong>deti‘</strong></span> 
     </span>
    </p>
   </div>
   <div class='ocr_carea' id='block_1_38' title="bbox 406 2058 2005 2125">
    <p class='ocr_par' dir='ltr' id='par_1_38' title="bbox 406 2058 2005 2125">
     <span class='ocr_line' id='line_1_38' title="bbox 406 2058 2005 2125; baseline 0.006 -14"><span class='ocrx_word' id='word_1_259' title='bbox 406 2059 595 2125; x_wconf 88' lang='lat' dir='ltr'><strong>nebat,</strong></span> <span class='ocrx_word' id='word_1_260' title='bbox 632 2058 917 2116; x_wconf 81' lang='lat' dir='ltr'><strong>liberaret.</strong></span> <span class='ocrx_word' id='word_1_261' title='bbox 952 2061 1026 2116; x_wconf 88' lang='lat' dir='ltr'><strong>ita</strong></span> <span class='ocrx_word' id='word_1_262' title='bbox 1059 2076 1187 2117; x_wconf 89' lang='lat' dir='ltr'><strong>cum</strong></span> <span class='ocrx_word' id='word_1_263' title='bbox 1218 2062 1498 2118; x_wconf 90' lang='lat' dir='ltr'><strong>inimicum</strong></span> <span class='ocrx_word' id='word_1_264' title='bbox 1558 2066 1784 2121; x_wconf 85' lang='lat' dir='ltr'><strong>dextere</strong></span> <span class='ocrx_word' id='word_1_265' title='bbox 1841 2065 2005 2121; x_wconf 88' lang='lat' dir='ltr'><strong>simul</strong></span> 
     </span>
    </p>
   </div>
   <div class='ocr_carea' id='block_1_39' title="bbox 407 2150 2004 2223">
    <p class='ocr_par' dir='ltr' id='par_1_39' title="bbox 407 2150 2004 2223">
     <span class='ocr_line' id='line_1_39' title="bbox 407 2150 2004 2223; baseline 0.003 -17"><span class='ocrx_word' id='word_1_266' title='bbox 407 2160 466 2206; x_wconf 87' lang='lat' dir='ltr'><strong>et</strong></span> <span class='ocrx_word' id='word_1_267' title='bbox 501 2150 651 2221; x_wconf 88' lang='lat' dir='ltr'><strong>juste</strong></span> <span class='ocrx_word' id='word_1_268' title='bbox 681 2154 1069 2223; x_wconf 80' lang='lat' dir='ltr'><strong>Oppressisset,</strong></span> <span class='ocrx_word' id='word_1_269' title='bbox 1106 2155 1248 2209; x_wconf 85' lang='lat' dir='ltr'><strong>viam</strong></span> <span class='ocrx_word' id='word_1_270' title='bbox 1291 2156 1448 2211; x_wconf 89' lang='lat' dir='ltr'><strong>nobis</strong></span> <span class='ocrx_word' id='word_1_271' title='bbox 1484 2156 1673 2212; x_wconf 88' lang='lat' dir='ltr'><strong>itidem</strong></span> <span class='ocrx_word' id='word_1_272' title='bbox 1721 2172 2004 2213; x_wconf 85' lang='lat' dir='ltr'><strong>common-</strong></span> 
     </span>
    </p>
   </div>
   <div class='ocr_carea' id='block_1_40' title="bbox 411 2247 1996 2321">
    <p class='ocr_par' dir='ltr' id='par_1_40' title="bbox 411 2247 1996 2321">
     <span class='ocr_line' id='line_1_40' title="bbox 411 2247 1996 2321; baseline 0.004 -20"><span class='ocrx_word' id='word_1_273' title='bbox 411 2247 631 2313; x_wconf 79' lang='lat' dir='ltr'><strong>stravit,</strong></span> <span class='ocrx_word' id='word_1_274' title='bbox 674 2265 780 2318; x_wconf 79' lang='lat' dir='ltr'><strong>qua</strong></span> <span class='ocrx_word' id='word_1_275' title='bbox 827 2249 1051 2305; x_wconf 87' lang='lat' dir='ltr'><strong>vincere</strong></span> <span class='ocrx_word' id='word_1_276' title='bbox 1105 2252 1281 2320; x_wconf 88' lang='lat' dir='ltr'><strong>ipsum</strong></span> <span class='ocrx_word' id='word_1_277' title='bbox 1328 2266 1652 2321; x_wconf 88' lang='lat' dir='ltr'><strong>possemus:</strong></span> <span class='ocrx_word' id='word_1_278' title='bbox 1696 2253 1851 2321; x_wconf 87' lang='lat' dir='ltr'><strong>cujus</strong></span> <span class='ocrx_word' id='word_1_279' title='bbox 1901 2269 1996 2308; x_wconf 80' lang='lat' dir='ltr'><strong>ve-</strong></span> 
     </span>
    </p>
   </div>
   <div class='ocr_carea' id='block_1_41' title="bbox 401 2339 1995 2409">
    <p class='ocr_par' dir='ltr' id='par_1_41' title="bbox 401 2339 1995 2409">
     <span class='ocr_line' id='line_1_41' title="bbox 401 2339 1995 2409; baseline 0.007 -17"><span class='ocrx_word' id='word_1_280' title='bbox 401 2339 583 2409; x_wconf 73' lang='lat' dir='ltr'><strong>stigiis</strong></span> <span class='ocrx_word' id='word_1_281' title='bbox 612 2339 930 2398; x_wconf 89' lang='lat' dir='ltr'><strong>insistentes</strong></span> <span class='ocrx_word' id='word_1_282' title='bbox 960 2342 1339 2399; x_wconf 83' lang='lat' dir='ltr'><strong>adversarium</strong></span> <span class='ocrx_word' id='word_1_283' title='bbox 1377 2354 1619 2400; x_wconf 87' lang='lat' dir='ltr'><strong>nostrum</strong></span> <span class='ocrx_word' id='word_1_284' title='bbox 1662 2348 1911 2403; x_wconf 88' lang='lat' dir='ltr'><strong>oratione</strong></span> <span class='ocrx_word' id='word_1_285' title='bbox 1940 2358 1995 2403; x_wconf 90' lang='lat' dir='ltr'><strong>et</strong></span> 
     </span>
    </p>
   </div>
   <div class='ocr_carea' id='block_1_42' title="bbox 399 2432 1996 2508">
    <p class='ocr_par' dir='ltr' id='par_1_42' title="bbox 399 2432 1996 2508">
     <span class='ocr_line' id='line_1_42' title="bbox 399 2432 1996 2508; baseline 0.003 -20"><span class='ocrx_word' id='word_1_286' title='bbox 399 2432 610 2503; x_wconf 80' lang='lat' dir='ltr'><strong>jejunio</strong></span> <span class='ocrx_word' id='word_1_287' title='bbox 638 2450 902 2506; x_wconf 89' lang='lat' dir='ltr'><strong>superare</strong></span> <span class='ocrx_word' id='word_1_288' title='bbox 951 2450 1240 2492; x_wconf 89' lang='lat' dir='ltr'><strong>conemur.</strong></span> <span class='ocrx_word' id='word_1_289' title='bbox 1271 2436 1337 2491; x_wconf 82' lang='lat' dir='ltr'><strong>Et</strong></span> <span class='ocrx_word' id='word_1_290' title='bbox 1386 2438 1528 2493; x_wconf 87' lang='lat' dir='ltr'><strong>sicut</strong></span> <span class='ocrx_word' id='word_1_291' title='bbox 1573 2439 1661 2492; x_wconf 90' lang='lat' dir='ltr'><strong>ille</strong></span> <span class='ocrx_word' id='word_1_292' title='bbox 1696 2454 1791 2507; x_wconf 86' lang='lat' dir='ltr'><strong>per</strong></span> <span class='ocrx_word' id='word_1_293' title='bbox 1819 2439 1996 2508; x_wconf 87' lang='lat' dir='ltr'><strong>inglu-</strong></span> 
     </span>
    </p>
   </div>
   <div class='ocr_carea' id='block_1_43' title="bbox 402 2526 1998 2599">
    <p class='ocr_par' dir='ltr' id='par_1_43' title="bbox 402 2526 1998 2599">
     <span class='ocr_line' id='line_1_43' title="bbox 402 2526 1998 2599; baseline 0.004 -21"><span class='ocrx_word' id='word_1_294' title='bbox 402 2526 547 2582; x_wconf 80' lang='lat' dir='ltr'><strong>viem</strong></span> <span class='ocrx_word' id='word_1_295' title='bbox 600 2542 701 2582; x_wconf 85' lang='lat' dir='ltr'><strong>nos</strong></span> <span class='ocrx_word' id='word_1_296' title='bbox 755 2527 973 2599; x_wconf 78' lang='lat' dir='ltr'><strong>subegit</strong></span> <span class='ocrx_word' id='word_1_297' title='bbox 1004 2544 1244 2597; x_wconf 83' lang='lat' dir='ltr'><strong>suosque</strong></span> <span class='ocrx_word' id='word_1_298' title='bbox 1294 2544 1482 2585; x_wconf 81' lang='lat' dir='ltr'><strong>servos</strong></span> <span class='ocrx_word' id='word_1_299' title='bbox 1548 2530 1767 2598; x_wconf 82' lang='lat' dir='ltr'><strong>eti&#39;eeit;</strong></span> <span class='ocrx_word' id='word_1_300' title='bbox 1826 2531 1899 2586; x_wconf 89' lang='lat' dir='ltr'><strong>ita</strong></span> <span class='ocrx_word' id='word_1_301' title='bbox 1941 2540 1998 2585; x_wconf 90' lang='lat' dir='ltr'><strong>et</strong></span> 
     </span>
    </p>
   </div>
   <div class='ocr_carea' id='block_1_44' title="bbox 403 2622 1998 2692">
    <p class='ocr_par' dir='ltr' id='par_1_44' title="bbox 403 2622 1998 2692">
     <span class='ocr_line' id='line_1_44' title="bbox 403 2622 1998 2692; baseline 0.003 -19"><span class='ocrx_word' id='word_1_302' title='bbox 403 2634 508 2675; x_wconf 85' lang='lat' dir='ltr'><strong>nos</strong></span> <span class='ocrx_word' id='word_1_303' title='bbox 557 2628 818 2690; x_wconf 72' lang='lat' dir='ltr'><strong>troprcum</strong></span> <span class='ocrx_word' id='word_1_304' title='bbox 855 2623 922 2678; x_wconf 88' lang='lat' dir='ltr'><strong>de</strong></span> <span class='ocrx_word' id='word_1_305' title='bbox 950 2622 1068 2692; x_wconf 91' lang='lat' dir='ltr'><strong>ipso</strong></span> <span class='ocrx_word' id='word_1_306' title='bbox 1096 2623 1269 2678; x_wconf 88' lang='lat' dir='ltr'><strong>armis</strong></span> <span class='ocrx_word' id='word_1_307' title='bbox 1324 2623 1623 2680; x_wconf 87' lang='lat' dir='ltr'><strong>contrariis</strong></span> <span class='ocrx_word' id='word_1_308' title='bbox 1671 2634 1998 2678; x_wconf 84' lang='lat' dir='ltr'><strong>statuamus.</strong></span> 
     </span>
    </p>
   </div>
   <div class='ocr_carea' id='block_1_45' title="bbox 405 2710 2000 2786">
    <p class='ocr_par' dir='ltr' id='par_1_45' title="bbox 405 2710 2000 2786">
     <span class='ocr_line' id='line_1_45' title="bbox 405 2710 2000 2786; baseline 0.004 -21"><span class='ocrx_word' id='word_1_309' title='bbox 405 2710 760 2768; x_wconf 87' lang='lat' dir='ltr'><strong>Considerate</strong></span> <span class='ocrx_word' id='word_1_310' title='bbox 779 2714 881 2769; x_wconf 92' lang='lat' dir='ltr'><strong>hoc</strong></span> <span class='ocrx_word' id='word_1_311' title='bbox 903 2712 1106 2769; x_wconf 89' lang='lat' dir='ltr'><strong>luteum</strong></span> <span class='ocrx_word' id='word_1_312' title='bbox 1132 2730 1327 2784; x_wconf 89' lang='lat' dir='ltr'><strong>corpus</strong></span> <span class='ocrx_word' id='word_1_313' title='bbox 1351 2716 1522 2770; x_wconf 87' lang='lat' dir='ltr'><strong>instar</strong></span> <span class='ocrx_word' id='word_1_314' title='bbox 1543 2716 1789 2786; x_wconf 77' lang='lat' dir='ltr'><strong>caliginis</strong></span> <span class='ocrx_word' id='word_1_315' title='bbox 1805 2715 2000 2771; x_wconf 69' lang='lat' dir='ltr'><strong>animae</strong></span> 
     </span>
    </p>
   </div>
   <div class='ocr_carea' id='block_1_46' title="bbox 402 2800 2000 2876">
    <p class='ocr_par' dir='ltr' id='par_1_46' title="bbox 402 2800 2000 2876">
     <span class='ocr_line' id='line_1_46' title="bbox 402 2800 2000 2876; baseline 0.003 -21"><span class='ocrx_word' id='word_1_316' title='bbox 402 2800 828 2868; x_wconf 87' lang='lat' dir='ltr'><strong>circumfusum,</strong></span> <span class='ocrx_word' id='word_1_317' title='bbox 864 2803 935 2858; x_wconf 89' lang='lat' dir='ltr'><strong>ob</strong></span> <span class='ocrx_word' id='word_1_318' title='bbox 962 2804 1192 2858; x_wconf 86' lang='lat' dir='ltr'><strong>vetitum</strong></span> <span class='ocrx_word' id='word_1_319' title='bbox 1229 2804 1409 2859; x_wconf 90' lang='lat' dir='ltr'><strong>cibum</strong></span> <span class='ocrx_word' id='word_1_320' title='bbox 1440 2819 1659 2876; x_wconf 86' lang='lat' dir='ltr'><strong>gravem</strong></span> <span class='ocrx_word' id='word_1_321' title='bbox 1690 2804 1834 2858; x_wconf 89' lang='lat' dir='ltr'><strong>hanc</strong></span> <span class='ocrx_word' id='word_1_322' title='bbox 1855 2818 2000 2860; x_wconf 81' lang='lat' dir='ltr'><strong>cras-</strong></span> 
     </span>
    </p>
   </div>
   <div class='ocr_carea' id='block_1_47' title="bbox 400 2893 1999 2969">
    <p class='ocr_par' dir='ltr' id='par_1_47' title="bbox 400 2893 1999 2969">
     <span class='ocr_line' id='line_1_47' title="bbox 400 2893 1999 2969; baseline 0.003 -20"><span class='ocrx_word' id='word_1_323' title='bbox 400 2893 586 2950; x_wconf 85' lang='lat' dir='ltr'><strong>sitiem</strong></span> <span class='ocrx_word' id='word_1_324' title='bbox 623 2894 966 2953; x_wconf 82' lang='lat' dir='ltr'><strong>contraxisse</strong></span> <span class='ocrx_word' id='word_1_325' title='bbox 994 2894 1134 2969; x_wconf 86' lang='lat'><strong>(59).</strong></span> <span class='ocrx_word' id='word_1_326' title='bbox 1168 2896 1385 2953; x_wconf 87' lang='lat' dir='ltr'><strong>Etenim</strong></span> <span class='ocrx_word' id='word_1_327' title='bbox 1419 2906 1544 2955; x_wconf 88' lang='lat' dir='ltr'><strong>ante</strong></span> <span class='ocrx_word' id='word_1_328' title='bbox 1572 2896 1999 2954; x_wconf 88' lang='lat' dir='ltr'><strong>inobedientiam</strong></span> 
     </span>
    </p>
   </div>
   <div class='ocr_carea' id='block_1_48' title="bbox 2101 1874 3688 1955">
    <p class='ocr_par' dir='ltr' id='par_1_48' title="bbox 2101 1874 3688 1955">
     <span class='ocr_line' id='line_1_48' title="bbox 2101 1874 3688 1955; baseline 0.004 -23"><span class='ocrx_word' id='word_1_329' title='bbox 2101 1878 2243 1941; x_wconf 79' lang='grc' dir='ltr'>ὁδὸν.</span> <span class='ocrx_word' id='word_1_330' title='bbox 2274 1874 2319 1948; x_wconf 83' lang='grc' dir='ltr'>ᾧ</span> <span class='ocrx_word' id='word_1_331' title='bbox 2347 1879 2415 1951; x_wconf 78' lang='grc' dir='ltr'><strong>δὴ</strong></span> <span class='ocrx_word' id='word_1_332' title='bbox 2449 1882 2574 1934; x_wconf 81' lang='grc' dir='ltr'>κατ’</span> <span class='ocrx_word' id='word_1_333' title='bbox 2601 1881 2749 1950; x_wconf 75' lang='grc' dir='ltr'>ἴχνος</span> <span class='ocrx_word' id='word_1_334' title='bbox 2780 1880 3207 1947; x_wconf 80' lang='grc' dir='ltr'>ἀκολουθοῦντες</span> <span class='ocrx_word' id='word_1_335' title='bbox 3238 1882 3330 1936; x_wconf 82' lang='grc' dir='ltr'><strong>διὰ</strong></span> <span class='ocrx_word' id='word_1_336' title='bbox 3389 1884 3688 1955; x_wconf 82' lang='grc' dir='ltr'>προσευχῆς</span> 
     </span>
    </p>
   </div>
   <div class='ocr_carea' id='block_1_49' title="bbox 2101 1971 3687 2044">
    <p class='ocr_par' dir='ltr' id='par_1_49' title="bbox 2101 1971 3687 2044">
     <span class='ocr_line' id='line_1_49' title="bbox 2101 1971 3687 2044; baseline 0.003 -20"><span class='ocrx_word' id='word_1_337' title='bbox 2101 1972 2201 2025; x_wconf 70' lang='grc' dir='ltr'>καὶ</span> <span class='ocrx_word' id='word_1_338' title='bbox 2216 1971 2499 2042; x_wconf 83' lang='grc' dir='ltr'>νηστείας,</span> <span class='ocrx_word' id='word_1_339' title='bbox 2520 1972 2618 2025; x_wconf 88' lang='grc' dir='ltr'><strong>ἐπε</strong></span> <span class='ocrx_word' id='word_1_340' title='bbox 2628 1972 2871 2044; x_wconf 85' lang='grc' dir='ltr'>ιχθῶμεν</span> <span class='ocrx_word' id='word_1_341' title='bbox 2901 1972 3316 2028; x_wconf 70' lang='grc' dir='ltr'>καταπαλαῖσαι</span> <span class='ocrx_word' id='word_1_342' title='bbox 3340 1974 3433 2027; x_wconf 70' lang='grc' dir='ltr'><strong>τὸν</strong></span> <span class='ocrx_word' id='word_1_343' title='bbox 3456 1975 3687 2029; x_wconf 84' lang='grc' dir='ltr'>ἀντικεί-</span> 
     </span>
    </p>
   </div>
   <div class='ocr_carea' id='block_1_50' title="bbox 2106 2064 3687 2138">
    <p class='ocr_par' dir='ltr' id='par_1_50' title="bbox 2106 2064 3687 2138">
     <span class='ocr_line' id='line_1_50' title="bbox 2106 2064 3687 2138; baseline 0.003 -22"><span class='ocrx_word' id='word_1_344' title='bbox 2106 2080 2289 2135; x_wconf 89' lang='grc' dir='ltr'>μενον.</span> <span class='ocrx_word' id='word_1_345' title='bbox 2325 2065 2437 2118; x_wconf 73' lang='grc' dir='ltr'><strong>Καὶ</strong></span> <span class='ocrx_word' id='word_1_346' title='bbox 2476 2064 2666 2135; x_wconf 86' lang='grc' dir='ltr'>ὡσπερ</span> <span class='ocrx_word' id='word_1_347' title='bbox 2702 2065 2916 2129; x_wconf 85' lang='grc' dir='ltr'>ἐκεῖνος</span> <span class='ocrx_word' id='word_1_348' title='bbox 2948 2065 3037 2121; x_wconf 79' lang='grc' dir='ltr'>διὰ</span> <span class='ocrx_word' id='word_1_349' title='bbox 3070 2064 3317 2137; x_wconf 84' lang='grc' dir='ltr'>λιχνείας</span> <span class='ocrx_word' id='word_1_350' title='bbox 3359 2067 3508 2138; x_wconf 76' lang='grc' dir='ltr'>ἡμᾶς</span> <span class='ocrx_word' id='word_1_351' title='bbox 3548 2066 3687 2120; x_wconf 84' lang='grc' dir='ltr'>ἐδού-</span> 
     </span>
    </p>
   </div>
   <div class='ocr_carea' id='block_1_51' title="bbox 2100 2156 3688 2229">
    <p class='ocr_par' dir='ltr' id='par_1_51' title="bbox 2100 2156 3688 2229">
     <span class='ocr_line' id='line_1_51' title="bbox 2100 2156 3688 2229; baseline 0.004 -21"><span class='ocrx_word' id='word_1_352' title='bbox 2100 2157 2301 2221; x_wconf 83' lang='grc' dir='ltr'>λωσεν,</span> <span class='ocrx_word' id='word_1_353' title='bbox 2332 2156 2537 2227; x_wconf 85' lang='grc' dir='ltr'>λάτρας</span> <span class='ocrx_word' id='word_1_354' title='bbox 2570 2157 2765 2210; x_wconf 88' lang='grc' dir='ltr'>ἐαυτοῦ</span> <span class='ocrx_word' id='word_1_355' title='bbox 2799 2157 3193 2228; x_wconf 82' lang='grc' dir='ltr'>ποιησάμενος,</span> <span class='ocrx_word' id='word_1_356' title='bbox 3211 2156 3389 2223; x_wconf 79' lang='grc' dir='ltr'>οὕτως</span> <span class='ocrx_word' id='word_1_357' title='bbox 3420 2160 3580 2229; x_wconf 77' lang='grc' dir='ltr'>ἡμεῖς</span> <span class='ocrx_word' id='word_1_358' title='bbox 3607 2160 3688 2215; x_wconf 80' lang='grc' dir='ltr'>διὰ</span> 
     </span>
    </p>
   </div>
   <div class='ocr_carea' id='block_1_52' title="bbox 2098 2249 3688 2325">
    <p class='ocr_par' dir='ltr' id='par_1_52' title="bbox 2098 2249 3688 2325">
     <span class='ocr_line' id='line_1_52' title="bbox 2098 2249 3688 2325; baseline 0.003 -24"><span class='ocrx_word' id='word_1_359' title='bbox 2098 2249 2211 2302; x_wconf 83' lang='grc' dir='ltr'>τῶν</span> <span class='ocrx_word' id='word_1_360' title='bbox 2258 2249 2522 2304; x_wconf 80' lang='grc' dir='ltr'>ἐναντίων</span> <span class='ocrx_word' id='word_1_361' title='bbox 2570 2249 2734 2302; x_wconf 84' lang='grc' dir='ltr'>αὐτὸν</span> <span class='ocrx_word' id='word_1_362' title='bbox 2780 2251 3357 2322; x_wconf 82' lang='grc' dir='ltr'>κατατροποσώμεθα.</span> <span class='ocrx_word' id='word_1_363' title='bbox 3394 2250 3588 2325; x_wconf 79' lang='grc' dir='ltr'>Ὁρᾶτε</span> <span class='ocrx_word' id='word_1_364' title='bbox 3629 2251 3688 2306; x_wconf 80' lang='grc' dir='ltr'>τὸ</span> 
     </span>
    </p>
   </div>
   <div class='ocr_carea' id='block_1_53' title="bbox 2104 2340 3684 2417">
    <p class='ocr_par' dir='ltr' id='par_1_53' title="bbox 2104 2340 3684 2417">
     <span class='ocr_line' id='line_1_53' title="bbox 2104 2340 3684 2417; baseline 0.003 -24"><span class='ocrx_word' id='word_1_365' title='bbox 2104 2340 2264 2411; x_wconf 84' lang='grc' dir='ltr'>σῶμα</span> <span class='ocrx_word' id='word_1_366' title='bbox 2303 2341 2462 2395; x_wconf 88' lang='grc' dir='ltr'>τοῦτο</span> <span class='ocrx_word' id='word_1_367' title='bbox 2499 2342 2561 2395; x_wconf 83' lang='grc' dir='ltr'>τὸ</span> <span class='ocrx_word' id='word_1_368' title='bbox 2609 2343 2858 2412; x_wconf 77' lang='grc' dir='ltr'>πήλινον,</span> <span class='ocrx_word' id='word_1_369' title='bbox 2900 2343 3039 2414; x_wconf 80' lang='grc' dir='ltr'>ὅπερ</span> <span class='ocrx_word' id='word_1_370' title='bbox 3083 2343 3402 2415; x_wconf 86' lang='grc' dir='ltr'>περίκειται</span> <span class='ocrx_word' id='word_1_371' title='bbox 3439 2347 3504 2416; x_wconf 79' lang='grc' dir='ltr'>τῇ</span> <span class='ocrx_word' id='word_1_372' title='bbox 3548 2345 3684 2417; x_wconf 78' lang='grc' dir='ltr'>ψυχῇ</span> 
     </span>
    </p>
   </div>
   <div class='ocr_carea' id='block_1_54' title="bbox 2102 2432 3686 2508">
    <p class='ocr_par' dir='ltr' id='par_1_54' title="bbox 2102 2432 3686 2508">
     <span class='ocr_line' id='line_1_54' title="bbox 2102 2432 3686 2508; baseline 0.002 -20"><span class='ocrx_word' id='word_1_373' title='bbox 2102 2432 2358 2505; x_wconf 75' lang='grc' dir='ltr'>καθάπερ</span> <span class='ocrx_word' id='word_1_374' title='bbox 2388 2433 2556 2504; x_wconf 78' lang='grc' dir='ltr'>ἀχλὺς</span> <span class='ocrx_word' id='word_1_375' title='bbox 2576 2474 2590 2499; x_wconf 93' lang='grc'><strong>,</strong></span> <span class='ocrx_word' id='word_1_376' title='bbox 2621 2435 2685 2488; x_wconf 77' lang='grc' dir='ltr'><strong>ἐκ</strong></span> <span class='ocrx_word' id='word_1_377' title='bbox 2716 2434 2816 2505; x_wconf 79' lang='grc' dir='ltr'>τῆς</span> <span class='ocrx_word' id='word_1_378' title='bbox 2846 2435 3315 2506; x_wconf 81' lang='grc' dir='ltr'>ἀπηγορευμένης</span> <span class='ocrx_word' id='word_1_379' title='bbox 3348 2435 3602 2508; x_wconf 83' lang='grc' dir='ltr'>βρώσεως</span> <span class='ocrx_word' id='word_1_380' title='bbox 3628 2436 3686 2491; x_wconf 83' lang='grc' dir='ltr'>τὸ</span> 
     </span>
    </p>
   </div>
   <div class='ocr_carea' id='block_1_55' title="bbox 2104 2526 3683 2601">
    <p class='ocr_par' dir='ltr' id='par_1_55' title="bbox 2104 2526 3683 2601">
     <span class='ocr_line' id='line_1_55' title="bbox 2104 2526 3683 2601; baseline 0.002 -21"><span class='ocrx_word' id='word_1_381' title='bbox 2104 2526 2243 2598; x_wconf 80' lang='grc' dir='ltr'>βαρὺ</span> <span class='ocrx_word' id='word_1_382' title='bbox 2274 2527 2432 2580; x_wconf 90' lang='grc' dir='ltr'>τοῦτο</span> <span class='ocrx_word' id='word_1_383' title='bbox 2463 2527 2638 2598; x_wconf 83' lang='grc' dir='ltr'>πάχος</span> <span class='ocrx_word' id='word_1_384' title='bbox 2671 2527 2909 2593; x_wconf 77' lang='grc' dir='ltr'>ἐδέξατο.</span> <span class='ocrx_word' id='word_1_385' title='bbox 2944 2528 3058 2599; x_wconf 83' lang='grc' dir='ltr'><strong>Πρὸ</strong></span> <span class='ocrx_word' id='word_1_386' title='bbox 3089 2528 3199 2601; x_wconf 76' lang='grc' dir='ltr'>γὰρ</span> <span class='ocrx_word' id='word_1_387' title='bbox 3253 2530 3354 2599; x_wconf 85' lang='grc' dir='ltr'><strong>τῆς</strong></span> <span class='ocrx_word' id='word_1_388' title='bbox 3387 2530 3683 2600; x_wconf 75' lang='grc' dir='ltr'>παρακοῆς,</span> 
     </span>
    </p>
   </div>
   <div class='ocr_carea' id='block_1_56' title="bbox 2097 2613 3686 2691">
    <p class='ocr_par' dir='ltr' id='par_1_56' title="bbox 2097 2613 3686 2691">
     <span class='ocr_line' id='line_1_56' title="bbox 2097 2613 3686 2691; baseline -0.002 -16"><span class='ocrx_word' id='word_1_389' title='bbox 2097 2618 2294 2675; x_wconf 77' lang='grc' dir='ltr'>λεπτὸν</span> <span class='ocrx_word' id='word_1_390' title='bbox 2327 2614 2397 2690; x_wconf 76' lang='grc' dir='ltr'>ἦν</span> <span class='ocrx_word' id='word_1_391' title='bbox 2434 2619 2532 2674; x_wconf 71' lang='grc' dir='ltr'>καὶ</span> <span class='ocrx_word' id='word_1_392' title='bbox 2567 2618 2833 2691; x_wconf 83' lang='grc' dir='ltr'>καθαρὸν,</span> <span class='ocrx_word' id='word_1_393' title='bbox 2871 2619 2965 2673; x_wconf 75' lang='grc' dir='ltr'>καὶ</span> <span class='ocrx_word' id='word_1_394' title='bbox 3000 2620 3207 2691; x_wconf 78' lang='grc' dir='ltr'>ἀέριον,</span> <span class='ocrx_word' id='word_1_395' title='bbox 3245 2623 3346 2674; x_wconf 73' lang='grc' dir='ltr'>καὶ</span> <span class='ocrx_word' id='word_1_396' title='bbox 3381 2613 3492 2673; x_wconf 80' lang='grc' dir='ltr'>οἷον</span> <span class='ocrx_word' id='word_1_397' title='bbox 3526 2621 3686 2691; x_wconf 78' lang='grc' dir='ltr'>ἐχρῆν</span> 
     </span>
    </p>
   </div>
   <div class='ocr_carea' id='block_1_57' title="bbox 2096 2710 3686 2784">
    <p class='ocr_par' dir='ltr' id='par_1_57' title="bbox 2096 2710 3686 2784">
     <span class='ocr_line' id='line_1_57' title="bbox 2096 2710 3686 2784; baseline 0.001 -20"><span class='ocrx_word' id='word_1_398' title='bbox 2096 2711 2508 2782; x_wconf 84' lang='grc' dir='ltr'>συνυφανθῆναι</span> <span class='ocrx_word' id='word_1_399' title='bbox 2540 2714 2611 2784; x_wconf 80' lang='grc' dir='ltr'>τῇ</span> <span class='ocrx_word' id='word_1_400' title='bbox 2644 2712 2739 2766; x_wconf 89' lang='grc' dir='ltr'><strong>τοῦ</strong></span> <span class='ocrx_word' id='word_1_401' title='bbox 2759 2710 2895 2765; x_wconf 89' lang='grc' dir='ltr'>Θεοῦ</span> <span class='ocrx_word' id='word_1_402' title='bbox 2922 2712 3093 2766; x_wconf 83' lang='grc' dir='ltr'>εἰκόνι</span> <span class='ocrx_word' id='word_1_403' title='bbox 3123 2713 3407 2782; x_wconf 79' lang='grc' dir='ltr'>προσφυὲς</span> <span class='ocrx_word' id='word_1_404' title='bbox 3439 2713 3534 2766; x_wconf 78' lang='grc' dir='ltr'>καὶ</span> <span class='ocrx_word' id='word_1_405' title='bbox 3560 2728 3686 2766; x_wconf 75' lang='grc' dir='ltr'>κατ-</span> 
     </span>
    </p>
   </div>
   <div class='ocr_carea' id='block_1_58' title="bbox 2098 2800 3682 2877">
    <p class='ocr_par' dir='ltr' id='par_1_58' title="bbox 2098 2800 3682 2877">
     <span class='ocr_line' id='line_1_58' title="bbox 2098 2800 3682 2877; baseline 0.001 -20"><span class='ocrx_word' id='word_1_406' title='bbox 2098 2804 2351 2874; x_wconf 80' lang='grc' dir='ltr'>ἀλληλον.</span> <span class='ocrx_word' id='word_1_407' title='bbox 2393 2806 2569 2877; x_wconf 84' lang='grc' dir='ltr'>Ὅπερ</span> <span class='ocrx_word' id='word_1_408' title='bbox 2610 2800 2704 2859; x_wconf 82' lang='grc' dir='ltr'><strong>οῦν</strong></span> <span class='ocrx_word' id='word_1_409' title='bbox 2740 2806 2773 2875; x_wconf 77' lang='grc' dir='ltr'>ἡ</span> <span class='ocrx_word' id='word_1_410' title='bbox 2821 2804 3130 2877; x_wconf 85' lang='grc' dir='ltr'>λαιμαργία</span> <span class='ocrx_word' id='word_1_411' title='bbox 3165 2805 3443 2876; x_wconf 82' lang='grc' dir='ltr'>ἐπάχυνε,</span> <span class='ocrx_word' id='word_1_412' title='bbox 3476 2803 3563 2859; x_wconf 83' lang='grc' dir='ltr'>διὰ</span> <span class='ocrx_word' id='word_1_413' title='bbox 3590 2821 3682 2874; x_wconf 86' lang='grc' dir='ltr'>νη-</span> 
     </span>
    </p>
   </div>
   <div class='ocr_carea' id='block_1_59' title="bbox 2102 2897 3684 2972">
    <p class='ocr_par' dir='ltr' id='par_1_59' title="bbox 2102 2897 3684 2972">
     <span class='ocr_line' id='line_1_59' title="bbox 2102 2897 3684 2972; baseline 0.003 -22"><span class='ocrx_word' id='word_1_414' title='bbox 2102 2897 2286 2962; x_wconf 86' lang='grc' dir='ltr'>στείας</span> <span class='ocrx_word' id='word_1_415' title='bbox 2314 2897 2693 2970; x_wconf 83' lang='grc' dir='ltr'>λεπτύνωμεν.</span> <span class='ocrx_word' id='word_1_416' title='bbox 2712 2897 2827 2955; x_wconf 86' lang='grc' dir='ltr'>Νῦν</span> <span class='ocrx_word' id='word_1_417' title='bbox 2851 2898 2963 2972; x_wconf 84' lang='grc' dir='ltr'>γὰρ</span> <span class='ocrx_word' id='word_1_418' title='bbox 2979 2898 3056 2963; x_wconf 85' lang='grc' dir='ltr'><strong>ὡς</strong></span> <span class='ocrx_word' id='word_1_419' title='bbox 3075 2899 3133 2954; x_wconf 84' lang='grc' dir='ltr'><strong>ἐν</strong></span> <span class='ocrx_word' id='word_1_420' title='bbox 3162 2898 3532 2972; x_wconf 82' lang='grc' dir='ltr'>δεσμωτηρίῳ</span> <span class='ocrx_word' id='word_1_421' title='bbox 3558 2897 3684 2954; x_wconf 84' lang='grc' dir='ltr'>καθ·</span> 
     </span>
    </p>
   </div>
   <div class='ocr_carea' id='block_1_60' title="bbox 1642 3056 2438 3120">
    <p class='ocr_par' dir='ltr' id='par_1_60' title="bbox 1642 3056 2438 3120">
     <span class='ocr_line' id='line_1_60' title="bbox 1642 3056 2438 3120; baseline -0.001 -2"><span class='ocrx_word' id='word_1_422' title='bbox 1642 3056 1969 3119; x_wconf 83' lang='lat' dir='ltr'><strong>Franeisci</strong></span> <span class='ocrx_word' id='word_1_423' title='bbox 2007 3056 2219 3120; x_wconf 86' lang='lat' dir='ltr'><strong>Scorsi</strong></span> <span class='ocrx_word' id='word_1_424' title='bbox 2246 3062 2438 3119; x_wconf 67' lang='lat' dir='ltr'><strong>notae.</strong></span> 
     </span>
    </p>
   </div>
   <div class='ocr_carea' id='block_1_61' title="bbox 473 3179 568 3234">
    <p class='ocr_par' dir='ltr' id='par_1_61' title="bbox 473 3179 568 3234">
     <span class='ocr_line' id='line_1_61' title="bbox 473 3179 568 3234; baseline -0.011 0"><span class='ocrx_word' id='word_1_425' title='bbox 473 3179 568 3234; x_wconf 66' lang='lat'><strong>157</strong></span> 
     </span>
    </p>
   </div>
   <div class='ocr_carea' id='block_1_62' title="bbox 405 3180 1810 3323">
    <p class='ocr_par' dir='ltr' id='par_1_62' title="bbox 405 3180 1810 3323">
     <span class='ocr_line' id='line_1_62' title="bbox 473 3180 1807 3261; baseline 0.001 -27"><span class='ocrx_word' id='word_1_426' title='bbox 473 3180 588 3261; x_wconf 74' lang='lat'><strong>(57)</strong></span> <span class='ocrx_word' id='word_1_427' title='bbox 647 3181 753 3246; x_wconf 82' lang='lat' dir='ltr'><strong>Qui</strong></span> <span class='ocrx_word' id='word_1_428' title='bbox 817 3182 1104 3239; x_wconf 83' lang='lat' dir='ltr'><strong>detinebat.</strong></span> <span class='ocrx_word' id='word_1_429' title='bbox 1170 3182 1263 3253; x_wconf 85' lang='grc' dir='ltr'><strong>Τῷ</strong></span> <span class='ocrx_word' id='word_1_430' title='bbox 1327 3185 1641 3253; x_wconf 81' lang='grc' dir='ltr'>κατέχοντι,</span> <span class='ocrx_word' id='word_1_431' title='bbox 1676 3180 1807 3235; x_wconf 87' lang='lat' dir='ltr'><strong>Patr</strong></span> 
     </span>
     <span class='ocr_line' id='line_1_63' title="bbox 405 3250 1810 3323; baseline -0.001 -16"><span class='ocrx_word' id='word_1_432' title='bbox 405 3252 669 3323; x_wconf 72' lang='lat' dir='ltr'><strong>inteiit_ge_</strong></span> <span class='ocrx_word' id='word_1_433' title='bbox 671 3253 824 3323; x_wconf 82' lang='lat' dir='ltr'><strong>juxta</strong></span> <span class='ocrx_word' id='word_1_434' title='bbox 854 3252 1268 3323; x_wconf 83' lang='lat' dir='ltr'><strong>explicationem</strong></span> <span class='ocrx_word' id='word_1_435' title='bbox 1299 3253 1545 3319; x_wconf 72' lang='lat' dir='ltr'><strong>allatam,</strong></span> <span class='ocrx_word' id='word_1_436' title='bbox 1579 3262 1698 3323; x_wconf 64' lang='lat' dir='ltr'><strong>not.</strong></span> <span class='ocrx_word' id='word_1_437' title='bbox 1720 3250 1810 3306; x_wconf 79' lang='grc'><strong>55.</strong></span> 
     </span>
    </p>
   </div>
   <div class='ocr_carea' id='block_1_63' title="bbox 477 3319 1986 3393">
    <p class='ocr_par' dir='ltr' id='par_1_63' title="bbox 477 3319 1986 3393">
     <span class='ocr_line' id='line_1_64' title="bbox 477 3319 1986 3393; baseline -0.001 -17"><span class='ocrx_word' id='word_1_438' title='bbox 477 3320 591 3391; x_wconf 84' lang='grc'><strong>(58)</strong></span> <span class='ocrx_word' id='word_1_439' title='bbox 627 3319 940 3393; x_wconf 80' lang='lat' dir='ltr'><strong>Theologica</strong></span> <span class='ocrx_word' id='word_1_440' title='bbox 962 3322 1168 3391; x_wconf 84' lang='lat' dir='ltr'><strong>lingua.</strong></span> <span class='ocrx_word' id='word_1_441' title='bbox 1200 3322 1601 3393; x_wconf 68' lang='lat' dir='ltr'><strong>Nazianzenqu</strong></span> <span class='ocrx_word' id='word_1_442' title='bbox 1638 3320 1986 3393; x_wconf 72' lang='lat' dir='ltr'><strong>Gregorium</strong></span> 
     </span>
    </p>
   </div>
   <div class='ocr_carea' id='block_1_64' title="bbox 410 3392 1983 3462">
    <p class='ocr_par' dir='ltr' id='par_1_64' title="bbox 410 3392 1983 3462">
     <span class='ocr_line' id='line_1_65' title="bbox 410 3392 1983 3462; baseline 0 -18"><span class='ocrx_word' id='word_1_443' title='bbox 410 3401 809 3462; x_wconf 13' lang='lat' dir='ltr'><strong>cognomento,</strong></span> <span class='ocrx_word' id='word_1_444' title='bbox 864 3392 1199 3461; x_wconf 84' lang='lat' dir='ltr'><strong>Theologum</strong></span> <span class='ocrx_word' id='word_1_445' title='bbox 1286 3392 1476 3459; x_wconf 85' lang='lat' dir='ltr'><strong>refert,</strong></span> <span class='ocrx_word' id='word_1_446' title='bbox 1560 3392 1718 3462; x_wconf 85' lang='lat' dir='ltr'><strong>cujus</strong></span> <span class='ocrx_word' id='word_1_447' title='bbox 1757 3392 1983 3446; x_wconf 62' lang='lat' dir='ltr'><strong>&quot;locum</strong></span> 
     </span>
    </p>
   </div>
   <div class='ocr_carea' id='block_1_65' title="bbox 407 3461 1990 3532">
    <p class='ocr_par' dir='ltr' id='par_1_65' title="bbox 407 3461 1990 3532">
     <span class='ocr_line' id='line_1_66' title="bbox 407 3461 1990 3532; baseline 0.001 -17"><span class='ocrx_word' id='word_1_448' title='bbox 407 3461 769 3530; x_wconf 76' lang='lat' dir='ltr'><strong>explicuimus</strong></span> <span class='ocrx_word' id='word_1_449' title='bbox 793 3461 929 3528; x_wconf 89' lang='lat' dir='ltr'><strong>jam.</strong></span> <span class='ocrx_word' id='word_1_450' title='bbox 974 3474 1089 3532; x_wconf 87' lang='lat' dir='ltr'><strong>not.</strong></span> <span class='ocrx_word' id='word_1_451' title='bbox 1119 3462 1233 3525; x_wconf 82' lang='lat'><strong>55;</strong></span> <span class='ocrx_word' id='word_1_452' title='bbox 1288 3463 1367 3518; x_wconf 92' lang='lat' dir='ltr'><strong>sic</strong></span> <span class='ocrx_word' id='word_1_453' title='bbox 1405 3470 1586 3517; x_wconf 90' lang='lat' dir='ltr'><strong>autem</strong></span> <span class='ocrx_word' id='word_1_454' title='bbox 1628 3461 1908 3532; x_wconf 84' lang='lat' dir='ltr'><strong>eleganter</strong></span> <span class='ocrx_word' id='word_1_455' title='bbox 1930 3472 1990 3516; x_wconf 86' lang='lat' dir='ltr'><strong>et</strong></span> 
     </span>
    </p>
   </div>
   <div class='ocr_carea' id='block_1_66' title="bbox 404 3531 1563 3602">
    <p class='ocr_par' dir='ltr' id='par_1_66' title="bbox 404 3531 1563 3602">
     <span class='ocr_line' id='line_1_67' title="bbox 404 3531 1563 3602; baseline 0.002 -17"><span class='ocrx_word' id='word_1_456' title='bbox 404 3531 660 3602; x_wconf 71' lang='lat' dir='ltr'><strong>oratorie</strong></span> <span class='ocrx_word' id='word_1_457' title='bbox 674 3532 1031 3602; x_wconf 86' lang='lat' dir='ltr'><strong>Theophanes</strong></span> <span class='ocrx_word' id='word_1_458' title='bbox 1061 3531 1384 3602; x_wconf 83' lang='lat' dir='ltr'><strong>Gregorium</strong></span> <span class='ocrx_word' id='word_1_459' title='bbox 1411 3533 1563 3587; x_wconf 87' lang='lat' dir='ltr'><strong>citat.</strong></span> 
     </span>
    </p>
   </div>
   <div class='ocr_carea' id='block_1_67' title="bbox 420 3598 1988 3670">
    <p class='ocr_par' dir='ltr' id='par_1_67' title="bbox 420 3598 1988 3670">
     <span class='ocr_line' id='line_1_68' title="bbox 420 3598 1988 3670; baseline 0.004 -17"><span class='ocrx_word' id='word_1_460' title='bbox 420 3646 435 3665; x_wconf 34' lang='grc' dir='ltr'>κ</span> <span class='ocrx_word' id='word_1_461' title='bbox 478 3598 869 3670; x_wconf 75' lang='lat' dir='ltr'><strong>(59)‘Corporis</strong></span> <span class='ocrx_word' id='word_1_462' title='bbox 893 3598 1198 3668; x_wconf 75' lang='grc' dir='ltr'>εναεείιίεηῖ</span> <span class='ocrx_word' id='word_1_463' title='bbox 1229 3606 1578 3659; x_wconf 73' lang='lat' dir='ltr'><strong>contraxisse.</strong></span> <span class='ocrx_word' id='word_1_464' title='bbox 1599 3601 1767 3657; x_wconf 84' lang='lat' dir='ltr'><strong>Multi</strong></span> <span class='ocrx_word' id='word_1_465' title='bbox 1799 3602 1988 3660; x_wconf 85' lang='lat' dir='ltr'><strong>Patres</strong></span> 
     </span>
    </p>
   </div>
   <div class='ocr_carea' id='block_1_68' title="bbox 402 3670 1991 3755">
    <p class='ocr_par' dir='ltr' id='par_1_68' title="bbox 402 3670 1991 3755">
     <span class='ocr_line' id='line_1_69' title="bbox 402 3670 1991 3755; baseline 0.003 -32"><span class='ocrx_word' id='word_1_466' title='bbox 402 3675 688 3740; x_wconf 80' lang='lat' dir='ltr'><strong>utriusque</strong></span> <span class='ocrx_word' id='word_1_467' title='bbox 723 3670 921 3755; x_wconf 68' lang='lat' dir='ltr'><strong>linguae</strong></span> <span class='ocrx_word' id='word_1_468' title='bbox 946 3673 1214 3755; x_wconf 77' lang='lat' dir='ltr'><strong>ejusmodi</strong></span> <span class='ocrx_word' id='word_1_469' title='bbox 1256 3673 1711 3755; x_wconf 77' lang='lat' dir='ltr'><strong>verbis_utuutur.</strong></span> <span class='ocrx_word' id='word_1_470' title='bbox 1748 3689 1875 3755; x_wconf 67' lang='lat' dir='ltr'><strong>cum</strong></span> <span class='ocrx_word' id='word_1_471' title='bbox 1921 3673 1991 3755; x_wconf 81' lang='lat' dir='ltr'><strong>de</strong></span> 
     </span>
    </p>
   </div>
   <div class='ocr_carea' id='block_1_69' title="bbox 402 3742 1993 3812">
    <p class='ocr_par' dir='ltr' id='par_1_69' title="bbox 402 3742 1993 3812">
     <span class='ocr_line' id='line_1_70' title="bbox 402 3742 1993 3812; baseline 0.001 -16"><span class='ocrx_word' id='word_1_472' title='bbox 402 3756 633 3812; x_wconf 64' lang='lat' dir='ltr'><strong>corpore</strong></span> <span class='ocrx_word' id='word_1_473' title='bbox 658 3742 817 3811; x_wconf 87' lang='lat' dir='ltr'><strong>primi</strong></span> <span class='ocrx_word' id='word_1_474' title='bbox 852 3742 1089 3798; x_wconf 84' lang='lat' dir='ltr'><strong>hominis</strong></span> <span class='ocrx_word' id='word_1_475' title='bbox 1108 3757 1416 3798; x_wconf 84' lang='lat' dir='ltr'><strong>sermonem</strong></span> <span class='ocrx_word' id='word_1_476' title='bbox 1448 3744 1672 3809; x_wconf 89' lang='lat' dir='ltr'><strong>habent,</strong></span> <span class='ocrx_word' id='word_1_477' title='bbox 1716 3745 1914 3812; x_wconf 88' lang='lat' dir='ltr'><strong>quibus</strong></span> <span class='ocrx_word' id='word_1_478' title='bbox 1935 3752 1993 3798; x_wconf 90' lang='lat' dir='ltr'><strong>et</strong></span> 
     </span>
    </p>
   </div>
   <div class='ocr_carea' id='block_1_70' title="bbox 398 3809 1987 3884">
    <p class='ocr_par' dir='ltr' id='par_1_70' title="bbox 398 3809 1987 3884">
     <span class='ocr_line' id='line_1_71' title="bbox 398 3809 1987 3884; baseline 0.001 -17"><span class='ocrx_word' id='word_1_479' title='bbox 398 3809 887 3884; x_wconf 60' lang='grc' dir='ltr'>ίιῆοἶτιιοὸρίιοιιεε</span> <span class='ocrx_word' id='word_1_480' title='bbox 925 3831 949 3884; x_wconf 84' lang='lat'><strong>:_</strong></span> <span class='ocrx_word' id='word_1_481' title='bbox 982 3814 1076 3884; x_wconf 89' lang='lat' dir='ltr'><strong>qui</strong></span> <span class='ocrx_word' id='word_1_482' title='bbox 1112 3823 1289 3884; x_wconf 77' lang='lat' dir='ltr'><strong>tamen</strong></span> <span class='ocrx_word' id='word_1_483' title='bbox 1324 3823 1471 3869; x_wconf 89' lang='lat' dir='ltr'><strong>recte</strong></span> <span class='ocrx_word' id='word_1_484' title='bbox 1508 3821 1635 3869; x_wconf 89' lang='lat' dir='ltr'><strong>sunt</strong></span> <span class='ocrx_word' id='word_1_485' title='bbox 1656 3809 1987 3884; x_wconf 75' lang='lat' dir='ltr'><strong>explicandi.</strong></span> 
     </span>
    </p>
   </div>
   <div class='ocr_carea' id='block_1_71' title="bbox 399 3881 1990 3954">
    <p class='ocr_par' dir='ltr' id='par_1_71' title="bbox 399 3881 1990 3954">
     <span class='ocr_line' id='line_1_72' title="bbox 399 3881 1990 3954; baseline 0.003 -20"><span class='ocrx_word' id='word_1_486' title='bbox 399 3881 640 3954; x_wconf 81' lang='lat' dir='ltr'><strong>Chorum</strong></span> <span class='ocrx_word' id='word_1_487' title='bbox 698 3882 858 3954; x_wconf 83' lang='lat' dir='ltr'><strong>ducat</strong></span> <span class='ocrx_word' id='word_1_488' title='bbox 908 3881 1075 3954; x_wconf 80' lang='lat' dir='ltr'><strong>Grég.</strong></span> <span class='ocrx_word' id='word_1_489' title='bbox 1131 3882 1388 3939; x_wconf 85' lang='lat' dir='ltr'><strong>Nazianz.</strong></span> <span class='ocrx_word' id='word_1_490' title='bbox 1444 3883 1537 3953; x_wconf 89' lang='lat' dir='ltr'><strong>qui</strong></span> <span class='ocrx_word' id='word_1_491' title='bbox 1579 3881 1838 3945; x_wconf 59' lang='lat' dir='ltr'><strong>orat.&quot;27,</strong></span> <span class='ocrx_word' id='word_1_492' title='bbox 1870 3899 1990 3954; x_wconf 72' lang='lat' dir='ltr'><strong>quze</strong></span> 
     </span>
    </p>
   </div>
   <div class='ocr_carea' id='block_1_72' title="bbox 400 3952 1991 4023">
    <p class='ocr_par' dir='ltr' id='par_1_72' title="bbox 400 3952 1991 4023">
     <span class='ocr_line' id='line_1_73' title="bbox 400 3952 1991 4023; baseline 0.001 -18"><span class='ocrx_word' id='word_1_493' title='bbox 400 3954 574 4023; x_wconf 83' lang='lat' dir='ltr'><strong>estde</strong></span> <span class='ocrx_word' id='word_1_494' title='bbox 596 3952 845 4017; x_wconf 80' lang='lat' dir='ltr'><strong>Nativit.,</strong></span> <span class='ocrx_word' id='word_1_495' title='bbox 872 3954 960 4008; x_wconf 90' lang='lat' dir='ltr'><strong>ubi</strong></span> <span class='ocrx_word' id='word_1_496' title='bbox 996 3952 1119 4009; x_wconf 71' lang='lat' dir='ltr'><strong>cuin</strong></span> <span class='ocrx_word' id='word_1_497' title='bbox 1154 3956 1219 4007; x_wconf 92' lang='lat' dir='ltr'><strong>de</strong></span> <span class='ocrx_word' id='word_1_498' title='bbox 1256 3954 1499 4023; x_wconf 86' lang='lat' dir='ltr'><strong>petiiceis</strong></span> <span class='ocrx_word' id='word_1_499' title='bbox 1533 3954 1755 4017; x_wconf 88' lang='lat' dir='ltr'><strong>tunicis,</strong></span> <span class='ocrx_word' id='word_1_500' title='bbox 1791 3952 1991 4023; x_wconf 86' lang='lat' dir='ltr'><strong>quibus</strong></span> 
     </span>
    </p>
   </div>
   <div class='ocr_carea' id='block_1_73' title="bbox 397 4022 1991 4093">
    <p class='ocr_par' dir='ltr' id='par_1_73' title="bbox 397 4022 1991 4093">
     <span class='ocr_line' id='line_1_74' title="bbox 397 4022 1991 4093; baseline 0.003 -20"><span class='ocrx_word' id='word_1_501' title='bbox 397 4022 607 4090; x_wconf 78' lang='lat' dir='ltr'><strong>primos</strong></span> <span class='ocrx_word' id='word_1_502' title='bbox 629 4034 889 4093; x_wconf 85' lang='lat' dir='ltr'><strong>parentes</strong></span> <span class='ocrx_word' id='word_1_503' title='bbox 916 4033 1036 4093; x_wconf 63' lang='lat' dir='ltr'><strong>post</strong></span> <span class='ocrx_word' id='word_1_504' title='bbox 1061 4022 1343 4092; x_wconf 82' lang='lat' dir='ltr'><strong>peccatum</strong></span> <span class='ocrx_word' id='word_1_505' title='bbox 1380 4023 1629 4079; x_wconf 82' lang='lat' dir='ltr'><strong>amicivit</strong></span> <span class='ocrx_word' id='word_1_506' title='bbox 1682 4022 1843 4088; x_wconf 82' lang='lat' dir='ltr'><strong>Deus,</strong></span> <span class='ocrx_word' id='word_1_507' title='bbox 1909 4024 1991 4078; x_wconf 86' lang='lat' dir='ltr'><strong>sic</strong></span> 
     </span>
    </p>
   </div>
   <div class='ocr_carea' id='block_1_74' title="bbox 400 4091 1991 4164">
    <p class='ocr_par' dir='ltr' id='par_1_74' title="bbox 400 4091 1991 4164">
     <span class='ocr_line' id='line_1_75' title="bbox 400 4091 1991 4164; baseline 0.001 -21"><span class='ocrx_word' id='word_1_508' title='bbox 400 4093 480 4145; x_wconf 87' lang='lat' dir='ltr'><strong>ait</strong></span> <span class='ocrx_word' id='word_1_509' title='bbox 513 4107 527 4143; x_wconf 89' lang='lat'><strong>:</strong></span> <span class='ocrx_word' id='word_1_510' title='bbox 588 4094 702 4164; x_wconf 77' lang='grc' dir='ltr'><strong>Καὶ</strong></span> <span class='ocrx_word' id='word_1_511' title='bbox 729 4092 834 4164; x_wconf 74' lang='grc' dir='ltr'><strong>τοῦ</strong></span> <span class='ocrx_word' id='word_1_512' title='bbox 860 4091 997 4146; x_wconf 80' lang='grc' dir='ltr'>Θεοῦ</span> <span class='ocrx_word' id='word_1_513' title='bbox 1022 4091 1112 4164; x_wconf 78' lang='grc' dir='ltr'><strong>διὰ</strong></span> <span class='ocrx_word' id='word_1_514' title='bbox 1146 4093 1246 4164; x_wconf 74' lang='grc' dir='ltr'>τὴν</span> <span class='ocrx_word' id='word_1_515' title='bbox 1274 4093 1475 4164; x_wconf 87' lang='grc' dir='ltr'>κακίαν</span> <span class='ocrx_word' id='word_1_516' title='bbox 1521 4094 1802 4164; x_wconf 77' lang='grc' dir='ltr'>ἐξόριστος</span> <span class='ocrx_word' id='word_1_517' title='bbox 1836 4094 1991 4160; x_wconf 85' lang='grc' dir='ltr'>γίνε-</span> 
     </span>
    </p>
   </div>
   <div class='ocr_carea' id='block_1_75' title="bbox 397 4161 1991 4233">
    <p class='ocr_par' dir='ltr' id='par_1_75' title="bbox 397 4161 1991 4233">
     <span class='ocr_line' id='line_1_76' title="bbox 397 4161 1991 4233; baseline 0.001 -18"><span class='ocrx_word' id='word_1_518' title='bbox 397 4174 512 4233; x_wconf 65' lang='grc' dir='ltr'>ται,</span> <span class='ocrx_word' id='word_1_519' title='bbox 532 4163 631 4215; x_wconf 78' lang='grc' dir='ltr'>καὶ</span> <span class='ocrx_word' id='word_1_520' title='bbox 661 4162 790 4225; x_wconf 83' lang='grc' dir='ltr'>τοὺς</span> <span class='ocrx_word' id='word_1_521' title='bbox 812 4161 1171 4233; x_wconf 87' lang='grc' dir='ltr'>δερματίνους</span> <span class='ocrx_word' id='word_1_522' title='bbox 1188 4161 1839 4233; x_wconf 35' lang='grc' dir='ltr'>αμφιέννυταιλχιτῶνας,</span> <span class='ocrx_word' id='word_1_523' title='bbox 1860 4163 1991 4233; x_wconf 74' lang='grc' dir='ltr'>ἴσως</span> 
     </span>
    </p>
   </div>
   <div class='ocr_carea' id='block_1_76' title="bbox 397 4231 1992 4304">
    <p class='ocr_par' dir='ltr' id='par_1_76' title="bbox 397 4231 1992 4304">
     <span class='ocr_line' id='line_1_77' title="bbox 397 4231 1992 4304; baseline 0.003 -22"><span class='ocrx_word' id='word_1_524' title='bbox 397 4231 501 4300; x_wconf 75' lang='grc' dir='ltr'>τῂν</span> <span class='ocrx_word' id='word_1_525' title='bbox 519 4231 1035 4304; x_wconf 37' lang='grc' dir='ltr'>παχυτέραν-σάρκα</span> <span class='ocrx_word' id='word_1_526' title='bbox 1050 4232 1169 4304; x_wconf 41' lang='grc' dir='ltr'>-καὶ</span> <span class='ocrx_word' id='word_1_527' title='bbox 1186 4231 1411 4304; x_wconf 80' lang='grc' dir='ltr'>θνητὴν,</span> <span class='ocrx_word' id='word_1_528' title='bbox 1432 4235 1527 4287; x_wconf 74' lang='grc' dir='ltr'>καὶ</span> <span class='ocrx_word' id='word_1_529' title='bbox 1544 4231 1858 4288; x_wconf 80' lang='grc' dir='ltr'>ἀντίτυπον.</span> <span class='ocrx_word' id='word_1_530' title='bbox 1878 4232 1992 4287; x_wconf 82' lang='lat' dir='ltr'><strong>Hoc</strong></span> 
     </span>
    </p>
   </div>
   <div class='ocr_carea' id='block_1_77' title="bbox 400 4301 1992 4372">
    <p class='ocr_par' dir='ltr' id='par_1_77' title="bbox 400 4301 1992 4372">
     <span class='ocr_line' id='line_1_78' title="bbox 400 4301 1992 4372; baseline 0.001 -18"><span class='ocrx_word' id='word_1_531' title='bbox 400 4312 487 4372; x_wconf 77' lang='lat' dir='ltr'><strong>est</strong></span> <span class='ocrx_word' id='word_1_532' title='bbox 516 4301 812 4371; x_wconf 78' lang='lat' dir='ltr'><strong>interprete</strong></span> <span class='ocrx_word' id='word_1_533' title='bbox 830 4301 1107 4357; x_wconf 82' lang='lat' dir='ltr'><strong>Billio:Et</strong></span> <span class='ocrx_word' id='word_1_534' title='bbox 1142 4302 1204 4356; x_wconf 90' lang='lat' dir='ltr'><strong>ab</strong></span> <span class='ocrx_word' id='word_1_535' title='bbox 1233 4301 1475 4367; x_wconf 22' lang='lat' dir='ltr'><strong>ip’so‘Dea</strong></span> <span class='ocrx_word' id='word_1_536' title='bbox 1488 4315 1700 4372; x_wconf 80' lang='lat' dir='ltr'><strong>prapter</strong></span> <span class='ocrx_word' id='word_1_537' title='bbox 1719 4313 1992 4372; x_wconf 84' lang='lat' dir='ltr'><strong>peccatum</strong></span> 
     </span>
    </p>
   </div>
   <div class='ocr_carea' id='block_1_78' title="bbox 400 4369 1993 4443">
    <p class='ocr_par' dir='ltr' id='par_1_78' title="bbox 400 4369 1993 4443">
     <span class='ocr_line' id='line_1_79' title="bbox 400 4369 1993 4443; baseline 0.002 -20"><span class='ocrx_word' id='word_1_538' title='bbox 400 4369 644 4443; x_wconf 80' lang='lat' dir='ltr'><strong>Adamus</strong></span> <span class='ocrx_word' id='word_1_539' title='bbox 664 4369 959 4443; x_wconf 66' lang='lat' dir='ltr'><strong>expellitur</strong></span> <span class='ocrx_word' id='word_1_540' title='bbox 1003 4387 1048 4426; x_wconf 91' lang='lat' dir='ltr'><strong>et</strong></span> <span class='ocrx_word' id='word_1_541' title='bbox 1092 4372 1340 4442; x_wconf 74' lang='lat' dir='ltr'><strong>pelliceas</strong></span> <span class='ocrx_word' id='word_1_542' title='bbox 1387 4369 1596 4427; x_wconf 86' lang='lat' dir='ltr'><strong>tunicas</strong></span> <span class='ocrx_word' id='word_1_543' title='bbox 1637 4369 1835 4437; x_wconf 78' lang='lat' dir='ltr'><strong>induit,</strong></span> <span class='ocrx_word' id='word_1_544' title='bbox 1893 4375 1993 4426; x_wconf 82' lang='lat' dir='ltr'><strong>hoc</strong></span> 
     </span>
    </p>
   </div>
   <div class='ocr_carea' id='block_1_79' title="bbox 400 4441 1991 4511">
    <p class='ocr_par' dir='ltr' id='par_1_79' title="bbox 400 4441 1991 4511">
     <span class='ocr_line' id='line_1_80' title="bbox 400 4441 1991 4511; baseline 0.001 -17"><span class='ocrx_word' id='word_1_545' title='bbox 400 4450 480 4495; x_wconf 84' lang='lat' dir='ltr'><strong>est</strong></span> <span class='ocrx_word' id='word_1_546' title='bbox 500 4441 753 4510; x_wconf 61' lang='lat' dir='ltr'><strong>fartus“,</strong></span> <span class='ocrx_word' id='word_1_547' title='bbox 776 4441 1105 4498; x_wconf 75' lang='lat' dir='ltr'><strong>crassiorem</strong></span> <span class='ocrx_word' id='word_1_548' title='bbox 1121 4459 1354 4511; x_wconf 82' lang='lat' dir='ltr'><strong>carnem,</strong></span> <span class='ocrx_word' id='word_1_549' title='bbox 1374 4452 1423 4498; x_wconf 87' lang='lat' dir='ltr'><strong>et</strong></span> <span class='ocrx_word' id='word_1_550' title='bbox 1446 4445 1746 4511; x_wconf 88' lang='lat' dir='ltr'><strong>mortalem,</strong></span> <span class='ocrx_word' id='word_1_551' title='bbox 1784 4456 1830 4497; x_wconf 89' lang='lat' dir='ltr'><strong>et</strong></span> <span class='ocrx_word' id='word_1_552' title='bbox 1852 4444 1991 4496; x_wconf 85' lang='lat' dir='ltr'><strong>reni-</strong></span> 
     </span>
    </p>
   </div>
   <div class='ocr_carea' id='block_1_80' title="bbox 400 4512 1995 4584">
    <p class='ocr_par' dir='ltr' id='par_1_80' title="bbox 400 4512 1995 4584">
     <span class='ocr_line' id='line_1_81' title="bbox 400 4512 1995 4584; baseline 0.003 -19"><span class='ocrx_word' id='word_1_553' title='bbox 400 4524 626 4584; x_wconf 57' lang='lat' dir='ltr'><strong>Lentem;</strong></span> <span class='ocrx_word' id='word_1_554' title='bbox 649 4527 807 4582; x_wconf 89' lang='lat' dir='ltr'><strong>quem</strong></span> <span class='ocrx_word' id='word_1_555' title='bbox 840 4513 1016 4584; x_wconf 80' lang='lat' dir='ltr'><strong>locum</strong></span> <span class='ocrx_word' id='word_1_556' title='bbox 1057 4513 1241 4579; x_wconf 83' lang='lat' dir='ltr'><strong>refert,</strong></span> <span class='ocrx_word' id='word_1_557' title='bbox 1267 4523 1320 4570; x_wconf 91' lang='lat' dir='ltr'><strong>et</strong></span> <span class='ocrx_word' id='word_1_558' title='bbox 1348 4516 1743 4584; x_wconf 83' lang='lat' dir='ltr'><strong>interpretatur</strong></span> <span class='ocrx_word' id='word_1_559' title='bbox 1758 4512 1995 4568; x_wconf 84' lang='lat' dir='ltr'><strong>Joannes</strong></span> 
     </span>
    </p>
   </div>
   <div class='ocr_carea' id='block_1_81' title="bbox 402 4578 1996 4653">
    <p class='ocr_par' dir='ltr' id='par_1_81' title="bbox 402 4578 1996 4653">
     <span class='ocr_line' id='line_1_82' title="bbox 402 4578 1996 4653; baseline 0.003 -19"><span class='ocrx_word' id='word_1_560' title='bbox 402 4578 749 4638; x_wconf 46' lang='lat' dir='ltr'><strong>Zonaras—in</strong></span> <span class='ocrx_word' id='word_1_561' title='bbox 798 4599 919 4638; x_wconf 89' lang='lat' dir='ltr'><strong>can.</strong></span> <span class='ocrx_word' id='word_1_562' title='bbox 959 4582 1063 4639; x_wconf 76' lang='grc'><strong>125</strong></span> <span class='ocrx_word' id='word_1_563' title='bbox 1092 4584 1305 4639; x_wconf 88' lang='lat' dir='ltr'><strong>concilii</strong></span> <span class='ocrx_word' id='word_1_564' title='bbox 1331 4578 1587 4653; x_wconf 61' lang='lat' dir='ltr'><strong>Carth&#39;ag.</strong></span> <span class='ocrx_word' id='word_1_565' title='bbox 1629 4598 1734 4652; x_wconf 92' lang='lat' dir='ltr'><strong>quo</strong></span> <span class='ocrx_word' id='word_1_566' title='bbox 1788 4598 1996 4638; x_wconf 84' lang='lat' dir='ltr'><strong>canone</strong></span> 
     </span>
    </p>
   </div>
   <div class='ocr_carea' id='block_1_82' title="bbox 402 4653 1995 4723">
    <p class='ocr_par' dir='ltr' id='par_1_82' title="bbox 402 4653 1995 4723">
     <span class='ocr_line' id='line_1_83' title="bbox 402 4653 1995 4723; baseline 0.001 -18"><span class='ocrx_word' id='word_1_567' title='bbox 402 4653 695 4708; x_wconf 85' lang='lat' dir='ltr'><strong>anathema</strong></span> <span class='ocrx_word' id='word_1_568' title='bbox 726 4654 945 4723; x_wconf 74' lang='lat' dir='ltr'><strong>dicitur</strong></span> <span class='ocrx_word' id='word_1_569' title='bbox 1017 4655 1071 4709; x_wconf 91' lang='lat' dir='ltr'><strong>in</strong></span> <span class='ocrx_word' id='word_1_570' title='bbox 1101 4669 1197 4709; x_wconf 89' lang='lat' dir='ltr'><strong>eos</strong></span> <span class='ocrx_word' id='word_1_571' title='bbox 1255 4656 1346 4723; x_wconf 90' lang='lat' dir='ltr'><strong>qui</strong></span> <span class='ocrx_word' id='word_1_572' title='bbox 1373 4656 1556 4709; x_wconf 88' lang='lat' dir='ltr'><strong>dicant</strong></span> <span class='ocrx_word' id='word_1_573' title='bbox 1599 4663 1655 4707; x_wconf 90' lang='lat' dir='ltr'><strong>et</strong></span> <span class='ocrx_word' id='word_1_574' title='bbox 1710 4654 1995 4721; x_wconf 85' lang='lat' dir='ltr'><strong>putentita</strong></span> 
     </span>
    </p>
   </div>
   <div class='ocr_carea' id='block_1_83' title="bbox 400 4721 1996 4791">
    <p class='ocr_par' dir='ltr' id='par_1_83' title="bbox 400 4721 1996 4791">
     <span class='ocr_line' id='line_1_84' title="bbox 400 4721 1996 4791; baseline 0.002 -16"><span class='ocrx_word' id='word_1_575' title='bbox 400 4723 678 4778; x_wconf 87' lang='lat' dir='ltr'><strong>hominem</strong></span> <span class='ocrx_word' id='word_1_576' title='bbox 704 4721 920 4778; x_wconf 80' lang='lat' dir='ltr'><strong>factum</strong></span> <span class='ocrx_word' id='word_1_577' title='bbox 977 4739 1097 4780; x_wconf 87' lang='lat' dir='ltr'><strong>esse</strong></span> <span class='ocrx_word' id='word_1_578' title='bbox 1153 4721 1436 4785; x_wconf 80' lang='lat' dir='ltr'><strong>mortalem</strong></span> <span class='ocrx_word' id='word_1_579' title='bbox 1477 4736 1536 4777; x_wconf 90' lang='lat' dir='ltr'><strong>ut</strong></span> <span class='ocrx_word' id='word_1_580' title='bbox 1566 4723 1683 4777; x_wconf 85' lang='lat' dir='ltr'><strong>sive</strong></span> <span class='ocrx_word' id='word_1_581' title='bbox 1704 4734 1996 4791; x_wconf 83' lang='lat' dir='ltr'><strong>peccasset</strong></span> 
     </span>
    </p>
   </div>
   <div class='ocr_carea' id='block_1_84' title="bbox 399 4794 1996 4864">
    <p class='ocr_par' dir='ltr' id='par_1_84' title="bbox 399 4794 1996 4864">
     <span class='ocr_line' id='line_1_85' title="bbox 399 4794 1996 4864; baseline -0.002 -16"><span class='ocrx_word' id='word_1_582' title='bbox 399 4794 518 4848; x_wconf 77' lang='lat' dir='ltr'><strong>sive</strong></span> <span class='ocrx_word' id='word_1_583' title='bbox 560 4809 663 4848; x_wconf 90' lang='lat' dir='ltr'><strong>non</strong></span> <span class='ocrx_word' id='word_1_584' title='bbox 709 4804 855 4849; x_wconf 81' lang='lat' dir='ltr'><strong>esset</strong></span> <span class='ocrx_word' id='word_1_585' title='bbox 884 4797 935 4848; x_wconf 89' lang='lat' dir='ltr'><strong>in</strong></span> <span class='ocrx_word' id='word_1_586' title='bbox 961 4809 1189 4864; x_wconf 88' lang='lat' dir='ltr'><strong>corpore</strong></span> <span class='ocrx_word' id='word_1_587' title='bbox 1225 4796 1542 4858; x_wconf 85' lang='lat' dir='ltr'><strong>moriturus,</strong></span> <span class='ocrx_word' id='word_1_588' title='bbox 1590 4795 1643 4848; x_wconf 90' lang='lat' dir='ltr'><strong>id</strong></span> <span class='ocrx_word' id='word_1_589' title='bbox 1687 4801 1791 4855; x_wconf 88' lang='lat' dir='ltr'><strong>est,</strong></span> <span class='ocrx_word' id='word_1_590' title='bbox 1818 4807 1849 4864; x_wconf 84' lang='lat' dir='ltr'><strong>e</strong></span> <span class='ocrx_word' id='word_1_591' title='bbox 1877 4809 1996 4864; x_wconf 40' lang='lat' dir='ltr'><strong>cor:</strong></span> 
     </span>
    </p>
   </div>
   <div class='ocr_carea' id='block_1_85' title="bbox 398 4862 1995 4934">
    <p class='ocr_par' dir='ltr' id='par_1_85' title="bbox 398 4862 1995 4934">
     <span class='ocr_line' id='line_1_86' title="bbox 398 4862 1995 4934; baseline 0.001 -19"><span class='ocrx_word' id='word_1_592' title='bbox 398 4875 532 4931; x_wconf 88' lang='lat' dir='ltr'><strong>pore</strong></span> <span class='ocrx_word' id='word_1_593' title='bbox 561 4878 906 4930; x_wconf 77' lang='lat' dir='ltr'><strong>excessurus,</strong></span> <span class='ocrx_word' id='word_1_594' title='bbox 944 4862 1305 4934; x_wconf 27' lang='lat' dir='ltr'><strong>non‘propter</strong></span> <span class='ocrx_word' id='word_1_595' title='bbox 1338 4866 1588 4918; x_wconf 89' lang='lat' dir='ltr'><strong>meritum</strong></span> <span class='ocrx_word' id='word_1_596' title='bbox 1635 4862 1862 4932; x_wconf 88' lang='lat' dir='ltr'><strong>peccati,</strong></span> <span class='ocrx_word' id='word_1_597' title='bbox 1899 4863 1995 4917; x_wconf 87' lang='lat' dir='ltr'><strong>sed</strong></span> 
     </span>
    </p>
   </div>
   <div class='ocr_carea' id='block_1_86' title="bbox 403 4933 1993 5003">
    <p class='ocr_par' dir='ltr' id='par_1_86' title="bbox 403 4933 1993 5003">
     <span class='ocr_line' id='line_1_87' title="bbox 403 4933 1993 5003; baseline 0 -17"><span class='ocrx_word' id='word_1_598' title='bbox 403 4949 499 5001; x_wconf 84' lang='lat' dir='ltr'><strong>per</strong></span> <span class='ocrx_word' id='word_1_599' title='bbox 533 4944 739 4987; x_wconf 79' lang='lat' dir='ltr'><strong>natura:</strong></span> <span class='ocrx_word' id='word_1_600' title='bbox 778 4933 1175 4990; x_wconf 82' lang='lat' dir='ltr'><strong>necessitatem.</strong></span> <span class='ocrx_word' id='word_1_601' title='bbox 1205 4933 1297 4988; x_wconf 87' lang='lat' dir='ltr'><strong>Sic</strong></span> <span class='ocrx_word' id='word_1_602' title='bbox 1320 4934 1771 5003; x_wconf 83' lang='lat' dir='ltr'><strong>igitur_Zonaras</strong></span> <span class='ocrx_word' id='word_1_603' title='bbox 1793 4935 1844 4985; x_wconf 86' lang='lat' dir='ltr'><strong>in</strong></span> <span class='ocrx_word' id='word_1_604' title='bbox 1870 4947 1993 4986; x_wconf 89' lang='lat' dir='ltr'><strong>eum</strong></span> 
     </span>
    </p>
   </div>
   <div class='ocr_carea' id='block_1_87' title="bbox 322 5000 1992 5076">
    <p class='ocr_par' dir='ltr' id='par_1_87' title="bbox 322 5000 1992 5076">
     <span class='ocr_line' id='line_1_88' title="bbox 322 5000 1992 5076; baseline -0.001 -20"><span class='ocrx_word' id='word_1_605' title='bbox 322 5051 355 5076; x_wconf 35' lang='grc'>,1</span> <span class='ocrx_word' id='word_1_606' title='bbox 402 5005 622 5076; x_wconf 61' lang='lat' dir='ltr'><strong>locum;</strong></span> <span class='ocrx_word' id='word_1_607' title='bbox 658 5003 779 5076; x_wconf 70' lang='grc' dir='ltr'>Κᾶν</span> <span class='ocrx_word' id='word_1_608' title='bbox 824 5007 932 5075; x_wconf 75' lang='grc' dir='ltr'>γὰρ</span> <span class='ocrx_word' id='word_1_609' title='bbox 969 5005 1151 5074; x_wconf 83' lang='grc' dir='ltr'>σάρκα</span> <span class='ocrx_word' id='word_1_610' title='bbox 1192 5006 1286 5058; x_wconf 73' lang='grc' dir='ltr'>καὶ</span> <span class='ocrx_word' id='word_1_611' title='bbox 1315 5000 1435 5057; x_wconf 66' lang='grc' dir='ltr'>τοτε</span> <span class='ocrx_word' id='word_1_612' title='bbox 1461 5000 1605 5072; x_wconf 80' lang='grc' dir='ltr'>εἶχεν</span> <span class='ocrx_word' id='word_1_613' title='bbox 1634 5002 1992 5076; x_wconf 17' lang='grc' dir='ltr'>ὀλᾶνθρωπος,</span> 
     </span>
    </p>
   </div>
   <div class='ocr_carea' id='block_1_88' title="bbox 326 5069 1994 5143">
    <p class='ocr_par' dir='ltr' id='par_1_88' title="bbox 326 5069 1994 5143">
     <span class='ocr_line' id='line_1_89' title="bbox 326 5069 1994 5143; baseline -0.002 -14"><span class='ocrx_word' id='word_1_614' title='bbox 400 5071 519 5129; x_wconf 84' lang='grc' dir='ltr'>ἀλλ’</span> <span class='ocrx_word' id='word_1_615' title='bbox 574 5074 672 5143; x_wconf 82' lang='grc' dir='ltr'>οὐχ</span> <span class='ocrx_word' id='word_1_616' title='bbox 725 5069 844 5128; x_wconf 81' lang='grc' dir='ltr'>οἷαν</span> <span class='ocrx_word' id='word_1_617' title='bbox 882 5069 1173 5141; x_wconf 73' lang='grc' dir='ltr'>νῦν,’καὶ</span> <span class='ocrx_word' id='word_1_618' title='bbox 1223 5075 1384 5127; x_wconf 84' lang='grc' dir='ltr'>τοῦτὸ</span> <span class='ocrx_word' id='word_1_619' title='bbox 1444 5069 1688 5143; x_wconf 49' lang='lat' dir='ltr'><strong>(mare</strong></span> <span class='ocrx_word' id='word_1_620' title='bbox 1745 5069 1994 5136; x_wconf 63' lang='grc' dir='ltr'>θεο).ό“,ος</span> 
     </span>
    </p>
   </div>
   <div class='ocr_carea' id='block_1_89' title="bbox 343 5142 1996 5215">
    <p class='ocr_par' dir='ltr' id='par_1_89' title="bbox 343 5142 1996 5215">
     <span class='ocr_line' id='line_1_90' title="bbox 343 5142 1996 5215; baseline -0.002 -18"><span class='ocrx_word' id='word_1_621' title='bbox 343 5145 348 5149; x_wconf 74' lang='grc'><em>’</em></span> <span class='ocrx_word' id='word_1_622' title='bbox 400 5142 708 5215; x_wconf 83' lang='grc' dir='ltr'>Γρηγόριος</span> <span class='ocrx_word' id='word_1_623' title='bbox 780 5147 996 5213; x_wconf 78' lang='grc' dir='ltr'>λέγων’</span> <span class='ocrx_word' id='word_1_624' title='bbox 1060 5146 1196 5207; x_wconf 77' lang='grc' dir='ltr'>Τοὺς</span> <span class='ocrx_word' id='word_1_625' title='bbox 1253 5145 1309 5197; x_wconf 85' lang='grc' dir='ltr'>δὲ</span> <span class='ocrx_word' id='word_1_626' title='bbox 1360 5142 1718 5213; x_wconf 75' lang='grc' dir='ltr'>δερματίνους</span> <span class='ocrx_word' id='word_1_627' title='bbox 1766 5143 1996 5211; x_wconf 82' lang='grc' dir='ltr'>ἁμφίεν-</span> 
     </span>
    </p>
   </div>
   <div class='ocr_carea' id='block_1_90' title="bbox 400 5215 1993 5286">
    <p class='ocr_par' dir='ltr' id='par_1_90' title="bbox 400 5215 1993 5286">
     <span class='ocr_line' id='line_1_91' title="bbox 400 5215 1993 5286; baseline -0.003 -16"><span class='ocrx_word' id='word_1_628' title='bbox 400 5233 558 5270; x_wconf 54' lang='grc' dir='ltr'>νεῖαι</span> <span class='ocrx_word' id='word_1_629' title='bbox 625 5215 881 5285; x_wconf 77' lang='grc' dir='ltr'>χιτῶνας,</span> <span class='ocrx_word' id='word_1_630' title='bbox 949 5215 1077 5278; x_wconf 77' lang='grc' dir='ltr'>ἴσως</span> <span class='ocrx_word' id='word_1_631' title='bbox 1129 5218 1228 5286; x_wconf 83' lang='grc' dir='ltr'>τὴν</span> <span class='ocrx_word' id='word_1_632' title='bbox 1271 5219 1589 5286; x_wconf 79' lang='grc' dir='ltr'>παχυτέραν</span> <span class='ocrx_word' id='word_1_633' title='bbox 1638 5215 1843 5286; x_wconf 79' lang='grc' dir='ltr'>σάρκα,</span> <span class='ocrx_word' id='word_1_634' title='bbox 1898 5215 1993 5265; x_wconf 78' lang='grc' dir='ltr'>καὶ</span> 
     </span>
    </p>
   </div>
   <div class='ocr_carea' id='block_1_91' title="bbox 403 5284 1994 5355">
    <p class='ocr_par' dir='ltr' id='par_1_91' title="bbox 403 5284 1994 5355">
     <span class='ocr_line' id='line_1_92' title="bbox 403 5284 1994 5355; baseline -0.004 -13"><span class='ocrx_word' id='word_1_635' title='bbox 403 5284 631 5355; x_wconf 80' lang='grc' dir='ltr'>θνητὴν,</span> <span class='ocrx_word' id='word_1_636' title='bbox 664 5289 757 5339; x_wconf 82' lang='grc' dir='ltr'>καὶ</span> <span class='ocrx_word' id='word_1_637' title='bbox 787 5284 1292 5355; x_wconf 53' lang='grc' dir='ltr'>ὰντίτυπον.ξὨστε</span> <span class='ocrx_word' id='word_1_638' title='bbox 1325 5284 1432 5354; x_wconf 76' lang='grc' dir='ltr'>πρὸ</span> <span class='ocrx_word' id='word_1_639' title='bbox 1476 5285 1578 5351; x_wconf 79' lang='grc' dir='ltr'>τῆς</span> <span class='ocrx_word' id='word_1_640' title='bbox 1626 5284 1994 5353; x_wconf 76' lang='grc' dir='ltr'>παραϐάσεως</span> 
     </span>
    </p>
   </div>
   <div class='ocr_carea' id='block_1_92' title="bbox 399 5351 1993 5427">
    <p class='ocr_par' dir='ltr' id='par_1_92' title="bbox 399 5351 1993 5427">
     <span class='ocr_line' id='line_1_93' title="bbox 399 5351 1993 5427; baseline -0.004 -16"><span class='ocrx_word' id='word_1_641' title='bbox 399 5351 528 5411; x_wconf 62' lang='grc' dir='ltr'>οὔτε</span> <span class='ocrx_word' id='word_1_642' title='bbox 562 5351 736 5420; x_wconf 73' lang='grc' dir='ltr'>οὓτως</span> <span class='ocrx_word' id='word_1_643' title='bbox 770 5358 1057 5427; x_wconf 81' lang='grc' dir='ltr'>παχυτέρα</span> <span class='ocrx_word' id='word_1_644' title='bbox 1099 5351 1168 5427; x_wconf 77' lang='grc' dir='ltr'>ἦν</span> <span class='ocrx_word' id='word_1_645' title='bbox 1312 5351 1450 5425; x_wconf 72' lang='grc' dir='ltr'>σὰρξ</span> <span class='ocrx_word' id='word_1_646' title='bbox 1487 5358 1568 5425; x_wconf 75' lang='grc' dir='ltr'>τῷ</span> <span class='ocrx_word' id='word_1_647' title='bbox 1617 5351 1790 5422; x_wconf 70' lang='grc' dir='ltr'>Ἀδὰμ</span> <span class='ocrx_word' id='word_1_648' title='bbox 1813 5394 1826 5417; x_wconf 88' lang='grc'><strong>,</strong></span> <span class='ocrx_word' id='word_1_649' title='bbox 1868 5354 1993 5406; x_wconf 79' lang='grc' dir='ltr'>οὕτε</span> 
     </span>
    </p>
   </div>
   <div class='ocr_carea' id='block_1_93' title="bbox 403 5424 1992 5500">
    <p class='ocr_par' dir='ltr' id='par_1_93' title="bbox 403 5424 1992 5500">
     <span class='ocr_line' id='line_1_94' title="bbox 403 5424 1992 5500; baseline -0.004 -18"><span class='ocrx_word' id='word_1_650' title='bbox 403 5429 565 5500; x_wconf 82' lang='grc' dir='ltr'>φύσει</span> <span class='ocrx_word' id='word_1_651' title='bbox 598 5428 791 5499; x_wconf 77' lang='grc' dir='ltr'>θνητή.</span> <span class='ocrx_word' id='word_1_652' title='bbox 851 5424 1176 5481; x_wconf 36' lang='lat' dir='ltr'><strong>Nimirum}</strong></span> <span class='ocrx_word' id='word_1_653' title='bbox 1233 5424 1349 5480; x_wconf 80' lang='lat' dir='ltr'><strong>Etsi</strong></span> <span class='ocrx_word' id='word_1_654' title='bbox 1390 5424 1548 5480; x_wconf 84' lang='lat' dir='ltr'><strong>enim</strong></span> <span class='ocrx_word' id='word_1_655' title='bbox 1598 5440 1806 5500; x_wconf 73' lang='lat' dir='ltr'><strong>carnem</strong></span> <span class='ocrx_word' id='word_1_656' title='bbox 1869 5435 1992 5477; x_wconf 82' lang='lat' dir='ltr'><strong>tunc</strong></span> 
     </span>
    </p>
   </div>
   <div class='ocr_carea' id='block_1_94' title="bbox 399 5497 1992 5571">
    <p class='ocr_par' dir='ltr' id='par_1_94' title="bbox 399 5497 1992 5571">
     <span class='ocr_line' id='line_1_95' title="bbox 399 5497 1992 5571; baseline -0.006 -17"><span class='ocrx_word' id='word_1_657' title='bbox 399 5497 602 5571; x_wconf 52' lang='lat' dir='ltr'><strong>quoque</strong></span> <span class='ocrx_word' id='word_1_658' title='bbox 663 5497 884 5571; x_wconf 73' lang='lat' dir='ltr'><strong>habebnt</strong></span> <span class='ocrx_word' id='word_1_659' title='bbox 942 5502 1129 5571; x_wconf 61' lang='lat' dir='ltr'><strong>homo,</strong></span> <span class='ocrx_word' id='word_1_660' title='bbox 1186 5503 1275 5571; x_wconf 79' lang='lat' dir='ltr'><strong>sed</strong></span> <span class='ocrx_word' id='word_1_661' title='bbox 1346 5512 1450 5551; x_wconf 83' lang='lat' dir='ltr'><strong>non</strong></span> <span class='ocrx_word' id='word_1_662' title='bbox 1522 5497 1732 5571; x_wconf 68' lang='lat' dir='ltr'><strong>qualern</strong></span> <span class='ocrx_word' id='word_1_663' title='bbox 1821 5510 1992 5571; x_wconf 45' lang='lat' dir='ltr'><strong>nnttne;</strong></span> 
     </span>
    </p>
   </div>
   <div class='ocr_carea' id='block_1_95' title="bbox 402 5565 1993 5639">
    <p class='ocr_par' dir='ltr' id='par_1_95' title="bbox 402 5565 1993 5639">
     <span class='ocr_line' id='line_1_96' title="bbox 402 5565 1993 5639; baseline -0.008 -11"><span class='ocrx_word' id='word_1_664' title='bbox 402 5565 450 5630; x_wconf 68' lang='lat' dir='ltr'><strong>et</strong></span> <span class='ocrx_word' id='word_1_665' title='bbox 480 5565 575 5625; x_wconf 64' lang='lat' dir='ltr'><strong>Irae</strong></span> <span class='ocrx_word' id='word_1_666' title='bbox 633 5570 757 5623; x_wconf 81' lang='lat' dir='ltr'><strong>dicit</strong></span> <span class='ocrx_word' id='word_1_667' title='bbox 828 5566 986 5639; x_wconf 67' lang='grc' dir='ltr'>(ἶνες.</span> <span class='ocrx_word' id='word_1_668' title='bbox 1065 5568 1353 5637; x_wconf 77' lang='lat' dir='ltr'><strong>Tltcologus</strong></span> <span class='ocrx_word' id='word_1_669' title='bbox 1426 5582 1545 5639; x_wconf 83' lang='lat' dir='ltr'><strong>cum</strong></span> <span class='ocrx_word' id='word_1_670' title='bbox 1625 5567 1749 5639; x_wconf 80' lang='lat' dir='ltr'><strong>dicit</strong></span> <span class='ocrx_word' id='word_1_671' title='bbox 1785 5565 1993 5619; x_wconf 73' lang='lat' dir='ltr'><strong>:Pelll-</strong></span> 
     </span>
    </p>
   </div>
   <div class='ocr_carea' id='block_1_96' title="bbox 405 5638 1991 5709">
    <p class='ocr_par' dir='ltr' id='par_1_96' title="bbox 405 5638 1991 5709">
     <span class='ocr_line' id='line_1_97' title="bbox 405 5638 1991 5709; baseline -0.008 -11"><span class='ocrx_word' id='word_1_672' title='bbox 405 5659 528 5698; x_wconf 78' lang='lat' dir='ltr'><strong>cens</strong></span> <span class='ocrx_word' id='word_1_673' title='bbox 603 5657 806 5709; x_wconf 81' lang='lat' dir='ltr'><strong>quoque</strong></span> <span class='ocrx_word' id='word_1_674' title='bbox 853 5652 1015 5693; x_wconf 74' lang='lat' dir='ltr'><strong>restes</strong></span> <span class='ocrx_word' id='word_1_675' title='bbox 1056 5640 1251 5701; x_wconf 79' lang='lat' dir='ltr'><strong>induit,</strong></span> <span class='ocrx_word' id='word_1_676' title='bbox 1310 5639 1444 5704; x_wconf 76' lang='lat' dir='ltr'><strong>forte</strong></span> <span class='ocrx_word' id='word_1_677' title='bbox 1501 5638 1788 5709; x_wconf 6' lang='lat' dir='ltr'><strong>tlcnsigurem</strong></span> <span class='ocrx_word' id='word_1_678' title='bbox 1866 5651 1991 5688; x_wconf 84' lang='lat' dir='ltr'><strong>car-</strong></span> 
     </span>
    </p>
   </div>
   <div class='ocr_carea' id='block_1_97' title="bbox 411 5706 1992 5772">
    <p class='ocr_par' dir='ltr' id='par_1_97' title="bbox 411 5706 1992 5772">
     <span class='ocr_line' id='line_1_98' title="bbox 411 5706 1992 5772; baseline 0.001 -15"><span class='ocrx_word' id='word_1_679' title='bbox 411 5727 547 5768; x_wconf 60' lang='grc' dir='ltr'>ηεερι,</span> <span class='ocrx_word' id='word_1_680' title='bbox 598 5706 644 5760; x_wconf 76' lang='lat' dir='ltr'><strong>et</strong></span> <span class='ocrx_word' id='word_1_681' title='bbox 719 5706 1020 5772; x_wconf 46' lang='lat' dir='ltr'><strong>’mortalem,</strong></span> <span class='ocrx_word' id='word_1_682' title='bbox 1082 5719 1131 5763; x_wconf 84' lang='lat' dir='ltr'><strong>et</strong></span> <span class='ocrx_word' id='word_1_683' title='bbox 1203 5712 1546 5762; x_wconf 75' lang='lat' dir='ltr'><strong>resistentem.</strong></span> <span class='ocrx_word' id='word_1_684' title='bbox 1620 5706 1796 5771; x_wconf 82' lang='lat' dir='ltr'><strong>Quare</strong></span> <span class='ocrx_word' id='word_1_685' title='bbox 1870 5716 1992 5758; x_wconf 82' lang='lat' dir='ltr'><strong>ante</strong></span> 
     </span>
    </p>
   </div>
   <div class='ocr_carea' id='block_1_98' title="bbox 421 5779 1988 5846">
    <p class='ocr_par' dir='ltr' id='par_1_98' title="bbox 421 5779 1988 5846">
     <span class='ocr_line' id='line_1_99' title="bbox 421 5779 1988 5846; baseline -0.001 -15"><span class='ocrx_word' id='word_1_686' title='bbox 421 5779 905 5846; x_wconf 76' lang='lat' dir='ltr'><strong>transgressionem,</strong></span> <span class='ocrx_word' id='word_1_687' title='bbox 956 5794 1047 5837; x_wconf 80' lang='lat' dir='ltr'><strong>nec</strong></span> <span class='ocrx_word' id='word_1_688' title='bbox 1105 5781 1265 5836; x_wconf 82' lang='lat' dir='ltr'><strong>densa</strong></span> <span class='ocrx_word' id='word_1_689' title='bbox 1316 5789 1428 5835; x_wconf 84' lang='lat' dir='ltr'><strong>erat</strong></span> <span class='ocrx_word' id='word_1_690' title='bbox 1464 5792 1585 5833; x_wconf 83' lang='lat' dir='ltr'><strong>caro</strong></span> <span class='ocrx_word' id='word_1_691' title='bbox 1644 5782 1757 5830; x_wconf 70' lang='lat' dir='ltr'><strong>Arta</strong></span> <span class='ocrx_word' id='word_1_692' title='bbox 1817 5792 1856 5845; x_wconf 82' lang='lat' dir='ltr'><strong>t,</strong></span> <span class='ocrx_word' id='word_1_693' title='bbox 1900 5792 1988 5830; x_wconf 82' lang='lat' dir='ltr'><strong>nec</strong></span> 
     </span>
    </p>
   </div>
   <div class='ocr_carea' id='block_1_99' title="bbox 647 3178 3679 3253">
    <p class='ocr_par' dir='ltr' id='par_1_99' title="bbox 647 3178 3679 3253">
     <span class='ocr_line' id='line_1_100' title="bbox 647 3178 3679 3253; baseline 0 -20"><span class='ocrx_word' id='word_1_694' title='bbox 647 3181 753 3246; x_wconf 80' lang='lat' dir='ltr'><strong>Qui</strong></span> <span class='ocrx_word' id='word_1_695' title='bbox 817 3182 1104 3253; x_wconf 77' lang='lat' dir='ltr'><strong>detinebat.</strong></span> <span class='ocrx_word' id='word_1_696' title='bbox 1170 3182 1263 3253; x_wconf 85' lang='grc' dir='ltr'><strong>Τῷ</strong></span> <span class='ocrx_word' id='word_1_697' title='bbox 1327 3185 1641 3253; x_wconf 81' lang='grc' dir='ltr'>κατέχοντι,</span> <span class='ocrx_word' id='word_1_698' title='bbox 1676 3179 1826 3253; x_wconf 79' lang='lat' dir='ltr'><strong>Patri</strong></span> <span class='ocrx_word' id='word_1_699' title='bbox 1882 3180 1993 3237; x_wconf 90' lang='lat' dir='ltr'><strong>Deo</strong></span> <span class='ocrx_word' id='word_1_700' title='bbox 2024 3187 2068 3248; x_wconf 85' lang='lat' dir='ltr'>c</span> <span class='ocrx_word' id='word_1_701' title='bbox 2103 3190 2299 3235; x_wconf 85' lang='lat' dir='ltr'><strong>natura</strong></span> <span class='ocrx_word' id='word_1_702' title='bbox 2324 3180 2585 3237; x_wconf 78' lang='lat' dir='ltr'><strong>mortalis.</strong></span> <span class='ocrx_word' id='word_1_703' title='bbox 2609 3178 2736 3236; x_wconf 74' lang='lat' dir='ltr'><strong>Hzec</strong></span> <span class='ocrx_word' id='word_1_704' title='bbox 2761 3180 3025 3253; x_wconf 86' lang='lat' dir='ltr'><strong>Zonaras.</strong></span> <span class='ocrx_word' id='word_1_705' title='bbox 3049 3179 3135 3253; x_wconf 77' lang='lat' dir='ltr'><strong>Ex</strong></span> <span class='ocrx_word' id='word_1_706' title='bbox 3164 3180 3368 3253; x_wconf 78' lang='lat' dir='ltr'><strong>quibus</strong></span> <span class='ocrx_word' id='word_1_707' title='bbox 3389 3179 3538 3253; x_wconf 78' lang='lat' dir='ltr'><strong>vides</strong></span> <span class='ocrx_word' id='word_1_708' title='bbox 3562 3194 3679 3253; x_wconf 83' lang='lat' dir='ltr'><strong>eum</strong></span> 
     </span>
    </p>
   </div>
   <div class='ocr_carea' id='block_1_100' title="bbox 2099 3249 3680 3320">
    <p class='ocr_par' dir='ltr' id='par_1_100' title="bbox 2099 3249 3680 3320">
     <span class='ocr_line' id='line_1_101' title="bbox 2099 3249 3680 3320; baseline -0.001 -14"><span class='ocrx_word' id='word_1_709' title='bbox 2099 3253 2383 3307; x_wconf 85' lang='lat' dir='ltr'><strong>censuisse</strong></span> <span class='ocrx_word' id='word_1_710' title='bbox 2438 3267 2638 3320; x_wconf 83' lang='lat' dir='ltr'><strong>corpus</strong></span> <span class='ocrx_word' id='word_1_711' title='bbox 2693 3254 2858 3305; x_wconf 83' lang='lat' dir='ltr'><strong>Adam</strong></span> <span class='ocrx_word' id='word_1_712' title='bbox 2903 3251 3130 3304; x_wconf 88' lang='lat' dir='ltr'><strong>alterius</strong></span> <span class='ocrx_word' id='word_1_713' title='bbox 3177 3249 3466 3320; x_wconf 82' lang='lat' dir='ltr'><strong>cujusdam</strong></span> <span class='ocrx_word' id='word_1_714' title='bbox 3517 3249 3680 3305; x_wconf 83' lang='lat' dir='ltr'><strong>fuisse</strong></span> 
     </span>
    </p>
   </div>
   <div class='ocr_carea' id='block_1_101' title="bbox 2095 3320 3680 3391">
    <p class='ocr_par' dir='ltr' id='par_1_101' title="bbox 2095 3320 3680 3391">
     <span class='ocr_line' id='line_1_102' title="bbox 2095 3320 3680 3391; baseline 0.001 -17"><span class='ocrx_word' id='word_1_715' title='bbox 2095 3321 2451 3391; x_wconf 83' lang='lat' dir='ltr'><strong>conditionis,</strong></span> <span class='ocrx_word' id='word_1_716' title='bbox 2480 3338 2642 3391; x_wconf 90' lang='lat' dir='ltr'><strong>quam</strong></span> <span class='ocrx_word' id='word_1_717' title='bbox 2676 3336 2824 3376; x_wconf 90' lang='lat' dir='ltr'><strong>nunc</strong></span> <span class='ocrx_word' id='word_1_718' title='bbox 2852 3322 2944 3375; x_wconf 89' lang='lat' dir='ltr'><strong>sit.</strong></span> <span class='ocrx_word' id='word_1_719' title='bbox 2973 3321 3116 3376; x_wconf 89' lang='lat' dir='ltr'><strong>idem</strong></span> <span class='ocrx_word' id='word_1_720' title='bbox 3135 3320 3680 3391; x_wconf 79' lang='lat' dir='ltr'><strong>videtursigniticare</strong></span> 
     </span>
    </p>
   </div>
   <div class='ocr_carea' id='block_1_102' title="bbox 2096 3390 3675 3460">
    <p class='ocr_par' dir='ltr' id='par_1_102' title="bbox 2096 3390 3675 3460">
     <span class='ocr_line' id='line_1_103' title="bbox 2096 3390 3675 3460; baseline -0.001 -16"><span class='ocrx_word' id='word_1_721' title='bbox 2096 3390 2392 3446; x_wconf 68' lang='lat' dir='ltr'><strong>Nicetasin</strong></span> <span class='ocrx_word' id='word_1_722' title='bbox 2421 3390 2716 3446; x_wconf 85' lang='lat' dir='ltr'><strong>comment.</strong></span> <span class='ocrx_word' id='word_1_723' title='bbox 2762 3396 2815 3445; x_wconf 83' lang='lat' dir='ltr'><strong>in</strong></span> <span class='ocrx_word' id='word_1_724' title='bbox 2860 3402 3000 3445; x_wconf 89' lang='lat' dir='ltr'><strong>orat.</strong></span> <span class='ocrx_word' id='word_1_725' title='bbox 3055 3390 3375 3460; x_wconf 69' lang='lat' dir='ltr'><strong>praedictam</strong></span> <span class='ocrx_word' id='word_1_726' title='bbox 3422 3390 3675 3444; x_wconf 80' lang='lat' dir='ltr'><strong>Nazranz.</strong></span> 
     </span>
    </p>
   </div>
   <div class='ocr_carea' id='block_1_103' title="bbox 2096 3460 3675 3533">
    <p class='ocr_par' dir='ltr' id='par_1_103' title="bbox 2096 3460 3675 3533">
     <span class='ocr_line' id='line_1_104' title="bbox 2096 3460 3675 3533; baseline -0.001 -18"><span class='ocrx_word' id='word_1_727' title='bbox 2096 3462 2185 3515; x_wconf 93' lang='lat' dir='ltr'><strong>ubi</strong></span> <span class='ocrx_word' id='word_1_728' title='bbox 2224 3462 2404 3533; x_wconf 76' lang='lat' dir='ltr'><strong>plures</strong></span> <span class='ocrx_word' id='word_1_729' title='bbox 2423 3461 2656 3515; x_wconf 82' lang='lat' dir='ltr'><strong>afferens</strong></span> <span class='ocrx_word' id='word_1_730' title='bbox 2712 3461 3048 3533; x_wconf 64' lang='lat' dir='ltr'><strong>intelligendi</strong></span> <span class='ocrx_word' id='word_1_731' title='bbox 3076 3460 3299 3533; x_wconf 74' lang='lat' dir='ltr'><strong>modos,</strong></span> <span class='ocrx_word' id='word_1_732' title='bbox 3334 3461 3478 3533; x_wconf 76' lang='lat' dir='ltr'><strong>quod</strong></span> <span class='ocrx_word' id='word_1_733' title='bbox 3512 3460 3675 3514; x_wconf 81' lang='lat' dir='ltr'><strong>Adam</strong></span> 
     </span>
    </p>
   </div>
   <div class='ocr_carea' id='block_1_104' title="bbox 2092 3527 3677 3600">
    <p class='ocr_par' dir='ltr' id='par_1_104' title="bbox 2092 3527 3677 3600">
     <span class='ocr_line' id='line_1_105' title="bbox 2092 3527 3677 3600; baseline -0.003 -16"><span class='ocrx_word' id='word_1_734' title='bbox 2092 3527 2270 3586; x_wconf 79' lang='lat' dir='ltr'><strong>nudus</strong></span> <span class='ocrx_word' id='word_1_735' title='bbox 2295 3531 2475 3586; x_wconf 82' lang='lat' dir='ltr'><strong>dictus</strong></span> <span class='ocrx_word' id='word_1_736' title='bbox 2504 3543 2651 3586; x_wconf 84' lang='lat' dir='ltr'><strong>esset</strong></span> <span class='ocrx_word' id='word_1_737' title='bbox 2672 3570 2688 3597; x_wconf 90' lang='lat'><strong>,</strong></span> <span class='ocrx_word' id='word_1_738' title='bbox 2728 3531 2796 3586; x_wconf 90' lang='lat' dir='ltr'><strong>ad</strong></span> <span class='ocrx_word' id='word_1_739' title='bbox 2826 3527 2939 3585; x_wconf 50' lang='lat' dir='ltr'><strong>hm‘c</strong></span> <span class='ocrx_word' id='word_1_740' title='bbox 2970 3528 3255 3600; x_wconf 85' lang='lat' dir='ltr'><strong>subjungit</strong></span> <span class='ocrx_word' id='word_1_741' title='bbox 3287 3548 3301 3584; x_wconf 92' lang='lat'><strong>:</strong></span> <span class='ocrx_word' id='word_1_742' title='bbox 3331 3527 3528 3583; x_wconf 83' lang='lat' dir='ltr'><strong>Nudus</strong></span> <span class='ocrx_word' id='word_1_743' title='bbox 3547 3541 3677 3593; x_wconf 82' lang='lat' dir='ltr'><strong>erat,</strong></span> 
     </span>
    </p>
   </div>
   <div class='ocr_carea' id='block_1_105' title="bbox 2093 3602 3676 3666">
    <p class='ocr_par' dir='ltr' id='par_1_105' title="bbox 2093 3602 3676 3666">
     <span class='ocr_line' id='line_1_106' title="bbox 2093 3602 3676 3666; baseline -0.001 -12"><span class='ocrx_word' id='word_1_744' title='bbox 2093 3616 2197 3654; x_wconf 85' lang='lat' dir='ltr'><strong>non</strong></span> <span class='ocrx_word' id='word_1_745' title='bbox 2236 3610 2292 3655; x_wconf 89' lang='lat' dir='ltr'><strong>ut</strong></span> <span class='ocrx_word' id='word_1_746' title='bbox 2334 3603 2515 3656; x_wconf 84' lang='lat' dir='ltr'><strong>carnis</strong></span> <span class='ocrx_word' id='word_1_747' title='bbox 2581 3611 2631 3654; x_wconf 89' lang='lat' dir='ltr'><strong>et</strong></span> <span class='ocrx_word' id='word_1_748' title='bbox 2672 3602 2906 3666; x_wconf 85' lang='lat' dir='ltr'><strong>corporis</strong></span> <span class='ocrx_word' id='word_1_749' title='bbox 2970 3615 3173 3664; x_wconf 66' lang='lat' dir='ltr'><strong>expers,</strong></span> <span class='ocrx_word' id='word_1_750' title='bbox 3226 3615 3411 3654; x_wconf 77' lang='lat' dir='ltr'><strong>verum</strong></span> <span class='ocrx_word' id='word_1_751' title='bbox 3460 3609 3516 3653; x_wconf 86' lang='lat' dir='ltr'><strong>ut</strong></span> <span class='ocrx_word' id='word_1_752' title='bbox 3564 3614 3676 3653; x_wconf 84' lang='lat' dir='ltr'><strong>eam</strong></span> 
     </span>
    </p>
   </div>
   <div class='ocr_carea' id='block_1_106' title="bbox 2094 3669 3676 3738">
    <p class='ocr_par' dir='ltr' id='par_1_106' title="bbox 2094 3669 3676 3738">
     <span class='ocr_line' id='line_1_107' title="bbox 2094 3669 3676 3738; baseline 0.001 -16"><span class='ocrx_word' id='word_1_753' title='bbox 2094 3680 2505 3738; x_wconf 83' lang='lat' dir='ltr'><strong>temperaturam</strong></span> <span class='ocrx_word' id='word_1_754' title='bbox 2542 3686 2645 3724; x_wconf 86' lang='lat' dir='ltr'><strong>non</strong></span> <span class='ocrx_word' id='word_1_755' title='bbox 2674 3669 2893 3735; x_wconf 79' lang='lat' dir='ltr'><strong>habens,</strong></span> <span class='ocrx_word' id='word_1_756' title='bbox 2939 3686 3059 3737; x_wconf 76' lang='lat' dir='ltr'><strong>quo:</strong></span> <span class='ocrx_word' id='word_1_757' title='bbox 3107 3671 3427 3724; x_wconf 76' lang='lat' dir='ltr'><strong>crassiorem</strong></span> <span class='ocrx_word' id='word_1_758' title='bbox 3470 3684 3676 3723; x_wconf 74' lang='lat' dir='ltr'><strong>carnem</strong></span> 
     </span>
    </p>
   </div>
   <div class='ocr_carea' id='block_1_107' title="bbox 2095 3738 3675 3808">
    <p class='ocr_par' dir='ltr' id='par_1_107' title="bbox 2095 3738 3675 3808">
     <span class='ocr_line' id='line_1_108' title="bbox 2095 3738 3675 3808; baseline -0.001 -16"><span class='ocrx_word' id='word_1_759' title='bbox 2095 3740 2354 3805; x_wconf 85' lang='lat' dir='ltr'><strong>redderet,</strong></span> <span class='ocrx_word' id='word_1_760' title='bbox 2403 3758 2464 3794; x_wconf 88' lang='lat' dir='ltr'><strong>ac</strong></span> <span class='ocrx_word' id='word_1_761' title='bbox 2520 3742 2803 3795; x_wconf 87' lang='lat' dir='ltr'><strong>contrariis</strong></span> <span class='ocrx_word' id='word_1_762' title='bbox 2872 3749 2923 3794; x_wconf 86' lang='lat' dir='ltr'><strong>et</strong></span> <span class='ocrx_word' id='word_1_763' title='bbox 2968 3739 3282 3807; x_wconf 79' lang='lat' dir='ltr'><strong>perniciosis</strong></span> <span class='ocrx_word' id='word_1_764' title='bbox 3332 3738 3675 3808; x_wconf 75' lang='lat' dir='ltr'><strong>qualitatibus</strong></span> 
     </span>
    </p>
   </div>
   <div class='ocr_carea' id='block_1_108' title="bbox 2093 3809 3675 3879">
    <p class='ocr_par' dir='ltr' id='par_1_108' title="bbox 2093 3809 3675 3879">
     <span class='ocr_line' id='line_1_109' title="bbox 2093 3809 3675 3879; baseline -0.001 -17"><span class='ocrx_word' id='word_1_765' title='bbox 2093 3810 2403 3865; x_wconf 86' lang='lat' dir='ltr'><strong>distractam</strong></span> <span class='ocrx_word' id='word_1_766' title='bbox 2436 3822 2589 3879; x_wconf 87' lang='lat' dir='ltr'><strong>atque</strong></span> <span class='ocrx_word' id='word_1_767' title='bbox 2614 3811 2915 3876; x_wconf 81' lang='lat' dir='ltr'><strong>divulsam;</strong></span> <span class='ocrx_word' id='word_1_768' title='bbox 2941 3809 3100 3879; x_wconf 84' lang='lat' dir='ltr'><strong>plane</strong></span> <span class='ocrx_word' id='word_1_769' title='bbox 3140 3810 3287 3864; x_wconf 85' lang='lat' dir='ltr'><strong>enim</strong></span> <span class='ocrx_word' id='word_1_770' title='bbox 3338 3811 3416 3865; x_wconf 88' lang='lat' dir='ltr'><strong>ita</strong></span> <span class='ocrx_word' id='word_1_771' title='bbox 3484 3812 3675 3863; x_wconf 75' lang='lat' dir='ltr'><strong>vivebat</strong></span> 
     </span>
    </p>
   </div>
   <div class='ocr_carea' id='block_1_109' title="bbox 2086 3879 3677 3947">
    <p class='ocr_par' dir='ltr' id='par_1_109' title="bbox 2086 3879 3677 3947">
     <span class='ocr_line' id='line_1_110' title="bbox 2086 3879 3677 3947; baseline 0.002 -19"><span class='ocrx_word' id='word_1_772' title='bbox 2086 3891 2150 3932; x_wconf 86' lang='lat' dir='ltr'><strong>.ut</strong></span> <span class='ocrx_word' id='word_1_773' title='bbox 2199 3879 2387 3933; x_wconf 83' lang='lat' dir='ltr'><strong>bonam</strong></span> <span class='ocrx_word' id='word_1_774' title='bbox 2435 3880 2792 3933; x_wconf 83' lang='lat' dir='ltr'><strong>habitudinem</strong></span> <span class='ocrx_word' id='word_1_775' title='bbox 2842 3879 3137 3933; x_wconf 79' lang='lat' dir='ltr'><strong>naturalem</strong></span> <span class='ocrx_word' id='word_1_776' title='bbox 3170 3880 3275 3947; x_wconf 83' lang='lat' dir='ltr'><strong>ipsi</strong></span> <span class='ocrx_word' id='word_1_777' title='bbox 3329 3880 3677 3934; x_wconf 86' lang='lat' dir='ltr'><strong>essentialiter</strong></span> 
     </span>
    </p>
   </div>
   <div class='ocr_carea' id='block_1_110' title="bbox 2095 3948 3674 4020">
    <p class='ocr_par' dir='ltr' id='par_1_110' title="bbox 2095 3948 3674 4020">
     <span class='ocr_line' id='line_1_111' title="bbox 2095 3948 3674 4020; baseline 0.001 -18"><span class='ocrx_word' id='word_1_778' title='bbox 2095 3948 2325 4004; x_wconf 86' lang='lat' dir='ltr'><strong>inditam</strong></span> <span class='ocrx_word' id='word_1_779' title='bbox 2357 3949 2772 4020; x_wconf 82' lang='lat' dir='ltr'><strong>Itaudquaquam</strong></span> <span class='ocrx_word' id='word_1_780' title='bbox 2813 3949 3022 4020; x_wconf 76' lang='lat' dir='ltr'><strong>efﬂaret</strong></span> <span class='ocrx_word' id='word_1_781' title='bbox 3045 3989 3062 4013; x_wconf 88' lang='lat'><strong>,</strong></span> <span class='ocrx_word' id='word_1_782' title='bbox 3094 3965 3276 4003; x_wconf 79' lang='lat' dir='ltr'><strong>rerum</strong></span> <span class='ocrx_word' id='word_1_783' title='bbox 3316 3951 3497 4003; x_wconf 86' lang='lat' dir='ltr'><strong>eodem</strong></span> <span class='ocrx_word' id='word_1_784' title='bbox 3529 3953 3674 4003; x_wconf 85' lang='lat' dir='ltr'><strong>modo</strong></span> 
     </span>
    </p>
   </div>
   <div class='ocr_carea' id='block_1_111' title="bbox 2094 4018 3672 4090">
    <p class='ocr_par' dir='ltr' id='par_1_111' title="bbox 2094 4018 3672 4090">
     <span class='ocr_line' id='line_1_112' title="bbox 2094 4018 3672 4090; baseline -0.001 -18"><span class='ocrx_word' id='word_1_785' title='bbox 2094 4035 2150 4072; x_wconf 87' lang='lat' dir='ltr'><strong>se</strong></span> <span class='ocrx_word' id='word_1_786' title='bbox 2196 4035 2399 4090; x_wconf 82' lang='lat' dir='ltr'><strong>semper</strong></span> <span class='ocrx_word' id='word_1_787' title='bbox 2441 4018 2673 4085; x_wconf 82' lang='lat' dir='ltr'><strong>haberet,</strong></span> <span class='ocrx_word' id='word_1_788' title='bbox 2720 4018 2914 4090; x_wconf 74' lang='lat' dir='ltr'><strong>absque</strong></span> <span class='ocrx_word' id='word_1_789' title='bbox 2981 4022 3130 4088; x_wconf 76' lang='lat' dir='ltr'><strong>ﬂuxu</strong></span> <span class='ocrx_word' id='word_1_790' title='bbox 3160 4029 3322 4089; x_wconf 85' lang='lat' dir='ltr'><strong>atque</strong></span> <span class='ocrx_word' id='word_1_791' title='bbox 3364 4020 3672 4090; x_wconf 68' lang='lat' dir='ltr'><strong>inﬂuxionr,</strong></span> 
     </span>
    </p>
   </div>
   <div class='ocr_carea' id='block_1_112' title="bbox 2095 4089 3676 4160">
    <p class='ocr_par' dir='ltr' id='par_1_112' title="bbox 2095 4089 3676 4160">
     <span class='ocr_line' id='line_1_113' title="bbox 2095 4089 3676 4160; baseline 0.001 -19"><span class='ocrx_word' id='word_1_792' title='bbox 2095 4089 2470 4160; x_wconf 83' lang='lat' dir='ltr'><strong>continuaque,</strong></span> <span class='ocrx_word' id='word_1_793' title='bbox 2513 4092 2579 4142; x_wconf 88' lang='lat' dir='ltr'><strong>ad</strong></span> <span class='ocrx_word' id='word_1_794' title='bbox 2622 4101 2898 4158; x_wconf 86' lang='lat' dir='ltr'><strong>utrumque</strong></span> <span class='ocrx_word' id='word_1_795' title='bbox 2942 4090 3467 4160; x_wconf 74' lang='lat' dir='ltr'><strong>horum__secundum</strong></span> <span class='ocrx_word' id='word_1_796' title='bbox 3513 4089 3676 4160; x_wconf 69' lang='lat' dir='ltr'><strong>quali-</strong></span> 
     </span>
    </p>
   </div>
   <div class='ocr_carea' id='block_1_113' title="bbox 2097 4157 3671 4227">
    <p class='ocr_par' dir='ltr' id='par_1_113' title="bbox 2097 4157 3671 4227">
     <span class='ocr_line' id='line_1_114' title="bbox 2097 4157 3671 4227; baseline -0.001 -16"><span class='ocrx_word' id='word_1_797' title='bbox 2097 4168 2268 4212; x_wconf 85' lang='lat' dir='ltr'><strong>tatum</strong></span> <span class='ocrx_word' id='word_1_798' title='bbox 2296 4157 2731 4221; x_wconf 81' lang='lat' dir='ltr'><strong>dominationem,</strong></span> <span class='ocrx_word' id='word_1_799' title='bbox 2781 4157 3115 4213; x_wconf 82' lang='lat' dir='ltr'><strong>alteratione.</strong></span> <span class='ocrx_word' id='word_1_800' title='bbox 3144 4158 3272 4213; x_wconf 75' lang='lat' dir='ltr'><strong>Haec</strong></span> <span class='ocrx_word' id='word_1_801' title='bbox 3315 4158 3556 4224; x_wconf 67' lang='lat' dir='ltr'><strong>Nic-etas,</strong></span> <span class='ocrx_word' id='word_1_802' title='bbox 3586 4157 3671 4227; x_wconf 89' lang='lat' dir='ltr'><strong>qui</strong></span> 
     </span>
    </p>
   </div>
   <div class='ocr_carea' id='block_1_114' title="bbox 2098 4228 3676 4299">
    <p class='ocr_par' dir='ltr' id='par_1_114' title="bbox 2098 4228 3676 4299">
     <span class='ocr_line' id='line_1_115' title="bbox 2098 4228 3676 4299; baseline 0 -17"><span class='ocrx_word' id='word_1_803' title='bbox 2098 4229 2311 4283; x_wconf 76' lang='lat' dir='ltr'><strong>videtur</strong></span> <span class='ocrx_word' id='word_1_804' title='bbox 2341 4230 2626 4284; x_wconf 72' lang='lat' dir='ltr'><strong>admiitere</strong></span> <span class='ocrx_word' id='word_1_805' title='bbox 2643 4228 2803 4282; x_wconf 87' lang='lat' dir='ltr'><strong>aliam</strong></span> <span class='ocrx_word' id='word_1_806' title='bbox 2830 4238 3255 4299; x_wconf 87' lang='lat' dir='ltr'><strong>temperaturam</strong></span> <span class='ocrx_word' id='word_1_807' title='bbox 3283 4230 3533 4297; x_wconf 88' lang='lat' dir='ltr'><strong>corporis</strong></span> <span class='ocrx_word' id='word_1_808' title='bbox 3551 4239 3676 4299; x_wconf 81' lang='lat' dir='ltr'><strong>ante</strong></span> 
     </span>
    </p>
   </div>
   <div class='ocr_carea' id='block_1_115' title="bbox 2096 4298 3666 4367">
    <p class='ocr_par' dir='ltr' id='par_1_115' title="bbox 2096 4298 3666 4367">
     <span class='ocr_line' id='line_1_116' title="bbox 2096 4298 3666 4367; baseline -0.002 -14"><span class='ocrx_word' id='word_1_809' title='bbox 2096 4309 2400 4367; x_wconf 89' lang='lat' dir='ltr'><strong>peccatum,</strong></span> <span class='ocrx_word' id='word_1_810' title='bbox 2429 4314 2658 4367; x_wconf 88' lang='lat' dir='ltr'><strong>eamque</strong></span> <span class='ocrx_word' id='word_1_811' title='bbox 2703 4299 2779 4353; x_wconf 90' lang='lat' dir='ltr'><strong>illi</strong></span> <span class='ocrx_word' id='word_1_812' title='bbox 2820 4298 3182 4354; x_wconf 85' lang='lat' dir='ltr'><strong>essentialiter</strong></span> <span class='ocrx_word' id='word_1_813' title='bbox 3225 4299 3485 4354; x_wconf 86' lang='lat' dir='ltr'><strong>inditam.</strong></span> <span class='ocrx_word' id='word_1_814' title='bbox 3538 4298 3666 4352; x_wconf 84' lang='lat' dir='ltr'><strong>Gre-</strong></span> 
     </span>
    </p>
   </div>
   <div class='ocr_carea' id='block_1_116' title="bbox 2096 4369 3674 4440">
    <p class='ocr_par' dir='ltr' id='par_1_116' title="bbox 2096 4369 3674 4440">
     <span class='ocr_line' id='line_1_117' title="bbox 2096 4369 3674 4440; baseline 0 -19"><span class='ocrx_word' id='word_1_815' title='bbox 2096 4383 2213 4438; x_wconf 85' lang='lat' dir='ltr'><strong>gor.</strong></span> <span class='ocrx_word' id='word_1_816' title='bbox 2243 4369 2517 4440; x_wconf 78' lang='lat' dir='ltr'><strong>Nysseuus</strong></span> <span class='ocrx_word' id='word_1_817' title='bbox 2541 4370 2728 4423; x_wconf 88' lang='lat' dir='ltr'><strong>iisdem</strong></span> <span class='ocrx_word' id='word_1_818' title='bbox 2785 4383 2921 4440; x_wconf 86' lang='lat' dir='ltr'><strong>pene</strong></span> <span class='ocrx_word' id='word_1_819' title='bbox 2978 4370 3159 4440; x_wconf 82' lang='lat' dir='ltr'><strong>utitur</strong></span> <span class='ocrx_word' id='word_1_820' title='bbox 3222 4369 3429 4440; x_wconf 84' lang='lat' dir='ltr'><strong>verbis</strong></span> <span class='ocrx_word' id='word_1_821' title='bbox 3458 4383 3525 4423; x_wconf 91' lang='lat' dir='ltr'><strong>ac</strong></span> <span class='ocrx_word' id='word_1_822' title='bbox 3580 4382 3674 4421; x_wconf 89' lang='lat' dir='ltr'><strong>no-</strong></span> 
     </span>
    </p>
   </div>
   <div class='ocr_carea' id='block_1_117' title="bbox 2098 4438 3673 4507">
    <p class='ocr_par' dir='ltr' id='par_1_117' title="bbox 2098 4438 3673 4507">
     <span class='ocr_line' id='line_1_118' title="bbox 2098 4438 3673 4507; baseline -0.001 -15"><span class='ocrx_word' id='word_1_823' title='bbox 2098 4449 2234 4505; x_wconf 83' lang='lat' dir='ltr'><strong>ster,</strong></span> <span class='ocrx_word' id='word_1_824' title='bbox 2288 4438 2471 4493; x_wconf 81' lang='lat' dir='ltr'><strong>sedea</strong></span> <span class='ocrx_word' id='word_1_825' title='bbox 2537 4438 2838 4494; x_wconf 86' lang='lat' dir='ltr'><strong>referemus</strong></span> <span class='ocrx_word' id='word_1_826' title='bbox 2896 4438 3232 4495; x_wconf 89' lang='lat' dir='ltr'><strong>commodius</strong></span> <span class='ocrx_word' id='word_1_827' title='bbox 3309 4439 3475 4507; x_wconf 86' lang='lat' dir='ltr'><strong>paulo</strong></span> <span class='ocrx_word' id='word_1_828' title='bbox 3537 4449 3673 4506; x_wconf 90' lang='lat' dir='ltr'><strong>post.</strong></span> 
     </span>
    </p>
   </div>
   <div class='ocr_carea' id='block_1_118' title="bbox 2022 4508 3674 4582">
    <p class='ocr_par' dir='ltr' id='par_1_118' title="bbox 2022 4508 3674 4582">
     <span class='ocr_line' id='line_1_119' title="bbox 2022 4508 3674 4582; baseline -0.002 -20"><span class='ocrx_word' id='word_1_829' title='bbox 2022 4522 2074 4582; x_wconf 74' lang='grc' dir='ltr'><strong>υ</strong></span> <span class='ocrx_word' id='word_1_830' title='bbox 2104 4508 2631 4582; x_wconf 72' lang='lat' dir='ltr'><strong>Theophanesvero</strong></span> <span class='ocrx_word' id='word_1_831' title='bbox 2656 4509 2846 4582; x_wconf 78' lang='lat' dir='ltr'><strong>aliusa</strong></span> <span class='ocrx_word' id='word_1_832' title='bbox 2879 4518 3086 4582; x_wconf 71' lang='lat' dir='ltr'><strong>nostro,</strong></span> <span class='ocrx_word' id='word_1_833' title='bbox 3126 4508 3231 4582; x_wconf 62' lang='lat' dir='ltr'><strong>hoc</strong></span> <span class='ocrx_word' id='word_1_834' title='bbox 3284 4520 3371 4565; x_wconf 87' lang='lat' dir='ltr'><strong>est</strong></span> <span class='ocrx_word' id='word_1_835' title='bbox 3409 4508 3674 4582; x_wconf 54' lang='lat' dir='ltr'><strong>wearum,</strong></span> 
     </span>
    </p>
   </div>
   <div class='ocr_carea' id='block_1_119' title="bbox 2099 4577 3675 4649">
    <p class='ocr_par' dir='ltr' id='par_1_119' title="bbox 2099 4577 3675 4649">
     <span class='ocr_line' id='line_1_120' title="bbox 2099 4577 3675 4649; baseline -0.002 -16"><span class='ocrx_word' id='word_1_836' title='bbox 2099 4577 2340 4649; x_wconf 40' lang='lat' dir='ltr'><strong>epist.’5,</strong></span> <span class='ocrx_word' id='word_1_837' title='bbox 2358 4596 2423 4633; x_wconf 81' lang='lat' dir='ltr'><strong>ex</strong></span> <span class='ocrx_word' id='word_1_838' title='bbox 2460 4580 2524 4634; x_wconf 89' lang='lat' dir='ltr'><strong>iis</strong></span> <span class='ocrx_word' id='word_1_839' title='bbox 2542 4593 2660 4647; x_wconf 66' lang='lat' dir='ltr'><strong>qua:</strong></span> <span class='ocrx_word' id='word_1_840' title='bbox 2677 4579 2845 4633; x_wconf 87' lang='lat' dir='ltr'><strong>edidit</strong></span> <span class='ocrx_word' id='word_1_841' title='bbox 2866 4578 3164 4649; x_wconf 78' lang='lat' dir='ltr'><strong>Consalvus</strong></span> <span class='ocrx_word' id='word_1_842' title='bbox 3188 4577 3376 4634; x_wconf 88' lang='lat' dir='ltr'><strong>Ponce</strong></span> <span class='ocrx_word' id='word_1_843' title='bbox 3408 4580 3675 4632; x_wconf 69' lang='lat' dir='ltr'><strong>hominem</strong></span> 
     </span>
    </p>
   </div>
   <div class='ocr_carea' id='block_1_120' title="bbox 2100 4648 3677 4718">
    <p class='ocr_par' dir='ltr' id='par_1_120' title="bbox 2100 4648 3677 4718">
     <span class='ocr_line' id='line_1_121' title="bbox 2100 4648 3677 4718; baseline -0.001 -16"><span class='ocrx_word' id='word_1_844' title='bbox 2100 4648 2340 4704; x_wconf 85' lang='lat' dir='ltr'><strong>creatum</strong></span> <span class='ocrx_word' id='word_1_845' title='bbox 2371 4664 2402 4702; x_wconf 89' lang='lat' dir='ltr'><strong>a</strong></span> <span class='ocrx_word' id='word_1_846' title='bbox 2433 4651 2562 4711; x_wconf 82' lang='lat' dir='ltr'><strong>Deo,</strong></span> <span class='ocrx_word' id='word_1_847' title='bbox 2593 4658 2650 4703; x_wconf 93' lang='lat' dir='ltr'><strong>ut</strong></span> <span class='ocrx_word' id='word_1_848' title='bbox 2670 4649 2899 4718; x_wconf 81' lang='lat' dir='ltr'><strong>alterum</strong></span> <span class='ocrx_word' id='word_1_849' title='bbox 2946 4648 3198 4718; x_wconf 87' lang='lat' dir='ltr'><strong>angelum</strong></span> <span class='ocrx_word' id='word_1_850' title='bbox 3234 4649 3394 4714; x_wconf 89' lang='lat' dir='ltr'><strong>dicit,</strong></span> <span class='ocrx_word' id='word_1_851' title='bbox 3427 4650 3590 4717; x_wconf 88' lang='lat' dir='ltr'><strong>idque</strong></span> <span class='ocrx_word' id='word_1_852' title='bbox 3613 4662 3677 4701; x_wconf 78' lang='lat' dir='ltr'><strong>es</strong></span> 
     </span>
    </p>
   </div>
   <div class='ocr_carea' id='block_1_121' title="bbox 2099 4717 3678 4790">
    <p class='ocr_par' dir='ltr' id='par_1_121' title="bbox 2099 4717 3678 4790">
     <span class='ocr_line' id='line_1_122' title="bbox 2099 4717 3678 4790; baseline -0.002 -18"><span class='ocrx_word' id='word_1_853' title='bbox 2099 4718 2244 4790; x_wconf 79' lang='lat' dir='ltr'><strong>dicto</strong></span> <span class='ocrx_word' id='word_1_854' title='bbox 2275 4719 2515 4790; x_wconf 78' lang='lat' dir='ltr'><strong>ejusdem</strong></span> <span class='ocrx_word' id='word_1_855' title='bbox 2547 4718 2707 4788; x_wconf 82' lang='lat' dir='ltr'><strong>Greg.</strong></span> <span class='ocrx_word' id='word_1_856' title='bbox 2750 4717 3009 4790; x_wconf 83' lang='lat' dir='ltr'><strong>Theologi</strong></span> <span class='ocrx_word' id='word_1_857' title='bbox 3032 4717 3063 4777; x_wconf 56' lang='grc' dir='ltr'><strong>τ</strong></span> <span class='ocrx_word' id='word_1_858' title='bbox 3101 4717 3407 4790; x_wconf 16' lang='grc' dir='ltr'>Ἑπεὶᾼγὰρ</span> <span class='ocrx_word' id='word_1_859' title='bbox 3446 4718 3678 4790; x_wconf 76' lang='grc' dir='ltr'>ἄγγελον</span> 
     </span>
    </p>
   </div>
   <div class='ocr_carea' id='block_1_122' title="bbox 2099 4788 3677 4860">
    <p class='ocr_par' dir='ltr' id='par_1_122' title="bbox 2099 4788 3677 4860">
     <span class='ocr_line' id='line_1_123' title="bbox 2099 4788 3677 4860; baseline -0.002 -18"><span class='ocrx_word' id='word_1_860' title='bbox 2099 4788 2259 4842; x_wconf 79' lang='grc' dir='ltr'>ἄλλον</span> <span class='ocrx_word' id='word_1_861' title='bbox 2284 4788 2383 4860; x_wconf 8' lang='grc' dir='ltr'>,ἐπὶ</span> <span class='ocrx_word' id='word_1_862' title='bbox 2407 4792 2506 4858; x_wconf 77' lang='grc' dir='ltr'>τῆς</span> <span class='ocrx_word' id='word_1_863' title='bbox 2532 4791 2635 4859; x_wconf 80' lang='grc' dir='ltr'><strong>γῆς</strong></span> <span class='ocrx_word' id='word_1_864' title='bbox 2654 4792 2683 4843; x_wconf 86' lang='grc' dir='ltr'>ὁ</span> <span class='ocrx_word' id='word_1_865' title='bbox 2698 4790 2774 4857; x_wconf 88' lang='grc' dir='ltr'>Δη</span> <span class='ocrx_word' id='word_1_866' title='bbox 2784 4788 3045 4860; x_wconf 68' lang='grc' dir='ltr'>μιουρῨὸς</span> <span class='ocrx_word' id='word_1_867' title='bbox 3073 4788 3166 4860; x_wconf 84' lang='grc' dir='ltr'>τὸν</span> <span class='ocrx_word' id='word_1_868' title='bbox 3182 4788 3292 4860; x_wconf 8' lang='grc' dir='ltr'>,ἄνθ</span> <span class='ocrx_word' id='word_1_869' title='bbox 3303 4788 3490 4859; x_wconf 82' lang='grc' dir='ltr'>ρωπον</span> <span class='ocrx_word' id='word_1_870' title='bbox 3508 4788 3677 4860; x_wconf 73' lang='grc' dir='ltr'>ἔπλα-</span> 
     </span>
    </p>
   </div>
   <div class='ocr_carea' id='block_1_123' title="bbox 2100 4859 3678 4929">
    <p class='ocr_par' dir='ltr' id='par_1_123' title="bbox 2100 4859 3678 4929">
     <span class='ocr_line' id='line_1_124' title="bbox 2100 4859 3678 4929; baseline 0.001 -19"><span class='ocrx_word' id='word_1_871' title='bbox 2100 4875 2214 4925; x_wconf 84' lang='grc' dir='ltr'>σεν,</span> <span class='ocrx_word' id='word_1_872' title='bbox 2265 4859 2412 4912; x_wconf 80' lang='grc' dir='ltr'>,ὥστε</span> <span class='ocrx_word' id='word_1_873' title='bbox 2451 4862 2590 4912; x_wconf 83' lang='grc' dir='ltr'>κατὰ</span> <span class='ocrx_word' id='word_1_874' title='bbox 2625 4859 2717 4913; x_wconf 85' lang='grc' dir='ltr'>τὸν</span> <span class='ocrx_word' id='word_1_875' title='bbox 2767 4859 3028 4928; x_wconf 76' lang='grc' dir='ltr'>μέγιστον</span> <span class='ocrx_word' id='word_1_876' title='bbox 3066 4859 3125 4911; x_wconf 85' lang='grc' dir='ltr'><strong>ἐν</strong></span> <span class='ocrx_word' id='word_1_877' title='bbox 3171 4859 3484 4926; x_wconf 84' lang='grc' dir='ltr'>θεολογίαις</span> <span class='ocrx_word' id='word_1_878' title='bbox 3535 4859 3678 4929; x_wconf 78' lang='grc' dir='ltr'>Γρη-</span> 
     </span>
    </p>
   </div>
   <div class='ocr_carea' id='block_1_124' title="bbox 2102 4929 3677 5051">
    <p class='ocr_par' dir='ltr' id='par_1_124' title="bbox 2102 4929 3677 5051">
     <span class='ocr_line' id='line_1_125' title="bbox 2102 4929 3677 5000; baseline -0.001 -20"><span class='ocrx_word' id='word_1_879' title='bbox 2102 4930 2287 5000; x_wconf 78' lang='grc' dir='ltr'>γόριον</span> <span class='ocrx_word' id='word_1_880' title='bbox 2366 4930 2400 4999; x_wconf 83' lang='grc' dir='ltr'><strong>ὴ</strong></span> <span class='ocrx_word' id='word_1_881' title='bbox 2429 4933 2541 4991; x_wconf 80' lang='grc' dir='ltr'>τοῖς</span> <span class='ocrx_word' id='word_1_882' title='bbox 2582 4930 2695 4984; x_wconf 76' lang='grc' dir='ltr'>ἄνω</span> <span class='ocrx_word' id='word_1_883' title='bbox 2722 4931 2884 4999; x_wconf 86' lang='grc' dir='ltr'>μόνον</span> <span class='ocrx_word' id='word_1_884' title='bbox 2918 4931 3020 4999; x_wconf 80' lang='grc' dir='ltr'>τὴν</span> <span class='ocrx_word' id='word_1_885' title='bbox 3085 4929 3469 4998; x_wconf 85' lang='grc' dir='ltr'>προσκύνησιν</span> <span class='ocrx_word' id='word_1_886' title='bbox 3520 4943 3677 4998; x_wconf 85' lang='grc' dir='ltr'>περι-</span> 
     </span>
     <span class='ocr_line' id='line_1_126' title="bbox 2102 4947 3672 5051; baseline 0 0"><span class='ocrx_word' id='word_1_887' title='bbox 2102 4947 2408 5051; x_wconf 58' lang='grc' dir='ltr'>γοάφεσθιαι</span> <span class='ocrx_word' id='word_1_888' title='bbox 2465 4999 2582 5051; x_wconf 86' lang='grc' dir='ltr'>ἀλλ’</span> <span class='ocrx_word' id='word_1_889' title='bbox 2615 4996 2754 5051; x_wconf 74' lang='grc' dir='ltr'>εἶναι</span> <span class='ocrx_word' id='word_1_890' title='bbox 2794 5016 2947 5051; x_wconf 75' lang='grc' dir='ltr'>τινας</span> <span class='ocrx_word' id='word_1_891' title='bbox 2970 5001 3064 5051; x_wconf 73' lang='grc' dir='ltr'>καὶ</span> <span class='ocrx_word' id='word_1_892' title='bbox 3081 5001 3233 5051; x_wconf 83' lang='grc' dir='ltr'>κάτω</span> <span class='ocrx_word' id='word_1_893' title='bbox 3259 5004 3672 5051; x_wconf 73' lang='grc' dir='ltr'>ποοσκυνητὰς.</span> 
     </span>
    </p>
   </div>
   <div class='ocr_carea' id='block_1_125' title="bbox 2098 4996 3672 5069">
    <p class='ocr_par' dir='ltr' id='par_1_125' title="bbox 2098 4996 3672 5069">
     <span class='ocr_line' id='line_1_127' title="bbox 2098 4996 3672 5069; baseline -0.003 -15"><span class='ocrx_word' id='word_1_894' title='bbox 2098 4996 2408 5069; x_wconf 72' lang='grc' dir='ltr'>γρᾶφεσθαι</span> <span class='ocrx_word' id='word_1_895' title='bbox 2465 4999 2582 5052; x_wconf 84' lang='grc' dir='ltr'>ἀλλ’</span> <span class='ocrx_word' id='word_1_896' title='bbox 2615 4996 2754 5053; x_wconf 74' lang='grc' dir='ltr'>εἶναι</span> <span class='ocrx_word' id='word_1_897' title='bbox 2794 5016 2947 5061; x_wconf 86' lang='grc' dir='ltr'>τινας</span> <span class='ocrx_word' id='word_1_898' title='bbox 2970 4996 3064 5052; x_wconf 72' lang='grc' dir='ltr'>καὶ</span> <span class='ocrx_word' id='word_1_899' title='bbox 3081 4996 3233 5064; x_wconf 62' lang='grc' dir='ltr'>κᾲτω</span> <span class='ocrx_word' id='word_1_900' title='bbox 3259 4996 3672 5068; x_wconf 77' lang='grc' dir='ltr'>προσκυνητὰς,</span> 
     </span>
    </p>
   </div>
   <div class='ocr_carea' id='block_1_126' title="bbox 2094 5069 3676 5140">
    <p class='ocr_par' dir='ltr' id='par_1_126' title="bbox 2094 5069 3676 5140">
     <span class='ocr_line' id='line_1_128' title="bbox 2094 5069 3676 5140; baseline 0.001 -20"><span class='ocrx_word' id='word_1_901' title='bbox 2094 5070 2184 5121; x_wconf 73' lang='grc' dir='ltr'>ἶνα</span> <span class='ocrx_word' id='word_1_902' title='bbox 2214 5069 2475 5140; x_wconf 79' lang='grc' dir='ltr'>πληρωθῇ</span> <span class='ocrx_word' id='word_1_903' title='bbox 2530 5069 2601 5122; x_wconf 79' lang='grc' dir='ltr'>τὰ</span> <span class='ocrx_word' id='word_1_904' title='bbox 2653 5070 2833 5123; x_wconf 81' lang='grc' dir='ltr'>πάντα</span> <span class='ocrx_word' id='word_1_905' title='bbox 2880 5070 3037 5137; x_wconf 78' lang='grc' dir='ltr'>δόξης</span> <span class='ocrx_word' id='word_1_906' title='bbox 3062 5070 3158 5121; x_wconf 87' lang='grc' dir='ltr'><strong>τοῦ</strong></span> <span class='ocrx_word' id='word_1_907' title='bbox 3196 5069 3358 5140; x_wconf 54' lang='grc' dir='ltr'>θεοῦ.</span> <span class='ocrx_word' id='word_1_908' title='bbox 3408 5070 3542 5134; x_wconf 65' lang='lat' dir='ltr'><strong>Qum</strong></span> <span class='ocrx_word' id='word_1_909' title='bbox 3598 5069 3676 5122; x_wconf 89' lang='lat' dir='ltr'><strong>sic</strong></span> 
     </span>
    </p>
   </div>
   <div class='ocr_carea' id='block_1_127' title="bbox 2099 5138 3673 5208">
    <p class='ocr_par' dir='ltr' id='par_1_127' title="bbox 2099 5138 3673 5208">
     <span class='ocr_line' id='line_1_129' title="bbox 2099 5138 3673 5208; baseline -0.002 -16"><span class='ocrx_word' id='word_1_910' title='bbox 2099 5138 2489 5207; x_wconf 80' lang='lat' dir='ltr'><strong>interpretatur</strong></span> <span class='ocrx_word' id='word_1_911' title='bbox 2559 5140 2700 5194; x_wconf 86' lang='lat' dir='ltr'><strong>idem</strong></span> <span class='ocrx_word' id='word_1_912' title='bbox 2760 5140 3060 5194; x_wconf 81' lang='lat' dir='ltr'><strong>Consalvus</strong></span> <span class='ocrx_word' id='word_1_913' title='bbox 3109 5158 3123 5193; x_wconf 90' lang='lat'><strong>:</strong></span> <span class='ocrx_word' id='word_1_914' title='bbox 3181 5138 3487 5208; x_wconf 82' lang='lat' dir='ltr'><strong>Postquam</strong></span> <span class='ocrx_word' id='word_1_915' title='bbox 3538 5140 3673 5190; x_wconf 82' lang='lat' dir='ltr'><strong>enim</strong></span> 
     </span>
    </p>
   </div>
   <div class='ocr_carea' id='block_1_128' title="bbox 2100 5208 3675 5280">
    <p class='ocr_par' dir='ltr' id='par_1_128' title="bbox 2100 5208 3675 5280">
     <span class='ocr_line' id='line_1_130' title="bbox 2100 5208 3675 5280; baseline -0.003 -17"><span class='ocrx_word' id='word_1_916' title='bbox 2100 5208 2291 5280; x_wconf 75' lang='lat' dir='ltr'><strong>Opifea:</strong></span> <span class='ocrx_word' id='word_1_917' title='bbox 2341 5211 2585 5280; x_wconf 80' lang='lat' dir='ltr'><strong>angelum</strong></span> <span class='ocrx_word' id='word_1_918' title='bbox 2640 5209 2885 5275; x_wconf 83' lang='lat' dir='ltr'><strong>alterum,</strong></span> <span class='ocrx_word' id='word_1_919' title='bbox 2923 5209 3183 5263; x_wconf 79' lang='lat' dir='ltr'><strong>hominem</strong></span> <span class='ocrx_word' id='word_1_920' title='bbox 3220 5223 3408 5276; x_wconf 83' lang='lat' dir='ltr'><strong>nempe</strong></span> <span class='ocrx_word' id='word_1_921' title='bbox 3439 5224 3469 5262; x_wconf 85' lang='lat' dir='ltr'><strong>e</strong></span> <span class='ocrx_word' id='word_1_922' title='bbox 3516 5218 3675 5280; x_wconf 85' lang='lat' dir='ltr'><strong>_terra</strong></span> 
     </span>
    </p>
   </div>
   <div class='ocr_carea' id='block_1_129' title="bbox 2096 5278 3676 5349">
    <p class='ocr_par' dir='ltr' id='par_1_129' title="bbox 2096 5278 3676 5349">
     <span class='ocr_line' id='line_1_131' title="bbox 2096 5278 3676 5349; baseline -0.003 -16"><span class='ocrx_word' id='word_1_923' title='bbox 2096 5278 2365 5347; x_wconf 69' lang='lat' dir='ltr'><strong>formavit,</strong></span> <span class='ocrx_word' id='word_1_924' title='bbox 2402 5278 2465 5334; x_wconf 78' lang='lat' dir='ltr'><strong>ne</strong></span> <span class='ocrx_word' id='word_1_925' title='bbox 2488 5282 2732 5333; x_wconf 84' lang='lat' dir='ltr'><strong>adoratio</strong></span> <span class='ocrx_word' id='word_1_926' title='bbox 2778 5291 2825 5332; x_wconf 88' lang='lat' dir='ltr'><strong>et</strong></span> <span class='ocrx_word' id='word_1_927' title='bbox 2854 5280 3027 5334; x_wconf 83' lang='lat' dir='ltr'><strong>cultus</strong></span> <span class='ocrx_word' id='word_1_928' title='bbox 3056 5288 3135 5349; x_wconf 82' lang='lat' dir='ltr'><strong>(ut</strong></span> <span class='ocrx_word' id='word_1_929' title='bbox 3185 5282 3458 5332; x_wconf 76' lang='lat' dir='ltr'><strong>maximus</strong></span> <span class='ocrx_word' id='word_1_930' title='bbox 3512 5278 3554 5331; x_wconf 86' lang='grc' dir='ltr'><em>Τ</em></span> <span class='ocrx_word' id='word_1_931' title='bbox 3557 5280 3676 5349; x_wconf 72' lang='lat' dir='ltr'><strong>lico—</strong></span> 
     </span>
    </p>
   </div>
   <div class='ocr_carea' id='block_1_130' title="bbox 2097 5346 3676 5420">
    <p class='ocr_par' dir='ltr' id='par_1_130' title="bbox 2097 5346 3676 5420">
     <span class='ocr_line' id='line_1_132' title="bbox 2097 5346 3676 5420; baseline -0.003 -17"><span class='ocrx_word' id='word_1_932' title='bbox 2097 5346 2246 5419; x_wconf 77' lang='lat' dir='ltr'><strong>logus</strong></span> <span class='ocrx_word' id='word_1_933' title='bbox 2280 5351 2565 5420; x_wconf 82' lang='lat' dir='ltr'><strong>Gregorius</strong></span> <span class='ocrx_word' id='word_1_934' title='bbox 2599 5351 2696 5417; x_wconf 86' lang='lat' dir='ltr'><strong>ait)</strong></span> <span class='ocrx_word' id='word_1_935' title='bbox 2719 5349 2851 5403; x_wconf 83' lang='lat' dir='ltr'><strong>ca&#39;lo</strong></span> <span class='ocrx_word' id='word_1_936' title='bbox 2877 5346 3273 5417; x_wconf 83' lang='lat' dir='ltr'><strong>circumscripta</strong></span> <span class='ocrx_word' id='word_1_937' title='bbox 3298 5360 3459 5411; x_wconf 86' lang='lat' dir='ltr'><strong>esset,</strong></span> <span class='ocrx_word' id='word_1_938' title='bbox 3481 5348 3573 5401; x_wconf 85' lang='lat' dir='ltr'><strong>sed</strong></span> <span class='ocrx_word' id='word_1_939' title='bbox 3594 5346 3676 5414; x_wconf 81' lang='lat' dir='ltr'><strong>fo-</strong></span> 
     </span>
    </p>
   </div>
   <div class='ocr_carea' id='block_1_131' title="bbox 2096 5420 3674 5486">
    <p class='ocr_par' dir='ltr' id='par_1_131' title="bbox 2096 5420 3674 5486">
     <span class='ocr_line' id='line_1_133' title="bbox 2096 5420 3674 5486; baseline -0.003 -13"><span class='ocrx_word' id='word_1_940' title='bbox 2096 5430 2210 5473; x_wconf 88' lang='lat' dir='ltr'><strong>rent</strong></span> <span class='ocrx_word' id='word_1_941' title='bbox 2240 5437 2343 5474; x_wconf 86' lang='lat' dir='ltr'><strong>nan</strong></span> <span class='ocrx_word' id='word_1_942' title='bbox 2372 5423 2544 5474; x_wconf 84' lang='lat' dir='ltr'><strong>minus</strong></span> <span class='ocrx_word' id='word_1_943' title='bbox 2575 5422 2885 5474; x_wconf 83' lang='lat' dir='ltr'><strong>adoratores</strong></span> <span class='ocrx_word' id='word_1_944' title='bbox 2916 5424 2969 5472; x_wconf 84' lang='lat' dir='ltr'><strong>in</strong></span> <span class='ocrx_word' id='word_1_945' title='bbox 3000 5421 3178 5483; x_wconf 84' lang='lat' dir='ltr'><strong>terris,</strong></span> <span class='ocrx_word' id='word_1_946' title='bbox 3211 5426 3269 5470; x_wconf 85' lang='lat' dir='ltr'><strong>ut</strong></span> <span class='ocrx_word' id='word_1_947' title='bbox 3305 5422 3488 5472; x_wconf 85' lang='lat' dir='ltr'><strong>omnia</strong></span> <span class='ocrx_word' id='word_1_948' title='bbox 3519 5420 3674 5486; x_wconf 78' lang='lat' dir='ltr'><strong>plena</strong></span> 
     </span>
    </p>
   </div>
   <div class='ocr_carea' id='block_1_132' title="bbox 2094 5486 3671 5559">
    <p class='ocr_par' dir='ltr' id='par_1_132' title="bbox 2094 5486 3671 5559">
     <span class='ocr_line' id='line_1_134' title="bbox 2094 5486 3671 5559; baseline -0.003 -15"><span class='ocrx_word' id='word_1_949' title='bbox 2094 5502 2263 5544; x_wconf 84' lang='lat' dir='ltr'><strong>essent</strong></span> <span class='ocrx_word' id='word_1_950' title='bbox 2283 5492 2451 5559; x_wconf 83' lang='lat' dir='ltr'><strong>gloria</strong></span> <span class='ocrx_word' id='word_1_951' title='bbox 2483 5491 2599 5544; x_wconf 85' lang='lat' dir='ltr'><strong>Dei.</strong></span> <span class='ocrx_word' id='word_1_952' title='bbox 2628 5491 2751 5544; x_wconf 75' lang='lat' dir='ltr'><strong>llaec</strong></span> <span class='ocrx_word' id='word_1_953' title='bbox 2782 5491 2822 5545; x_wconf 85' lang='grc' dir='ltr'>Τ</span> <span class='ocrx_word' id='word_1_954' title='bbox 2829 5491 3027 5559; x_wconf 88' lang='lat' dir='ltr'><strong>heoph.</strong></span> <span class='ocrx_word' id='word_1_955' title='bbox 3047 5488 3252 5559; x_wconf 65' lang='lat' dir='ltr'><strong>Nicaea.</strong></span> <span class='ocrx_word' id='word_1_956' title='bbox 3281 5486 3463 5541; x_wconf 85' lang='lat' dir='ltr'><strong>Locus</strong></span> <span class='ocrx_word' id='word_1_957' title='bbox 3492 5499 3671 5540; x_wconf 85' lang='lat' dir='ltr'><strong>autem</strong></span> 
     </span>
    </p>
   </div>
   <div class='ocr_carea' id='block_1_133' title="bbox 2092 5557 3670 5631">
    <p class='ocr_par' dir='ltr' id='par_1_133' title="bbox 2092 5557 3670 5631">
     <span class='ocr_line' id='line_1_135' title="bbox 2092 5557 3670 5631; baseline -0.004 -16"><span class='ocrx_word' id='word_1_958' title='bbox 2092 5560 2256 5631; x_wconf 82' lang='lat' dir='ltr'><strong>Greg.</strong></span> <span class='ocrx_word' id='word_1_959' title='bbox 2277 5557 2410 5614; x_wconf 66' lang='grc' dir='ltr'><strong>ΝΜ.</strong></span> <span class='ocrx_word' id='word_1_960' title='bbox 2437 5570 2520 5614; x_wconf 88' lang='lat' dir='ltr'><strong>est</strong></span> <span class='ocrx_word' id='word_1_961' title='bbox 2549 5576 2613 5631; x_wconf 73' lang='lat' dir='ltr'><strong>ex</strong></span> <span class='ocrx_word' id='word_1_962' title='bbox 2656 5570 2805 5631; x_wconf 65' lang='lat' dir='ltr'><strong>orat.</strong></span> <span class='ocrx_word' id='word_1_963' title='bbox 2868 5557 3014 5615; x_wconf 87' lang='lat' dir='ltr'><strong>dicta</strong></span> <span class='ocrx_word' id='word_1_964' title='bbox 3066 5565 3133 5615; x_wconf 88' lang='lat' dir='ltr'><strong>de</strong></span> <span class='ocrx_word' id='word_1_965' title='bbox 3182 5557 3370 5631; x_wconf 69' lang='lat' dir='ltr'><strong>Nativ.</strong></span> <span class='ocrx_word' id='word_1_966' title='bbox 3420 5559 3670 5631; x_wconf 79' lang='lat' dir='ltr'><strong>idemque</strong></span> 
     </span>
    </p>
   </div>
   <div class='ocr_carea' id='block_1_134' title="bbox 2097 5629 3670 5698">
    <p class='ocr_par' dir='ltr' id='par_1_134' title="bbox 2097 5629 3670 5698">
     <span class='ocr_line' id='line_1_136' title="bbox 2097 5629 3670 5698; baseline -0.004 -13"><span class='ocrx_word' id='word_1_967' title='bbox 2097 5629 2291 5698; x_wconf 81' lang='lat' dir='ltr'><strong>repetit</strong></span> <span class='ocrx_word' id='word_1_968' title='bbox 2312 5648 2395 5685; x_wconf 89' lang='lat' dir='ltr'><strong>or.</strong></span> <span class='ocrx_word' id='word_1_969' title='bbox 2428 5632 2462 5685; x_wconf 80' lang='grc'>5</span> <span class='ocrx_word' id='word_1_970' title='bbox 2486 5635 2550 5684; x_wconf 87' lang='lat' dir='ltr'><strong>de</strong></span> <span class='ocrx_word' id='word_1_971' title='bbox 2573 5630 2630 5686; x_wconf 87' lang='lat' dir='ltr'><strong>S.</strong></span> <span class='ocrx_word' id='word_1_972' title='bbox 2650 5629 2879 5696; x_wconf 84' lang='lat' dir='ltr'><strong>Pascha,</strong></span> <span class='ocrx_word' id='word_1_973' title='bbox 2900 5639 2959 5685; x_wconf 85' lang='lat' dir='ltr'><strong>et</strong></span> <span class='ocrx_word' id='word_1_974' title='bbox 2989 5632 3041 5685; x_wconf 90' lang='lat' dir='ltr'><strong>in</strong></span> <span class='ocrx_word' id='word_1_975' title='bbox 3065 5644 3235 5684; x_wconf 85' lang='lat' dir='ltr'><strong>carm.</strong></span> <span class='ocrx_word' id='word_1_976' title='bbox 3254 5632 3324 5682; x_wconf 88' lang='lat' dir='ltr'><strong>de</strong></span> <span class='ocrx_word' id='word_1_977' title='bbox 3340 5629 3670 5694; x_wconf 84' lang='lat' dir='ltr'><strong>laud.Virg.:</strong></span> 
     </span>
    </p>
   </div>
   <div class='ocr_carea' id='block_1_135' title="bbox 2096 5698 3672 5771">
    <p class='ocr_par' dir='ltr' id='par_1_135' title="bbox 2096 5698 3672 5771">
     <span class='ocr_line' id='line_1_137' title="bbox 2096 5698 3672 5771; baseline -0.003 -18"><span class='ocrx_word' id='word_1_978' title='bbox 2096 5702 2138 5753; x_wconf 83' lang='grc' dir='ltr'><strong>Τ</strong></span> <span class='ocrx_word' id='word_1_979' title='bbox 2143 5702 2446 5771; x_wconf 70' lang='grc' dir='ltr'>ερπόμενὸν</span> <span class='ocrx_word' id='word_1_980' title='bbox 2478 5700 2521 5751; x_wconf 85' lang='grc' dir='ltr'>τ’</span> <span class='ocrx_word' id='word_1_981' title='bbox 2548 5701 2789 5770; x_wconf 77' lang='grc' dir='ltr'>ἐργοισ.ν</span> <span class='ocrx_word' id='word_1_982' title='bbox 2824 5703 3000 5771; x_wconf 81' lang='grc' dir='ltr'>ἐμοῖς,</span> <span class='ocrx_word' id='word_1_983' title='bbox 3035 5703 3128 5753; x_wconf 72' lang='grc' dir='ltr'>καὶ</span> <span class='ocrx_word' id='word_1_984' title='bbox 3158 5701 3436 5771; x_wconf 77' lang='grc' dir='ltr'>ἐχέφρο.α</span> <span class='ocrx_word' id='word_1_985' title='bbox 3460 5698 3672 5771; x_wconf 75' lang='grc' dir='ltr'>μύστην</span> 
     </span>
    </p>
   </div>
   <div class='ocr_carea' id='block_1_136' title="bbox 2096 5768 3669 5843">
    <p class='ocr_par' dir='ltr' id='par_1_136' title="bbox 2096 5768 3669 5843">
     <span class='ocr_line' id='line_1_138' title="bbox 2096 5768 3669 5843; baseline -0.004 -16"><span class='ocrx_word' id='word_1_986' title='bbox 2096 5768 2397 5843; x_wconf 70' lang='grc' dir='ltr'>Οὐρανίων,</span> <span class='ocrx_word' id='word_1_987' title='bbox 2433 5768 2663 5843; x_wconf 77' lang='grc' dir='ltr'>χθονίων</span> <span class='ocrx_word' id='word_1_988' title='bbox 2690 5787 2746 5825; x_wconf 83' lang='grc' dir='ltr'><strong>τε</strong></span> <span class='ocrx_word' id='word_1_989' title='bbox 2785 5768 2927 5842; x_wconf 72' lang='grc' dir='ltr'>μέγα</span> <span class='ocrx_word' id='word_1_990' title='bbox 2955 5768 3443 5843; x_wconf 63' lang='grc' dir='ltr'>κράτος,’ᾶγγελον</span> <span class='ocrx_word' id='word_1_991' title='bbox 3490 5768 3669 5824; x_wconf 72' lang='grc' dir='ltr'>ἄλλον.</span> 
     </span>
    </p>
   </div>
  </div>
