4024 6408
407 423 524 497 499

1608 438 2103 505 THEOPHANIS
2138 442 2482 504 CERAMEI

3588 447 3699 512 5ὓο

417 564 613 620 gruum
660 557 824 606 esset.
872 550 1026 618 Quod
1075 551 1240 623 igitur
1293 552 1672 611 sull'arcinavit
1719 557 2001 628 ingluvies,

2111 558 2260 630 σῆμα
2296 557 2356 613 τὺ
2401 559 2562 630 σῶμα
2604 558 2951 627 καλέσαντες.
2984 560 3151 618 Ὅσον
3191 563 3286 619 οὖν
3326 564 3590 637 παχύνεις
3627 568 3692 623 τὸ

416 642 627 712 jejunio
680 651 1053 700 extenuemus.
1105 645 1261 701 Nunc
1302 646 1448 703 enim
1479 651 1627 701 velut
1671 649 1727 702 in
1780 664 2004 705 carcere

420 735 639 789 animus
669 744 975 800 coercetur,
1021 737 1161 791 sicut
1189 738 1354 793 etiam
1387 754 1453 793 ex
1489 741 1733 795 externis
1769 740 2004 811 philoso-

419 825 541 892 phis
571 825 683 894 (60)
718 827 935 896 quidam
967 828 1370 897 existimarunt,
1400 832 1491 900 qui
1522 846 1722 902 corpus
1755 841 1999 897 antrum,

415 916 501 971 vel
530 916 866 986 speluncam.
891 918 974 971 vel
998 920 1308 989 sepulcrum
1326 922 1756 989 appellaverunt.
1782 923 1997 990 Quanto

417 1006 585 1076 igitur
641 1022 840 1078 corpus
897 1010 1033 1065 cibis
1094 1013 1264 1082 magis
1316 1012 1559 1078 infercis,
1617 1024 1766 1071 tanto
1827 1016 1999 1089 magis

415 1099 721 1154 communis
747 1114 1025 1157 carcerem
1059 1103 1195 1174 (Gl).
1220 1114 1273 1160 et
1309 1106 1599 1176 compedes
1620 1106 1998 1166 vehementius

415 1190 790 1263 astringis,'et
819 1194 1061 1249 animum
1093 1197 1246 1266 quasi
1273 1213 1425 1252 reum
1466 1199 1519 1253 in
1545 1198 1777 1255 vinculis
1803 1199 1996 1256 deten-

417 1300 531 1345 tum
559 1292 818 1362 deprimis
853 1293 1065 1365 magis;
1104 1297 1150 1352 si
1179 1311 1311 1352 vero
1335 1297 1544 1368 jejunio
1567 1297 1696 1354 illud
1723 1308 1996 1366 attenuas,

417 1383 560 1438 alam
597 1385 799 1441 animae
844 1388 1150 1458 expeditam
1208 1388 1409 1454 reddis,
1442 1400 1496 1444 et
1541 1388 1716 1446 levior
1759 1389 1905 1446 facta
1933 1390 1999 1446 ad

418 1478 588 1533 Deum
618 1477 901 1534 attollitur.
944 1480 1172 1548 Quando
1195 1480 1362 1552 igitur
1401 1482 1502 1537 hoc
1531 1498 1559 1536 a
1593 1481 1750 1539 nobis
1775 1484 1999 1548 rectius,

416 1585 581 1640 quam
606 1572 658 1626 in
688 1574 938 1641 prasenti
970 1582 1216 1644 tempore
1241 1576 1568 1643 praestetur?
1600 1577 1708 1633 Sed
1742 1577 2001 1647 quoniam

339 1680 346 1685 ⁴
420 1662 474 1714 in
508 1661 650 1717 hanc
687 1665 1014 1720 mentionem
1045 1665 1162 1735 ipsa
1193 1681 1295 1722 nos
1326 1667 1551 1725 deduxit
1579 1668 1779 1736 oratio,
1806 1670 2005 1743 exqui-

2108 651 2270 722 σῶμα
2297 651 2385 707 διὰ
2412 652 2740 723 βρωμάτων,
2773 656 3124 728 ἰσχυρότερον
3150 657 3362 731 ἐργάζῃ
3388 660 3451 712 τὸ
3476 658 3695 729 δεσμω-

2090 743 2314 814 “τήριον,
2343 745 2438 799 καὶ
2466 745 2563 809 τὰς
2598 746 2765 811 πέδας
2799 749 3185 818 συνέσφιγξας.
3220 752 3317 804 καὶ
3346 752 3447 822 τὴν
3476 751 3694 823 δεσμώ-

2104 851 2205 904 την
2243 834 2423 905 ψυχὴν
2466 835 2859 901 ὲταπείνωσας.
2888 840 2986 891 Ἂν
3028 840 3085 892 δὲ
3135 839 3408 912 λεπτύνῃς
3449 842 3585 896 αὐτὸ
3624 845 3695 914 τῇ

2102 926 2357 998 νηστείᾳ,
2389 926 2773 1001 ὴλευθέρωσας
2806 930 2978 1001 αὐτῆς
3006 932 3067 986 τὸ
3098 932 3333 1002 πτερὸν,
3366 934 3464 988 καὶ
3495 951 3695 1003 κουφι-

2102 1016 2293 1072 σθεῖσα
2323 1018 2541 1091 αἴρεται
2561 1019 2697 1090 πρὸς
2721 1020 2875 1075 Θεόν.
2897 1024 3033 1077 Πότε
3054 1024 3187 1092 γοῦν
3211 1025 3348 1095 ἡμῖν
3372 1025 3532 1079 τοῦτο
3558 1043 3694 1079 κατ-

2097 1108 2341 1180 οροωθῇ,
2376 1112 2426 1164 εἰ
2463 1111 2540 1182 μὴ
2573 1112 2631 1166 ὲν
2664 1111 2744 1182 τῷ
2782 1113 3014 1182 παρόντι
3051 1115 3269 1187 κατρῷ;
3306 1115 3449 1169 Ἀλλ’
3498 1117 3694 1190 ἐπειδὴ
3736 1121 3745 1131 ’

2101 1201 2238 1274 πρὸς
2267 1202 2424 1257 τοῦτο
2457 1203 2639 1275 φέρων
2665 1206 2816 1276 ἡμᾶς
2847 1208 2877 1260 ὁ
2906 1205 3066 1275 λόγος
3097 1207 3465 1280 κατήντησεν,
3500 1209 3694 1276 ἐξετάα

2102 1310 2317 1364 σωμεν,
2347 1296 2490 1351 διατι
2525 1297 2934 1368 τεσσαράκοντα
2973 1299 3191 1371 ἡμέρας
3225 1301 3511 1372 νηστεύειν
3543 1303 3696 1373 ἡμᾶς

2100 1388 2150 1442 ol
2182 1388 2429 1461 Πατέρες
2460 1390 2898 1462 ἐνομοθέτησαν,
2932 1392 3027 1446 καὶ
3057 1391 3110 1447 τί
3139 1392 3202 1446 τὸ
3236 1392 3328 1448 διὰ
3354 1394 3562 1449 τούτων
3592 1395 3694 1466 6n-

2100 1477 2395 1550 λούμενον;
2425 1480 2580 1535 Διατί
2608 1481 2667 1536 δὲ
2697 1481 2797 1536 οὐκ
2825 1484 2884 1536 ὲν
2910 1482 3058 1554 ἄλλῳ
3087 1483 3266 1555 καιρῷ
3291 1483 3386 1538 τοῦ
3418 1484 3694 1548 ἐνιαυτοῦ,

2102 1577 2242 1632 ἀλλὰ
2278 1577 2421 1633 κατὰ
2445 1578 2546 1643 τὰς
2582 1579 2807 1651 ὲαρινὰς
2836 1578 3049 1650 τροπὰς
3077 1577 3236 1633 τοῦτο
3270 1582 3448 1633 ποιεῖν
3474 1576 3699 1633 κελευό-

2108 1672 2284 1743 μεθα;

418 1769 625 1822 ramus,
656 1757 784 1827 quid
822 1771 1000 1814 causae
1026 1756 1213 1824 fuerit,
1244 1774 1344 1815 cur
1368 1761 1725 1833 quadraginta
1761 1762 1973 1818 dierum
2008 1763 2275 1835 jejunium
2303 1767 2574 1822 sancitum
2602 1768 2674 1823 sit
2702 1782 2734 1822 a
2756 1766 3013 1824 Patribus
3041 1767 3180 1842 (62),
3205 1778 3260 1825 et
3289 1769 3420 1839 quid
3448 1781 3549 1839 per
3574 1765 3700 1821 illos

415 1850 778 1921 signiﬁcatum
800 1871 816 1921 ;

417 1965 543 2006 mur
579 1949 683 2007 hoc
715 1950 912 2008 facere.

899 1862 1012 1911 tum
1082 1854 1248 1912 etiam
1314 1869 1483 1924 quare
1523 1871 1631 1913 non
1678 1855 1788 1913 alio
1833 1858 1962 1913 anni
2007 1868 2269 1931 tempore,
2316 1861 2479 1933 153
2503 1875 2666 1932 quam
2727 1860 2873 1917 circa
2932 1877 3165 1918 vernum
3185 1860 3476 1920 solstitium
3495 1859 3699 1929 jubea-

489 2044 637 2103 Sane
669 2046 738 2103 ab
765 2047 1008 2104 externis
1036 2047 1393 2118 sapientibus,
1417 2059 1473 2105 et
1495 2065 1525 2105 a
1562 2051 1764 2108 nostris
1794 2066 1999 2109 oarvus

2178 2051 2411 2121 Λέγεται
2444 2050 2598 2122 παρά
2623 2068 2685 2105 τι
2709 2050 2820 2105 τῶν
2845 2049 3116 2120 Θύραθεν.
3144 2049 3379 2106 καὶτῶν
3404 2050 3696 2123 ἡμετέρων

1651 2213 1978 2278 Francisci
2018 2215 2230 2281 Scorsi
2260 2219 2454 2278 notae.

417 2333 555 2417 porl.
594 2332 839 2417 glorioso
890 2337 1341 2417 intelligendum,
1418 2356 1553 2417 non_
1581 2349 1642 2397 ut
1695 2340 1997 2417 Entyrhius

416 2404 737 2489 patriarcha.
768 2404 1189 2489 constantinop:
1226 2404 1473 2480 tempore
1512 2411 1769 2489 Gregorii
1792 2404 1996 2489 stagni,

417 2489 528 2552 quo
569 2479 865 2552 convictus
934 2479 1214 2552 revocavit
1266 2479 1547 2546 errorem,
1603 2479 1659 2536 et
1732 2479 1998 2552 Origenes

416 2546 769 2622 existimasse
798 2548 1024 2622 dicitur.
1057 2550 1149 2619 qui
1176 2552 1461 2619 spirituale
1486 2568 1687 2622 corpus
1718 2546 1993 2622 interpre-

418 2625 588 2681 tatur,
615 2615 767 2739 (quod
797 2618 851 2673 in
885 2615 1162 2687 spiritum.
1199 2615 1296 2677 aut
1336 2622 1392 2677 in
1436 2615 1635 2691 corpus
1678 2615 1886 2678 acrium
1921 2625 1994 2679 sit

418 2694 608 2739 verten
651 2702 775 2739 um:
827 2703 989 2739 (mem
1053 2705 1300 2739 errorem
1367 2694 1670 2739 cavendum
1732 2694 1991 2739 admonet

415 2694 775 2759 vertendum;
827 2703 1300 2759 quenterrorem
1367 2694 1671 2748 cavendum
1732 2694 1991 2749 admonet

426 2755 866 2832 Tlteophvlactus
915 2759 966 2832 in
996 2758 1144 2832 illum
1172 2762 1371 2827 locum,
1415 2770 1471 2817 et
1503 2771 1726 2819 sanctus
1756 2764 1994 2832 Cyrillns

423 2824 898 2903 videtnrinnuere
928 2829 983 2903 in
1014 2829 1278 2887 Joannem
1303 2824 1423 2903 cap.
1459 2832 1559 2888 lib.
1599 2849 1698 2895 χιι,
1729 2824 1850 2902 cap.
1881 2833 1950 2889 57
1976 2851 1991 2889 :

422 2890 552 2950 Non
588 2898 759 2972 enim,
808 2899 1010 2972 inquit,
1062 2903 1330 2971 apparitio
1373 2890 1619 2972 quaedam
1665 2890 1999 2972 erat-falsa,

420 2966 735 3043 neclmtbra
782 2971 863 3025 ad
886 2966 1186 3026 humanam
1219 2966 1442 3042 conﬁcta
1492 2974 1743 3043 ﬁguram,
1787 2966 2001 3028 utnon;

420 3035 561 3092 nulli
593 3037 926 3114 dicuntanec
967 3043 1243 3108 spirituale
1284 3035 1554 3109 quoddam
1581 3060 1793 3114 corpus,
1830 3045 1887 3096 id
1917 3053 1997 3098 est

420 3116 594 3181 tenue,
624 3120 677 3181 et
716 3112 940 3173 aerium,
969 3122 1016 3166 et
1053 3114 1202 3167 aliud
1229 3126 1419 3181 praeter
1463 3112 1698 3178 carnem,
1740 3125 1796 3168 ut
1842 3115 2000 3168 multi

419 3177 663 3254 spiritale
711 3196 900 3254 corpus
945 3183 1172 3254 intelligi
1221 3177 1565 3254 contendunt.
1603 3177 1773 3238 Vides
1829 3184 1998 3252 igitur

2103 2345 2263 2398 mori.
2289 2340 2421 2397 Haec
2447 2341 2807 2411 Augustinus,
2830 2355 2896 2397 ex
2929 2341 3130 2408 quibus
3150 2344 3315 2397 etiam
3344 2341 3516 2399 habes
3539 2344 3690 2402 viam

2101 2417 2308 2484 regiam
2343 2421 2400 2468 et
2435 2420 2629 2477 tutam,
2657 2427 2765 2482 qua
2802 2412 3161 2484 incedendum
3197 2413 3251 2466 in
3285 2413 3502 2484 haere;
3555 2430 3685 2470 nam

2097 2482 2243 2552 quod
2271 2483 2493 2538 damnat
2526 2485 2822 2538 concilium
2856 2482 3117 2551 Carthag.
3145 2497 3357 2538 canone
3388 2482 3481 2538 illo
3511 2500 3681 2553 supra

2095 2553 2289 2618 relato,
2327 2553 2380 2608 id
2406 2561 2530 2623 est,
2579 2556 2721 2621 quod
2756 2554 2920 2607 homo
2957 2553 3174 2623 etiamsi
3214 2568 3319 2607 non
3374 2566 3683 2623 peccasset,

2092 2625 2393 2679 moriturus
2416 2621 2607 2677 fuisset
2626 2638 2721 2692 per
2738 2622 3155 2678 distractionem
3179 2623 3346 2677 animi
3372 2621 3400 2677 ἐι
3425 2637 3684 2692 corpore,

2092 2709 2217 2750 cum
2259 2704 2437 2748 tamen
2482 2693 2627 2747 dicat
2657 2702 2879 2749 sanctus
2898 2693 3250 2760 Augustinus,
3284 2708 3404 2747 eum
3441 2696 3681 2760 quandiu

2092 2780 2202 2820 non
2225 2773 2497 2834 peccaret,
2518 2761 2783 2829 futurum,
2805 2772 2864 2817 ut
2885 2761 3293 2834 immortalitate
3309 2762 3512 2832 vigeret
3534 2781 3549 2826 ;
3570 2780 3683 2820 rte-

2101 2832 2280 2889 ternm
2322 2849 2431 2887 non
2480 2843 2564 2888 est
2621 2834 2970 2889 asserendum
3026 2832 3166 2886 hanc
3208 2833 3680 2889 immortalitatem

2101 2903 2271 2959 fuisse
2321 2904 2536 2963 corpori
2590 2904 2893 2958 naturalem
2951 2902 3477 2974 veliessentialem;
3530 2905 3679 2974 quod

2099 2974 2249 3043 enim
2285 2974 2363 3028 ait
2392 2974 2631 3028 Zonaras
2661 2974 2780 3028 loco
2826 2987 2991 3043 supra
3022 2973 3215 3034 citato,
3273 2989 3382 3028 non
3432 2972 3676 3029 futurum

2100 3042 2266 3099 fuisse
2298 3044 2571 3099 hominem
2599 3053 2796 3098 natura
2841 3042 3147 3104 mortalem.
3183 3043 3562 3109 explicandum
3591 3053 3680 3100 est

2098 3115 2166 3169 de
2216 3115 2452 3170 naturali
2501 3114 2850 3178 necessitate,
2901 3127 3066 3181 quam
3098 3115 3417 3167 asserebant
3455 3113 3491 3166 ii
3536 3129 3679 3181 quos

2096 3185 2387 3238 concilium
2422 3183 2698 3250 reprobat,
2726 3185 2880 3251 cujus
2906 3197 3171 3238 canonem
3206 3183 3277 3237 ibi
3302 3183 3542 3251 explicat
3571 3184 3681 3239 Zo-

421 3256 483 3302 nt
508 3248 1188 3328 s_it_medialincedendtim
1234 3253 1340 3328 via,
1385 3264 1438 3308 et
1467 3248 1993 3328 verha_sano_sEns_u
2024 3267 2070 3328 ο
2103 3248 2683 3328 ηιςειεςίβοιιιίζ-θηίιη
2719 3248 2807 3307 illa
2862 3252 3112 3328 impediri
3161 3248 3426 3328 beneflcio
3465 3252 3679 3328 Condi-

424 3318 766 3386 accipieuda.
819 3320 875 3376 Si
930 3323 1192 3390 spiritale,
1254 3323 1392 3386 leve,
1457 3332 1514 3377 et
1547 3324 1755 3378 aerium
1786 3323 1991 3378 dixeris

422 3401 645 3458 corpus,
683 3391 842 3460 quasi
894 3394 967 3446 sit
1014 3408 1082 3447 ex
1128 3394 1273 3449 aeris
1321 3394 1620 3448 substantia
1672 3392 1989 3455 conflatum,

423 3460 752 3533 erraveris;
781 3472 836 3515 et
874 3468 1055 3516 tamen
1110 3463 1300 3518 eadem
1343 3463 1504 3517 verba
1559 3475 1841 3533 usurpant,
1898 3464 1993 3531 qui

422 3536 574 3585 recte
616 3531 878 3594 sentiunt,
919 3548 1041 3588 cum
1074 3534 1246 3597 aiunt,
1280 3533 1525 3599 spiritale
1572 3531 1708 3600 leve,
1741 3542 1797 3587 et
1832 3544 1996 3589 tenue

423 3600 974 3673 aeriumgetsuhtile
1004 3603 1270 3657 lnturum.
1311 3601 1415 3657 Sed
1460 3620 1566 3658 non
1618 3618 1838 3673 semper
1870 3612 1997 3659 sunt

424 3670 480 3722 in
510 3670 662 3727 omni
719 3672 897 3742 rigore
928 3674 1097 3729 verba
1146 3673 1484 3741 accipienda,
1534 3675 1624 3729 ubi
1684 3670 1754 3728 de
1809 3673 1900 3742 pio
1942 3681 1999 3730 et

425 3755 565 3814 sano
598 3756 764 3814 sensu
786 3742 1114 3814 scriptorum
1147 3753 1396 3809 constat;
1435 3745 1576 3812 quod
1601 3743 1837 3814 quadam
1866 3758 1996 3813 pro-

423 3812 678 3879 portione
714 3813 781 3868 de
810 3812 1043 3882 corpore
1089 3815 1244 3883 primi
1298 3814 1532 3871 hominis
1588 3812 1996 3884 intelligendum

423 3889 535 3945 est,
582 3897 702 3937 cum
740 3884 872 3938 illud
924 3884 1231 3953 spirituale,
1263 3884 1369 3947 vel,
1403 3896 1463 3938 ut
1508 3894 1692 3940 noster
1729 3884 1994 3951 loquitur,

423 3965 644 4018 purum,
684 3953 905 4012 subtile.
954 3963 1011 4009 et
1063 3958 1268 4009 aerium
1319 3955 1557 4009 dicunt:
1594 3970 1718 4010 cum
1761 3953 1997 4023 quadam

422 4025 777 4090 proportione
807 4024 947 4089 dixi;
989 4041 1113 4081 nam
1152 4034 1276 4094 post
1310 4026 1768 4081 resurreetionem
1802 4039 2000 4092 corpus

423 4095 712 4163 praeditum
743 4095 852 4149 erit
883 4094 1103 4150 dotibus
1150 4094 1359 4163 gloria),
1394 4110 1517 4163 quae
1566 4094 1699 4150 illud
1726 4096 1835 4148 tale
1872 4094 1999 4148 red-

426 4162 581 4224 dant,
616 4172 673 4217 at
700 4179 835 4235 vero
878 4172 1006 4219 ante
1053 4162 1333 4233 peccatum
1376 4162 1520 4219 idem
1552 4180 1751 4235 corpus
1791 4179 1896 4218 non
1933 4164 2001 4219 iis

427 4242 682 4305 ornatum
709 4232 948 4305 dotibus.
976 4232 1073 4290 sed
1101 4247 1249 4290 certe
1272 4235 1568 4305 perfectam
1599 4232 1998 4305 subjectionem

428 4301 669 4375 habebat
713 4304 979 4375 benefit-io
1036 4306 1226 4375 gratiae
1268 4301 1324 4361 et
1362 4306 1585 4374 justitia:
1614 4301 1922 4374 originalis,
1949 4312 2006 4357 et

428 4374 1001 4442 incorruptibilitatem
1023 4374 1078 4431 et
1097 4376 1587 4442 immortalitatem;
1606 4390 1727 4444 qua:
1744 4375 1797 4429 in
1814 4390 1880 4428 eo
1899 4374 2002 4427 sita

429 4453 683 4515 censetur
713 4460 743 4498 a
782 4444 844 4501 Ι).
865 4445 1103 4501 Thomas
1126 4449 1179 4515 β.
1206 4464 1245 4509 t,
1270 4456 1463 4515 quaest.
1478 4446 1567 4512 97,
1589 4452 1693 4499 art.
1719 4446 1807 4509 ll,
1827 4453 2004 4498 utnon

429 4512 638 4581 habere,
657 4515 735 4570 vel
752 4529 921 4583 posset
945 4512 1219 4587 prohibere
1236 4512 1530 4585 passionem
1558 4516 1894 4579 alterantem,
1910 4529 2004 4567 seu

428 4595 776 4640 remanentem
793 4604 824 4639 a
849 4589 1082 4642 naturali
1107 4588 1465 4656 dispositione,
1488 4587 1623 4641 sicut
1669 4597 1717 4639 et
1742 4597 1964 4656 mortem
1984 4599 2004 4638 :

429 4658 575 4725 quod
601 4671 671 4711 an
700 4672 794 4725 per
818 4659 1056 4727 aliquam
1082 4654 1334 4713 virtutem
1360 4656 1769 4726 superatlditam
1792 4670 1890 4720 pro
1915 4654 2006 4708 illo

429 4734 601 4797 ειτιιιι,
621 4741 685 4782 ac
716 4739 905 4797 postea
934 4729 1279 4793 ablatam,an
1308 4744 1377 4784 ex
1409 4727 1715 4782 extrinseca
1746 4728 2017 4797 guberna-

390 4825 397 4829 -
432 4794 581 4867 tione
604 4794 774 4867 ipsius
815 4799 1053 4854 hominis
1081 4799 1419 4853 efﬁciendum
1440 4809 1606 4862 esset,
1625 4797 1901 4864 disputant
1925 4794 2019 4849 Pe-

430 4865 698 4938 rerius‘et
722 4869 1169 4938 theologicazteri
1194 4907 1210 4933 ,
1240 4884 1375 4937 quos
1404 4868 1525 4921 vide
1556 4867 1701 4936 apud
1727 4867 1929 4938 ipsum.
1959 4875 2014 4920 81

435 4935 496 5010 ξ.
517 4934 712 5010 Thom.
741 4934 937 5010 quaest.
962 4936 1073 5007 jam
1110 4934 1276 5010 dicta,
1308 4934 1891 5010 ubi__locus'A_ugustini
1923 4950 2009 5010 reg

432 5006 607 5060 fertur
631 5009 683 5062 in
717 5005 809 5065 lib.
836 5010 912 5063 De
938 5005 1124 5080 quiest.
1155 5007 1289 5064 Novi
1315 5020 1363 5063 et
1397 5007 1599 5080 Veteris
1632 5005 1898 5080 Testari».
1920 5005 2011 5075 qui

432 5092 549 5149 rem
574 5092 789 5133 omnem
815 5077 1029 5149 peniius
1053 5081 1291 5149 erpetlit;
1313 5081 1404 5132 sed
1437 5088 1490 5131 et
1524 5079 1625 5132 huc
1649 5077 2010 5149 transcribam

434 5147 625 5220 alium,
648 5152 739 5220 qui
772 5147 878 5205 non
913 5151 1091 5205 minus
1114 5147 1297 5219 aperte
1331 5165 1441 5203 rem
1469 5148 1710 5220 declarat
1732 5161 1797 5201 ex
1829 5147 1924 5201 lib.
1957 5161 2011 5201 Vl

438 5218 513 5290 De
538 5218 680 5276 Gen.w
705 5221 775 5274 ad
818 5222 1047 5274 litteram
1073 5262 1088 5285 ,
1126 5218 1214 5274 ubi
1249 5224 1357 5290 agit
1391 5221 1456 5275 de
1501 5219 1690 5290 Adami
1737 5231 1965 5290 corpore
1993 5233 2008 5272 :

436 5288 586 5362 Illud
630 5292 818 5362 quippe
852 5300 976 5345 ante
1021 5287 1331 5359 peccatum,
1384 5302 1430 5344 et
1462 5288 1683 5362 mortale
1722 5287 2011 5362 secundum

436 5359 723 5426 aliatu,’et
759 5359 1069 5415 importata
1115 5362 1403 5414 secundum
1454 5361 1617 5413 aliaat
1653 5374 1874 5412 causam
1904 5359 2010 5412 dici

432 5442 681 5500 poterat;
742 5433 796 5485 id
848 5440 924 5486 est
986 5431 1228 5495 mortale,
1272 5434 1396 5502 quia
1426 5440 1631 5502 poterat
1679 5430 1850 5502 mori;
1906 5431 2009 5482 im-

435 5506 680 5569 mortale,
714 5505 841 5574 quia
869 5512 1073 5571 poterat
1116 5519 1220 5555 non
1246 5501 1427 5574 pmori;
1452 5501 1600 5555 aliud
1629 5510 1703 5574 est
1730 5501 1867 5554 enim
1904 5516 2008 5574 non

435 5590 588 5641 posse
631 5571 811 5639 mori,
878 5574 1013 5626 sicut
1083 5573 1343 5639 quasdam
1391 5586 1614 5627 naturas
1680 5571 2007 5625 immortales

437 5647 628 5700 creavit
660 5645 831 5700 Deus:
856 5644 1006 5697 aliud
1029 5655 1204 5697 autem
1229 5660 1379 5711 posse
1413 5659 1515 5696 non
1543 5644 1700 5701 mori,
1719 5641 2005 5695 secundum

438 5728 589 5781 quem
627 5716 843 5769 modum
892 5715 1093 5778 primus
1124 5724 1329 5768 creatus
1357 5723 1433 5767 est
1483 5713 1635 5765 homo
1666 5711 2003 5772 immortalis,

438 5781 579 5850 quod
619 5785 669 5836 ei
699 5785 1060 5853 praestabatur
1109 5784 1174 5837 de
1216 5785 1357 5853 ligno
1394 5786 1534 5846 vitaz,
1582 5799 1683 5834 non
1714 5783 1778 5833 de
1808 5783 2003 5835 consti-

445 5853 648 5905 tutione
689 5865 922 5918 natura;
954 5871 986 5906 a
1010 5868 1112 5922 quo
1134 5855 1277 5923 ligno
1304 5864 1575 5919 separatus
1604 5864 1699 5915 est,
1730 5866 1846 5904 cum
1882 5867 2002 5919 pec.

449 5932 639 5991 casset,
663 5936 717 5976 ut
752 5934 918 5993 posset
953 5925 1108 5993 mori,
1136 5926 1223 5995 qui
1259 5926 1363 5980 nisi
1387 5935 1666 5996 peccasset,
1693 5934 1861 5989 posset
1902 5940 2003 5978 nou

2102 3324 2237 3378 toris
2266 3320 2289 3377 :7
2306 3324 2552 3379 Mortalis
2594 3325 2738 3378 enim
2769 3332 2908 3388 erat,
2952 3333 3009 3375 ut
3038 3320 3182 3376 idem
3233 3324 3462 3392 August.
3515 3325 3681 3379 habet

2100 3393 2209 3448 alio
2241 3395 2382 3459 loco,
2426 3394 2726 3447 conditione
2765 3393 3004 3462 corporis
3032 3391 3307 3458 animalis,
3350 3393 3677 3449 immortalis

2101 3473 2278 3519 autem
2312 3464 2561 3534 beneﬁcio
2589 3461 2912 3534 Conditoris.
2945 3461 3098 3529 Quod
3131 3472 3311 3517 autem
3345 3462 3482 3534 dixit
3517 3463 3680 3534 Nice-

2104 3542 2186 3588 tas
2218 3532 2584 3590 essentialitcr
2608 3533 2776 3590 fuisse
2806 3534 3032 3587 inditam
3070 3534 3268 3586 bonam
3302 3532 3676 3588 habitudinem

2100 3605 2405 3660 naturalem
2462 3604 2703 3666 homini,
2760 3602 2976 3659 diliicile
3023 3611 3108 3657 est
3166 3603 3478 3671 esplieatu;
3530 3602 3679 3673 quod

2101 3675 2246 3730 enim
2272 3674 2563 3730 essentiale
2589 3682 2696 3739 eet,
2732 3674 2932 3727 mutari
2982 3688 3111 3742 τισιν
3121 3679 3323 3742 potest.

2175 3741 2288 3865 (602
2324 3742 2395 3797 Et
2425 3745 2657 3798 externis
2690 3742 3034 3812 philosophis.
3068 3739 3221 3795 Trita
3248 3751 3333 3796 est
3361 3741 3454 3796 illa
3480 3739 3675 3798 Plato-

2175 3815 2259 3865 ;al
2287 3813 2548 3865 itteratio.
2568 3812 2729 3865 σῶμα.
2758 3814 2891 3865 itqu
2917 3812 3295 3865 cﬁuaxornus
3324 3812 3475 3865 nobis
3497 3815 3675 3865 sepul-

2105 3812 2191 3870 nis
2210 3812 2548 3879 allitteratio,
2568 3812 2729 3882 σῶμα.
2758 3814 2891 3883 ἡμῖν
2917 3812 3091 3881 σῆμα,
3107 3828 3295 3878 corpus
3322 3812 3475 3883 nobis
3497 3815 3682 3882 sepul-

2104 3901 2274 3938 crum.
2308 3886 2485 3953 Atque
2528 3900 2555 3936 a
2591 3881 2818 3936 Socrate
2844 3897 2967 3936 eum
2999 3897 3219 3938 sensum
3248 3882 3417 3936 ebibit
3445 3881 3683 3938 fortasse

2104 3954 2282 4008 Plato.
2310 3954 2405 4007 llle
2444 3955 2590 4008 enim
2625 3953 2900 4007 hominem
2955 3953 3131 4020 ipsum
3176 3953 3415 4005 animam
3462 3953 3683 4008 dicebat

2104 4038 2262 4090 esse;
2307 4038 2503 4091 corpus
2528 4034 2707 4077 autem
2748 4022 2880 4076 nihil
2912 4022 3082 4083 aliud,
3111 4036 3272 4091 quam
3306 4022 3474 4075 animi
3511 4036 3680 4092 orga-

2105 4110 2261 4156 num,
2306 4094 2389 4147 vel
2426 4094 2783 4158 domicilium,
2830 4101 2924 4146 aut
2977 4095 3163 4147 verius
3211 4093 3543 4159 sepulcrum,
3583 4102 3682 4147 aut

2105 4179 2406 4228 carcerem,
2458 4163 2582 4217 inde
2632 4177 2755 4217 cum
2809 4162 3124 4228 emerseris,
3157 4168 3272 4214 tum
3313 4161 3546 4229 denique
3592 4162 3683 4218 sui

2107 4233 2244 4301 juris
2276 4247 2419 4298 esse,
2457 4234 2736 4300 multoque
2774 4248 2939 4301 quant
2998 4244 3156 4287 antea
3213 4229 3424 4285 felicius
3473 4231 3681 4286 vivere.

2160 4320 2225 4358 uc
2253 4303 2419 4358 etiam
2454 4304 2687 4370 pertinet
2734 4302 3002 4371 sententia
3044 4302 3132 4357 illa
3168 4301 3508 4371 Pythagorae,
3556 4317 3684 4371 qua:

2107 4372 2517 4436 circumfertur,
2571 4387 2845 4441 quamque
2910 4370 3077 4427 refert
3137 4372 3195 4426 S.
3255 4371 3488 4425 Basilius
3530 4370 3680 4427 hum.

2109 4443 2189 4498 De
2220 4444 2450 4515 legendis
2483 4443 2761 4513 gentilium
2792 4442 2965 4496 libris.
2991 4441 3086 4497 Ille
3114 4442 3256 4515 enim
3281 4454 3404 4496 cum
3431 4451 3685 4496 cerneret

2110 4512 2398 4579 quemdam
2436 4514 2489 4567 in
2523 4514 2764 4567 curando
2794 4526 3025 4580 corpore
3071 4512 3309 4565 maxime
3357 4521 3627 4565 attentum
3662 4529 3679 4566 :

2113 4583 2235 4638 Non
2260 4584 2478 4648 desinis,
2504 4582 2698 4652 inquit,
2717 4598 2978 4636 carcerem
3009 4583 3104 4636 tibi
3127 4581 3479 4652 molestiorem
3505 4593 3687 4635 strue-

2038 4637 2087 4697 ί)
2116 4637 2217 4710 re?
2268 4637 2477 4709 Seneca
2510 4637 2698 4720 epist/
2728 4651 2816 4716 14,
2853 4666 3052 4720 corpus
3086 4656 3246 4707 Vocat
3295 4651 3593 4713 sarcinam,
3625 4660 3700 4705 et.

2118 4725 2278 4794 epist.
2309 4723 2399 4788 58,
2443 4722 2741 4794 aedificium
2766 4722 3038 4794 putridum
3095 4736 3161 4794 ac
3207 4735 3390 4794 ruens,
3428 4735 3587 4787 quem
3627 4721 3683 4775 in

2120 4789 2296 4850 locum
2324 4794 2449 4849 vide
2492 4803 2673 4847 notam
2721 4789 2930 4860 Lipsii:
2968 4800 3024 4845 et
3071 4792 3231 4859 epist.
3289 4789 3379 4853 88,
3437 4805 3684 4854 caveam,

2118 4866 2260 4921 idem
2311 4865 2452 4934 quod
2495 4874 2679 4918 noster
2722 4863 2940 4934 ᾇντρον.
2985 4863 3311 4917 Plutarchus
3347 4862 3398 4915 in
3429 4860 3686 4934 Conuiuia

2116 4946 2311 5006 septem
2331 4930 2654 5006 sapientum,
2686 4932 2790 5006 alia
2825 4930 3235 5006 comparatione
3265 4946 3418 5006 usus,
3441 4930 3683 5006 animam

2118 4998 2291 5075 inquit
2323 4998 2567 5059 abditam
2616 5018 2738 5060 esse
2766 5003 2818 5055 in
2853 4998 3105 5075 corpore,
3143 5001 3336 5075 ὥςπερ
3362 5002 3421 5075 ὲν
3449 4998 3682 5075 μύλωνῇ

2117 5071 2369 5146 tauquam
2402 5075 2459 5146 in
2505 5075 2768 5142 pistrino;
2813 5082 2879 5146 et
2924 5073 3090 5146 multa
3147 5072 3250 5126 alia
3310 5071 3685 5146 hujusCemodi

2115 5142 2262 5200 dicta
2293 5145 2433 5214 apud
2462 5146 2721 5215 profanos
2753 5142 2916 5197 etiam
2956 5143 3252 5215 scriptorcs
3281 5143 3543 5210 reperies,
3576 5154 3684 5194 non

2116 5218 2274 5271 modo
2303 5212 2442 5283 apud
2465 5212 2659 5270 sacros
2691 5230 2704 5266 :
2737 5228 2857 5282 qua:
2885 5212 3106 5282 collegit
3123 5212 3405 5283 eleganter
3433 5225 3587 5278 teque
3620 5224 3687 5283 ae

2114 5288 2200 5355 pie
2239 5280 2489 5340 Jcremiu:
2528 5280 2765 5338 Drexelli
2814 5297 2973 5353 opus,
3026 5280 3118 5352 qui
3163 5280 3462 5337 Prodamus
3496 5280 3683 5333 mortis

2115 5357 2453 5422 inscribitur,
2485 5370 2605 5424 cap.
2636 5355 2689 5409 l.

2187 5424 2299 5497 (61)
2333 5421 2636 5481 Communis
2668 5423 3032 5497 ca_rcerem.ylu
3061 5424 3161 5497 hac
3188 5422 3461 5497 sententia
3485 5421 3685 5497 desunt

2113 5498 2165 5552 in
2194 5490 2328 5552 Pan.
2364 5499 2478 5551 hinc
2503 5496 2659 5548 εὸσεδν
2684 5492 2778 5549 οὖν
2818 5496 3081 5566 παχύνεις
3111 5493 3172 5547 τὺ
3201 5490 3488 5566 σῶνμαη-Ει
3513 5490 3686 5566 paulo

2113 5569 2253 5624 infra
2276 5567 2362 5622 illa
2382 5567 2447 5620 ἂν
2481 5567 2538 5620 δὲ
2556 5566 2836 5631 λεπτύνεις
2863 5561 2996 5620 alito
3010 5567 3078 5636 τῇ
3103 5561 3333 5636 νηστείά
3353 5561 3687 5632 ,ὲὶευθέρωτη

2113 5656 2213 5705 σας
2271 5638 2441 5707 αὐτῆς
2480 5638 2543 5690 τὸ
2594 5637 2815 5707 πτερόν.
2853 5636 2985 5690 Sine
3040 5635 3240 5706 Quibus
3289 5635 3380 5687 vix
3426 5642 3685 5687 constare

2112 5718 2327 5779 poterat
2354 5723 2549 5779 sensus
2581 5708 2791 5779 integer
2824 5709 3083 5779 auctoris.

2183 5780 2294 5851 (62)
2326 5778 2618 5851 δαηςξίωιι
2654 5773 2993 5833 αῬαιτὶὺιιδ.
3049 5776 3195 5847 Lege
3226 5773 3517 5831 Baronium
3546 5780 3681 5846 tom.

2110 5850 2150 5918 l,
2193 5849 2279 5906 an.
2312 5849 2438 5904 Chr.
2470 5849 2560 5916 57,
2585 5864 2638 5904 η.
2673 5862 2850 5904 cxcw.
3538 5860 3539 5863 ‘
