4024 6414
318 402 416 470 501

1668 416 1999 478 HOMILIA
2039 419 2251 482 XXIV.

3478 418 3591 482 502

318 517 534 586 σοφῶν,
565 517 764 589 μικρὸς
795 520 1001 592 κόσμος
1028 525 1055 577 6
1081 523 1368 596 ἄνθρωπος
1389 567 1404 592 ,
1432 526 1519 581 διὰ
1546 526 1606 582 τδ
1637 529 1914 601 περιέχειν

2028 531 2251 585 mundus
2274 529 2400 602 (65)
2433 528 2595 584 homo
2639 528 2963 599 appellatur,
3009 541 3073 580 ro
3123 527 3349 597 quodin
3399 543 3458 581 se
3485 543 3592 582 uno

319 610 383 660 ἑν
409 607 588 679 ἑαυτῷ
613 608 684 663 τὰ
712 614 988 681 στοιχεῖα,
1022 612 1082 678 ἐξ
1109 609 1184 668 ὧν
1216 614 1466 686 συνέστη·
1484 618 1593 671 πᾶν
1623 618 1684 670 τὸ
1717 618 1905 687 φαινό-

322 717 507 770 μενον,
543 700 640 754 καὶ
678 701 770 756 διὰ
810 703 869 755 τὸ
903 706 1002 774 τῆς
1041 705 1223 776 ψυχῆς
1260 708 1469 778 νοερὸν,
1506 708 1535 761 6
1575 708 1696 762 κατ’
1721 709 1907 762 είκὸνα

319 792 462 845 Θεοῦ
504 793 762 862 γενέσθαι
802 797 1158 868 πιστεύομεν.
1193 800 1348 853 Ἐπεὶ
1386 800 1478 855 οὖν
1512 803 1608 856 καὶ
1641 804 1670 856 6
1703 802 1910 872 κόσμος

322 885 468 939 κατὰ
491 887 638 939 τόνδε
664 887 909 959 παρέλθῃ
935 889 1027 942 τὸν
1054 891 1247 961 καιρὸν
1275 893 1428 962 παρά
1451 895 1544 946 τοῦ
1579 893 1906 958 Κτίσαντος’

321 978 495 1049 (κατὰ
521 981 632 1049 γὰρ
660 981 752 1032 τὴν
780 980 998 1051 πρῶτον
1027 986 1160 1055 παρ’
1187 985 1464 1056 Ἑϐραίοις
1503 985 1650 1055 μῆνα
1680 987 1855 1042 Νισάν
1882 991 1910 1043 ὁ

322 1070 533 1140 κόσμος
559 1070 1021 1144 δεδημιούργηται
1045 1092 1060 1106 ο
1091 1081 1391 1149 τεκμήριον
1418 1080 1477 1132 τὸ
1512 1081 1674 1151 μέχρι
1707 1081 1912 1145 παντὸς

323 1164 387 1214 ἐν
414 1163 593 1233 τούτῳ
615 1165 694 1234 τῷ
721 1165 897 1236 καιρῷ
922 1165 1019 1238 τὴν
1035 1167 1140 1237 γῆν
1169 1168 1488 1238 βλαστάνειν
1517 1173 1910 1245 ἀπάρχεσθαιο)

324 1255 681 1326 ὡμολόγηται
713 1256 769 1310 δὲ
808 1257 1001 1328 μικρὸς
1034 1259 1239 1329 κόσμος
1271 1264 1298 1316 6
1331 1262 1653 1334 ἄνθρωπος’
1687 1266 1913 1335 νομοθε-

326 1351 413 1402 τεῖ
447 1348 512 1403 τδ
556 1351 928 1421 παράγγελμα
977 1355 1266 1423 μιμεῖσθαι
1302 1356 1395 1410 τὸν
1438 1356 1643 1428 κόσμον
1684 1359 1777 1412 τὸν
1817 1360 1912 1415 ἄν·

329 1441 582 1510 θρωπον,
615 1448 710 1495 καὶ
739 1445 798 1497 τὸ
833 1445 933 1513 μὲν
963 1446 1027 1498 ὲκ
1055 1447 1158 1514 γῆς
1187 1447 1344 1517 σῶμα
1365 1491 1381 1513 ,
1411 1450 1663 1519 καθάπερ
1686 1451 1786 1523 τὴν
1811 1454 1916 1523 γῆν

329 1532 655 1601 βλαστάνειν
697 1537 796 1598 τὰς
847 1537 1162 1605 πρακτικὰς
1211 1541 1434 1609 ἀρετάς,
1476 1542 1574 1609 τὴν
1620 1543 1676 1596 δὲ
1723 1545 1916 1616 νοερὰν

325 1625 513 1695 ψυχὴν
536 1629 945 1698 ὲνασχολεῖσθαι
973 1648 1040 1684 πε
1051 1632 1102 1700 ρὶ
1125 1631 1225 1702 τὴν
1252 1633 1550 1688 ἄπταιστον
1574 1635 1683 1689 τῶν
1707 1636 1916 1707 νοητῶν

330 1716 684 1788 κατανόησιν.
711 1718 868 1773 Οὕτω
893 1721 1000 1791 γάρ
1033 1723 1188 1792 βιῶν,
1215 1723 1273 1775 οὐ
1305 1725 1500 1794 μικρὸς
1527 1725 1682 1778 ἔσται
1711 1725 1919 1795 κόσμος

329 1810 359 1860 6
401 1807 716 1879 ἄνθρωπος,
751 1811 948 1866 ἁλλ’ὲν
995 1813 1180 1885 μικρῷ
1224 1815 1420 1884 μέγας,
1457 1815 1642 1879 καθώς
1683 1833 1850 1884 φησιν
1890 1818 1919 1869 6

332 1897 586 1968 θεολόγος
637 1900 966 1974 Γρηγὸριος,
1017 1905 1140 1958 κατ’
1171 1906 1419 1960 ὲνιαυτδν
1470 1907 1916 1978 ἐγκαινιζόμενος
1947 1893 1990 1949 Β

328 1989 396 2058 τῇ
426 1989 568 2059 πρὸς
597 1990 655 2042 τὸ
684 1995 932 2062 κρεῖττον
959 1994 1252 2065 μεταϐολῇ.
1288 1996 1462 2050 Τοῦτο
1493 1999 1524 2068 ἡ
1557 1997 1698 2050 κατὰ
1725 1998 1787 2050 τὸ
1816 1997 1918 2068 ἔαρ

331 2081 634 2151 ἐγκράτεια
661 2087 803 2138 νοεῖν
832 2086 1168 2141 ὑποτίθεται.
1206 2088 1264 2141 ὐ
1294 2089 1351 2142 δὲ
1377 2090 1483 2142 τῶν
1508 2090 1919 2158 τεσσαράκοντα

332 2171 563 2242 ἡμερῶν
588 2175 817 2245 ἀριθμὸς
843 2176 910 2229 δι’
928 2179 1270 2247 αἰνιγμάτων
1317 2179 1413 2232 καὶ
1443 2179 1785 2252 πραγμάτων
1811 2197 1918 2233 πα-

333 2263 506 2316 λαιῶν
540 2281 599 2318 τε
638 2268 734 2319 καὶ
771 2269 906 2321 νέων
941 2271 1339 2328 ὑποδέδεικται.
1366 2273 1435 2328 ’⁷0
1469 2291 1532 2326 τε
1577 2272 1687 2343 γὰρ
1726 2273 1919 2326 ἐπενε-

333 2355 488 2426 χθεὶς
518 2360 585 2428 τῇ
624 2361 694 2429 γῇ
733 2360 883 2432 πάσῃ
914 2363 1332 2435 κατακλυσμὸς,
1363 2363 1451 2418 διὰ
1479 2363 1572 2418 τὸν
1599 2365 1702 2434 τῆς
1736 2366 1920 2437 ἁμαρ-

331 2447 458 2512 τίας
517 2450 859 2523 πληθυσμδν,
912 2457 970 2506 ὲν
1019 2454 1311 2518 τοσαύταις
1365 2456 1606 2526 ἡμέραις
1663 2451 1777 2528 εἶχε
1831 2457 1922 2510 τὸν

333 2540 566 2608 ὁρισμόν
586 2558 600 2572 ·
632 2540 708 2599 ὡς
739 2542 805 2595 ἂν
839 2543 1222 2616 παιδευθῶμεν
1251 2546 1347 2600 καὶ
1380 2548 1542 2616 ἡμεῖς
1569 2545 1648 2615 τῷ
1681 2546 1783 2618 ἴσῳ
1813 2548 1924 2602 τῶν

333 2627 589 2700 ἀριθμῶν
627 2634 694 2702 τῇ
737 2637 940 2704 φυσικῇ
984 2634 1162 2688 λιϐάδι
1202 2635 1314 2688 τῶν
1351 2634 1649 2705 ὀφθαλμῶν
1691 2637 1782 2691 τὸν
1821 2637 1925 2708 τῆς

337 2720 616 2793 ἁμαρτίας
650 2724 918 2778 ποιεῖσθαι
956 2727 1373 2796 κατακλυσμὸν,
1412 2729 1506 2781 καὶ
1541 2727 1631 2781 διὰ
1666 2727 1766 2798 τῆς
1797 2745 1923 2798 νοη-

333 2810 434 2864 τοῦ
465 2813 702 2867 κιϐωτοῦ
731 2816 1155 2886 περισώζεσθαι.
1208 2819 1307 2890 Είη
1355 2818 1472 2873 δ’άν
1497 2819 1662 2891 νοητὴ
1692 2820 1926 2884 κιϐωτὸς

338 2902 406 2953 ἐκ
444 2901 721 2974 διαφόρων
761 2907 992 2960 σανίδων
1030 2911 1449 2980 συμπεπηγυῖα,
1487 2911 1520 2980 ἡ
1560 2910 1625 2963 ὲκ
1664 2911 1928 2964 ποικίλων

340 2992 791 3063 κατορθωμάτων
827 2997 1022 3068 ἀρετὴ,
1066 3000 1099 3069 ἡ
1143 3002 1257 3063 τοῖς
1296 3000 1529 3069 γόμφοις
1567 3000 1666 3069 τῆς
1707 3000 1928 3070 ἀγάπης

345 3087 790 3156 συνεσφιγμένη,
830 3088 898 3140 δι’
923 3084 992 3161 ἦς
1037 3088 1129 3142 τὸν
1170 3092 1270 3160 τῆς
1315 3089 1593 3160 ἁμαρτίας
1635 3089 1930 3159 φεύγοντες

341 3172 610 3239 θάνατον,
645 3176 724 3244 τῷ
759 3178 966 3249 στερεῷ
999 3179 1095 3232 καὶ
1129 3180 1492 3250 ἀναϐεϐηκότι
1521 3182 1624 3252 τῆς
1660 3182 1930 3246 ἀπαθείας

2008 624 2272 678 elementa
2304 623 2482 677 omnia
2516 623 2937 691 complectatur,
2966 637 3030 674 ex
3057 621 3253 691 quibus
3279 620 3590 674 universum

2011 715 2136 773 hoc.
2171 715 2316 783 quod
2355 714 2455 768 sub
2479 723 2756 782 aspectum
2783 712 2950 777 cadit,
2983 723 3068 766 ρει
3097 711 3453 766 constitutum
3490 726 3504 763 ι
3538 718 3593 764 ει

2012 810 2156 878 quod
2180 807 2512 877 intelligente
2537 808 2609 860 sit
2645 805 2899 875 prmditus
2929 803 3132 862 anima,
3167 818 3328 868 quam
3359 802 3424 853 ad
3452 801 3591 879 ima—

2011 899 2192 967 ginem
2243 897 2333 951 Dei
2379 895 2654 950 crediturus
2693 894 2912 948 factam.
2961 893 3095 948 Cum
3148 892 3314 960 igitur
3357 892 3591 944 mundus

2012 991 2175 1045 etiam
2230 1006 2256 1042 a
2287 989 2542 1044 Creatore
2586 989 2687 1042 huc
2734 997 2980 1057 tempore
3030 987 3104 1039 sit
3149 985 3446 1054 productus
3477 983 3588 1053 (65)

2014 1081 2213 1150 (primo
2239 1082 2381 1135 enim
2409 1095 2594 1134 mense
2628 1079 2718 1149 qui
2763 1077 2927 1132 Nisan
2963 1077 3076 1149 (65)
3117 1090 3340 1130 vocatur
3377 1077 3444 1130 ab
3492 1076 3596 1129 Ile-

2015 1175 2194 1237 brasis,
2247 1173 2543 1227 fabricatus
2593 1181 2698 1236 est,
2750 1179 3072 1240 argumento
3118 1183 3246 1222 vero
3291 1170 3454 1222 etiam
3488 1177 3594 1233 est,

2015 1266 2157 1336 quod
2189 1280 2404 1334 semper
2429 1267 2532 1318 hoc
2553 1272 2795 1332 tempore
2824 1262 3126 1332 germinare
3156 1259 3376 1330 incipiat
3402 1257 3592 1329 terra),

2017 1359 2290 1413 hominem
2318 1373 2447 1412 vero
2475 1372 2703 1427 parvum
2738 1357 2996 1408 mundum
3027 1367 3150 1408 esse
3173 1353 3280 1422 jam
3310 1352 3546 1406 diximus
3574 1368 3587 1403 :

2016 1451 2271 1504 admouet
2320 1447 2513 1518 jeiunii
2559 1449 2792 1514 sanctio,
2841 1457 2900 1500 ut
2954 1446 3213 1500 tnundum
3265 1445 3427 1497 homo
3470 1445 3593 1494 imi-

2017 1551 2185 1606 tetur,
2211 1549 2266 1594 et
2287 1555 2484 1611 corpus
2523 1541 2740 1608 quidem
2775 1555 2806 1594 e
2847 1549 2990 1594 terra
3037 1548 3377 1608 compactum
3423 1536 3598 1590 instar

2021 1636 2189 1704 ipsius
2215 1644 2376 1689 teme
2410 1635 2669 1688 virtutum
2704 1634 2970 1702 germinet
2998 1647 3181 1702 opera,
3213 1631 3428 1684 animus
3468 1645 3597 1684 vero

2021 1727 2390 1795 intelligentiae
2422 1726 2691 1794 particeps
2720 1726 2773 1779 in
2823 1739 3000 1778 rerum
3054 1723 3467 1792 inteTligibilium
3501 1737 3594 1774 ro-

2021 1819 2264 1891 gnitionc
2312 1817 2429 1870 sine
2485 1815 2786 1872 oﬂ‘ensione
2831 1825 3150 1884 occupetur.
3213 1815 3268 1867 Si
3321 1814 3464 1869 enim
3524 1813 3596 1865 ita

2019 1908 2314 1965 instituerit
2349 1911 2538 1974 vitam,
2563 1924 2674 1963 non
2701 1923 2902 1977 parvus
2947 1906 3180 1962 mundus
3214 1903 3377 1958 fuerit
3413 1904 3600 1968 homo,

2017 2003 2115 2058 scd
2173 2004 2224 2057 iu
2299 2017 2471 2070 parvo
2518 2017 2768 2072 magnus,
2823 2011 2883 2057 ut
2915 2001 2992 2055 ait
3031 2001 3313 2067 theologus
3344 1995 3453 2066 (66)
3507 1995 3598 2050 ille

2019 2095 2333 2166 Gregorius,
2369 2095 2596 2164 singulis
2623 2094 2780 2149 annis
2804 2095 2858 2148 iu
2890 2091 3102 2156 melius,
3133 2089 3258 2143 vitae
3278 2087 3596 2153 mutatione,

2022 2194 2337 2240 renovatus.
2368 2181 2479 2238 lloc
2519 2183 2684 2249 igitur
2715 2182 2936 2249 subjicit
2993 2181 3399 2250 intelligendum
3428 2192 3622 2231 verno"

2023 2277 2251 2346 tempori
2299 2277 2513 2331 addicta
2582 2275 2938 2330 continentia.
2991 2273 3191 2329 Verum
3244 2272 3600 2342 quadraginta-

2021 2367 2232 2424 dierum
2289 2381 2548 2423 numerus
2601 2382 2697 2436 per
2736 2367 2885 2420 varia
2933 2374 2988 2420 et
3041 2374 3284 2421 veterum
3323 2375 3376 2418 et
3413 2378 3601 2418 reccn~

2021 2459 2224 2512 tiorqu
2275 2456 2415 2512 facta
2464 2455 2624 2511 simul
2683 2465 2738 2510 et
2808 2457 3101 2523 aenigmata
3157 2454 3446 2523 insignitus
3493 2461 3598 2508 est.

2022 2547 2157 2602 Nam
2196 2558 2246 2602 et
2273 2547 2480 2602 eluvies
2531 2546 2622 2601 illa
2670 2547 2723 2600 in
2757 2561 2975 2601 omnem
3007 2554 3208 2600 terram
3254 2541 3612 2598 afﬂuentibus

2023 2640 2260 2712 peccatis
2287 2638 2553 2703 immissa,
2575 2638 2798 2693 totidem
2821 2637 3032 2692 dierum
3058 2635 3350 2690 terminum
3373 2633 3594 2698 habuit;

2024 2739 2080 2784 ut
2110 2728 2232 2782 inde
2269 2742 2363 2782 nos
2396 2727 2559 2780 etiam
2582 2728 2931 2782 edocerentur
2965 2726 3079 2796 pari
3115 2725 3321 2779 dierum
3350 2738 3601 2790 numero,

2025 2820 2259 2876 naturali
2311 2820 2590 2874 oculorum
2658 2818 2828 2873 imbre
2877 2826 3222 2887 peccatorum
3293 2815 3598 2871 eluvionem

2027 2913 2259 2975 eﬁicere,
2291 2921 2347 2966 et
2375 2926 2470 2980 per
2523 2910 2916 2980 iutelligibilem
2955 2924 3140 2963 arcam
3197 2907 3426 2963 salutem
3459 2921 3606 2961 con-

2028 3001 2201 3070 sequi.
2252 3001 2430 3055 lnstar
2460 3001 2606 3055 enim
2653 3015 2794 3054 arca:
2838 3014 2906 3053 ex
2937 2999 3102 3052 variis
3148 2998 3426 3052 asseribus
3453 3009 3606 3051 com-

2028 3104 2199 3166 pactae
2227 3109 2347 3150 esse
2381 3093 2698 3163 intelzigitur
2721 3092 2915 3155 virtus,
2947 3106 3013 3145 ex
3063 3091 3230 3145 variis
3261 3099 3407 3144 recte
3445 3087 3622 3144 factis-

2036 3196 2317 3250 constans,
2351 3196 2406 3239 et
2433 3185 2720 3240 commissa
2757 3183 3044 3239 cbaritatis
3083 3181 3295 3238 clavis:
3325 3181 3420 3250 per
3444 3193 3615 3248 quam

339 3268 497 3338 δρει,
528 3269 605 3334 ὡς
639 3271 719 3333 είς
751 3272 992 3344 ’Δραρὰτ
1025 3272 1349 3343 σωζώμεθα.
1383 3275 1456 3328 Τὸ
1489 3276 1545 3328 δὲ
1575 3276 1746 3346 ὄνομα
1775 3275 1926 3331 τοῦτο

2033 3277 2244 3347 peccati
2296 3287 2525 3332 mortem
2578 3276 2872 3331 evadentes
2914 3275 2970 3328 in
3011 3272 3480 3344 perturbationum
3511 3283 3622 3324 va-

338 3361 710 3432 τετριμμένον
760 3363 950 3434 δηλοῖ,
1002 3364 1070 3418 δι’
1105 3359 1168 3418 οὗ
1229 3366 1497 3438 μηνύεται
1547 3370 1582 3440 ἡ
1627 3369 1694 3423 δι’
1727 3371 1932 3440 ἀρετῆς

2035 3370 2236 3424 cuitate
2264 3368 2399 3444 (67),
2433 3369 2590 3441 quasi
2625 3369 2681 3424 in
2722 3377 2904 3423 monte
2949 3365 3104 3422 ﬁrmo
3145 3374 3200 3422 et
3227 3363 3395 3432 edito,
3443 3362 3502 3419 ut
3551 3363 3625 3418 ius

1576 3523 1906 3588 Francisci
1937 3524 2144 3588 Scorsi
2185 3530 2374 3588 notas.

416 3675 540 3746 (63)
580 3675 788 3746 Parvus
815 3678 1064 3733 mundus.
1102 3678 1238 3734 Vide
1267 3679 1418 3734 hom.
1456 3692 1510 3744 ν,
1550 3687 1665 3734 not.
1695 3680 1784 3736 89.

350 3745 540 3874 “0(643
583 3745 696 3801 Hoc
741 3756 972 3817 tctnpore
1022 3749 1092 3802 sit
1145 3752 1460 3820 productus.
1515 3748 1649 3803 Vide
1698 3753 1849 3806 hom.
1887 3768 1931 3816 ι,

421 3884 690 4010 giisilui
726 3885 900 3941 Nisan
956 3901 1199 3947 uocatur.
1253 3891 1389 3947 Vide
1446 3893 1695 3949 eamdem
1754 3892 1930 3960 bom.,

350 3968 470 4013 ποι.
504 3968 594 4010 15.

425 4026 555 4109 (66),
584 4023 656 4080 Ut
680 4027 758 4081 ait
786 4025 1102 4109 Theologus.
1129 4029 1278 4085 lianc
1300 4031 1559 4109 Theologi
1591 4033 1928 4109 sententiam

352 4099 706 4170 protulimus,
732 4107 846 4152 n0t.
866 4099 954 4165 89,
985 4099 1135 4154 hom.
1159 4117 1210 4168 ν,
1244 4117 1308 4155 ex
1333 4113 1474 4155 orat.
1507 4099 1674 4170 ipsius
1696 4119 1930 4156 xxxvnt.

423 4167 546 4233 (67)
588 4164 656 4219 In
694 4159 1173 4235 (perturbationum
1199 4159 1210 4168 ’
1246 4159 1538 4226 vacuitate:
1601 4159 1933 4226 Vocabulum

351 4237 627 4318 (terrigena,
648 4239 1341 4318 quamvis}nterprctatum
1380 4244 1446 4294 ad
1484 4242 1730 4318 verbum,
1755 4243 1933 4308 impa-

356 4307 670 4388 tibilitatem
702 4307 1182 4388 seu‘indoleutiam
1210 4311 1411 4388 signet,
1440 4327 1548 4364 non
1580 4311 1724 4388 i_n_eo
1743 4307 1941 4388 tamen

353 4379 562 4449 rigore,
619 4385 671 4428 et
706 4377 757 4449 in
804 4377 907 4432 hoc
965 4380 1150 4444 Patre,
1184 4377 1284 4449 qui
1307 4381 1377 4433 in.
1410 4381 1708 4449 nonnullis_
1743 4381 1934 4433 harum

356 4445 707 4520 humiliarttm
742 4445 877 4520 locis
906 4449 1037 4502 illud
1087 4445 1331 4520 usurpat,
1374 4459 1429 4503 et
1473 4451 1526 4502 in
1580 4449 1638 4503 S.‘
1672 4447 1936 4518 Gregorio

357 4516 627 4594 Nyssetto.
658 4514 715 4569 S.
740 4514 952 4594 {uanae
985 4514 1249 4594 (llimaco',
1276 4519 1334 4574 S.
1364 4520 1603 4594 Maximo
1635 4514 1924 4594 monacho,

355 4586 701 4666 rit-terisque
737 4586 942 4642 Graecis
997 4588 1248 4643 Patribus
1294 4589 1692 4666 accipiendum.
1742 4587 1928 4666 Neque

353 4656 506 4710 enim
541 4655 814 4721 duritiem,
849 4673 943 4713 seu
979 4668 1254 4724 stuporem
1292 4659 1459 4712 animi
1499 4658 1677 4712 nullos
1708 4655 1928 4712 omnino

357 4736 549 4797 motus
571 4725 734 4778 etiam
774 4730 978 4797 primos
1004 4729 1336 4797 aﬂ‘ectusque
1357 4729 1646 4782 sentientis
1667 4728 1925 4783 inducere

359 4795 500 4867 velle
557 4795 814 4867 credendi
871 4809 1018 4858 sunt,
1074 4814 1195 4854 cum
1252 4795 1523 4852 ἆπάθειαν
1582 4797 1930 4867 perfectionis

359 4865 828 4934 apicemrdicunt.
865 4867 1017 4934 Quod
1053 4868 1359 4934 Stoicorum
1409 4867 1513 4922 dici
1562 4865 1701 4920 solet
1736 4870 1930 4934 dogma

361 4933 494 5008 (dici
523 4933 685 5008 solet,
712 4933 958 5008 inquam,
981 4941 1104 5008 quia
1131 4933 1305 5008 neque
1329 4939 1380 4990 id
1403 4952 1530 4990 vere
1551 4937 1629 4990 illi
1654 4933 1929 5002 dixerunt,

361 5003 423 5059 ut
453 5003 595 5078 infra
633 5003 935 5072 explicabo)
963 5003 1052 5077 qui
1078 5009 1145 5063 ab
1177 5003 1426 5078 sapiente
1455 5021 1555 5078 suto
1585 5023 1746 5063 omne
1775 5021 1926 5078 pror-

361 5091 457 5130 sus
491 5074 663 5138 πάθος
716 5074 1083 5132 exterminare
1136 5074 1406 5132 videutur.
1464 5075 1532 5129 Et
1581 5092 1644 5131 ex
1700 5074 1934 5132 consciis

360 5143 691 5218 Christiana:
719 5146 1070 5218 philosophia:
1096 5149 1310 5218 Evagrii
1344 5146 1550 5218 Pontici
1585 5148 1678 5218 lib.
1708 5146 1844 5218 Περὶ
1868 5147 1933 5199 άο

363 5197 604 5288 τιτθείας
627 5197 1751 5288 ὴέεὲεέίξἳῶίζξιιῐιξῖῗέιεὶιᾗὲέἐῷιῖίίιὲ
1766 5197 1776 5288 ξ
1790 5197 1935 5286 lay.

366 5286 576 5338 naudus
601 5285 791 5338 societ.
816 5284 968 5349 Jesu,
995 5284 1128 5342 toiu.
1160 5287 1223 5342 ll.
1254 5285 1316 5340 Hi
1338 5289 1507 5349 enim,
1537 5284 1590 5340 et
1614 5288 1656 5341 si
1685 5287 1776 5356 qui
1810 5284 1937 5340 sunt

365 5356 527 5424 hujus
560 5365 725 5408 secta:
769 5357 899 5423 alii,
952 5359 1222 5413 hominem
1269 5372 1334 5410 ex
1380 5357 1597 5410 homine
1649 5357 1938 5412 sustulisse

366 5426 467 5478 visi
503 5436 652 5487 sunt,
683 5436 740 5504 ut
763 5441 887 5481 cum
920 5426 984 5504 D_.
1039 5430 1363 5498 Hieronymo
1383 5427 1606 5504 loquar,
1634 5436 1691 5482 et
1723 5428 1775 5480 iu
1801 5443 1939 5479 eor—

365 5510 502 5564 pore
527 5498 883 5549 constitutum
901 5498 1188 5552 voluerunt
1211 5512 1332 5552 esse
1353 5498 1470 5551 sine
1488 5511 1749 5564 corpore:
1778 5501 1940 5551 homo

363 5566 511 5617 enim
575 5565 1064 5632 intperturbabilis,
1106 5578 1200 5621 aut
1241 5583 1456 5629 saxum,
1516 5577 1610 5620 aut
1644 5570 1778 5621 deus
1831 5578 1935 5620 est.

363 5633 428 5687 Et
459 5635 535 5687 uti
565 5631 797 5698 Tullius,
830 5631 1056 5691 Tuscul.
1101 5653 1184 5703 III,
1234 5638 1494 5705 loquitur,
1532 5638 1632 5690 hoc
1690 5653 1794 5691 non
1824 5639 1942 5691 sine

364 5718 577 5785 magna
613 5710 864 5785 mercede
922 5710 1188 5778 contingit
1234 5708 1590 5762 immanitatis
1647 5708 1939 5770 inanimo,

365 5776 611 5844 stuporis
640 5776 693 5829 in
726 5790 978 5844 corpore.

522 5861 557 5900 η
595 5845 700 5901 hoc
737 5845 906 5916 igitur
937 5861 1100 5906 sensu
1159 5849 1471 5920 accipienda
1523 5863 1623 5904 vox
1672 5847 1939 5909 ἀπάθεια,

1954 4555 2006 4614 D

2033 3684 2125 3737 sed
2146 3696 2244 3750 pro
2277 3680 2443 3735 animi
2497 3681 2978 3749 tranquillitate-ab
2999 3679 3370 3734 immoderatis
3388 3687 3619 3750 pertur--

2032 3749 2347 3806 bationibus
2368 3751 2702 3817 morbisque,
2731 3751 2896 3805 animi
2935 3750 3265 3810 mortiﬁcati.
3290 3759 3345 3801 ut
3371 3749 3452 3801 sic
3481 3763 3623 3803 cum:

2031 3821 2389 3890 scriptoribus
2413 3821 2583 3890 sacris
2604 3820 2815 3887 loquar,
2849 3835 2921 3890 ac,
2956 3818 3291 3890 perpurgati.
3319 3817 3472 3870 llunc
3488 3831 3629 3890 esse

2031 3884 2220 3944 verum
2253 3899 2306 3944 et
2354 3884 2688 3944 catholicum
2721 3884 3070 3957 Theophanis
3121 3884 3183 3941 et»
3219 3887 3447 3940 aliorum
3503 3884 3609 3940 Pa-

2035 3971 2176 4014 trum
2212 3975 2432 4014 sensum
2457 3975 2524 4014 ex
2558 3960 2676 4013 aliis
2704 3959 2886 4012 tnultis
2915 3975 3096 4012 eormn
3122 3958 3279 4011 dictis
3306 3957 3622 4022 ostendam,.

2037 4030 2234 4097 quibus
2288 4045 2392 4084 non
2445 4031 2670 4098 abigunt
2728 4044 2919 4082 omnes
2966 4027 3334 4098 aﬂ'ectiones,_
3376 4027 3468 4080 sed
3513 4040 3622 4079 eas.

2040 4095 2351 4154 moderatas
2395 4109 2449 4152 et
2493 4095 2689 4154 rationi
2734 4099 3010 4166 subiectas
3039 4099 3284 4166 exigunt.
3312 4095 3511 4166 Atque,
3546 4106 3608 4148 ut

2034 4177 2276 4223 anostro
2325 4170 2602 4238 incipiam,
2649 4169 2764 4238 ipse
2813 4165 2960 4222 hom.
2991 4169 3053 4221 de
3082 4165 3354 4238 S.’rCrnce
3409 4165 3608 4238 prima,

2033 4240 2312 4306 explicans
2346 4235 2573 4307 ﬁguram
2626 4235 2892 4305 serpentis
2925 4237 3144 4291 exaltati
3172 4237 3224 4288 iu
3255 4236 3495 4307 deserto.
3513 4235 3612 4307 do:

2033 4303 2118 4363 cei
2153 4323 2250 4378 per
2293 4303 2443 4363 vivos
2487 4303 2769 4377 serpentes
2833 4317 2996 4378 atque
3050 4307 3278 4361 lethales
3312 4303 3610 4372 signiﬁcari

2035 4377 2305 4433 daemones
2321 4387 2666 4444 peccatorum
2693 4378 2961 4432 morsibus
2979 4377 3271 4430 humanum
3295 4390 3464 4442 genus
3485 4387 3613 4443 pas-

2034 4449 2135 4500 sim
2194 4459 2527 4503 euecantes:
2563 4463 2655 4503 eos
2693 4463 2822 4502 vero
2855 4464 2882 4500 a
2910 4447 3126 4502 Christo
3165 4459 3262 4512 per
3298 4453 3608 4512 serpentem

2031 4526 2238 4571 alueum
2303 4519 2544 4588 ﬁgurato
2593 4532 2716 4572 esse
2765 4517 2990 4588 deletos,
3047 4516 3434 4588 subjuugitque
3477 4530 3491 4565 :
3530 4512 3609 4588 Ού

2035 4588 2234 4658 μὴντά
2256 4582 2512 4658 δήγματα
2541 4588 2836 4658 πέπαυται·
2856 4590 2888 4656 ἡ
2911 4587 3021 4655 γὰρ
3036 4582 3334 4658 ἐγκειμένη
3444 4582 3614 4658 σαρκὶ

2032 4651 2175 4728 κατά
2198 4651 2644 4728 τοῦ’πνεύματος
2671 4651 3092 4728 ἐπιθυμία,,ἐίςί
3113 4653 3468 4728 ’τὺ-παντελές
3504 4651 3612 4728 οὐκ

2032 4726 2304 4780 ἀπόλωλε·
2341 4730 2437 4782 καὶ
2473 4721 2599 4797 ’γὰρ
2631 4726 2728 4797 καλ
2777 4721 2980 4797 ἐν’τοίς
3033 4726 3310 4794 ὲναρέτοις
3355 4721 3613 4784 πολλάκις

2031 4798 2342 4866 ἐνεργεῖται
2366 4799 2464 4866 τῆς
2494 4795 2792 4864 ἐπιθυμίας
2839 4795 3230 4866 τάγδήγμαται·
3287 4797 3354 4845 At
3405 4807 3612 4866 morsus

2033 4864 2263 4920 nondum
2298 4864 2507 4921 omnino
2547 4875 2838 4921 cessarunt.
2887 4865 3092 4919 Etenim
3121 4865 3214 4916 illa
3238 4864 3612 4930 concupiscen-

2035 4937 2148 5000 tia,
2201 4954 2318 5005 qua:
2363 4937 2509 4990 carni
2557 4936 2805 4990 adversus
2847 4938 3106 5005 spiritum
3157 4936 3329 5005 ineat.
3363 4933 3623 5005 (nondum-

2032 5003 2257 5074 perfecte
2305 5023 2602 5075 compressa
2676 5016 2776 5060 est.
2831 5003 2975 5059 Nam
3024 5016 3069 5058 et
3106 5004 3234 5066 illis,
3280 5004 3371 5073 qui
3422 5003 3615 5075 virtute

2035 5079 2260 5128 maxime
2298 5074 2512 5145 pollent,
2561 5093 2696 5144 swpe
2729 5076 3168 5144 concupimentia:
3200 5090 3404 5126 morsus
3436 5074 3617 5124 insur-

2035 5153 2182 5214 gunt.
2229 5147 2364 5199 Ecce
2393 5149 2574 5214 igitur,
2613 5157 2672 5199 ut
2716 5146 2767 5199 iu
2803 5147 2903 5199 hac
2959 5146 3067 5198 vita
3128 5161 3233 5198 non
3282 5157 3616 5214 posseuout-

2039 5211 2168 5270 itiuo
2204 5226 2258 5269 et
2286 5211 2809 5284 stirpitttseradicari
2839 5215 3336 5283 concupiscentiam
3372 5211 3610 5284 radicem

2039 5283 2402 5339 aﬂ'ectionutn
2435 5297 2674 5340 censeat.
2734 5284 2798 5338 Et
2852 5286 2996 5337 hom.
3030 5286 3101 5339 ‘29
3131 5283 3461 5352 tropologice
3521 5293 3615 5352 per

2040 5356 2311 5409 Salometn
2360 5356 2425 5408 ad
2477 5354 2822 5424 sepulchrum
2876 5355 3079 5409 Christi
3133 5349 3434 5424 venientem
3490 5349 3613 5424 ani-

2041 5441 2183 5478 tuaut
2225 5426 2365 5490 piam
2397 5417 2691 5491 signiﬁcari
2742 5426 2875 5479 dicit.
2906 5427 2988 5478 his
3017 5426 3198 5478 verbis
3227 5443 3240 5476 :
3272 5421 3504 5489 Σαλώμη
3551 5417 3616 5491 δὲ

2042 5489 2293 5566 εἰρηνικὴ
2333 5489 2734 5565 ἑρμηνεύεται·
2767 5496 2919 5563 δηλοῖ
2951 5494 3006 5548 δὲ
3039 5495 3137 5564 τὴν
3166 5495 3378 5560 ἀγαθὴν
3413 5489 3614 5566 tif-{xiv

2042 5559 2550 5637 τῆννικήσασάνπὰ
2568 5567 2715 5636 πάθη
2753 5559 2849 5619 καλΙ
2884 5559 3273 5634 είρηνεύουσαν
3300 5559 3438 5637 κατά.
3454 5559 3616 5637 δύνα-

2047 5630 2168 5706 μίνο
2229 5630 2444 5690 Sblome
2499 5652 2616 5690 vero
2672 5630 2893 5704 pacilio-.1
2940 5630 3369 5706 ῖιιὶιιι·,;ι’‹ίιιιιιιιο;Δ
3407 5630 3610 5706 indico:

2044 5699 2219 5758 autem
2267 5708 2496 5759 animam
2544 5706 2643 5758 bon
2658 5699 2767 5772 (im,
2804 5722 2920 5775 qua:
2952 5717 3226 5775 quantum__
3253 5701 3401 5775 ﬁeri
3433 5699 3614 5775 possit,

2044 5777 2314 5845 passiones
2343 5777 2540 5839 vicerit,
2569 5787 2614 5829 et
2648 5778 2701 5830 in
2730 5768 2853 5841 unde
2885 5768 3133 5828 versetur.
3162 5842 3174 5845 _
3199 5773 3328 5823 Dum
3356 5773 3427 5824 ait
3478 5768 3622 5822 κατὰ

2045 5842 2296 5916 δύναμιν,
2340 5847 2578 5903 oswudit
2624 5848 2674 5902 id
2716 5847 2782 5901 ab
2813 5845 2990 5900 anima
3057 5842 3298 5914 perfecta
3328 5857 3450 5898 esse
3497 5853 3620 5895 ccu-
