4024 6402
288 406 395 471 5θ5

1655 408 1992 472 HOMILIA
2032 410 2243 472 XXIV.

3475 412 3583 476 506

299 519 466 574 Ἀλλᾶ
511 520 607 574 καὶ
645 523 677 591 ἡ
724 521 817 575 τοῦ
860 522 1141 587 Μωῦσέως
1190 523 1249 578 ὲν
1290 523 1372 595 τῷ
1418 523 1619 597 Σιναίῳ
1658 524 1886 597 νηστεία

2004 526 2233 590 sionum,
2295 540 2457 595 quam
2513 526 2686 580 sancti
2743 527 2957 581 virtutis
3011 524 3405 580 exercitatione
3453 528 3581 579 sunt

287 612 567 668 τοσούτων
602 615 832 686 ἡμερῶν
873 617 1111 689 περιόδῳ
1147 617 1455 690 ἠρίθμητο,
1489 619 1581 673 ὅτε
1619 619 1720 681 τὰς
1761 618 1882 672 θεο-

289 706 540 775 γράφους
585 708 799 770 πλάκας
849 708 1091 775 ἐδέξατο.
1142 710 1210 765 Ai
1260 712 1636 782 συντριϐεῖσαι
1676 714 1742 783 τῇ
1787 711 1883 766 τοῦ

291 799 427 853 λαοῦ
484 802 870 872 πλημμελείᾳ,
922 804 1024 855 οὐκ
1054 804 1143 857 ’ἂν
1195 807 1327 869 ίσως
1381 804 1881 877 ἀναχαράχθησαν,

293 893 345 943 εἰ
394 892 472 961 μὴ
519 893 748 961 νηστεία
801 893 1109 963 ἰσαρίθμων
1159 895 1383 965 ἡμερῶν
1428 895 1771 965 ἐμεσίτευσε.
1818 895 1885 948 Τί

294 979 360 1049 δὴ
390 980 486 1031 τοῦ
523 980 794 1050 συμδόλου
828 981 1158 1051 μηνύοντοςς
1212 982 1431 1054 Ἐπειδὴ
1460 984 1552 1037 τὸν
1580 985 1747 1051 νόμον
1773 985 1886 1038 τῶν

295 1071 537 1124 ἐντολῶν
591 1071 681 1125 διὰ
734 1074 836 1143 τῆς
901 1073 1181 1143 ἁμαρτίας
1230 1075 1398 1128 οίονε)⁸
1452 1076 1886 1146 συνετρίψαμεν,

296 1162 535 1232 δι’μεθα
578 1164 677 1233 τῆς
728 1166 989 1234 νηστείας
1038 1166 1150 1219 τῶν
1200 1166 1617 1236 τεσσαράκοντα
1661 1168 1887 1239 ἡμερῶν

295 1256 376 1317 είς
404 1255 469 1308 τὸ
502 1252 662 1319 αὖθις
712 1250 877 1311 αὺτὸν
912 1258 1264 1327 ἐγγραφῆναι
1312 1261 1371 1312 ὲν
1416 1263 1535 1321 ταῖς
1585 1260 1749 1325 πλαξὶ
1778 1261 1889 1315 τῶν

298 1347 541 1417 καρδιῶν
573 1348 755 1419 ἡμῶν,
791 1348 878 1402 ίνα
926 1352 991 1402 ὲκ
1029 1350 1142 1404 τῶν
1173 1351 1452 1421 λογισμῶν
1482 1353 1756 1425 ἀφανισθῇ
1788 1356 1890 1423 τῆς

298 1441 582 1511 ἁμαρτίας
611 1443 672 1495 τὸ
703 1443 943 1499 εἴδωλον.
982 1444 1039 1497 Ὀ
1068 1445 1126 1498 δὲ
1171 1445 1357 1507 Ἠλίας
1383 1447 1411 1498 6
1447 1446 1699 1518 ζηλωτὴς
1741 1449 1891 1501 ἐκεῖ·

298 1549 409 1594 νος,
440 1532 518 1594 ὡς
562 1533 860 1604 ἀκούομεν,
900 1537 929 1588 6
960 1534 1060 1605 τὴν
1102 1535 1411 1605 παράδοξον
1448 1536 1644 1588 θυσίαν
1675 1538 1891 1606 ἱερουρ-

298 1623 502 1692 γήσας,
534 1623 630 1675 καὶ
658 1625 788 1687 τοὺς
818 1625 985 1694 ἱερεῖς
1021 1625 1121 1693 τῆς
1162 1624 1889 1695 αίσχύνηςπροσεπιθύσας,

298 1718 327 1770 6
380 1718 519 1788 πυρὶ
559 1716 802 1788 οὐρανίῳ
849 1721 1157 1789 πανστρατὶ
1202 1720 1327 1783 τοὺς
1379 1720 1896 1792 πεντηκοντάρχους

297 1810 723 1880 ἀποτεφρὼσας,
765 1812 793 1862 6
834 1810 976 1879 λόγῳ
1026 1812 1175 1881 μόνῳ
1234 1813 1463 1884 κλεῖθρα
1520 1814 1734 1877 ἐπιθεὶς
1773 1816 1895 1877 ταῖς

1986 620 2302 686 consecuti;
2342 635 2615 689 quamque
2664 620 2764 689 ipsi
2823 621 2984 675 veluti
3050 620 3214 682 viam,
3275 634 3397 672 cum
3454 627 3585 671 ante

1987 711 2310 775 ealcassent,
2357 711 2541 764 tritam
2576 714 2931 781 sequentibus
2985 711 3367 766 reddiderunt.
3413 708 3519 764 Sed
3548 725 3579 764 π

1988 801 2175 870 Moyse
2229 802 2283 855 in
2320 801 2475 855 Sinai
2530 813 2712 857 monte
2758 803 3028 877 jejunium
3083 803 3309 857 totidem
3367 802 3579 855 dierum

1990 906 2216 947 numero
2244 900 2521 959 peractum
2554 900 2654 953 est,
2672 906 2793 945 cum
2827 892 3039 945 tabulas
3065 890 3321 944 divinitus
3348 889 3581 956 scriptas

1991 986 2222 1053 accepit.
2256 986 2386 1050 Quae
2412 994 2635 1055 propter
2666 984 2850 1053 pepuli
2903 984 3160 1039 delictum
3220 982 3406 1035 l‘ractzn
3442 995 3585 1033 nun-

1991 1095 2154 1148 quam
2179 1083 2375 1134 iterum
2405 1080 2737 1146 consignatae
2753 1089 2958 1144 essent,
2980 1078 3081 1131 nisi
3119 1076 3340 1130 totidem
3370 1074 3578 1127 dierum

1987 1174 2253 1244 jejunium
2303 1171 2732 1227 intercessisset.
2774 1170 2911 1237 Quid
2959 1179 3141 1223 autem
3178 1169 3282 1222 boc
3315 1153 3584 1238 symbolo

1992 1263 2343 1321 ostenditur?
2366 1262 2634 1329 Quoniam
2660 1270 3054 1333 praeceptorum
3080 1261 3236 1332 157
3256 1261 3428 1328 legem
3454 1274 3583 1329 pec-

1993 1357 2168 1413 cando
2184 1356 2337 1426 quasi
2358 1355 2731 1420 contrivimus,
2750 1355 3107 1424 quadraginta
3136 1354 3344 1407 dierum
3372 1352 3585 1422 jejunio

1994 1466 2130 1520 opus
2161 1450 2428 1503 habemus
2458 1449 2523 1501 ad
2549 1462 2669 1502 eam
2704 1446 2901 1501 iterum
2950 1446 3151 1499 tabulis
3186 1445 3368 1499 cordis
3411 1443 3585 1497 nostri

1998 1542 2430 1605 inscribendam,
2462 1554 2523 1594 ut
2568 1540 2773 1610 peccati
2818 1539 3018 1593 idolum
3058 1555 3086 1591 a
3132 1548 3313 1592 mente
3339 1545 3393 1591 et
3436 1534 3587 1602 cogi-

1997 1637 2203 1691 latione
2252 1644 2437 1690 nostra
2502 1633 2720 1701 penitus
2766 1641 3106 1686 amoveatur.
3150 1630 3266 1684 lam
3318 1630 3464 1682 Elias
3496 1626 3591 1679 ille

1997 1730 2221 1795 zelotes,
2247 1738 2306 1780 ut
2333 1727 2665 1795 accepimus,
2695 1724 2786 1794 qui
2810 1723 3187 1778 admirandum
3212 1720 3339 1775 illud
3387 1729 3441 1775 et
3476 1734 3584 1774 non

1998 1826 2261 1880 usitatum
2291 1820 2621 1877 sacrificium
2664 1819 2884 1883 obtulit,
2911 1827 2965 1870 et
3009 1818 3322 1873 sacerdotes
3367 1815 3592 1881 insuper

297 1903 587 1972 οὐρανίαις
627 1904 903 1973 νεφέλαις,
949 1906 1041 1959 καὶ
1074 1906 1237 1959 πλέον
1273 1906 1524 1976 τριετοῦς
1558 1909 1755 1979 χρόνου
1790 1908 1890 1979 τὴν

2004 1916 2265 1971 dedecore
2295 1912 2525 1968 affectos
2554 1911 2943 1975 immolavit";
2977 1910 3066 1979 qui
3095 1906 3591 1977 pentecontarchos

296 1994 401 2064 γῆν
431 1995 624 2066 αἰχμῷ
653 1996 956 2067 βασανίσας
978 2039 994 2063 ,
1025 1998 1054 2049 6
1084 2002 1151 2068 τῇ
1180 1999 1442 2071 ξενοδόχῳ
1472 2001 1761 2073 Σαραφθίᾳ
1790 2002 1891 2071 τὴν

297 2086 408 2141 τῶν
449 2088 695 2158 ἀλφίτων
725 2090 905 2160 δράκα
959 2093 1190 2161 ταμεῖον
1220 2093 1497 2161 ἀμείωτον
1531 2096 1891 2163 παρασκευά-

300 2194 421 2243 σας,
458 2179 556 2231 καὶ
592 2178 685 2232 τοῦ
724 2177 905 2233 ἐλαίου
945 2180 1047 2249 τὴν
1080 2179 1318 2250 λήκυθον
1361 2180 1577 2252 ἆληκτα
1618 2181 1891 2249 πηγάζειν

297 2270 567 2339 ποιήσας,
618 2270 647 2322 6
680 2269 760 2339 τῷ
804 2269 1130 2339 τεθνήξαντι
1183 2270 1337 2323 παιδὶ
1378 2271 1468 2324 διὰ
1512 2271 1609 2325 τοῦ
1662 2272 1891 2342 τρισσοῦ

294 2363 705 2432 ὲμφυσήματος
734 2361 834 2432 τὴν
858 2362 1006 2431 ζωὴν
1034 2363 1429 2433 χαρισάμενος,
1457 2365 1485 2417 6
1511 2364 1572 2417 τὸ
1598 2364 1894 2435 ἁείρῥυτον

294 2455 393 2508 τοῦ
461 2455 730 2525 Ἰορδάνου
792 2456 1009 2527 ῥεῖθρον
1074 2458 1140 2527 τῇ
1197 2457 1425 2529 μηλωτῇ
1485 2458 1740 2529 στήσας,
1797 2460 1893 2511 καὶ

295 2551 461 2604 ποσὶν
493 2550 752 2620 ἁϐρὸχοις
794 2549 1164 2621 διαπεράσας,
1211 2553 1239 2604 6
1270 2552 1486 2623 πυρίνῳ
1522 2552 1730 2622 ἅρματι
1762 2554 1893 2607 ἁνα-

295 2644 529 2715 ληφθεὶς
557 2644 636 2705 είς
666 2643 883 2714 αίθέρα,
921 2644 1019 2697 καὶ
1046 2644 1243 2716 διπλὴν
1270 2644 1350 2715 τῷ
1394 2645 1689 2715 Ἐλισσαίῳ
1714 2664 1896 2719 παρα-

300 2734 450 2805 σχὼν
482 2735 583 2804 τὴν
606 2735 769 2805 χάριν
801 2733 899 2787 τοῦ
930 2736 1277 2805 Πνεύματος.
1299 2729 1472 2801 Οὗτος
1498 2738 1683 2792 τοίνυν
1710 2738 1739 2790 6
1765 2754 1905 2792 soc-

295 2829 485 2893 ούτοις
527 2828 811 2895 δοξασθεὶς
863 2828 1287 2901 κατορθώμασι,
1327 2833 1457 2901 μιᾶς
1502 2832 1765 2900 γυναικὸς
1798 2832 1896 2901 ὀρ-

295 2922 403 2992 γὴν
437 2923 540 2992 οὐχ
575 2923 908 2994 ὑπήνεγκεν,
940 2923 1079 2977 ἀλλὰ
1113 2925 1549 2994 κατορῤωδησας
1574 2924 1676 2994 τῆς
1721 2922 1895 2987 Ἰεζά-

296 3016 396 3069 6ελ
445 3015 550 3087 τὴν
596 3014 851 3087 ἀπειλὴν,
897 3015 1117 3085 φεύγων
1150 3015 1323 3085 ῷχετο
1354 3014 1661 3085 πεφρικὼς,
1696 3016 1799 3069 ούκ
1828 3016 1898 3069 ἂν

296 3107 395 3163 τοῦ
450 3110 510 3186 ἔίξ
554 3110 726 3178 αὐτῆς
756 3108 1132 3179 ἠπειλημένου
1168 3108 1403 3162 θανάτου
1432 3108 1539 3172 ἔξω
1573 3110 1894 3179 γενόμενος,

297 3203 350 3255 εί
418 3198 498 3270 μὴ
574 3200 849 3269 ἐχρήσατο
923 3202 989 3271 τῇ
1072 3199 1650 3269 τεσσαρακονθημέρῳ
1720 3202 1893 3270 φυγῇ.

302 3292 505 3365 ’Δθρει
536 3291 601 3362 δὴ
632 3292 795 3345 πάλιν
835 3293 911 3361 πῆ
950 3310 1010 3345 σε
1046 3292 1216 3361 φέρον
1238 3292 1365 3359 ἄγει
1396 3290 1459 3345 τὸ
1490 3291 1691 3361 νόημα.
1730 3290 1901 3355 Ἰεζά-
1931 3273 1973 3330 c

299 3386 399 3436 δελ
438 3384 676 3446 πένθους
710 3384 865 3454 ἰσχὺς
891 3382 1281 3455 ἑρμηνεύεται,
1314 3381 1471 3453 δηλοῖ
1493 3382 1552 3435 δὲ
1583 3381 1679 3453 τὴν
1712 3383 1898 3455 ἀμαρ-

299 3477 451 3543 τίαν,
474 3476 572 3550 τὴν
596 3477 659 3530 τὸ
692 3479 913 3548 ἰσχυρὸν
936 3478 1135 3539 πένθος
1166 3477 1538 3548 προξενοῦσαν
1565 3479 1680 3539 τοῖς
1709 3478 1898 3548 ἀμαρ-

299 3572 532 3625 τάνουσι
552 3588 566 3600 ·
590 3571 797 3641 ταύτην
830 3570 1165 3626 ἀπειλοῦσαν
1186 3572 1266 3642 τῷ
1290 3569 1510 3642 ψυχικῷ
1539 3571 1689 3641 ἡμᾶς
1716 3587 1898 3642 παρα-

376 3734 421 3763 ‘°
446 3731 511 3786 lll
562 3733 697 3799 Reg.
725 3746 884 3795 xvttt,
923 3729 1014 3795 56,
1046 3728 1139 3785 40.
1216 3730 1259 3762 ¹¹
1286 3728 1355 3784 iV
1386 3731 1523 3799 Reg.
1556 3745 1596 3797 ι,
1630 3729 1782 3795 9,ίθ.
1860 3729 1895 3760 ¹¹

2021 3729 2154 3802 Reg.
2190 3746 2324 3797 imi,
2360 3731 2413 3785 1.

305 3820 369 3869 .t,
393 3804 451 3862 8.
529 3803 576 3833 ’⁸
606 3802 738 3857 ibid.
768 3802 801 3856 9
840 3816 993 3871 seqq.

2000 2026 2123 2067 cum
2151 2010 2404 2063 universo
2435 2005 2678 2062 exercitu
2709 2004 2916 2073 redegit
2947 2005 3003 2057 in
3039 2002 3317 2066 cinerem;
3358 2001 3449 2069 qui
3475 1999 3596 2054 solo

1999 2106 2166 2159 verbo
2197 2100 2433 2156 nubibus
2476 2098 2597 2154 εαξιί
2636 2098 2845 2152 obdidit
2893 2095 3128 2158 seras“,
3172 2103 3226 2148 et
3259 2093 3434 2146 tribus
3466 2106 3584 2144 am.

2000 2194 2141 2264 plius
2171 2190 2328 2244 annis
2361 2188 2612 2243 siccitate
2663 2195 2863 2240 terram
2917 2182 3105 2238 alﬂixit
3130 2183 3217 2248 “;
3251 2183 3341 2251 qui
3371 2180 3500 2234 fecit
3536 2189 3597 2232 ut

2006 2283 2237 2354 hospitae
2270 2285 2589 2350 Sareptanaa
2646 2278 2883 2347 pugillus
2938 2276 3128 2331 farina:
3182 2291 3380 2344 penum
3432 2276 3593 2329 inex-

2004 2380 2279 2440 haustum,
2305 2385 2359 2430 et
2384 2375 2630 2444 lecythus
2660 2373 2764 2426 olei
2800 2371 2919 2425 fons
2951 2371 3206 2441 perennis
3244 2368 3499 2424 evaderet
3517 2370 3591 2433 ²³;

2003 2471 2093 2541 qui
2124 2468 2454 2524 exstinctum
2484 2480 2712 2536 puerum
2763 2462 2958 2533 triplici
3015 2461 3257 2515 inhalato
3287 2460 3480 2529 Spiritu
3509 2476 3599 2514 re-

2006 2561 2224 2615 vocavit
2252 2558 2319 2612 ad
2350 2556 2602 2623 vitam”,
2636 2556 2727 2625 qui
2765 2554 3062 2623 irrequieta
3114 2553 3311 2605 ﬂuenta
3343 2550 3597 2605 Jnrdanis

2003 2653 2203 2708 melote
2244 2649 2566 2711 constravit.
2596 2658 2652 2703 et
2695 2647 2842 2702 sicco
2873 2646 3008 2715 pede
3056 2643 3459 2707 transmisit“;
3503 2641 3598 2710 qui

2006 2747 2163 2816 igneo
2192 2759 2357 2799 curru
2382 2741 2629 2796 sublatus
2644 2749 2727 2795 est
2744 2740 2798 2793 in
2818 2738 3036 2803 caelum,
3055 2744 3111 2791 et
3136 2736 3328 2789 Elismo
3352 2735 3596 2803 duplica-

2008 2848 2115 2894 tam
2151 2836 2391 2903 Spiritus
2428 2831 2659 2904 gratiam
2689 2831 2919 2901 largitus
2955 2840 3037 2884 est
3056 2831 3137 2897 ";
3170 2828 3256 2884 hic
3291 2828 3473 2898 igitur,
3501 2828 3593 2895 qui

2008 2932 2175 2985 tantis
2231 2926 2569 2982 facinoribus
2621 2932 2829 2977 tantam
2866 2923 3092 2992 gloriam
3129 2922 3231 2976 sibi
3285 2930 3594 2991 pepererat,

2008 3024 2169 3076 unius
2224 3020 2472 3075 mulieris
2524 3034 2631 3073 non
2684 3017 2945 3072 sustinuit
2976 3016 3139 3082 iram,
3186 3015 3282 3069 sed
3329 3012 3598 3068 Jezabclis

2008 3116 2403 3185 pertimescens
2432 3111 2630 3176 minas,
2671 3108 2935 3178 fugitivus
2971 3117 3023 3162 et
3068 3108 3296 3162 horrore
3341 3105 3598 3172 perfusus

2010 3206 2165 3268 abiit,
2221 3217 2320 3257 nec
2356 3212 2611 3265 mortem,
2656 3216 2820 3270 quam
2878 3200 2969 3254 illa
3013 3199 3342 3253 comminata
3394 3197 3595 3257 fuerat,

2015 3298 2226 3352 evitare
2276 3295 2565 3366 potuisset,
2616 3294 2722 3348 nisi
2754 3293 3113 3364 quadraginta
3160 3292 3369 3346 dierum
3422 3293 3599 3358 spatio

2009 3389 2258 3458 fugisset.
2294 3389 2593 3442 Considera
2624 3388 2735 3455 jam
2774 3402 2982 3448 rursus,
3016 3402 3123 3453 quo
3157 3393 3385 3453 spectet,
3421 3399 3599 3454 quove

2009 3490 2063 3533 te
2101 3480 2263 3533 ducat
2307 3480 2497 3532 harum
2546 3492 2723 3531 rerum
2762 3476 3089 3530 intellectus.
3137 3472 3354 3527 chabel
3392 3474 3595 3525 luctum

2005 3572 2383 3625 vehementem
2410 3569 2526 3641 (69)
2559 3568 2853 3639 signiﬁcat,
2904 3571 3152 3639 adeoque
3188 3568 3397 3639 peccati
3448 3581 3599 3637 sym-

2491 3730 2535 3761 ”
2562 3728 2693 3785 ibid.
2723 3728 2812 3784 16.
2866 3728 2914 3759 ’⁸
2943 3727 3075 3783 ibid.
3112 3729 3203 3784 25.
3283 3728 3329 3759 ⁸³
3353 3726 3424 3783 lV
3457 3727 3592 3797 Reg.

1549 3917 1880 3982 Francisci
1908 3918 2119 3981 Scorsi
2156 3927 2345 3984 notia.

307 4077 440 4131 dum
491 4084 739 4128 naturam
797 4084 1115 4144 rectumque
1143 4074 1428 4130 rationem.
1468 4073 1903 4144 Subjungitbzec

311 4148 454 4201 idem
503 4144 714 4199 Tullius
743 4146 773 4199 ετ
814 4144 1048 4211 Quidam
1096 4144 1182 4213 (ex
1238 4144 1459 4212 Stoicis)
1519 4145 1727 4200 brevius
1781 4161 1903 4210 per-

311 4217 638 4270 turbationes
698 4232 808 4268 esse
855 4216 1147 4281 appetitum
1189 4218 1619 4269 vehementiorem
1669 4218 1898 4276 dicunt;

312 4289 401 4341 sed
426 4287 860 4341 vehementiorem
891 4302 1009 4339 eum
1051 4302 1163 4339 esse
1192 4286 1396 4346 volunt.
1421 4289 1512 4355 qui
1555 4287 1765 4356 longius
1791 4286 1903 4339 dis-

314 4358 527 4412 cesserit
564 4372 595 4408 a
624 4367 831 4409 naturw
889 4359 1211 4411 constantia.
1269 4357 1444 4425 Atque
1475 4359 1572 4412 has
1611 4358 1903 4425 perturba-

316 4431 498 4483 tiones
533 4427 802 4494 vituperat
865 4426 1091 4492 ipsemet
1149 4425 1362 4481 Tullius
1416 4435 1528 4482 toto
1580 4427 1673 4481 illo
1737 4427 1899 4490 libro,

2011 4076 2210 4143 potius,
2256 4092 2413 4141 quam
2458 4076 2522 4130 de
2554 4077 2704 4130 rebus

2011 4147 2059 4200 ei
2104 4148 2244 4213 ipsos
2299 4148 2433 4199 nihil
2463 4148 2583 4200 hinc
2619 4143 2767 4199 aliud
2811 4164 2970 4213 quam
3010 4145 3318 4199 Platonicos
3358 4154 3404 4197 et
3441 4143 3599 4197 Peri-

2000 4217 2254 4284 pateticos
2319 4220 2515 4270 sentire
2556 4219 2822 4278 existimo,
2876 4227 3134 4286 quantum
3172 4214 3239 4286 ad
3301 4216 3401 4267 vim
3422 4230 3599 4286 rerum

2004 4288 2218 4351 attinet,
2276 4304 2379 4341 non
2415 4290 2484 4340 ad
2513 4284 2895 4341 vocabulorum
2918 4289 3115 4340 solum.
3174 4284 3457 4338 Hactenus
3486 4284 3596 4336 Au-

2003 4358 2208 4425 gustin.
2284 4357 2375 4426 qui
2430 4359 2641 4427 prolato
2699 4358 2931 4425 Epicteti
3008 4354 3371 4412 consummati
3428 4354 3599 4409 Stoici

2008 4427 2343 4489 testimonio,
2402 4426 2722 4483 concludit:
2762 4427 2981 4497 Utrique
3031 4437 3267 4497 mentem
3308 4426 3604 4479 rationem-

2754 4077 2931 4145 [ποτε
2984 4072 3397 4128 controversiam
3424 4088 3597 4145 {nam

317 4516 369 4552 ut
422 4511 628 4565 easque
676 4497 986 4568 invehitur;
1018 4498 1149 4565 quin
1186 4498 1350 4551 etiam
1392 4514 1515 4551 cum
1578 4496 1905 4568 Peripateti-
2004 4514 2104 4567 que
2154 4500 2410 4567 sapientis
2449 4500 2516 4551 ab
2568 4515 2751 4553 earum
2803 4496 3200 4568 (passionum)
3237 4496 3602 4568 dominatione

315 4584 503 4623 eorum
548 4567 883 4635 opinionem,
929 4569 1357 4622 mediocritatem
1390 4570 1441 4621 in
1466 4570 1631 4621 animi
1661 4566 1905 4621 aﬂ‘eetio-

2010 4564 2326 4637 defendunt,
2362 4579 2471 4623 etc.
2534 4570 2664 4623 Vide
2722 4564 2862 4636 apud
2907 4570 3082 4636 ipsmn
3117 4576 3171 4619 et
3221 4580 3288 4619 ex
3327 4564 3603 4637 recentio-

316 4640 481 4693 nibus
531 4612 675 4692 recte
735 4612 1166 4701 admittentium,
1210 4640 1613 4707 reprehendere
1661 4638 1899 4702 videtur,
1932 4612 1982 4672 D
2015 4612 2165 4692 rilius
2212 4612 2479 4707 theologis
2540 4612 3231 4708 Tlieopliﬁullaﬁaudum,
3272 4636 3363 4708 qui
3421 4635 3603 4708 erudi-

318 4724 535 4777 semper
579 4709 630 4761 in
663 4708 954 4777 ἀμφιδόλῳ
988 4710 1191 4761 versari
1257 4719 1311 4760 et
1365 4709 1613 4763 laborare
1663 4709 1900 4774 videtur,

318 4796 382 4833 ac
414 4780 583 4833 verbo
607 4787 758 4831 tenus
776 4793 870 4831 eos
898 4779 1260 4845 reprehendit.
1303 4793 1359 4831 re
1389 4789 1570 4831 autem
1603 4794 1729 4831 vera
1763 4793 1906 4832 sem-

323 4866 420 4920 per
469 4848 908 4920 perturbationes
958 4861 1019 4920 et
1053 4849 1121 4901 τὰ
1159 4850 1306 4916 πάθη
1340 4850 1561 4901 notione
1582 4850 1693 4918 jam
1727 4849 1903 4916 posita

323 4919 689 4989 reprehendit.
720 4919 860 4988 Lege
915 4919 1088 4980 illum,
1131 4930 1183 4973 et
1230 4919 1516 4985 expende;
1570 4931 1732 4987 atque
1790 4934 1902 4973 rem

325 4988 411 5046 me
446 5004 671 5043 narrare
707 4990 935 5044 videbis.
988 4988 1041 5042 id
1079 4990 1221 5057 quod
1266 4991 1395 5052 vidi,
1430 4998 1486 5042 et.
1537 4990 1724 5044 docuit
1777 5004 1905 5043 san-

324 5073 446 5120 etus
486 5058 719 5112 Thomas
748 5076 856 5113 sec.
886 5068 1081 5122 quiest.
1113 5061 1206 5121 ‘24,
1245 5072 1350 5114 art.
1384 5061 1436 5123 1,
1475 5059 1527 5112 in
1560 5074 1712 5127 corp.
1747 5060 1904 5125 cujus

326 5138 445 5191 haec
480 5132 641 5183 Verba
667 5149 680 5182 :
711 5131 1019 5190 Dicendum,
1055 5132 1194 5197 quod
1214 5132 1358 5183 circa
1396 5132 1532 5200 lianc
1560 5131 1904 5200 quwstionem

325 5209 533 5259 diversa
560 5200 660 5268 fuit
696 5211 953 5255 sententia
995 5200 1294 5256 Stoicorum
1320 5213 1367 5255 et
1396 5198 1899 5267 Peripateticorum.

335 5274 479 5328 Nam
519 5273 699 5343 Stoici
750 5274 995 5325 dixerunt
1025 5288 1201 5325 omnes
1245 5273 1517 5341 passiones
1544 5287 1657 5324 esse
1686 5271 1855 5325 malas
1881 5288 1901 5335 ;

335 5342 668 5412 Peripaterici
694 5342 697 5343 ⁷
722 5359 841 5395 vero
871 5343 1115 5395 dixerunt
1139 5344 1409 5410 passiones
1465 5343 1766 5395 moderatas
1791 5358 1901 5395 esse

335 5419 547 5477 bonas;
596 5430 712 5477 qua:
754 5415 966 5479 quidem
1017 5414 1316 5480 differentia
1345 5413 1462 5464 licet
1508 5428 1698 5481 magna
1725 5414 1902 5465 videa-

330 5500 421 5540 ιιι·
472 5490 760 5540 secundum
831 5500 1024 5546 vocem,
1086 5497 1260 5536 tamen
1321 5485 1605 5536 secundum
1663 5499 1770 5536 rem
1805 5481 1899 5535 'vel

333 5559 482 5611 nulla
508 5564 706 5619 est,vet
736 5571 947 5623 parra,
977 5556 1021 5605 si
1046 5555 1163 5621 quis
1194 5566 1531 5619 utrorumque
1580 5554 1897 5606 intentiones

332 5628 648 5681 consideret.
707 5622 773 5677 Et
807 5634 1000 5692 qua-st.
1028 5624 1117 5686 59,
1154 5634 1258 5677 art.
1294 5624 1349 5685 2,
1385 5624 1522 5675 idem
1555 5623 1744 5686 decet,
1774 5638 1899 5678 eas-

334 5714 440 5763 que
495 5708 675 5750 sertas
722 5695 999 5749 conciliat.
1032 5695 1173 5763 Ideni
1213 5694 1273 5746 ι).
1311 5694 1595 5760 Augustini
1628 5693 1892 5761 judicium

337 5762 428 5821 lib.
460 5784 511 5823 ιι
554 5768 627 5819 De
658 5767 797 5819 civit.
832 5780 950 5833 Cap.
988 5765 1055 5819 ιε
1110 5762 1325 5816 Videtur
1351 5765 1499 5825 mihi,
1550 5765 1744 5832 inquit,
1773 5764 1893 5827 hoc,

336 5843 420 5891 ubi
469 5839 754 5909 qum-itur,
802 5850 982 5909 utrum
1050 5836 1291 5909 accidant
1354 5836 1577 5909 sapienti
1625 5837 1892 5909 passiones

336 5905 519 5979 auaui,
565 5926 634 5962 an
670 5908 733 5962 ab
764 5906 837 5963 eis
871 5906 936 5959 sit
973 5923 1185 5975 prorsus
1220 5906 1371 5959 alien:
1396 5922 1439 5972 δ,
1477 5905 1540 5959 de
1601 5905 1756 5961 verbis
1805 5922 1891 5959 eos

2016 4709 2229 4763 tissime
2281 4712 2347 4763 de
2389 4704 2487 4763 hoc
2518 4704 2719 4777 genere
2765 4704 2986 4777 scripsit
3028 4719 3157 4760 tom.
3194 4705 3258 4768 Il,
3292 4704 3599 4777 jamdicto,

2014 4778 2102 4831 tibi
2166 4781 2354 4849 longos
2411 4776 2574 4834 refert
2623 4778 2847 4833 Senecae
2883 4776 2953 4832 iet
3011 4777 3239 4849 Epicteti
3290 4776 3603 4849 Stoicorum

2011 4846 2532 4917 perfectissimerum
2594 4850 2743 4904 locos
2795 4850 2884 4917 qui
2933 4858 3111 4903 motus
3164 4846 3600 4917 alIectionesque

2012 4916 2181 4973 animi
2234 4937 2340 4975 non
2383 4922 2555 4975 solum
2594 4922 2822 4988 primos,
2882 4918 3204 4972 naturaliter
3266 4916 3601 4978 concitatos,

2010 4992 2104 5043 sed
2141 4990 2303 5044 etiam
2352 4993 2618 5047 admissos
2670 5007 2738 5045 ex
2787 4990 3047 5058 regimine
3114 4988 3340 5042 rationis
3403 5000 3605 5040 conce-

2009 5061 2165 5126 dunt,
2233 5062 2583 5129 perturbatus
2642 5062 2928 5115 damnant.
2980 5058 3089 5112 Nec
3120 5060 3270 5126 plura
3314 5073 3341 5109 a
3392 5072 3476 5110 me
3508 5059 3605 5129 ha-

2008 5131 2162 5187 bebis
2192 5148 2207 5195 ;
2236 5128 2374 5185 nam
2427 5132 2673 5200 proiecto
2730 5133 2775 5184 si
2816 5130 2981 5185 Stoici
3024 5133 3336 5189 trahuntur,
3392 5129 3473 5179 vel
3504 5128 3602 5200 dn_-

2007 5211 2209 5255 cuntnr
2236 5198 2440 5271 potius
2477 5204 2528 5255 in
2588 5210 2792 5256 rectam
2837 5201 3174 5269 opinionem,
3210 5213 3507 5266 eorumque
3542 5198 3605 5250 τὸ

2006 5273 2336 5343 περιϐόητον
2374 5274 2554 5342 δόγμα
2621 5272 2935 5327 defenditur
2977 5281 3032 5343 et
3080 5272 3603 5343 explicatur_sano

2006 5338 2169 5397 sensu
2210 5338 2490 5413 dignoque
2516 5346 2753 5397 humana
2791 5342 3080 5411 sapientia,
3106 5338 3295 5410 quidni
3330 5341 3378 5391 in
3413 5338 3602 5413 Patri-

2007 5414 2107 5467 bus
2132 5405 2554 5483 cum'usni'pant
2581 5405 2869 5477 ἀπαθείας
2892 5428 3102 5473 vocem,
3125 5405 3189 5461 'id
3223 5405 3561 5477 prastetur?

2076 5505 2190 5574 (69)
2250 5504 2480 5559 Luctum
2540 5506 2909 5559 vehementem.
2971 5503 3179 5558 Nomen
3244 5499 3463 5553 Jezabel
3497 5498 3593 5574 “ita

2004 5568 2269 5631 Hebraice
2309 5579 2573 5647 scriptum
2629 5574 2805 5631 estlll
2851 5578 2979 5645 Meg.
3040 5589 3162 5642 cap.
3199 5587 3308 5633 xvu,
3371 5578 3426 5623 et
3460 5568 3593 5622 alibi

1996 5654 2181 5733 ‘mm,
2230 5671 2386 5740 cujus
2440 5671 2521 5724 ita:
2583 5670 2776 5726 littera!
2819 5668 3181 5740 constituunt_
3225 5678 3424 5740 nomen
3480 5672 3596 5740 πίει

2001 5744 2141 5811 quod
2170 5732 2374 5794 luctum
2426 5742 2735 5808 siguilivat;
2777 5750 2831 5794 et
2873 5739 3097 5811 verbum
3150 5732 3591 5811 iisdem_lit_teris

2001 5801 2198 5881 lugere,
2244 5801 2504 5879 desulare,
2541 5801 2732 5880 perire,
2799 5824 2917 5879 quae
2960 5807 3133 5863 luctus
3191 5801 3597 5875 tuaguiellecta

2000 5895 2149 5941 sunt.
