4024 6416
398 398 503 460 507

1571 403 1674 464 ΤΗ
1687 400 2069 463 EOPHANIS
2106 400 2447 463 CERAMEI

3566 398 3681 459 508

396 514 579 566 bulum
632 520 740 577 est,
798 510 942 582 quod
999 511 1177 569 luctus
1232 513 1538 583 gravissumi
1602 514 1981 584 peccatoribus

2090 512 2274 566 δοῦναι
2314 511 2551 581 θανάτῳ,
2589 525 2814 580 φευγειν
2865 507 3137 580 προσήκει
3187 507 3562 578 ἔφεπομένους
3601 511 3682 580 τῷ

396 606 626 660 ρίῖἱυὶιτιι·
654 621 841 659 causa.
895 605 1008 660 Hoc
1055 622 1187 663 sane
1218 618 1527 678 peccatum,
1582 626 1704 665 cum
1754 620 1983 665 mortem

396 702 593 753 anima:
625 699 927 764 minitatur,
960 701 1147 754 zelotm
1182 705 1431 769 exemplo
1486 705 1673 775 fugere
1723 716 1939 776 oportet
1967 745 1984 771 ,

395 802 446 843 et
495 806 589 859 per
623 793 978 859 quadraginta
1031 794 1239 873 dierum
1293 795 1703 855 amictationem
1736 801 1855 869 ejus
1908 801 1986 855 la—

394 898 562 949 queos
593 884 777 951 procul
809 886 1064 941 evadere.
1098 886 1233 943 lIuic
1262 891 1423 943 etiam
1460 894 1689 961 tempori
1723 894 1983 948 honorem

394 975 547 1027 auxit
590 976 856 1031 Dominus
890 990 1094 1040 noster.
1143 990 1197 1034 et
1249 997 1369 1036 cum
1407 984 1629 1039 totidem
1675 986 1986 1054 jejunasset

392 1065 535 1133 dies,
576 1077 897 1123 tentatorem
948 1071 1264 1138 debellavit,
1312 1084 1366 1129 et
1417 1091 1604 1131 earum
1647 1079 1981 1147 passionum,

391 1176 515 1228 qum
548 1162 861 1217 universum
895 1181 1066 1235 genus
1120 1167 1415 1221 humanum
1467 1182 1777 1239 oppugnant
1808 1175 1982 1226 victo-

390 1254 494 1315 ria,
555 1255 822 1308 rationem
886 1272 951 1310 ac
1022 1258 1165 1310 viam
1218 1260 1450 1313 bellandi
1516 1264 1673 1317 nobis
1720 1265 1978 1318 Ostendit.

391 1344 765 1415 Quadraginta
823 1348 1007 1402 itidem
1059 1351 1343 1405 constituti
1404 1362 1529 1407 sunt
1576 1355 1717 1420 dies,
1752 1367 1810 1409 ut
1863 1372 1985 1410 cor-

389 1439 538 1506 poris
598 1440 766 1493 etiam
840 1442 1013 1495 nostri
1084 1443 1342 1511 perfectio
1425 1446 1778 1515 signiﬁcetur.
1843 1447 1981 1503 Cum

388 1530 535 1582 enim
585 1544 648 1584 ex
694 1540 929 1599 quatuor
983 1534 1347 1601 compositum
1408 1536 1479 1591 sit
1533 1537 1840 1602 elementis,
1881 1539 1983 1593 hoc

392 1615 640 1684 perfecto
689 1634 919 1673 numero
973 1622 1333 1689 multiplicato
1398 1626 1787 1694 perfectionem
1859 1645 1977 1685 eam

392 1710 726 1777 assequitur,
774 1725 893 1777 quae
937 1711 989 1765 in
1041 1713 1273 1778 viribus,
1324 1732 1446 1785 qua:
1498 1717 1658 1773 utiles
1711 1728 1870 1785 sunt,
1925 1728 1981 1774 et

393 1800 660 1865 spirituali
738 1804 923 1871 vigore
1001 1808 1329 1863 continetur.
1396 1809 1530 1863 Octo
1597 1825 1724 1864 vero
1785 1809 1979 1868 diebus

392 1892 560 1946 additi
615 1895 974 1965 quadraginta
1024 1897 1191 1952 futuri
1232 1900 1415 1955 saeculi
1466 1898 1774 1971 symbolum
1829 1909 1978 1966 sunt,

392 1986 535 2053 quod
593 2000 727 2042 sane
776 1999 982 2044 octava:
1027 1992 1411 2060 perfectionem
1462 1992 1642 2056 habet,
1692 2002 1749 2047 ut
1787 1992 1984 2049 stabile

391 2091 445 2131 et
506 2081 922 2149 sempiternum.
990 2088 1215 2151 Oportet
1273 2083 1418 2139 enim
1472 2100 1569 2138 nos
1624 2084 1691 2138 ab
1754 2084 1985 2155 hujusce

394 2172 658 2241 temporis
687 2172 849 2243 158
888 2175 1187 2229 mutatione
1239 2176 1546 2244 septenaria
1573 2175 1684 2246 (70)
1734 2179 1801 2230 ad
1833 2184 1983 2231 octa-

391 2278 515 2317 vam
569 2264 714 2318 illam
773 2278 825 2319 et
887 2268 1124 2336 quietem
1176 2276 1352 2323 status
1408 2268 1572 2322 l'uturi
1636 2271 1869 2325 traduci.
1924 2271 1981 2327 Si

393 2372 522 2411 vero
576 2357 796 2426 triginta
839 2374 903 2412 ac
956 2375 1051 2413 sex
1085 2360 1202 2415 dies
1252 2370 1399 2427 sunt,
1451 2363 1651 2431 quibus
1700 2378 1824 2417 cum
1855 2364 1983 2419 reli-

392 2466 621 2518 quorum
674 2453 1005 2507 abstinentia
1058 2462 1311 2508 exactum
1357 2454 1518 2510 etiam
1569 2454 1835 2525 jejunium
1863 2457 1979 2529 (7|)

390 2544 791 2599 observandum
827 2547 1189 2614 suscepimus,
1224 2561 1399 2617 neque
1440 2549 1541 2603 hoc
1568 2563 1598 2603 a
1645 2559 1982 2620 congruente

391 2635 649 2705 allegoria
682 2646 766 2691 est
789 2637 1047 2694 alienum.
1085 2638 1198 2693 Non
1236 2639 1408 2694 solum
1442 2640 1587 2696 enim
1614 2658 1680 2697 ex
1714 2644 1817 2699 hoc
1861 2645 1981 2700 die-

396 2741 513 2780 rum
551 2743 781 2784 nmnero
814 2731 981 2785 t0tius
1004 2732 1133 2784 anni
1170 2731 1589 2803 decimatiot72)
1620 2733 1978 2802 signiﬁcatur,

391 2819 486 2871 sed
524 2820 751 2889 mystica
781 2821 1029 2888 qumdam
1075 2823 1180 2876 alia
1225 2823 1536 2891 suggeritur
1571 2826 1977 2892 contemplatio.

392 2908 656 2972 Quoniam
685 2911 829 2964 enim
881 2926 941 2965 ea
975 2928 1097 2981 qua:
1127 2913 1361 2967 maxime
1386 2915 1676 2970 conciliant
1704 2916 1977 2972 hominem

394 3000 523 3064 Deo,
583 3013 711 3057 sunt
768 3016 913 3057 recta
968 3008 1035 3060 de
1083 3006 1193 3060 Deo
1242 3010 1511 3062 sententia
1565 3020 1618 3063 et
1668 3011 1982 3065 observatio

394 3103 812 3161 praeceptorum,
850 3097 1133 3166 utriusque
1172 3098 1246 3153 rei
1297 3101 1637 3154 reconditam
1685 3103 1978 3169 quamdam

391 3180 702 3238 doctrinam
748 3185 836 3240 hic
882 3202 1141 3242 numerus
1187 3191 1620 3258 comprehendit,
1662 3190 1976 3246 firmitatem
2007 3223 2051 3281 ο

390 3275 605 3331 scilicet
652 3287 815 3347 atque
838 3280 1198 3334 constantiam
1231 3281 1284 3335 in
1314 3281 1418 3336 lide
1451 3292 1655 3337 sanetae
1673 3281 1979 3352 Trinitatis,

390 3376 445 3420 et
487 3367 746 3423 virtutum
794 3370 1085 3437 circulum,
1131 3387 1293 3442 quem
1339 3372 1533 3443 jejunii
1594 3384 1840 3444 tempore
1887 3392 1983 3432 ex-

391 3457 653 3526 pleamus.
701 3460 869 3517 Aiunt
894 3466 1037 3518 enim
1090 3463 1234 3519 hunc
1286 3480 1573 3519 numerum
1607 3466 1897 3533 circulum,
1929 3477 1985 3522 et

396 3551 689 3623 trigonum,
715 3565 769 3612 et
807 3566 1144 3631 tetragonum
1168 3558 1447 3629 esse(73).
1482 3557 1673 3630 Itaque
1706 3560 1981 3631 trigonum

2091 605 2185 657 τοῦ
2210 604 2458 673 ζηλωτοῦ
2497 603 2887 673 ὑποδείγματι,
2912 601 3010 656 καὶ
3040 601 3129 655 διὰ
3164 602 3263 671 τῆς
3297 619 3678 672 τεσσαρακον-

2091 698 2338 769 Οημέρου
2372 698 2770 760 κακοπαθείας,
2809 695 2917 749 τῶν
2940 694 3119 763 αὐτῆς
3146 694 3398 763 παγίδων
3421 695 3683 763 γενέσθαι

2093 792 2335 861 μακράν.
2368 790 2572 844 Τοῦτον
2594 789 2685 842 τὸν
2712 788 2907 858 καιρὸν
2934 788 3185 858 τιμήσας
3218 787 3313 839 καὶ
3342 788 3371 838 ὁ
3398 787 3682 856 Δεσπότης

2090 883 2332 952 ἡμῶν,ὲν
2344 882 2637 945 τοσαύταις
2658 881 2895 952 ἡμέραις
2911 877 3313 950 νενηστευκὼς,
3332 896 3682 951 καταστρατ-

2088 976 2218 1045 ηγεῖ
2257 976 2350 1028 τὸν
2395 975 2757 1046 πειρἀζοντα,
2790 975 2884 1028 καὶ
2913 972 3103 1025 τοῦτον
3137 972 3384 1041 ἡττήσας
3418 973 3506 1025 διὰ
3567 972 3680 1026 τῶν

2087 1067 2461 1134 γενικοτάτων
2514 1067 2707 1120 παθῶν
2773 1066 2870 1120 τοῦ
2928 1066 3054 1119 κατ’
3083 1064 3251 1117 αὐτοῦ
3293 1065 3534 1135 πολέμου
3577 1067 3678 1137 τὴν

2086 1160 2205 1213 ὁδὸν
2248 1162 2383 1230 ἡμῖν
2441 1159 2826 1224 καθυπέδειξε.
2878 1159 3309 1228 Τεσσαράκοντα
3359 1159 3417 1212 δὲ
3469 1160 3679 1228 ἡμέραι

2085 1254 2399 1317 τάσσονται,
2448 1254 2710 1323 δηλοῦοαι
2752 1254 2853 1315 τὴν
2897 1253 2991 1306 τοῦ
3031 1254 3284 1323 σώματος
3317 1253 3634 1321 τελειότητα
3660 1269 3678 1283 ’

2085 1346 2149 1399 ἐκ
2179 1347 2463 1417 τεσσάρων
2496 1347 2605 1416 γὰρ
2636 1346 2921 1415 στοιχείων
2950 1346 3073 1416 ἔχον
3102 1347 3201 1417 τὴν
3238 1345 3565 1415 σύγκρασιν,
3599 1344 3680 1413 τῷ

2083 1439 2275 1510 τελείῳ
2318 1439 2540 1510 ἀριθμῷ
2584 1440 3166 1510 πολυπλασιαζόμενον
3199 1439 3409 1492 τέλειον
3460 1440 3679 1507 γίνεται

2084 1528 2477 1597 πνευματικῶς
2513 1528 2768 1598 ἀκμάζον
2799 1530 2920 1590 ταῖς
2968 1528 3309 1599 προσφόροις
3345 1530 3677 1597 δυνάμεσιν.

2084 1619 2152 1671 Δί
2184 1620 2242 1672 δὲ
2289 1619 2438 1673 ὀκτὼ
2487 1620 2901 1688 τεσσαράκοντα
2951 1620 3382 1693 προστιθέμεναι
3418 1622 3511 1676 τοῦ
3542 1622 3680 1692 μέλ-

2081 1711 2267 1775 λοντος
2298 1712 2494 1775 αἰῶνος
2521 1713 2836 1783 ὑπάρχουσι
2876 1713 3169 1783 σύμϐολον,
3202 1714 3260 1779 ὃς
3302 1714 3492 1782 ὄγδοός
3531 1716 3675 1777 ἐστι,

2083 1806 2178 1860 καὶ
2208 1804 2402 1868 ἑστὼς,
2440 1806 2536 1858 καὶ
2570 1806 2763 1865 ἀίδιος.
2814 1808 2907 1859 Δεῖ
2943 1808 3051 1876 γὰρ
3081 1808 3231 1877 ἡμᾶς
3271 1807 3380 1860 ἀπὸ
3417 1807 3516 1877 τῆς
3581 1807 3681 1858 ἑὸ·

2090 1899 2393 1969 δοματικῆς
2447 1899 2651 1967 ταύτης
2718 1898 2812 1953 τοῦ
2875 1900 3070 1969 χρόνου
3126 1901 3395 1968 κινήσεως
3442 1902 3523 1963 είς
3578 1901 3679 1968 τὴν

2091 1990 2288 2061 ὀγδόην
2346 1992 2441 2044 καὶ
2483 1992 2788 2062 μέλλουσαν
2835 1992 3181 2061 καταντῆσαι
3211 1992 3572 2045 κατάστασιν.
3614 1993 3681 2045 Ei

2091 2081 2148 2135 δὲ
2179 2082 2274 2135 καὶ
2306 2082 2602 2151 τριάκοντα
2675 2082 2772 2137 καὶ
2798 2082 2856 2149 ἒξ
2883 2083 3087 2154 ἡμέραι
3121 2085 3283 2148 είσὶν,
3328 2086 3385 2138 ὲν
3418 2079 3506 2147 αἷς
3539 2084 3681 2153 μετὰ

2090 2175 2187 2246 τῆς
2212 2175 2540 2246 ἐγκρατείας
2575 2175 2667 2229 καὶ
2694 2178 2953 2248 νηστείαν
2978 2177 3181 2248 ἀκριϐῆ
3208 2180 3398 2246 τηρεῖν
3432 2177 3648 2247 παρελά
3675 2210 3684 2218 -

2092 2265 2286 2338 σομεν,
2318 2267 2439 2320 οὐδὲ
2470 2266 2629 2321 τοῦτο
2654 2272 2754 2338 τῆς
2781 2269 3104 2339 πρεπούσης
3123 2270 3358 2341 θεωρίας
3382 2270 3677 2322 ἀνοίκειον.

2091 2360 2168 2413 Οὐ
2202 2360 2363 2430 μόνον
2393 2361 2504 2431 γὰρ
2554 2363 2971 2427 ἀποδεκατωσις
3015 2366 3081 2418 ὲκ
3128 2363 3337 2417 τούτων
3389 2363 3674 2416 δείκνυται

2089 2452 2185 2505 τοῦ
2216 2452 2343 2507 ὅλου
2375 2454 2653 2520 ἐνιαυτοῦ,
2698 2455 2838 2510 ἀλλὰ
2884 2458 2982 2510 καὶ
3034 2457 3303 2526 μυστικόν
3332 2474 3384 2509 τι
3422 2457 3682 2525 ἐμφαίνει

2090 2540 2377 2615 Θεώρημα.
2428 2544 2650 2615 Ἐπειδὴ
2697 2545 2806 2614 γὰρ
2838 2547 2907 2599 τὰ
2935 2546 3015 2617 τῷ
3054 2545 3174 2616 Θεῷ
3221 2546 3684 2617 προσοικειοῦντα

2088 2634 2181 2688 τὸν
2214 2634 2507 2707 ἄνθρωπον
2540 2637 2717 2691 ταῦτά
2748 2638 2921 2703 ἔστιν,
2946 2639 2980 2708 ἥ
3005 2654 3064 2690 τε
3100 2637 3236 2709 ὀρθὴ
3272 2639 3399 2709 περὶ
3432 2640 3494 2692 τὸ
3520 2638 3682 2690 Θείον

2089 2726 2383 2798 ὑπόληψις,
2429 2729 2525 2782 καὶ
2563 2733 2597 2799 ἡ
2638 2730 2704 2784 ὲκ
2733 2729 2843 2783 τῶν
2874 2729 3105 2783 ἐντολῶν
3138 2731 3394 2801 τήρησις.
3432 2731 3678 2798 ἀμφοτέ-

2091 2837 2200 2892 ρων
2228 2821 2329 2892 τὴν
2356 2822 2754 2891 μυσταγωγίαν
2791 2821 3040 2894 περιέχει
3073 2825 3101 2876 ὁ
3136 2824 3371 2894 ἀριθμός
3393 2839 3406 2851 ·
3442 2823 3502 2875 τὸ
3530 2825 3590 2874 ἐν
3609 2824 3681 2893 τῇ

2089 2911 2272 2965 πίστει
2318 2913 2417 2980 τῆς
2460 2914 2624 2982 ἁγίας
2655 2914 2889 2984 Τρίαδος
2935 2914 3151 2979 ἑδραῖον
3183 2916 3274 2967 καὶ
3308 2914 3676 2983 ἀμετάθετον,

2087 3005 2185 3056 καὶ
2210 3004 2302 3056 τὸν
2331 3003 2529 3057 κύκλον
2579 3005 2692 3057 τῶν
2718 3006 2950 3075 ἀρετῶν,
2978 3000 3052 3059 ὧν
3082 3006 3364 3079 πληρωταὶ
3388 3005 3680 3075 γενώμεθα

2088 3096 2147 3148 ὲν
2175 3095 2253 3164 τῷ
2285 3099 2387 3165 τῆς
2419 3096 2680 3165 νηστείας
2726 3097 2925 3167 καιρῷ.
2974 3096 3113 3149 Φασὶ
3159 3099 3267 3167 γὰρ
3310 3097 3401 3151 τὸν
3444 3098 3681 3168 ἀριθμὸν

2089 3186 2280 3240 τοῦτον
2310 3188 2404 3239 καὶ
2437 3187 2640 3241 κύκλον
2698 3184 2863 3252 εἶναι,
2903 3190 2996 3241 καὶ
3024 3190 3314 3257 τρίγωνον,
3353 3191 3448 3241 καὶ
3476 3187 3677 3259 τετρά-

2088 3295 2264 3347 γωνον
2287 3296 2301 3311 ο
2327 3278 2583 3347 δηλοῦται
2615 3279 2672 3331 δὲ
2698 3279 2787 3332 διὰ
2812 3279 2911 3348 μὲν
2933 3279 3028 3332 τοῦ
3053 3280 3321 3350 τρ.γ.ἱ›νου
3342 3280 3438 3348 τῆς
3465 3279 3679 3340 ἐνιαῖας

2091 3373 2307 3442 φύσεως
2337 3375 2369 3443 ἠ
2402 3372 2512 3426 τῶν
2554 3373 2871 3443 προσώπων
2912 3373 3156 3443 διαφορά
3188 3388 3203 3403 ’
3241 3373 3329 3425 διὰ
3357 3372 3413 3424 δὲ
3454 3370 3546 3423 τοῦ
3586 3387 3680 3422 τε·

2088 3468 2397 3539 τραγώνου,
2431 3469 2463 3537 ή
2498 3467 2639 3538 πρὸς
2674 3468 2848 3538 αὐτὴν
2891 3465 3029 3537 ὀρθὴ
3078 3466 3263 3529 πίστις
3318 3465 3414 3518 καὶ
3454 3464 3681 3533 πάγιος.

2091 3560 2504 3631 Δυσμετάθετον
2548 3561 2658 3634 γὰρ
2710 3560 2773 3615 τὸ
2828 3560 3018 3631 σχῆμα
3063 3556 3163 3611 τοῦ
3196 3552 3569 3628 τετραγώνου,
3604 3549 3677 3607 δι’

1631 3720 1959 3784 Fraucisci
1989 3722 2198 3785 Scorsi
2232 3730 2422 3785 notm.

467 3858 582 3934 (70)
625 3859 922 3915 Mutatione
961 3864 1281 3930 septenario.
1344 3864 1479 3919 Vide
1516 3880 1635 3934 qum
1680 3864 1748 3919 de
1788 3875 1978 3934 septe-

395 3932 551 3984 nario
599 3946 826 3985 numero
884 3934 1321 3997 observavimus,
1373 3932 1546 3990 hom.'
1582 3937 1635 3998 Ι,
1680 3943 1796 3990 not.
1844 3932 1976 4001 000,

395 4011 451 4075 et
482 4011 741 4075 prmterea
772 4001 1073 4075 longiorem
1126 4007 1410 4075 mysticam
1476 4007 1977 4059 considerationem

394 4069 639 4144 Philonis
690 4068 923 4144 Hebraei,
960 4072 1064 4144 _lih.
1104 4068 1393 4128 De’mnndi
1458 4076 1708 4144 api/icio;
1768 4076 1981 4132 Macro-

396 4142 542 4263 hinlzn
584 4155 705 4263 eaq.
746 4140 800 4206 6,
844 4142 898 4196 in
953 4142 1142 4199 Somn.
1204 4145 1351 4215 Scip.
1386 4161 1401 4211 ;
1439 4140 1739 4201 et’l’ctrum
1770 4148 1979 4218 Bongo,

396 4226 449 4263 ltt
518 4227 628 4263 um.
697 4249 712 4263 .

396 4226 449 4264 IlI
480 4226 628 4265 num.
660 4226 712 4265 Ἰ.

467 4282 581 4356 (71)
624 4280 887 4356 Ιξταειιιηι
929 4286 1092 4338 etiam
1158 4285 1438 4353 jejunium.
1490 4288 1567 4342 De
1604 4289 1817 4343 ratione
1844 4288 1981 4356 jeju-

395 4352 471 4405 nii
521 4368 586 4427 ex
610 4352 954 4427 Δ(ὶτῷςοιζιιιη
1013 4372 1164 4427 more
1188 4359 1496 4424 constituti,
1528 4360 1670 4413 unde
1710 4352 1980 4427 petendus

394 4431 481 4475 est
535 4421 864 4497 ltujusulibri
902 4426 1231 4489 intellectus,
1276 4428 1364 4481 ubi
1403 4421 1621 4497 triginta
1653 4421 1748 4483 se'x
1784 4429 1981 4483 diebus

394 4504 648 4547 exactum
663 4494 809 4618 ἐξω
831 4496 1113 4551 observari
1140 4496 1403 4567 jejunium
1429 4494 1791 4553 disseruimus
1827 4500 1977 4554 hom.

395 4579 488 4618 xv.
520 4574 632 4617 not.
738 4602 751 4617 .

395 4579 488 4625 XV,
520 4574 632 4617 ηοῑ.
663 4574 751 4618 5U.

2152 3866 2267 3938 (75)
2290 3865 2572 3938 Circulum
2598 3874 2649 3920 et
2673 3865 2961 3934 trigonum,
2994 3874 3042 3919 et
3060 3875 3388 3935 tetragonum
3413 3882 3543 3919 esse.
3571 3864 3681 3921 [Ias

2078 3937 2297 3992 numeri
2348 3938 2616 3993 tricesimi
2666 3939 2803 3991 sexti
2856 3937 3235 3995 arithmeticos
3277 3938 3537 3999 rationes,
3575 3952 3674 3990 seu

2081 4010 2283 4075 figuras
2322 4009 2645 4062 mathemat.
2675 4008 2855 4076 posuit
2891 4018 3080 4059 noster
3122 4010 3222 4059 hac
3260 4006 3507 4068 humilia,
3541 4021 3679 4071 quas

2082 4080 2269 4133 itidem
2310 4078 2579 4132 homiliat
2624 4088 2904 4147 posuerat,
2932 4078 3026 4131 sed
3083 4093 3187 4129 non
3223 4078 3468 4143 exponit.
3504 4076 3678 4130 Sena-

2085 4151 2226 4203 rium
2296 4160 2421 4201 item
2461 4164 2747 4203 numerum
2783 4148 2931 4201 hom.
2988 4148 3055 4201 de
3086 4147 3320 4215 judicio,
3358 4148 3529 4199 trinas
3583 4150 3679 4200 ha-

2086 4221 2219 4274 bere
2268 4220 2654 4285 dimensiones,
2687 4227 2741 4271 et
2793 4232 2859 4271 ex
2921 4218 3151 4283 trigonis
3209 4218 3465 4284 componi
3510 4216 3679 4280 dixit,

2088 4305 2191 4343 nec
2243 4290 2535 4356 explicuit;
2597 4289 2732 4344 satis
2760 4289 2905 4342 enim
2943 4289 3130 4341 habuit
3153 4301 3247 4339 eas
3280 4288 3462 4340 theses
3486 4287 3554 4338 ab
3583 4302 3675 4339 ea-

2090 4375 2212 4413 rum
2249 4374 2429 4412 rertttu
2456 4359 2818 4425 scriptoribus
2866 4360 2932 4412 ad
2982 4359 3099 4427 pios
3154 4372 3350 4411 sensus
3380 4358 3678 4409 conﬁcien-

2092 4431 2191 4484 dos
2224 4442 2521 4485 assumere.
2579 4429 2685 4484 Sed
2740 4429 2884 4495 quod
2919 4439 2973 4482 et
3009 4429 3255 4496 inprima
3302 4428 3388 4479 illa
3442 4428 3592 4481 hom.
3622 4434 3678 4481 et

2093 4501 2304 4554 decima
2336 4508 2531 4554 octava
2571 4499 2801 4569 polliciti
2854 4514 3065 4563 sumus,
3118 4513 3177 4551 ea
3215 4514 3312 4551 nos
3353 4497 3679 4569 explanatu-

2095 4586 2209 4635 ros,
2262 4579 2320 4622 ut
2363 4570 2497 4624 nihil
2540 4568 2840 4624 involutum
2880 4584 2945 4622 ac
2988 4576 3189 4621 tectum
3231 4569 3570 4636 relinquatur
3616 4568 3671 4620 in

466 4620 581 4709 (γε)
626 4633 807 4709 Totius
830 4637 957 4691 anni
981 4638 1282 4694 decimatio.
1307 4638 1444 4694 Vide
1479 4642 1678 4695 dicutm
1715 4639 1774 4693 S.
1811 4640 1974 4708 Greg.
2015 4620 2065 4683 D
2234 4620 2497 4705 auctore,
2531 4620 3067 4709 jamrprresiainus,
3098 4653 3307 4706 nosque
3361 4620 3524 4709 e'tiam
3576 4638 3675 4706 qui

397 4704 572 4774 Magni
633 4708 861 4759 relatum
917 4710 1064 4762 hom.
1120 4725 1209 4771 xv,
1254 4712 1396 4775 quod
1435 4711 1560 4764 huic
1617 4704 1977 4777 Theoph.di-

396 4785 484 4850 eto
520 4786 807 4850 consonat.
846 4777 975 4850 Sed
1014 4779 1058 4831 si
1113 4790 1226 4832 tum
1261 4780 1495 4849 ,Gregor.
1553 4789 1664 4833 tum
1727 4778 1972 4850 Theoph.

398 4849 602 4919 dictum
653 4849 719 4899 ad
775 4847 1016 4902 calculos
1077 4847 1398 4915 revocetur;
1443 4850 1669 4919 triginta
1720 4867 1812 4904 sex
1854 4847 1974 4907 dies

398 4916 607 4969 decima
666 4931 793 4984 pars
844 4934 966 4973 esse
1022 4920 1461 4990 deprehendetur
1493 4916 1705 4974 dierum
1762 4931 1977 4976 trecen-

402 4996 600 5058 torum
639 4997 694 5041 ct
745 4991 1067 5056 sexaginta;
1121 5001 1383 5058 superant
1435 5000 1616 5043 autem
1671 4993 1849 5046 adhuc
1909 5006 1977 5046 ex

399 5072 544 5109 anno
571 5056 989 5129 diesquiuque;
1040 5064 1132 5113 sed
1161 5056 1353 5114 horum
1384 5063 1509 5129 quia
1546 5076 1649 5114 non
1678 5064 1976 5129 perfectum

398 5142 465 5179 ac
516 5128 828 5200 rotundum,
868 5132 959 5182 sed
1003 5134 1293 5200 abruptum
1354 5128 1410 5186 et
1459 5128 1745 5185 concisum
1785 5148 1978 5186 nume-

403 5213 518 5250 rum
556 5196 813 5261 eliieiunt,
874 5202 1010 5254 ratio
1048 5196 1350 5268 przusertim
1383 5218 1411 5254 a
1454 5204 1628 5256 sacris
1663 5204 1978 5258 oratoribus

400 5268 587 5323 haberi
626 5284 730 5320 non
770 5270 927 5324 solet.
997 5272 1136 5337 Quin
1168 5283 1221 5325 et
1261 5271 1471 5326 Tullius
1529 5274 1694 5325 etiam
1735 5276 1787 5325 in
1832 5284 1976 5326 orat.

400 5339 456 5391 in
492 5338 551 5391 L.
585 5337 879 5393 Pisonem:
933 5340 1045 5409 Ego
1090 5344 1142 5395 in
1202 5342 1263 5397 C.
1336 5343 1551 5395 Rabirio
1598 5344 1980 5409 perduellionis

402 5425 487 5461 reo
525 5410 594 5463 40
629 5412 783 5464 annis
809 5422 928 5465 ante
950 5428 1029 5463 me
1050 5414 1316 5466 consulem
1347 5414 1713 5481 interpositam
1762 5424 1979 5467 senatus

401 5483 776 5554 unctoritatent
805 5483 1035 5536 sustinui
1066 5493 1250 5537 contra
1282 5486 1554 5547 invidiam,
1574 5496 1729 5552 atque
1745 5486 1978 5554 defendi.

399 5550 468 5624 ᾼι
503 5552 630 5624 anni
699 5565 1097 5624 prtecessm'attt
1138 5572 1244 5607 non
1298 5555 1387 5617 40,
1436 5556 1532 5609 sed
1586 5550 1821 5624 triginta
1862 5570 1978 5609 sex.

400 5620 613 5674 Accidit
690 5620 835 5675 enim
892 5624 952 5676 Ο.
1033 5623 1240 5678 Rabirii
1305 5624 1504 5678 factum
1568 5620 1860 5679 CfMario
1919 5625 1979 5679 L.

402 5688 595 5765 Flacco
650 5693 991 5765 consulibus.
1040 5694 1174 5765 Non
1222 5706 1303 5750 est
1345 5695 1509 5765 igitur
1563 5696 1781 5750 subtilis
1831 5711 1984 5749 com-

404 5762 635 5831 putatio,
667 5774 727 5815 ut
782 5762 981 5817 Paulus
1033 5764 1310 5821 Manutius
1365 5762 1417 5818 in
1469 5764 1613 5819 hunc
1648 5766 1864 5831 locum,
1928 5776 1983 5820 et

405 5827 720 5951 hgnctctsse
788 5847 993 5888 morem
1045 5836 1329 5895 Ciceronis
1390 5836 1658 5891 Asconius
1714 5827 1983 5894 Pedianus

406 5911 436 5950 a
479 5914 566 5951 ver
596 5914 609 5950 t
638 5935 655 5951 .

406 5911 655 5953 ath‘eﬂll.

2084 4712 2482 4765 mathematica
2528 4708 2615 4764 vix
2655 4710 3043 4775 delibavimus,
3090 4726 3117 4761 a
3156 4708 3677 4762 mathematicorum

2083 4797 2223 4850 penu
2265 4796 2326 4835 ea
2384 4782 2641 4847 mutuari,
2667 4796 2771 4834 non
2829 4788 3086 4847 tanquam
3115 4794 3146 4833 ο
3181 4780 3316 4831 cella
3349 4786 3535 4833 nostra
3577 4779 3676 4831 de-

2084 4867 2337 4920 promere
2375 4852 2609 4904 latemur
2655 4852 2909 4919 ingenue.
2986 4850 3172 4919 Itaque
3224 4858 3282 4902 ut
3340 4864 3389 4920 ar
3426 4851 3675 4915 senario,

2086 4919 2341 4992 tanquam
2382 4936 2410 4973 a
2447 4921 2563 4974 basi
2617 4921 2882 4974 tricesimi
2926 4922 3067 4992 sexti
3112 4920 3325 4973 numeri
3381 4919 3671 4992 incipiam,

2086 4994 2131 5047 is
2176 4990 2213 5045 ai
2256 4992 2501 5059 Theoph.
2550 4993 2835 5046 continere
2867 4990 3071 5044 dicitur
3121 4991 3318 5043 trinam
3376 4990 3677 5044 dimensio-

2087 5078 2212 5117 ncm
2278 5078 2347 5115 ex
2390 5077 2494 5129 qua
2548 5077 2747 5130 corpus
2799 5076 2961 5114 omne
3014 5060 3254 5129 perfecte
3309 5062 3673 5115 constitutum

2085 5144 2190 5187 est.
2242 5134 2395 5199 Quod
2450 5133 2591 5185 idem
2630 5141 2733 5191 est,
2792 5147 2855 5186 ac
2904 5134 2948 5186 si
3002 5133 3152 5185 dicas
3213 5146 3499 5184 numerum
3552 5144 3678 5185 esse

2084 5204 2337 5259 solidum.
2398 5200 2586 5256 Solitla
2645 5202 2791 5256 enim
2842 5217 2906 5256 ea
2938 5202 3195 5256 dicuntur
3236 5215 3357 5267 qua!
3404 5202 3673 5269 triplicem

2089 5276 2229 5327 hanc
2293 5274 2578 5327 διάστασιν
2604 5287 2694 5327 seu
2737 5274 3162 5341 magnitudinem
3218 5272 3442 5326 habent.
3502 5272 3677 5326 Sena-

2087 5348 2226 5398 rium
2281 5360 2445 5412 porro
2497 5342 2731 5398 solidum
2763 5358 2889 5398 esse
2928 5343 3357 5415 demonstratur,
3405 5357 3474 5415 eo
3543 5342 3675 5410 quia
3761 5394 3781 5415 κ

2090 5425 2200 5469 tres
2253 5416 2462 5470 numeri
2500 5416 2551 5475 l,
2592 5415 2645 5476 ‘2,
2691 5415 2745 5479 3,
2812 5421 2999 5467 mutuo
3056 5430 3177 5467 sese
3226 5412 3673 5481 multiplicantes,

2089 5487 2363 5539 senarium
2417 5485 2753 5549 conliciuut;
2798 5499 3014 5551 semper
3057 5484 3201 5537 enim
3257 5498 3322 5537 ex
3354 5483 3678 5552 multiplica-

2092 5556 2239 5610 tione
2286 5556 2447 5609 unius
2495 5571 2561 5608 ex
2590 5555 2748 5609 dictis
2777 5556 2829 5608 in
2866 5555 3054 5615 alium,
3100 5566 3154 5607 et
3192 5555 3242 5607 in
3305 5555 3525 5607 tertium
3551 5568 3676 5622 pro-

2089 5627 2235 5680 ducti
2294 5622 2542 5679 senarius
2593 5626 2971 5689 procreabitur
3029 5640 3310 5687 numerus,
3353 5638 3417 5676 ac
3450 5624 3681 5691 proinde

2090 5697 2297 5751 solidus
2331 5696 2419 5748 ille
2468 5693 2775 5750 censendus
2830 5698 2935 5749 erit
2990 5710 3055 5749 ex
3109 5696 3318 5748 tlelittil.
3379 5695 3468 5755 I7,
3502 5693 3673 5745 Elem.

2089 5767 2348 5820 Euclidis.
2403 5764 2476 5818 Ex
2524 5766 2714 5818 solidis
2765 5767 2892 5818 item
2936 5775 3018 5819 est
3064 5766 3296 5833 primus,
3354 5766 3479 5832 quia
3519 5777 3673 5833 Cotu-

2090 5839 2311 5909 ponitur
2352 5850 2417 5889 ex
2453 5835 2703 5909 trigonis.
2733 5834 3034 5909 Trigounm
3065 5832 3211 5909 enim
3252 5849 3549 5909 numerus
3584 5832 3675 5885 ille

2093 5904 2417 5976 appellatur,
2478 5904 2569 5976 qui
2624 5922 2687 5963 ex
2717 5904 3331 5977 aggcirationeradicum
3381 5904 3673 5961 abunitate
