4024 6416
443 347 548 412 515

1628 336 2130 401 THEOPIIANIS
2165 331 2506 395 CERAMEI

3610 328 3713 397 516

441 460 677 514 amicum
732 458 976 510 nustrum
1032 468 1153 507 esse
1210 452 1410 515 Deum;
1441 451 1661 504 vulnera
1712 466 1843 504 vero
1889 462 2029 511 esse,

2152 445 2358 509 :wosiv,
2394 440 2548 511 φίλον
2580 439 2682 511 μὲν
2726 437 2887 511 ἡμῶν
2925 437 3017 492 τὸν
3047 437 3202 505 Θεδν,
3248 438 3545 511 τραύματα
3571 438 3629 492 δέ
3659 441 3718 493 αῖ

441 567 565 623 quae
595 553 661 606 ad
695 549 1051 607 coercendum
1081 562 1275 617 corpus
1311 544 1510 598 inflicta
1544 558 1643 601 nos
1676 543 1931 598 erudiunt
1962 542 2029 597 ad

442 646 695 701 salutem.

519 756 539 789 ι
578 737 745 791 Maria
795 745 977 789 autem
1028 741 1165 797 erat,
1214 746 1333 800 quae
1388 730 1543 784 unxit
1591 729 1880 783 Dominum
1930 745 2030 783 un-

440 836 658 896 guento,
698 831 750 877 et
786 823 1011 877 extersit
1060 822 1227 891 pedes
1273 820 1391 890 ejus
1436 818 1644 885 capillis
1692 819 1835 885 suis;
1879 818 2033 888 cujus

439 918 613 972 frater
642 916 875 969 Lazarus
906 913 1305 967 iufirmabatur.
1346 931 1365 964 ι
1399 910 1539 977 Quid
1576 926 1672 981 per
1700 921 2030 980 unguentum

440 1009 796 1079 significetur,
834 1022 1022 1076 Quaeve
1064 1007 1134 1061 sit
1168 1004 1286 1073 ejus
1319 1004 1545 1071 utilitas,
1586 1004 1781 1073 quidve
1810 1002 1909 1057 sibi
1935 1017 2032 1057 voc

439 1101 604 1155 luerit
630 1101 798 1172 pedes
823 1099 1035 1168 capillis
1060 1100 1396 1167 abstergere,
1416 1105 1601 1167 postea
1624 1096 1853 1150 dicetur.
1879 1093 2035 1149 Nunc

433 1193 546 1262 jam
595 1193 881 1247 historiam
914 1190 1291 1259 explicandam
1327 1187 1733 1258 aggrediamur.
1766 1186 2032 1250 Quoniam

439 1292 563 1355 post
594 1283 754 1353 paulo
784 1284 850 1335 de
884 1293 1161 1351 unguento
1192 1286 1246 1334 et
1280 1277 1539 1332 unctione
1607 1274 1852 1330 dicturus
1893 1282 2031 1338 erat,

438 1393 538 1449 per
580 1376 1027 1445 anticipationem
1078 1374 1181 1429 hoc
1229 1372 1372 1439 loco,
1406 1369 1553 1441 quod
1606 1370 1845 1424 futurum
1893 1375 2034 1434 erat,

440 1469 680 1538 attingit.

520 1579 539 1611 ‹
577 1560 837 1615 Miserunt
887 1574 1016 1630 ergo
1052 1572 1269 1613 sorores
1317 1555 1434 1626 ejus
1472 1554 1631 1625 160
1677 1552 1743 1607 ad
1780 1567 1903 1607 eum
1941 1552 2037 1605 di—

434 1660 661 1707 centes:
684 1652 929 1719 Domine,
950 1666 1094 1718 ecce,
1119 1665 1463 1719 quemamas,
1486 1648 1815 1700 inlinuntur.
1850 1664 1869 1696 ›
1897 1643 2034 1711 Quid

439 1756 520 1803 est
550 1762 728 1809 causa:
758 1759 855 1799 cur
890 1745 1019 1814 ipsae
1052 1761 1153 1797 non
1189 1742 1409 1806 adeant,
1441 1756 1505 1795 ac
1544 1754 1639 1809 per
1669 1752 1728 1792 se
1765 1753 1868 1792 non
1898 1752 2037 1790 nuu-

2134 535 2273 606 πρὸς
2322 533 2600 604 σωτηρίαν
2664 531 2904 586 παιδεῖαι
2961 533 3043 595 είς
3101 530 3325 585 κόλασιν
3367 531 3469 601 τῆς
3515 531 3719 601 σαρκὸς

2133 625 2498 695 ἐπαγόμεναι.

2212 736 2231 769 ι
2258 712 2367 770 Ἦν
2409 716 2466 769 δι
2509 714 2768 785 Μαρίαή
2812 712 3084 784 ἀλείψασα
3123 714 3215 767 τδν
3268 712 3478 785 Κύριον
3538 714 3722 785 μύρῳν

2134 809 2232 864 καὶ
2266 806 2558 877 ἐκμάξασα
2592 808 2715 870 ταῖς
2754 804 2931 877 θριξὶν
2962 806 3133 877 αὐτῆς
3165 805 3290 870 τοὺς
3323 805 3491 869 πόδας
3527 805 3721 870 αὐτοῦ,

2132 896 2202 974 ἧς
2232 904 2259 955 ὁ
2294 902 2524 969 ἀδελφὸς
2564 900 2821 971 Λάζαρος
2868 898 3108 969 ἠσθένει.
3146 915 3166 951 ι
3216 898 3282 951 Τί
3317 899 3417 969 μὲν
3456 898 3519 952 τὸ
3552 897 3726 969 μύρον

2136 993 2352 1065 ἐδήλου,
2385 993 2479 1045 καὶ
2521 992 2778 1064 ήτούτου
2828 990 3175 1063 προσένεξις,
3226 990 3326 1045 καὶ
3366 990 3428 1043 τὸ
3471 990 3723 1061 ἐκμάξαι

2134 1087 2263 1150 τοὺς
2285 1084 2456 1148 πόδας
2484 1084 2575 1139 διὰ
2602 1084 2713 1138 τῶν
2744 1084 2970 1155 τριχῶν,
2999 1086 3058 1138 ἐν
3087 1085 3201 1147 τοῖς
3232 1083 3523 1153 ἑπομένοις
3548 1083 3726 1156 ῥηθή-

2138 1192 2334 1231 σεται·
2385 1176 2482 1232 νῦν
2516 1177 2575 1231 δέ
2621 1178 2722 1248 τῆς
2784 1176 3027 1248 ἱστορίας
3057 1175 3381 1248 ἀρξώμεθα.
3423 1175 3580 1230 Ἐπεὶ
3630 1172 3728 1231 οὖν

2137 1266 2331 1339 ἔμελλε
2391 1268 2530 1339 μετὰ
2580 1267 2777 1339 μικρὸν
2832 1266 3210 1338 μνημονεῦσαι
3251 1268 3353 1338 τῆς
3398 1266 3496 1321 τοῦ
3548 1266 3727 1339 μύρου

2138 1361 2435 1431 ἀλείψεως,
2468 1360 2866 1431 προληπτικῶς
2893 1359 3134 1415 ἐνταῦθα
3167 1359 3415 1432 περὶτοῦ
3439 1360 3732 1433 μέλλοντος

2139 1473 2317 1528 προση
2328 1455 2604 1526 μαίνεται.

2216 1567 2236 1601 ι
2267 1545 2623 1601 Ἀπέστειλαν
2654 1544 2748 1599 οὖν
2769 1546 2825 1599 αῖ
2851 1545 3076 1614 ἀδελφαὶ
3091 1545 3258 1600 αὐτοῦ
3287 1545 3549 1615 λέγουσαι
3578 1562 3593 1578 ο
3617 1546 3735 1600 Κύ-

2142 1654 2247 1709 ριε,
2279 1620 2378 1702 ἴδε,
2412 1635 2472 1689 ὃν
2506 1635 2705 1706 φιλεῖς,
2740 1634 2977 1688 ἀσθενεῖ.
3025 1653 3043 1687 ι
3082 1635 3149 1689 Τί
3191 1635 3396 1707 δήποτε
3435 1636 3538 1690 οὐκ
3566 1635 3734 1691 αὐταὶ

2141 1728 2561 1801 παραγίνονται,
2591 1727 2919 1797 αὐτάγγελοι
2951 1727 3049 1798 τῆς
3076 1727 3374 1799 πρεσϐείας
3395 1729 3688 1798 γενόμεναι
3714 1745 3734 1796 ;

442 1842 582 1895 tient
625 1848 681 1894 et
707 1835 1108 1906 deprecentur?
1139 1835 1371 1888 Maxime
1402 1848 1534 1886 sane
1563 1829 1908 1886 confidebant
1936 1843 2034 1897 pro

2152 1818 2358 1889 Σφόδρα
2410 1817 2811 1889 τεθαρρηκυῖαι
2861 1811 3026 1888 ἦσαν,
3079 1818 3283 1889 πολλὴν
3317 1817 3543 1888 ἔχουσαι
3594 1819 3735 1889 πρὸς

444 1931 832 1991 familiaritate,
869 1942 988 1996 qua:
1038 1925 1171 1995 ipsis
1218 1940 1345 1978 cunt
1389 1923 1608 1978 Christo
1642 1920 2035 1976 intercedebat.

444 2022 556 2076 Iloc
604 2022 750 2075 enim
805 2020 893 2073 illa
945 2032 1078 2072 voce
1128 2016 1352 2069 affectus
1402 2015 1581 2069 indice
1630 2013 2034 2083 prodiderunt:

447 2131 467 2165 ι
508 2111 755 2175 Domine,
779 2124 925 2171 ecce,
960 2122 1119 2176 quem
1151 2121 1319 2169 amas,
1352 2106 1680 2159 infirmatur.
1713 2123 1730 2156 ι
1770 2103 1863 2157 His
1890 2104 2036 2158 enim

430 2202 686 2255 dolorem
740 2201 1028 2270 quemdam
1067 2213 1134 2253 ac
1170 2198 1330 2251 modo
1370 2213 1475 2251 non
1530 2207 1804 2266 stuporem
1840 2210 1950 2266 pra
1980 2209 2040 2250 se

432 2293 647 2356 «ferunt,
683 2290 825 2359 quod
866 2287 1100 2342 amicum
1136 2285 1347 2340 Domini
1386 2286 1609 2339 morbus
1646 2283 1905 2353 attigerit.
1941 2279 2040 2335 Vi-

432 2382 645 2436 Atlebaut
679 2383 841 2435 etiam
885 2380 1110 2435 fratrem
1150 2379 1310 2434 morti
1340 2378 1541 2433 sensim
1577 2376 2039 2447 appropinquare.

442 2471 737 2526 Timebant
770 2471 940 2540 igitur
968 2486 1037 2525 ne
1067 2470 1382 2526 novissimis
1412 2468 1530 2537 ejus
1560 2470 1745 2524 verbis
1792 2476 2041 2538 aspectu-

442 2579 549 2631 que
594 2564 961 2633 privarentur.
998 2562 1273 2617 Fortassis
1302 2562 1488 2625 etiam,
1519 2562 1660 2631 quod
1696 2560 1958 2618 Dominus
1985 2561 2040 2616 in

441 2654 665 2710 deserto
711 2656 830 2710 loco
874 2664 1330 2719 commoraretur,
1379 2656 1655 2724 segniores
1695 2669 1789 2708 eos
1822 2652 2041 2720 effecit;

443 2762 553 2803 non
588 2747 731 2801 enim
765 2757 893 2801 tunc
922 2747 977 2802 in
1011 2746 1233 2801 civitate
1269 2745 1521 2815 degebat,
1551 2745 1649 2799 sed
1684 2749 1820 2798 ultra
1850 2742 2048 2798 Iorda-

446 2856 592 2895 nem.
619 2840 1005 2895 Verumtamen
1034 2839 1102 2893 ab
1130 2838 1289 2894 officii
1324 2837 1678 2907 perfectione,
1702 2851 1877 2907 eoque
1897 2836 2043 2906 quod

446 2933 694 2999 decebat,
725 2934 880 2987 valde
917 2933 1184 2987 defecisse
1213 2941 1538 3002 arguuntur.
1570 2928 1874 2999 Oportebat
1899 2930 2043 2983 enim

444 3039 539 3079 eas
576 3024 972 3078 Sunamitidem
1012 3024 1157 3077 illam
1190 3022 1455 3086 aemulari,
1488 3035 1612 3091 quae
1659 3020 1769 3074 filio
1799 3020 1906 3089 jam
1938 3018 2049 3072 vita

2138 1912 2379 1982 Χριστὸν
2406 1912 2740 1982 οἰκειότητα.
2789 1911 2966 1966 Τοῦτο
2990 1912 3102 1982 γὰρ
3145 1909 3355 1975 ἔδειξαν
3386 1911 3484 1965 καὶ
3512 1910 3602 1964 διὰ
3631 1908 3737 1981 τῆς

2141 2005 2486 2074 περιπαθοῦς
2518 2006 2739 2077 ἐκείνης
2767 2006 2978 2076 φωνῆς’
3018 2023 3037 2057 ι
3070 2004 3268 2075 Κύριε,
3300 2004 3401 2070 ἴδε,
3440 2003 3503 2058 ὃν
3534 2003 3734 2072 φιλεῖς,

2142 2097 2381 2151 ἀσθενεῖ.
2424 2115 2442 2148 ι
2475 2097 2779 2168 Μονονουχὶ
2811 2097 2923 2167 γὰρ
2952 2096 3339 2168 ἀσχάλλουσιν,
3358 2095 3741 2167 ἐκπληττόμε-

2143 2209 2235 2246 ναι
2265 2191 2383 2254 πῶς
2415 2191 2753 2243 Δεσποτικοῦ
2789 2190 2946 2259 φίλου
2982 2191 3137 2252 νόσος
3166 2188 3477 2259 καθήψατο.
3518 2188 3739 2259 Ἐὡρων

2144 2284 2200 2337 δὲ
2230 2284 2325 2337 καὶ
2354 2284 2448 2337 τὸν
2480 2282 2712 2354 ἀδελφὸν
2748 2284 2827 2351 τῷ
2854 2283 3072 2354 θανάτῳ
3102 2284 3246 2337 κατὰ
3276 2283 3453 2354 βραχὺ
3493 2282 3739 2351 γειτνιὰ-

2146 2373 2331 2439 ζοντα.
2384 2373 2767 2427 Ἐδεδοίκεσαν
2819 2371 2915 2426 οὖν
2959 2373 3035 2444 μὴ
3083 2376 3183 2444 τῆς
3234 2360 3471 2444 ἐσείάτης
3525 2370 3741 2424 ἐκείνου

2144 2467 2528 2537 ἀπολειφθεῖεν
2580 2465 2768 2535 φωνῆς
2809 2482 2872 2518 τε
2930 2466 3027 2520 καὶ
3087 2466 3289 2537 ὅψεως.
3351 2466 3511 2530 Ἴσως
3551 2466 3607 2519 δέ
3644 2467 3745 2519 καὶ

2144 2562 2179 2632 ἠ
2241 2561 2299 2614 ἐν
2374 2562 2440 2631 τῇ
2505 2560 2700 2631 ἐρήμῳ
2788 2558 2885 2611 τοῦ
2979 2558 3237 2631 Σωτῆρος
3312 2560 3566 2632 διατριϐὴ
3645 2559 3745 2614 τὸν

2145 2649 2307 2704 ὖκνον
2375 2650 2569 2713 αὑταῖς
2634 2648 2953 2717 ἐνεποίησεν
2981 2664 2997 2681 ⁸
3048 2650 3109 2703 οὐ
3157 2653 3260 2723 γὰρ
3290 2654 3350 2705 ἐν
3391 2652 3546 2705 πόλει
3594 2653 3745 2716 τότε,

2146 2742 2285 2797 ἀλλὰ
2344 2741 2521 2812 πέραν
2602 2741 2874 2813 Ἰορδάνου
2908 2740 3174 2813 διέτριϐε.
3240 2744 3386 2816 Πλὴν
3442 2744 3557 2799 ἀλλ’
3588 2745 3747 2813 ἐλέγ-

2147 2850 2336 2905 χονται
2382 2834 2525 2887 κατὰ
2575 2832 2713 2887 πολὺ
2762 2833 3173 2903 διαμαρτοῦσαι
3223 2836 3321 2890 τοῦ
3367 2836 3574 2891 τελείου
3648 2838 3749 2890 καὶ

2150 2927 2484 2998 πρέποντος.
2522 2926 2724 2999 Ἐχρῆν
2756 2926 2863 3001 γὰρ
2891 2930 3090 2993 αὐταῖς
3121 2927 3367 3000 ζηλῶσαι
3406 2931 3505 3002 τὴν
3544 2931 3750 2986 Σουνα-

2158 3020 2361 3090 μίτιδα,
2394 3019 2430 3090 ἢ
2463 3020 2562 3074 καὶ
2590 3021 2921 3092 τεθνηκότος
2956 3023 3057 3094 ἠδη
3086 3023 3181 3076 τοῦ
3214 3023 3406 3088 παιδὸς
3427 3023 3540 3078 οὔτ’
3568 3025 3749 3097 άπήλυ

446 3115 728 3181 defuncto,
776 3130 875 3170 nec
924 3132 1075 3183 Spem
1130 3115 1352 3183 abiecit,
1393 3128 1570 3183 neque
1620 3112 1685 3167 ad
1735 3110 2043 3166 Carmelum

2153 3129 2337 3179 πισεν,
2366 3111 2479 3165 οὔτ’
2508 3110 2728 3182 ὤκνησε
2752 3112 2987 3185 δραμεῖν
3013 3114 3149 3186 πρὸς
3182 3114 3282 3185 τὴν
3311 3115 3634 3188 Κάρμηλον.

446 3217 685 3262 montem
721 3222 1016 3277 properare
1041 3206 1307 3261 dubitavit
1338 3205 1407 3260 ".

529 3317 549 3351 ι
592 3299 839 3354 Audiens
873 3309 1056 3352 autem
1082 3296 1243 3353 Jesus
1274 3298 1413 3351 dixit
1437 3314 1451 3351 :
1479 3296 1773 3351 lnfirmitas
1802 3295 1916 3350 haec
1945 3309 2051 3349 non

449 3400 531 3447 est
561 3392 628 3447 ad
659 3403 913 3456 mortem,
960 3392 1055 3446 sed
1102 3406 1199 3461 pro
1247 3391 1416 3461 gloria
1450 3389 1583 3456 Dei,
1633 3398 1689 3443 ut
1722 3389 2054 3459 glorificetur

450 3486 622 3541 Filius
651 3484 743 3539 Dei
776 3501 871 3554 per
897 3500 1041 3539 eam.
1077 3502 1096 3535 ι
1134 3484 1200 3537 Et
1230 3499 1358 3536 vero
1388 3495 1561 3537 morte
1592 3483 1740 3537 finita
1773 3492 1891 3549 est;
1917 3496 2054 3551 quo-

453 3578 614 3631 modo
642 3592 771 3647 ergo
800 3577 866 3630 ad
899 3588 1127 3631 mortem
1179 3590 1285 3629 non
1336 3591 1457 3630 esse
1487 3575 1661 3629 dixit?
1692 3577 1761 3628 At
1798 3590 1904 3627 non
1935 3581 2054 3628 erat

450 3677 881 3724 consentaneum
911 3683 1109 3722 vocare
1139 3677 1372 3722 mortem
1407 3682 1527 3721 eam
1558 3681 1721 3736 quam
1753 3676 2051 3736 exceptura

453 3771 573 3816 erat
601 3761 752 3815 brevi
786 3760 1136 3815 resurrectio.
1164 3761 1245 3813 An
1281 3761 1446 3829 igitur
1478 3773 1535 3814 ut
1564 3760 1737 3831 gloria
1772 3759 1913 3814 Deus
1940 3759 2051 3813 alli-

448 3862 688 3917 ceretur,
723 3850 963 3905 Lazarus
996 3859 1246 3905 mortuus
1270 3850 1395 3905 est?
1424 3851 1800 3920 Nequaquam.
1830 3848 1937 3904 Sed
1965 3848 2055 3903 ille

450 3945 675 4015 quidem
704 3954 910 3998 naturae
937 3944 1287 4010 necessitate,
1316 3945 1583 4014 siquidem
1616 3959 1764 3999 mors
1802 3945 2055 3998 humana:

452 4047 659 4091 natura:
677 4036 968 4105 conjuncta
984 4046 1089 4102 est,
1106 4036 1374 4092 decessit:
1395 4038 1487 4090 sed
1510 4051 1654 4090 mors
1678 4035 1765 4090 illa
1785 4036 1837 4089 in
1856 4035 2055 4090 divinae

450 4128 639 4195 gloria:
663 4127 1221 4193 vertitoccasionem;
1254 4141 1377 4179 nam
1416 4125 1547 4178 illud
1577 4135 1656 4191 ut,
1691 4125 1792 4178 hoc
1808 4123 1927 4178 loco
1946 4140 2051 4178 non

451 4232 671 4270 causam
699 4216 997 4285 signiﬁcat,
1029 4216 1123 4270 sed
1147 4224 1421 4269 eventum.
1458 4214 1636 4270 Multis
1660 4229 1788 4269 vero
1812 4214 1974 4269 etiam
2001 4215 2052 4268 in

455 4309 590 4362 locis
615 4308 728 4378 (79)
757 4308 858 4362 hac
883 4308 1139 4375 loquendi
1172 4310 1342 4378 figura
1366 4322 1536 4361 sacrae
1559 4305 1781 4362 Litterae
1804 4316 2053 4361 utuntur.

454 4400 722 4469 Propheta
766 4400 1033 4468 siquidem
1071 4418 1085 4454 :
1127 4417 1146 4452 ι
1203 4400 1531 4464 Ειεεεεανίι,
1575 4400 1775 4470 inquit,
1820 4414 1914 4454 cor
1958 4415 2055 4455 eo-

454 4508 598 4558 rum,
651 4503 711 4546 ut
742 4494 985 4547 videntes
1018 4509 1124 4547 nou
1175 4493 1394 4547 videant
1419 4494 1464 4525 ¹⁹
1505 4509 1519 4546 :
1562 4511 1582 4545 ι
1630 4502 1687 4547 et
1716 4492 2051 4561 Apostolus:

460 4603 483 4636 ι
512 4581 621 4639 Lex
648 4594 827 4639 autem
853 4584 1206 4653 subiutravit,
1234 4594 1293 4640 ut
1318 4585 1623 4640 abundaret
1644 4585 1904 4641 delictum
1926 4585 1996 4640 ‘°.
2027 4602 2048 4638 ι

454 4677 522 4731 Ει
565 4677 768 4742 saepius
802 4676 1111 4746 hujusmodi
1141 4692 1212 4735 ex
1240 4688 1437 4733 eventu
1469 4677 1616 4734 dicta
1662 4677 1846 4747 quivis
1897 4678 2054 4733 inve-

525 4838 571 4870 ’⁸
597 4834 664 4890 ιν
698 4834 832 4905 Reg.
861 4851 938 4902 tv,
977 4834 1034 4890 5.

2230 3311 2251 3345 ι
2294 3291 2563 3356 Ἀκούσας
2594 3292 2653 3346 δὲ
2680 3293 2708 3346 ὁ
2760 3291 2970 3363 Ἰησοῦς
3000 3288 3159 3347 εἶπεν
3179 3309 3193 3323 ’
3228 3292 3381 3365 Αὕτη
3424 3294 3459 3364 ἡ
3490 3294 3751 3349 ἀσθένεια

2152 3384 2257 3439 οὐκ
2305 3384 2424 3437 ἐστι
2464 3385 2604 3456 πρὸς
2653 3384 2908 3450 θάνατον,
2959 3385 3079 3440 ἀλλ’
3124 3386 3270 3458 ὑπὲρ
3322 3385 3615 3456 τῆςυδόξης
3649 3388 3750 3442 τοῦ

2148 3477 2316 3541 Θεοῦ,
2346 3477 2434 3532 ἵνα
2468 3476 2699 3548 δοξασθῇ
2737 3479 2764 3530 ό
2798 3478 2925 3541 Υἱὸς
2952 3476 3048 3531 τοῦ
3074 3478 3368 3549 ἀνθρώπου
3399 3477 3468 3531 δι’
3497 3477 3691 3534 αὐτοῦ.
3719 3500 3745 3533 ο

2154 3568 2267 3623 Καὶ
2326 3568 2436 3640 μὴν
2491 3569 2625 3638 πρὸς
2680 3569 2913 3623 θάνατον
2973 3567 3176 3639 ἐληξε⁰
3219 3569 3338 3633 πῶς
3393 3565 3490 3623 οὗν
3542 3569 3702 3623 εἶπεν
3733 3586 3747 3600 ·

2158 3678 2178 3712 ι
2218 3662 2333 3714 Οὐκ
2361 3660 2476 3714 ἐστι
2505 3661 2643 3732 πρὸς
2676 3661 2942 3728 θάνατον;
2972 3680 2991 3713 ι
3013 3661 3154 3714 Ἀλλ’
3183 3657 3277 3715 οὖν
3303 3662 3404 3715 οὐκ
3430 3658 3498 3734 ἧν
3527 3662 3755 3717 ἀκόλου-

2156 3753 2248 3807 θον
2280 3753 2514 3808 θάνατον
2543 3753 2815 3823 ὀνομάσαι
2850 3754 2953 3824 τὴν
3007 3754 3146 3824 πρὸς
3192 3754 3368 3826 βραχὺ
3420 3754 3750 3812 ἁποϐῖωσιν.

2153 3841 2282 3915 Ἆρ’
2324 3841 2419 3899 οὖν
2441 3845 2531 3898 διὰ
2554 3845 2614 3898 τὸ
2643 3845 2968 3917 δοξασθῆναι
2997 3846 3089 3899 τὸν
3119 3846 3253 3899 Θεὸν
3287 3846 3517 3916 τέθνηκε
3563 3846 3755 3910 Λάζα-

2158 3954 2251 4009 ρος
2278 3953 2293 4002 ;
2320 3935 2623 4007 Οΰμενουν.
2665 3937 2809 3991 Ἀλλ’
2848 3938 2878 3991 ό
2923 3936 3025 4007 μέν
3053 3938 3375 4006 ἀναγκαίως
3402 3937 3616 3993 ἀπεϐίω
3644 3956 3754 4009 φυ-

2158 4032 2327 4096 σικῶς
2347 4073 2363 4099 ,
2395 4031 2490 4086 τοῦ
2519 4033 2749 4087 θανάτου
2781 4033 3133 4104 συνημμένου
3164 4036 3230 4105 τῇ
3262 4033 3446 4102 φύσειο
3474 4034 3754 4104 πρόφασις

2156 4122 2212 4175 δὲ
2245 4123 2435 4193 θεῖκῆς
2467 4123 2623 4194 δόξης
2661 4125 2687 4175 ὁ
2716 4124 2947 4188 θάνατος
2975 4126 3191 4194 γέγονε.
3224 4125 3299 4177 Τὸ
3336 4125 3466 4198 γὰρ,
3504 4126 3625 4193 ἵνα,
3658 4128 3753 4179 ἐν·

2156 4218 2337 4273 ταῦοα
2368 4220 2469 4273 οὐκ
2493 4220 2859 4287 αἰτιολογικόν
2892 4220 3067 4284 ἐστιν,
3098 4220 3213 4273 ἀλλ’
3238 4221 3303 4273 ἐκ
3320 4223 3417 4292 τῆς
3445 4220 3751 4284 ἐκϐάσεως.

2157 4310 2435 4382 Πολλαχοῦ
2483 4312 2539 4364 δέ
2587 4313 2787 4382 χρῆται
2834 4313 2868 4382 ἡ
2910 4311 2949 4364 Γ
2956 4312 3104 4383 ραφὴ
3158 4312 3337 4383 τούτῳ
3371 4312 3451 4384 τῷ
3485 4313 3752 4384 σχήματι.

2168 4404 2228 4457 Ὀ
2261 4404 2360 4473 μὲν
2390 4404 2499 4475 γὰρ
2536 4405 2823 4474 προφήτης
2846 4421 2859 4435 ⁸
2892 4422 2911 4456 ι
2948 4404 3301 4475 Τετύφλωκε,
3336 4407 3527 4474 φησὶν,
3571 4405 3755 4459 αὐτῶν

2158 4494 2257 4556 τὰς
2306 4494 2586 4559 διανοίας,
2647 4493 2738 4546 ἵνα
2783 4493 3075 4563 βλέποντες
3122 4496 3198 4565 μὴ
3253 4494 3498 4564 βλέψωσι
3530 4509 3544 4523 ·
3588 4512 3608 4547 ι
3656 4495 3755 4549 καὶ

2169 4583 2497 4647 Ἀπόστολος
2526 4599 2540 4615 ⁸
2595 4602 2614 4635 ι
2650 4584 2838 4654 Νόμος
2898 4584 3174 4655 εἰσῆλθεν,
3226 4586 3311 4639 ἵνα
3365 4584 3641 4657 πλεονάσῃ
3692 4586 3758 4641 τὸ

2158 4675 2539 4749 παράπτωμα.
2570 4694 2589 4731 ι
2624 4677 2741 4733 Καὶ
2779 4677 3053 4751 πολλαχοῦ
3096 4696 3180 4745 τις
3210 4679 3365 4751 εὖροι
3401 4678 3467 4732 ἐκ
3491 4676 3588 4733 τοῦ
3614 4679 3753 4733 ἀπο-

1136 4835 1181 4868 ²⁰
1214 4811 1319 4889 lsa.
1346 4849 1421 4899 vt,
1466 4832 1567 4900 l9;
1599 4831 1761 4891 Joan.
1817 4848 1915 4901 xtl,
1946 4832 2038 4887 40.
2117 4832 2161 4865 ³ο
2194 4833 2356 4888 Rom.
2391 4830 2559 4901 v.20.

1702 4952 2037 5017 Francisci
2070 4954 2283 5017 Scorsi
2314 4958 2504 5016 nouo.

528 5081 640 5165 (79)
662 5080 860 5165 Multis
888 5080 1048 5165 eligm
1067 5079 1232 5165 locis.
1254 5080 1384 5165 llaec
1404 5080 1771 5165 confirmatio.
1794 5079 1953 5165 ducta
1982 5095 2048 5165 es

457 5151 582 5210 aliis
619 5151 899 5221 utriusque
957 5152 1287 5206 Testamenti
1318 5152 1448 5205 locis
1486 5152 1711 5219 praecisa
1749 5151 1946 5215 fuerat,
1985 5159 2041 5204 et

455 5226 697 5295 quidem,
713 5232 770 5277 ut
788 5223 1051 5290 suspicari
1076 5223 1220 5285 licet,
1239 5240 1267 5275 a
1298 5222 1520 5275 librario
1538 5223 2047 5295 compendiicausa,

457 5291 598 5367 quod
627 5297 743 5348 sine
793 5309 852 5347 ea
882 5296 1086 5362 integra
1128 5301 1421 5367 appareret
1471 5292 1917 5367 esseseutentia,
1951 5291 2047 5367 sed

455 5361 517 5421 6a
557 5368 807 5419 restituta
862 5376 944 5418 est
981 5361 1243 5416 beneficio
1282 5378 1383 5416 ms.
1413 5364 1497 5417 cui
1530 5361 1788 5417 debemus
1816 5361 2048 5430 integri-

458 5447 623 5490 tatem
663 5435 818 5504 hujus
841 5435 1119 5496 homilite;
1158 5444 1241 5486 est
1271 5432 1414 5504 enim
1454 5432 1639 5485 mutila
1669 5440 1724 5485 et
1773 5432 2043 5485 diminuta

456 5507 643 5561 multis
678 5503 1208 5574 locis.plut_-ibus~pte
1237 5503 1473 5573 periodis
1512 5504 1560 5555 iu
1599 5513 1829 5574 utroque
1862 5516 2046 5555 exem-

459 5578 593 5644 plari
652 5574 709 5628 P.
742 5585 795 5628 et
823 5570 883 5627 ν’.
934 5572 1045 5627 Nec
1094 5570 1401 5644 vero’satis
1432 5570 1701 5644 integrum
1728 5572 2047 5644 plerumque

456 5642 543 5698 est
591 5645 867 5712 exemplar
923 5644 1094 5697 Vatic.
1154 5642 1319 5712 Igitur
1378 5643 1619 5697 subsidio
1655 5642 2047 5712 exemplarisa

462 5714 632 5767 Gallia
712 5710 1011 5767 transmissi
1075 5710 1216 5780 quod
1289 5728 1410 5767 cum
1466 5713 1587 5767 aliis
1654 5710 2051 5767 Parisiensibus

465 5784 621 5837 codd.
654 5784 906 5839 collatura
937 5785 1135 5852 fuerat,
1196 5783 1283 5839 ubi
1312 5797 1373 5839 ea
1404 5800 1522 5854 quae
1552 5786 1605 5839 in
1641 5783 1762 5839 aliis
1805 5783 2049 5838 detracta

2152 5080 2394 5164 fuerant,
2435 5080 2873 5164 salvancomperi,
2934 5081 3148 5164 plenam
3178 5097 3313 5164 eam
3344 5083 3751 5164 perfectamque

2152 5152 2207 5207 in
2236 5153 2407 5205 lucem
2438 5153 2528 5207 do.
2568 5152 2692 5207 Haec
2735 5152 3069 5207 admonitum
3105 5154 3273 5209 semel
3298 5152 3553 5211 lectorem
3576 5152 3747 5221 volui,

2154 5234 2269 5275 uta
2302 5221 2486 5277 labore
2517 5237 2583 5277 ea
2649 5222 2878 5291 singulis
2935 5224 2987 5277 in
3027 5222 3160 5278 locis
3198 5227 3415 5280 notandi
3470 5242 3557 5280 me
3612 5228 3751 5282 libe-

2152 5291 2611 5361 raret,simulque
2642 5292 2924 5346 liberatam
2958 5294 3115 5347 fidem
3157 5311 3330 5349 meam
3380 5310 3503 5351 esse
3551 5298 3749 5352 intelli-

2151 5372 2318 5431 geret,
2376 5378 2537 5431 quam
2589 5365 2639 5416 in
2693 5363 2813 5415 aliis
2861 5363 3085 5430 prtestiti
3124 5364 3398 5429 homiliis;
3462 5366 3551 5421 hic
3597 5370 3746 5422 enim

2150 5443 2297 5486 esset
2352 5431 2612 5502 longioris
2637 5502 2647 5505 _
2670 5448 2851 5502 operae
2882 5434 3128 5503 scriptio,
3162 5445 3214 5489 et
3248 5437 3623 5505 multiplicatio
3647 5453 3750 5491 nn-

2155 5518 2453 5575 merorum,
2507 5502 2650 5572 quod
2716 5502 3057 5575 usuvenit’in
3114 5502 3416 5575 hujusmodi
3471 5507 3749 5561 veteribus

2156 5587 2311 5645 mss._,
2348 5573 2475 5645 _alia
2530 5581 2696 5645 atque
2749 5572 2854 5627 alia
2892 5590 3051 5629 manu
3094 5572 3434 5645 transcriptis
3456 5592 3561 5641 non
3599 5592 3745 5641 raro,

2156 5643 2299 5715 quod
2348 5641 2646 5715 legentibus
2690 5658 2819 5701 mss.
2868 5654 2923 5700 et
2986 5641 3340 5715 interpretum
3380 5647 3431 5701 in
3476 5661 3539 5702 ea
3583 5658 3747 5704 uetas

2157 5713 2327 5769 cuivis
2350 5714 2639 5770 constabit.
