4024 6406
341 331 444 397 ΞιΠ

1695 339 2034 402 HOMILIA
2073 338 2226 400 XXV

3517 344 3628 410 513

340 449 443 501 ϐάν
458 463 542 511 εος
579 445 874 517 λεγόμενα.
910 444 1090 512 Δόξαν
1137 448 1194 501 δὲ
1221 448 1370 518 λέγει
1401 450 1499 520 τὴν
1532 452 1596 512 ἐκ
1622 451 1715 506 τοῦ
1741 452 1935 518 διεγεῖ-

2048 450 2179 504 niat.
2212 447 2454 503 Gloriam
2496 463 2656 518 porro
2687 451 2825 508 dixit
2869 465 2988 508 eam
3020 466 3140 522 qua:
3167 467 3232 508 ex
3282 461 3534 508 revocato
3559 457 3629 507 ad

299 559 436 614 ⁹ρίιι.
467 541 564 593 τὸν
609 537 901 609 θνήξαντα.
949 540 1024 593 Οὐ
1080 541 1191 610 γὰρ
1241 541 1503 595 τοσούτου
1550 543 1832 614 θαύματος
1865 539 1934 612 ἦν

335 631 600 684 νοσοῦντα
630 631 819 684 τοῦτον
846 630 1127 694 ἰάσασθαι,
1161 632 1286 686 ὅσον
1313 633 1615 704 ἀναγαγεῖν
1637 635 1936 698 τεθνειῶτα

334 725 477 794 πρὸς
507 724 826 777 ἀναϐίωσιν.
861 724 1082 795 Τριχῶς
1108 724 1165 778 δὲ
1195 724 1540 796 λαμϐάνεται
1575 729 1607 797 ἡ
1642 728 1934 781 ἀσθένεια’

332 815 574 887 ἀσθενὴς
613 816 722 886 γὰρ
779 815 1002 883 λέγεται
1050 817 1148 870 καὶ
1189 819 1216 871 ό
1269 819 1493 889 ἀπαγὴς
1546 820 1682 891 πρὸς
1728 820 1933 887 πίστιν,

335 911 434 964 καὶ
469 905 587 963 οἷον
631 909 1026 980 κλονούμενος,
1059 928 1126 963 πε
1138 910 1192 982 pi
1222 903 1283 964 οὗ
1315 929 1483 982 φησιν
1505 915 1532 966 ὁ
1571 913 1895 976 Ἀπόστολος
1921 929 1935 944 ·

337 1021 359 1054 ι
393 1002 500 1055 Τὸν
543 1002 599 1055 δὲ
639 1001 973 1055 ἀσθενοῦντα
1012 1005 1078 1073 τῇ
1120 1003 1302 1056 πίστει
1349 1005 1864 1076 προσλαμϐάνεσθε.
1910 1024 1929 1056 ι

347 1093 636 1146 ’Λσθένεια
680 1095 774 1147 καὶ
810 1095 842 1162 ή
879 1095 1172 1165 σωματικὴ
1212 1096 1392 1160 νόσος,
1425 1095 1616 1169 ὥσπερ
1658 1098 1894 1151 ἐνταῦθα
1919 1114 1933 1127 ⁸

342 1205 362 1238 t
410 1188 547 1250 Ἴδε,
584 1187 644 1238 ὃν
679 1187 878 1255 φιλεῖς,
911 1187 1156 1254 ἀσθενεῖ,
1197 1208 1216 1241 ι
1248 1191 1342 1243 καὶ
1375 1191 1429 1243 αί
1460 1190 1600 1244 κατά
1623 1190 1731 1254 ¹ιςῶν
1763 1192 1935 1259 ἀγίων

333 1277 646 1341 ἐπιϐουλαὶ,
689 1279 784 1330 καὶ
824 1277 1061 1348 διωγμοὶ
1090 1278 1245 1350 παρὰ
1275 1280 1384 1334 τῶν
1412 1279 1649 1352 ἐχθρῶν,
1695 1280 1879 1345 καθὼς
1909 1284 1937 1336 ό

331 1371 548 1441 Κύριος
582 1371 660 1442 τῷ
702 1369 902 1441 Παύλῳ
933 1370 1102 1442 φησίν
1125 1388 1139 1402 ’
1176 1390 1196 1424 ι
1241 1372 1307 1425 Ἦ
1341 1372 1452 1443 γὰρ
1479 1371 1710 1443 δύναμίς
1743 1389 1847 1442 μου
1877 1375 1937 1427 ἐν

334 1463 597 1533 ἀσθενείᾳ
631 1462 954 1517 τελειοῦται.
981 1483 998 1514 ι
1024 1463 1228 1516 Σκόπει
1252 1459 1343 1518 οὖν
1364 1463 1439 1527 ὡς
1469 1464 1706 1518 ἐνταῦθα
1739 1465 1934 1536 ἰσχνῶς

335 1556 523 1609 πάντα
556 1555 790 1627 ἐδήλωσε
824 1572 839 1586 ·
875 1555 934 1609 τὸ
986 1558 1116 1628 περὶ
1168 1556 1267 1628 τὴν
1296 1559 1378 1621 εἰς
1407 1557 1572 1612 αὐτὸν
1608 1559 1791 1613 πίστιν
1827 1559 1936 1612 τῶν

339 1648 607 1720 μαθητῶν
647 1649 742 1701 καὶ
782 1649 843 1701 τὸ
889 1649 999 1702 τῶν
1032 1649 1316 1718 γυναικῶν
1351 1650 1588 1720 ἀπαγὲς,
1623 1651 1717 1704 τοῦ
1753 1651 1936 1714 Λαζά-

339 1758 439 1811 ρου
475 1739 576 1812 τὴν
613 1741 790 1806 νόσον,
829 1740 928 1812 τὴν
961 1741 1072 1795 τῶν
1121 1742 1400 1796 Ἰουδαίων
1443 1743 1763 1815 ἐπιϐουλὴν,
1798 1743 1835 1798 ἃ
1864 1744 1929 1814 δὴ

338 1833 523 1887 πάντα
557 1838 818 1902 γεγόνασι
844 1835 978 1904 πρὸς
1014 1834 1172 1899 δόξαν
1205 1834 1392 1889 αὐτοῦ.
1427 1835 1494 1888 Oi
1523 1853 1582 1888 τε
1605 1835 1717 1906 γὰρ
1752 1835 1930 1907 μαθη-

332 1927 431 1980 ταὶ
478 1927 569 1982 καὶ
610 1927 703 1980 τοῦ
746 1924 1006 1996 Λαζάρου
1041 1928 1100 1980 αἱ
1153 1926 1413 1995 σύγγονοι
1445 1927 1583 1998 πρὸς
1618 1928 1717 1997 τὴν
1749 1928 1932 1982 πίστιν

332 2016 774 2086 ἑϐεϐαιὼθησαν,
801 2020 895 2071 καὶ
927 2020 954 2071 ὁ
979 2017 1158 2072 θανὼν
1191 2017 1415 2082 ἀνεϐίω,
1440 2018 1536 2072 καὶ
1559 2019 1618 2072 τὸ
1648 2019 1735 2072 διὰ
1771 2037 1931 2072 σταυ-

337 2110 439 2181 ροῦ
500 2109 758 2180 ἐκυρώθη
803 2111 1128 2182 μυστήριον.
1176 2111 1348 2175 Δόξαν
1388 2111 1496 2182 γὰρ
1528 2111 1622 2164 τοῦ
1672 2112 1804 2165 Υἱοῦ
1839 2113 1933 2167 τοῦ

331 2202 631 2273 ἀνθρώπου
685 2203 926 2274 ἐδήλωσε
988 2207 1088 2275 μὲν
1143 2206 1238 2258 καὶ
1295 2207 1358 2258 ὲκ
1423 2205 1520 2257 τοῦ
1575 2208 1792 2277 ἐγεῖραι
1841 2211 1934 2285 τδν

334 2298 647 2369 θνήξαντα·
681 2299 744 2352 οὐ
796 2299 907 2368 γάρ
946 2300 1218 2371 τοσαύτης
1261 2295 1329 2370 ἦν
1363 2300 1523 2368 δόξης
1565 2301 1626 2353 τὸ
1671 2301 1934 2358 νοσοῦντα

333 2390 534 2444 τοῦτον
565 2389 847 2454 ίάσασθαι,
882 2392 1008 2446 ὅσον
1047 2393 1357 2462 ἀναστῆσαι
1387 2390 1664 2446 τεθνεῶτα
1697 2397 1934 2466 τετραή-

335 2499 533 2555 μερον.
567 2483 862 2548 Μυστικῶς
891 2483 948 2536 δὲ
991 2486 1090 2554 τὴν
1113 2487 1206 2537 τοῦ
1239 2491 1473 2558 σταυροῦ
1513 2489 1776 2558 ἐσήμηνε,
1807 2489 1936 2560 περὶ

327 2570 404 2648 ἦς
443 2575 600 2646 ἔλεγε
627 2593 646 2607 ·
691 2595 712 2627 ι
747 2576 863 2629 Νῦν
911 2576 1179 2645 ἐδοξάσθη
1207 2581 1233 2632 ὁ
1261 2580 1388 2644 Υἱὸς
1437 2581 1529 2636 τοῦ
1562 2582 1872 2653 ἀνθρώπου.
1909 2601 1930 2635 ι

335 2670 624 2738 Πρόφασις
656 2669 766 2740 γὰρ
805 2671 918 2731 τοῖς
965 2670 1246 2734 Ἰουδαίοις
1298 2674 1397 2742 τῆς
1445 2674 1695 2744 μείζονος
1736 2676 1937 2744 λύττης

334 2763 434 2815 καὶ
463 2761 607 2822 κατά
635 2762 733 2814 τοῦ
779 2763 1034 2833 Σωτῆρος
1069 2763 1370 2836 ἐπιβουλῆς
1414 2767 1477 2819 τὸ
1529 2766 1715 2837 θαῦμα
1745 2769 1938 2838 γέγονε

334 2854 398 2906 ab
429 2854 576 2907 κατά
609 2855 702 2907 τὸν
734 2855 1012 2924 Λάζαρον.
1062 2854 1151 2918 Ὠς
1194 2856 1252 2909 δὲ
1297 2856 1411 2925 ἐγὼ
1453 2852 1629 2927 οἶμαι,
1667 2861 1796 2930 περὶ
1837 2863 1938 2932 τῆς

332 2946 699 3020 ἀνθρωπίνης
741 2947 959 3016 φύσεως
1008 2948 1185 3014 ταῦτα
1219 2949 1391 3016 λαλεῖ.
1436 2950 1502 3023 Ἡ
1545 2952 1654 3020 γὰρ
1699 2953 1941 3023 ἐπισυμ-

327 3037 485 3091 ϐἱσα
513 3036 604 3090 διὰ
650 3037 752 3105 τῆς
785 3039 1077 3106 παρακοῆς
1111 3041 1277 3094 παντὶ
1326 3041 1405 3111 τῷ
1449 3042 1596 3110 γένει
1648 3043 1935 3104 ἀσθένεια.

2043 543 2204 596 vitam
2241 553 2456 597 mortuo
2490 555 2854 600 consitcutura
2889 557 3029 600 erat.
3066 546 3249 616 Neque
3287 547 3428 600 enim
3480 557 3632 601 tanto

2037 631 2232 689 fuisset
2293 635 2557 691 miraculo
2617 638 2767 693 illum
2828 639 3082 694 aﬂ'ectum
3148 639 3338 694 morbo
3393 654 3629 705 sanare,

2037 735 2243 793 quanto
2271 725 2373 781 fuit
2401 728 2467 783 ad
2497 729 2662 784 vitam
2693 743 2964 790 mortuum
2998 733 3306 786 restituere.
3347 730 3451 786 Sed
3483 732 3631 787 enim

2039 817 2330 872 inﬁrmitas
2363 820 2630 874 trifariam
2669 824 2957 890 accipitur.
2984 823 3238 880 Inﬁrmus
3262 825 3404 879 enim
3430 826 3633 880 dicitur

2030 912 2375 977 inconstans,
2425 922 2479 966 ct
2522 915 2676 982 quasi
2727 915 2964 969 titubans
2993 916 3045 969 in
3080 917 3204 980 ﬁde,
3238 916 3303 970 de
3350 933 3456 983 quo
3499 917 3634 972 dicit

2039 1002 2334 1071 Apostolus
2361 1020 2374 1058 :
2409 1023 2428 1056 ι
2459 1003 2735 1064 Inﬁnitum
2763 1006 2812 1057 in
2840 1006 2942 1060 ﬁde
2968 1009 3310 1062 assumite".
3342 1027 3360 1060 ι
3391 1008 3632 1063 Inﬁrmi-

2039 1106 2122 1150 tas
2157 1097 2320 1150 etiam
2359 1099 2606 1166 corporis
2643 1097 2888 1153 lumbum
2921 1099 3216 1165 signiﬁcat,
3251 1114 3307 1155 ut
3337 1102 3438 1156 hoc
3469 1103 3585 1156 loco
3613 1119 3629 1156 :

2043 1208 2062 1242 t
2107 1187 2264 1252 Ecce,
2301 1205 2460 1258 quem
2494 1205 2667 1252 amas,
2707 1191 3048 1258 inﬁrmatur;
3086 1212 3104 1244 ι
3142 1195 3206 1246 ad
3239 1195 3354 1248 hare
3419 1195 3632 1250 insidia;

2036 1279 2530 1351 insectationesque
2582 1283 2736 1353 161
2797 1286 2865 1337 ab
2922 1285 3249 1340 adversariis
3303 1288 3354 1341 in
3411 1299 3635 1344 sanctos

2037 1377 2287 1430 excitata:
2317 1378 2660 1445 appellantur
2706 1379 3080 1443 inﬁrmitates,
3131 1396 3236 1448 qua
3281 1382 3490 1436 ratione
3525 1383 3636 1436 Do-

2039 1467 2218 1522 minus
2259 1467 2421 1523 Patilo
2457 1471 2596 1524 dixit
2628 1488 2642 1524 :
2681 1490 2699 1522 ι
2736 1469 2924 1525 Virtus
2974 1472 3027 1523 in
3063 1469 3377 1525 inﬁrmitate
3419 1474 3635 1542 perﬁci~

2041 1569 2127 1614 tur
2162 1561 2228 1614 ³³.
2269 1580 2288 1613 ι
2343 1563 2580 1616 Advorte
2633 1563 2817 1632 igitur,
2874 1572 2932 1617 ut
2984 1564 3099 1618 hate
3145 1566 3326 1619 omnia
3379 1565 3483 1621 hoc
3517 1566 3637 1621 loco

2038 1664 2230 1720 argute
2297 1655 2778 1724 comprehenderit
2820 1674 2834 1710 :
2876 1656 3202 1710 imbecillam
3257 1658 3403 1712 circa
3458 1660 3635 1728 ipSum

2038 1743 2427 1813 discipulorum
2494 1757 2547 1800 et
2587 1747 2874 1802 mulierum
2913 1749 3097 1812 ﬁdem,
3130 1747 3323 1804 Lazari
3361 1751 3636 1820 morbum,

2038 1835 2268 1891 insidias
2296 1837 2606 1893 Iudaeorum
2631 1857 2646 1905 ;
2683 1856 2802 1909 qua:
2829 1856 2960 1896 sane
2989 1843 3171 1897 omnia
3202 1845 3256 1896 in
3288 1841 3378 1897 Dei
3407 1844 3635 1912 gloriam

2034 1941 2350 1986 evaserunt.
2395 1929 2529 1986 Nam
2577 1940 2632 1986 et
2664 1933 2942 2003 diScipnli,
2993 1942 3048 1987 et
3081 1933 3277 1988 Lazari
3313 1950 3532 1989 sorores
3580 1935 3636 1989 in

2039 2022 2142 2076 ﬁde
2171 2023 2477 2076 conﬁrmati
2515 2035 2668 2088 sunt,
2702 2033 2757 2078 et
2803 2034 3054 2080 tuortuus
3103 2014 3317 2090 revixit,
3352 2035 3408 2079 et
3459 2026 3639 2080 crucis

2036 2113 2358 2184 mysterium
2388 2115 2788 2183 promulgatum
2820 2123 2923 2169 est.
2950 2115 3190 2171 Gloriam
3214 2117 3360 2170 enim
3393 2115 3508 2170 Filii
3541 2116 3640 2170 ho-

2039 2205 2201 2260 minis
2220 2205 2586 2275 redintegrata
2609 2208 2803 2261 mortui
2833 2207 2942 2260 vita
2966 2209 3636 2276 demonstravitquidem;

2039 2311 2218 2365 neque
2269 2297 2412 2351 enim
2464 2307 2627 2369 tantm
2677 2298 2863 2368 gloria:
2913 2297 3110 2353 fuisset
3163 2299 3352 2352 morbo
3383 2297 3639 2354 afﬂictum

2038 2383 2186 2440 illum
2225 2402 2438 2452 curare,
2475 2397 2690 2456 quanta:
2718 2388 2818 2440 fuit
2843 2387 2955 2458 jam
2993 2390 3296 2456 depositmn
3348 2400 3401 2446 et
3430 2391 3643 2460 quatri-

2039 2479 2278 2532 tluanum
2315 2480 2621 2544 suscitare;
2659 2495 2844 2534 verum
2877 2481 3023 2535 enim
3077 2482 3300 2552 mystice
3331 2484 3493 2538 etiam
3526 2484 3642 2554 glo-

2041 2571 2176 2624 riam
2208 2587 2327 2626 eam
2377 2573 2630 2642 signavit,
2664 2589 2832 2641 quam,
2863 2574 3070 2642 peperit
3099 2575 3200 2627 sibi
3251 2590 3348 2641 per
3396 2591 3639 2641 crucem,

2041 2665 2107 2718 de
2136 2679 2242 2732 qua
2287 2663 2424 2718 dixit
2459 2681 2472 2718 :
2511 2682 2530 2715 ι
2574 2666 2732 2720 Nunc
2767 2666 3098 2719 clariﬁcatus
3126 2675 3212 2719 est
3243 2664 3411 2720 Filius
3457 2667 3640 2721 homi-

2044 2757 2126 2811 nis
2163 2757 2304 2810 ³³·³⁸.
2345 2777 2366 2810 ›
2408 2757 2518 2813 lloc
2553 2760 2700 2813 enim
2754 2755 2806 2814 in
2839 2759 3050 2812 Lazaro
3082 2759 3404 2814 miraculum
3436 2761 3640 2816 editqu

2040 2848 2238 2904 Judaeis
2267 2851 2482 2906 occasio
2516 2851 2636 2916 fuit,
2669 2861 2727 2907 ut
2767 2850 2959 2921 majori
2988 2850 3196 2907 cﬂerati
3233 2853 3382 2907 rabie
3414 2853 3642 2909 insidias

2044 2941 2310 2996 Salvatori
2364 2943 2704 3002 molirentur.
2743 2940 2850 2996 Sed
2905 2951 2963 2995 ut
3011 2957 3113 3011 ego
3167 2942 3331 2996 etiam
3379 2943 3640 3006 arbitror,

2044 3044 2248 3085 natura:
2285 3033 2538 3088 humanae
2572 3034 2687 3088 htec
2715 3033 2876 3096 verba
2927 3034 3295 3097 conveniunt;
3347 3050 3474 3087 nam
3521 3049 3644 3104 qua:

331 3129 436 3200 τὴν
484 3127 646 3193 δόξαν
696 3129 798 3197 τῆς
847 3129 943 3182 τοῦ
992 3129 1130 3182 Θεοῦ
1183 3131 1517 3201 σαρκώσεως
1562 3134 1894 3206 προεξένησε
1924 3153 1935 3165 ·

2047 3127 2362 3180 universum
2415 3126 2696 3180 hominum
2736 3141 2911 3196 genus
2943 3141 3042 3195 per
3085 3127 3510 3182 inobedientiam
3558 3129 3646 3183 in-

332 3220 472 3285 δόξα
505 3222 616 3294 γὰρ
650 3220 729 3292 τῷ
761 3220 880 3274 am
914 3221 1067 3292 αὐτῷ
1096 3223 1130 3292 ή
1160 3223 1399 3294 τοσαύτη
1435 3223 1627 3294 γέγονε
1657 3227 1910 3294 συγκατά

336 3310 530 3375 ϐασις.

415 3512 435 3546 t
481 3493 704 3561 Ἠγάπα
721 3490 824 3544 δὲδ
847 3488 1061 3562 Ἰησοῦς
1089 3488 1189 3559 τὴν
1220 3489 1480 3560 Μάρθαν,
1513 3491 1609 3544 καὶ
1639 3491 1741 3562 τὴν
1776 3493 1936 3547 ἀδελ-

335 3587 445 3657 φὴν
470 3583 670 3652 αὐτῆς,
710 3584 806 3636 καὶ
823 3583 915 3636 τὸν
943 3582 1217 3654 Λάζαρον.
1253 3600 1271 3634 ι
1294 3582 1352 3636 '0
1389 3582 1488 3652 μὲν
1518 3584 1936 3655 εὐαγγελιστὴς,

334 3680 434 3732 ᾶτε
464 3677 737 3746 διαφορὰν
769 3675 998 3742 ἀγάπης
1049 3674 1144 3727 καὶ
1181 3672 1366 3743 φιλίας
1415 3674 1594 3739 εἰδὼς,
1637 3676 1730 3729 καὶ
1749 3677 1830 3729 ὅτι
1861 3678 1938 3746 τῷ

337 3770 443 3838 μὲν
486 3767 608 3836 Θεῷ
638 3762 728 3820 οἷα
762 3767 978 3838 τελείῳ,
1009 3767 1216 3838 μᾶλλον
1240 3765 1297 3819 δὲ
1345 3766 1708 3838 ύπερτελείῳ,
1736 3769 1798 3821 τὸ
1845 3767 1939 3822 τέ-

332 3863 483 3916 λειον
509 3862 765 3914 σύνεστιν
793 3861 826 3928 ἡ
855 3859 1070 3929 ἀγάπη,
1114 3860 1260 3929 τάχα
1311 3858 1369 3910 δὲ
1421 3859 1517 3912 καὶ
1565 3860 1730 3923 αὐτός
1786 3863 1939 3913 ἐστιν

333 3959 366 4026 ἢ
400 3956 618 4022 ἀγάπη,
652 3953 728 4016 ὡς
768 3956 826 4005 ὲν
861 3955 928 4024 τῇ
961 3951 1226 4022 καθολικῇ
1256 3951 1651 4021 διετράνωσεν,
1711 3953 1938 4024 ἡμῖν-δὲ

338 4048 564 4120 μάλιστ’
604 4046 670 4100 ἂν
699 4045 915 4114 γένοιτο
947 4045 1049 4097 κᾶν
1084 4043 1221 4115 πρὸς
1245 4044 1432 4113 φιλίαν
1455 4043 1554 4115 τὴν
1586 4046 1804 4099 ἐκείνου
1853 4046 1940 4098 ἐλ-

335 4143 488 4196 θεῖν·
547 4140 691 4194 τοῦτ⁴
725 4139 917 4200 εἰδὼς,
951 4137 1202 4206 ἀτρεκῶς
1232 4155 1432 4209 φησιν·
1481 4155 1498 4189 ι
1539 4138 1627 4202 Ὧς
1667 4139 1856 4208 ἠγάπα
1910 4139 1939 4202 ὁ

335 4231 549 4302 Ἰησοῦς
607 4231 700 4284 τὸν
752 4229 1030 4298 Λάζαρον,
1063 4229 1156 4281 καὶ⁵
1185 4228 1286 4291 τὰς
1339 4229 1640 4296 συγγόνους
1672 4228 1840 4282 αὑτοῦ
1867 4245 1881 4260 ’
1911 4249 1931 4280 ι

336 4325 548 4397 Μάρθα
583 4325 638 4378 δὲ
671 4325 766 4377 καὶ
788 4321 1004 4392 Μαρία,
1039 4321 1116 4384 ὡς
1142 4321 1355 4384 ἀτελεῖς
1377 4319 1460 4372 ἔτι
1523 4323 1901 4392 τυγχάνουσαι
1921 4337 1936 4352 ο

345 4439 364 4472 t
393 4420 524 4482 Ἴδε,
559 4418 621 4471 ὃν
655 4417 854 4486 φιλεῖς,
882 4416 1124 4468 ἀσθενεῖ.
1159 4433 1178 4466 ι
1215 4415 1293 4467 Οὐ
1327 4415 1436 4484 γὰρ
1472 4413 1694 4483 ᾔδεισαν
1717 4415 1939 4484 ἀγάπης

2047 3226 2186 3270 νιιειι
2220 3219 2529 3284 inﬁrmitas,
2572 3235 2736 3274 causa
2793 3219 2892 3274 fuit
2937 3220 3122 3290 gloria:
3160 3219 3229 3273 ab
3264 3217 3645 3280 lucarnatione

2045 3290 2137 3364 Dei
2188 3310 2478 3381 profectae;
2514 3313 2739 3382 gloriam
2792 3314 2935 3367 enim
2975 3328 3166 3369 revera
3217 3314 3320 3383 ipsi
3350 3314 3645 3370 descensus

2044 3402 2132 3458 ille
2162 3418 2225 3456 ac
2267 3411 2418 3458 tanta
2452 3405 2710 3466 demissio
2737 3405 3073 3459 conciliavit.

2117 3515 2137 3548 ‹
2197 3497 2464 3566 Diligebat
2503 3508 2683 3552 autem
2727 3495 2888 3552 Jesus
2934 3498 3234 3563 Martinam,
3286 3507 3343 3554 et
3398 3511 3644 3554 sororem

2041 3588 2179 3658 ejus,
2213 3597 2269 3642 et
2302 3587 2594 3652 Lazarum.
2641 3607 2662 3639 ι
2699 3587 2842 3643 Sane
2888 3590 3221 3660 evangelista
3273 3605 3396 3645 cum
3440 3599 3644 3654 nosset,

2042 3679 2170 3748 quid
2229 3679 2370 3734 inter
2418 3680 2679 3751 ἀγάπην,
2732 3681 2786 3735 id
2839 3690 2957 3748 est,
3017 3681 3368 3738 dilectionem
3418 3681 3532 3751 (80)
3589 3691 3648 3738 et

2043 3771 2253 3839 φιλίαν.
2291 3773 2392 3826 hoc
2414 3779 2519 3837 est,
2546 3788 2787 3828 amorem
2824 3774 3134 3840 interesset,
3159 3776 3415 3844 quodque
3446 3776 3499 3830 in
3535 3777 3646 3831 Deo

2043 3873 2233 3934 utpote
2275 3863 2540 3932 perfecto,
2571 3881 2667 3921 seu
2699 3867 2880 3934 potius
2909 3882 3072 3936 supra
3096 3883 3313 3923 omnem
3350 3867 3645 3936 perfectio-

2044 3972 2167 4011 nem
2229 3955 2342 4027 (81)
2403 3957 2688 4012 exsistenti
2749 3956 3012 4026 perfectio
3072 3959 3352 4014 charitatis
3413 3959 3642 4024 habitat,

2042 4047 2152 4101 imo
2199 4048 2314 4115 ipse
2348 4047 2589 4101 charitas
2628 4059 2731 4113 est,
2769 4058 2829 4102 ut
2874 4049 2926 4101 in
2963 4048 3201 4118 Epistola
3237 4047 3502 4102 catholica
3549 4048 3638 4102 di-

2041 4147 2188 4194 serte
2255 4138 2425 4204 dixit,
2490 4138 2648 4194 nobis
2711 4154 2839 4192 vero
2905 4139 2995 4194 vix
3052 4138 3282 4210 contigit
3338 4140 3405 4193 ad
3473 4139 3646 4208 ipsius

2042 4246 2285 4286 amorem
2339 4234 2660 4302 pervenire;
2693 4233 2818 4294 hoc,
2860 4233 3104 4302 inquam,
3137 4249 3259 4287 cum
3303 4244 3642 4302 compertum

2044 4322 2268 4378 haberet
2302 4323 2634 4394 evangelista
2665 4341 2681 4380 :
2717 4344 2736 4377 ι
2778 4325 3067 4395 Diligebal,
3102 4326 3298 4396 inquit,
3331 4324 3495 4382 Jesus
3541 4326 3646 4380 La-

2041 4431 2251 4481 zarum,
2291 4425 2347 4471 et
2400 4431 2619 4471 sorores
2667 4417 2806 4484 ejus.
2847 4435 2867 4469 ι
2927 4416 3139 4471 Martha
3186 4432 3314 4473 vero
3347 4427 3403 4472 et
3453 4419 3643 4484 Maria,

337 4515 432 4566 καὶ
468 4510 649 4581 φιλίας
677 4509 963 4578 διαφοράν.
990 4505 1147 4560 Οὕτω
1171 4509 1266 4560 καὶ
1299 4505 1545 4559 Ἰουδαῖοι
1578 4505 1930 4577 δακρύσαντα

2045 4515 2232 4576 utpOte
2277 4507 2455 4563 adhuc
2492 4508 2846 4578 imperfecta,
2880 4527 2899 4559 ι
2936 4509 3103 4575 Ecce,
3127 4523 3287 4579 quem
3337 4524 3510 4576 antas,
3562 4511 3647 4564 in-

336 4602 668 4666 τεθεακότες
715 4601 810 4655 τδν
856 4599 1094 4654 Κύριον⁹
1131 4617 1149 4651 ι
1179 4598 1309 4664 Ἴδε,
1358 4593 1537 4666 εἷπον,
1592 4598 1709 4663 πῶς
1761 4597 1939 4670 ἐφίλει

339 4697 532 4752 αὐτόν.
574 4714 595 4749 ι

415 4999 459 5031 ³⁸
500 4997 662 5054 Rom.
697 5011 810 5064 xiv,
855 4995 910 5050 1.

2049 4599 2264 4668 quium,
2293 4601 2657 4662 inﬁrmatur.»
2679 4601 2869 4672 Neque
2897 4603 3042 4657 enim
3073 4603 3204 4673 quid
3235 4604 3376 4664 inter
3402 4619 3643 4659 amorem

2049 4691 2503 4764 dilectionemquc
2538 4694 2792 4760 distaret,
2831 4693 3229 4765 intelligebant.
3273 4693 3366 4750 Sic
3393 4705 3447 4750 et
3473 4693 3646 4750 Judaei

2049 4798 2170 4844 cum
2198 4785 2587 4857 lacrymantem
2619 4786 2909 4842 Dominum
2940 4786 3207 4855 viderent,
3248 4784 3441 4854 «Ecce,
3469 4787 3644 4856 aiunt,

2049 4877 2322 4947 quomodo
2352 4879 2575 4934 amabat
2603 4895 2752 4937 eum.
2799 4897 2818 4932 ι

983 4995 1028 5028 ³²
1061 4991 1080 5047 l
1109 4990 1240 5047 Cor.
1273 5007 1374 5056 xu,
1411 4989 1468 5045 9.
1545 4989 1675 5032 ³³·³³
1710 4988 1866 5045 Joau.
1904 5003 2025 5054 xm,
2058 4991 2146 5046 5|.

1575 5089 1898 5150 Frant-isci
1941 5089 2152 5154 Scorsi
2195 5097 2384 5152 notat.

417 5195 529 5269 (80)
563 5193 700 5260 Quid
750 5196 887 5248 inter
919 5191 1190 5269 ἀπάπην,
1226 5189 1280 5243 id
1304 5197 1389 5269 est
1424 5186 1776 5269 dilectionem,
1833 5197 1939 5269 etc.

345 5260 645 5322 Discrimen
703 5269 844 5319 inter
907 5260 1426 5336 ovainqvcttptltav
1463 5260 1610 5336 ponit
1639 5261 1721 5310 hic
1749 5260 1940 5336 auctor

342 5355 453 5393 ιιοιι
481 5339 768 5390 hacsolum
791 5329 1033 5398 homilia,
1058 5329 1152 5386 sed
1184 5333 1304 5384 aliis
1332 5329 1938 5396 nonnullis,pvaascrtim

344 5425 474 5463 vero
527 5407 620 5472 58,
682 5421 803 5474 quae
860 5415 941 5458 est
999 5405 1072 5457 De
1115 5402 1516 5474 Resurrectioue
1549 5412 1819 5474 postrema
1847 5398 1937 5451 ubi

344 5479 576 5548 ipsemet
607 5469 675 5532 de
702 5469 790 5530 his
811 5477 1036 5548 vocibus
1091 5476 1354 5538 disputat,
1396 5473 1644 5548 adquam
1681 5469 1938 5548 lectorem

344 5540 641 5617 Γέῇώιιιιιε.
672 5548 735 5601 Et
783 5552 823 5599 si
856 5547 984 5615 quid
1026 5557 1343 5617 przettrt'eaa
1397 5541 1550 5592 nobis
1576 5540 1942 5617 :t-duutauduut

342 5612 420 5672 est
459 5621 508 5672 in
546 5631 686 5670 uotis
709 5618 773 5668 ad
827 5612 1070 5669 eamdem
1121 5612 1423 5675 hoiniliam,
1485 5627 1550 5664 co
1580 5612 1945 5663 comzumliore

343 5690 462 5743 loco
499 5691 672 5750 regeri
688 5711 710 5736 -I
741 5701 822 5739 us.

414 5761 528 5829 (81)
576 5757 778 5829 Supra
811 5755 1455 5829 outnem‘perfectionem.
1482 5753 1758 5829 Ct‘eatatu,
1791 5766 1941 5829 qua:-

345 5822 444 5901 quc
475 5822 782 5899 eaetiguari
819 5835 872 5882 et
909 5826 1132 5895 intelligi
1187 5826 1239 5880 iu
1281 5828 1439 5883 rel-us
1477 5824 1650 5896 possit
1693 5822 1935 5880 creatis:

2047 5189 2329 5265 familiaris
2354 5191 2582 5265 _locutio
2609 5191 2815 5248 Graecis
2859 5192 3110 5250 Patribus
3139 5209 3246 5265 qua
3277 5195 3445 5250 Deum
3471 5197 3646 5265 ὕπερ-

2047 5215 2329 5244 ιιιιιιιιιειηδ
2385 5215 2582 5245 Iot'uuu
2609 5215 2815 5248 uncus
2859 5215 3110 5250 ratrmus
3139 5215 3246 5265 qua
3280 5215 3445 5250 neum
3471 5215 3576 5251 υπε
3617 5227 3644 5240 -·

2045 5259 2265 5333 ούτιον,
2344 5261 2694 5333 ύπερτέλειον
2779 5275 2992 5329 vocent,
3045 5280 3108 5319 ac
3159 5269 3459 5333 prasertim
3539 5215 3644 5326 εξ.

2046 5329 2304 5406 liony-io
2376 5329 2840 5406 et‘Damasceno.
2896 5334 3029 5389 Vide
3077 5329 3199 5406 quin
3268 5338 3646 5406 adnotavimus

2047 5400 2194 5451 hom.
2269 5401 2302 5454 5
2364 5411 2485 5456 uota
2531 5403 2618 5456 50.
2656 5401 2928 5477 _Joannes
2980 5400 3383 5477 Cyparissiotus
3437 5401 3646 5461 S.Tri4

2043 5485 2077 5521 ιι
2111 5481 2273 5545 tatem
2309 5489 2412 5525 non
2443 5477 2606 5545 modo
2648 5475 2998 5545 ὑπερούσιον.
3027 5475 3149 5531 ‘sed
3180 5481 3340 5530 etiam
3374 5477 3644 5545 ὑπέρθεον

2042 5543 2352 5614 appellavit,
2400 5544 2657 5597 uiuurum
2717 5543 2880 5614 supra
2939 5563 3156 5601 omnem
3205 5543 3541 5600 divinitatem
3570 5549 3642 5602 ab

2045 5612 2354 5684 Ιιυιιιὶιιξιιιις
2409 5612 2808 5684 participantur,
2893 5629 2950 5670 ut
3002 5616 3202 5679 Exod.,
3256 5615 3531 5670 Constitui
3592 5629 3643 5674 te

2040 5683 2196 5733 deum
2231 5681 2568 5755 Pharaonis;
2603 5681 2662 5739 et
2706 5687 2818 5755 Ego
2837 5685 2968 5748 dixi,
3009 5687 3097 5738 Dii
3123 5689 3268 5741 estis.
3299 5688 3450 5753 Quod
3480 5697 3643 5742 etiam

2043 5753 2416 5878 pigtsatntB-anc.
2454 5753 2771 5812 'l‘urrianus'
2795 5759 2846 5810 in
2881 5757 3104 5814 sclioliis
3137 5761 3204 5815 ad
3255 5759 3432 5830 ipsum
3459 5756 3640 5829 Cypa-

2153 5861 2166 5878 .
2277 5863 2290 5878 .
2326 5839 2366 5878 ι.

2043 5834 2166 5878 I'ISS.
2199 5834 2290 5878 HD.
2326 5839 2366 5880 Ι.
