4042 6474
364 381 477 453 5i9
1543 370 2043 437 THEOPHANIS
2084 371 2229 433 CER
2240 370 2340 431 AM
2347 367 2429 430 EI
3543 366 3648 432 590

449 517 471 552 ι
505 498 572 554 Ut
592 510 724 567 ergo
749 492 976 561 audivit,
999 491 1127 564 quia
1155 486 1557 551 inllrmabatur,
1584 495 1711 540 tunc
1738 482 1953 553 quidem
1987 488 2034 545 Α

2138 500 2158 534 ι
2201 477 2426 567 Ὦςμοῦν
2483 479 2742 551 ἧκουσεν,
2775 481 2858 535 ὅτι
2888 480 3132 549 ἀσθενεῖ,
3155 480 3280 536 τότε
3339 479 3443 552 μέν
3500 481 3652 552 Eust-

367 594 568 645 mansit
603 564 883 643 in—eodem
931 587 1051 640 loco
1094 583 1305 639 duobus
1353 580 1565 646 diebus,
1599 575 1791 632 deinde
1836 581 1960 644 post

2068 589 2181 635 νεν,
2211 573 2271 627 ἐν
2293 564 2338 641 ᾧ
2380 565 2451 643 ἦν
2476 570 2650 642 τόπῳ,
2677 571 2773 627 δύο
2807 573 3027 645 ἡμέρας
3044 590 3057 603 ·
3090 572 3285 631 ἔπειτα
3304 573 3444 647 μετὰ
3468 572 3654 628 τοῦτοι

368 682 490 736 haec
517 680 647 735 dicit
670 677 947 748 discipulis
973 675 1086 731 suis
1118 692 1133 730 :
1161 673 1363 728 Eamus
1390 671 1443 725 in
1464 668 1707 724 Judaeam
1737 667 1958 722 iterum.

2068 664 2224 734 λέγει
2251 665 2370 728 τοῖς
2406 662 2679 735 μαθηταῖς
2705 665 2873 719 αὐτοῦ
2896 680 2911 696 ο
2948 665 3215 737 Ἄγωμεν
3262 668 3344 730 είς
3377 665 3480 738 τὴν
3522 663 3654 719 ’lou-

371 774 571 828 Dicunt
623 771 672 826 ei
723 769 970 840 discipuli
1018 784 1034 822 :
1076 765 1286 831 Rabhi,
1346 775 1493 817 nunc
1545 757 1857 830 quaerebant
1910 766 1963 812 te

2067 758 2224 814 δαίαν
2246 756 2435 814 πάλιν.
2487 757 2756 827 Λέγουσιν
2785 758 2935 822 αὺτῷ
2987 760 3035 813 οἱ
3081 757 3329 830 μαθηταί
3358 775 3373 791 ⁸
3427 758 3652 821 Ῥαϐὁὶ,

368 865 541 922 Judmi
593 863 853 934 lapidare,
901 869 957 916 et
1004 861 1204 915 iterum
1235 856 1387 912 vadis
1422 852 1584 909 illuc?
1632 870 1651 904 ›
1686 851 1833 906 Duos
1866 859 1964 904 ex-

2071 850 2169 906 νῦν
2186 849 2420 921 ἐζήτουν
2449 866 2511 903 σε
2537 851 2588 904 οἱ
2625 850 2875 905 Ἰουδαῖοι
2928 849 3176 917 λιθάσαι,
3211 850 3305 905 καὶ
3333 851 3500 907 πάλιν
3554 850 3659 904 ὕπ-

373 966 586 1030 Spectat
619 958 734 1011 dies
774 964 833 1008 ut
867 962 1193 1025 potestatem
1226 959 1436 1004 naturae
1478 946 1643 1002 faciat
1671 941 1962 999 exercendi

2071 944 2228 1014 άγεις
2257 945 2411 1011 ἐκεῐ;
2450 962 2470 996 ι
2505 942 2612 998 Δόο
2640 945 2859 1015 ἡμέρας
2888 943 3218 1015 προσμένει,
3254 944 3440 1016 χώραν
3479 944 3660 1009 διδοὺς

369 1052 479 1104 vim
517 1049 675 1119 162
705 1062 894 1112 suam;
930 1054 988 1100 ut
1025 1044 1258 1112 scilicet,
1291 1052 1575 1113 postquam
1602 1053 1754 1093 mors
1797 1034 1964 1090 auda-

2069 1036 2137 1105 τῇ
2164 1032 2328 1102 φύσει
2352 1034 2653 1106 ἐνεργῆσαι
2686 1034 2750 1088 τὸ
2778 1034 2946 1089 ίδιονο
2980 1036 3055 1100 ῶς
3083 1039 3151 1093 ἂν
3196 1037 3286 1090 ἐπ’
3314 1036 3504 1099 ἀδείας
3564 1033 3663 1090 τοῦ

366 1149 489 1195 cter
520 1140 795 1194 dominata
843 1137 1057 1201 fuisset,
1092 1134 1266 1201 majus
1311 1132 1694 1187 ostenderetur
1723 1127 1962 1182 miracu-

2074 1126 2312 1181 Θανάτου
2337 1127 2890 1200 κατακρατήσαντος,
2922 1129 3113 1201 δειχθῇ
3149 1131 3212 1184 τὸ
3241 1128 3431 1200 θαῦμα
3479 1147 3666 1201 παραο

375 1234 485 1286 lum
540 1243 595 1285 et
649 1231 823 1301 magis
871 1230 1233 1300 inepinatnm.
1288 1223 1346 1280 Si
1378 1224 1522 1279 enim
1564 1237 1596 1278 e
1638 1220 1866 1290 vestigio
1910 1219 1964 1272 in

2073 1220 2375 1293 δοξότερον.
2407 1219 2472 1274 Ei
2498 1220 2611 1291 γὰρ
2643 1219 2809 1285 εὐθὺς
2842 1222 2924 1286 εἰς
2960 1220 3240 1293 Βηθανίαν
3304 1222 3664 1294 ἐξώρμησεν.

372 1324 694 1379 Bethaniam
747 1320 1027 1393 profectus
1073 1328 1241 1384 esset,
1308 1333 1413 1372 non
1467 1324 1587 1371 erat
1638 1313 1966 1370 conveniens

2073 1315 2175 1369 οὐκ
2202 1310 2270 1387 ἦν
2295 1315 2445 1379 εἰκὸς
2483 1313 2746 1369 τεθνάναι
2772 1315 2865 1368 τὸν
2891 1315 3172 1388 Λάζαρον.
3206 1316 3319 1371 Καὶ
3350 1316 3463 1387 γὰρ
3513 1315 3666 1387 ἀμή-

375 1416 641 1471 Lazarum
674 1416 850 1480 mori;
885 1429 992 1469 non
1025 1414 1169 1469 enim
1203 1411 1317 1467 ﬁeri
1371 1418 1571 1479 potest,
1601 1416 1660 1462 ut
1696 1421 1841 1461 mors
1868 1420 1969 1475 po-

2076 1426 2262 1482 χανον,
2281 1409 2384 1479 τῆς
2405 1406 2555 1478 ζωῆς
2586 1408 2895 1479 παρούσης,
2920 1408 3147 1481 ἐνεργόν
3175 1408 3411 1482 ὀφθῆναι
3443 1408 3537 1464 τδν
3566 1409 3669 1464 θά-

376 1516 498 1562 tens
546 1514 827 1577 appareat,
880 1505 990 1558 vita
1036 1510 1327 1574 praesente.
1379 1498 1637 1568 Discipuli
1685 1497 1870 1566 igitur,
1907 1501 1970 1549 ut

2076 1518 2257 1556 νατον.
2280 1502 2343 1555 Ol
2369 1500 2551 1555 τοίνυν
2581 1501 2825 1573 μαθηταὶ⁸
2841 1502 3181 1567 ἀκούσαντες
3209 1502 3303 1556 τό·
3350 1521 3369 1555 ι
3398 1502 3668 1573 ’Ἄγωμεν

378 1599 721 1654 audierunt:
777 1615 796 1648 ι
840 1597 1039 1651 Eamus
1085 1595 1138 1650 in
1178 1593 1442 1659 Judaeam,
1483 1609 1502 1643 ι
1547 1598 1602 1645 et
1638 1594 1968 1652 metuentes,

2076 1594 2159 1658 είς
2219 1592 2318 1665 τὴν
2361 1592 2649 1660 Ἰουδαίαν,
2680 1611 2699 1646 ι
2735 1595 2833 1648 καὶ
2889 1594 3216 1660 δεδοικότες,
3272 1594 3349 1667 μὴ
3402 1596 3503 1665 τῆς
3559 1592 3672 1647 τῶν

376 1706 449 1746 ne
494 1688 695 1744 Iudaeis
726 1688 989 1742 Dominus
1036 1684 1240 1740 furoris
1268 1694 1412 1738 esset
1438 1682 1676 1748 occasio,
1711 1694 1818 1734 non
1852 1677 1970 1732 ausi

2092 1685 2370 1739 Ἰουδαίων
2396 1684 2599 1756 λύττης
2629 1685 2793 1754 ἔργον
2822 1686 3197 1751 όδιδάσκαλος
3216 1686 3473 1758 γένηται,
3491 1686 3674 1739 ἀντει-

379 1784 598 1854 qnidem
634 1791 760 1838 sunt
786 1780 1198 1840 contradicere,
1232 1776 1329 1832 sed
1361 1790 1461 1845 per
1505 1774 1740 1843 Speciem
1777 1772 1968 1825 admo-

2078 1780 2204 1832 πεῖν
2228 1777 2329 1849 μὲν
2349 1778 2451 1832 οὐκ
2484 1779 2926 1853 ἐθρασύνθησαν,
2956 1782 3014 1834 ἐν
3048 1781 3412 1853 προσποιήσει
3442 1778 3501 1833 δὲ
3531 1780 3672 1832 ὐπο-

380 1876 545 1932 nendi
577 1892 608 1931 a
639 1874 905 1931 sententia
940 1873 1089 1927 illum
1121 1868 1392 1925 deducere
1438 1865 1623 1923 conati
1658 1873 1821 1931 sunt;
1852 1872 1976 1930 apte

2084 1871 2337 1940 μνήσεως
2371 1870 2632 1940 ἀπεῖρξαι
2679 1871 2872 1927 τοῦτον
2908 1871 3088 1942 ὁρμῆς
3134 1871 3537 1943 ἐπειράθησαν,
3583 1887 3677 1922 πι-

382 1969 638 2024 nimi-rum
695 1967 762 2021 ad
813 1962 1249 2034 persuadendum
1300 1961 1485 2015 dicere
1533 1956 1970 2028 aggrediuntur:

2082 1962 2261 2027 θανῶς
2298 1961 2462 2033 δῆθεν
2510 1964 2950 2037 ἐπιχειρίσαντες
2972 1980 2989 1995 ’
3023 1984 3042 2017 ι
3073 1964 3293 2032 Ῥαόσὶ,
3316 1964 3411 2019 νῦν
3443 1964 3678 2035 ἐζήτουν

386 2079 410 2113 ι
454 2060 734 2129 Magister,
768 2070 914 2111 nunc
961 2054 1279 2124 qurerebant
1326 2060 1379 2107 te
1406 2048 1579 2105 Judaei
1631 2046 1894 2116 lapidare,
1923 2050 1977 2098 et

2086 2071 2145 2107 σε
2177 2054 2227 2107 oi
2262 2054 2512 2107 Ἰουδαῖοι
2536 2054 2785 2123 λιθάσαι,
2808 2056 2903 2109 καὶ
2942 2055 3107 2111 πάλιν
3140 2058 3294 2121 ἐκεῖ;
3321 2074 3340 2108 ι
3375 2056 3443 2109 Τί
3498 2050 3594 2110 οὖν
3646 2055 3680 2109 ό

385 2153 583 2208 iterum
619 2150 768 2204 vadis
793 2146 956 2202 illuc?
982 2165 999 2198 ι
1038 2145 1177 2212 Quid
1212 2143 1379 2214 igitur
1412 2138 1699 2197 Salvator?
1725 2136 1831 2192 Per
1856 2149 1978 2193 seu-

2089 2146 2318 2218 Σωτήρ;
2348 2147 2451 2199 Διὰ
2480 2147 2591 2201 τῶν
2620 2147 2901 2222 αἰσθητῶν
2939 2147 3105 2202 πάλιν
3155 2148 3350 2217 ἀνάγει
3382 2147 3494 2218 ,τὸν
3546 2147 3679 2203 νοῦν

382 2244 564 2302 sibilia
605 2244 800 2298 iterum
833 2249 1068 2296 mentem
1124 2251 1312 2293 eorum
1358 2234 1517 2305 erigit
1555 2235 1623 2288 ad
1656 2230 1873 2298 altiora,
1923 2236 1978 2283 et

1713 2230 1873 2298 tiora,
1923 2236 1980 2283 et
2084 2239 2266 2297 αὐτῶν
2297 2242 2380 2307 εἰς
2403 2240 2472 2295 τά
2512 2240 2850 2313 ὑψηλότερα,
2876 2240 3056 2312 λέγων
3095 2242 3304 2308 αὐτοῖς·

382 2342 467 2397 ait
496 2337 602 2393 illis
633 2353 647 2391 :

466 2448 485 2483 ι
510 2429 697 2483 Nonne
724 2423 1008 2482 duodecim
1041 2430 1168 2478 sunt
1193 2421 1343 2477 horae
1368 2418 1519 2475 diei?
1551 2417 1607 2474 Si
1639 2417 1762 2488 quis
1791 2415 1981 2472 ambu-

2166 2443 2185 2477 ι
2208 2424 2347 2495 Οὐχὶ
2378 2422 2593 2479 δώδεκα
2620 2418 2765 2497 ὧραί
2804 2423 2914 2478 είσι
2940 2424 3043 2496 τῆς
3092 2424 3306 2497 ἡμέρας
3337 2441 3353 2490 ;
3418 2422 3544 2479 Ἐάν
3592 2440 3681 2488 τις

384 2523 584 2578 laverit
607 2521 659 2575 in
686 2520 796 2584 die,
826 2533 932 2572 non
961 2515 1207 2581 offendit,
1237 2514 1365 2584 quia
1397 2512 1571 2568 lucem
1600 2510 1764 2581 hujus
1794 2508 1976 2566 mundi

2089 2516 2459 2588 περιπατήσει
2504 2519 2564 2570 ἐν
2604 2520 2671 2589 τῇ
2732 2517 2943 2589 ἡμέρᾳ,
2994 2517 3058 2570 οὐ
3101 2516 3457 2588 προσκόπτει,
3504 2517 3586 2571 ὅτι
3616 2516 3680 2570 τδ

388 2614 540 2668 videt
565 2630 579 2667 :
611 2614 654 2667 si
684 2621 864 2665 autem
895 2608 1257 2662 ambulaverit
1285 2605 1338 2660 in
1373 2613 1552 2670 nocte,
1582 2593 1828 2667 oll‘eudit,
1853 2600 1980 2672 quia

2089 2608 2205 2679 φῶς
2252 2608 2348 2662 τοῦ
2379 2609 2586 2679 κόσμου
2621 2606 2817 2662 τούτου
2866 2606 3091 2679 βλέπει·
3162 2608 3258 2662 ἐὰν
3300 2607 3358 2661 δέ
3386 2625 3470 2673 τις
3519 2625 3681 2679 περι-

388 2705 480 2760 ιιιτ
527 2706 581 2758 ἰιι
617 2719 681 2759 eo
713 2718 819 2756 non
867 2709 970 2756 est.
1014 2717 1033 2751 ι
1067 2698 1276 2764 Quibus
1316 2695 1500 2751 verbis
1534 2696 1635 2749 hoc
1665 2693 1936 2765 signiticet
1965 2707 1981 2746 :

2089 2703 2255 2756 πατεῖ
2309 2704 2367 2755 ἐν
2413 2703 2479 2772 τῇ
2550 2680 2728 2768 νυκτί,
2789 2699 3152 2771 προσκόπτει,
3189 2701 3270 2755 ὅτι
3327 2699 3391 2754 τὸ
3457 2700 3572 2770 φῶς
3623 2702 3683 2754 ἐν

392 2795 508 2854 Vos
536 2795 752 2866 quidem
789 2792 1177 2859 exhorruistis,
1196 2788 1572 2844 existimantes
1602 2801 1689 2841 me
1721 2801 1750 2840 a
1781 2783 1983 2840 Iudaeis

2089 2790 2240 2863 αὐτῷ
2262 2793 2363 2846 οὐκ
2391 2791 2559 2847 ἔστιν.
2588 2810 2609 2845 ι
2648 2794 2715 2846 '0
2741 2791 2893 2862 λέγει
2953 2792 3201 2847 τοιοῦτόν
3256 2795 3411 2847 ἐστιν
3431 2807 3448 2825 ο
3485 2793 3685 2864 Ὑμεῖς

396 2890 669 2961 lapidibus
697 2884 1067 2958 lmpetendmn
1097 2901 1113 2938 :
1144 2883 1240 2939 sed
1283 2882 1439 2951 longe
1468 2895 1499 2934 a
1537 2879 1819 2935 verisimili
1851 2892 1987 2934 con-

2096 2886 2196 2956 μέν
2224 2884 2724 2959 κατωρρωδήκατε,
2753 2884 3066 2957 νομίζοντες
3089 2885 3194 2939 ὑπὸ
3210 2886 3487 2940 Ἰουδαίων
3512 2904 3689 2941 κατα-

391 2984 603 3054 jectura
638 2979 924 3035 aberratis.
979 2977 1035 3032 Si
1080 2976 1224 3032 enim
1255 2975 1347 3045 qui
1387 2974 1454 3029 de
1485 2973 1574 3029 die
1606 2972 1660 3027 in
1707 2971 1875 3026 horas
1904 2972 1987 3026 di-

2095 2979 2387 3050 λευσθῆναί
2449 2995 2541 3050 με,
2595 2978 2741 3033 κατὰ
2800 2977 2939 3031 πολὺ
3003 2978 3062 3031 δὲ
3119 2977 3216 3032 τοῦ
3286 2979 3501 3043 εἰκότος
3562 2997 3691 3034 στοι-

397 3089 587 3131 menso
615 3072 897 3128 duodecim
954 3068 1216 3136 ambulat,
1249 3076 1397 3123 recta
1424 3067 1620 3136 pergit,
1650 3074 1705 3119 et
1734 3063 1853 3120 sine
1880 3063 1986 3117 ulla

2094 3070 2312 3144 χασμοῦ
2339 3069 2769 3126 ἐκπεπτώκατε.
2807 3070 2874 3124 El
2902 3069 3013 3144 γὰρ
3037 3071 3139 3142 τῆς
3188 3070 3407 3144 ἡμέρας
3441 3072 3523 3135 είς
3574 3070 3686 3125 δὼ-

396 3168 716 3233 ιιίΐεηείοηθ,
768 3173 992 3232 tutoque
1039 3161 1264 3217 coniicit
1297 3160 1436 3227 iter,
1471 3158 1744 3228 quomodo
1789 3171 1886 3212 vos
1921 3156 1990 3211 de

2095 3167 2229 3220 δεκα
2260 3165 2415 3236 ὥρας
2448 3166 2864 3237 διαιρουμένης,
2894 3167 2922 3221 ό
2961 3167 3018 3220 ἐν
3058 3166 3198 3238 αὐτῇ
3234 3166 3565 3237 περιπατῶν
3593 3166 3688 3221 εὗ-

2024 3219 2064 3244 η

396 3277 508 3328 me,
535 3259 629 3331 qui
666 3258 754 3313 lux
792 3256 979 3311 mundi
1029 3268 1172 3321 sum,
1204 3252 1628 3324 pertimescitis?
1661 3249 1718 3305 Si
1756 3251 1846 3305 lux
1878 3250 1992 3306 lucc

2210 3258 2369 3331 ἰήτως
2396 3258 2695 3330 διέρχεται,
2731 3260 3123 3331 ἀπρόσκοπτον
3169 3260 3263 3313 καὶ
3309 3259 3532 3332 ἀσφαλῆ
3588 3276 3690 3313 πο·
3796 3286 3806 3293 -

398 3352 645 3421 subjecta
684 3350 865 3410 sensui
901 3349 1071 3418 ipsam
1104 3346 1378 3400 intuentes
1409 3352 1630 3415 praestat
1654 3343 1988 3409 incolumes,

2100 3352 2252 3425 ρείαν
2283 3352 2640 3424 ποιούμενος,
2668 3352 2786 3418 πῶς
2815 3354 2977 3424 ὑμεῖς
3005 3354 3136 3423 περὶ
3175 3352 3311 3426 ἐμοῦ
3359 3352 3455 3407 τοῦ
3507 3354 3690 3425 φωτὸς

405 3445 580 3514 magis
611 3458 739 3498 vera
775 3457 839 3495 ac
871 3440 1053 3495 divina
1109 3438 1201 3493 lux
1240 3437 1347 3493 ictu
1381 3437 1621 3506 lapidum
1658 3436 1838 3505 potior
1867 3436 1992 3491 erit.

2095 3446 2191 3501 τοῦ
2231 3446 2442 3518 κόσμου
2481 3448 2834 3516 πεφρίκατε;
2887 3447 2951 3500 Ei
2981 3447 3092 3518 γὰρ
3140 3446 3203 3501 τὸ
3253 3446 3513 3518 αἰσθητὸν
3568 3446 3687 3518 φῶς

382 3540 579 3607 νΑιιιιιο
604 3536 692 3591 hic
718 3548 850 3590 sane
875 3542 959 3588 est
982 3531 1111 3586 dicti
1137 3529 1297 3600 hujus
1328 3543 1522 3586 sensus
1550 3530 1791 3585 exterior
1818 3547 1832 3583 :
1864 3544 1978 3585 con-

2096 3539 2220 3602 τοὺς
2272 3538 2406 3593 αὐτὸ
2468 3538 2768 3610 βλέποντας
2825 3540 3253 3613 άπροσκόπτους
3291 3542 3479 3613 τηρεῖ,
3542 3539 3692 3596 κατὰ

401 3630 558 3685 venit
586 3639 769 3684 autem
805 3641 903 3682 nos
934 3625 1276 3681 reconditum
1315 3622 1517 3694 aliquid
1560 3622 1788 3678 interius
1819 3623 1992 3678 intro-

2097 3632 2233 3685 πολὺ
2279 3630 2341 3685 τδ
2361 3630 2622 3704 ἀληθινὸν
2673 3631 2770 3687 καὶ
2836 3631 2982 3687 θεῖον
3026 3634 3146 3703 φῶς
3203 3632 3481 3706 ἀνώτερον
3532 3631 3689 3689 ἔσται

403 3728 636 3797 spicere.
665 3724 818 3790 Quod
843 3722 989 3776 enim
1043 3718 1364 3791 profundius
1394 3717 1650 3787 quiddam
1681 3717 1797 3771 haec
1818 3716 1994 3772 oratio

2095 3724 2198 3795 τῆς
2222 3724 2333 3778 τῶν
2355 3724 2526 3780 λίθων
2558 3724 2750 3796 βολῆς.
2790 3725 2942 3798 Αὕτη
2972 3727 3075 3796 μὲν
3107 3727 3140 3797 ἡ
3189 3728 3334 3782 κατὰ
3384 3726 3449 3781 τὸ
3494 3728 3691 3798 φαινό-

404 3820 663 3885 involvat,
689 3818 930 3874 ostendit
959 3828 1048 3869 res
1081 3813 1198 3883 ipsa
1229 3813 1575 3867 dissentanea
1606 3809 1828 3865 ratiOni.
1859 3808 1992 3863 Nam

2101 3834 2263 3888 μενον
2292 3817 2503 3872 διάνοια
2530 3817 2626 3871 τοῦ
2657 3820 2828 3889 ῥητοῦ
2851 3835 2864 3849 ο
2900 3818 3008 3891 χρὴ
3037 3817 3095 3872 δὲ
3122 3820 3272 3891 ἡμᾶς
3301 3818 3480 3874 καὶτὸ
3539 3818 3689 3874 ἔνδον

403 3926 579 3983 neque
604 3910 694 3982 qui
725 3919 889 3965 nomn
917 3905 1179 3970 ambulat,
1213 3903 1523 3959 necessario
1545 3901 1791 3969 oll'endit,
1819 3915 1996 3972 neque

2098 3910 2470 3963 κατοπτεῦσαι
2497 3911 2839 3983 ἀπόρρητον.
2864 3912 2992 3967 Ὀτι
3055 3912 3166 3985 γὰρ
3230 3912 3532 3986 βαθύτερόν
3577 3931 3632 3967 τι
3661 3914 3690 3968 ό

401 4007 654 4079 quisquis
708 4000 965 4066 interdiu,
994 3999 1063 4054 ab
1111 3995 1440 4053 olfendiculo
1487 4002 1636 4049 tutus
1682 4001 1786 4049 est.
1839 3992 1995 4048 Nunc

2099 4001 2263 4069 λόγος
2292 4002 2617 4069 αἰνίττεται,
2642 4003 2889 4059 δείκνυσι
2910 4004 3006 4059 τοῦ
3039 4007 3372 4078 πράγματος
3392 4007 3453 4060 τὸ
3510 4008 3691 4077 παρά-

405 4100 665 4171 quoniam
707 4096 811 4151 diei
848 4092 1128 4149 distribuit
1176 4093 1362 4155 boras,
1393 4088 1567 4143 noctis
1606 4097 1785 4141 autem
1837 4100 1994 4140 men-

2114 4100 2280 4163 λόγον’
2311 4090 2436 4145 οὔτε
2459 4093 2571 4162 γὰρ
2593 4094 2653 4145 ἐν
2683 4093 2841 4147 νυκτὶ
2862 4093 3099 4166 βαδίζων
3134 4096 3194 4160 ἐξ
3219 4096 3478 4169 ἀνάγκης
3513 4106 3710 4168 προσο·

402 4195 605 4248 tionem
624 4190 850 4253 faciens,
873 4185 1075 4241 nullum
1100 4185 1167 4238 de
1187 4182 1336 4239 horis
1352 4179 1559 4252 profert
1581 4180 1828 4243 verbum,
1850 4177 1995 4248 quod

2098 4188 2313 4250 κόπτει,
2334 4182 2461 4240 οὔτε
2487 4186 2597 4249 πᾶς
2622 4187 2680 4240 ἐν
2713 4187 2898 4259 ἡμέρᾳ
2929 4187 3253 4259 περιπατῶν
3284 4191 3438 4261 μένει
3480 4189 3689 4260 ἀπρόσ-

403 4290 526 4338 erat
541 4280 781 4336 futurum
796 4292 861 4332 eo
880 4287 1134 4333 sermone
1148 4272 1507 4327 adumbravit.
1526 4270 1605 4327 Ac
1620 4270 1759 4327 diem
1772 4269 1994 4341 quidem

2098 4297 2300 4344 κοπτος
2344 4295 2358 4309 ·
2388 4279 2576 4350 ἐπειδὴ
2608 4279 2718 4351 γὰρ
2738 4281 2806 4349 τῇ
2842 4281 2943 4351 μὲν
2974 4282 3161 4354 ἡμέρᾳ
3194 4282 3346 4354 ῶρας
3401 4284 3689 4355 ἀπένειμε,

405 4386 462 4432 et
507 4377 680 4430 lut-ctn
730 4372 969 4441 scipsum
1019 4366 1341 4439 appellavit;
1386 4365 1541 4434 juxta
1582 4380 1742 4435 quem
1776 4379 1995 4421 sensum

2101 4370 2203 4440 τῆς
2223 4369 2281 4422 δὲ
2311 4369 2508 4433 νυκτὸς
2540 4369 2828 4441 μνησθεὶς,
2881 4370 3045 4443 ὡρῶν
3096 4372 3235 4437 ὅλως
3282 4376 3384 4429 οὐκ
3440 4377 3692 4446 ἐμνημό-

396 4467 503 4524 lilii
548 4466 683 4520 lucis
738 4476 792 4517 et
827 4462 932 4517 diei
971 4468 1233 4514 vocantur
1261 4459 1545 4514 credentes
1574 4457 1641 4512 ”.
1670 4457 1734 4511 Et
1766 4455 1992 4512 fortasse

2101 4477 2285 4528 νευσε,
2320 4461 2382 4513 τὸ
2417 4460 2615 4532 μέλλον
2648 4461 2729 4532 τῷ
2750 4461 2899 4534 λόγῳ
2940 4465 3417 4538 ἐσκιογράφησεν,
3474 4469 3691 4539 ἡμέραν

407 4563 476 4617 de
507 4559 611 4614 hac
656 4558 744 4613 die
786 4556 999 4610 locutus
1045 4562 1128 4606 est
1156 4550 1369 4608 David:
1406 4569 1426 4603 ι
1463 4549 1570 4605 Per
1599 4550 1739 4605 diem
1774 4562 1879 4604 non
1928 4548 1996 4602 ti-

2108 4557 2206 4628 μὲν
2226 4555 2324 4609 καὶ
2375 4554 2492 4625 φῶς
2534 4553 2718 4609 καλῶν
2742 4556 2963 4622 ἐαυτὸν,
2997 4558 3120 4612 καθ’
3152 4557 3181 4611 ὃ
3210 4558 3275 4630 δὴ
3295 4561 3393 4614 καὶ
3424 4561 3534 4614 υἱοὶ
3572 4578 3689 4630 φω-

409 4652 568 4708 tnebo
595 4651 674 4718 M‘;
714 4668 734 4703 ι
768 4660 821 4704 et
850 4650 915 4704 de
942 4651 1044 4704 hac
1072 4649 1235 4703 etiam
1269 4646 1392 4701 luce
1418 4644 1563 4700 idem
1592 4642 1729 4698 dixit
1762 4654 1994 4711 evange-

2099 4651 2191 4715 τὸς
2235 4650 2332 4704 καὶ
2364 4649 2581 4721 ἡμέρας
2616 4649 2667 4702 oi
2708 4651 2895 4704 πιστοὶ
2950 4651 3322 4723 ὀνομάζονται
3357 4671 3370 4685 ·
3398 4657 3497 4709 καὶ
3544 4658 3690 4728 τάχα

408 4745 531 4800 lista
563 4760 578 4796 :
617 4761 637 4795 ι
677 4743 789 4797 Lux
818 4742 871 4797 in
904 4742 1140 4796 tenebris
1187 4740 1333 4795 lucet
1363 4736 1432 4793 δ’.
1472 4755 1494 4791 ι
1527 4733 1821 4791 Duodecim
1865 4748 1995 4790 vero

2104 4743 2237 4814 περὶ
2252 4741 2459 4813 ταύτης
2482 4742 2584 4814 τῆς
2613 4742 2832 4814 ἡμέρας
2866 4743 3056 4813 ἔλεγεν
3083 4748 3112 4799 ό
3150 4747 3351 4800 Δαϐίδο
3390 4767 3410 4799 ι
3440 4749 3690 4821 Ἡμέρας

408 4837 559 4893 horae
594 4834 886 4903 discipulos
935 4834 1173 4905 signant,
1220 4832 1416 4903 quibus
1466 4828 1794 4900 praedicandi
1841 4842 1995 4884 com-

2101 4836 2163 4890 οὐ
2199 4834 2617 4907 φοϐηθήσομαι’
2647 4853 2667 4888 ι
2722 4836 2822 4889 καὶ
2862 4838 2996 4909 περὶ
3053 4839 3249 4892 τούτου
3298 4841 3395 4894 τοῦ
3446 4845 3627 4912 φωτὸς
3667 4846 3697 4897 ὁ

412 4929 557 4984 misit
591 4926 844 4982 oliicium.
879 4925 980 4993 Qui
1028 4927 1192 4996 igitur
1221 4925 1274 4980 in
1310 4924 1412 4978 [ide
1440 4922 1741 4979 Salvatoris
1769 4933 1822 4978 et
1854 4937 1994 4992 prae—

2102 4925 2267 4989 αὐτὸς
2301 4921 2456 4979 εἶπεν
2504 4926 2909 5000 εὐαγγελιστής
2935 4946 2950 4960 ο
3010 4949 3029 4980 ι
3050 4930 3123 4983 Τὸ
3150 4929 3268 5001 φῶς
3291 4930 3349 4983 ἐν
3382 4934 3446 5002 τῇ
3470 4934 3694 5005 σκοτείᾳ

411 5019 683 5075 dicatione
712 5017 1077 5088 apostolorum
1113 5019 1218 5072 iter
1247 5017 1369 5071 vitae
1397 5015 1683 5084 peregerit,
1707 5031 1811 5070 non
1838 5029 1994 5071 erra-

2106 5018 2312 5087 φαίνει.
2338 5036 2356 5069 ι
2389 5018 2613 5073 Δώδεκα
2655 5019 2714 5073 δὲ
2740 5013 2883 5091 ὧραι
2924 5021 2974 5075 οἱ
3002 5021 3265 5092 μαθηταὶ,
3294 5018 3375 5087 οἷς
3403 5024 3464 5076 τὸ
3515 5028 3693 5095 κήρυ-

411 5112 513 5167 bit.
543 5109 740 5165 Lucem
778 5125 940 5179 porro
981 5109 1209 5191 hujusce
1249 5107 1405 5178 163
1457 5107 1641 5161 mundi
1675 5106 1855 5172 ﬁdem,
1889 5121 1997 5176 qua

2104 5128 2225 5182 γμα
2246 5112 2649 5167 ἐνεπίστευσεν.
2688 5113 2750 5166 '0
2773 5112 2906 5183 γοῦν
2930 5114 2989 5169 ἐν
3018 5113 3099 5186 τῷ
3123 5115 3264 5184 φωτὶ
3292 5115 3389 5170 τοῦ
3433 5117 3690 5188 Σωτῆρος

414 5206 471 5261 in
503 5205 675 5273 ipsum
707 5205 1004 5269 credimus,
1029 5201 1356 5272 appellavit;
1380 5200 1525 5271 quod
1551 5198 1790 5268 profecto
1819 5201 1872 5253 in
1897 5199 2001 5255 hoc

2106 5205 2201 5257 καὶ
2223 5203 2303 5273 τῷ
2336 5205 2658 5275 κηρύγματι
2687 5206 2799 5259 τῶν
2835 5205 3097 5277 μαθητῶν
3122 5206 3217 5260 τοῦ
3274 5208 3392 5278 βίου
3454 5208 3693 5264 διανύων

412 5298 619 5353 mundo
647 5312 786 5366 opus
822 5311 979 5352 suum
1018 5297 1148 5350 lides
1175 5304 1459 5361 exerceat;
1497 5304 1708 5347 noctem
1740 5308 1867 5349 vero
1900 5293 2000 5347 ho-

2104 5294 2248 5360 ὁδὸν,
2281 5296 2343 5349 οὐ
2380 5295 2739 5367 σφαλήσεται.
2772 5297 2892 5359 Φῶς
2914 5296 2972 5350 δὲ
3003 5297 3099 5352 τοῦ
3135 5299 3341 5370 κόσμου
3379 5300 3572 5353 τούτου
3594 5302 3696 5355 καὶ

415 5407 596 5447 rarum
633 5400 911 5461 expertem
964 5389 1298 5444 inﬁdelitatis
1344 5386 1654 5457 caliginem,
1705 5387 1757 5441 in
1804 5402 1907 5454 qua
1957 5385 2005 5440 si

2104 5390 2205 5459 τὴν
2235 5389 2317 5452 εἰς
2346 5389 2514 5442 αὐτὸν
2548 5391 2731 5444 πίστιν
2760 5391 3070 5461 ὠνόμασεν,
3101 5392 3177 5455 ὼς
3206 5394 3351 5448 κατὰ
3395 5395 3546 5447 τόνδε
3572 5395 3692 5449 -τὸν

417 5485 541 5556 quis
565 5485 823 5549 ambulet,
855 5481 1100 5545 oﬂ‘endit.
1134 5492 1188 5537 et
1215 5482 1425 5551 plantas
1450 5482 1647 5535 anima:
1677 5480 1919 5550 infringit
1951 5479 2002 5533 in

2103 5480 2310 5551 κόσμον
2369 5482 2779 5552 ἐνεργουμένης
2814 5484 2914 5554 τῆς
2942 5484 3202 5549 πίστεως.
3231 5485 3349 5551 Νὺξ
3405 5486 3451 5540 δ’
3480 5486 3547 5540 ἂν
3601 5490 3689 5558 εἰη

414 5578 727 5634 resistentia
775 5576 969 5646 lapidis
1008 5575 1283 5646 angularis
1314 5574 1543 5639 Christi,
1574 5573 1666 5643 qui
1708 5574 1889 5628 dictus
1920 5579 2007 5627 est

2100 5569 2253 5643 ῶρας
2286 5572 2361 5645 μὴ
2422 5574 2623 5645 ἔχουσα
2648 5578 2682 5646 ἡ
2710 5577 2811 5644 τῆς
2873 5577 3135 5642 ἀπιστίας
3168 5580 3527 5646 σκοτόμαινα,
3564 5577 3693 5633 καθ’

417 5669 555 5739 lapis
604 5671 908 5741 o/fensiom's
959 5669 1029 5723 δ’.
1093 5668 1219 5724 Haec
1267 5676 1447 5724 autem
1506 5668 1694 5724 dicens
1746 5666 2006 5722 Dominus

2102 5664 2169 5735 ἢν
2202 5664 2299 5719 ἐάν
2345 5683 2430 5729 τις
2478 5670 2794 5738 περιπατεῖ,
2828 5670 3185 5742 προσκόπτη,
3230 5671 3328 5736 τὰς
3373 5670 3477 5744 τῆς
3509 5668 3689 5741 ψυχῆς

492 5832 535 5879 δ’
572 5845 771 5914 Ephes.
808 5865 860 5917 v,
895 5851 962 5919 8;
1012 5852 1057 5907 ll
1091 5853 1283 5911 Thess.
1319 5868 1381 5921 tt,
1413 5852 1469 5909 3.
1545 5850 1589 5885 ⁸ο
1622 5852 1768 5910 Psal.
1808 5868 1895 5918 ιν,
1933 5852 1988 5912 5.
2067 5849 2088 5883 ³

1421 5852 1469 5909 5.
1545 5850 1589 5885 ⁸ο
1622 5852 1768 5910 Psal.
1808 5868 1895 5918 ιν,
1933 5852 1988 5912 5.
2067 5849 2110 5884 ⁸³
2148 5848 2308 5908 Joan.
2346 5866 2385 5920 ι,
2423 5850 2476 5906 5.
2553 5852 2598 5893 δ’
2634 5849 2653 5906 1
2689 5850 2835 5909 l‘etr.
2871 5868 2931 5919 ll,
2964 5854 3017 5909 8.
