4042 6408
330 471 429 539 5Ξ³1

1684 469 1844 531 "OM
1860 470 1873 525 1
1891 468 2012 529 UA
2055 468 2235 531 XXV.

3495 481 3601 549 522
3622 498 3627 499 ’

327 591 512 661 βάσεις
544 588 924 661 συνθλώμενος
952 593 1020 662 τῇ
1048 589 1340 659 ἀντιτυπία
1366 588 1458 642 τοῦ
1496 586 1897 658 ἀκρογωνιαίου

2020 582 2221 652 )blique
2271 586 2675 655 quodammodo
2722 587 2913 646 Judam
2965 596 3301 667 perstringit,
3353 600 3444 668 qtti
3503 616 3601 670 per

322 682 474 735 λίθου
498 682 765 750 Χριστοῦ,
798 682 855 747 ὃς
886 681 1184 753 ὠνομάσθη
1208 682 1379 747 λίθος
1417 681 1906 747 προσκόμματος.

320 772 513 827 Ταῦτα
534 772 593 828 δὲ
624 774 804 841 λέγων
845 775 873 827 6
914 773 1120 844 Κύριος
1156 774 1404 843 πλαγίως
1456 789 1572 836 πως
1595 770 1688 825 τοῦ
1730 771 1909 824 Ἰούδα

322 867 674 920 καθάπτεται
700 868 982 930 ἀσυνέτως
1031 866 1590 937 λειποτακτήσαντος,
1647 867 1743 919 καὶ
1800 864 1911 917 τῶν

320 958 483 1028 ὡρῶν
498 956 600 1027 τῆς
622 959 819 1029 νοητῆς
855 961 1095 1030 ἡμέρας,
1123 952 1196 1013 ὧν
1220 955 1288 1029 ἦν
1317 958 1693 1031 συναρίθμιος,
1716 957 1909 1010 ἑαυτὸν

322 1050 797 1119 ὑπεκστήσαντος,
834 1053 892 1103 ὲν
915 1050 992 1121 τῷ
1018 1051 1201 1104 σκότει
1226 1050 1283 1104 δὲ
1312 1051 1411 1119 τῆς
1436 1049 1801 1121 φιλαργυρίας
1817 1048 1912 1119 βα·-

318 1140 597 1205 δίσαντος,
633 1142 732 1194 καὶ
760 1140 850 1195 διὰ
878 1141 1035 1195 τοῦτο
1067 1141 1268 1206 ἀθλίως
1301 1142 1735 1213 προσκόψαντος.

398 1253 417 1284 ι
463 1235 574 1287 Καὶ
628 1238 770 1304 μετά
818 1234 977 1289 τοῦτο
1025 1232 1149 1289 εἷπε
1176 1252 1191 1267 ·
1226 1236 1479 1307 Λάζαρος
1508 1236 1537 1287 6
1566 1236 1721 1304 φίλος
1750 1235 1908 1305 ἡμῶν

318 1326 684 1396 κεκοίμηται,
720 1327 859 1380 ἀλλὰ
895 1327 1203 1398 πορεύομαι
1234 1329 1322 1381 ἵνα
1363 1328 1638 1395 ἐξυπνίσω
1664 1328 1848 1383 αὐτόν.
1883 1347 1902 1379 ι

319 1420 435 1487 Τὴν
472 1419 784 1489 ἀναγκαίαν
816 1418 986 1475 αὐτοῦ
1019 1421 1157 1491 πρὸς
1195 1421 1489 1484 Ἰουδαίους
1542 1422 1727 1492 ἄφιξιν
1756 1422 1913 1493 δηλο-

317 1511 491 1575 ποιεῖ,
525 1511 601 1574 ὡς
661 1511 748 1582 εἴη
786 1510 881 1564 τοῦ
934 1512 1190 1586 Λαζάρου
1222 1513 1255 1584 ἡ
1285 1515 1821 1584 κοίμησις.νΔεικνὺς
1851 1516 1909 1568 δὲ

317 1601 417 1654 καὶ
470 1601 533 1654 τὸ
573 1602 671 1672 τῆς
706 1603 1059 1667 ἀναστάσεως
1102 1605 1350 1674 εὐχερὲς,
1391 1606 1484 1659 καὶ
1519 1607 1600 1659 ὃτι
1633 1607 1707 1670 ὡς
1742 1606 1911 1670 ὕπνος

317 1693 477 1764 αὕτῷ
507 1695 708 1766 συνέϐη
745 1698 774 1749 6
806 1695 1039 1762 θάνατος
1062 1699 1262 1769 μικρὸν
1292 1699 1388 1752 τοῦ
1418 1701 1685 1769 συνήθους
1706 1704 1913 1772 μακρό-

316 1802 481 1856 τερος
509 1799 525 1815 ·
569 1807 586 1837 ι
626 1789 901 1860 Λάζαρος,
934 1785 1077 1857 εἷπε,
1108 1793 1463 1862 κεκοίμηται.
1495 1812 1513 1845 ι
1536 1793 1645 1846 Καὶ
1677 1795 1785 1864 γὰρ
1813 1795 1912 1864 οὐχ

318 1875 472 1930 οὕτω
504 1879 611 1931 τινὶ
670 1880 854 1952 ῥᾴδιον
876 1881 1168 1946 ἐξυπνίσαι
1211 1883 1567 1951 καθεύδοντα,
1594 1887 1719 1939 ὅσον
1754 1889 1909 1958 εὐχε-

319 1972 415 2040 ρὲς
459 1970 654 2043 ἐκείνῳ
682 1974 897 2043 ἐγεῖραι
939 1974 1270 2047 τεθνήξοντα
1298 1995 1311 2008 ·
1346 1977 1580 2048 σύνηθες
1630 1980 1686 2032 δὲ
1719 1981 1912 2033 καθεύ-

314 2061 483 2113 δοντα
523 2061 712 2115 καλεῖν
740 2064 831 2116 τὸν
865 2063 1272 2120 ἀναϐιώσεσθαι
1304 2068 1590 2135 μέλλοντα.
1613 2071 1770 2125 Οὕτω
1800 2074 1910 2144 γὰρ

317 2147 445 2204 εἷπε
478 2155 576 2207 καὶ
608 2154 739 2225 περὶ
774 2154 834 2208 τὸ
866 2155 961 2209 τοῦ
1008 2156 1244 2229 Ἰαείρου
1286 2159 1611 2231 θυγάτριον,
1674 2164 1773 2217 οὐκ
1800 2168 1907 2219 ἀπ·

316 2242 540 2311 ἐθινεν,
577 2247 714 2300 ἀλλὰ
745 2249 1019 2304 καθεύδει.
1066 2250 1278 2316 ’Λδαεῖς
1304 2255 1361 2307 δὲ
1403 2255 1551 2319 ὄντες
1583 2257 1633 2310 οἱ
1667 2258 1912 2329 μαθηταὶ

315 2338 413 2391 τοῦ
446 2338 616 2395 ὕπνον
676 2341 767 2395 τὸν
795 2342 1026 2399 θάνατον
1059 2346 1319 2415 λέγεσθαι
1348 2365 1361 2378 ’
1397 2370 1416 2401 ‹
1458 2352 1520 2403 Ei
1553 2353 1908 2424 κεκοίμηται,

314 2426 502 2497 εἷπον,
547 2434 859 2505 σωθήσεται
886 2453 899 2467 ·
940 2456 959 2488 ι
988 2440 1132 2508 τάχα
1161 2457 1264 2493 που
1310 2441 1404 2494 καὶ
1433 2447 1871 2515 προφητεύοντες
1895 2466 1907 2477 ·

316 2524 607 2596 σωτηρίας
635 2526 745 2597 γάρ
774 2527 924 2599 αὐτῷ
954 2530 1229 2601 πρόφασις
1270 2532 1298 2584 6
1329 2531 1559 2599 θάνατος
1585 2537 1801 2604 γέγονε.

398 2726 416 2759 ι
456 2707 596 2761 Τότε
630 2708 762 2775 γοῦν
811 2710 1304 2782 ἀπαρακαλύπτως
1352 2717 1539 2783 αὐτοῖς
1567 2719 1715 2789 λέγει
1739 2741 1754 2756 ν
1795 2726 1908 2779 Λά-

313 2800 488 2869 ζιρος
544 2802 809 2857 ἀπέθανε.
857 2824 876 2857 ι
904 2806 1115 2861 Σκόπει
1170 2808 1227 2863 δὲ
1272 2811 1392 2877 πῶς
1441 2814 1529 2868 διὰ
1560 2816 1774 2871 πάντων
1803 2820 1911 2873 τῶν

312 2892 419 2961 τῆς
457 2892 707 2963 ἱστορίας
765 2895 1033 2966 ῥημάτων
1079 2901 1149 2954 τὰ
1198 2901 1298 2972 τῆς
1331 2901 1564 2975 Θεωρίας
1588 2907 1913 2981 παρέσπαρ-

311 2999 428 3035 ται.
480 2982 758 3055 Ὀπηνίκα
784 2989 896 3057 γὰρ
928 2988 1081 3058 ἔλεγε
1119 2994 1460 3064 κοιμηθῆναι
1489 2996 1580 3049 τὸν
1630 2999 1907 3071 Λάζαρον,

315 3076 478 3144 φίλον
509 3078 677 3131 αὑτὸν
728 3082 1092 3152 κατωνόμαζε
1113 3101 1126 3114 ⁸
1166 3105 1184 3137 ι
1215 3088 1467 3159 Λάζαρος
1513 3092 1539 3143 ὁ
1565 3092 1717 3158 φίλος
1751 3097 1911 3166 ἡμῶν

312 3169 673 3241 κεκοίμηται.
714 3190 732 3222 ι
780 3172 982 3227 Ἠνίκα
1015 3176 1072 3229 δὲ
1122 3172 1297 3246 εἶπεν,
1339 3182 1659 3253 ’ᾼπέοανεν,
1721 3187 1909 3251 ἁπλῶς

2013 689 2278 729 summam
2325 678 2691 748 insipientiam
2734 685 2975 741 deseruit
3004 691 3250 747 ordinem
3287 694 3398 764 (θὲ)
3433 713 3601 768 seque

2012 765 2080 819 ab
2122 767 2473 839 intelligibilis
2517 772 2617 826 diei
2669 775 2836 842 horis,
2872 778 2924 832 iu
2958 783 3156 849 quibus
3196 765 3599 844 annuineraba-

2015 870 2122 925 tur,
2154 861 2442 924 subduxit;
2487 876 2650 935 atque
2684 868 2735 921 in
2781 874 3022 929 avaritia:
3060 879 3300 934 tenebris
3342 882 3600 940 incedens

2017 953 2396 1009 miserabiliter
2430 957 2499 1013 ob
2539 975 2658 1014 eam
2698 962 2941 1021 offendit.

2088 1242 2108 1275 Ι
2150 1223 2214 1277 Et
2252 1233 2370 1295 post
2402 1225 2516 1282 haec
2553 1228 2691 1282 dixit
2720 1232 2799 1285 eis
2833 1248 2847 1283 :
2881 1230 3123 1290 Lazarus
3164 1254 3372 1297 amtcus
3412 1257 3599 1303 noster

2013 1315 2246 1383 dormit;
2305 1323 2400 1372 sed
2447 1320 2615 1385 vado,
2661 1331 2719 1376 ιιι
2768 1338 2799 1376 a
2854 1340 3044 1380 somno
3092 1331 3321 1387 excitem
3372 1352 3515 1391 elllll.
3570 1357 3590 1391 ι

2014 1410 2246 1465 Causam
2295 1413 2500 1480 aperit,
2538 1429 2707 1482 quare
2756 1416 2807 1470 in
2851 1415 3088 1474 Judteam
3137 1424 3237 1477 sibi
3290 1433 3597 1487 necessario

2014 1502 2250 1555 eundum
2283 1513 2447 1567 esset,
2478 1521 2595 1573 qum
2626 1507 2844 1574 quidem
2877 1522 2991 1565 erat
3023 1511 3215 1570 Lazari
3250 1533 3493 1576 somnus.
3527 1522 3598 1580 Ut

2013 1610 2145 1649 vero
2189 1598 2501 1652 ostenderet
2573 1614 2734 1668 quam
2786 1602 2888 1656 sibi
2928 1601 3087 1661 facile
3134 1622 3297 1678 atque
3337 1612 3388 1666 in
3438 1632 3599 1671 manu

2016 1697 2164 1742 esset
2193 1704 2315 1743 eum
2348 1705 2376 1742 tt
2408 1691 2637 1745 mortuis
2671 1693 2947 1763 excitare,
2980 1708 3034 1752 et
3067 1712 3292 1757 mortem
3332 1704 3404 1759 illi
3434 1708 3599 1762 veluti

2015 1778 2269 1838 somnum
2317 1783 2479 1838 solito
2519 1784 2816 1854 longiorem
2856 1790 3187 1861 Obrepsisse,
3276 1814 3298 1849 ι
3337 1797 3598 1869 Lazarus,

2018 1876 2218 1943 inquit,
2252 1876 2473 1930 dormit.
2513 1895 2533 1928 ι
2576 1878 2785 1933 Etenim
2823 1895 2929 1935 non
2968 1892 3076 1937 tam
3112 1886 3271 1943 facile
3307 1902 3392 1946 est
3427 1895 3602 1952 cuivis

2016 1968 2433 2038 expergefacere
2495 1972 2892 2042 dormientem,
2950 1992 3116 2045 quam
3183 1981 3257 2035 illi
3326 1996 3599 2041 mortuum

2016 2061 2302 2116 suscitare.
2334 2060 2665 2117 Cousuetum
2704 2080 2870 2133 porro
2906 2076 2988 2123 est
3024 2074 3383 2129 dormientem
3417 2080 3600 2134 vocari

2015 2166 2172 2215 eum,
2233 2153 2325 2220 qui
2366 2152 2588 2220 janzjam
2635 2155 2701 2211 sit
2750 2158 3071 2216 revictnrus.
3124 2164 3214 2219 Sic
3254 2169 3398 2221 enim
3441 2180 3495 2225 et
3535 2171 3606 2227 de

2014 2243 2151 2300 Jairi
2201 2246 2309 2300 ﬁlia
2366 2247 2580 2303 locutus
2629 2256 2713 2304 est
2762 2268 2775 2305 :
2835 2271 2853 2303 ‹
2912 2252 3028 2307 Non
3077 2267 3158 2312 est
3212 2271 3456 2327 mortua,
3506 2266 3604 2321 sed

2017 2338 2295 2395 dormit”.
2331 2359 2349 2392 ι
2396 2342 2501 2396 Sed
2536 2359 2657 2399 cum
2694 2346 2945 2415 discipuli
2981 2360 3165 2405 essent
3197 2354 3393 2420 nescii,
3425 2361 3603 2413 somni

2016 2444 2212 2485 nonzen
2256 2432 2418 2487 tribui
2466 2437 2622 2490 morti
2670 2438 2846 2494 solere
2889 2458 2903 2494 :
2952 2459 2972 2492 ι
3023 2442 3077 2495 Si
3120 2444 3349 2509 dormit,
3380 2448 3602 2517 dixere,

2016 2522 2198 2577 salvus
2242 2531 2357 2589 est,
2396 2543 2416 2578 ι
2464 2537 2518 2580 et
2558 2526 2809 2585 fortassis
2850 2534 3012 2588 etiam
3056 2538 3414 2606 prmdiceutes
3458 2546 3603 2611 quod

2016 2628 2132 2670 erat
2158 2617 2429 2687 futurum;
2464 2639 2613 2681 mors
2641 2627 2785 2680 enim
2818 2622 2892 2681 illi
2928 2644 3088 2685 causa
3119 2632 3306 2688 salutis
3335 2634 3455 2690 fuit.

2094 2730 2113 2761 ί
2162 2712 2312 2767 Tunc
2348 2729 2476 2784 ergo
2513 2714 2669 2770 Jcsus
2706 2717 2843 2773 dixit
2878 2719 2959 2774 eis
3001 2725 3328 2781 manifeste:
3365 2726 3607 2786 Lazarus

2016 2813 2263 2860 mortuus
2294 2817 2398 2862 est.
2431 2826 2451 2859 ι
2487 2809 2724 2866 Adverte
2751 2820 2808 2865 ut
2834 2827 2931 2881 per
2955 2818 3137 2870 omnia
3168 2817 3409 2876 historia:
3440 2825 3603 2878 verba

2016 2901 2289 2969 perspersi
2315 2902 2425 2956 sint
2451 2901 2728 2973 allegoriri
2758 2919 2982 2975 sensus;
3013 2910 3231 2978 quando
3262 2915 3408 2965 enim
3436 2913 3607 2967 Laza-

2018 3007 2136 3045 rum
2175 2993 2413 3048 dormire
2449 2996 2620 3063 dixit,
2651 2998 2887 3053 atnicum
2926 3002 3213 3069 appellavit
3248 3021 3263 3057 :
3305 3023 3324 3056 ‹
3365 3005 3606 3062 Lazarus

2016 3085 2224 3139 amicus
2269 3095 2456 3141 noster
2502 3087 2733 3155 dormit;
2781 3108 2801 3141 ι
2849 3093 3065 3160 quando
3117 3107 3245 3147 vero
3292 3107 3602 3164 mortuum,

2018 3176 2286 3232 Lazarum
2354 3180 2683 3250 simpliciter
2749 3184 3072 3238 nominavit.
3132 3185 3343 3242 Etenim
3413 3190 3608 3247 amicis

315 3262 550 3316 ἐκάλεσε
584 3262 856 3336 Λάζαρον,
884 3267 1009 3330 Τοῖς
1040 3268 1139 3338 μὲν
1167 3271 1275 3342 γάρ
1298 3272 1417 3326 οὖσι
1448 3276 1623 3344 φίλοις
1648 3280 1910 3350 Χριστοῦ,

2020 3268 2215 3325 Christi
2256 3288 2401 3326 mors
2431 3283 2515 3327 est
2548 3289 2773 3330 somnus
2810 3286 2864 3331 et
2926 3278 3110 3347 quies;
3148 3280 3344 3349 quibus
3376 3297 3502 3338 vero
3536 3286 3606 3339 ob

320 3355 500 3419 ὕπνος
526 3360 555 3411 6
594 3360 826 3424 θάνατος
863 3363 955 3415 καὶ
983 3363 1295 3430 ἀνάπαυσις
1335 3368 1564 3436 γίνεται.
1601 3367 1695 3435 Οἷς
1729 3374 1786 3426 δὲ
1820 3374 1915 3429 θά-

316 3460 486 3515 νατος
554 3454 707 3505 ἐστιν
742 3456 769 3506 ὁ
805 3454 900 3507 τοῦ
928 3454 1181 3526 σώματος
1209 3464 1488 3531 χωρισμὸς
1517 3464 1602 3516 διὰ
1639 3465 1912 3538 φαυλότη-

316 3560 409 3607 τος
441 3542 588 3614 βίου,
616 3539 762 3600 οὗτοι
800 3547 1016 3613 ἀνάξιοι
1046 3549 1315 3621 κληθῆναι
1346 3554 1490 3621 φίλοι
1522 3555 1682 3611 Θεοῦ.

400 3658 417 3688 ι
469 3640 584 3692 Καὶ
640 3640 821 3711 χαίρω
876 3642 945 3695 δι’
984 3644 1131 3713 ὑμᾶς
1178 3645 1260 3700 ὅτι
1318 3648 1379 3699 οὐ
1416 3651 1687 3722 παρήμῃν
1719 3656 1853 3709 ἐκεῖ.
1890 3674 1909 3707 ι

319 3729 537 3801 Χαίρω,
572 3735 761 3799 φησὶν,
797 3734 953 3800 ὑμῶν
984 3736 1181 3789 ἕνεκα·
1217 3739 1278 3790 τὸ
1307 3740 1414 3811 γὰρ
1446 3742 1521 3814 μὴ
1558 3747 1814 3813 παρεῖναί
1845 3766 1913 3819 με

322 3823 383 3877 ἐν
411 3822 666 3895 Βηθανίᾳ
692 3825 942 3895 μείζονος
981 3829 1221 3894 πίστεως
1263 3832 1392 3903 ὑμῖν
1427 3833 1581 3890 ἔσται
1613 3838 1911 3908 πρόφασις.

321 3918 437 3971 Καὶ
457 3919 694 3981 εἰκότως
713 3936 727 3950 ·
761 3918 957 3991 παρὼν
1009 3922 1119 3993 γάρ
1149 3925 1341 3980 ἰάσατο
1363 3928 1783 3999 ἀρρωστοῦντα,
1818 3936 1915 3989 καὶ

321 4010 382 4062 τὺ
417 4008 571 4079 μέγα
611 4006 769 4061 τοῦτο
830 4010 1020 4081 θαῦμα
1061 4012 1407 4072 διεκωλύετο.
1438 4018 1632 4091 Ἀθρει
1671 4021 1736 4090 δὴ
1767 4025 1915 4089 ὅπως

321 4100 409 4156 διὰ
427 4101 524 4154 τοῦ
545 4101 707 4169 λόγου
735 4102 796 4155 τὸ
819 4103 998 4159 διττὸν
1029 4106 1139 4159 τῶν
1162 4108 1220 4160 ἐν
1238 4109 1385 4181 αὐτῷ
1409 4111 1624 4180 φύσεων
1649 4113 1913 4172 δείκνυσι.

325 4195 397 4247 Τὸ
423 4196 526 4265 μὲν
586 4195 694 4265 γὰρ
750 4201 1063 4266 προειπεῖν,
1106 4201 1180 4264 ὡς
1212 4221 1231 4254 ‹
1286 4204 1553 4260 Ἀπέθανε
1584 4207 1855 4279 Λάζαρος,
1889 4229 1907 4262 ι

324 4289 423 4357 τῆς
485 4287 740 4358 θεότητος
791 4284 880 4361 ἦν,
948 4291 1011 4344 τὸ
1071 4293 1126 4346 δὲ
1158 4313 1176 4346 ‹
1232 4297 1347 4349 Οὐκ
1392 4298 1543 4370 ἤμην
1589 4302 1726 4368 ἐκεῖ,
1759 4321 1776 4353 ι
1816 4305 1917 4373 τῆς

328 4380 558 4451 σαρκός.

403 4493 421 4526 ι
460 4469 633 4528 Εἶπεν
673 4473 767 4527 οὖν
791 4474 995 4545 Θωμᾶς
1020 4475 1047 4528 6
1066 4475 1360 4547 λεγόμενος
1382 4481 1614 4551 Δίδυμος
1643 4488 1756 4549 τοῖς
1779 4503 1917 4557 συμ-

330 4568 607 4637 μαθηταῖς
638 4582 652 4597 ⁸
691 4568 949 4639 ’Δγωμεν
970 4571 1065 4623 καὶ
1094 4572 1277 4641 ἡμεῖς,
1300 4572 1387 4625 ἴνα
1409 4575 1771 4646 ἀποθάνωμεν
1796 4578 1916 4646 μετ’

325 4660 518 4714 αὑτοῦ.
552 4678 570 4712 ι
612 4660 669 4714 ’0
707 4660 807 4729 μὲν
838 4661 1118 4731 πάνσοφος
1160 4665 1258 4717 καὶ
1319 4667 1495 4735 μέγας
1526 4670 1915 4741 Χρυσόστομος

324 4750 507 4806 ταῦτα
555 4753 725 4822 φάναι
782 4754 918 4825 φησὶ
966 4756 1059 4808 τὸν
1109 4755 1312 4826 Θωμᾶν
1339 4758 1642 4826 δειλιῶντα,
1675 4766 1770 4816 καὶ
1805 4760 1920 4817 οἷον

327 4845 700 4915 ἀσχάλλοντα.
750 4846 910 4899 Ἐπεὶ
967 4846 1052 4912 δὲ,
1113 4848 1302 4918 φησὶν,
1356 4844 1512 4913 οὕτος
1560 4853 1787 4925 θανατᾷ,
1826 4858 1920 4909 καὶ

328 4934 441 4992 οἷον
476 4936 785 5008 αὐτόμολος
825 4940 920 4992 ἐπὶ
944 4944 1036 4994 τὸν
1058 4940 1306 4994 κίνδυνον
1331 4943 1497 5010 ἵεται,
1532 4945 1918 5020 πληρώσωμεν

330 5030 501 5083 αὐτοῦ
526 5031 589 5083 τὸ
620 5031 872 5103 βούλημα
926 5034 1020 5087 καὶ
1058 5035 1527 5107 συναποθάνωμεν
1549 5040 1722 5111 αὐτῷ.
1759 5042 1916 5097 Οὕτω

332 5125 434 5194 μὲν
470 5128 499 5178 6
520 5127 624 5194 τὴν
647 5126 897 5194 γλῶτταν
932 5129 1172 5198 χρυσοῦς
1192 5145 1207 5160 ο
1244 5131 1271 5182 6
1295 5130 1351 5181 δὲ
1380 5131 1488 5184 τῶν
1513 5136 1913 5205 μεταφράσεων

330 5219 538 5287 γλυκὺς
569 5220 923 5289 συγγραφεὺς
961 5222 1276 5291 παρρησίας
1310 5218 1429 5275 εἶπε
1461 5225 1553 5278 τὸν
1586 5227 1742 5294 λόγον
1771 5225 1912 5284 εἶναι

397 5358 444 5389 ⁸³
470 5355 661 5410 Matth.
688 5372 764 5418 vt.
787 5355 879 5410 ‘24.

1944 4619 1993 4679 D

2027 3364 2167 3419 male
2205 3375 2379 3418 actam
2429 3366 2592 3421 vitam
2642 3384 2791 3423 mors
2837 3380 2914 3425 εει
2962 3373 3235 3428 discessus
3280 3388 3311 3427 a
3355 3389 3604 3444 corpore.

2019 3455 2227 3524 indigni
2258 3468 2413 3523 sunt,
2443 3459 2532 3528 qui
2568 3460 2727 3515 amici
2760 3461 2963 3518 Christi
2993 3476 3273 3521 vocentur.

2092 3686 2110 3718 ε
2170 3668 2235 3724 Et
2284 3670 2490 3738 gaudeo
2540 3680 2763 3741 pr0pter
2811 3687 2940 3737 vos,
2982 3674 3241 3742 quoniam
3294 3691 3399 3731 non
3452 3692 3604 3734 eram

2017 3761 2111 3813 ibi.
2151 3780 2169 3812 ι
2212 3760 2435 3825 Vestra,
2472 3763 2680 3831 inquit,
2713 3779 2876 3817 causa
2914 3769 3148 3836 gaudeo:
3183 3768 3426 3822 absentia
3460 3772 3604 3824 enim

2021 3863 2137 3903 mea
2177 3865 2205 3902 a
2244 3849 2507 3904 Bethania
2545 3851 2767 3920 majoris
2800 3854 2921 3909 fidei
2956 3856 3110 3912 vobis
3143 3858 3247 3910 erit
3276 3860 3512 3913 occasio.
3540 3860 3609 3915 Et

2019 3941 2214 3994 merito
2249 3941 2299 3995 id
2326 3943 2577 4013 quidem;
2609 3959 2853 4013 praesens
2880 3946 3025 4000 enim
3056 3948 3098 4001 si
3126 3947 3336 4016 fuisset,
3361 3961 3609 4007 sanasset

2017 4043 2313 4103 mgrotum,
2367 4044 2530 4103 atque
2581 4037 2683 4090 hoc
2734 4052 2987 4108 magnum
3041 4039 3362 4094 miraculum
3416 4040 3609 4098 fuisset

2021 4124 2362 4193 impeditum.
2393 4125 2529 4181 Vide
2552 4142 2684 4182 vero
2712 4130 2896 4193 etiam,
2929 4141 2988 4183 ut
3022 4131 3121 4185 hoc
3152 4146 3404 4188 sermone
3433 4135 3608 4204 dupli-

2019 4231 2138 4271 cem
2175 4217 2229 4271 in
2266 4233 2325 4273 se
2359 4234 2481 4274 esse
2521 4230 2773 4275 naturam
2813 4225 3082 4280 ostendat.
3115 4223 3418 4283 Prmdicere
3459 4229 3605 4283 enim

2020 4308 2214 4364 Lazari
2250 4322 2477 4366 mortem
2511 4313 2815 4370 divinitatis
2842 4315 2977 4384 fuit;
3009 4317 3253 4374 absentia
3282 4334 3411 4375 vero
3443 4320 3512 4375 ab
3540 4336 3608 4377 eo

2020 4403 2158 4466 loco,
2193 4404 2566 4460 humanitatis.

2096 4492 2259 4566 164
2299 4513 2318 4547 ι
2341 4495 2491 4553 Dixit
2517 4510 2648 4567 ergo
2680 4496 2941 4563 Thomas,
2968 4497 3058 4567 qui
3092 4499 3287 4554 dicitur
3321 4499 3604 4573 Didymus,

2022 4585 2089 4641 ad
2123 4587 2523 4656 condiscipulos
2560 4605 2574 4642 :
2607 4586 2808 4645 Eamus
2842 4598 2899 4644 et
2928 4605 3046 4656 nos,
3075 4600 3129 4645 et
3160 4594 3457 4647 moriamur
3481 4610 3603 4649 cum

2023 4692 2109 4730 eo.
2149 4695 2168 4728 ι
2220 4676 2670 4747 Sapientissimus
2712 4694 2843 4733 sane
2889 4694 2955 4733 ac
3005 4696 3231 4750 magnus
3277 4682 3605 4755 Cltrysosto-

2022 4784 2143 4824 tuus
2176 4769 2288 4839 (85)
2324 4771 2439 4826 haec
2472 4782 2719 4827 autumat
2754 4773 2958 4827 dixisse
2987 4771 3273 4840 Thomam,
3306 4776 3449 4845 qttod
3484 4793 3607 4849 per-

2023 4863 2335 4918 timesceret
2359 4871 2413 4916 et
2444 4864 2608 4919 veluti
2671 4877 3048 4932 suecenserel;
3090 4870 3312 4936 perinde
3339 4870 3491 4941 unasi
3526 4872 3609 4931 sic

2022 4955 2231 5008 diceret
2266 4970 2281 5010 :
2320 4954 2587 5020 Quoniam
2627 4962 2910 5024 tantopere
2942 4960 3149 5028 appetit
3183 4970 3433 5027 mortem,
3461 4970 3515 5015 et
3549 4961 3604 5017 in

2024 5044 2325 5113 periculum
2365 5046 2732 5101 voluntarium
2770 5049 2913 5114 ruit,
2946 5052 3314 5121 obsequamur
3349 5054 3606 5110 voluntati

2025 5141 2198 5205 illius,
2231 5152 2287 5195 et
2329 5156 2438 5197 una
2489 5144 2812 5197 moriamur.
2852 5144 2945 5200 Sic
2991 5162 3121 5201 sane
3169 5151 3257 5219 qui
3307 5166 3470 5206 aurea
3521 5163 3608 5209 est

2024 5233 2237 5303 lingua;
2286 5244 2341 5288 at
2382 5249 2511 5290 vero
2552 5236 2734 5290 suavis
2776 5237 3009 5308 scriptor
3052 5240 3447 5309 Mctapbrastes
3492 5246 3607 5319 (84)

1575 5460 1892 5522 Francisci
1936 5466 2146 5527 Scorsi
2186 5474 2371 5529 noue.

400 5579 515 5645 (82)
546 5578 785 5631 Deseruit
816 5579 1074 5632 ordinem.
1132 5578 1316 5634 Grtece
1351 5598 1455 5636 una
1485 5600 1582 5638 vox
1609 5597 1691 5639 cst
1734 5587 1919 5642 λειπο.

330 5650 687 5723 τακτήσαντα
743 5652 807 5723 de
825 5663 950 5723 Aqua
978 5650 1099 5703 vide
1132 5666 1251 5719 quae
1289 5653 1720 5723 observavimus,
1769 5660 1918 5714 hom.

332 5718 382 5782 7,
413 5733 526 5770 ιιοι.
552 5717 651 5781 55,
684 5719 788 5771 col.
821 5718 948 5771 2H.

400 5787 971 5869 (85)_Chryaostomus.
1010 5787 1266 5869 [.ocus_S.
1294 5791 1710 5869 Chrysostotni,’
1760 5814 1917 5869 quem

331 5860 689 5924 ‘lhcoiilmnes
749 5869 918 5922 notat,
957 5870 1037 5912 est
1093 5876 1155 5912 ex
1200 5862 1343 5913 hntn.
1378 5860 1462 5926 7i,
1497 5866 1549 5917 in
1576 5860 1790 5921 szmt.’
1831 5872 1918 5925 ubi

332 5933 405 5985 sic
436 5930 600 5983 habet
630 5945 645 5983 :
673 5929 866 5981 Omnes
935 5931 1114 5997 itaque
1155 5930 1465 5988 Judieorum
1530 5940 1778 6005 impetum
1808 5940 1921 6007 for-

703 6025 978 6087 Pamon.
1009 6028 1122 6087 GR.
1167 6028 1453 6092 CXXXII.

2019 5595 2317 5675 ηιὶάρὸηηι.
2392 5597 2630 5675 inprimis
2676 5609 2853 5654 autem
2932 5602 3191 5668 Tuomus;
3232 5606 3349 5659 ideo
3391 5604 3557 5675 inquit
3586 5624 3608 5666 :

2025 5682 2073 5745 In
2108 5663 2333 5729 Eamus,
2386 5663 2773 5745 etrmorjamur
2822 5688 2939 5745 curn
2980 5689 3081 5737 ea;
3130 5663 3409 5745 {quidam
3428 5663 3609 5734 a'utent

2018 5735 2220 5813 dicunt,
2246 5744 2295 5788 et
2325 5753 2439 5813 eum
2466 5740 2596 5813 mori
2619 5754 2848 5813 optasse.
2876 5741 2979 5795 Sed
3018 5735 3248 5813 profecto
3273 5749 3514 5802 timorem
3550 5751 3607 5806 id

2018 5808 2225 5857 verbum
2257 5808 2430 5874 arguit
2457 5817 2503 5859 et
2538 5810 2968 5864 imbecillitatem.

2095 5874 2206 5957 (βιί)
2237 5874 2635 5957 Μειιῳιιιναείεξ.
2688 5880 3046 5957 _Q:t0_s:(‘_culo_
3071 5883 3262 5957 vixerit
3282 5897 3468 5944 noster
3500 5889 3612 5957 hic,

2022 5945 2161 5999 unde
2187 5947 2495 6002 necessario
2515 5950 2796 6004 deducitur
2816 5951 2983 6018 ipsius
3006 5953 3384 6020 Metaphrasta:
3409 5945 3611 6033 aevum;

3110 6047 3175 6108 17
