4042 6426
465 458 572 525 523

1656 460 2158 522 THEOPHANIS
2195 459 2450 522 CERAM
2461 459 2534 518 EI

3605 465 3702 530 524

464 571 724 628 fidentem
779 570 1020 626 animum
1071 570 1291 625 'l‘homa‘.
1350 572 1454 628 hoc
1505 587 1762 630 sermone
1816 570 2036 627 indicari

2145 557 2446 640 δηλωτικόν
2475 587 2490 600 ·
2520 570 2630 622 τῶν
2689 569 2798 640 γὰρ
2862 570 3039 625 ἄλλων
3093 570 3350 641 μαθητῶν
3378 576 3702 642 πτοουμένων

460 674 682 730 censet;
715 664 833 718 aliis
861 664 1060 732 quippe
1084 662 1364 732 discipulis
1393 665 1504 734 (85)
1537 662 1809 718 deterritis
1834 663 2045 715 animos

461 755 613 819 facit,
647 769 850 824 eosque
881 757 1188 809 conﬁrmat.
1219 754 1348 810 Mihi
1378 771 1511 811 vero
1543 755 1899 810 infirmiorem
1926 753 2044 822 qui-

462 847 580 901 dem
617 846 881 910 animum,
909 860 1068 913 quam
1101 845 1406 915 postularet
1435 846 1600 910 ﬁdes,
1640 858 1886 914 magnam
1914 855 2045 896 vero

462 937 514 991 in
555 938 872 1003 magistrum
911 936 1339 998 benevolentiam
1381 938 1620 992 indicare
1652 937 1898 990 videntur
1930 935 2044 988 hinc

459 1030 625 1083 dit-ta.
661 1027 784 1082 Fuit
819 1031 963 1082 enim
1006 1030 1227 1083 modieze
1263 1029 1385 1083 ﬁdei
1423 1031 1767 1092 existimare,
1797 1043 1855 1081 se
1890 1027 2043 1096 quid-

454 1135 619 1192 quam
655 1121 780 1174 mali
821 1137 1080 1191 passuros
1136 1122 1252 1189 ipso
1295 1133 1560 1191 praesente
1605 1139 1618 1175 :
1659 1123 1754 1175 sed
1795 1118 2041 1189 generosi

455 1213 740 1281 cujusdam
773 1213 963 1280 animi,
997 1223 1244 1283 paratum
1272 1224 1328 1268 et
1358 1214 1591 1268 alacrem
1620 1229 1676 1268 se
1707 1211 1947 1282 prabere
1975 1210 2041 1265 ad

455 1315 685 1358 mortem
725 1319 829 1357 una
863 1318 986 1358 cum
1028 1304 1289 1372 magistro
1328 1305 1712 1375 oppeteutlam.
1747 1304 2041 1356 Audaciam

453 1395 600 1449 enim
634 1393 914 1464 discipulis
947 1393 1143 1462 injicit,
1171 1403 1230 1450 ut
1261 1395 1453 1450 malint
1481 1395 1644 1451 etiam
1684 1394 1845 1459 mori,
1878 1409 2040 1464 quam

453 1499 482 1537 a
519 1485 778 1554 magistro
805 1486 1067 1554 separari.

531 1597 549 1628 ι
592 1575 754 1630 Venit
788 1579 968 1646 itaque
993 1576 1173 1644 Jesus,
1199 1587 1251 1631 et
1281 1577 1487 1631 invenit
1513 1591 1637 1632 eum
1665 1586 1900 1646 quatuor
1927 1575 2042 1630 dies

447 1665 561 1735 jam
599 1668 652 1719 in
690 1679 1042 1721 monumento
1075 1666 1382 1721 habentem.
1428 1685 1446 1718 ι
1494 1668 1628 1722 Cum
1669 1668 1806 1722 duos
1849 1681 2041 1735 supero

452 1760 684 1813 sedisset
727 1761 873 1826 dies,
907 1773 1070 1829 atque
1115 1761 1189 1814 ita
1238 1759 1520 1829 discipulis
1570 1769 1798 1815 mortem
1845 1757 2038 1814 Lazari

450 1852 719 1922 cognitam
785 1863 1234 1923 pet-spectataque
1299 1851 1561 1917 fecisset,

2149 663 2348 732 θάρσος
2395 663 2582 726 αὐτοῖς
2628 663 2906 734 ἐντίθησιν
2948 665 2976 716 ὁ
3003 664 3228 732 Θωμᾶς.
3279 663 3433 731 Ἐμοὶ
3489 665 3545 718 δὲ
3571 666 3706 722 δοκεῖ

2149 752 2518 822 ἀσθενέστερα
2561 751 2661 822 μὲν
2689 753 2791 822 τῆς
2846 752 3169 823 πρεπούσης
3205 753 3435 818 πίστεως
3481 756 3702 825 φθέγγε-

2150 843 2294 907 σθαι,
2327 843 2530 912 πολλήν
2563 862 2626 913 γε
2662 848 2768 914 μὴν
2801 846 3153 901 ὲνδεικνύντα
3206 848 3305 915 τὴν
3346 849 3478 918 πρὸς
3513 851 3599 902 τὸν
3625 854 3706 904 Δι-

2145 937 2414 990 δάσκαλον
2441 937 2678 990 εὔνοιαν.
2713 934 2821 992 Ἦν
2856 941 2959 1010 μὲν
2983 941 3093 1010 γὰρ
3134 942 3391 1004 ἀπιστίας
3428 940 3486 992 τὸ
3512 943 3706 996 οἴεσθαί

2145 1047 2196 1080 τι
2229 1029 2518 1082 πείσεσθαι
2541 1030 2716 1082 δεινὸν
2751 1032 3012 1094 συνόντας
3043 1031 3216 1102 αὐτῷ,
3241 1033 3488 1100 γενναίου
3518 1050 3577 1101 γε
3607 1035 3708 1104 μὴν

2146 1123 2387 1195 λήματος
2415 1126 2476 1179 τὸ
2507 1127 3037 1197 προθυμοποιεῖσθαι
3067 1129 3462 1182 συναποθανεῖν
3486 1129 3557 1198 τῷ
3585 1127 3708 1180 καθ-

2146 1218 2347 1285 ηγητῇ.
2373 1215 2709 1284 Θαρσοποιεῖ
2739 1218 2846 1288 γὰρ
2867 1219 2992 1281 τοὺς
3017 1221 3398 1287 συμφοιτητὰς
3423 1218 3513 1270 τοῦ
3543 1235 3712 1285 νοσφι-

2146 1306 2285 1376 σμοῦ
2323 1306 2416 1360 τοῦ
2450 1307 2785 1361 Διδασκάλου
2817 1309 2907 1362 τὸν
2938 1310 3040 1379 μὲν
3071 1310 3238 1363 αὑτὸν
3265 1311 3493 1364 θάνατον
3525 1325 3708 1381 προτι-

2148 1399 2456 1469 μήσασθαι.

2221 1594 2240 1627 ι
2287 1573 2491 1628 Ἐλθὼν
2515 1570 2612 1629 οὖν
2637 1576 2666 1630 ὁ
2702 1574 2912 1646 Ἰησοῦς
2927 1568 3089 1646 εὗρεν
3113 1576 3276 1630 αύτὶν
3296 1575 3558 1647 τέσσαρας
3581 1576 3708 1648 ἡμέο

2147 1683 2246 1736 ρας
2281 1667 2382 1737 ἥδη
2411 1666 2608 1736 ἔχοντα
2634 1667 2691 1718 ὲν
2739 1666 2815 1736 τῷ
2867 1666 3143 1738 μνημείῳ.
3183 1686 3201 1718 ι
3234 1667 3339 1719 Δύο
3391 1668 3712 1738 προσμείνας

2144 1759 2382 1830 ἡμέρας,
2416 1759 2511 1812 καὶ
2536 1757 2680 1811 οὓτω
2709 1758 2962 1829 μηνύσας
2989 1761 3103 1823 τοῖς
3139 1759 3411 1828 μαθηταῖς
3435 1758 3526 1812 τοῦ
3547 1759 3715 1824 Λαζά-

1638 1853 1849 1906 duabus
1913 1851 2036 1906 aliis

2148 1867 2242 1920 ρου
2278 1852 2371 1904 τὸν
2403 1851 2659 1916 θάνατον,
2699 1853 2756 1903 ὲν
2787 1850 2976 1914 ἄλλαις
3004 1851 3124 1904 δυσὶ
3158 1851 3260 1921 τὴν
3290 1851 3562 1922 Βηθανίαν
3593 1867 3714 1903 κατ-

453 1916 700 2010 pei-venit
734 1916 1161 2002 in'Bethaniam:
1192 1941 1344 1998 Vidit
1378 1945 1553 2012 ipsum
1590 1944 1939 2012 quatriduum
1984 1945 2034 1996 in

2145 1916 2341 1995 έλαϐεν
2361 1958 2374 1973 ⁸
2415 1939 2554 1994 εἶδεν
2583 1941 2744 1994 αὑτὸν
2773 1942 3118 2014 τεθρήμερον
3151 1916 3310 2014 ἐν’τῷ
3339 1916 3581 2012 μνήματι
3607 1941 3710 1994 κεί-

455 2046 804 2092 momnnento
832 2037 1105 2106 jaeentem
1142 2056 1157 2094 :
1190 2054 1298 2109 quo
1331 2053 1463 2094 sane
1497 2038 1642 2092 facto
1674 2038 2036 2106 signiﬁcatur,

452 2129 726 2197 quomodo
759 2133 1054 2184 humanum
1086 2145 1256 2202 genus
1284 2131 1524 2184 visitavit
1553 2131 1715 2186 Deus.
1742 2129 2036 2198 Postquam

451 2222 598 2274 enim
637 2231 886 2276 naturam
925 2233 1166 2276 nostram
1204 2221 1258 2276 in
1295 2233 1470 2277 morte
1506 2221 1806 2290 impietatis
1847 2236 2040 2276 sensus

451 2320 730 2381 expertem
779 2315 933 2383 quasi
985 2315 1102 2368 dies
1152 2325 1389 2383 quatuor
1436 2313 1622 2384 jacere
1669 2316 2038 2386 permisisset,

453 2419 643 2458 rursus
683 2419 802 2459 eam
850 2406 1054 2460 invisit.
1088 2405 1332 2472 Quatuor
1371 2421 1500 2462 vero
1548 2407 1601 2461 hi
1647 2407 1764 2461 dies
1810 2407 2039 2478 intelligi

451 2505 724 2565 possent:
763 2499 975 2566 prinms
1026 2499 1281 2567 quidem,
1336 2508 1549 2568 tempus
1599 2499 1755 2566 illud,
1801 2502 1944 2570 quod
1971 2502 2040 2556 ab

450 2590 656 2642 Adamo
692 2604 860 2659 usque
893 2593 958 2645 ad
993 2601 1151 2647 terrae
1184 2592 1491 2647 eluvionem
1527 2607 1624 2662 per
1661 2608 1833 2660 aquas
1865 2595 2039 2649 inter-

447 2681 653 2750 jectmn
681 2693 787 2746 est,
811 2692 933 2752 post
956 2684 1098 2752 quod
1127 2683 1209 2737 lex
1242 2683 1364 2738 data
1425 2681 1539 2738 Noe
1576 2685 1872 2739 secundum
1898 2686 2038 2742 diem

452 2790 624 2846 usque
654 2777 719 2830 ad
752 2777 1121 2830 Abrahamum
1155 2775 1356 2832 elleeit.
1381 2777 1578 2832 Postea
1608 2779 2043 2836 circumcisionis

451 2877 802 2935 przeceptum,
829 2868 984 2937 quasi
1034 2868 1226 2922 tertius
1268 2868 1384 2923 dies
1425 2866 1625 2923 aﬂ‘ulsit
1667 2885 1682 2925 :
1727 2871 1871 2926 hunc
1909 2887 2040 2926 vero

451 2957 536 3012 lex
572 2956 809 3013 Mosaica
847 2971 1021 3027 usque
1055 2958 1122 3013 ad
1155 2956 1435 3012 Christum
1471 2959 1708 3028 excepit.
1742 2959 1840 3015 His
1876 2961 2042 3030 igitur

450 3047 646 3102 diebus
704 3060 942 3116 quatuor
1001 3049 1053 3102 in
1113 3046 1452 3104 inﬁdelitatis
1529 3049 1783 3119 sepulcro
1845 3061 2038 3106 natura

451 3151 635 3194 nostra
672 3141 981 3196 tenebatur.

2145 2051 2330 2104 μενον,
2389 2034 2705 2098 δεικνύντος
2765 2033 2861 2087 τοῦ
2921 2039 3250 2106 πράγματος
3293 2035 3394 2105 τὴν
3425 2036 3707 2103 γεγονυῖαν

2141 2129 2207 2181 ὲκ
2237 2126 2374 2180 Θεοῦ
2423 2129 2535 2190 τοῖς
2583 2125 2894 2196 ἀνθρώποις
2924 2125 3237 2196 ἐπίσκεψιν.
3278 2127 3364 2187 Ὡ;
3394 2127 3502 2195 γὰρ
3520 2125 3572 2176 ὲν
3599 2124 3710 2176 τέσ-

2142 2221 2305 2292 σαρσί
2333 2238 2476 2276 τισιν
2526 2221 2763 2292 ἡμέραις
2794 2221 3211 2291 παραχωρήσας
3244 2219 3346 2290 τὴν
3377 2221 3539 2287 φύσιν
3565 2216 3713 2289 ἡμῶν

2141 2315 2200 2366 ὲν
2222 2315 2287 2384 τῇ
2319 2311 2652 2382 ἀναισθησίᾳ
2675 2311 2891 2366 κεῖσθαι
2922 2312 3022 2383 τῆς
3049 2311 3336 2376 ἀσεϐείας,
3368 2311 3526 2365 πάλιν
3553 2309 3712 2382 αὐτὴν

2141 2405 2508 2475 ἐπεσκέψατο.
2542 2405 2756 2458 Νοοῖντ⁹
2787 2403 2853 2458 ἂν
2908 2405 3119 2476 ἡμέραι
3155 2405 3449 2475 τέσσαρες,
3487 2403 3582 2472 μία
3621 2401 3715 2472 μιν

2139 2498 2168 2549 ό
2215 2496 2322 2547 ἀπὸ
2377 2494 2472 2548 τοῦ
2533 2493 2704 2565 Ἀδὰμ
2726 2495 2944 2566 χρόνος,
2990 2496 3016 2547 ὁ
3060 2494 3225 2564 μέχρι
3284 2493 3386 2564 τῆς
3429 2493 3497 2545 δι’
3533 2491 3714 2554 ὕδατος

2139 2588 2238 2658 τῆς
2267 2587 2370 2657 γῆς
2409 2587 2822 2651 κατακλύσεως,
2861 2585 2983 2656 μεθ’
3014 2585 3081 2656 ἢν
3124 2585 3253 2655 ότῷ
3285 2585 3410 2638 Νῶε
3434 2584 3608 2648 δοθεὶς
3635 2584 3716 2636 νόο

2145 2695 2245 2748 μσς
2276 2678 2405 2748 ἇχρι
2437 2677 2533 2730 τοῦ
2579 2676 2837 2746 Ἀϐραὰμ
2879 2676 3144 2747 δευτέραν
3175 2677 3500 2748 είργάσατο.
3535 2672 3712 2744 Εἷταή

2138 2770 2240 2840 τῆς
2273 2771 2580 2838 περιτομῆς
2631 2768 2845 2838 ἐντολὴ,
2878 2767 2953 2832 ὡς
2985 2768 3168 2838 ἡμέρα
3225 2769 3387 2839 τρίτη
3417 2766 3718 2837 ἐπέλαμψε.

2141 2858 2363 2929 Ταύτην
2410 2857 2465 2911 δὲ
2515 2860 2541 2910 ὁ
2573 2857 2872 2920 Μωσαῖκὸς
2925 2857 3086 2927 νόμος
3118 2859 3249 2929 ἄχρι
3288 2857 3532 2930 Χριστοῦ
3562 2855 3719 2910 suae-

2141 2951 2292 3016 ξατο.
2339 2952 2426 3005 Ἐν
2486 2950 2715 3014 ταύταις
2770 2946 2864 3003 οὖν
2896 2952 3015 3015 ταῖς
3047 2951 3350 3022 τέσσαρσιν
3378 2951 3612 3024 ἡμέραις
3647 2949 3719 3022 τῷ

2139 3042 2296 3111 τάφῳ
2317 3041 2416 3112 τῆς
2447 3041 2709 3104 ἀπιστίας
2729 3043 2763 3112 ἡ
2789 3041 2952 3111 φύσις
2979 3039 3137 3112 ἡμῶν
3183 3043 3548 3114 ὲκεκράτητο.

528 3247 547 3282 ι
586 3231 716 3285 Erat
743 3242 924 3286 autem
954 3231 1220 3287 Bethania
1244 3230 1398 3300 juxta
1429 3232 1856 3304 Hierosolymam
1885 3235 2034 3304 quasi

2218 3241 2236 3274 ι
2266 3218 2376 3275 Ἦν
2401 3221 2459 3275 δὲ
2487 3222 2518 3292 ἡ
2559 3219 2804 3291 Βηθανία
2859 3221 3028 3290 ἔγγὺς
3081 3221 3190 3274 τῶν
3231 3221 3624 3294 Ἰεροσολύμων
3650 3221 3722 3285 ὡς

449 3324 641 3398 stadiis
693 3325 1024 3394 quindecim.
1101 3342 1120 3375 ι
1183 3324 1479 3380 Commode
1537 3342 1669 3380 sane
1722 3327 2036 3382 distantiam

452 3414 735 3469 Bethania
778 3417 844 3469 ab
897 3415 1266 3483 Hierosolyma
1313 3424 1494 3478 notat,
1534 3416 1676 3484 quod
1726 3415 2032 3486 quindecim

451 3507 752 3561 stadiorum
785 3516 952 3571 esset,
985 3516 1042 3559 ut
1069 3507 1321 3560 nimirum
1357 3508 1633 3571 ostendat,
1661 3522 1784 3562 eum
1820 3523 1928 3562 non
1963 3508 2034 3561 ita

452 3601 608 3670 longe
639 3598 919 3653 castellum
959 3599 1196 3662 abesset,
1232 3598 1428 3653 multos
1457 3596 1766 3652 Judazorum
1805 3604 1869 3654 ad
1905 3614 2038 3653 con-

451 3690 706 3744 solandas
738 3691 996 3744 mulieres
1029 3692 1368 3745 convenisse.
1398 3688 1566 3744 Erant
1596 3691 1794 3761 quippe
1825 3691 2034 3746 nobiles

448 3795 503 3835 et
536 3782 798 3850 insignes,
830 3791 982 3850 patre
1012 3781 1230 3852 quidem
1271 3783 1495 3836 Simone
1531 3782 1804 3837 l‘liariszeo
1842 3798 2036 3853 progr-

451 3875 577 3928 nita:
621 3891 634 3928 :
685 3888 748 3927 ac
792 3882 1114 3944 praeceptam
1164 3889 1192 3925 a
1240 3873 1356 3943 lege
1397 3876 1520 3927 vitae
1569 3871 1725 3944 165
1766 3868 2028 3927 rationem

449 3973 758 4019 servantes.
796 3961 1030 4018 Necesse
1063 3977 1224 4032 porro
1258 3972 1375 4018 erat
1413 3965 1482 4017 ita
1523 3965 1670 4028 lteri,
1703 3978 1810 4033 quo
1851 3964 2032 4034 plures

451 4058 772 4113 miraculum
809 4067 976 4112 testes
1005 4057 1251 4112 haberet.
1276 4058 1541 4122 Quoniam
1570 4071 1696 4110 vero
1723 4071 1816 4126 per
1842 4056 2034 4112 Betha-

459 4151 604 4203 niam
647 4165 675 4202 a
715 4149 871 4202 nobis
912 4149 1148 4201 mundus
1179 4147 1230 4200 in
1265 4149 1560 4218 anagOgica
1593 4149 1804 4200 ratione
1839 4148 2037 4202 intelli-

451 4240 622 4306 gitur,
658 4254 753 4308 per
789 4237 1223 4307 Hierosolymam
1263 4251 1388 4290 vero
1427 4251 1657 4306 superna
1700 4237 1786 4290 illa
1831 4246 2035 4291 metro—

455 4332 617 4399 polis,
648 4331 716 4384 de
753 4345 857 4399 qua
895 4330 1130 4398 gloriosa
1165 4329 1304 4382 dicta
1339 4339 1487 4392 sunt,
1522 4343 1550 4380 a
1585 4343 1688 4397 qua
1727 4343 1849 4382 cum
1884 4329 2034 4382 exei-

449 4423 620 4476 dissct
662 4438 758 4492 per
797 4431 1080 4492 peccatum
1114 4421 1350 4474 humana
1399 4430 1613 4486 natura,
1661 4429 1872 4474 mortua
1915 4429 2030 4486 est;

450 4516 516 4570 ad
549 4532 711 4585 quam
751 4514 1009 4570 Dominus
1040 4512 1184 4567 venit
1214 4521 1334 4582 post
1365 4513 1479 4566 dies
1513 4519 1746 4580 quatuor"
1771 4526 1834 4566 eo
1870 4515 2032 4582 modo

2143 3317 2253 3370 ἀπὸ
2295 3315 2525 3368 σταδίων
2578 3314 2899 3368 δεκαπέντε.
2938 3316 3178 3384 Ἀριστα
3224 3318 3322 3368 καὶ
3354 3317 3454 3387 τὴν
3484 3316 3590 3370 ἀπὸ
3623 3315 3723 3368 ’Ῑε-

2145 3408 2433 3479 ρουσαλὴμ
2484 3406 2566 3470 είς
2634 3405 2910 3477 Βηθανίαν
2970 3407 3265 3477 σαφηνίζει
3297 3409 3623 3474 ἀπόστασιν,
3652 3408 3723 3473 ὡς

2144 3499 2542 3553 πεντεκαίδεκα
2574 3498 2812 3559 σταδίοις
2845 3497 3129 3568 ἀπῴκιστο
3160 3515 3173 3529 ο
3200 3499 3422 3565 δεικνὺς
3457 3502 3531 3564 ὡς
3563 3499 3726 3569 ἐγγὺς

2139 3591 2308 3659 οὕσης
2365 3590 2464 3662 τῆς
2505 3590 2722 3660 κώμης,
2753 3589 2938 3642 πολλοὶ
2986 3591 3094 3642 τῶν
3130 3592 3409 3646 Ἰουδαίων
3437 3595 3518 3657 είς
3558 3608 3726 3663 παρα-

2145 3684 2343 3756 μυθίαν
2393 3684 2503 3736 τῶν
2559 3683 2838 3752 γυναικῶν
2872 3683 3253 3751 ἐληλύθεισαν.
3299 3680 3484 3738 *Ησαν
3508 3684 3616 3757 γὰρ
3646 3686 3729 3738 εὐ-

2141 3781 2320 3846 γενεῖς
2343 3779 2435 3830 καὶ
2466 3777 2795 3848 περίφημοι,
2831 3777 3040 3847 πατρὸς
3068 3778 3169 3847 μὲν
3187 3779 3498 3850 Φαρισαίου
3525 3779 3616 3834 τοῦ
3643 3777 3728 3832 Σί·

2145 3881 2347 3937 μωνος,
2372 3864 2476 3935 τὴν
2510 3866 2566 3917 δὲ
2596 3867 2740 3918 κατά
2772 3867 2936 3936 νόμον
2971 3867 3174 3937 ἀκριϐῆ
3210 3869 3497 3924 πολιτείαν
3523 3869 3726 3938 φυλάτ-

2139 3976 2352 4013 τουσαι.
2389 3955 2497 4011 Ἦν
2546 3959 2602 4012 δὲ
2665 3961 2760 4012 καὶ
2790 3961 3102 4028 ἐπάναγκες
3130 3962 3296 4015 τοῦτο
3323 3963 3611 4032 γενέσθαι,
3646 3963 3727 4015 ἵνα

2141 4053 2202 4104 τὸ
2229 4051 2416 4121 θαῦμα
2440 4050 2672 4112 πολλοὺς
2695 4050 2791 4122 ἒξῃ
2816 4053 3126 4122 μάρτυρας.
3163 4053 3322 4126 Τάχα
3346 4055 3404 4108 δὲ
3427 4059 3520 4108 καὶ
3544 4053 3728 4124 ἐπειδὴ

2141 4148 2174 4216 ἡ
2206 4145 2448 4214 Βηθανία
2500 4145 2634 4213 ἡμῖν
2665 4145 2692 4195 ὁ
2717 4145 2923 4213 κόσμος
2953 4139 3108 4207 οὗτος
3149 4147 3440 4218 νενόηται,
3469 4149 3612 4203 κατά
3639 4149 3726 4202 τὸν

2139 4236 2241 4306 τῆς
2271 4236 2567 4306 ἀναγωγῆς
2596 4235 2775 4302 λόγον,
2827 4235 3191 4306 Ἰερουσαλὴμ
3215 4238 3330 4308 δὲή
3379 4240 3495 4293 ἄνω
3531 4241 3728 4312 μητρό-

2141 4330 2318 4395 πολις,
2350 4329 2480 4398 περὶ
2506 4323 2571 4400 ἦς
2611 4327 2677 4382 τὰ
2705 4325 3075 4400 δεδοξασμένα
3107 4330 3378 4404 ἐλαλήθη,
3411 4334 3507 4401 ἀφ’
3535 4329 3602 4406 ἧς
3635 4334 3726 4384 ἑκ-

2139 4421 2385 4474 πεσοῦσα
2415 4422 2447 4491 ἠ
2484 4419 2595 4472 τῶν
2645 4419 2956 4491 ἀνθρώπων
2998 4421 3158 4491 φύσις
3185 4426 3251 4495 τῇ
3291 4425 3547 4497 ἁμαρτίᾳ
3579 4423 3724 4481 νενέ·

2138 4527 2338 4582 κρωτο,
2368 4512 2452 4574 είς
2511 4510 2581 4580 ἢν
2632 4503 2819 4580 ἧκενό
2873 4511 3076 4581 Κύριος
3129 4516 3268 4582 μετά
3313 4517 3416 4580 τὰς
3441 4517 3723 4588 νοηθείσας

450 4623 558 4677 quo
609 4608 942 4661 declaratum
995 4614 1101 4668 est,
1141 4603 1445 4659 intellectos
1474 4604 1818 4658 :ostenditur
1867 4605 2028 4659 etiam

2141 4604 2350 4673 ἡμέρας
2378 4601 2674 4672 τέσσαρας,
2713 4599 2786 4663 ὠς
2818 4601 3136 4672 δεδήλωται⁸
3171 4605 3422 4662 δείκνυσι
3448 4607 3724 4681 μυστικῶς

451 4701 681 4771 mystice
735 4697 1077 4753 intervallum
1137 4697 1280 4766 quod
1335 4697 1478 4751 inter
1555 4695 1917 4765 intelligibilia
1973 4710 2037 4750 ac

450 4791 749 4853 sensibilia,
784 4792 837 4844 in
885 4789 1083 4858 quibus
1124 4801 1432 4850 versamur,
1466 4797 1552 4841 est
1597 4786 1974 4852 interpositum
2018 4805 2032 4840 :

447 4883 534 4934 Vel
579 4881 760 4950 potius
805 4893 985 4934 causa:
1036 4880 1342 4948 signantur,
1379 4893 1498 4948 qua:
1549 4893 1650 4931 nos
1694 4893 1723 4931 a
1770 4877 1882 4933 Deo
1919 4879 2034 4934 dis-

443 4971 762 5038 junxerunt.
790 4969 923 5025 Nam
947 4969 1242 5025 facultates
1273 4971 1468 5025 anima
1493 4969 1546 5023 in
1573 4984 1790 5024 sensum
1817 4971 2034 5040 penitus

448 5062 722 5116 inclinata:
747 5074 799 5116 et
827 5061 1225 5124 incumbentes,
1251 5062 1319 5115 ab
1367 5060 1456 5114 illa
1486 5059 1810 5131 intelligibili
1844 5057 2034 5115 Hiere-

448 5152 654 5221 solyma
703 5168 800 5206 nos
848 5153 1256 5208 abstraxerunt.
1288 5147 1424 5206 Tres
1469 5165 1596 5206 vero
1640 5151 1860 5205 omnino
1904 5160 2032 5205 sunt

447 5245 645 5296 animae
677 5243 994 5310 facultates;
1043 5258 1237 5298 sensus
1272 5257 1399 5297 vero
1444 5241 1496 5295 in
1543 5241 1780 5311 quinque
1820 5241 2034 5310 disper-

447 5337 614 5398 titus,
647 5350 879 5404 quarum
915 5335 1138 5389 evidens
1172 5335 1477 5406 symbolum
1515 5335 1687 5388 stadia
1723 5336 2033 5404 quindecim

446 5438 578 5484 sunt
617 5427 790 5483 tribus
827 5435 1080 5482 contenta
1117 5428 1406 5497 quinariis.
1439 5427 1557 5480 .lam
1598 5428 1822 5482 totidem
1860 5428 2035 5482 stadia

2137 4697 2234 4750 καὶ
2290 4695 2388 4765 τὴν
2442 4694 2646 4764 μεταξὺ
2709 4691 3000 4748 διάστασιν
3053 4695 3162 4750 τῶν
3221 4692 3441 4770 νοητῶν
3496 4700 3726 4755 καὶτῶν

2137 4786 2436 4858 αίσθητῶν,
2465 4788 2522 4838 ὲν
2586 4782 2668 4850 οἷς
2708 4787 3095 4858 γεγόναμεν,ἢ
3135 4789 3347 4859 μᾶλλον
3387 4794 3458 4845 τὰ
3481 4793 3633 4846 αῐτια
3658 4791 3724 4844 τὰ

2137 4883 2201 4934 ὲκ
2251 4878 2346 4932 τοῦ
2406 4878 2546 4932 Θεοῦ
2581 4879 2732 4949 ἡμᾶς
2773 4876 3166 4948 διαστήσαντα.
3202 4882 3270 4936 Ai
3333 4886 3450 4955 γὰρ
3495 4885 3726 4956 ψυχικαὶ

2133 4968 2396 5036 δυνάμεις
2435 4965 2740 5036 ὁλοσχερῶς
2773 4965 3125 5035 ὑποκύψασαι
3149 4970 3287 5041 πρὸς
3312 4975 3418 5045 τὴν
3447 4973 3721 5043 αἴσθησιν,

2137 5059 2434 5127 διέστησαν
2487 5059 2636 5127 ἡμᾶς
2667 5058 2767 5128 τῆς
2798 5058 3000 5129 νοητῆς
3041 5060 3437 5135 Ἰερουσαλήμ.
3474 5067 3639 5138 Τρεῖς
3669 5065 3724 5118 δὲ

2140 5152 2356 5215 πάντως
2388 5151 2486 5221 τῆς
2524 5149 2703 5221 ψυχῆς
2729 5153 2786 5203 αί
2815 5151 3071 5222 δυνάμεις
3091 5171 3106 5186 ο
3143 5157 3452 5230 πενταδικὴ
3486 5159 3546 5212 δὲ
3580 5161 3612 5229 ἡ
3642 5158 3726 5210 al-

2135 5244 2349 5312 σθησις,
2379 5238 2455 5295 ὧν
2502 5242 2777 5314 σύμϐολον
2845 5247 3100 5316 ἐναργὲς,
3131 5249 3200 5302 τὰ
3252 5251 3425 5304 πέντε
3475 5255 3573 5305 καὶ
3597 5254 3725 5305 δέκα

2134 5334 2325 5389 στάδια
2373 5335 2451 5396 είς
2473 5337 2621 5404 τρεῖς
2647 5335 2916 5399 πεντάδας
2943 5339 3276 5409 ποσούμενα.
3299 5343 3385 5395 Τὰ
3407 5344 3467 5396 δὲ
3488 5345 3726 5398 τοσαῦτα

2135 5426 2346 5493 στάδια,
2374 5425 2467 5479 δύο
2497 5426 2743 5496 γίνονται
2780 5429 2956 5500 μίλια,
2988 5431 3025 5486 ἃ
3055 5434 3156 5503 τὴν
3184 5435 3387 5506 ὑλικὴν
3427 5438 3603 5492 δυάδα
3635 5455 3727 5506 ση-

1684 5587 2006 5649 Francisci
2043 5586 2252 5650 Seorsi
2288 5590 2479 5648 noue.

448 5757 514 5810 de
538 5773 642 5824 quo
691 5759 992 5826 disputatur
1035 5757 1175 5810 inter
1212 5755 1423 5826 doctos,
1462 5753 1572 5824 jam
1610 5754 1966 5826 disceptatum
1989 5770 2018 5809 a

449 5828 610 5895 nobis
629 5837 711 5878 est
731 5824 970 5882 vrocem.
1003 5827 1138 5894 isag.
1171 5824 1285 5895 tt,§
1317 5825 1372 5880 5.

522 5891 636 5962 (85)
692 5895 825 5948 Aliis
846 5899 1031 5965 quippe
1052 5891 1346 5965 discipulis,
1375 5904 1479 5951 etc.
1517 5893 1803 5950 Sententia
1849 5892 2024 5950 Meta-

2131 5757 2387 5836 phrastae,
2411 5773 2587 5836 quam
2619 5761 2982 5836 sequitu[_hic
3010 5759 3332 5836 Gemmeus,
3374 5775 3558 5820 exstat
3587 5765 3724 5836 apud

2133 5825 2350 5951 Ξμυτᾶἓζι]
2410 5825 2463 5883 in
2521 5828 2640 5886 Vita
2702 5825 2762 5887 Β.
2836 5833 3078 5886 Thomze.
3143 5825 3384 5891 Consule
3439 5825 3636 5892 locum'
3679 5837 3725 5890 si
