4042 6394
358 349 470 412 529

1721 334 2053 398 l-iOMILIA
2106 335 2282 395 XXV.

3534 319 3640 387 δεο

441 481 460 514 ι
510 459 728 527 Ἐκείνη
786 457 920 529 γάρ,
980 454 1168 528 φησίν,
1227 455 1306 518 ὡς
1354 454 1623 524 ἤκουσεν,
1682 451 1961 523 ἐγείρεται

2144 465 2163 498 ι
2203 446 2296 502 llla
2330 444 2499 511 enim,
2551 443 2750 513 inquit,
2785 453 2842 496 ιιι
2868 439 3078 496 audivit
3112 439 3288 510 surgit
3313 437 3442 502 cito,
3466 445 3520 490 et
3554 452 3653 491 ve-

355 553 524 622 ταχῦ,
568 551 663 604 καὶ
714 548 936 620 ἔρχεται
975 548 1110 617 πρὸς
1141 547 1304 600 αὐτόν
1329 561 1344 576 ⁸
1381 543 1536 599 οῦπω
1559 545 1667 614 γὰρ
1697 542 1958 614 ἐλήλυθεν

356 639 385 689 ό
441 635 654 706 Ἰησοῦς
686 635 765 698 είς
795 633 894 705 τὴν
925 635 1144 702 κώμην,
1180 631 1295 687 ἀλλ’
1327 627 1397 702 ἦν
1429 633 1486 685 ὲν
1528 631 1610 701 τῷ
1644 629 1794 698 τόπῳ
1821 629 1956 682 ὅπου

359 726 682 797 ὑπήντησεν
716 724 868 794 αὐτῷ
905 726 939 796 ἠ
984 723 1208 795 Μάρθα.
1261 744 1278 776 ι
1325 724 1403 794 Τῇ
1456 723 1566 792 γὰρ
1617 722 1958 792 προσκλήσει

356 819 464 884 τῆς
486 817 741 886 πράξεως
761 814 930 880 ὀξέως
955 817 988 884 ἡ
1011 813 1217 881 θεωρία
1238 813 1596 883 διεγείρεται,
1627 811 1961 882 εὐρίσκουσα

359 910 472 975 ἔξω
520 909 619 978 τῆς
681 907 878 978 κώμης
932 907 1024 961 τὸν
1084 905 1310 975 Κύριον,
1347 905 1654 967 τουτέστιν,
1703 905 1810 972 ἔξω
1865 901 1960 956 τοῦ

363 1000 631 1072 αἰσθητοῦ
680 1001 835 1054 τοῦδε
865 1001 1076 1070 κόσμου
1117 1001 1177 1054 τὸ
1215 1001 1358 1052 θεῖον
1413 996 1553 1054 εἶναι
1602 997 1962 1069 καταλαμϐά-

363 1115 557 1162 νουσα,
587 1097 683 1150 καὶ
712 1095 855 1166 ὑπὲρ
886 1097 1070 1149 πᾶσαν
1099 1092 1358 1164 αἴσθησίν
1380 1108 1438 1145 τε
1464 1092 1558 1145 ml.
1587 1091 1792 1163 νόησιν.

444 1293 465 1325 ι
501 1274 568 1328 Oi
600 1272 693 1327 οῦν
729 1269 980 1325 Ἰουδαῖοι
1007 1271 1208 1334 ἰδόντες
1237 1269 1333 1341 τὴν
1375 1270 1600 1340 Μαρίαν
1633 1270 1718 1324 ὅτι
1753 1269 1966 1339 ταχέως

365 1368 570 1439 ἀνέστη
637 1367 732 1420 καὶ
782 1365 1029 1437 ἐξῆλθεν,
1079 1363 1412 1433 ἠκολούθουν
1467 1364 1628 1435 αὐτῇ.
1672 1383 1689 1416 ι
1727 1359 1850 1416 Εἶεν
1900 1361 1967 1416 ἂν

379 1464 630 1517 Ἰουδαῖοι
680 1460 823 1515 κατὰ
854 1461 1006 1514 τόνδε
1053 1462 1146 1514 τὸν
1187 1459 1357 1513 τόπον
1405 1459 1505 1523 τὰς
1548 1458 1678 1530 περὶ
1736 1457 1968 1528 Μάρθαν

369 1555 468 1609 καὶ
498 1554 721 1624 Μαρίαν
750 1551 1266 1624 παραμυθούμενοι,
1302 1551 1511 1614 πίστις,
1539 1549 1718 1615 ἐλπὶς,
1754 1549 1966 1618 ἀγάπη,

368 1646 426 1701 αῖ
458 1646 708 1715 καθάπερ
755 1645 814 1709 ἐξ
869 1643 1229 1716 Ἰερουσαλὴμ
1275 1643 1377 1713 τῆς
1405 1641 1614 1696 ἄνωθεν
1646 1641 1870 1712 είρήνης
1903 1642 1967 1710 τῇ

367 1733 521 1806 ψυχῇ
584 1731 1064 1801 καταπέμπονται.
1127 1723 1300 1783 Αὗται
1353 1731 1450 1783 καὶ
1497 1729 1970 1801 συνοδοιποροῦσιν

371 1828 538 1898 αὐτῇ,
577 1825 890 1897 σπευδούσῃ
913 1821 1249 1878 καταλαϐεῖν
1271 1824 1372 1894 τὴν
1398 1823 1568 1887 ὅντως
1599 1823 1764 1894 ζωήν.

454 2029 474 2062 ι
524 2008 736 2064 ’ἰδοῦσα
778 2008 965 2072 αὐτὸν,
1019 2008 1221 2062 ἔπεσεν
1285 2011 1366 2072 είς
1417 2010 1541 2073 τοὺς
1593 2009 1763 2074 πόδας
1806 2009 1974 2064 αὑτοῦ

374 2105 620 2173 λέγουσα
649 2118 666 2136 ⁶
704 2104 902 2172 Κύριε,
945 2105 994 2157 εί
1026 2099 1095 2174 ἧς
1143 2096 1268 2161 ὦδε.
1322 2104 1423 2156 ούκ
1471 2103 1537 2156 ἂν
1586 2103 1826 2156 ἀπέθανέ
1873 2121 1975 2174 μου

372 2196 679 2264 ὁάδελφὸς.
718 2215 736 2247 ι
797 2195 1078 2266 Σύμφωνα
1127 2198 1193 2266 τῇ
1245 2197 1448 2267 Μάρθα
1496 2195 1671 2251 λαλεῖ.
1742 2194 1977 2262 ’Λδελφὰ

371 2290 444 2342 τὰ
480 2289 724 2358 ῥήματα,
775 2289 1061 2356 συγγενεῖς
1097 2290 1154 2341 al
1210 2289 1425 2356 φωναί·
1471 2288 1612 2356 πλὴν
1649 2288 1731 2340 ὅτι
1775 2287 1978 2356 Μάρθα

379 2383 480 2452 μὲν
522 2382 584 2434 ού
619 2382 840 2448 λέγεται
891 2383 1078 2434 πεσεῖν
1128 2381 1209 2443 είς
1253 2381 1382 2443 τοὺς
1443 2380 1610 2442 πόδας
1639 2378 1733 2431 τοῦ
1775 2378 1976 2445 Ἰησοῦ,

375 2473 503 2528 οὔτε
532 2474 794 2529 κλαίουσα
827 2473 1190 2544 φθέγγεσθαι.
1228 2471 1378 2544 Λῦτη
1422 2473 1479 2525 δὲ
1526 2473 1756 2542 πράττει
1801 2470 1981 2540 ἀμφό-

373 2583 536 2636 τερα.
582 2564 848 2636 Ἰμείρετο
874 2566 985 2636 γὰρ
1014 2565 1124 2618 τῶν
1164 2564 1342 2618 ποδῶν
1377 2565 1605 2618 ἐκείνων
1637 2561 1976 2632 ἐφάψασθαι,

376 2654 462 2720 οἷς
530 2657 934 2728 παρακλιθεῖσα
995 2658 1262 2728 πρότερον
1317 2656 1412 2709 τοῦ
1477 2656 1571 2724 τῆς
1631 2652 1981 2716 διδασκαλίας

381 2747 654 2814 ἐγεύσατο
710 2748 996 2818 νέκταρος.
1060 2746 1298 2810 Τούτους
1357 2745 1481 2808 τοὺς
1520 2744 1758 2816 ὡραίους
1813 2743 1982 2806 πόδας

378 2839 752 2911 διαφερόντως
800 2838 1112 2908 ποθήσασα,
1153 2838 1418 2909 πρότερον
1456 2837 1556 2908 μὲν
1603 2837 1789 2899 αὐτοῖς
1836 2851 1982 2904 παρ-

382 2930 634 2992 εκάθισε,
697 2929 793 2986 νῦν
836 2931 892 2983 δὲ.
939 2929 1354 2995 κατασπάζεται
1387 2933 1500 2994 τοῖς
1559 2930 1793 3000 δάκρυσι
1846 2927 1984 2980 πλύ-

383 3041 576 3089 νουσα,
613 3021 842 3092 ὕστερον
868 3022 925 3076 δὲ
953 3021 1031 3093 τῷ
1066 3020 1225 3095 μύρῳ
1277 3023 1570 3093 ἀλείψασα,
1609 3026 1784 3096 θριξὶν
1822 3030 1984 3088 ίδίαις

383 3117 678 3214 ἐξέμαξεν.
751 3116 815 3214 ’1-1
875 3118 985 3214 γὰρ
1050 3116 1366 3188 θεωρητικὴ
1420 3117 1568 3189 ψυχὴ
1639 3121 1741 3184 τὰς
1811 3123 1984 3186 καλὰς
2011 3152 2056 3214 C

384 3211 688 3274 ἀναϐάσεις
721 3208 1008 3280 τιθεμένη,
1067 3210 1335 3281 πρότερον
1384 3211 1484 3280 μὲν
1530 3212 1683 3283 παρά
1713 3215 1840 3280 τοὺς
1887 3235 1986 3285 μυ.

388 3303 614 3365 στικοὺς
662 3301 829 3364 πόδας
868 3299 1146 3354 καθίσασα
1183 3299 1341 3372 ζητεῖ
1372 3302 1472 3374 τὴν
1514 3302 1777 3374 ἀλήθειαν
1803 3323 1819 3339 θ
1865 3302 1988 3363 εἶτα

390 3392 668 3462 μυηθεῖσα
723 3393 1028 3462 ἐφάπτεται
1059 3393 1262 3464 νοερῶς
1294 3395 1738 3464 προσεγγίζουσα
1769 3415 1784 3431 ο
1849 3401 1989 3470 μετὰ

389 3487 568 3542 ταῦτα
626 3487 704 3558 τῷ
770 3487 929 3558 μύρῳ
989 3487 1090 3557 τῆς
1138 3488 1409 3559 ἀψευδοῦς
1455 3489 1714 3557 γνώσεως
1763 3492 1986 3558 τούτους

389 3581 684 3646 εὖωδιάξει
713 3585 780 3650 τῇ
808 3582 940 3654 περὶ
971 3582 1042 3636 τὰ
1069 3581 1218 3652 πάθη
1248 3583 1580 3656 ἀναισθησίᾳ
1607 3585 1985 3656 ὲκμάσσουσα.

393 3674 575 3728 Τοῦτο
625 3673 735 3744 γὰρ
782 3675 840 3726 αἱ
890 3675 1078 3744 τρίχες
1134 3673 1490 3734 αἰνίττονται,
1552 3674 1630 3738 ὡς
1679 3676 1991 3746 αἰσθήσεως

392 3768 638 3836 ἄμοιροι.
671 3766 896 3819 Νοοῖντο
938 3765 986 3819 δ’
1019 3766 1086 3818 ἂν
1120 3765 1280 3829 πόδες
1329 3763 1594 3835 Χριστοῦ,
1635 3767 1735 3821 ὅσα
1764 3767 1990 3821 δυνατὸν

392 3860 639 3914 νοεῖσθαι
686 3861 816 3929 περὶ
861 3858 1027 3913 αὑτοῦ
1069 3857 1150 3929 τῷ
1198 3861 1302 3929 τῆς
1351 3858 1484 3929 ὕλης
1525 3858 1722 3912 ἑαυτὸν
1751 3859 1994 3914 έκκαθά-’

399 3972 579 4025 ραντι.
607 3954 650 4006 Τ
653 3955 683 4006 δ
713 3953 892 4025 δὲτὴν
921 3953 1144 4022 Μαρίαν
1170 3952 1380 4007 κλαίειν
1427 3951 1580 4020 δηλοῖ
1596 3950 1657 4004 τὸ
1679 3953 1760 4012 είς
1791 3951 1992 4024 ἑαυτὴν

399 4045 796 4100 συστέλλεσθαι
827 4045 925 4117 τὴν
951 4043 1131 4115 ψυχὴν
1165 4043 1260 4098 καὶ
1279 4042 1582 4107 συννεύειν,
1612 4041 1992 4114 χωριζομένην

397 4139 508 4191 τῶν
553 4137 858 4208 αίσθητῶν,
910 4138 1042 4190 ὅταν
1097 4136 1176 4198 είς
1221 4133 1458 4204 θεωρίαν
1493 4134 1768 4205 άνὰγηται
1797 4151 1810 4166 ·
1865 4133 1994 4204 θερ-

403 4229 698 4299 μαίνεσθαι
743 4226 804 4280 τε
860 4227 940 4298 τῷ
997 4226 1128 4296 θείῳ
1191 4225 1375 4296 ἔρωτι,
1421 4226 1872 4298 άποϐαλλομένην
1917 4226 1994 4291 ὡς

399 4325 616 4393 δάκρυα
669 4323 738 4374 τά
792 4321 1031 4393 περιττὰ
1062 4320 1173 4373 τῶν
1204 4319 1496 4390 νοημάτων
1547 4320 1643 4374 καὶ
1697 4319 1772 4391 μὴ
1825 4337 1995 4390 προσ-

401 4418 633 4484 ήκοντα.
666 4412 741 4467 Τὸ
772 4413 882 4484 γὰρ
911 4412 1149 4480 δάκρυον
1181 4412 1429 4481 λυπηροῦ
1460 4412 1666 4476 πάθους
1702 4413 1819 4465 ἐστὶ
1849 4413 1994 4478 νοτὶς

2069 538 2151 593 nit
2181 536 2248 591 ad
2275 552 2437 599 eum;
2473 535 2714 600 nondum
2750 531 2897 586 enim
2935 537 3158 584 venerat
3181 529 3342 586 Jesus
3373 528 3424 580 in
3458 523 3656 581 castei-

2067 631 2205 691 lum,
2238 629 2334 685 sed
2358 636 2476 683 erat
2509 627 2687 681 adhuc
2742 625 2795 679 in
2840 623 2930 678 illo
2971 623 3091 677 loco
3123 620 3214 676 ubi
3249 627 3563 675 occurrerat
3602 616 3651 671 ei

2070 723 2306 778 Martha.
2368 739 2387 774 ι
2418 720 2603 776 Ascita
2631 718 2774 774 enim
2811 717 2960 772 socia
3003 715 3222 769 actione
3265 712 3480 766 acuitur
3517 723 3653 764 con-
3689 699 3709 720 “

2072 814 2352 886 templatio
2394 820 2448 868 et
2485 810 2796 877 eXcitatnr;
2831 819 2886 863 et
2922 807 3208 863 Dominum
3245 802 3450 874 reperit
3501 809 3655 854 extra
3743 852 3752 861 ,

2071 905 2384 969 castellum,
2417 903 2520 957 hoc
2543 909 2648 966 est,
2673 899 3016 955 divinitatem
3046 907 3199 952 extra
3230 895 3376 950 hunc
3394 889 3654 946 mundum

2070 998 2322 1054 sensibus
2412 995 2683 1064 olijectum
2756 1002 2809 1046 et
2878 1006 3043 1058 supra
3105 1002 3321 1043 onmem
3387 981 3657 1040 sentiendi

2072 1087 2514 1160 intelligendique
2565 1084 2672 1138 vim
2739 1081 3091 1138 constitutam
3172 1090 3294 1132 esse
3352 1073 3659 1144 deprehen-

2073 1183 2173 1238 tlit.

2156 1293 2173 1327 ι
2210 1272 2380 1328 ἔικιωί
2433 1284 2563 1342 ergo
2598 1283 2724 1324 cum
2772 1265 3036 1322 vidissent
3088 1263 3334 1325 Mariam,
3378 1261 3502 1330 quia
3552 1258 3662 1311 cito

2078 1367 2316 1423 surrexit
2365 1376 2418 1421 et
2444 1362 2597 1426 exiit,
2634 1360 2803 1416 secuti
2845 1369 2974 1412 sunt
3003 1371 3144 1411 eam.
3180 1374 3198 1407 ›
3233 1352 3485 1411 Possem.
3517 1347 3659 1419 quod

2075 1459 2141 1512 ad
2165 1457 2310 1512 hunc
2329 1455 2504 1508 locum
2531 1452 2661 1507 iacit
2709 1465 2806 1518 per
2828 1447 3042 1504 ludat-os
3065 1444 3329 1500 Martham
3357 1452 3410 1496 et
3435 1439 3661 1494 Mariam

2077 1549 2441 1610 consolantes,
2479 1546 2630 1610 ﬁdes,
2660 1557 2786 1614 spes
2838 1551 2892 1596 et
2921 1539 3161 1593 charitas
3189 1531 3506 1605 signiﬁcari,
3541 1544 3665 1598 quae

2078 1657 2208 1696 sane
2240 1639 2388 1696 velut
2416 1654 2481 1693 ex
2527 1633 2831 1691 Jerusalem
2879 1633 2968 1686 illa
3002 1644 3234 1700 superna
3265 1627 3486 1680 civitate
3517 1622 3668 1692 pacis

2080 1736 2132 1788 in
2161 1734 2396 1786 animam
2423 1731 2791 1784 immittuntur
2829 1743 2842 1779 :
2891 1739 3118 1794 quaeque
3147 1721 3483 1777 comitantur
3521 1730 3665 1778 eam,

2003 1809 2203 1893 Bquae
2257 1823 2441 1878 studet
2499 1832 2664 1888 atque
2722 1814 2999 1871 contendit
3057 1826 3241 1866 veram
3307 1806 3524 1876 assequi
3585 1803 3668 1858 vi-

2080 1929 2212 1972 tam.

2156 2033 2174 2066 ι
2206 2011 2414 2068 Videns
2443 2024 2590 2076 enm,
2622 2006 2820 2062 cecidit
2848 2004 2914 2059 ad
2957 2002 3124 2070 pedes
3158 1998 3300 2069 ejus,
3329 2007 3383 2052 et
3414 1995 3548 2049 dixit
3571 1993 3619 2048 ei
3651 2011 3666 2048 :

2081 2109 2329 2171 Domine,
2375 2106 2419 2160 si
2449 2104 2650 2159 fuisses
2683 2101 2790 2164 hic,
2826 2114 2930 2153 non
2978 2095 3172 2150 fuisset
3209 2101 3454 2146 mortuus
3501 2088 3672 2143 frater

2079 2219 2257 2259 meus.
2295 2219 2314 2253 ι
2342 2200 2614 2254 Consonat
2638 2211 2757 2248 cum
2784 2192 3008 2246 Marthae
3037 2189 3232 2250 dictis;
3266 2198 3484 2238 sorores
3511 2195 3674 2236 voces

2080 2295 2214 2363 ipsae
2240 2293 2516 2354 videntur,
2544 2298 2599 2342 et
2632 2287 2793 2341 verba
2827 2291 3094 2352 cognata:
3127 2284 3355 2345 excepto
3386 2273 3526 2344 quod
3565 2286 3671 2324 non

2083 2389 2283 2444 dicitur
2316 2386 2381 2439 ad
2412 2382 2538 2437 Jesn
2575 2380 2742 2446 pedes
2789 2375 2997 2430 Martha
3037 2371 3324 2433 accidisse,
3358 2382 3458 2422 nec
3495 2365 3671 2419 locuta

2083 2497 2206 2536 cum
2241 2477 2519 2549 lacrymis.
2544 2473 2670 2529 llaec
2707 2486 2838 2526 vero
2859 2479 3148 2536 utrumque
3175 2470 3399 2535 praestat
3431 2478 3444 2513 :
3479 2458 3674 2512 avebat

2082 2574 2226 2628 enim
2273 2548 2441 2640 pedes
2486 2567 2608 2621 illos
2652 2563 2922 2630 attingere
2954 2561 3020 2613 ad
3055 2571 3191 2628 quos
3235 2562 3362 2608 ante
3409 2548 3672 2605 inclinata

2085 2676 2272 2722 nectar
2299 2662 2558 2717 doctrinae
2583 2663 2920 2728 gustaverat.
2951 2652 3060 2708 llos
3085 2659 3194 2704 tam
3223 2645 3482 2717 pulcliros
3509 2643 3676 2712 pedes

2085 2761 2437 2813 vehementer
2471 2762 2733 2824 expetens
2764 2747 2916 2818 prius
2950 2745 3168 2816 quidem
3196 2739 3260 2794 ad
3296 2737 3414 2792 illos
3446 2733 3672 2797 assedit,

2087 2865 2236 2906 nunc
2257 2862 2388 2905 vero
2428 2845 2496 2900 ad
2550 2859 2645 2900 eos
2675 2841 2912 2896 demissa
2940 2835 3195 2908 lacrymis
3221 2832 3375 2895 lavit,
3400 2837 3454 2885 et
3487 2834 3675 2896 postea

2087 2949 2363 3014 unguento
2386 2952 2595 3010 angens
2621 2935 2734 2992 suis
2765 2930 2980 3002 capillis
3007 2925 3283 2984 abstersit.
3309 2923 3501 2977 Anima
3529 2919 3676 2974 enim

2087 3013 2530 3102 contemplationi
2584 3027 2766 3082 dedita
2818 3022 3108 3096 praeclaras
3159 3019 3276 3072 illas
3328 3013 3678 3070 assensiones

2087 3128 2187 3183 sibi
2217 3127 2532 3192 diSponens,
2564 3120 2741 3191 primo
2771 3113 2990 3186 quidem
3022 3115 3087 3165 ad
3113 3108 3369 3181 mysticos
3402 3105 3565 3176 pedes
3594 3117 3680 3156 se.

2091 3220 2225 3275 dens
2282 3217 2567 3272 veritatem
2614 3208 2845 3279 (mserit;
2898 3215 3008 3259 tum
3053 3202 3121 3257 de
3165 3199 3363 3253 divinis
3416 3197 3678 3250 instructa

2094 3305 2516 3379 appropinquat,
2539 3311 2596 3356 et
2615 3296 2979 3370 spiritualiter
2999 3308 3094 3349 eos
3117 3291 3366 3361 attingit;
3399 3288 3465 3342 ad
3496 3296 3681 3342 extre-

2095 3377 2239 3455 mum
2295 3395 2616 3454 certissimae
2673 3386 3004 3462 cognitionis
3057 3391 3336 3455 unguento
3392 3387 3447 3434 et
3512 3377 3683 3433 odore

2093 3492 2390 3564 perfundit,
2415 3499 2467 3542 et
2489 3487 2804 3556 passionum
2833 3482 3110 3536 vacuitate
3141 3472 3256 3547 (92)
3289 3471 3541 3542 detergit.
3566 3469 3683 3524 lloc

2094 3561 2238 3642 enim
2296 3580 2474 3650 capilli
2518 3577 2674 3648 quasi
2728 3589 2824 3644 per
2857 3573 3086 3641 aenigma
3140 3568 3435 3624 insinuant,
3481 3572 3541 3617 ut
3585 3561 3681 3630 qui

2094 3691 2290 3732 sensus
2311 3681 2565 3744 expertes
2590 3670 2721 3724 sint.
2757 3667 2929 3722 Porro
2956 3679 3053 3734 per
3081 3661 3248 3730 pedes
3278 3657 3485 3714 Christi
3509 3654 3682 3726 signi-

2097 3769 2244 3825 ﬁcari
2279 3772 2507 3838 possunt
2533 3778 2595 3818 ea
2645 3776 2766 3829 quae
2797 3759 2864 3812 de
2908 3757 3026 3826 ipso
3065 3752 3322 3825 cognosci
3362 3756 3586 3819 possunt
3613 3747 3681 3800 ab

2098 3837 2317 3914 homine
2365 3856 2455 3925 qui
2505 3851 2810 3906 crassiticm
2869 3847 3070 3903 terreni
3129 3844 3360 3900 alfectus
3413 3837 3680 3910 purgarit.

2098 3950 2280 4006 Fletus
2332 3962 2460 4002 vero
2510 3944 2694 3999 Maria:
2739 3940 2982 4003 indicat,
3015 3936 3158 4008 quod
3192 3935 3246 3990 in
3299 3933 3462 4005 1‘8
3501 3931 3682 3984 anima

2097 4045 2213 4100 ﬁeri
2267 4041 2426 4104 solet,
2483 4054 2604 4093 cum
2657 4034 3004 4103 semetipsam
3057 4029 3291 4100 colligit,
3339 4027 3408 4082 ad
3452 4036 3684 4091 seseque

2096 4133 2343 4204 respicit,
2372 4142 2535 4200 atque
2574 4143 2603 4181 a
2641 4126 2937 4182 sensilibus
2969 4131 3194 4177 avocata
3234 4120 3302 4174 ad
3343 4115 3682 4182 contempla-

2097 4227 2298 4282 tionem
2350 4222 2632 4286 evehitur;
2690 4227 2803 4271 tum
2857 4217 3004 4272 enim
3055 4214 3241 4268 divino
3295 4225 3482 4268 amore
3520 4209 3684 4264 εποι-

2097 4331 2343 4382 vescens,
2368 4325 2736 4383 supervacuas
2756 4319 2813 4363 et
2843 4307 3046 4363 nullum
3069 4305 3404 4377 pertinentes
3434 4303 3499 4356 ad
3527 4316 3683 4355 usum

2099 4407 2462 4478 cogitationes
2491 4402 2647 4470 quasi
2695 4401 2963 4470 lacrymas
2994 4397 3202 4466 ahjicit.
3237 4393 3500 4464 Lacryma
3539 4391 3684 4446 enim

404 4505 849 4576 συστελλομένων
881 4505 988 4559 ὑπὸ
1030 4504 1208 4574 λύπης
1249 4505 1358 4558 τῶν
1411 4505 1584 4575 μυῶν,
1633 4503 1709 4567 ὡς
1733 4505 1833 4576 τὴν
1863 4506 1984 4558 ἀπο-

2103 4503 2297 4555 hmnor
2332 4505 2417 4552 est
2453 4511 2481 4548 a
2517 4494 2751 4548 tristitia:
2784 4492 3037 4562 passione
3061 4499 3316 4556 exortus;
3350 4503 3474 4542 cum
3509 4487 3580 4540 ita
3614 4485 3687 4539 ob

404 4598 739 4668 θλιϐομένην
762 4597 961 4652 λιϐάδα
995 4597 1133 4668 πρὸς
1177 4597 1277 4660 τὰς
1308 4595 1405 4650 τοῦ
1454 4596 1760 4665 ἐγκεφάλου
1794 4595 1984 4666 φλέϐας

2099 4607 2220 4646 eam
2271 4587 2503 4644 musculi
2553 4583 3027 4652 constringuntur,
3075 4589 3135 4634 ut
3176 4578 3323 4634 velut
3363 4590 3684 4646 expressum

404 4687 778 4751 ἀποδίδοσθαι,
806 4687 1065 4741 κάκεῖθεν
1090 4687 1184 4740 ἐπὶ
1209 4687 1335 4750 τοὺς
1356 4686 1551 4750 ὁλκοὺς
1570 4685 1679 4739 τῶν
1701 4685 2001 4755 ὀφθαλμῶν

404 4776 893 4849 παραπέμπεσθαι
947 4777 1012 4832 τὸ
1072 4776 1331 4849 περιττὸν
1391 4775 1849 4847 ἀποκρουομένης
1898 4777 2000 4848 τῆς

406 4885 646 4938 φύσεως.

484 4981 503 5014 ι
548 4959 762 5033 Ἰησοῦς
806 4958 923 5027 οῦν,
980 4958 1056 5023 ὡς
1111 4955 1251 5013 εἶδεν
1308 4956 1481 5029 αὐτὴν
1533 4957 1848 5024 κλαίουσαν,
1902 4959 1998 5014 καὶ

407 5053 916 5117 τοὺςδῐυνελθόντσς
951 5051 1090 5124 αὐτῇ
1130 5050 1414 5111 Ἰουδαίους
1440 5051 1749 5118 κλαίοντας,
1782 5051 1998 5124 ἐνεϐρι-

413 5148 629 5219 μήσατο
648 5145 727 5219 τῷ
740 5145 1033 5217 πνεύματι,
1053 5144 1148 5199 καὶ
1181 5143 1444 5216 ἐτάραξεν
1468 5144 1715 5197 ἑαυτόν.»
1748 5144 1991 5215 Ἐπειδὴ,

2100 4696 2404 4740 cremorem
2440 4682 2508 4735 ad
2555 4693 2724 4732 venas
2763 4674 2976 4732 cerebri
3029 4672 3306 4734 emittant,
3346 4681 3510 4739 atque
3561 4668 3687 4722 inde

2100 4775 2350 4832 derivent
2381 4774 2436 4827 in
2476 4771 2759 4826 oculorum
2823 4767 3027 4832 sulcos,
3063 4775 3254 4820 natura
3298 4763 3510 4819 scilicet
3542 4763 3689 4833 quod

2101 4864 2432 4938 superﬂuum
2468 4871 2552 4918 est
2591 4861 2908 4932 repellente.

2175 4979 2202 5014 ι
2238 4957 2398 5014 Jesus
2425 4970 2579 5026 ergo,
2615 4963 2674 5007 ut
2708 4954 2842 5008 vidit
2871 4967 2988 5007 eam
3019 4949 3342 5020 plorantem,
3372 4955 3426 5001 et
3472 4943 3691 5002 Judaos

2103 5051 2194 5122 qui
2225 5057 2491 5105 venerant
2520 5061 2648 5101 cum
2695 5059 2757 5100 ea
2792 5043 3092 5113 plorantes,
3142 5039 3425 5094 infremuit
3467 5039 3689 5105 spiritu,

2100 5157 2156 5200 et
2206 5141 2445 5198 turbavit
2495 5139 2870 5209 semetipsum.
2943 5153 2964 5187 ι
3023 5133 3297 5201 Quoniam
3345 5132 3508 5188 sicuti
3547 5131 3689 5188 Deus

1651 5257 1976 5320 Francisci
2015 5257 2227 5321 Scorsi
2256 5261 2442 5318 nota.

483 5383 608 5457 (92)
653 5382 966 5457 Passienum
995 5383 1275 5457 vacuitate.
1295 5380 1400 5457 llic
1421 5387 1504 5435 est
1535 5395 1636 5457 vox
1666 5378 1996 5457 άναισθησία

413 5450 624 5524 περὶτὰ
641 5455 792 5523 πάθη
809 5453 1138 5524 quaeeadem
1165 5453 1373 5524 ree-dit,
1406 5461 1568 5521 atque
1591 5450 1850 5515 ἀπάθεια,
1880 5465 2000 5519 quae

414 5523 500 5580 est
531 5528 584 5579 in
615 5527 763 5579 hom.
798 5523 893 5581 24.
923 5539 1136 5591 unoque
1185 5523 1342 5577 modo
1371 5537 1435 5577 ac
1455 5537 1618 5576 sensu
1650 5524 1822 5574 ambae
1851 5531 2003 5591 utro-

415 5599 578 5665 bique
615 5593 986 5665 accipiendae,
1025 5589 1091 5648 eo
1123 5593 1398 5665 nimirum,
1429 5593 1496 5646 de
1536 5607 1641 5660 quo
1671 5591 1880 5665 longius
1928 5589 2000 5644 ibi

413 5662 778 5722 disseruimus
809 5673 923 5718 not.
957 5662 1048 5730 67,
1081 5663 1187 5718 col.
1244 5662 1338 5716 501
1379 5681 1392 5716 :
1421 5670 1477 5717 et
1503 5676 1633 5716 sane
1658 5662 1898 5730 proxime
1918 5677 2006 5715 sc-

415 5737 707 5806 quentibus
736 5735 921 5790 verbis
949 5733 1066 5806 ipse
1101 5749 1162 5789 se
1197 5733 1449 5806 explicat,
1479 5741 1533 5787 et
1565 5732 1711 5806 aliud
1745 5730 1878 5806 nihil
1910 5746 2004 5800 per

419 5801 784 5878 ἀναισθησίαν
836 5801 1130 5878 intelligere
1165 5801 1420 5872 ostendit,
1460 5801 2001 5874 (litatttulfectiotiuitt,

2101 5391 2194 5431 seu
2252 5373 2566 5428 vitiosarum
2619 5366 3540 5439 perturbationumpurgationem.
3597 5364 3690 5439 Ait

2099 5446 2242 5502 enim
2265 5462 2280 5498 :
2308 5444 2532 5496 Νοοίντο
2555 5441 2598 5492 δ’
2621 5433 2696 5494 ’ἂν
2719 5440 2876 5502 πόδες
2895 5433 3264 5507 Χριστοῦὸσα
3295 5433 3518 5507 δυνατὸν
3551 5435 3691 5486 νοεῖ-

2102 5514 2228 5569 σθαι
2270 5517 2397 5584 περὶ
2423 5511 2589 5584 αὑτοῦ
2620 5511 2702 5584 τῷ,
2729 5511 2828 5579 τῆς
2853 5502 2995 5584 ,ὕλης
3025 5507 3216 5584 aqua?
3272 5502 3682 5572 ὲκκαθαίροντι.

2101 5584 2272 5640 Porro
2326 5578 2418 5653 per
2455 5580 2606 5651 pedes
2665 5578 2861 5636 Christi
2890 5578 3205 5653 _signiﬁca_ri
3242 5584 3455 5653 possunt
3482 5588 3546 5653 ea
3571 5587 3691 5653 qua.

2101 5659 2164 5711 de
2192 5656 2304 5727 ipso
2326 5642 2805 5727 cognoscripossunl
2847 5651 2910 5706 ab
2960 5642 3160 5719 ⁷80,ᾳαὶ
3183 5642 3472 5700 εταδδὶιίεηι
3494 5642 3689 5698 terreni

2103 5726 2320 5798 affectus
2347 5726 2605 5797 purgaril.
