4042 6454
423 297 530 360 525

1631 315 1674 372 T
1683 315 1732 372 Η
1746 315 2122 377 EOPIIANIS
2158 318 2503 378 CERAMEI

3559 309 3662 378 511‘

417 409 609 464 Tollite
638 409 867 480 lapidem
933 415 1098 478 hunc.
1152 417 1213 471 de
1249 433 1307 472 se
1342 418 1457 487 ipso
1496 419 1738 488 loquens.
1775 421 1993 477 Sciebat

2098 427 2501 494 κεκράξονταιθ
2551 448 2570 480 t
2600 423 2791 498 Ἆρον,
2840 423 2993 497 ἆρον,
3062 425 3378 496 σταύρωσον
3429 427 3610 481 αὐτόν.
3642 446 3661 479 ι

419 503 586 566 enim,
631 504 836 559 sciebat
883 505 1146 572 futurum,
1183 519 1240 562 ut
1271 511 1337 563 ad
1383 511 1665 578 praesidem
1695 514 1999 567 cont-lama-

423 603 544 647 rent
585 609 598 646 :
640 612 659 646 ι
700 595 868 661 Tolle,
906 597 1059 665 tolle;
1097 600 1350 672 crucifige
1371 602 1584 670 erunt";
1628 622 1647 655 ι
1676 605 2001 672 przenuntiat
2036 661 2038 664 ,

419 685 589 752 igitur
626 686 782 756 ipsis,
815 690 957 756 quod
986 701 1103 745 erat
1129 691 1392 747 futurum.
1427 691 1620 749 Tollite
1659 712 1744 749 me
1766 696 1996 766 lapidem

421 777 732 845 angularem
783 781 854 846 ⁵⁸,
897 796 1056 848 quem
1092 799 1190 836 vos
1237 783 1454 848 quidem
1509 787 1859 853 reprobastis,
1903 789 1998 842 sed

419 867 594 924 factus
631 880 714 924 est
742 872 793 923 in
836 884 993 940 caput
1027 874 1208 942 anguli
1242 872 1312 941 ‘9,
1344 885 1403 929 ut
1437 877 1486 929 iu
1525 893 1686 931 unum
1733 879 1995 948 parietem

419 961 643 1030 populos
672 962 805 1017 duos
838 965 1110 1019 adnectat.
1134 966 1330 1020 Tollite
1360 968 1559 1038 ipsum,
1589 979 1644 1024 et
1671 971 1992 1042 cruciﬁgite;

420 1066 564 1106 mors
613 1053 754 1106 enim
795 1055 893 1122 ipsi
929 1072 1033 1110 non
1069 1057 1451 1113 dominabitur.
1487 1059 1553 1113 Et
1593 1060 1774 1116 forsan
1825 1063 1990 1117 etiam

416 1141 484 1195 de
519 1142 623 1195 hoc
668 1143 842 1210 lapide
871 1145 1089 1200 Christo
1120 1148 1259 1203 idem
1299 1149 1628 1219 evangelista
1661 1149 1812 1215 dicit,
1848 1152 1990 1222 quod

417 1235 561 1288 venit
592 1235 760 1291 Maria
793 1238 859 1292 ad
907 1250 1336 1306 monumentum,
1373 1251 1427 1295 et
1461 1242 1691 1312 lapidem
1717 1244 1987 1300 sublatum

415 1322 646 1378 invenit.
701 1325 856 1393 Quod
895 1328 1170 1398 explicans
1203 1333 1327 1386 inde
1356 1332 1670 1404 Magdalena
1712 1335 1989 1406 discipulis

408 1410 530 1470 ait:
564 1433 582 1466 ι
616 1416 880 1472 'l‘ulerunt
910 1420 1198 1476 Dominum
1229 1438 1404 1479 meum
1431 1427 1498 1481 de
1547 1437 1916 1483 monumento.
1965 1448 1983 1480 ι

493 1571 511 1602 ι
552 1552 688 1604 Dicit
721 1554 768 1606 ei
794 1555 1028 1622 Martha,
1059 1573 1216 1614 soror
1239 1559 1356 1629 ejus
1384 1563 1473 1632 qui
1503 1575 1748 1619 mortuus
1783 1565 1988 1623 fuerat:

418 1639 796 1711 Dotnine,jatn
825 1645 1413 1717 fmietﬁquatridnanus
1434 1655 1578 1709 enim
1602 1665 1736 1711 εει.»
1766 1656 1990 1714 Videtur

2103 519 2364 590 Προλέγει
2415 520 2596 573 τοίνυν
2644 521 2830 583 αὐτοῖς
2871 521 2930 573 τὸ
2987 519 3265 588 ἐσόμενον.
3329 520 3533 587 Ἀρατε
3580 517 3670 572 τὸν

2100 613 2248 666 λίθον
2274 613 2367 668 τὸν
2405 616 2800 684 ἁκρογωνιαῖον
2829 613 2949 682 ἐμὲ,
2975 613 3034 666 ὃν
3081 612 3240 682 ὑμεῖς
3286 612 3385 680 μὲν
3415 610 3670 664 ἀπεδοκι-

2102 707 2334 775 μάσατε,
2397 707 2588 773 γέγονε
2637 706 2694 758 δὲ
2749 707 2828 769 είς
2861 705 3103 773 κεφαλὴν
3149 703 3374 772 γωνίας,
3433 704 3512 765 εἰς
3574 702 3670 755 ἕνα

2097 801 2276 868 τοῖχον
2306 797 2549 867 συνάψας
2574 799 2702 860 τοὺς
2729 797 2823 850 δύο
2870 796 3052 860 λαούς.
3107 797 3312 866 Ἀρατε
3346 795 3534 854 αὐτὸν.
3577 793 3674 848 καὶ

2099 889 2452 961 σταυρώσατε
2486 907 2499 921 ’
2541 890 2770 952 Θάνατος
2801 889 2912 957 γὰρ
2938 889 3102 941 αὐτοῦ
3128 889 3189 940 ού
3222 885 3669 956 κατακυριεύσει³

2097 981 2207 1034 Καὶ
2253 980 2393 1049 τάχα
2437 980 2564 1048 περὶ
2617 979 2804 1032 τούτου
2837 978 2929 1031 τοῦ
2975 978 3125 1031 λίθου
3177 975 3465 1046 Χριστοῦὸ
3508 974 3674 1037 αὐτός

2097 1083 2263 1138 φησιν
2307 1067 2743 1137 εύαγγελιστὴς,
2794 1069 2870 1130 ὡς
2917 1063 3080 1136 ἦλθεν
3134 1068 3167 1136 ἠ
3219 1064 3406 1135 Μαρία
3459 1064 3555 1117 ἐπὶ
3611 1065 3676 1116 τὸ

2099 1160 2386 1229 μνημεῖον,
2450 1159 2544 1212 καὶ
2603 1160 2788 1228 βλέπει
2842 1159 2935 1211 τὸν
2997 1158 3144 1212 λίθον
3193 1157 3472 1228 ἡρμένον’
3523 1156 3553 1209 ὃ
3607 1156 3677 1225 δὴ

2097 1250 2446 1321 σαφηνίσασα
2503 1253 2537 1321 ή
2589 1251 2924 1320 Μαγδαληνὴ
2984 1250 3135 1319 λέγει
3194 1253 3310 1314 τοῖς
3363 1249 3673 1320 μαθηταῖς·

2101 1360 2119 1394 t
2159 1339 2346 1414 Ἦραν
2379 1342 2472 1396 τὸν
2497 1343 2707 1412 Κύριον
2737 1344 2802 1396 ὲκ
2830 1341 2922 1396 τοῦ
2958 1341 3256 1412 μνημείου.
3297 1360 3318 1393 ι

2176 1582 2194 1615 ι
2233 1563 2397 1632 Λέγει
2443 1561 2594 1632 αὐτῷ
2626 1562 2658 1632 ή
2695 1560 2900 1630 ἀδελφὴ
2945 1559 3041 1614 τοῦ
3072 1557 3396 1628 τεθνηκότος
3426 1557 3630 1626 Μάρθα
3659 1573 3676 1589 ο

2092 1656 2290 1726 Κύριε,
2338 1656 2438 1726 ἤδη
2477 1654 2592 1718 ὄζει
2621 1670 2634 1684 ⁸
2667 1656 2988 1724 τεταρταῖος
3017 1651 3127 1721 γάρ
3155 1652 3294 1704 ἐστι.
3327 1667 3345 1700 ι
3389 1651 3546 1701 Δοκεῖ
3577 1648 3680 1715 μὲν

415 1730 635 1797 quidem
681 1746 784 1786 nou
839 1737 1060 1791 credere
1097 1737 1307 1793 Martha
1351 1739 1589 1796 futurum
1644 1747 1986 1803 miraculum.

2097 1747 2345 1800 ἀπιστεῖν
2375 1748 2409 1817 ἡ
2451 1747 2649 1818 Μάρθα
2677 1745 2752 1816 τῷ
2787 1745 3045 1814 θαύματι.
3084 1743 3166 1796 Τά
3203 1741 3413 1812 μεγάλα
3440 1739 3550 1834 γὰρ
3580 1738 3682 1790 καὶ

414 1819 546 1884 Quae
571 1819 717 1874 enim
771 1838 963 1892 magna
989 1841 1052 1880 ac
1074 1843 1236 1898 supra
1269 1841 1513 1887 naturam
1537 1845 1682 1900 sunt,
1705 1853 1809 1892 non
1836 1838 1991 1894 facile

416 1911 637 1966 credere
685 1915 987 1970 consuevit.
1036 1916 1418 1978 Verumtamen
1459 1924 1624 1979 etiam
1675 1941 1772 1995 pro
1806 1944 1868 1982 ea
1902 1945 1989 1984 re-

419 2005 659 2059 verentia
720 2016 774 2060 et
807 2009 1032 2074 honore,
1067 2012 1118 2064 in
1153 2028 1259 2082 quo
1283 2015 1566 2070 Dominum
1597 2017 1845 2085 habebat,
1883 2038 1988 2076 non

417 2092 698 2152 ferendum
751 2101 1118 2169 exSStimabat,
1154 2120 1211 2162 ut
1261 2109 1375 2174 ipse
1419 2115 1667 2180 sepulcro
1703 2118 1991 2185 appropin-

415 2199 629 2254 quaret,
657 2206 724 2246 ne
755 2195 1059 2250 molestiam
1084 2213 1146 2252 ex
1179 2214 1406 2269 corpore
1431 2203 1539 2273 jam
1574 2207 1624 2260 in
1653 2210 1988 2274 putredinem

419 2282 658 2335 re-oluzo
709 2286 962 2343 sentiret.
991 2287 1182 2344 Gravis
1219 2293 1360 2347 enim
1405 2305 1510 2362 est,
1543 2312 1641 2350 uec.
1665 2296 1824 2352 facile
1863 2298 1986 2353 ferri

415 2371 666 2429 vicinitas
703 2379 944 2446 corporis
993 2379 1106 2446 jam
1157 2386 1516 2451 putrescentis
1579 2398 1755 2456 potest
1803 2407 1816 2443 :
1856 2389 1988 2445 nihil

417 2467 561 2521 enim
582 2467 732 2537 pejus
750 2477 858 2522 tam
879 2470 1073 2526 infesto
1092 2471 1286 2529 fretore
1306 2477 1988 2546 reperias.Accomtnodari

418 2557 582 2611 etiam
649 2560 752 2615 hoc
788 2562 987 2616 dictum
1016 2577 1195 2632 p0tcst
1223 2568 1499 2622 communi
1533 2581 1730 2624 nostra:
1758 2583 1984 2635 naturaz,

418 2663 542 2714 quae
586 2651 740 2718 quasi
795 2655 1081 2721 quatriduo
1130 2667 1318 2712 exacto
1356 2659 1424 2714 ab
1477 2661 1684 2716 Adamo
1716 2677 1886 2733 usque
1920 2665 1987 2719 ad

416 2738 722 2808 Christum,
755 2744 907 2812 juxta
935 2748 1162 2800 relatum
1201 2764 1227 2800 a
1267 2750 1420 2805 nobis
1445 2768 1604 2820 supra
1638 2753 1986 2820 intellectum,

419 2832 470 2884 in
522 2832 842 2901 ignorantia:
889 2848 1234 2893 monumento
1280 2839 1548 2909 jacuerat.
1600 2853 1653 2896 et
1701 2844 1989 2912 impietatis

420 2923 668 2979 fauorem
696 2927 939 2982 odiosum
965 2931 1369 3003 exhalans,jam
1387 2948 1501 2986 com
1512 2943 1787 3001 putruerat
1803 2976 1816 2992 .
1835 2935 1987 3002 Quod

417 3027 472 3070 et
521 3015 689 3071 David
759 3019 976 3088 plorans
1019 3021 1232 3076 dicebat
1276 3040 1291 3076 :
1339 3042 1358 3075 ι
1407 3023 1734 3080 Putrucruut
1771 3037 1825 3080 et
1869 3042 1990 3081 cor-

421 3118 592 3175 rnpla:
635 3117 762 3162 sunt
813 3111 1096 3165 cicatrices
1163 3127 1316 3177 mem,
1380 3129 1410 3168 a
1464 3113 1600 3169 facie
1670 3116 1988 3184 insipientia:
2021 3131 2060 3185 ε

420 3211 553 3253 mete
582 3199 650 3253 ⁸ο.
688 3217 710 3252 ι

495 3307 514 3339 ι
576 3288 715 3344 Dicit
770 3291 818 3344 ei
865 3289 1024 3348 Jesus
1061 3311 1074 3347 :
1113 3291 1304 3350 Nonne
1342 3295 1453 3350 dixi
1495 3297 1613 3362 tibi,
1650 3299 1905 3368 quoniam
1946 3301 1988 3354 si

418 3380 718 3436 credideris
739 3383 946 3438 videbis
979 3385 1203 3452 gloriam
1235 3386 1368 3440 Dei?
1405 3406 1424 3438 ι
1455 3387 1825 3456 Roprchcndit
1847 3407 1986 3455 eam,

419 3482 478 3523 ut
507 3473 878 3530 immemorem
903 3477 1040 3543 ejus,
1064 3479 1207 3546 quod
1237 3487 1365 3532 ante
1387 3479 1599 3534 dixerat
1630 3499 1642 3534 :
1676 3500 1694 3533 ι
1730 3481 1992 3554 Resurget

420 3564 592 3619 frater
621 3573 763 3619 tuus.
807 3585 828 3618 ι
865 3565 982 3622 Jam
1007 3579 1061 3621 ut
1093 3569 1300 3624 Patrem
1336 3572 1850 3627 consubstantialem
1877 3575 1990 3643 (97)

418 3656 520 3710 sibi
558 3667 614 3710 et
643 3657 868 3727 aequalis
908 3660 1128 3715 honoris
1162 3665 1437 3725 ostendat,
1495 3664 1645 3733 prius
1680 3666 1836 3734 181
1874 3667 1994 3735 qni-

418 3749 562 3812 dem,
597 3751 682 3803 ubi
709 3753 907 3804 audivit
936 3752 1202 3808 Lazarum
1225 3766 1490 3824 aegrotare
1518 3773 1532 3810 :
1564 3757 1851 3813 lnﬁrrnitas
1879 3759 1991 3814 hare

420 3840 630 3908 inquit,
689 3850 771 3896 cst
823 3843 887 3896 ad
922 3841 1144 3912 gloriam
1189 3845 1308 3900 Filii
1360 3845 1487 3914 Dei;
1532 3863 1672 3901 nunc
1723 3864 1882 3910 vero.
1934 3849 1988 3905 Si

419 3928 735 3994 credideris,
779 3931 985 3986 videbis
1018 3932 1243 4002 gloriam
1282 3935 1401 4001 Dei,
1439 3937 1564 4016 quia
1600 3938 1851 3992 nimirum
1887 3955 1990 3994 uua

418 4027 504 4073 est
536 4018 703 4088 gloria
740 4019 918 4076 Patris
955 4032 1011 4076 et
1045 4023 1187 4078 Filii.

496 4126 515 4158 ι
551 4107 708 4163 Jesus
758 4123 935 4165 autem
988 4113 1283 4169 sulileratis
1332 4131 1546 4172 sursum
1593 4118 1764 4174 oculis
1811 4119 1988 4173 dixit:

419 4196 602 4260 Pater,
649 4199 854 4266 gratias
881 4201 973 4255 tibi
1022 4218 1145 4272 ago,
1183 4205 1435 4272 quoniam
1485 4207 1684 4261 audisti
1736 4207 1993 4275 mc.,Ego

417 4299 598 4342 autem
632 4291 891 4358 Sciebam,
929 4293 1054 4356 quia
1101 4311 1318 4364 semper
1367 4312 1452 4352 me
1501 4297 1690 4364 audis;
1721 4301 1812 4352 sed
1863 4314 1990 4368 pro-

419 4391 536 4446 pter
565 4383 817 4450 p0pttluln
845 4385 932 4453 qui
967 4389 1307 4453 circumstat,
1341 4389 1473 4452 dixi,
1511 4400 1566 4443 ut
1592 4393 1836 4455 credant,
1863 4389 1989 4459 quia

2098 1838 2239 1911 ὑπὲρ
2273 1839 2435 1908 φύσιν
2481 1839 2660 1892 εἰώθει
2708 1839 2780 1908 μὴ
2840 1837 3040 1908 ῥᾳδίως
3096 1834 3468 1889 πιστεύεσθαι.
3519 1833 3679 1919 ,Πλὴν

2099 1933 2181 1986 ὅτι
2215 1934 2331 1998 καὶ,
2361 1931 2466 1984 ὑπὸ
2488 1931 2746 1999 πλείστης
2777 1928 2958 1991 αἰδοῦς
2993 1928 3084 1981 καὶ
3112 1925 3418 1996 τιμῆς,,ούκ
3447 1923 3680 1977 ἀνεκτὸν

2099 2025 2285 2093 ἡγεῖτο
2319 2021 2678 2092 προσεγγίσαι
2728 2017 2805 2088 τῷ
2857 2018 3011 2088 τάφῳ
3052 2016 3145 2069 τὸν
3193 2013 3398 2083 Κύριον
3451 2011 3537 2063 διά
3575 2009 3680 2072 τὴν

2099 2116 2428 2185 ὲγκειμένην
2475 2114 2667 2182 ἀηδίαν
2700 2113 2792 2166 τοῦ
2831 2111 2967 2181 πρὸς
3007 2108 3217 2179 φθορὰν
3252 2105 3682 2178 διαῤῥεύσαντος

2101 2207 2376 2277 σώματος.
2432 2204 2695 2272 Φορτικδν
2751 2205 2860 2273 γὰρ
2912 2203 3006 2255 καὶ
3070 2200 3350 2253 δύσοιστον
3402 2194 3682 2266 μυδῶντας

2097 2302 2199 2371 ἤδη
2256 2301 2509 2370 σώματος
2569 2290 3311 2368 προσεγγίσαιοκακοσμίας
3363 2289 3473 2358 γὰρ
3531 2285 3682 2339 οὕτω

2097 2392 2276 2461 δεινῆς
2307 2392 2366 2442 οὐ
2413 2391 2596 2460 χεῖρον
2635 2387 2826 2458 ἓτερον
2873 2383 3072 2454 γένοιτ’
3119 2383 3206 2437 ἀν.
3265 2380 3528 2450 ’Λρμὸσει
3562 2379 3617 2432 δὲ
3647 2377 3682 2428 ὁ

2097 2484 2253 2550 λόγος
2290 2482 2383 2534 καὶ
2431 2481 2521 2532 ἐπὶ
2553 2479 2651 2548 τῆς
2702 2476 2892 2546 κοινῆς
2933 2475 3091 2545 ήμῶν
3124 2473 3362 2539 φύσεως,
3407 2472 3549 2540 ἥτις,
3597 2468 3682 2531 ὠς

2096 2577 2438 2646 τεθρήμερον
2479 2571 2764 2625 διελθοῦσα
2796 2571 2924 2631 τοὺς
2953 2569 3062 2623 ἀπὸ
3107 2567 3280 2635 Ἀδὰμ
3327 2565 3488 2636 μέχρι
3538 2563 3683 2630 Χρι-

2101 2667 2226 2720 στοῦ
2271 2666 2413 2720 κατά
2455 2666 2546 2716 τὸν
2592 2661 3069 2734 προσαποδοθέντα
3107 2659 3329 2723 σκοπὸν,
3371 2659 3429 2708 ἐν
3465 2653 3542 2722 τῷ
3577 2653 3680 2722 τῆς

2097 2759 2319 2826 ἀγνοίας
2349 2757 2608 2825 ἐϐέϐλητο
2639 2755 2900 2825 μνήματι,
2927 2755 2995 2822 τῇ
3028 2750 3262 2820 δυσωδίᾳ
3290 2747 3390 2814 τῆς
3419 2744 3681 2805 ἀσεϐείας

2097 2851 2276 2920 ἀηδῶς
2310 2848 2637 2912 ὲποζέσασα.
2675 2849 2738 2899 Ὃ
2769 2845 2861 2898 καὶ
2888 2847 2914 2897 ὁ
2939 2843 3100 2896 Δαὸ¹ιδ
3129 2840 3453 2910 ὀδυρόμενος
3477 2837 3629 2904 ἔλεγε
3657 2851 3677 2868 ο

2106 2963 2124 2995 ι
2165 2941 2525 3012 Προσώζεσαν
2567 2940 2659 2991 καὶ
2705 2938 2988 3007 ὲσάπησαν
3032 2937 3082 2987 οἱ
3137 2932 3406 3004 μὼλωπὲς
3435 2948 3536 3001 μου
3565 2927 3679 2981 ἀπὸ

2099 3033 2391 3105 προσώπου
2423 3032 2520 3100 τῆς
2558 3031 2872 3100 ἀφροσύνης
2911 3046 3033 3099 μου.
3084 3047 3102 3079 ι

2179 3305 2195 3336 ι
2236 3285 2397 3353 Λέγει
2432 3284 2570 3354 αύτῇ
2603 3285 2630 3336 ὁ
2668 3279 2878 3351 Ἰησοῦς
2909 3295 2923 3311 ⁸
2971 3281 3085 3334 Οὐκ
3113 3275 3269 3333 εἶπόν
3300 3297 3383 3333 σοι
3421 3279 3526 3343 ὅτι,
3575 3277 3677 3331 ἐὰν

2095 3377 2374 3446 πιστεύῃς,
2406 3375 2527 3443 ὄψει
2560 3374 2659 3444 τὴν
2683 3373 2841 3438 δόξαν
2875 3371 2970 3426 τοῦ
3011 3371 3148 3425 Θεοῦ
3181 3389 3197 3437 ;
3239 3391 3257 3423 ι
3316 3370 3675 3440 Ἐπιπλήττει

2093 3475 2265 3543 αὐτὴν
2293 3475 2368 3536 ὡς
2407 3471 2808 3542 ἐπιλαϐομένην
2833 3470 2909 3533 ὡς
2943 3467 3098 3522 εἶπεν
3129 3471 3292 3540 αὐτῇ,
3323 3469 3404 3521 ὅτι
3447 3486 3466 3520 t
3515 3467 3676 3522 Ἀνα-

2095 3566 2354 3634 στήσεται
2380 3566 2405 3617 ὁ
2429 3563 2654 3632 ἀδελφός
2679 3580 2774 3618 σου
2808 3578 2823 3592 ⁸
2871 3582 2889 3614 ι
2926 3561 3209 3632 ἐμφαίνων
3243 3561 3298 3614 δὲ
3327 3559 3420 3613 τὸν
3449 3559 3674 3627 Πατέρα

2093 3657 2376 3728 ὁμοούσιον
2403 3658 2495 3710 καὶ
2531 3656 2817 3726 ὁμότιμον,
2859 3655 3125 3723 πρότερον
3160 3653 3258 3722 μὲν
3290 3651 3552 3715 ἀκούσας,
3594 3650 3674 3707 ὡς

2092 3754 2120 3805 ὁ
2150 3751 2400 3814 Λάζαρος
2441 3748 2676 3816 ἀσθενεῖ,
2713 3749 2775 3802 ἸΙ
2798 3747 3073 3809 ἀσθένεια,
3102 3743 3277 3813 εἶπεν,
3330 3744 3490 3816 αὕτη,
3529 3744 3674 3814 ὑπὲρ

2092 3845 2190 3912 τῆς
2213 3842 2369 3912 δόξης
2409 3842 2498 3895 ἐπὶ
2541 3841 2635 3894 τοῦ
2675 3839 2804 3893 Υἱοῦ
2839 3839 2932 3892 τοῦ
2984 3838 3119 3892 Θεοῦ
3150 3857 3163 3869 ·
3208 3835 3306 3891 νῦν
3352 3837 3409 3890 δέ
3461 3853 3624 3905 φησιν
3655 3850 3672 3865 ο

2105 3933 2230 3985 Ἐὰν
2260 3932 2542 4004 πιστεύῃς,
2574 3929 2696 3998 ὄψει
2722 3928 2821 4000 τὴν
2859 3927 3021 3996 δόξαν
3047 3928 3141 3981 τοῦ
3166 3925 3324 3991 Θεοῦ,
3357 3925 3541 3996 ἐπειδὴ
3571 3921 3673 3992 μία

2091 4019 2216 4084 δόξα
2247 4020 2456 4090 Πατρδς
2481 4019 2576 4072 καὶ
2602 4017 2758 4073 Υίοῢ.

2172 4130 2190 4163 t
2227 4113 2284 4165 Ὀ
2310 4111 2366 4165 δὲ
2395 4110 2601 4180 Ἰησοῦς
2623 4106 2723 4181 ἦρε
2749 4109 2874 4172 τοὺς
2901 4108 3212 4179 ὀφθαλμοὺς
3238 4108 3369 4172 ἄνω,
3393 4107 3486 4161 καὶ
3512 4101 3630 4159 εἷπε
3654 4121 3669 4137 ο

2095 4207 2309 4275 Πάτερ,
2352 4201 2662 4274 εὐχαριστῶ
2708 4218 2822 4262 σοι,
2863 4201 2944 4254 ὅτι
2983 4199 3225 4270 ἤκουσάς
3268 4215 3392 4269 μου.
3431 4197 3572 4265 Ἐγὼ
3613 4197 3672 4249 δὲ

2095 4298 2244 4368 ᾔδειν
2274 4297 2355 4348 ὅτι
2387 4296 2560 4348 πάντα
2595 4311 2695 4364 μου
2725 4291 2965 4355 ἀκούεις,
2996 4292 3131 4345 ἀλλά
3159 4291 3246 4345 διά
3273 4291 3364 4342 τὸν
3393 4289 3550 4359 ὃχλον
3579 4289 3673 4343 τὸν

2097 4388 2421 4460 παρεστῶτα
2463 4384 2637 4451 εἷπον,
2681 4386 2767 4440 ἵνα
2813 4384 3016 4454 γνῶσιν
3055 4386 3136 4438 ὅτι
3181 4383 3245 4438 σύ
3299 4401 3364 4453 με
3410 4381 3674 4435 ἀπέστει-

418 4481 476 4526 ιυ
511 4489 593 4527 me
627 4473 842 4529 misisti.
881 4494 901 4529 ι
937 4475 1091 4542 Quod
1124 4479 1310 4535 oculos
1346 4496 1471 4534 suos
1503 4482 1741 4546 sustulit,
1775 4491 1828 4535 et
1854 4495 1982 4550 gra-

2098 4479 2218 4540 λας.
2259 4497 2277 4530 ι
2314 4478 2412 4531 Διὰ
2446 4477 2544 4546 μὲν
2573 4476 2667 4530 τοῦ
2699 4471 2829 4545 ἆραι
2860 4473 2986 4538 τοὺς
3024 4473 3332 4544 ὀφθαλμοὺς
3368 4470 3528 4526 αὐτοῦ
3559 4470 3673 4524 ἄνω

421 4566 524 4626 tias
562 4565 673 4634 cgit
712 4565 882 4632 Patri,
934 4569 1169 4623 ostendit
1219 4587 1324 4624 non
1375 4587 1493 4626 esse
1540 4586 1600 4625 se
1649 4575 1982 4626 contrarium

423 4657 528 4710 Deo
556 4657 687 4728 (98).
717 4656 818 4713 Per
843 4660 955 4730 ipsa
982 4675 1109 4715 vero
1133 4662 1393 4717 orationis
1416 4663 1577 4718 verba
1606 4665 1768 4718 etiam
1803 4679 1987 4733 aequa-

2095 4573 2190 4626 καὶ
2230 4573 2571 4642 εὐχαριστεῖν
2634 4569 2711 4637 τῷ
2755 4569 2929 4638 Πατρὶ
2966 4568 3236 4621 δείκνυσιν
3271 4565 3344 4628 ὡς
3384 4565 3484 4618 ούκ
3523 4563 3672 4616 ἐστιν

2095 4660 2336 4723 ἀντίθεος
2363 4677 2376 4689 ·
2408 4660 2493 4713 διὰ
2523 4660 2578 4712 δὲ
2636 4659 2725 4712 τὸν
2757 4658 2914 4727 λόγον
2945 4659 3043 4728 τῆς
3076 4656 3241 4727 εὐχῆς
3281 4653 3578 4727 παρίστησι
3611 4651 3675 4705 τὸ

487 4793 530 4827 ⁵⁷
569 4794 724 4850 Joan.
767 4814 881 4864 xnt,
925 4799 1012 4854 15.
1089 4800 1136 4832 ⁸³
1176 4800 1365 4858 Matth.
1411 4815 1522 4866 xxt,
1563 4802 1654 4857 42.
1731 4803 1776 4837 "
1821 4802 1958 4856 Psal.

2097 4819 2147 4857 ἸΙ
2173 4843 2188 4865 ,
2227 4801 2319 4856 22.
2395 4802 2442 4834 ’θ
2483 4800 2623 4854 Psal.
2667 4816 2874 4866 xxxv",
2916 4800 2968 4854 6.

1646 4947 1966 5010 Francisci
2010 4945 2219 5011 Scorsi
2262 4955 2447 5007 noue.

494 5063 604 5138 (97)
647 5063 714 5138 {It
748 5064 962 5138 Patrem
993 5065 1515 5122 consubstantialem.
1546 5067 1656 5122 Vox
1707 5069 1993 5138 ὁμοούσιος

419 5135 511 5188 hic
547 5143 561 5182 t
593 5135 763 5188 hristo
800 5135 1054 5190 tribuitur
1088 5138 1297 5189 ratione
1341 5149 1547 5190 natura:
1577 5135 1791 5201 divinat,
1832 5155 1992 5205 quam

417 5207 662 5276 eamdem
699 5219 924 5276 munero
969 5221 1032 5259 ac
1077 5206 1237 5260 Pater
1309 5208 1488 5260 habet.
1535 5206 1707 5276 Supra
1758 5219 1869 5264 not.
1899 5211 1992 5273 94,

337 5311 342 5315 ς
417 5290 538 5329 eam
573 5275 640 5327 de
669 5274 887 5328 Christo
920 5277 1202 5344 usurpavit
1237 5277 1442 5330 ratione
1481 5274 1688 5332 natura;
1723 5279 1993 5344 humanm,

420 5359 587 5414 quam
635 5345 881 5398 eamdem
935 5347 1138 5418 specie,
1189 5361 1252 5400 ac
1303 5347 1649 5418 nosahabet.
1694 5348 1997 5418 Utrumque

420 5430 550 5468 vero
582 5423 728 5486 rvcte
761 5416 1009 5486 usurpari
1039 5431 1103 5486 ex
1141 5430 1300 5469 conc.
1320 5416 1744 5471 Chalcedonensi
1779 5416 1995 5486 planum

417 5493 524 5546 est,
575 5484 640 5537 de
691 5499 797 5552 quo
844 5485 1145 5549 plusculum
1189 5486 1515 5540 disseruimus
1571 5492 1635 5540 ad
1691 5484 1837 5542 born.
1902 5489 1992 5554 46,

417 5554 692 5627 ttt___etiam
746 5554 904 5625 paulo
951 5570 1112 5622 supra
1161 5557 1341 5608 tnouui
1397 5563 1513 5609 unt.
1568 5558 1637 5611 94
1687 5558 1850 5627 hujus
1899 5559 2000 5613 bo-

371 5645 374 5648 ’
418 5623 603 5677 ΙιΙίΙῘὲΓ.
749 5623 759 5625 7
1057 5653 1060 5656 ’

494 5693 605 5760 (98)
648 5692 984 5748 Contrarium
1013 5694 1141 5750 Deo.
1175 5694 1267 5750 Sic
1299 5696 1504 5750 reddidi
1542 5713 1728 5753 vocem
1756 5697 2003 5752 ἀντίθεον

421 5757 527 5815 hoc
552 5757 691 5826 luco,
737 5779 853 5832 qua:
894 5775 1071 5822 tamen
1099 5766 1430 5821 contrariam
1473 5768 1635 5827 etiam
1669 5769 1833 5825 habet
1862 5769 2002 5836 vim;

2095 5085 2218 5125 nam
2250 5081 2307 5123 et
2349 5068 2436 5134 qui
2469 5066 2624 5135 quasi
2655 5065 2796 5120 alter
2831 5073 2913 5118 est
2956 5066 3116 5129 Deus,
3157 5063 3423 5127 ἀντίθεος,
3469 5071 3525 5118 et
3575 5064 3666 5132 qui

2095 5138 2402 5194 contrarius
2448 5149 2530 5215 est
2577 5135 2707 5200 Deo,
2755 5135 3020 5215 ἀντίθεος.
3071 5135 3222 5215 Quod
3262 5135 3549 5215 ostendam
3585 5149 3668 5215 “ex

2137 5209 2343 5262 luribus
2389 5208 2716 5286 scriptorum
2773 5207 3057 5286 utriusque
3082 5205 3307 5286 _ordinis
3338 5202 3665 5286 _lftcis~infra

2137 5226 2343 5262 ΙυΙἸυΙΙδ
2389 5226 2716 5275 εει-ψιοηιιιι
2773 5226 3057 5273 υιιΊιιεψιθ
3098 5226 3307 5259 οτιιιηιδ
3360 5226 3492 5257 IHCIS
3527 5226 3665 5256 Illll’il

2095 5226 2244 5333 Rom.
2281 5276 2372 5338 48,
2405 5288 2516 5331 not.
2553 5277 2642 5341 69,
2677 5291 2838 5342 quam
2893 5277 3030 5328 vide.
3081 5275 3301 5328 Interim
3338 5273 3424 5327 hic
3458 5273 3668 5326 alIirmo

2099 5363 2320 5404 Sensum
2374 5347 2538 5424 hujus
2583 5346 2682 5400 loci
2720 5361 2870 5424 esse,
2905 5361 3064 5412 quem
3105 5347 3494 5424 interpretatus
3531 5358 3666 5424 'sum

2105 5412 2579 5487 παραφραστικῶς
2611 5417 2899 5487 explicans
2927 5418 3169 5469 auctoris
3200 5415 3386 5487 verba.
3416 5412 3669 5487 Christus

2102 5483 2476 5555 eui-tu,'inquit
2512 5488 2619 5549 ille,
2655 5501 2821 5539 orans
2873 5483 3084 5538 Patrem
3132 5484 3294 5555 simul
3336 5483 3573 5536 ostendit
3605 5495 3670 5534 se

2054 5611 2056 5614 ,
2101 5574 2207 5610 non
2258 5552 2390 5611 ease
2429 5555 2760 5610 contrariqu
2808 5556 2936 5615 Deo,
2973 5556 3110 5622 quod
3157 5552 3328 5608 Judaei
3379 5567 3481 5603 non
3546 5564 3669 5604 raro

2099 5625 2434 5692 objeceraut.
2470 5637 2527 5679 ut
2553 5626 2709 5680 Joan.
2737 5641 2858 5692 cap.
2897 5624 2962 5677 l9
2999 5639 3014 5677 :
3064 5624 3185 5677 Non
3224 5633 3297 5677 est
3330 5623 3413 5675 hic
3444 5623 3605 5692 homo
3636 5636 3669 5671 rt

2103 5687 2234 5760 Deo,
2287 5696 2377 5764 qui
2407 5695 2700 5772 Subactum
2760 5687 2864 5747 non
2901 5696 3165 5758 custodit;
3190 5693 3518 5772 etibit‘lcm:
3552 5687 3670 5772 ἔοι

2102 5759 2317 5835 scimus,
2344 5767 2470 5836 quia
2507 5767 2589 5820 lu't:
2623 5766 2774 5820 homo
2809 5774 3051 5834 peccator
3081 5778 3176 5833 est,
3219 5771 3273 5820 et
3306 5761 3464 5818 aliter
3517 5759 3666 5815 alibi.
