4042 6394
280 288 371 350 537

1658 283 1989 345 HOMlLlA
2031 284 2205 345 XXV.

3451 282 3558 343 539

276 397 555 465 ὁμότιμον.
600 396 676 452 Οὐ
729 395 838 466 γάρ
886 396 1311 466 είσακουσθῆναι
1364 397 1673 463 παρακαλεῖ
1726 397 1866 451 κατὰ

1975 397 2181 450 litatem
2216 395 2493 463 ostendit;
2530 410 2636 451 non
2669 396 2811 450 enim
2842 404 2964 448 orat
2996 402 3056 449 ut
3104 393 3451 459 exaudiatur,
3498 403 3557 449 ut

278 490 369 558 τὴν
400 489 498 556 τῆς
535 486 765 558 Μάρθας
802 488 1104 556 ὑπόληψιν,
1143 489 1281 554 ἀλλ’,
1312 509 1330 540 ι
1370 484 1518 553 Οἶδα,
1556 490 1745 558 φησιν,
1781 491 1861 541 ὅτι

277 580 510 633 πάντοτέ
548 598 649 649 μου
683 579 925 644 ἀκούεις,
963 600 982 631 ι
1019 578 1095 642 ὡς
1130 580 1420 649 ὁμοουσίου
1451 579 1545 633 τοῦ
1579 578 1737 641 Υίοῦ,
1768 581 1864 632 καὶ

272 675 328 726 οὐ
372 673 535 742 χρεία
579 690 667 743 μοι
707 672 897 743 εὐχῆς,
934 673 1071 726 ἀλλὰ
1111 672 1197 727 διὰ
1237 673 1329 726 τὸν
1367 674 1698 743 παρεστῶτα
1734 674 1862 726 λαὸν

272 765 447 818 τιῦτα
479 763 648 825 λαλῶ,
681 766 766 817 ἵνα
798 765 1000 829 γνῶσιν
1033 766 1307 833 ἰσοτιμίαν
1338 765 1551 835 Πατρὸς
1582 766 1677 818 καὶ
1707 765 1861 822 Υίοῦ.

271 858 375 910 Διὰ
402 857 615 909 τούτοιν
645 858 703 911 δὲ
738 858 1113 927 προτρέπεται
1148 858 1243 910 καὶ
1278 858 1425 926 ἡμᾶς
1460 858 1647 928 εὐχαῖς
1691 858 1864 911 ἱλεοῦ-

272 942 403 1003 σθαι
432 951 496 1003 τὸ
524 951 680 1004 Θείον
711 952 832 1014 ἀεὶ,
865 951 960 1004 καὶ
991 951 1052 1004 τὸ
1079 954 1180 1021 τῆς
1212 951 1390 1021 ψυχῆς
1424 950 1650 1005 ὀπτικὺν
1683 952 1864 1021 αἴρειν

269 1041 381 1095 ἀπο
422 1041 534 1095 τῶν
572 1040 929 1112 χαμαιζήλων
974 1041 1264 1112 νοημάτων
1304 1042 1442 1113 πρὸς
1485 1040 1547 1094 τὸ
1592 1040 1725 1111 ὕψος
1764 1044 1864 1113 τῆς

268 1132 533 1202 θεωρίας.

342 1244 363 1277 ι
416 1226 527 1278 Καὶ
570 1222 745 1278 ταῦτα
794 1224 989 1291 είπὼν,
1034 1227 1186 1295 φωνῇ
1243 1225 1454 1295 μεγάλῃ
1505 1226 1861 1295 ἐκραύγασεο

264 1316 519 1385 Λάζαρε,
565 1316 726 1387 δεῦρο
772 1318 901 1384 ἔξω.
952 1336 971 1369 ι
1020 1317 1133 1370 Καὶ
1178 1317 1275 1388 τὴν
1322 1317 1602 1389 θυγατέρα
1638 1319 1863 1389 Ἰαείρου

262 1408 615 1479 ὲγηγερκὼς,
662 1411 757 1462 καὶ
799 1409 891 1463 τὸν
931 1409 1048 1461 υἱὸν
1090 1409 1192 1478 τῆς
1235 1412 1409 1479 χήρας
1450 1410 1861 1479 ἐζωοποιηκὼς,

262 1498 325 1551 οὗ
362 1498 620 1565 φαίνεται
658 1498 873 1569 μεγάλῃ
908 1501 1061 1569 φωνῇ
1100 1499 1411 1572 κεκραγὼς,
1449 1500 1585 1555 ἀλλὰ
1614 1505 1678 1573 τῇ
1719 1506 1862 1573 χειρὶ

263 1590 667 1659 κεκρατηκὼς,
699 1593 795 1644 καὶ
832 1594 1017 1663 ἡρέμα
1055 1593 1426 1663 πεφωνηκὼς,
1461 1598 1526 1663 τῇ
1556 1595 1660 1665 μέν
1684 1613 1699 1628 ·
1737 1616 1755 1647 ι
1798 1598 1861 1650 Ἠ

265 1684 437 1745 παῖς,
485 1682 700 1752 ἐγείρου
747 1699 763 1714 ⁸
807 1683 885 1751 τῷ
938 1684 1035 1736 δέ·
1082 1703 1101 1735 ι
1151 1685 1246 1748 Σὺ,
1288 1684 1453 1753 λέγω,
1500 1686 1785 1757 ἀνάστηθι.
1834 1707 1853 1738 ι

278 1771 549 1825 Ἐνταῦθα
582 1772 637 1825 δὲ
675 1773 999 1845 διαπρύσιον
1033 1773 1298 1845 κέκραγε.
1333 1775 1524 1839 Διατίς
1555 1776 1679 1829 Ὀτι
1716 1779 1859 1831 ὲκεί-

264 1881 371 1917 νων
399 1866 731 1934 προσφάτως
761 1867 1121 1937 τεθνηκότων,
1153 1867 1323 1935 ἐγγύς
1353 1886 1454 1921 που
1481 1869 1573 1923 τοῦ
1607 1870 1859 1941 σώματος

266 1956 452 2026 παρῆν
489 1958 522 2027 η
558 1956 707 2029 ψυχὴ
747 1960 1023 2029 (πατρικὴ
1064 1959 1172 2030 γάρ
1209 1960 1358 2029 ἡμᾶς
1398 1961 1550 2031 φωνὴ
1587 1962 1854 2029 δυσωπεῖ,

264 2050 338 2113 ὡς
378 2050 547 2118 μέγρι
582 2050 681 2118 τῆς
717 2050 910 2121 τρίτης
946 2052 1161 2121 ἡμέρας
1194 2054 1227 2122 ἠ
1264 2052 1409 2123 ψυχὴ
1442 2053 1502 2105 τὸ
1536 2055 1666 2109 ίδιον
1702 2056 1860 2126 σῶμα

265 2142 738 2207 ἐπισκέπτεται).
788 2142 886 2214 τὴν
939 2144 992 2196 δὲ
1050 2144 1304 2215 Λαζάρου
1356 2145 1533 2216 ψυχὴν
1586 2148 1860 2218 μακρόθεν

264 2234 425 2287 ποθὲν
473 2234 911 2305 ἐκκαλούμενος,
969 2236 1212 2306 κέκραγε
1266 2238 1479 2311 μεγάλῃ
1526 2243 1698 2310 φωνῇ.
1752 2242 1861 2294 Καὶ

266 2328 455 2399 ἐπειδὴ
485 2328 782 2407 προείρηκε
807 2332 917 2393 τοῖς
950 2330 1249 2395 Ἰουδαίοις,
1283 2352 1300 2382 ι
1328 2331 1449 2385 ’Ὀτι
1476 2331 1695 2401 ἔρχεται
1719 2332 1859 2404 ὥρα,

265 2423 357 2474 καὶ
394 2422 493 2474 νῦν
534 2423 705 2485 ἔστιν,
741 2422 827 2475 ὅτε
869 2424 920 2476 oi
958 2424 1145 2495 νεκροὶ
1182 2425 1506 2479 ἀκούσονται
1543 2426 1642 2489 τῆς
1677 2427 1863 2496 φωνῆς

263 2513 355 2567 τοῦ
400 2513 532 2566 Υξοῦ
572 2514 668 2567 τοῦ
709 2513 867 2578 Θεοῦ,
907 2517 1001 2569 καὶ
1043 2518 1092 2568 oi
1136 2516 1465 2581 ἀκούσοντες
1512 2516 1792 2587 ζήσονται,
1838 2537 1857 2570 ι

266 2603 469 2673 πληροῖ
504 2605 565 2656 τὸ
611 2605 939 2673 ἐπάγγελμα
966 2622 979 2635 ·
1026 2605 1120 2659 καὶ
1164 2605 1251 2660 διὰ
1287 2607 1385 2676 τῆς
1429 2606 1637 2678 ὑψηλῆς
1678 2612 1865 2680 φωνῆς

266 2696 407 2767 ζωὴν
435 2697 515 2767 τῷ
546 2698 790 2767 κειμένῳ
820 2697 1129 2769 χαρίζεται,
1161 2700 1249 2752 ἵνα
1280 2702 1471 2753 εἰδεῖεν
1489 2701 1592 2765 ὅτι,
1616 2700 1805 2773 ὥσπερ
1838 2704 1866 2756 ὁ

270 2792 461 2861 Πατὴρ
481 2831 496 2855 ,
540 2790 683 2843 οὕτω
715 2792 811 2844 καὶ
841 2792 869 2844 ὁ
923 2791 1082 2855 Υἱὸς,
1109 2791 1203 2855 οὓς
1236 2792 1378 2847 θέλει
1410 2794 1684 2857 ζωοποιεῖ.
1715 2794 1865 2864 Αὕτη

266 2886 298 2952 ἡ
330 2885 489 2953 φωνὴ
523 2884 775 2936 σαλπίσει
807 2886 864 2936 ὲν
892 2888 957 2955 τῇ
994 2886 1196 2957 ἐσχάτῃ
1261 2887 1444 2959 ἡμέρᾳ
1470 2889 1564 2941 καὶ
1597 2890 1645 2941 οἱ
1680 2890 1866 2959 νεκροὶ

265 2980 689 3047 ἀναστήσονται.
726 2979 880 3048 Τάχα
925 2980 982 3032 δὲ
1032 2981 1126 3033 καὶ
1163 2980 1225 3033 τὸ
1270 2982 1515 3051 ἐνεργὸν,
1556 2985 1649 3035 καὶ
1698 2984 1862 3051 μέγα,

1967 488 2175 543 Martha
2207 488 2560 559 opinabatur,
2593 489 2687 543 sed
2722 508 2739 541 ι
2780 487 2929 553 Scio,
2962 487 3161 556 inquit,
3191 488 3317 556 quia
3343 501 3559 554 semper

1967 595 2055 635 me
2100 583 2278 648 audis,
2322 600 2339 633 ι
2376 591 2561 650 utpote
2609 580 3127 636 consubstantialem
3175 579 3409 646 Filium;
3456 596 3556 633 nec

1967 675 2098 729 mihi
2146 674 2463 744 precatione
2496 691 2633 744 Opus
2663 685 2768 737 est,
2798 675 2892 728 sed
2936 684 3157 743 pr0pter
3191 674 3552 725 circumstan-

1928 832 1929 835 η
1969 775 2073 821 tem
2111 768 2363 837 populum
2401 770 2512 822 haec
2551 769 2691 833 dico,
2723 778 2781 821 ut
2816 769 2993 823 Patris
3026 778 3077 818 et
3117 766 3234 819 Filii
3268 767 3546 835 aequalita-

1968 865 2077 912 tetn
2128 858 2448 928 intelligant.
2487 857 2582 913 His
2627 858 2791 912 etiam
2825 858 3005 912 verbis
3054 872 3150 909 uos
3183 857 3458 920 admouet,
3495 867 3552 909 ut

1965 962 2063 1017 per
2094 964 2285 1018 preces
2313 950 2605 1018 propitium
2638 948 2795 1003 nobis
2827 949 2990 1003 Deum
3021 948 3238 1002 assidue
3262 948 3551 1010 faciamus,

1964 1050 2020 1094 et
2054 1040 2255 1095 mentis
2282 1042 2497 1096 oculum
2527 1056 2557 1094 a
2589 1040 2819 1096 terrenis
2845 1039 3267 1109 cogitationibus
3293 1041 3358 1093 ad
3388 1040 3555 1095 ecete-

1965 1138 2068 1193 stia
2100 1138 2512 1208 contemplanda
2548 1139 2842 1209 erigamus.

2043 1252 2063 1286 ι
2114 1232 2240 1289 Haec
2292 1250 2416 1289 eum
2474 1236 2742 1298 dixisset.
2798 1251 2932 1291 voce
2988 1252 3180 1307 magna
3232 1236 3489 1291 clamavit
3534 1251 3550 1289 :

1969 1324 2191 1393 Lazare,
2246 1328 2366 1381 veni
2398 1327 2568 1383 foras.
2607 1347 2626 1380 ›
2669 1328 2732 1382 Et
2768 1344 2891 1383 cum
2933 1326 3068 1382 Jairi
3113 1328 3277 1382 ﬁliam
3341 1328 3547 1380 excita-

1966 1419 2065 1480 vit,
2094 1429 2148 1472 et
2179 1434 2299 1473 cum
2336 1419 2512 1474 viduae
2549 1420 2717 1474 ﬁlium
2762 1423 2947 1475 vivum
2982 1421 3238 1483 restituit,
3269 1434 3375 1473 nou
3420 1418 3553 1487 legi-

1968 1520 2054 1564 tur
2084 1526 2215 1565 voce
2250 1528 2441 1581 magna
2473 1511 2764 1578 clamasse,
2800 1515 2893 1568 sed
2937 1528 3099 1567 manu
3132 1528 3225 1565 eos
3261 1523 3468 1574 tenens,
3499 1518 3556 1562 et

1966 1604 2175 1658 modica
2203 1620 2333 1660 usus
2360 1621 2512 1671 voce,
2552 1605 2628 1660 illi
2658 1606 2879 1675 quidem
2905 1624 2919 1661 :
2952 1625 2970 1657 ι
3009 1605 3211 1667 Puella,
3237 1620 3396 1673 surge
3427 1604 3494 1667 ",
3528 1620 3548 1654 ι

1966 1696 2091 1751 huic
2119 1711 2268 1762 vero,
2310 1714 2329 1749 ι
2379 1698 2499 1753 Tibi
2549 1700 2692 1763 dico,
2721 1714 2881 1768 surge
2915 1700 2982 1764 ⁵⁸,
3023 1717 3044 1751 ι
3099 1699 3186 1753 hic
3226 1711 3355 1751 vero
3391 1696 3553 1749 vehe-

1966 1791 2202 1845 mentius
2250 1790 2529 1846 clamavit.
2566 1791 2705 1859 Quid
2739 1794 2882 1847 hoc?
2915 1792 3071 1859 Quod
3114 1807 3305 1846 eorum
3340 1792 3429 1860 qui
3465 1803 3555 1844 re-

1961 1899 2091 1938 cens
2125 1895 2281 1938 erant
2316 1884 2512 1939 mortui
2550 1886 2686 1954 (99),
2721 1886 2895 1940 vicina
2916 1885 3317 1953 quodammodo
3339 1883 3552 1948 corpori

1960 1984 2078 2029 erat
2106 1976 2285 2028 anima
2318 1976 2509 2045 (terret
2537 1977 2681 2030 enim
2716 1992 2815 2029 nos
2850 1976 3094 2030 horribili
3124 1981 3306 2042 specie
3335 1988 3435 2027 vox
3466 1972 3553 2026 illa

1964 2066 2206 2134 Patrum,
2232 2068 2374 2136 quod
2400 2068 2653 2121 nimirum
2679 2070 2745 2122 ad
2772 2067 2992 2121 tertium
3018 2082 3185 2136 usque
3209 2066 3349 2119 diem
3373 2064 3552 2119 anima

1963 2159 2237 2228 preprium
2261 2174 2461 2229 corpus
2484 2159 2718 2229 invisit),
2756 2158 2945 2213 Lazari
2977 2174 3108 2212 vero
3142 2159 3379 2211 animam
3415 2154 3556 2208 velut

1962 2263 1991 2301 e
2038 2248 2333 2318 longinquo
2374 2250 2679 2312 revocarit,
2728 2249 2984 2304 clamavit
3033 2262 3164 2302 voce
3225 2261 3440 2313 magna.
3492 2242 3556 2295 Et

1923 2324 2216 2408 [quoniam
2270 2344 2596 2412 przedixet'at
2650 2343 2871 2405 .Iudaais,
2928 2361 2947 2394 ι
2988 2340 3142 2405 Quod
3193 2341 3338 2393 venit
3396 2340 3549 2396 hora,

1965 2443 2020 2487 et
2060 2449 2201 2493 nunc
2236 2443 2357 2496 est,
2413 2435 2633 2504 quando
2689 2436 2885 2488 mortui
2937 2433 3157 2487 audient
3189 2447 3372 2487 vocem
3434 2428 3550 2483 Filii

1966 2524 2099 2588 Dei,
2151 2535 2200 2578 ct
2254 2527 2344 2594 qui
2404 2526 2700 2589 audierint,
2738 2526 2923 2581 vivent
2957 2526 3024 2590 ⁸³,
3071 2543 3091 2576 ι
3144 2524 3553 2593 pmdictionem

1967 2616 2175 2684 implet,
2211 2624 2325 2670 tum
2373 2620 2539 2671 etiam
2593 2633 2691 2687 per
2736 2617 2899 2670 altam
2955 2616 3097 2670 illam
3150 2631 3336 2669 νοουιιι
3390 2615 3555 2668 vitam

1970 2708 2172 2762 homini
2216 2706 2327 2776 jam
2364 2709 2614 2779 deposito
2656 2709 2902 2773 redouat,
2939 2719 2997 2763 ut
3035 2709 3361 2776 intelligant,
3411 2708 3555 2777 quod

1966 2801 2107 2856 sicut
2137 2800 2320 2865 Pater,
2352 2802 2423 2855 ita
2472 2811 2526 2855 et
2574 2801 2766 2866 Filius,
2814 2802 3091 2872 quosvult
3141 2802 3401 2856 vivificat.
3437 2800 3559 2854 Haec

1968 2908 2071 2947 vox
2114 2893 2387 2948 resonabit
2435 2904 2685 2949 extremo
2734 2894 2842 2955 die,
2891 2904 2946 2947 et
2995 2893 3191 2947 mortui
3247 2901 3557 2961 resurgeut.

1970 2984 2245 3040 Fortassis
2275 2986 2437 3040 etiam
2470 2985 2874 3051 elﬁcai-itatem,
2908 2995 2961 3040 et
2997 2986 3128 3050 vim,
3160 2994 3214 3039 et
3260 2985 3557 3054 potentiam

266 3067 446 3120 καὶτὸ
483 3068 701 3138 ἰσχυρὸν
726 3068 820 3121 τοῦ
852 3068 1011 3137 λόγου
1045 3071 1286 3140 σημάναι
1316 3071 1647 3142 βουλόμενός
1675 3091 1863 3143 φησιν,

1970 3078 2225 3148 loquendi
2274 3078 2581 3148 significare
2634 3078 2974 3149 Evatigelista
3025 3079 3235 3145 volens,
3291 3077 3559 3132 clamasse

264 3160 338 3221 ὡς
364 3160 681 3229 ὲκραύγασε
719 3164 870 3232 φωνῇ
903 3161 1111 3234 μεγάλῃ
1133 3179 1148 3194 ο
1186 3162 1423 3235 τοσαύτη
1463 3164 1572 3234 γάρ
1611 3182 1693 3227 τις
1719 3161 1787 3235 ἦν
1810 3169 1866 3219 ὲν

263 3254 327 3320 τῇ
362 3254 522 3320 φωνῇ
554 3252 586 3319 ἡ
622 3252 794 3320 ἰσχὺς,
836 3251 976 3304 ὥστε
1018 3252 1256 3325 παρείθη
1294 3254 1393 3318 μὲν
1435 3255 1529 3308 τοῦ
1558 3256 1687 3326 ᾅδου
1715 3259 1747 3327 ἡ
1778 3256 1868 3308 δύο

266 3358 451 3412 ναμις,
488 3344 522 3412 ἡ
552 3341 698 3413 ψυχὴ
730 3344 787 3395 δὲ
822 3342 1016 3397 θᾶττον
1048 3346 1110 3397 ὲκ
1129 3343 1238 3398 τῶν
1262 3346 1503 3400 νεκάδων
1534 3347 1783 3418 ἁνέθορε,
1809 3348 1870 3401 τὸ

268 3436 319 3488 δὲ
348 3435 607 3489 διαλυθὲν
637 3437 738 3508 ήδη
773 3437 935 3508 σῶμα
968 3438 1203 3509 ἰσχυρῶς
1234 3456 1293 3492 τε
1327 3440 1629 3510 ὲτετόνητο,
1663 3441 1756 3495 καὶ
1784 3442 1873 3496 διὰ

335 3566 380 3598 ³¹
416 3564 616 3620 Matth.
663 3580 742 3629 ιι,
787 3565 881 3621 25.
958 3566 1003 3599 ⁵³
1046 3565 1175 3622 an.
1214 3581 1313 3635 vn,
1362 3568 1448 3623 M.

1970 3185 2101 3226 voce
2134 3186 2327 3240 magna
2372 3171 2523 3227 dicit.
2557 3170 2727 3226 Tanta
2758 3174 2902 3227 enim
2938 3172 2992 3225 iu
3028 3170 3115 3226 illa
3151 3186 3284 3226 voce
3320 3170 3403 3224 vis
3434 3168 3557 3234 fuit,

1971 3272 2029 3317 ut
2062 3274 2116 3318 et
2148 3263 2446 3318 inferorum
2485 3265 2721 3333 potentia
2777 3264 3013 3319 refracta
3050 3263 3141 3328 sit,
3168 3272 3221 3318 et
3250 3264 3434 3318 anima
3463 3277 3561 3318 ce-

1970 3352 2160 3407 leritcr
2188 3370 2253 3409 ex
2290 3356 2519 3410 mortuis
2550 3354 2852 3418 exsiluerit,
2887 3369 3088 3424 corpus
3118 3368 3246 3409 vero
3270 3353 3381 3423 jam
3411 3366 3564 3407 reso-

1973 3444 2142 3499 lutunt
2172 3456 2611 3519 coagmentatum
2653 3447 2814 3503 fuerit
2844 3457 2901 3502 et
2926 3448 3347 3512 conﬁrmatum;
3379 3445 3562 3513 itaque

1526 3569 1573 3602 ⁸³
1608 3568 1763 3622 Joan.
1791 3586 1845 3630 v,
1872 3569 1962 3625 ‘25.

1512 3686 1831 3749 Francisci
1878 3688 2087 3749 Scorsi
2128 3696 2319 3752 noue.

273 3796 450 3851 Simul
512 3802 677 3848 etiam
731 3791 967 3847 ostendit
997 3807 1057 3847 se
1111 3807 1220 3847 non
1270 3793 1429 3854 modo
1487 3804 1542 3846 ut
1594 3795 1869 3847 hominem

276 3883 373 3921 non
401 3880 529 3919 esse
562 3865 898 3917 contrarium
960 3862 1087 3916 Deo.
1132 3865 1222 3915 sed
1252 3873 1305 3912 ut
1344 3862 1433 3915 Dei
1467 3862 1661 3916 Filiqu
1705 3864 1779 3917 illi
1810 3878 1869 3919 se

275 3937 537 4007 a-qualem
564 3950 707 3998 esse,
740 3948 859 4007 cum
884 3934 960 3985 ait
998 3950 1013 4007 ς
1053 3933 1190 4007 Quia
1220 3948 1424 4000 semper
1452 3949 1531 3986 me
1555 3936 1735 3998 audis,
1770 3949 1869 3987 nec

278 4002 526 4075 indigere
582 4006 895 4075 precatione
946 4005 1012 4057 ad
1070 4002 1306 4065 Patrem,
1359 4007 1453 4057 sed
1497 4014 1720 4072 propter
1760 4008 1869 4059 cir-

276 4074 644 4133 cutitstaiitetn
680 4074 937 4143 populum
974 4075 1158 4127 eauti.

367 4147 467 4210 99)
510 4144 663 4209 Quod
696 4159 894 4206 eorum,
930 4144 1022 4213 qui
1074 4160 1250 4199 recens
1297 4155 1444 4199 erant
1485 4145 1699 4197 mortui.
1756 4143 1865 4198 Cur

277 4219 530 4272 Christus
557 4230 748 4282 magna
775 4229 907 4268 voce
942 4217 992 4267 iu
1015 4216 1319 4269 revocando
1345 4217 1414 4269 ab
1437 4214 1629 4267 inferis
1661 4214 1868 4270 Lazaro

277 4303 405 4341 usus
441 4287 541 4348 sit,
570 4298 792 4338 eauSam
842 4300 963 4338 eam
1000 4284 1233 4338 afferunt
1282 4286 1547 4345 nonnulli,
1590 4301 1654 4338 ex
1692 4288 1866 4337 inter-

277 4358 560 4425 pretibus,
612 4369 773 4422 quant
808 4356 988 4425 etiam
1046 4367 1230 4425 nostcr
1279 4355 1500 4425 Cornel.
1565 4370 1593 4407 a
1657 4355 1866 4423 Lapide

279 4424 468 4489 refert,
497 4436 555 4480 et
596 4425 737 4496 inter
768 4424 906 4496 alias
939 4424 1168 4490 recipit;
1207 4433 1264 4479 ut
1293 4424 1627 4496 significaret
1656 4426 1867 4479 scilicet

1974 3812 2090 3849 mea
2127 3796 2366 3850 editione
2397 3810 2750 3864 apponerem,
2790 3796 2935 3863 quod
2970 3810 3101 3849 sane
3129 3810 3195 3850 ex
3231 3812 3352 3851 meo
3386 3800 3559 3853 solum

1971 3882 2154 3929 sensu,
2195 3868 2446 3923 ummvis
2494 3867 2572 3919 sic
2625 3866 3045 3926 existitttassun,
3078 3867 3193 3917 sine
3234 3865 3336 3917 ulla
3374 3882 3564 3923 aucto-

1973 3938 2132 3989 ritate
2163 3936 2419 4003 alliugere
2472 3952 2577 3989 non
2612 3951 2791 3991 essem
2828 3951 3011 3989 ausus.
3050 3934 3243 3990 Fretus
3292 3938 3468 4002 itaque.
3496 3956 3560 3994 ea

1966 4008 2235 4075 scriptura
2255 4006 2320 4061 G.
2346 4008 2496 4069 cml.,
2528 4006 2605 4059 sic
2631 4021 2827 4059 Censeo
2858 4007 3140 4073 legendum
3173 4007 3317 4060 hunc
3345 4008 3517 4061 locum
3544 4026 3560 4073 ;

1967 4088 2173 4148 namet
2233 4078 2407 4148 facilis
2462 4075 2842 4148 scrﬂtentiest
2879 4077 3221 4148 notzeunins
3250 4079 3563 4148 interroga-

1978 4147 2143 4200 tionis
2174 4147 2432 4213 muissio;
2470 4155 2523 4199 et
2554 4143 2938 4213 Thraphanem
2983 4147 3180 4214 alioqui
3230 4143 3493 4208 doctum:
3512 4159 3568 4203 et

1979 4217 2067 4284 qui
2115 4218 2238 4270 aliis
2273 4218 2465 4271 harum
2510 4216 2859 4269 homiliarum
2919 4216 3052 4270 IOt‘iS
3100 4217 3302 4270 similes
3352 4218 3564 4273 fabulas

1979 4290 2183 4341 aeriter
2214 4287 2451 4341 refutare
2484 4287 2644 4350 solet,
2681 4296 2739 4337 ut
2786 4288 2931 4339 hom.
2971 4288 3043 4341 '55
3088 4288 3273 4340 videre
3305 4298 3412 4351 est,
3457 4304 3563 4342 nou

1978 4358 2214 4411 arbitror
2252 4358 2302 4409 id
2352 4373 2417 4411 ex
2475 4372 2573 4410 suo
2622 4356 2825 4410 dixisse
2873 4372 3175 4421 consensu;
3212 4372 3336 4411 cum
3375 4360 3566 4423 etiam,

1980 4431 2128 4482 hom.
2173 4428 2238 4479 de
2269 4427 2381 4482 filio
2403 4428 2577 4480 viduae
2626 4443 2796 4494 nuper
2833 4440 3064 4487 mortuo,
3103 4428 3436 4482 contrarittm
3467 4429 3569 4481 ilo-

273 4516 334 4553 se
364 4472 611 4551 animam
666 4494 854 4547 Lazari
895 4509 960 4547 ex
1014 4472 1308 4563 lo'ugi'nquo
1343 4472 1439 4548 Det
1472 4505 1685 4549 remoto
1727 4495 1867 4558 loco,
1898 4472 1952 4531 Β
1978 4506 2115 4559 cent,
2151 4498 2389 4550 animam
2439 4498 2656 4549 scilicet
2703 4472 2856 4548 lillius
2907 4512 2971 4550 ex
3021 4472 3395 4549 subterraneis
3432 4498 3568 4551 loris

276 4582 332 4622 ut
362 4580 498 4637 pota
530 4581 597 4637 ex
630 4564 796 4618 limbo
827 4565 1065 4637 Patroni
1108 4576 1163 4637 et
1192 4576 1393 4637 centro
1422 4575 1579 4637 terra:
1615 4580 1872 4637 evocare.

275 4634 726 4707 Tlieophylactus
784 4635 949 4707 etiam
997 4634 1201 4707 aliquid
1258 4636 1429 4707 addit_
1464 4634 1762 4707 singulare,
1814 4646 1875 4707 ut

276 4704 543 4763 nimirum
600 4721 694 4758 ora
725 4704 1009 4774 gentilium
1056 4704 1356 4774 refrenaret
1404 4704 1764 4760 fabulantiqu
1818 4705 1871 4759 iu

278 4776 506 4833 tumulis
540 4790 661 4830 esse
691 4773 903 4829 animas
939 4775 1043 4828 vita
1076 4773 1455 4830 defunctorum
1494 4791 1509 4827 :
1544 4790 1669 4828 nam
1713 4776 1871 4844 quasi

276 4850 418 4906 foris
476 4861 601 4900 eam
663 4848 893 4901 advocat
953 4860 1050 4913 per
1114 4845 1433 4902 clamorem.
1499 4844 1872 4913 Eamdemque

278 4923 458 4975 ferme
504 4931 726 4970 causam
781 4916 869 4969 hic
928 4916 1289 4982 Theophanes
1323 4930 1445 4970 cum
1497 4916 1711 4969 caeteris
1754 4931 1874 4984 quae

279 4988 423 5045 infra
454 4988 723 5056 congerit,
755 4986 999 5039 adducit.
1026 4985 1133 5040 Sed
1164 4997 1218 5040 et
1254 4987 1429 5040 innuit
1479 4986 1643 5039 alium
1674 5000 1870 5056 quem-

278 5064 404 5117 dam
435 5055 677 5111 errorem
711 5057 795 5109 vel
842 5056 1040 5109 anilem
1098 5057 1369 5119 fabellam,
1415 5057 1557 5125 quod
1604 5056 1744 5109 intra
1776 5055 1872 5108 tri-

276 5135 449 5187 quam
467 5127 1083 5193 demortuorunranimar
1097 5128 1373 5194 preprium
1389 5141 1588 5193 corpus
1607 5127 1869 5188 revisant,

276 5218 343 5257 eo
372 5206 599 5271 peracto
644 5197 859 5271 longius
909 5198 1227 5271 abscedant.
1274 5198 1379 5271 S_ed
1422 5211 1693 5271 eaut_u_o_n
1728 5195 1873 5271 allii-

279 5265 483 5325 maiido
512 5268 715 5330 inttuit,
756 5268 852 5320 sed
894 5265 1180 5321 referendo
1229 5267 1403 5321 solum
1453 5278 1507 5320 et
1544 5266 1865 5330 dubitando,

276 5346 409 5410 quin
445 5342 610 5394 etiam
644 5336 915 5410 negando,
957 5338 1002 5410 si
1039 5352 1137 5406 per
1170 5336 1652 5410 interrogationem
1687 5337 1872 5410 lcgan-

278 5406 368 5467 tur
399 5425 466 5466 ea
501 5411 682 5473 verba,
710 5407 834 5460 Ὀτι
877 5407 1103 5460 ἐκείνων
1131 5407 1461 5477 προσφάτως
1505 5406 1870 5476 τεθνηκότων,

278 5497 456 5550 usque
487 5484 555 5533 ad
595 5477 1022 5550 ἐκκαλούμενος,
1056 5478 1121 5531 Ει
1179 5478 1395 5545 quidem
1433 5477 1875 5550 per‘interroga-

279 5546 486 5607 tionem
512 5563 641 5606 esse
690 5546 944 5615 legenda,
976 5557 1161 5602 mouet
1205 5552 1485 5615 exemplar
1518 5547 1638 5601 Gal.
1680 5546 1731 5599 in
1763 5562 1872 5614 quo

280 5622 531 5691 apposita
588 5618 945 5691 interrogatio
996 5619 1063 5671 ad
1094 5619 1337 5691 Δνει-ιιιιιιι
1364 5657 1380 5682 ,
1418 5615 1869 5691 ἐκκαλούμενος,

277 5685 404 5747 licet
448 5706 571 5745 eam
621 5703 724 5742 non
758 5685 1050 5755 prieferant
1091 5688 1147 5743 P.
1192 5699 1249 5743 et
1287 5685 1353 5741 γ.
1403 5690 1563 5743 codd.
1596 5685 1689 5741 sed
1739 5688 1875 5742 satis

280 5762 443 5820 habui
491 5760 657 5818 unius
708 5758 832 5815 cod.
876 5759 1295 5826 auctoritatem;
1346 5766 1401 5815 ut
1450 5773 1571 5817 eam
1620 5761 1785 5831 etiam
1814 5758 1873 5814 iu

1978 4569 2327 4626 diversatam,
2355 4567 2421 4621 ab
2442 4568 2507 4619 iis
2526 4585 2551 4618 ιι
2576 4566 2797 4619 Christo
2819 4567 2981 4619 fuisse
3005 4568 3411 4622 revocatam.'0
3443 4567 3567 4634 μὲν,

1977 4638 2153 4709 inquit
2184 4637 2279 4701 ibi,
2318 4638 2450 4709 ᾅδης
2479 4635 2703 4709 ἐλέλυτο
2723 4676 2739 4697 ,
2772 4638 2804 4705 ἡ
2828 4636 2885 4689 δὲ
2914 4635 3060 4709 ψυχὴ
3090 4638 3155 4688 ὲκ
3182 4636 3292 4687 τῶν
3325 4638 3568 4689 νεκάδων

1975 4707 2221 4775 ἁνέθορε.
2257 4706 2446 4761 solum
2470 4719 2593 4760 sunt
2622 4707 2908 4774 inferorum
2931 4706 3167 4759 claustra
3187 4745 3202 4767 ,
3233 4715 3283 4758 et
3318 4722 3383 4760 ea:
3429 4723 3571 4760 mor-

1979 4779 2083 4831 tuis
2116 4778 2379 4845 prosilivit
2434 4778 2645 4831 anima.
2691 4776 2823 4830 Vide
2868 4792 2988 4844 qua:
3049 4777 3120 4830 ibi
3188 4778 3568 4831 adnotavimus

1975 4856 2089 4902 not.
2123 4846 2218 4903 22.
2256 4845 2491 4901 Verbum
2528 4858 2708 4900 autem
2739 4846 2980 4899 δυσωπεῖ
3017 4862 3081 4900 eo
3112 4847 3291 4908 modo,
3336 4862 3443 4915 quo
3484 4857 3571 4901 est

1975 4935 2004 4971 a
2043 4919 2198 4970 uoltis
2225 4919 2521 4983 redditum,
2559 4926 2855 4983 usurpatur
2899 4917 2967 4971 ab
3016 4916 3139 4971 aliis
3188 4918 3568 4984 Scriptorihus,

1973 4998 2033 5042 ut
2066 5006 2094 5040 ιι
2128 4986 2421 5043 Plutarcho
2469 4990 2522 5040 iu
2556 4987 2758 5040 Solone
2789 5005 2804 5041 :
2840 4998 2900 5058 et!
2946 4986 3169 5058 etymol.
3213 4990 3443 5052 suadet;
3479 4987 3567 5040 di-

1976 5060 2118 5113 citur
2173 5059 2318 5111 enim
2376 5074 2403 5111 a
2447 5057 2821 5111 contrahenda
2878 5056 3077 5125 fronte,
3130 5058 3388 5110 nimirum
3444 5058 3569 5125 quia

1981 5128 2291 5196 huiusmodi
2330 5128 2522 5190 κακῶς
2580 5127 2927 5198 ἔχουσιντοὺς
2958 5121 3136 5190 ὦπας.
3171 5128 3399 5198 Etymol.
3456 5121 3574 5180 ma-

1976 5214 2139 5265 gnum
2185 5198 2577 5260 δυσωπεῖσθαι,
2615 5197 2951 5267 ὑφορᾶσθαι,
2974 5197 3257 5266 φοὸεἰσθαι
3291 5199 3409 5263 μεθ’
3437 5199 3570 5251 ὑπο-

1975 5269 2148 5334 νοίας,
2179 5270 2368 5323 terreri
2397 5284 2492 5334 per
2512 5269 2751 5337 aliquam
2772 5269 3160 5336 suspicionem.
3191 5270 3263 5321 Ex
3288 5270 3387 5322 hoc.
3407 5269 3573 5332 igitur

1977 5340 2252 5393 intellecut
2284 5339 2499 5393 Videtur
2530 5339 2603 5392 ita
2649 5338 3037 5407 pr0pemodum
3068 5337 3432 5406 Timophanes
3474 5353 3570 5402 per

1980 5410 2123 5462 illam
2168 5409 2775 5481 parentltesiurloqui;
2806 5407 2905 5462 Hic
2954 5422 2983 5462 a
3034 5408 3286 5481 Patribus
3331 5409 3571 5481 traditus

1979 5481 2136 5533 nobis
2169 5478 2371 5545 seruio,
2404 5478 2566 5531 veluti
2601 5480 2877 5548 quoddam
2910 5479 3120 5546 puerile
3156 5479 3571 5548 terriculamen-

1979 5560 2189 5606 tumet
2242 5547 2691 5621 φάντασμα,ιιοε
2724 5559 2987 5614 exterret,
3039 5548 3184 5618 quod
3204 5550 3277 5621 ad
3331 5547 3566 5599 triduum

1978 5636 2151 5700 usque
2204 5616 2403 5677 anima:
2456 5616 2697 5677 invisam
2744 5633 2999 5690 corpora,
3042 5616 3072 5671 a
3122 5616 3325 5688 quibus
3369 5629 3568 5671 exces-

1977 5700 2172 5747 δειιιιι.

3980 5438 3981 5511 l

3976 5640 3979 5719 l
