4042 6460
550 326 657 391 539

1762 309 2259 379 THEOPHANIS
2299 312 2643 376 CERAMEI

3682 318 3771 382 540

548 438 697 494 omni
728 454 792 495 ex
825 444 981 508 parte
1012 435 1306 509 perfectum
1342 434 1500 506 182
1533 446 1784 502 magnum
1822 432 1927 487 hoc
1963 429 2129 483 mira-

2247 426 2449 481 πάντων
2493 429 2727 482 ἐτελεῖτο
2767 427 2827 481 τὸ
2875 426 3018 499 μέγα
3056 426 3215 480 τοῦτο
3266 426 3460 497 θαῦμα,
3498 429 3585 483 καὶ
3626 431 3771 502 ὕπερ-

548 535 727 588 culum
765 533 993 594 exs1itit,
1061 530 1204 600 quod
1243 540 1361 584 erat
1394 543 1554 597 supra
1598 536 1846 581 naturam
1879 539 1940 578 ac
1975 537 2126 592 spem

552 627 932 681 constitutum.
972 623 1083 676 Non
1119 622 1263 676 enim
1295 634 1597 675 enremum
1632 617 1709 689 (l)
1741 615 1934 686 aliquis
1964 614 2130 684 spiri-

553 729 665 772 tum
697 733 860 788 agens
889 731 953 770 ex
987 716 1173 770 morbo
1214 714 1498 768 restitutus
1543 719 1648 775 est,
1695 718 1751 763 ut
1776 723 1907 778 puer
1937 717 2130 761 centu-

552 809 739 871 rionis,
774 823 947 876 neque
993 806 1167 875 puella
1202 820 1373 875 nuper
1419 804 1684 858 exstincta
1720 800 1910 869 recipit
1941 800 2129 861 vitam,

552 910 613 954 ut
658 899 1069 970 archisynagogi
1114 898 1258 965 ﬁlia;
1310 913 1485 966 neque
1550 896 1864 951 adolescens
1906 893 2130 965 jamjam

551 991 862 1044 inl'erendus
891 990 1093 1042 tumulo
1126 990 1178 1043 iu
1216 989 1483 1061 integrum
1517 998 1805 1042 revocatur
1832 1002 1896 1042 ex
1933 986 2129 1051 loculo,

549 1092 606 1135 ut
646 1082 699 1135 in
748 1082 967 1136 civitate
1010 1081 1186 1145 Naim,
1224 1083 1316 1135 sed
1352 1082 1433 1132 vir
1466 1081 1576 1147 jam
1623 1089 1750 1132 natu
1803 1077 2044 1146 grandis,
2077 1085 2132 1130 et

543 1174 867 1244 jampridem
911 1185 1180 1240 mortuus,
1219 1184 1566 1241 putrescento
1608 1172 1716 1241 jam
1751 1181 1910 1225 tcrrze
1940 1185 2132 1224 corro-

547 1269 723 1329 sione,
761 1282 825 1321 ac
876 1268 1181 1321 necessario
1228 1265 1495 1320 deﬂuente
1542 1280 1791 1336 corpore,
1842 1266 1908 1319 ad
1964 1265 2129 1316 vitam

553 1374 659 1412 uno
682 1359 830 1412 vocis
857 1358 1008 1427 jussu
1038 1360 1349 1421 revertitur,
1373 1369 1425 1413 et
1450 1358 1538 1425 qui
1566 1359 1764 1428 ligatus
1791 1365 1907 1411 erat
1935 1355 2134 1410 institis

552 1452 815 1517 prosilivit
849 1467 863 1506 :
903 1468 1025 1505 nam
1062 1451 1204 1519 quod
1238 1452 1502 1519 colligatis
1530 1453 1638 1521 jam
1670 1452 1919 1504 manibus
1980 1449 2131 1519 pedi-

551 1544 781 1610 busque,
812 1553 868 1596 et
913 1544 1131 1597 sudario
1180 1543 1431 1597 obvoluta
1486 1544 1644 1607 facie,
1692 1546 1834 1613 quod
1887 1543 2008 1603 hoc,
2047 1542 2133 1594 in-

552 1649 740 1702 quam,
776 1633 936 1687 modo
958 1636 1213 1702 expedite
1257 1635 1541 1688 ambularit
1580 1635 1839 1689 miraculo
1871 1634 1990 1697 fuit,
2026 1648 2130 1686 nou

553 1725 732 1776 minus
764 1739 925 1792 quam
961 1725 1346 1779 resurrexi-se.
1381 1727 1604 1780 Accedit
1638 1726 1800 1779 etiam
1833 1725 1960 1780 huic
1993 1724 2135 1779 facto

2235 515 2368 585 φυὲς
2422 518 2514 569 καὶ
2556 518 2898 573 ἀνέλπιστον.
2934 518 3011 573 Οὐ
3052 516 3161 587 γάρ
3200 518 3265 570 ἐκ
3304 519 3454 571 νόσου
3486 537 3564 583 τις
3599 522 3768 595 ἀνέστη

2234 609 2372 679 πρὸς
2406 610 2599 674 αὑταῖς
2634 608 2709 663 ὣν
2741 614 2863 674 ταῖς
2899 611 3158 680 ἐσχάταις
3190 611 3480 675 ἀναπνοαῖς
3500 653 3513 677 ,
3544 612 3613 676 ὼς
3641 615 3666 666 ὁ
3692 616 3771 670 τοῦ

2235 702 2632 772 ἑκατοντάρχου
2674 705 2837 768 παῖς,
2871 704 2995 757 οὐδὲ
3033 704 3373 766 ζωοποιεῖται
3410 704 3609 757 παιδίον
3640 707 3773 774 ἀρτι.

2237 794 2414 856 θανὲς,
2439 795 2513 857 ὡς
2537 795 2595 848 τὸ
2617 795 2707 847 τοῦ
2735 797 3183 866 ἀρχισυναγώγου
3213 796 3515 867 θυγάτριον,
3540 798 3651 851 οὐδὲ
3673 817 3779 851 νεα-

2238 885 2357 946 νίας
2392 885 2601 954 μέλλων
2628 886 2754 956 ἄρτι
2776 886 2852 956 τῷ
2874 886 3028 955 τάφῳ
3048 886 3419 957 προσάγεσθαι
3440 887 3591 939 πάλιν
3616 889 3673 940 ὲκ
3696 889 3778 958 τῆς

2242 976 2400 1043 σοροῦ
2426 976 2738 1041 ἀναλύεται,
2761 978 2836 1040 ὡς
2864 980 2922 1031 ἐν
2946 982 3012 1049 τῇ
3042 978 3193 1031 πόλει
3223 977 3383 1041 Ναῖν,
3412 978 3524 1031 ἀλλ’
3546 979 3671 1049 ἀνὴρ
3694 980 3782 1050 ἤδη

2240 1066 2462 1137 ἔξωρος,
2489 1068 2584 1121 καὶ
2606 1070 2798 1139 νεκρὸς
2818 1070 2985 1132 ἕωλος
3006 1069 3282 1139 μυδῶν-ξος
3300 1071 3356 1123 ἐν
3375 1069 3450 1139 τῷ
3473 1069 3659 1140 ὲὸρῶτι
3680 1069 3786 1141 [σα-

2240 1160 2365 1231 πρῷ
2383 1158 2427 1232 ?]
2448 1160 2546 1230 τῆς
2566 1160 2689 1230 γῆς,
2709 1164 2801 1215 καὶ
2818 1162 3201 1226 διαπίπτοντος
3224 1164 3314 1216 ὑπ’
3336 1164 3573 1231 ἀνάγκης
3589 1162 3673 1215 τοῦ
3693 1162 3783 1215 σώ-

2244 1268 2410 1321 ματος
2428 1254 2524 1323 μιᾷ
2539 1252 2732 1322 κλήσει
2747 1254 2882 1324 πρὸς
2900 1254 2996 1325 τὴν
3013 1254 3157 1323 ζωὴν
3170 1255 3550 1324 ἐπανέρχεται,
3564 1254 3788 1307 καὶόκει·

2243 1343 2388 1410 ρίαις
2410 1344 2691 1414 δεδεμένος
2721 1346 3008 1415 ἐφήλλατο.
3038 1347 3111 1399 Τὸ
3129 1348 3236 1416 γὰρ
3249 1346 3491 1399 δεδέσθαι
3509 1347 3683 1416 χεῖρας
3709 1347 3787 1398 καὶ

2243 1435 2426 1499 πόδας,
2457 1436 2550 1487 καὶ
2582 1436 2850 1507 σουδαρίῳ
2881 1438 3220 1504 κεκαλύφθαι
3244 1440 3344 1506 τὴν
3378 1437 3519 1507 ὄψιν,
3544 1440 3629 1490 καὶ
3658 1438 3787 1507 βαδί-

2242 1524 2356 1590 ζειν
2386 1528 2665 1596 τροχαλῶς
2688 1528 2857 1592 οὕτως
2898 1529 3109 1600 ἔχοντα,
3131 1529 3318 1599 θαῦμα
3340 1526 3405 1599 ἦν
3427 1530 3521 1599 οὐχ
3539 1525 3687 1600 ἦττον
3709 1533 3790 1600 τῆς

2243 1620 2612 1683 ἀναστάσεως.
2644 1622 2911 1689 Πρότεστι
2935 1621 3011 1690 τῷ
3038 1623 3323 1692 πράγματι
3357 1622 3449 1675 καὶ
3501 1622 3622 1677 ἄλλο
3645 1639 3792 1691 παρα-

2242 1713 2539 1783 δοξότερον.
2582 1713 2798 1782 Ἐπειδὴ
2838 1713 2945 1784 γὰρ
2986 1714 3105 1776 ἔθος
3137 1716 3245 1776 τοῖς
3288 1714 3564 1776 ’ίουδαῖοις
3604 1712 3792 1783 σμύρνῃ

553 1817 698 1871 aliud
750 1818 1004 1886 quiddam
1056 1818 1432 1872 admirabilius
1469 1836 1484 1873 :
1516 1819 1770 1887 quoniam
1824 1820 1969 1871 enim
2025 1833 2140 1871 mos

2247 1808 2340 1859 καὶ
2380 1806 2511 1877 ἀλόῃ
2556 1805 2904 1874 ἐνταφιάζειν
2943 1808 3021 1870 είς
3060 1807 3121 1859 τὸ
3163 1806 3446 1878 διαρκέσαι
3488 1806 3554 1859 τά
3595 1805 3795 1876 σώματα

551 1908 755 1963 Judmis
784 1918 902 1963 erat
957 1911 1174 1979 myrrha
1205 1922 1259 1964 et
1290 1910 1411 1964 oleo
1445 1911 1659 1964 comlita
1701 1926 1929 1979 corpora
1972 1924 2141 1977 sepe-

554 2000 675 2065 lire,
702 2011 760 2053 ut
786 2001 989 2056 diutius
1011 2016 1162 2054 serva
1174 2013 1393 2060 rentur:
1420 2003 1532 2057 inec
1553 2012 1731 2055 autem
1760 2005 1969 2058 tenacia
1993 2010 2139 2065 sunt,

553 2102 610 2146 et
657 2091 871 2147 dilﬁcile
932 2094 1363 2160 reglutiuantur;
1417 2095 1687 2160 conjicere
1743 2095 1870 2150 hinc
1923 2105 2142 2165 oportet

553 2189 756 2248 quanta
801 2181 885 2235 vis
923 2184 1212 2235 verborum
1268 2182 1454 2247 fuerit,
1488 2199 1603 2250 qum
1656 2185 1769 2237 haec
1821 2185 1871 2237 in
1914 2198 2144 2254 corpore

552 2274 789 2331 secrevit
819 2274 999 2329 omnia
1033 2293 1046 2328 :
1076 2275 1276 2329 idcirco
1304 2277 1444 2328 enim
1472 2278 1538 2330 ab
1565 2276 1668 2329 illis
1697 2277 1827 2345 ipsis
1862 2277 1993 2331 solvi
2019 2293 2140 2330 eum

554 2365 647 2434 qui
696 2365 988 2431 revixerat,
1019 2366 1172 2434 jubet
1207 2385 1219 2419 :
1255 2386 1273 2417 t
1319 2366 1541 2431 Solvite,
1581 2368 1851 2433 inquiens,
1881 2369 2042 2432 hunc,
2088 2377 2144 2423 et

554 2455 723 2511 sinite
753 2456 924 2521 abire,
968 2477 984 2507 ι
1023 2467 1077 2509 ιιι
1120 2459 1298 2512 nullus
1345 2460 1701 2514 incredulitati
1751 2460 2144 2528 relinqueretur

552 2548 728 2613 locus,
759 2564 879 2601 cum
929 2550 1168 2604 omnium
1221 2566 1474 2605 sensuum
1512 2554 1822 2607 testin'Ouio
1852 2554 2143 2607 conﬁrma-

553 2650 760 2695 rentur.
804 2640 1022 2709 l‘ropria
1060 2642 1276 2711 quidem
1312 2658 1464 2707 voce,
1505 2660 1607 2712 qua
1660 2644 1963 2713 sepulcrum
2000 2643 2142 2697 indi-

554 2740 745 2785 cantes
783 2733 1032 2785 dixerant
1069 2751 1082 2786 :
1126 2751 1145 2784 ι
1183 2732 1338 2795 Veni,
1385 2744 1438 2787 et
1467 2734 1607 2797 vide,
1648 2753 1666 2784 ι
1706 2735 1820 2787 visu
1858 2749 1987 2788 vero
2016 2749 2140 2787 cum

556 2821 878 2887 agnoverint
911 2832 1210 2884 mortuum,
1247 2823 1656 2892 redivivumque
1686 2824 2013 2893 spcctarinl;
2046 2839 2142 2875 au-

554 2911 670 2967 ditu
698 2925 983 2980 prmterea.
1006 2930 1132 2969 cum
1166 2931 1415 2985 magnam
1454 2916 1597 2970 illam
1652 2926 1705 2969 et
1733 2918 1915 2970 auditu
1946 2914 2143 2969 facilli-

556 3018 701 3056 mam
748 3007 1089 3073 perceperiut
1112 3021 1298 3060 vocem
1350 3023 1365 3060 :
1416 3024 1435 3057 ι
1475 3007 1695 3069 Lazare,
1745 3006 1862 3060 veni
1900 3007 2082 3073 foras;
2115 3028 2132 3060 ι

2240 1899 2351 1951 τῶν
2385 1900 2630 1970 νεκρῶν,
2669 1901 2968 1971 κολλητικὰ
3005 1900 3063 1953 δὲ
3123 1900 3304 1953 ταῦτα
3351 1898 3442 1951 καὶ
3477 1899 3797 1952 δυσαπόσπα-

2242 2007 2378 2044 στα·
2415 1992 2780 2063 στοχάσασθαι
2822 1993 3091 2060 προσήκει
3129 1992 3272 2061 πόση
3310 2008 3393 2054 τις
3434 1987 3501 2062 ἦν
3533 1974 3620 2044 τοῦ
3658 1989 3795 2058 λόγου

2242 2085 2275 2154 ἡ
2307 2084 2536 2152 δύναμις
2566 2086 2599 2154 ἡ
2630 2084 2802 2138 ταῦτα
2834 2083 3034 2156 ῥαδίως
3061 2082 3156 2137 τοῦ
3188 2083 3447 2152 σώματος
3477 2080 3797 2149 διακρίνασα.

2242 2178 2341 2229 Διά
2369 2177 2529 2230 τοῦτο
2562 2178 2668 2246 γάρ
2702 2177 2901 2239 αὐτοὺς
2937 2176 3180 2238 ἐκείνους
3212 2174 3377 2228 λῦσαι
3407 2175 3493 2227 τὸν
3524 2173 3796 2228 ἀναϐεϐιω-

2242 2271 2378 2325 κότα
2420 2270 2697 2324 ἐπιτάττει
2741 2268 2947 2323 είπὼνο
2997 2288 3015 2320 t
3050 2269 3265 2322 Λύσατε
3316 2268 3506 2331 αύτδν,
3543 2268 3628 2320 καὶ
3656 2266 3801 2333 ἄφετε

2246 2364 2502 2432 ὑπάγειν,
2549 2362 2664 2424 ιὼς
2706 2363 2770 2415 ἂν
2809 2363 2882 2433 μὴ
2926 2362 3178 2415 ἀπιστεῖν
3229 2360 3399 2430 ἔχωσι
3443 2357 3800 2429 βεϐαιωθέντες

2244 2457 2331 2509 διὰ
2365 2457 2551 2510 πασῶν
2580 2456 2689 2510 τῶν
2718 2457 3046 2526 αἰσθήσεων.
3076 2455 3178 2508 Διά
3214 2455 3320 2522 μὲν
3350 2454 3447 2523 τῆς
3478 2454 3670 2514 οἰκείας
3700 2468 3799 2519 φω-

2243 2549 2371 2619 νῆς,
2406 2543 2473 2620 ἦς
2507 2548 2599 2601 τὸν
2633 2550 2804 2616 τάφον
2842 2546 3259 2609 ὑποδεικνύντες
3304 2547 3487 2613 ἔλεγον
3517 2561 3530 2575 ο
3565 2564 3582 2596 t
3622 2544 3801 2612 Ἔρχου

2248 2646 2337 2697 καὶ
2370 2644 2468 2706 ίδε,
2496 2661 2515 2694 ι
2540 2642 2628 2696 διὰ
2658 2642 2713 2695 δὲ
2744 2641 2845 2711 τῆς
2876 2641 3075 2710 ὅψεως,
3113 2641 3208 2693 καὶ
3238 2640 3336 2693 τὸν
3368 2638 3556 2707 νεκρὸν
3583 2639 3801 2702 ἐπεγνω-

2245 2738 2399 2801 κότες
2435 2737 2527 2790 καὶ
2558 2735 2655 2807 τὴν
2690 2735 2985 2789 ἀνάστασιν
3018 2732 3386 2804 θεασάμενοι,
3417 2733 3505 2787 διὰ
3536 2734 3626 2801 τῆς
3655 2728 3801 2794 ἀκοῆς

2241 2826 2341 2894 τῆς
2370 2824 2614 2893 μεγάλης
2649 2826 2743 2877 καὶ
2795 2824 3172 2894 γεγωνοτέρας
3200 2823 3583 2885 ὲνωτισθέντες
3607 2820 3800 2889 φωνῆς’

2246 2936 2264 2969 t
2303 2917 2549 2987 Λάζαρε,
2580 2916 2743 2986 δεῦρο
2773 2915 2901 2981 ἔξω,
2936 2934 2953 2965 ι
2983 2915 3070 2968 διὰ
3099 2915 3197 2984 τῆς
3219 2916 3544 2986 ὀσφρήσεως
3573 2913 3663 2979 τῆς
3695 2911 3801 2963 δνσ-

2239 3006 2404 3073 ωδίας
2446 3009 2504 3061 ὲν
2545 3008 2620 3078 τῷ
2660 3009 2839 3078 αῐρειν
2878 3007 2978 3077 τὴν
3017 3007 3166 3061 λίθον
3209 3009 3547 3077 αἰσθόμενοι,
3583 3009 3643 3075 τῇ
3681 3006 3797 3072 ἀφῇ.

554 3094 781 3158 olfactu,
800 3112 922 3149 cum
964 3098 1178 3153 sublato
1203 3098 1379 3167 lapide
1404 3100 1824 3166 graveolentiam
1842 3102 2137 3171 persensis-

2247 3100 2460 3163 λύοντες
2488 3101 2578 3153 τὸν
2604 3100 2886 3170 δεδεμένον
2915 3101 3103 3171 χεῖρας
3121 3100 3214 3153 καὶ
3248 3099 3549 3165 πόδα;,καὶ
3567 3093 3803 3165 σουδαρίῳ

555 3195 713 3250 sent;
748 3197 889 3242 tactu
922 3190 1163 3256 domum,
1197 3205 1320 3245 cum
1351 3191 1626 3246 solverent
1660 3207 1781 3245 eum
1816 3193 1906 3262 qui
1952 3208 2142 3246 manus

556 3281 831 3351 pedesque
879 3284 1151 3338 revinctos
1229 3294 1283 3338 et
1346 3285 1539 3339 faciem
1600 3286 1818 3341 sudario
1871 3286 2140 3341 obtectam

558 3372 812 3427 habebat.
844 3372 1036 3442 Magna
1083 3376 1244 3444 igitur
1280 3376 1366 3431 illa
1400 3393 1501 3433 vox
1549 3378 1947 3449 praedicationis
1978 3395 2145 3435 evan-

557 3463 747 3534 gelicae
793 3464 1120 3535 signiﬁcatio
1156 3468 1276 3529 fuit,
1312 3485 1409 3537 per
1457 3485 1617 3539 quam
1667 3474 1900 3526 humana
1926 3482 2141 3541 natura,

559 3564 903 3623 peccatorum
944 3558 1175 3613 vinculis
1203 3576 1399 3616 manus
1434 3563 1706 3632 pedesque
1738 3564 2058 3628 constricta,
2092 3577 2148 3620 et

561 3645 618 3702 in
660 3650 907 3718 sepulcro
948 3650 1279 3709 inﬁdelitatis
1319 3657 1528 3725 jaceus,
1556 3660 1621 3711 ad
1656 3673 1839 3712 veram
1876 3659 2032 3713 rediit
2064 3660 2146 3712 vi-

563 3748 693 3805 tam,
722 3742 934 3797 Sublato
981 3745 1203 3799 sudario
1254 3747 1322 3801 ab
1352 3749 1547 3813 oculis,
1600 3749 1702 3803 hoc
1745 3759 1848 3815 est,
1878 3751 2016 3802 nuhe
2058 3749 2144 3803 illa

559 3834 920 3902 superposita,
957 3851 1077 3904 qua:
1123 3838 1318 3893 animae
1364 3839 1600 3907 fulgores
1634 3842 1910 3907 obscurat,
1953 3841 2148 3909 quibus

561 3925 816 3981 omnibus
866 3927 1231 3996 apostolorum
1288 3945 1353 3983 ac
1404 3931 1793 4000 discipulorum
1826 3949 1991 3999 opera
2036 3933 2145 3999 jam

561 4015 834 4082 exsoluta,
865 4018 930 4070 ad
964 4022 1174 4072 beatam
1203 4020 1369 4074 vitam
1390 4022 1696 4075 ambulandi
1720 4023 2026 4077 facultatem
2062 4040 2150 4079 re-

561 4107 1138 4177 cepit:0pportunum
1186 4112 1349 4165 etiam
1389 4111 1548 4167 fuerit
1596 4123 1650 4166 et
1695 4115 1760 4167 ad
1814 4115 2145 4170 intellectura:

568 4198 739 4267 magis
785 4204 1271 4265 accommodatum,
1324 4203 1389 4255 ad
1432 4219 1611 4257 mores
1648 4205 1936 4259 traducere
1985 4206 2152 4260 histo-

567 4289 726 4351 riam,
754 4290 966 4344 etiamsi
1012 4291 1221 4360 longius
1256 4308 1435 4347 sermo
1466 4298 1810 4355 processerit.

638 4377 876 4432 Lazarus
932 4380 1094 4450 igitur
1132 4385 1331 4437 montis
1369 4395 1572 4439 nostra:
1619 4388 1917 4457 symbolum
1968 4400 2052 4445 est
2099 4400 2153 4446 et

571 4472 731 4542 183
766 4473 979 4541 quidem
1015 4477 1200 4531 antica!
1233 4476 1455 4543 Christi,
1489 4489 1675 4549 utpote
1708 4492 1902 4536 creatzc
1946 4486 2011 4537 ad
2040 4485 2155 4555 ejus

566 4561 880 4633 imaginem.
936 4565 1142 4620 Martha
1186 4583 1336 4630 vero.
1388 4584 1507 4637 qua:
1558 4586 1622 4624 ex
1674 4588 1770 4625 sua
1827 4574 2155 4643 interpreta-

569 4657 716 4710 tione
749 4657 826 4727 (2)
878 4659 1142 4712 laboriosa
1174 4670 1276 4722 est,
1300 4675 1497 4727 corpus
1530 4664 1705 4732 signat
1732 4680 1747 4721 :
1798 4663 1971 4719 Maria
2005 4683 2155 4736 vero,

2245 3190 2796 3261 περικεκαλυμμένον
2818 3190 2878 3244 τὸ
2906 3192 3218 3261 πρόσωπον.
3237 3192 3305 3244 Ἡ
3337 3191 3540 3261 μεγάλη
3568 3183 3653 3241 οὗν
3678 3184 3800 3238 ὲκείο

2244 3300 2309 3354 νη
2342 3285 2494 3353 φωνὴ
2538 3284 2598 3336 τὸ
2628 3284 2982 3353 εὐαγγελικδν
3012 3284 3254 3354 ὲσήμανε
3285 3285 3576 3354 κήρυγμα,
3606 3280 3669 3333 δι’
3694 3269 3748 3331 οὗ
3775 3277 3802 3345 ή

2247 3376 2567 3448 ἀνθρωπίνη
2602 3377 2764 3445 φύσις
2799 3379 2832 3447 ἡ
2872 3379 3064 3450 χεῖρας
3099 3378 3193 3431 καὶ
3226 3378 3398 3441 πόδας
3433 3376 3678 3446 δεδεμένη
3704 3372 3807 3431 ταῖς

2247 3469 2357 3522 τῶν
2389 3468 2674 3539 ἁμαρτιῶν
2711 3472 2920 3538 σειραῖς
2944 3511 2957 3534 ,
2990 3469 3086 3524 καὶ
3118 3473 3349 3543 κειμένη
3386 3473 3440 3525 ὲν
3469 3469 3546 3540 τῷ
3573 3468 3665 3536 τῆς
3693 3466 3805 3518 ἀπι-

2251 3563 2404 3626 στίας
2436 3562 2611 3633 σορῷ,
2642 3563 2779 3633 πρὸς
2808 3561 2908 3633 τὴν
2934 3562 3110 3633 ἀληθῆ
3149 3563 3387 3632 μετῆλθε
3419 3562 3589 3631 ζωὴν,
3618 3572 3808 3626 περιαι-

2252 3654 2501 3726 ρεθέντος
2529 3653 2622 3708 τοῦ
2657 3653 2942 3725 σουδαρίου
2975 3654 3083 3707 ἀπὸ
3108 3654 3217 3706 τῶν
3245 3654 3563 3723 ὀφθαλμῶν,
3589 3648 3807 3703 τουτέστι

2249 3743 2344 3797 τοῦ
2372 3745 2837 3815 ὲπιπροσθοῦντος
2862 3746 3077 3812 νέφους,
3104 3746 3200 3799 καὶ
3226 3745 3520 3814 ζοφοῦντος
3540 3744 3633 3811 τῆς
3654 3737 3810 3809 ψυχῆς

2250 3837 2349 3900 τὰς
2377 3837 2768 3907 μαρμαρυγὰς.
2794 3838 2887 3906 ἀφ’
2904 3832 2979 3891 ὧν
3019 3838 3241 3892 λυθεῖσα
3264 3839 3373 3893 ὑπὸ
3392 3838 3502 3892 τῶν
3525 3831 3809 3889 ἀποστόλων

2254 3933 2347 3985 καὶ
2374 3932 2744 3997 διδασκάλων,
2775 3934 2975 4003 ἀφείθη
3004 3935 3341 4006 πορεύεσθαι
3374 3935 3507 4006 πρὸς
3533 3934 3627 3999 τὴν
3655 3944 3811 4000 μακα-

2254 4024 2378 4093 ρίαν
2419 4023 2586 4094 ζωήν.
2625 4025 2804 4077 Καλὸν
2841 4025 2889 4078 δ’
2931 4027 2998 4079 ἂν
3037 4028 3142 4096 εἴη,
3181 4027 3277 4079 καὶ
3320 4028 3457 4098 πρὸς
3497 4021 3814 4096 ἠθικωτέραν

2255 4117 2463 4169 ἔννοιαν
2503 4116 2602 4185 τὴν
2649 4117 2890 4190 ἱστορίαν
2935 4122 3291 4190 μεταγαγεῖν,
3334 4121 3437 4175 κᾶν
3477 4121 3555 4183 είς
3595 4115 3753 4189 μῆκος
3789 4113 3813 4164 δ

2254 4209 2412 4277 λόγος
2439 4211 2752 4267 ἐκτέταται.

2329 4386 2582 4458 Λάζαρος
2625 4387 2802 4441 τοίνυν
2837 4386 2987 4442 ἐστὶν
3043 4390 3071 4443 ὁ
3101 4386 3372 4460 ἡμέτερος
3406 4389 3550 4453 νοῦς,
3583 4385 3724 4457 φίλος
3750 4378 3816 4434 ὢν

2264 4479 2341 4549 τῷ
2368 4479 2609 4549 Χριστῷ,
2627 4479 2722 4533 ἀτε
2742 4479 2862 4532 κατ’
2886 4481 3073 4535 εἰκόνα
3098 4481 3310 4534 ἐκείνου
3339 4482 3578 4543 κτισθείς
3596 4496 3612 4509 ³
3639 4474 3815 4545 Μάρθα

2255 4571 2313 4624 δὲ
2338 4572 2413 4635 ὡς
2438 4572 2855 4643 ἑρμηνευομένη
2886 4572 3160 4637 κοπιῶσα,
3187 4574 3289 4643 τὴν
3318 4575 3500 4645 σάρκα
3524 4571 3685 4642 δηλοῖ.
3712 4567 3816 4620 Μαι·

2262 4665 2352 4735 ρία
2378 4664 2434 4717 δὲ
2460 4664 2536 4725 ὡς
2563 4664 2752 4735 κυρία,
2779 4664 2877 4731 τῆς
2900 4663 3082 4735 ψυχῆς
3107 4666 3222 4718 ἐστι
3252 4665 3523 4736 σύμϐολον
3543 4681 3557 4695 ·
3584 4664 3817 4717 δέσποινα

567 4764 690 4816 qua:
717 4751 984 4805 dominam
1014 4762 1170 4808 sonat
1208 4754 1307 4823 (3),
1340 4754 1533 4808 anima:
1564 4764 1644 4810 cst
1678 4757 2005 4826 symbolum,
2038 4778 2141 4831 qua

2258 4759 2367 4830 γὰρ
2406 4757 2546 4824 αὕτη
2585 4757 2678 4810 τοῦ
2723 4757 2997 4827 σώματος.
3026 4758 3124 4822 "Ag
3166 4758 3283 4812 δέον
3325 4760 3564 4831 θρηνεῖν,
3603 4752 3816 4825 ὁπηνίκα

564 4854 701 4895 sane
738 4842 961 4898 domina
986 4853 1069 4900 est
1100 4847 1366 4914 corporis.
1404 4846 1549 4911 Quas
1583 4845 1825 4915 profecto
1871 4848 2139 4907 lamentar

2260 4855 2344 4918 είς
2368 4852 2459 4907 τὸν
2482 4851 2581 4919 τῆς
2609 4850 2886 4922 ἁμαρτίας
2915 4851 3146 4905 θάνατον
3172 4851 3436 4925 ὀλισθήσῃ
3467 4853 3495 4905 ό
3518 4851 3640 4914 νοῦς
3658 4889 3672 4914 ,
3698 4861 3816 4915 συμ.

1808 4988 2131 5052 Francisci
2165 4991 2378 5055 Scorsi
2414 4997 2600 5053 notte.

645 5135 722 5207 (Ι)
767 5134 889 5189 Non
916 5137 1052 5191 enim
1077 5147 1387 5193 extremum.
1418 5137 1472 5190 Id
1502 5137 1665 5193 etiam
1693 5139 1954 5202 praeclare
1982 5140 2144 5209 Greg.

571 5205 731 5282 Nyss.
755 5209 1030 5282 examinat
1049 5211 1193 5262 hom.
1234 5208 1305 5282 ρο
1332 5209 1461 5282 opif.
1496 5225 1615 5282 cap.
1646 5210 1763 5282 εὕρ
1792 5211 1925 5282 Οὐδὲ
1953 5213 2061 5282 γὰρ
2085 5205 2151 5264 ἐκ

570 5277 730 5349 νόσου
760 5294 842 5339 τις
876 5279 1162 5331 ἀνίσταται
1190 5279 1459 5348 χαλεπῆς,
1482 5280 1603 5331 οὐδὲ
1640 5280 1775 5349 πρὸς
1812 5277 2155 5344 τελευταίαις

569 5346 648 5400 ὢν
681 5350 978 5419 ἀναπνοαῖς
1021 5350 1101 5411 είς
1139 5346 1241 5417 τὴν
1278 5346 1425 5419 ζωὴν
1457 5346 1814 5415 ὲπανάγέταισ
1856 5351 1975 5404 Non
2019 5354 2157 5404 enim

570 5434 637 5472 ea:
668 5418 866 5488 difﬁcili
899 5420 1155 5487 quispiam
1181 5419 1362 5473 morbo
1383 5418 1693 5474 restituitur
1718 5436 1737 5474 :
1771 5437 1937 5490 neque
1980 5432 2159 5477 extre-

571 5505 715 5542 mum
739 5505 897 5558 agens
925 5490 1170 5556 spiritum
1197 5490 1468 5543 reducitur
1498 5491 1553 5543 in
1592 5491 1723 5546 vita.

644 5559 738 5641 (2)_
764 5562 970 5641 βτί-ειμι
1002 5560 1451 5641 ἱηιενριτηιεὶονιεἔ
1492 5559 1580 5624 Ὦς
1599 5561 2035 5641 ,ἑρμηνεύεταιζῼ
2065 5561 2149 5641 i_n-

574 5629 706 5699 quit
726 5629 814 5684 hic
830 5630 1145 5695 Ceratneus,
1180 5645 1286 5684 non
1305 5645 1372 5685 ex
1395 5629 1725 5699 vinomiuis’,
1748 5634 1844 5686 sed
1866 5649 1931 5687 ex
1952 5633 2151 5695 olIicio,

575 5696 785 5752 scilicet
818 5700 961 5762 quod
1014 5699 1104 5753 illa
1158 5696 1481 5754 ministeriis
1515 5701 1833 5755 domesticis
1869 5713 2015 5759 esset
2061 5701 2154 5758 ad-

578 5766 756 5833 dicta;
787 5783 911 5825 nam
948 5770 1014 5827 de
1050 5780 1234 5842 etymo
1264 5769 1485 5827 Marthae
1514 5769 1687 5827 adhuc
1722 5787 1931 5842 quaero.

2321 5144 2398 5218 (ἒξ)
2442 5142 2574 5207 Qum
2602 5141 2867 5218 dominam
2913 5153 3088 5218 sonat,
3114 5141 3300 5218 Maron
3325 5154 3520 5218 nomen
3553 5134 3816 5218 Chaldaica

2252 5208 2575 5284 ac'Syriaca
2630 5212 2861 5284 tlialecto
2913 5213 3544 5284 signiﬁcaredominam
3579 5208 3812 5284 auditum

2255 5296 2338 5341 est
2370 5281 2641 5345 omnibus,
2672 5282 2866 5349 quibus
2898 5284 2956 5335 8.
2989 5282 3168 5335 Mariae
3198 5281 3435 5351 Virginis
3489 5282 3680 5335 audita)
3709 5282 3818 5351 sunt

2256 5355 2442 5437 laudes
2468 5343 2718 5439 ’Ἶῒὲηὲθίι
2746 5362 2878 5411 mi:
2909 5369 3003 5439 seu
3032 5343 3337 5439 ram-earn]
3371 5343 3815 5439 [ιιι-ταριςίοἳ

2262 5425 2440 5478 minus
2479 5436 2534 5478 et
2585 5421 2840 5490 Magister
2888 5416 3107 5476 dicitde.
3158 5422 3289 5476 lude
3322 5416 3603 5476 'etl'emiu'.
3640 5416 3818 5470 additis

2264 5495 2586 5564 quihusdam
2643 5494 2857 5558 punctis
2914 5500 3044 5552 Non
3101 5493 3338 5555 domina,
3393 5507 3512 5559 qua:
3564 5502 3714 5564 voces
3758 5496 3816 5536 ex

2264 5559 2531 5619 Hebraico
2567 5561 2714 5616 fonte
2761 5564 3162 5622 n'nnderivnri
3198 5564 3468 5625 videntur,
3514 5559 3650 5628 apml
3698 5566 3820 5628 quos

2260 5644 2414 5694 mn:
2453 5634 2643 5687 doctor
2673 5647 2736 5685 ex
2763 5620 3001 5705 themate
3060 5642 3162 5692 mi
3211 5633 3368 5705 quod
3403 5620 3640 5705 jactrlari
3674 5620 3727 5705 et
3760 5620 3817 5674 ad

2261 5719 2481 5772 secpum
2502 5706 2687 5770 jacere
2705 5712 2759 5757 et
2786 5703 2913 5759 hinc
2946 5705 3140 5760 docere
3171 5698 3265 5765 rm
3288 5701 3450 5759 valet.
3476 5700 3605 5757 Vide
3627 5698 3817 5751 lexicon

2261 5772 2659 5845 Peutaglotton.
