4042 6436
300 299 396 368 541

1627 306 1877 368 ΗΟΜῙῙ,
1888 306 1964 366 [Α
2000 306 2215 368 XXVI.

3469 303 3579 369 512

294 419 729 490 παραλαϐούσας
774 421 896 492 μεθ’
935 423 1149 478 ἑαυτῶν
1203 424 1280 488 ώς
1315 424 1604 489 Ἰουδαίους
1647 425 1884 495 συνθρη-

2002 425 2263 489 :onvenit,
2297 423 2513 493 quoties
2546 422 2598 476 in
2636 430 2868 477 mortem
2897 417 3102 487 peccati
3136 419 3382 487 prolapsa
3419 434 3576 474 mens

297 512 525 576 νοῦντας
558 513 657 583 τὴν
696 514 807 567 τῶν
841 516 1224 586 ὲπταισμένων
1260 515 1671 588 ἐξομολόγησιν.
1710 517 1884 570 Τοῦτο

298 605 407 674 γὰρ
432 606 766 675 σημαίνεται
789 608 878 661 διὰ
899 608 990 661 τοῦ
1024 610 1280 664 Ἰουδαίου
1305 611 1593 681 ὀνόματος,
1618 610 1882 663 κλαίουσι

297 700 407 768 γὰρ
430 701 789 768 ἐπιστήσεται
814 703 1033 766 πάντως
1055 704 1083 756 ὁ
1112 704 1335 774 Κύριος,
1364 708 1455 759 καὶ
1480 707 1566 760 διὰ
1591 704 1684 759 τοῦ
1710 706 1884 773 Εὐαγ-

296 791 483 858 γελίου
517 794 781 862 φωνήσει,
812 798 906 847 καὶ
937 799 1035 864 τὴν
1068 797 1328 867 πώρωσιν
1357 800 1502 868 ἀρεῖ,
1537 800 1630 851 καὶ
1661 798 1882 851 καλεσει

296 881 404 947 ἔξω
433 883 530 936 τοῦ
566 885 863 955 πτώματος
892 888 982 940 τὸν
1014 890 1238 956 νεκρὸν,
1271 891 1366 943 καὶ
1400 891 1763 961 ἀνενέργητον
1798 891 1885 961 μέ-

294 993 458 1030 νοντα
494 980 553 1028 ὲν
580 981 703 1040 ταῖς
734 980 995 1049 τέσσαρσι
1031 984 1394 1049 φωτιστικαῖς
1426 982 1679 1053 ἀρεταῖς,
1713 981 1789 1045 ὡς
1818 981 1885 1035 ἂν

294 1070 396 1139 τήν
442 1070 779 1133 ἐπιζέσασαν
823 1072 1098 1141 ἁμαρτίαν
1143 1073 1599 1145 ἐκτιναξάμενος,
1643 1077 1737 1127 καὶ
1782 1074 1886 1128 ὑπὸ

294 1159 553 1225 ἀγγέλων
597 1162 690 1214 καὶ
737 1162 931 1230 ίερέων
971 1162 1176 1227 λυθεὶς,
1221 1165 1505 1242 συνέστιος
1545 1165 1623 1236 τῷ
1669 1166 1885 1236 Σωτῆρι

295 1252 531 1319 γένηται
566 1253 668 1319 τήν
688 1254 889 1319 γνῶσιν
923 1257 1023 1323 τῆς
1068 1255 1232 1324 ἁγίας
1272 1256 1505 1327 Τριάδος
1552 1256 1883 1327 μυούμενος.

293 1342 391 1394 καὶ
424 1343 563 1411 πρὸς
593 1343 683 1395 τὸν
712 1345 931 1415 ἐκείνης
963 1346 1127 1399 πόθον
1155 1348 1464 1418 ὁλοσχερῶς
1495 1349 1882 1418 ἐπειγόμενος,

292 1434 377 1485 ὅτι
413 1436 553 1504 αὐτῇ
590 1437 790 1505 πρέπει
818 1439 952 1508 τιμὴ
985 1439 1080 1492 καὶ
1111 1439 1237 1507 δόξα
1271 1441 1351 1503 είς
1381 1442 1509 1505 τοὺς
1544 1440 1752 1505 αἰῶνας
1777 1441 1887 1497 τῶν

295 1526 535 1580 αἰώνων.
580 1526 642 1581 ’Λ
651 1530 780 1600 μήν.

900 1729 1147 1787 οΜιΑιΑ
1185 1732 1331 1802 Kq'.
1372 1768 1394 1799 ,

296 1844 407 1909 εις
446 1842 565 1911 τὴν
598 1845 936 1914 Βανοςρόρον
969 1848 1207 1920 ἑορτήν.
1245 1881 1317 1920 5-
1357 1851 1612 1920 Ἐλέχθη
1637 1850 1706 1905 δὲ
1743 1849 1890 1905 ἑνώ-

726 1931 869 1969 πιον
900 1919 1007 1972 τοῦ
1036 1919 1230 1988 ρηγὸς
1268 1919 1505 1991 'Pdrov.

364 2028 579 2100 ⁸ιἀιδρὰ
610 2031 713 2101 τῆς
748 2032 1033 2104 παρούσης
1067 2035 1264 2107 ἑορτῆς
1297 2037 1329 2104 ή
1369 2036 1711 2101 συνέλευσις,
1746 2037 1892 2106 λαμ-

297 2122 414 2188 πρὰ
442 2125 543 2191 τῆς
576 2123 940 2196 πανηγύρεως
970 2127 1003 2192 ἡ
1036 2127 1402 2197 συνάθροισις,
1427 2123 1515 2182 οἷά
1540 2147 1663 2183 τινα
1688 2129 1893 2199 κόσμον

296 2213 458 2266 ἁλλον
503 2215 817 2283 συνάγουσα
854 2217 955 2288 τήν
992 2219 1088 2272 τοῦ
1134 2219 1400 2289 βασιλέως
1445 2220 1791 2291 προέλευσιν,
1834 2219 1894 2283 ὃς

296 2309 497 2377 ὁρᾶται
540 2308 637 2361 νῦν
694 2311 1141 2381 προκαθήμενος,
1186 2312 1248 2364 οὐ
1291 2311 1548 2367 τοσοῦτον
1588 2313 1665 2385 τῷ
1706 2313 1893 2386 διαδή-

298 2416 438 2467 ματι
460 2440 475 2460 ,
511 2400 637 2454 ὅσον
665 2404 781 2465 τοῖς
814 2402 1208 2474 κατορθώμασι
1244 2406 1675 2476 φαιδρυνόμενος
1699 2424 1713 2438 ο
1755 2408 1893 2476 μᾶλ-

293 2492 391 2544 λον
420 2493 479 2546 δὲ
512 2494 573 2546 οὐ
603 2495 857 2549 τοσοῦτον
882 2499 997 2559 τοῖς
1028 2497 1477 2569 κατορθώμασιν,
1506 2500 1631 2553 ὅσον
1661 2502 1725 2571 τῇ
1758 2500 1897 2570 πρὸς

293 2582 436 2635 Θεὸν
488 2584 676 2637 πίστει
732 2586 1175 2656 κρατυνόμενος,
1212 2588 1284 2643 δι⁹
1325 2584 1395 2661 ἦς
1427 2589 1700 2643 τοσούτων
1756 2607 1894 2644 κατ-

295 2674 652 2744 ορθωματων
686 2676 914 2745 γέγονεν
977 2679 1306 2748 αὐτουργός.
1379 2679 1445 2733 Ἦ
1478 2680 1581 2751 μὲν
1610 2680 1702 2733 οὖν
1733 2682 1897 2753 ἑορτὴ

294 2766 455 2820 δυσὶν
496 2767 847 2840 αὐγαζομένη
900 2772 1298 2842 μαρμαρυγαῖς
1325 2812 1341 2837 ,
1386 2771 1505 2825 θεία
1543 2772 1603 2825 τέ
1644 2775 1762 2826 ἐστι
1802 2775 1897 2827 καὶ

298 2860 589 2931 βασιλική.
616 2856 709 2921 Οἷς
743 2863 843 2931 μὲν
870 2863 977 2933 γὰρ
1004 2864 1102 2934 τὴν
1130 2864 1398 2935 σωτήριον
1426 2865 1733 2936 προμηνύει
1762 2865 1895 2920 ἀνά-

298 2971 532 3018 στασιν,
580 2955 677 3009 καὶ
715 2956 815 3026 τὴν
854 2957 948 3009 τοῦ
997 2957 1234 3011 θανάτου
1284 2958 1619 3024 κατάλυσιν,
1661 2960 1757 3013 καὶ
1796 2958 1896 3029 τὴν

296 3047 459 3115 ήμῶν
491 3045 900 3113 ἐπανόρθωσιν,
935 3047 1146 3111 θεῖκαῖς
1186 3049 1368 3101 ἀκτῖσι
1408 3047 1765 3120 πυρσεύεται.
1800 3047 1896 3113 Οἷς

1991 531 2071 575 est
2098 536 2113 573 :
2142 528 2196 573 et
2224 517 2441 587 quidem
2473 516 2626 586 quasi
2646 504 3051 584 complorantes
3080 510 3295 566 Judaeos
3326 520 3578 581 peccato-

1992 628 2110 666 rum
2145 610 2403 664 adbibere
2437 608 2833 663 confessionem
2868 624 2883 659 :
2921 606 3023 660 boc
3053 605 3195 658 enim
3244 620 3340 673 per
3380 617 3574 657 nomen

1990 704 2297 760 Judteorum
2331 702 2406 772 (ὅ)
2441 702 2856 768 interpretatum
2894 709 2995 753 est.
3038 697 3385 750 Plorantibus
3431 696 3573 749 enim

1992 795 2163 848 aderit
2196 792 2417 846 omnino
2449 790 2728 854 Dominus,
2766 799 2817 843 et
2856 804 2952 855 per
2982 785 3331 855 Evangelium
3368 786 3578 838 clama-

1992 886 2091 946 bit.
2125 900 2187 938 ac
2218 883 2467 937 duritiem
2516 883 2707 935 animae
2737 882 2903 941 tollet,
2951 890 3003 934 et
3039 889 3309 932 mortuum
3356 894 3382 928 a
3419 877 3571 941 lapsu

1994 978 2292 1039 revocabit,
2320 991 2552 1043 eumque
2604 975 2694 1045 qui
2728 974 2932 1027 nullum
2964 972 3252 1026 exercebat
3281 985 3415 1038 opus
3444 983 3578 1037 qua-

1996 1078 2116 1123 tuor
2142 1068 2352 1121 illarum
2385 1069 2665 1132 virtutum,
2692 1080 2809 1127 qua:
2834 1064 3168 1117 illuminandi
3194 1063 3299 1115 vim
3330 1062 3531 1115 habent
3556 1073 3575 1113 :

1994 1171 2053 1215 ut
2104 1170 2449 1231 peccatorum
2517 1172 2744 1212 excussa
2800 1155 3101 1225 putredine,
3153 1163 3208 1208 et
3256 1154 3322 1207 ab
3373 1150 3576 1221 angelis

1993 1251 2472 1321 sacerdotibusque
2513 1249 2757 1304 absoluta
2818 1246 2870 1300 in
2923 1244 3218 1300 Salvatoris
3269 1243 3573 1298 convivium

1994 1344 2309 1413 recipiatur,
2340 1344 2407 1397 ad
2448 1341 2803 1397 sanctissimae
2835 1339 3064 1393 Triados
3096 1335 3457 1403 cognitionem
3494 1334 3579 1387 in—

1995 1440 2265 1498 troducta,
2303 1444 2466 1504 atque
2517 1433 2581 1487 ad
2634 1432 2752 1501 ejus
2800 1443 3039 1484 amorem
3092 1427 3296 1480 viribus
3330 1425 3579 1478 omnibus

1996 1528 2355 1594 contendens,
2385 1527 2471 1582 cui
2500 1524 2755 1581 convenit
2790 1523 2964 1577 honor
3007 1530 3062 1576 et
3098 1518 3268 1589 gloria
3302 1518 3354 1572 in
3382 1516 3579 1572 saecula

1996 1620 2342 1677 saeculorum.
2382 1619 2580 1673 Amen.

2533 1744 2821 1802 HOMILIA
2859 1742 3047 1798 XXVI.

1998 1863 2066 1919 In
2128 1863 2515 1918 solemnitatem
2584 1858 3018 1913 Palmorum.-—
3051 1853 3206 1909 Dicta
3259 1860 3336 1907 est
3401 1866 3580 1906 coram

2567 1945 2684 1999 rege
2728 1927 2873 1996 Rogo
2909 1926 3011 1996 (5).

2070 2046 2215 2101 Laeta
2249 2046 2475 2112 bujusce
2504 2042 2610 2098 diei
2644 2040 2767 2096 festi
2806 2037 3111 2099 celebritas,
3146 2032 3341 2088 nobilis
3365 2040 3420 2085 et.
3451 2044 3582 2084 con-

2000 2142 2135 2199 ferta
2162 2139 2466 2210 frequentia
2496 2134 2796 2197 concionis,
2823 2134 2908 2187 cui
2936 2131 3000 2184 ad
3026 2126 3408 2184 conferendum
3435 2122 3579 2178 aliud

2000 2241 2380 2289 ornamentum
2434 2226 2783 2301 imperatoris
2830 2224 3071 2279 accessio
3124 2220 3263 2276 facta
3310 2228 3392 2273 est
3436 2235 3451 2273 :
3489 2213 3580 2284 qui

2003 2342 2147 2381 nunc
2172 2323 2589 2393 conSpiciendus
2604 2319 2774 2381 sedet,
2798 2332 2902 2372 non
2933 2324 3041 2370 tam
3072 2313 3393 2375 diademate,
3418 2324 3580 2380 quam

2002 2418 2165 2476 claris
2202 2415 2533 2471 facinoribus
2580 2414 2886 2467 enitescens
2914 2426 2929 2463 :
2962 2421 3055 2462 seu
3105 2404 3281 2474 potius
3326 2419 3429 2459 non
3471 2411 3579 2455 tam

2004 2512 2165 2566 rebus
2205 2507 2466 2580 pmclare
2499 2505 2689 2574 gestis,
2720 2516 2883 2571 quam
2923 2500 3027 2554 [ide
3069 2498 3121 2552 in
3160 2496 3327 2551 Deum
3373 2492 3582 2562 pollens

2002 2613 2324 2674 potensque.
2365 2614 2464 2669 per
2510 2612 2673 2666 quam
2722 2602 2885 2659 tanta
2915 2591 3158 2645 facinora
3213 2603 3308 2656 per
3356 2601 3416 2641 se
3468 2587 3583 2654 ipse

2002 2694 2152 2751 fecit.
2204 2693 2448 2748 Praesens
2500 2690 2664 2759 igitur
2715 2686 2937 2749 festum,
2972 2682 3245 2750 duplicato
3297 2678 3583 2749 splendore

2004 2788 2352 2845 illustratum,
2406 2793 2460 2836 et
2505 2780 2748 2835 divinum
2779 2787 2834 2833 et
2869 2772 3271 2846 imperatorium
3301 2780 3406 2827 est.
3434 2770 3582 2836 Qua-

2003 2889 2161 2935 tenus
2186 2876 2330 2931 enim
2361 2873 2654 2929 salutarem
2684 2867 2889 2925 Domini
2918 2865 3411 2929 Resurrectionem,
3439 2877 3585 2917 mor-

2005 2973 2181 3038 lisque
2212 2966 2605 3033 depulsionem,
2636 2978 2700 3018 ac
2730 2973 2971 3016 nostram
3010 2957 3406 3013 restitutionem
3441 2968 3583 3022 prte-

2004 3064 2255 3128 nuntiat,
2309 3059 2507 3115 divinis
2555 3054 2835 3127 przefulget
2881 3052 3093 3108 radiis:
3132 3060 3400 3120 quatenus
3449 3061 3583 3102 vero

294 3136 353 3189 δὲ
390 3136 659 3199 ποικίλως
691 3137 860 3209 αὐτὴν
890 3140 918 3191 ὁ
953 3138 1185 3209 εὐσεϐὴς
1222 3140 1477 3208 βασιλεὺς
1511 3141 1896 3211 κατεκόσμησε

2005 3153 2338 3211 multimodis
2393 3150 2527 3206 illud
2577 3148 2699 3218 pius
2750 3148 3053 3214 imperator
3101 3150 3328 3196 exornat
3380 3148 3434 3193 et
3484 3152 3583 3193 sua

296 3231 363 3299 τῇ
405 3228 580 3282 αὑτοῦ
603 3230 899 3302 παρουσίᾳ,
936 3234 1002 3299 τῇ
1042 3231 1151 3284 τῶν
1189 3232 1497 3303 ἀρχιερέων
1538 3232 1791 3304 ὲνδημίᾳ,
1829 3236 1896 3303 τῇ

292 3322 394 3375 τοῦ
429 3322 643 3392 κλήρου
669 3323 932 3395 ὑμνῳδίᾳ,
964 3326 1029 3394 τῇ
1055 3323 1383 3394 παμπληθεῖ
1412 3324 1765 3396 δημαγωγία,
1800 3325 1898 3396 βα-

297 3416 489 3486 σιλική
532 3417 682 3469 ἐστιν
715 3419 749 3487 ή
788 3419 1120 3488 πανήγυρις.
1154 3418 1250 3482 Τίς
1284 3414 1378 3471 οὖν
1416 3419 1568 3472 ἔσται
1608 3437 1701 3490 μοι
1739 3420 1896 3486 λόγος

298 3507 440 3579 πρὸς
479 3507 726 3578 ἑκάτερα
768 3508 1149 3579 μεριζόμενος,
1187 3511 1282 3562 καὶ
1315 3508 1395 3579 τῷ
1437 3510 1632 3579 ἑορτῆς
1678 3511 1899 3579 μεγέθει

299 3601 673 3671 κατάλληλος,
704 3602 799 3653 καὶ
831 3601 1084 3672 βασιλικῇ
1119 3602 1245 3673 δόξῃ
1276 3602 1569 3672 ἁρμόδιοςς
1602 3602 1676 3665 ὡς
1708 3602 1805 3654 νῦν
1834 3619 1898 3671 γε

300 3696 500 3765 τρέμω
546 3694 643 3747 καὶ
688 3694 925 3758 δέδοικα,
972 3696 1158 3766 ἱδρῶτι
1207 3698 1553 3768 ῥαινόμενος,
1603 3697 1698 3749 καὶ
1748 3696 1900 3767 φόόῳ

304 3788 707 3863 κρατούμενος,
754 3790 850 3842 καὶ
891 3788 1066 3861 δειλίᾳ
1109 3790 1391 3859 ἐχόμενος,
1438 3791 1533 3843 καὶ
1580 3790 1681 3861 τὴν
1721 3788 1900 3861 ψυχὴν

306 3883 741 3953 δειλαινόμενος,
778 3885 871 3936 καὶ
902 3883 993 3936 τὸν
1026 3883 1151 3937 νοῦν
1182 3885 1641 3957 κραδαινόμενος,
1674 3883 1770 3936 καὶ
1802 3882 1900 3953 τὴν

308 3978 543 4047 καρδίαν
578 3977 945 4045 παλλόμενος,
978 3977 1074 4030 καὶ
1103 3977 1203 4046 τῆς
1240 3977 1427 4047 φωνῆς
1455 3978 1549 4030 τὸν
1579 3978 1733 4030 τόνον
1767 3979 1900 4031 ἀνα-

308 4071 684 4139 κοπτόμενος,
726 4071 809 4122 ὅτι
856 4068 1168 4137 βασιλικαῖς
1209 4071 1401 4132 ἀκοαῖς
1443 4069 1699 4123 ὑπαντλῶ
1741 4070 1903 4139 λόγον

308 4162 556 4232 ἁλμυρόν
599 4178 654 4213 τε
696 4164 791 4214 καὶ
828 4162 1050 4215 ἄποτον.
1088 4161 1232 4215 Ἀλλ’
1264 4162 1566 4232 ἐπειδήπερ
1607 4156 1639 4232 ή
1679 4180 1904 4233 χριστο-

313 4256 554 4325 μίμητος
594 4253 897 4323 γαληνότης
930 4254 1024 4307 τοῦ
1063 4254 1301 4324 κράτους
1341 4272 1435 4308 σου
1486 4255 1758 4324 τοσαύτην
1798 4258 1901 4309 ὲπ-

310 4345 557 4408 εδείξατο
596 4342 1029 4411 συγκατάὸασιν,
1056 4345 1132 4406 ὠς
1168 4346 1408 4413 ἐπήκοον
1448 4344 1638 4396 ἑαυτὴν
1678 4344 1903 4398 καθίσαι

309 4439 417 4492 τῶν
446 4436 713 4505 ἀμούσων
741 4437 901 4506 ήμῶν
932 4436 1138 4503 λόγων,
1169 4440 1265 4489 καὶ
1300 4438 1468 4507 μηδὲν
1497 4436 1736 4508 ἑχόντων
1767 4438 1899 4508 ἐρά-

315 4548 501 4601 σμιον,
543 4531 653 4582 ἰδού
700 4547 780 4582 σοι
824 4531 918 4582 καὶ
964 4529 1147 4595 πάλιν,
1185 4529 1260 4592 ὡς
1302 4530 1508 4601 δασμὸν
1550 4531 1766 4602 ἐτήσιον
1808 4531 1901 4583 τὸν

314 4624 472 4692 λόγον
513 4625 889 4693 προσάγομεν.
943 4621 1107 4674 Ἀλλὰ
1158 4623 1257 4702 sit;
1300 4622 1399 4689 μὲν
1439 4622 1538 4687 σὰς
1575 4623 1812 4695 ἀρετὰς,
1854 4617 1900 4676 ὧ

314 4713 564 4785 βασιλεῦ,
602 4713 697 4765 καὶ
733 4714 830 4774 τὰς
868 4713 1026 4776 νίκας
1062 4714 1160 4775 τὰς
1201 4714 1266 4765 ὲκ
1306 4713 1467 4771 Θεοῦ,
1510 4714 1607 4766 καὶ
1644 4715 1740 4776 τὰς
1776 4718 1899 4786 ἀρι-

315 4807 535 4866 στείας,
568 4804 661 4855 καὶ
691 4807 758 4856 τὰ
786 4805 1020 4874 τρόπαια
1050 4802 1209 4866 ἄλλος
1238 4802 1430 4871 καιρὸς
1460 4805 1555 4856 καὶ
1590 4807 1905 4875 συγγραφαὶ

311 4898 649 4966 διηγήσαντο
702 4897 796 4949 καὶ
827 4895 1183 4965 διηγήσονται
1202 4911 1215 4923 ·
1246 4896 1340 4947 καὶ
1368 4896 1448 4947 ὅτι
1483 4894 1717 4965 μάλιστα
1747 4898 1807 4950 τὸ
1838 4899 1907 4951 τὰ

316 4991 385 5043 σὲ
416 4990 760 5060 διηγεῖσθαι,
796 4988 995 5042 ταύτόν
1030 4992 1147 5041 ἐστι
1188 4991 1409 5057 μετρεῖν
1444 4988 1646 5060 κοτύλῃ
1675 4988 1774 5058 τὴν
1809 4988 1907 5042 θά-

315 5082 543 5138 λασσαν.
576 5082 691 5135 Νῦν
716 5082 773 5135 δὲ
806 5081 934 5151 περὶ
962 5079 1063 5150 τῆς
1094 5081 1290 5151 ἑορτῆς
1321 5082 1348 5134 ὁ
1380 5080 1540 5150 λόγος
1572 5080 1872 5137 θιασευέτω
1892 5123 1907 5149 ,

2000 3248 2314 3321 praesentia,
2350 3255 2404 3300 et
2452 3242 2984 3311 archiepiscoporum
3035 3238 3293 3301 adventu,
3325 3243 3380 3291 et
3428 3246 3585 3288 sacro

2002 3344 2131 3401 cieri
2167 3351 2456 3403 concentu,
2494 3346 2550 3393 et
2592 3336 2775 3391 omnis
2820 3332 3001 3404 populi
3038 3339 3363 3399 congregata
3401 3325 3585 3381 multi-

2003 3436 2210 3501 tudine,
2243 3429 2587 3500 imperatoria
2633 3426 2924 3499 panegyris
2945 3434 3048 3481 est.
3082 3424 3211 3489 Ome
3252 3421 3416 3487 igitur
3451 3418 3583 3473 mibi

2001 3545 2099 3600 par
2134 3526 2350 3595 utrique
2383 3523 2559 3579 oratio
2590 3529 2861 3591 suppetet,
2888 3527 2945 3573 et
2977 3517 3080 3572 diei
3116 3514 3279 3587 184
3311 3513 3432 3568 festi
3465 3527 3585 3564 ma-

2002 3619 2291 3691 gnitudini,
2319 3626 2373 3669 et
2402 3613 2768 3684 imperatoria:
2802 3626 3039 3681 congrua
3088 3604 3394 3676 majestati?
3422 3620 3582 3675 quam

2004 3726 2147 3768 nunc
2172 3711 2336 3765 timeo
2359 3719 2412 3764 et
2438 3707 2825 3769 contremisco,
2863 3705 3059 3758 sudore
3087 3715 3361 3768 aspersus,
3387 3712 3588 3767 pavore

2002 3812 2336 3872 occupatus,
2389 3796 2691 3853 reverentia
2751 3795 3034 3857 detentus,
3094 3800 3321 3857 pavente
3368 3788 3585 3852 anima,

2005 3905 2231 3952 nutante
2254 3901 2453 3953 mente.
2474 3902 2525 3945 et
2547 3889 2712 3944 corde
2730 3885 3086 3949 subsultaute,
3106 3883 3404 3937 intercluso
3419 3880 3584 3933 etiam

2008 3987 2156 4041 vocis
2206 4001 2364 4050 sono,
2412 3981 2554 4052 quod
2608 3977 2953 4049 imperatoris
3002 3975 3225 4030 auribus
3273 3987 3586 4028 sermonem

2004 4076 2168 4134 veluti
2202 4074 2472 4143 salsugine
2505 4085 2771 4133 amarum,
2803 4079 2857 4123 et
2893 4066 3041 4137 potui
3083 4079 3426 4134 nequaquam
3472 4061 3589 4116 ido-

2004 4185 2164 4225 neum
2202 4167 2413 4222 baurio.
2450 4163 2556 4218 Sed
2599 4162 2876 4231 quoniam,
2914 4175 3034 4230 quae
3077 4159 3218 4213 inest
3264 4158 3317 4211 in
3350 4154 3585 4226 potentia

2006 4271 2093 4317 tua
2128 4259 2415 4321 serenitas,
2449 4257 2515 4311 ad
2544 4254 2747 4311 Cbristi
2796 4252 3154 4307 imitationem
3186 4264 3250 4304 eo
3292 4263 3462 4315 usque
3496 4247 3593 4299 de-

2006 4352 2239 4417 scendit,
2286 4358 2601 4417 tantamque
2656 4360 2766 4417 prte
2816 4359 2875 4400 se
2913 4342 3297 4398 demissioucm
3340 4340 3484 4403 tulit,
3533 4349 3595 4394 ut

2009 4444 2366 4505 inconcinna),
2406 4440 2647 4510 nihilque
2685 4436 3003 4493 delectabile
3048 4436 3300 4490 babentis
3330 4433 3595 4487 orationis

2012 4552 2146 4591 mea:
2182 4546 2232 4590 te
2276 4533 2575 4605 praebueris
2623 4530 2946 4591 auditorem,
2990 4542 3118 4583 ecce
3166 4527 3258 4581 tibi
3297 4540 3504 4587 rursus,
3535 4532 3595 4578 ut

2008 4644 2249 4683 annuum
2284 4627 2544 4681 tributum
2570 4623 2869 4678 orationem
2903 4620 3203 4675 aﬂ‘erimus.
3237 4617 3434 4673 Verum
3472 4627 3594 4670 tuas

2010 4724 2261 4786 virtutes,
2314 4720 2632 4787 imperator,
2684 4725 2738 4772 et
2786 4716 3047 4769 victorias
3093 4728 3123 4767 a
3177 4713 3284 4766 Deo
3319 4712 3493 4767 datas.
3535 4718 3592 4763 et

2008 4813 2265 4882 praeclara
2301 4810 2567 4874 facinora,
2597 4819 2650 4863 et
2692 4818 2892 4877 tropaea
2923 4804 3067 4860 aliud
3107 4814 3337 4874 tempus,
3372 4812 3425 4855 et
3453 4801 3594 4854 scri-

2006 4916 2193 4975 ptores
2245 4904 2335 4957 alii
2383 4902 2727 4958 celebravere
2784 4900 3084 4963 hactenus,
3136 4905 3190 4949 et
3239 4891 3596 4949 celebrabuut

2006 4997 2260 5065 quidem;
2305 4993 2609 5065 praesertim
2656 5008 2786 5046 cum
2842 5002 2930 5044 tua
2982 5001 3305 5058 percensere
3352 4984 3595 5039 facinora

2006 5084 2147 5139 idem
2179 5084 2267 5148 sit,
2299 5098 2363 5139 ac
2399 5083 2613 5139 bemina
2662 5096 2811 5136 mare
2857 5079 3090 5134 dimetiri
3128 5076 3228 5149 (ϐ).
3272 5075 3425 5131 Nunc
3464 5087 3595 5129 vero

1559 5214 1887 5278 Francisci
1920 5218 2130 5279 Scorsi
2172 5223 2359 5278 notas.

386 5346 465 5415 (ι)
513 5343 618 5397 Per
639 5359 825 5415 nomen
849 5341 1183 5415 Judtcorum:
1219 5340 1416 5415 Aperta
1438 5347 1492 5392 et
1514 5348 1662 5415 certa
1698 5339 1903 5415 notatio

316 5410 577 5472 dictionis
604 5414 764 5474 huius
785 5412 945 5467 Juda.
973 5410 1124 5466 Unde
1149 5410 1357 5477 Judaei;
1391 5424 1421 5462 a
1455 5412 1619 5465 verbo
1648 5410 1794 5464 enim
1815 5418 1911 5470 m7

316 5487 569 5547 conﬁteri
594 5493 748 5544 ΠΤΓΙΊ
779 5483 1047 5537 Jrltudah.

386 5560 473 5629 (5)
518 5556 676 5629 Dicta
697 5563 772 5629 εει
805 5570 1009 5629 corona,
1052 5562 1157 5606 etc.
1199 5551 1330 5629 Haec
1350 5551 1668 5629 epigranhe,
1702 5566 1822 5619 (tum
1857 5550 1910 5604 iu

318 5619 555 5697 utroque
585 5625 652 5681 Ὗ.
685 5626 753 5697 C.
782 5635 836 5678 et
867 5624 1008 5697 aliis,
1041 5636 1267 5697 excepto
1290 5619 1462 5697 Gali;
1484 5622 1913 5697 liabetur,Aquo-

319 5692 478 5757 modo
503 5699 581 5751 sit
610 5696 934 5763 corrigenda
964 5704 1021 5749 et
1045 5692 1384 5763 accipienda,
1411 5702 1467 5745 et
1500 5692 1567 5745 de
1596 5706 1704 5759 quo
1735 5692 1912 5760 impe-

318 5781 503 5828 ratore
525 5768 582 5826 in
617 5768 775 5835 hujus
806 5764 1043 5822 homilize
1072 5763 1298 5821 exordio
1332 5772 1543 5835 agatur,
1580 5764 1911 5834 disputatum

2012 5350 2095 5396 est
2135 5340 2375 5394 Prooem.
2427 5339 2492 5405 ll,
2520 5339 2546 5412 §
2575 5338 2626 5399 6,
2659 5337 2748 5393 ubi
2787 5340 2851 5393 de
2894 5347 3136 5412 tempore
3165 5352 3276 5407 quo
3316 5337 3405 5392 hic
3431 5336 3595 5393 Cera-

2017 5426 2171 5465 meus
2208 5413 2411 5476 ﬂoruit,
2448 5412 2772 5480 agitavimus
2788 5411 3164 5477 qumsﬁouem.

2085 5480 2163 5551 (Β)
2208 5481 2435 5537 ﬂemina
2466 5477 2613 5534 citare
2638 5481 2890 5551 dimetiri.
2950 5480 3023 5535 De
3064 5480 3165 5534 hoc
3211 5477 3405 5551 adagio
3434 5486 3487 5551 et
3519 5479 3594 5532 si-

2015 5549 2360 5618 gnitiCatioue
2396 5552 2632 5606 nominis
2686 5550 2866 5616 bujus,
2910 5551 3141 5613 hemina,
3187 5549 3300 5603 dixi
3339 5549 3591 5618 adAbom.

2014 5614 2068 5685 ι,
2105 5631 2219 5677 not.
2250 5622 2342 5690 78,
2378 5623 2465 5677 ubi
2505 5637 2627 5693 quae
2671 5614 2805 5693 pars
2844 5634 3113 5693 mensum
3161 5619 3234 5675 sit
3278 5614 3502 5689 κοτύλη.
3539 5626 3593 5672 et

2016 5693 2261 5762 hemina,
2299 5708 2461 5765 quam
2493 5689 2715 5751 consule
2759 5689 2808 5749 si
2845 5689 3000 5748 libet.
