4042 6460
294 433 400 500 sis

1675 447 2010 510 HOMILIA
2050 451 2260 514 XXVI.

3471 456 3578 521 546

291 548 765 623 ἐνανθρώπησινο
826 555 987 610 τοῦτο
1046 557 1156 627 γὰρ
1215 559 1245 629 ἡ
1299 558 1439 615 Σιὼν
1491 560 1880 633 ἑρμηνεύεται.

1994 562 2117 620 Ιῐιιιο
2147 579 2339 634 nempe
2380 574 2464 619 est
2498 562 2683 619 Sionis
2718 562 3103 633 interpretatio
3146 565 3249 635 (9).
3285 566 3403 636 lpsa
3431 572 3573 624 enim

288 642 443 712 Αῦτη
504 645 617 715 γὰρ
676 645 760 715 τῷ
818 646 920 717 τῆς
970 645 1425 720 εἰδωλολατρείας
1457 656 1884 723 καταφρογεῐσοι

289 736 552 805 φλογμῷ,
595 737 759 807 ἐδίψα
799 738 1044 802 διακαῶς
1071 740 1166 794 τοῦ
1210 741 1413 807 ζῶντος
1445 742 1640 809 ὓδατος
1679 744 1883 813 γεύσα-

287 827 441 881 σθαι.
497 826 665 882 Ἀλλὰ
705 830 793 894 τίς
838 848 970 884 ποτε
993 827 1062 903 ἦν
1102 834 1134 903 ἡ
1168 835 1463 889 κατέναντι
1499 837 1682 907 κώμη,
1740 838 1884 892 κατὰ

284 920 380 972 τὸν
416 921 522 991 τῆς
562 922 860 992 ἀναγωγῆς
908 923 1089 990 λόγον,
1142 928 1280 996 πρὸς
1330 928 1395 999 ἣν
1447 928 1729 983 στέλλεται
1773 930 1884 984 τῶν

287 1011 561 1081 μαθητῶν
592 1014 627 1082 ὴ
659 1012 828 1081 δυάς;
862 1015 960 1087 (Τὸ
1010 1016 1122 1086 γὰρ
1167 1018 1266 1088 τῆς
1310 1018 1556 1089 ἱστορίας
1587 1021 1664 1083 ώς
1705 1022 1883 1090 ἐγνω-

283 1105 495 1172 σμένον
522 1106 664 1159 πᾶσι
697 1108 1071 1180 παρήσομεν.)
1105 1110 1203 1174 Τίς
1247 1105 1339 1164 οῦν
1383 1112 1517 1183 άλλη
1541 1154 1555 1178 ,
1591 1108 1805 1183 ἢοῦτος
1853 1115 1882 1169 6

282 1196 521 1265 κόσμος,
569 1196 600 1248 6
648 1196 719 1250 δι’
768 1198 1049 1269 ἁμαρτίας
1106 1202 1352 1268 ἀποστὰς
1406 1205 1498 1257 τοῦ
1557 1205 1723 1271 Θεοῦ,
1786 1208 1883 1261 καὶ

280 1289 630 1353 ἀπεναντίας
684 1293 1016 1359 γενόμενοςς
1075 1293 1288 1366 Ὠσπερ
1341 1295 1435 1349 οὖν
1487 1299 1545 1349 ὲν
1597 1299 1779 1371 ἐκείνῃ
1810 1302 1877 1371 τῇ

281 1379 457 1450 κώμῃ
498 1381 711 1452 Πέτρος
738 1383 834 1436 καὶ
872 1384 1132 1454 Ἰωάννης
1164 1388 1565 1458 ἐκπέμπονται,
1625 1391 1725 1460 τὴν
1759 1392 1880 1447 ὄνον

278 1473 379 1525 καὶ
407 1474 505 1526 τὸν
542 1474 725 1528 πῶλον
752 1475 1098 1546 κομίσοντες,
1127 1479 1301 1543 οὕτως
1318 1482 1377 1534 ὲν
1411 1482 1547 1552 τῷδε
1571 1485 1648 1555 τῷ
1690 1485 1880 1557 κόσμῳ

278 1568 572 1637 προρῆται
607 1568 705 1622 καὶ
738 1570 1032 1625 ἀπόστολοι
1068 1573 1386 1629 στέλλονται
1414 1578 1542 1640 τοὺς
1563 1579 1627 1631 ὲκ
1651 1595 1875 1651 περιτο-

279 1659 397 1727 μῆς
451 1662 711 1724 καὶτοὺς
784 1663 845 1728 ἐξ
901 1664 1075 1718 ὲΘνῶν
1110 1666 1187 1737 τῷ
1222 1668 1446 1739 Χριστῷ
1490 1670 1579 1723 διὰ
1639 1672 1879 1738 πίστεως

275 1755 515 1820 ἄγοντες
574 1755 638 1808 Εἰ
668 1755 724 1809 δὲ
757 1758 979 1825 δεσμοῖς
1015 1761 1043 1811 6
1075 1761 1258 1823 πῶλος
1289 1763 1347 1814 ὲν
1374 1761 1453 1831 τῷ
1487 1764 1716 1835 ἁμφόδῳ
1766 1764 1879 1819 ἐδέ-

275 1848 428 1911 δετο,
483 1848 608 1902 οὐδὲ
660 1849 822 1903 τοῦτό
865 1853 1015 1905 ἐστιν
1048 1853 1437 1908 ἀνακόλουθον.
1475 1855 1717 1920 Ἐξωθεν
1767 1858 1876 1927 γὰρ

277 1940 381 2007 τῆς
433 1940 905 2014 ὲκκλησιαστικῆς
954 1943 1193 2008 πίστεως
1254 1947 1400 2016 ἀμφὶ
1470 1948 1568 2019 τὴν
1615 1948 1877 2005 πλατεῖαν

277 2032 407 2084 ὁδὸν
448 2035 548 2085 καὶ
584 2034 905 2106 εὐρύχωρον
961 2036 1294 2106 ἐδεσμοῦντο
1325 2039 1392 2091 τὰ
1425 2039 1554 2110 ἔθνη
1603 2044 1724 2105 ταῖς
1769 2042 1878 2096 τῶν

279 2124 711 2194 ἁμαρτημάτων
742 2132 973 2197 σειραῖς.
1019 2131 1262 2186 Ἑδέδετο
1304 2134 1360 2187 δὲ
1390 2135 1541 2205 καὶὴ
1574 2136 1691 2201 ὄνος
1715 2153 1727 2167 ⁶
1759 2141 1879 2202 ταῖς

278 2215 394 2285 γὰρ
420 2214 671 2278 ἐντολαῖς
694 2216 790 2270 τοῦ
813 2219 980 2289 νόμου
1012 2223 1269 2293 καθάπερ
1296 2223 1516 2294 δεσμοῖς
1544 2229 1592 2279 oi
1632 2228 1876 2281 Ἰουδαῖοι

284 2308 632 2377 συνείχοντο,
674 2312 874 2375 Καλῶς
904 2314 961 2367 δὲ
992 2315 1092 2382 τῆς
1119 2315 1356 2385 Θεωρίας
1385 2320 1414 2370 6
1442 2318 1602 2386 λόγος
1636 2320 1729 2372 τὸν
1778 2321 1879 2389 μὲν

281 2400 475 2454 πῶλον
509 2402 593 2464 εἰς
617 2402 789 2455 τύπον
812 2403 975 2457 ἔλαϐε
998 2407 1109 2457 τῶν
1132 2406 1304 2460 ἐθνῶν
1338 2426 1350 2437 ·
1383 2409 1640 2473 ἀτάκτως
1671 2411 1781 2480 γὰρ
1810 2412 1877 2465 τὰ

278 2491 420 2560 ἔθνη
462 2494 740 2563 ὲφήλλατο
765 2496 844 2558 εἰς
885 2496 1145 2560 ὰσεὸείας
1187 2500 1283 2550 καὶ
1344 2499 1576 2568 πράξεις
1621 2504 1875 2571 αἰσχρὰς,

279 2590 549 2660 καθάπερ
582 2590 762 2653 πῶλος
795 2594 962 2660 μήπω
993 2592 1198 2664 χαλινῷ
1222 2592 1549 2662 δαμασθεὶς,
1587 2593 1715 2664 μηδ’
1750 2596 1880 2663 ἐφε-

282 2681 487 2752 στρίδα
530 2684 645 2745 τοῖς
703 2681 897 2746 νώτοις
944 2683 1279 2755 δεξάμενοςο
1330 2686 1433 2757 ἦγε
1468 2687 1575 2757 μὴν
1608 2686 1729 2751 ὄνος
1778 2687 1878 2749 τὴν

282 2774 402 2827 τῶν
440 2775 723 2828 Ἰουδαεων
757 2776 951 2845 ἐδήλου
990 2780 1345 2849 συναγωγήν.
1386 2778 1719 2850 Ἦχθηφόρει
1770 2781 1880 2851 γὰρ

285 2868 385 2919 καὶ
418 2866 564 2936 αῦτη
595 2868 664 2920 τὰ
694 2868 787 2921 τοῦ
820 2868 989 2939 νόμου
1025 2871 1249 2941 φορτία,
1282 2872 1388 2925 ὑπὸ
1420 2872 1512 2925 τὸν
1540 2872 1708 2940 ζυγὸν
1744 2868 1881 2925 οὖσα

286 2957 389 3026 τῆς
414 2959 656 3027 νομικῆς
684 2960 932 3023 δουλείας
955 3000 969 3023 ,
1006 2964 1104 3016 καὶ
1134 2962 1210 3025 ώς
1260 2963 1494 3033 φορδιὰν
1528 2964 1775 3035 φοροῦσα
1810 2964 1881 3018 τὰ

284 3051 399 3103 τῶν
425 3050 664 3104 ἐντολῶν
695 3051 1063 3121 διατάγματα.
1111 3054 1272 3108 Ἀλλὰ
1299 3055 1394 3109 τοῦ
1425 3056 1662 3126 Χριστοῦ
1688 3056 1879 3109 κελεύ-

292 3162 495 3208 σαντος
527 3144 837 3216 ἀμφότεροι
866 3145 1088 3200 λύονται
1117 3148 1255 3219 πρὶς
1285 3148 1414 3218 μίαν
1439 3148 1626 3200 πίστιν
1652 3148 1881 3218 δεσμού-

1990 656 2313 711 idololatriae
2343 668 2476 710 a-stu
2514 656 2629 725 jam
2667 658 2873 711 torrida
2907 673 3106 726 aquam
3141 659 3318 712 vivant
3355 672 3575 731 gustare

1986 747 2372 802 ardentissime
2406 748 2646 802 sitiebat.
2676 749 2780 802 Sed
2814 750 3087 818 quodnam
3123 760 3228 813 est,
3262 762 3413 820 Juxta
3444 768 3577 806 ana-

1986 838 2233 911 gogicum
2264 854 2510 903 sensum,
2540 839 2823 894 castellum
2857 857 2887 895 e
2916 841 3131 909 regione
3156 843 3428 911 positum,
3465 858 3573 912 quo

1986 933 2221 987 mittitur
2279 932 2667 1002 discipulorum
2727 935 2861 1003 par?
2914 934 3051 1001 Quid
3103 939 3245 991 enim
3301 937 3372 990 sit
3416 939 3570 1007 juxta

1989 1023 2275 1079 historiam
2306 1062 2320 1087 ,
2383 1033 2640 1093 tauquam
2696 1036 2884 1079 notmn
2941 1028 3125 1082 dicere
3169 1029 3384 1083 omitto.
3430 1031 3567 1095 Quid

1987 1118 2156 1188 igitur
2188 1120 2332 1174 aliud
2381 1120 2487 1175 nisi
2542 1121 2629 1174 hic
2658 1120 2908 1185 mundus,
2947 1120 3038 1188 qui
3085 1137 3179 1190 per
3223 1132 3502 1191 peccatum
3536 1140 3568 1178 a

1986 1210 2097 1264 Deo
2119 1211 2427 1279 disjunctus
2454 1222 2509 1266 et
2532 1227 2598 1265 ex
2651 1213 2879 1265 adverso
2908 1213 3187 1280 oppositus
3218 1213 3384 1266 erat?
3418 1214 3570 1269 Sicut

1986 1302 2151 1372 igitur
2191 1302 2244 1356 itt
2286 1302 2570 1356 castellum
2607 1301 2737 1355 illud
2770 1300 2963 1355 Petrus
2990 1311 3045 1354 et
3071 1301 3327 1364 Joannes,
3358 1303 3566 1357 asinam

1983 1404 2038 1448 et
2073 1394 2276 1463 pullum
2311 1393 2598 1448 deducturi
2619 1394 2930 1459 tnittuntur,
2961 1394 3032 1447 ita
3058 1394 3109 1447 in
3145 1394 3289 1450 hunc
3308 1396 3565 1449 mundum

1983 1483 2260 1554 propheta:
2302 1493 2360 1538 et
2411 1484 2645 1552 apostoli
2705 1482 2854 1537 missi
2910 1492 3075 1547 sunt,
3134 1493 3192 1537 ut
3247 1498 3340 1538 eos
3368 1484 3456 1554 qui
3498 1500 3567 1538 ex

1985 1574 2424 1637 circumcisione,
2459 1576 2659 1643 quique
2688 1590 2752 1629 ex
2789 1575 3040 1644 gentibus
3078 1587 3253 1643 erant,
3281 1592 3386 1645 per,
3408 1578 3563 1631 ﬁdem

1982 1668 2343 1722 adducerent.
2394 1667 2546 1733 Quod
2588 1668 2630 1721 si
2684 1666 2860 1738 pullus
2911 1667 2961 1721 in
2995 1667 3142 1722 bivio
3172 1669 3401 1724 vinculis
3442 1669 3564 1723 alli-

1982 1771 2139 1830 gatus
2173 1768 2278 1823 est,
2312 1774 2485 1829 neque
2518 1760 2619 1814 huc
2654 1774 2683 1812 a
2719 1761 2998 1829 prepositu
3028 1768 3112 1815 est
3148 1760 3409 1815 alienum.
3468 1760 3565 1814 Et-

1982 1854 2125 1907 enim
2157 1862 2349 1924 gentes
2398 1863 2551 1906 extra
2603 1853 2761 1905 [idem
2814 1852 3070 1906 Ecclesiae
3093 1853 3239 1907 circa
3289 1852 3454 1907 latam
3511 1861 3566 1907 et

1984 1956 2258 2015 patentem
2293 1946 2434 1999 viam
2477 1954 2825 2013 peccatorum
2880 1947 3094 2000 catenis
3120 1945 3386 2000 devincta:
3417 1955 3568 2001 tene-

1979 2039 2201 2092 bantur.
2255 2036 2499 2105 Deligata
2547 2038 2713 2090 etiam
2767 2046 2886 2091 erat
2939 2037 3131 2092 asina:
3165 2038 3452 2107 prmceptis
3484 2039 3564 2093 si-

1979 2128 2198 2197 quidem
2237 2127 2373 2196 legis
2425 2128 2581 2196 quasi
2643 2128 2873 2183 vinculis
2916 2127 3086 2184 Judaei
3145 2130 3560 2186 cohibebantur.

1982 2220 2150 2274 liecte
2183 2234 2314 2274 vero
2353 2218 2417 2272 ad
2477 2233 2670 2290 gentes
2729 2220 3020 2290 signandas
3072 2223 3203 2291 pulli
3264 2223 3565 2277 similitudo

1980 2309 2270 2380 allegorica
2306 2310 2517 2366 ratione
2558 2321 2771 2381 sumpta
2803 2321 2905 2367 est.
2945 2313 3082 2367 Nam
3115 2315 3233 2368 sine
3265 2314 3455 2369 ordine
3500 2330 3567 2371 ac

1982 2405 2172 2469 modo,
2207 2416 2302 2472 per
2337 2403 2666 2471 impietatem
2703 2413 2756 2459 et
2790 2406 2966 2474 turpia
2998 2406 3140 2460 facta
3177 2417 3383 2475 gentes,
3408 2409 3562 2477 quasi

1981 2494 2159 2565 pullus
2224 2495 2461 2550 nondum
2516 2494 2674 2550 freno
2700 2497 3028 2566 Iedomitus,
3069 2500 3271 2568 quique
3326 2500 3562 2555 nondum

1982 2592 2186 2636 vestem
2227 2582 2471 2638 humeris
2519 2596 2847 2653 exceperat;
2880 2588 3031 2642 asina
3066 2603 3192 2643 vero
3221 2588 3561 2660 Synagogam

1985 2677 2192 2731 indicat
2238 2674 2571 2732 Judaeorum.
2625 2675 2763 2732 Nam
2828 2680 2991 2733 etiam
3050 2681 3164 2749 ipsa
3212 2681 3316 2736 sub
3375 2682 3566 2751 legalis

1983 2766 2267 2821 servitutis
2297 2764 2429 2833 jugu
2489 2781 2611 2820 cum
2648 2778 2834 2833 esset,
2871 2768 3003 2841 legis
3052 2770 3311 2825 oneribus
3354 2785 3568 2840 preme-

1983 2861 2166 2923 batur,
2205 2868 2261 2913 et
2291 2869 2695 2927 praeceptorum
2726 2864 3109 2918 observatione
3140 2865 3292 2930 quasi
3327 2865 3566 2933 capistro

1984 2954 2290 3009 tenebatur.
2337 2950 2470 3015 Sed,
2492 2953 2717 3019 jubente
2744 2952 2982 3019 Christo,
3012 2957 3171 3010 ambo
3201 2957 3483 3011 solvuntur
3511 2966 3565 3011 et

1984 3048 2039 3102 in
2072 3064 2175 3102 una
2235 3049 2340 3103 ﬁde
2395 3049 2720 3117 colligantur
2771 3066 2784 3101 :
2839 3057 2893 3101 et
2935 3049 3007 3101 ita
3046 3047 3202 3115 juxta
3240 3049 3563 3118 patriarchae

1985 3140 2388 3208 pradictionem
2430 3140 2559 3208 ligat
2593 3140 2660 3194 ad
2689 3140 2901 3194 vineam
2937 3139 3139 3208 pullum
3168 3157 3350 3197 suutn.
3391 3139 3557 3197 Vinea

290 3254 446 3303 μενοι
465 3252 481 3264 '
509 3235 608 3287 καὶ
625 3234 767 3287 οὕτω
789 3236 932 3287 κατὰ
951 3236 1051 3306 τὴν
1077 3236 1497 3307 Πατριαρχικὴν
1516 3236 1876 3304 προφητείαν,

1985 3244 2069 3287 est
2108 3232 2251 3286 enim
2280 3247 2590 3302 qmeunque
2633 3247 2698 3286 ex
2730 3229 2891 3285 Israel
2924 3244 3104 3300 gente,
3137 3231 3203 3286 de
3235 3248 3337 3300 qua
3364 3233 3562 3286 cecinit

287 3323 554 3395 δεσμεύει
602 3324 740 3395 πρδς
804 3324 1052 3394 ἄμπελον
1084 3326 1177 3378 τὸν
1210 3325 1390 3377 πῶλον
1422 3324 1610 3378 αὐτοῦ.
1669 3326 1886 3392 Ἀμπε-

289 3416 379 3478 λος
441 3417 559 3487 γὰρ
608 3416 637 3470 6
688 3416 748 3479 ἐξ
800 3417 1040 3489 Ἰσραὴλ,
1076 3418 1208 3483 περὶ
1244 3412 1319 3471 ὧν
1351 3435 1519 3488 φησιν
1565 3420 1592 3471 6
1630 3417 1878 3487 ψαλμός⁹

299 3527 318 3558 ι
356 3508 652 3579 Ἄμπελον
689 3508 749 3573 ἐξ
774 3508 1057 3577 Αἰγύπτου
1088 3509 1359 3580 μετῆρας.
1398 3528 1415 3560 ι
1457 3511 1547 3561 Ἐν
1572 3509 1747 3581 ταύτῃ
1790 3509 1883 3563 οῦν

294 3604 354 3671 τῇ
390 3602 636 3669 ἀμπέλῳ
673 3601 763 3653 τὸν
793 3601 1009 3654 semei;
1056 3600 1187 3654 λαὸν
1230 3601 1523 3670 συνδεσμεῖ
1553 3603 1674 3665 ταῖς
1715 3603 1883 3669 εύαγ-

296 3696 550 3764 τελικαῖς
579 3693 845 3756 ἐντολαῖς.
904 3694 1269 3762 Ἐπικάοηται
1302 3695 1357 3746 δὲ
1390 3696 1447 3746 ὲν
1482 3694 1666 3756 αὐτοῖς
1695 3697 1722 3746 6
1752 3696 1885 3764 Χρι-

302 3790 449 3854 στὸς,
524 3789 639 3841 τῶν
716 3787 1032 3842 ἀποστόλων
1090 3787 1563 3855 ὑποστρωσάντων
1618 3787 1769 3858 αύτῷ
1818 3788 1884 3840 τὰ

300 3882 509 3950 ἱμάτια.
534 3881 701 3943 Νοεῖς
742 3880 798 3934 δὲ
847 3880 1068 3943 πάντως
1101 3881 1189 3932 διὰ
1234 3880 1346 3933 τῶν
1389 3878 1629 3949 ἱματίων
1660 3878 1751 3931 τὸν
1790 3879 1884 3931 26-

304 3975 553 4042 σχήμονα
608 3971 747 4041 βίον,
796 3970 890 4022 τὸν
939 3970 1350 4039 ἐπικοσμοῦντα
1382 3969 1443 4021 τὸ
1471 3964 1605 4040 ἦθος
1649 3968 1739 4021 διὰ
1782 3970 1883 4037 τῆς

301 4061 617 4131 εὐπρεποῦς
650 4061 1062 4124 καταστάσεως.
1088 4062 1276 4114 Ταῦτα
1300 4060 1366 4114 τὰ
1398 4060 1596 4130 ἱμάτια
1623 4061 1881 4115 ἐνέδυσαν

1981 3325 2230 3380 Psalmus
2272 3344 2285 3379 :
2329 3346 2347 3378 ι
2374 3326 2597 3381 Vineam
2655 3325 2724 3383 de
2781 3324 3018 3396 {Egypto
3075 3327 3401 3380 transtulisti
3429 3327 3498 3381 ⁸⁷.
3538 3344 3557 3380 ι

1983 3415 2064 3469 Ad
2100 3417 2240 3470 hanc
2284 3430 2416 3484 ergo
2458 3416 2672 3469 vincam
2725 3418 3013 3486 praeceptis
3064 3417 3393 3485 evaugt-Iicis
3429 3432 3565 3487 gen.

1984 3508 2128 3563 tilem
2163 3510 2415 3578 populum
2446 3509 2655 3578 alligat.
2702 3490 2869 3563 Sedet
2910 3524 3072 3579 porro
3122 3526 3283 3578 super
3312 3510 3409 3563 has
3457 3508 3565 3565 Do-

1983 3602 2161 3655 minus
2182 3600 2293 3671 (10)
2320 3603 2481 3672 186
2509 3602 2874 3670 apostolorum
2908 3610 3053 3655 veste
3081 3602 3567 3672 substrata.Atque

1985 3694 2267 3763 intelligis,
2299 3696 2484 3758 credo,
2510 3707 2606 3759 per
2657 3693 2981 3746 vestimenta
3044 3692 3325 3748 honestam
3374 3696 3561 3761 vitam,

1984 3799 2103 3854 quae
2130 3793 2189 3837 ut
2224 3785 2380 3837 dccct
2406 3784 2656 3837 instituta
2698 3798 2881 3840 mores
2911 3792 3162 3837 exornat.
3201 3783 3296 3838 llis
3325 3786 3566 3839 vestibus

1986 3890 2084 3930 nos
2115 3876 2407 3930 induerunt
2439 3875 2667 3944 apostoli
2696 3914 2712 3940 ,
2749 3875 3018 3943 siquidem
3072 3875 3272 3929 clamat
3320 3874 3514 3929 Paulus
3543 3893 3562 3932 :

1990 3985 2010 4019 ι
2046 3967 2259 4022 Iuduite
2291 3981 2442 4021 arma
2470 3966 2609 4022 lucis
2631 4006 2647 4033 ,
2677 3967 2819 4021 sicut
2858 3965 2911 4020 in
2945 3967 3031 4020 die
3058 3966 3284 4021 honeste
3323 3966 3567 4020 ambule-

1981 4074 2103 4114 mus
2130 4058 2221 4113 "'.
2252 4077 2273 4111 ι

302 4157 448 4225 ἡμᾶς
494 4156 544 4208 oi
596 4155 910 4219 ἀπόστολοι,
956 4156 1052 4208 καὶ
1080 4153 1177 4226 βοᾷ
1210 4153 1423 4217 Παῦλος
1449 4169 1463 4184 ο
1492 4172 1510 4205 ι
1561 4154 1891 4209 Ἐνδύσασθε
1932 4153 2005 4208 τὰ
2041 4153 2183 4208 ὅπλα
2249 4152 2346 4208 τοῦ
2388 4154 2603 4224 φωτὸς,
2635 4154 2731 4208 καὶ
2759 4155 2836 4220 ὡς
2892 4154 2955 4208 ὲν
2985 4154 3169 4228 ἡμέρᾳ
3212 4152 3567 4226 εὐσχημόνως

303 4246 796 4317 περιπατήσωμεν.
831 4266 851 4301 ι

373 4357 394 4390 ι
444 4337 812 4401 Ἐπικαθίσας
841 4338 896 4390 δὲ
928 4339 1039 4400 τοῖς
1066 4336 1226 4402 ζώοις
1258 4338 1286 4390 6
1311 4335 1518 4408 Κύριος
1539 4337 1769 4391 εἴσεισιν
1808 4338 1888 4401 είς

314 4430 705 4500 Ἰερουσαλήμ.
743 4431 900 4483 Ὅσοι
939 4430 1051 4501 γὰρ
1091 4428 1256 4483 αύτδν
1288 4431 1347 4483 ὲν
1382 4430 1597 4492 ἑαυτοῖς
1632 4429 1886 4494 ἐδέξαντο

305 4522 389 4573 διὰ
419 4520 661 4591 θεωρίας
692 4521 789 4574 κιύ⁷
823 4518 1103 4589 πράξεως,
1152 4521 1230 4581 είς
1261 4518 1360 4590 τὴν
1417 4520 1529 4573 ἄνω
1568 4520 1886 4587 εἰσάγονται

315 4613 702 4686 Ἰερουσαλὴμ,
739 4611 841 4681 τὴν
887 4610 1058 4675 ὅντως
1088 4612 1252 4680 ἁγίαν
1286 4611 1465 4675 πόλιν,
1501 4613 1559 4664 ἐν
1671 4613 1772 4681 τῆς
1808 4613 1889 4665 εί-

311 4714 480 4779 ρήνης
516 4706 551 4775 ὴ
592 4707 806 4776 ὅρασις.
861 4704 1227 4776 Ἰερουσαλὴμ
1270 4705 1383 4774 γὰρ
1413 4704 1650 4790 -είρηνης
1693 4706 1886 4775 ὅρασις

367 4864 414 4894 ⁸⁷
449 4862 595 4918 Psal.
629 4876 744 4929 tux,
781 4860 836 4917 9.
911 4861 980 4893 ’τ’
1014 4859 1173 4916 Rom.
1199 4873 1321 4927 xm,
1357 4859 1441 4914 l9.

2049 4334 2174 4404 Iam
2222 4351 2354 4392 vero
2391 4337 2635 4393 insidens
2679 4337 2942 4407 iumentis
3000 4336 3258 4393 Dominus
3311 4338 3568 4393 Hieroso-

1986 4428 2181 4499 lymam
2223 4429 2424 4495 intrat;
2472 4439 2737 4499 quotquot
2778 4431 2925 4483 enim
2979 4430 3155 4499 ipsum
3193 4445 3287 4497 per
3321 4439 3536 4485 contem

1984 4522 2281 4591 ptationem
2341 4522 2726 4591 actionemque
2757 4522 2809 4576 in
2851 4537 2909 4577 se
2939 4523 3074 4592 ipsis
3107 4530 3465 4591 receperunt,
3513 4523 3566 4575 in

1984 4628 2273 4683 Supernam
2316 4614 2616 4669 Jerusalem
2653 4616 3092 4677 introducuntur,
3121 4630 3241 4668 eam
3272 4630 3393 4685 qua:
3441 4629 3568 4669 vere

1985 4714 2070 4761 est
2104 4706 2299 4761 civitas
2338 4714 2620 4775 sancta,et
2655 4706 2809 4777 pacis
2830 4706 3331 4762 visio:Jerusa|em
3365 4706 3567 4777 quippe

1537 5003 1858 5066 Francisci
1893 5004 2102 5066 Scorsi
2139 5014 2327 5068 note).

378 5138 461 5208 (9;
504 5134 686 5191 Sionis
722 5133 1113 5208 interpretatio.
1146 5136 1186 5186 A
1234 5130 1415 5208 radice
1472 5130 1729 5208 inusitata
1781 5138 1882 5195 n71:
1911 5140 1964 5198 1)
1992 5141 2198 5186 noster.
2256 5130 2396 5185 Sunt
2446 5143 2513 5184 ex
2549 5127 2832 5208 Alfatribus‘
2895 5127 2986 5208 qui
3028 5135 3271 5208 utroque
3327 5125 3567 5208 vicissim

306 5202 536 5263 deducta
566 5221 667 5258 vox
698 5213 799 5268 my
829 5203 1153 5269 siccitatem,
1199 5211 1291 5254 aut
1327 5202 1499 5253 locum
1528 5202 1801 5255 desertum
1834 5213 1888 5255 et

308 5277 671 5356 sitit'tlitt‘stttn.
696 5275 1294 5356 signatpiudidemque
1319 5279 1427 5356 pur
1461 5271 1603 5352 sitis.
1632 5274 1674 5323 A
1722 5275 1887 5356 verbo

307 5351 467 5403 etiam
502 5345 801 5400 Chaldaicu
835 5356 888 5396 et
923 5344 1145 5414 Syriaco
1185 5351 1301 5403 rm
1327 5342 1740 5414 'ct_t~ti'l¥_siccus_
1765 5342 1885 5406 l’uit,

308 5432 357 5472 et
386 5434 481 5487 per
520 5416 857 5482 tuetalepsim
903 5409 1095 5487 sitivit,
1121 5424 1177 5465 ttt
1218 5415 1277 5487 in
1309 5412 1481 5487 Iexieu
1524 5409 1883 5487 Pentaglntto,

308 5480 496 5545 deduci
530 5496 705 5568 potest
727 5480 1118 5553 interpretatio
1150 5480 1245 5568 τοῦ
1414 5482 1597 5564 sinitis.

381 5561 496 5629 (10)
531 5549 691 5612 Sedet
733 5549 901 5622 porro'
939 5568 1094 5629 super
1143 5553 1238 5604 has
1283 5549 1570 5629 'Donn'nus.
1602 5551 1678 5629 Ap
1713 5549 1886 5603 Domi-

308 5621 411 5684 nus
439 5621 606 5695 super
636 5638 924 5691 utrumque
956 5624 1257 5695 iumentum
1309 5624 1513 5674 asinaut
1564 5621 1772 5695 scilicet
1816 5631 1874 5695 et

311 5690 523 5766 ιηιΙΙιηιί
559 5695 854 5759 insederit;
897 5690 1038 5761 quod
1091 5694 1308 5766 videtur
1358 5700 1543 5766 aperte
1578 5692 1758 5766 dicere
1812 5690 1871 5743 S.

312 5760 519 5836 Mattln;
554 5786 623 5820 an
650 5779 780 5836 vero
827 5760 990 5836 super
1024 5762 1237 5836 asinum
1264 5763 1466 5836 ‘modo.
1496 5771 1553 5814 ut
1587 5760 1650 5815 Ι).
1674 5760 1877 5836 _Lucas

312 5855 358 5893 et
397 5829 632 5898 Μαίρας,
676 5834 768 5904 qui
807 5829 986 5888 de'eo
1038 5831 1210 5904 solum
1258 5829 1462 5904 faciunt
1522 5829 1873 5904 mentionem,

313 5914 529 5981 (μιειιειζο
593 5900 716 5971 est,
780 5919 941 5973 quam
985 5903 1223 5971 exagitat
1278 5901 1491 5971 egregie
1543 5900 1878 5957 Maldonatus

1991 5213 2202 5256 vectum
2233 5210 2520 5253 autument
2542 5198 2855 5261 Christum;
2885 5207 2938 5252 et
2961 5200 3110 5264 prius
3135 5199 3352 5263 quidem
3385 5200 3565 5266 asina,

1987 5282 2106 5339 post
2160 5285 2290 5339 vero
2343 5270 2523 5339 pullo;
2564 5270 2724 5339 idque
2767 5268 3011 5337 mysterii
3068 5270 3261 5336 gratia.
3308 5283 3374 5321 eo
3420 5272 3567 5338 quod

1988 5338 2140 5395 asina
2202 5338 2486 5394 Iudaicum
2541 5338 2830 5408 populum,
2892 5339 2945 5391 in
2979 5353 3085 5407 quo
3137 5339 3340 5408 sederit
3386 5342 3564 5406 prius,

1987 5412 2160 5479 pullus
2186 5406 2723 5479 gentilem_de'uotet,
2780 5407 2831 5479 in
2867 5406 3052 5479 quem,
3086 5409 3273 5461 relicto
3316 5406 3565 5479 .ludaico,

1986 5477 2046 5534 se
2096 5477 2388 5534 transtulit.
2447 5477 2764 5532 Luudantur
2825 5478 2876 5532 in
2932 5478 3070 5531 hanc
3117 5477 3441 5530 sententiam
3498 5478 3559 5530 S.

1988 5550 2211 5614 Thom.,
2254 5547 2574 5617 Remigius,
2632 5548 2892 5613 Serabus,
2940 5546 3115 5614 Hugo.
3173 5545 3471 5615 Theophyl.
3502 5545 3562 5599 In

1982 5623 2230 5675 eumdem
2256 5633 2543 5672 numerum
2574 5628 2889 5671 accensetur
2911 5629 2965 5672 et
2998 5618 3219 5679 Noster,
3249 5624 3357 5668 tum
3386 5618 3563 5681 quoad

1986 5690 2287 5753 historiam,
2319 5704 2412 5741 seu
2451 5687 2738 5739 litteralem
2772 5703 3014 5748 sensum,
3039 5701 3159 5738 cum
3188 5685 3297 5736 ait:
3333 5684 3563 5738 Ἐπικά-

1986 5760 2146 5828 Οηται
2175 5759 2232 5811 δὲ
2257 5762 2314 5812 ἐν
2335 5758 2520 5820 αὐτοῖς
2549 5760 2577 5809 ὁ
2602 5757 2856 5828 Χριστός,
2878 5768 2933 5810 et
2963 5756 3121 5825 paqu
3142 5753 3319 5828 infra:
3342 5754 3567 5828 Ἐπικα-

1985 5824 2145 5891 Θίσας
2171 5829 2229 5881 δὲ
2258 5831 2315 5880 ὲν
2345 5828 2507 5890 ζώοις
2540 5828 2569 5879 6
2605 5824 2833 5896 Κύριος,
2872 5824 2982 5881 tum
3020 5826 3197 5895 quoad
3228 5824 3565 5896 allegoriam,

1984 5916 2145 5971 quam
2178 5901 2453 5969 eleganter
2478 5901 2840 5967 persequitur.
