4042 6446
550 436 656 503 547

1760 419 2258 485 THEOPHANIS
2297 417 2640 480 CERAMEI

3709 413 3806 481 548

552 549 681 602 cisio
712 544 858 614 pacis
889 542 1004 612 (-1!)
1027 541 1250 598 dicitur.
1277 537 1437 594 Pueri
1457 549 1582 591 vero
1603 533 1822 605 hymnis
1855 533 2137 588 Dominum

2243 528 2637 600 ἑρμηνεύεται.
2673 527 2870 590 Παῖδες
2897 524 2955 580 δέ
2988 524 3218 597 ὑμνοῦσι
3246 524 3346 580 τὸν
3379 523 3590 594 Κύριον
3616 539 3631 555 ο
3661 524 3709 578 εί
3742 523 3807 594 μὶ

553 641 831 695 celebrant
872 653 888 691 :
935 635 1218 707 quoniam,
1255 631 1359 687 nisi
1411 629 1722 685 innocentia
1776 627 2133 690 abundemus,

555 731 844 784 Dominum
882 735 940 783 ut
988 728 1146 781 decet
1198 722 1422 778 laudare
1477 736 1586 776 non
1643 734 1950 790 possumus.
1989 716 2137 772 Prae-

557 831 703 876 terea
747 819 835 888 qui
899 817 1280 888 praecedebant
1349 814 1549 883 quique
1606 812 1990 880 sequebantur,
2048 809 2138 877 ju-

554 925 668 968 stos
725 912 1024 974 insinuant,
1057 910 1257 979 quique
1304 919 1430 962 ante
1482 904 1920 960 Incaruationetn
1979 901 2138 956 Chri-

554 1004 663 1068 sti,
713 1003 914 1072 quique
969 1011 1091 1070 post
1136 999 1480 1054 exstiterunt.
1538 995 1806 1050 Abraham
1881 992 2023 1047 enim
2083 999 2137 1044 et

552 1095 658 1152 orti
720 1095 788 1148 ab
841 1094 932 1148 illo
995 1093 1174 1160 capite
1223 1089 1585 1160 patriarclne,
1641 1097 1694 1140 et
1751 1086 2134 1155 prepbctarum

555 1187 756 1241 chorus
790 1185 1091 1254 praecessit,
1124 1184 1214 1254 qui
1268 1196 1400 1236 sane
1431 1197 1526 1250 per
1583 1179 1825 1250 symbols
1895 1192 1959 1230 ac
2009 1191 2136 1244 pro-

551 1277 766 1346 phetias
817 1279 1110 1332 adventum
1171 1273 1375 1329 Christi
1424 1272 1878 1338 prmnuutiarunt.
1930 1266 2136 1336 Seque-

556 1369 768 1424 bantur
805 1384 935 1424 vero
988 1367 1208 1431 Petrus,
1238 1374 1292 1418 et
1343 1366 1612 1425 Andreas,
1641 1369 1696 1414 et
1744 1358 2050 1422 Mattheus,
2084 1364 2140 1411 et

553 1457 792 1515 Joannes
817 1499 832 1524 ,
864 1470 919 1512 et
967 1456 1282 1526 Philippus,
1335 1455 1535 1524 quibus
1583 1452 1842 1519 anteiam
1874 1450 2084 1503 dixerat
2120 1466 2134 1503 :

563 1572 586 1606 ι
621 1551 925 1622 Sequimini
979 1565 1100 1614 me;
1134 1565 1154 1600 ι
1199 1558 1252 1602 et
1298 1547 1462 1601 etiam
1516 1559 1660 1599 nunc
1691 1553 2015 1612 sequuntur,
2046 1541 2135 1612 qui

555 1665 652 1720 per
685 1649 806 1704 illos
835 1645 1093 1703 credunt.

629 1833 953 1885 Studeamus
977 1829 1143 1898 igitur
1171 1835 1226 1883 et
1251 1841 1371 1895 nos,
1396 1841 1428 1882 ο
1450 1825 1920 1881 Christianissime
1937 1835 2140 1888 eam,

558 1939 655 1991 per
703 1933 910 1976 rectam
963 1919 1120 1974 ﬁdem
1153 1927 1210 1973 et
1262 1929 1448 1974 sancta
1492 1935 1654 1988 opera
1710 1919 2032 1972 insidentem
2084 1918 2141 1970 in

559 2014 720 2069 nobis
754 2013 1046 2067 Deminum
1078 2021 1317 2082 portare.
1337 2011 1617 2065 Imitemur
1638 2011 1800 2063 etiam
1827 2009 2143 2064 sinceritate

558 2103 758 2156 men-tis
787 2117 984 2172 pueros
1034 2101 1196 2168 illos;
1232 2101 1586 2169 prmeidamus
1615 2115 1680 2153 ex
1731 2099 2018 2154 arboribus
2053 2114 2142 2152 ra-

558 2208 677 2246 mos
705 2231 720 2257 ,
755 2191 917 2245 verba
951 2191 1164 2246 scilicet
1207 2201 1562 2260 excerpentes
1597 2187 1708 2259 (12)
1743 2204 1771 2242 e
1799 2189 2004 2243 sanctis
2037 2187 2140 2242 Pa-

559 2285 734 2338 tribus
787 2293 843 2338 et
902 2284 1200 2351 magistris,
1243 2283 1397 2352 quasi
1445 2281 1817 2350 spiritualibus
1859 2281 2144 2334 arboribus

562 2385 725 2424 secus
765 2372 1031 2426 decursus
1061 2384 1328 2439 aquarum
1377 2369 1612 2440 Spiritus
1643 2370 1815 2423 sant-ti
1863 2369 2138 2438 plantatis.

559 2464 641 2518 Ab
704 2463 790 2517 his
852 2464 1052 2533 plantis
1112 2465 1414 2518 doctrinam
1475 2464 1853 2532 rationemque
1927 2457 2140 2516 vivendi

561 2557 942 2622 decerpamus.
1000 2553 1330 2608 Sternamus
1383 2555 1542 2608 nobis
1591 2554 1725 2622 ipsis
1773 2555 1895 2607 vitm
1948 2564 2144 2606 nostrae

564 2645 670 2698 iter
700 2662 713 2698 :
743 2646 909 2698 vitam
942 2644 1156 2699 scilicet
1182 2644 1388 2698 Christi
1418 2645 1768 2708 institutioni,
1805 2660 1908 2714 qua
1939 2659 2144 2715 prace-

561 2736 738 2791 dendo
765 2775 782 2800 ,
825 2751 930 2805 qua
987 2737 1368 2804 subsequendo
1416 2746 1834 2788 consentaneum
1861 2735 2079 2805 transigi
2112 2750 2142 2788 a

561 2829 722 2880 nobis
768 2826 1146 2880 omendamus.
1182 2824 1417 2879 Sanctus
1445 2823 1744 2894 discipulos
1777 2823 2096 2878 aemulemur
2125 2839 2140 2876 :

560 2934 615 2975 ut
642 2920 840 2977 Petrus
874 2931 926 2976 et
962 2920 1198 2976 Joannes
1229 2921 1446 2990 quidem
1480 2937 1577 2990 per
1630 2921 2141 2990 contemplationem

557 3012 940 3082 actionemque
989 3013 1200 3065 asinam
1251 3020 1307 3066 et
1339 3010 1586 3080 pullum,
1641 3012 1776 3064 iram
1822 3011 2032 3065 scilicet
2088 3017 2144 3064 et

559 3102 912 3170 cupiditatem
950 3115 980 3154 e
1009 3099 1241 3154 castello
1280 3099 1588 3170 ejiciamus,
1616 3114 1816 3170 easque
1846 3116 1873 3152 a
1912 3099 2142 3152 terrenis

559 3192 985 3262 cogitationibus
1047 3193 1325 3246 exsolutas
1393 3193 1459 3245 ad
1523 3191 1724 3246 Christi
1777 3190 2136 3246 obedientiam

561 3287 936 3338 traducamus.
976 3284 1045 3338 At
1074 3299 1203 3338 vero
1243 3291 1566 3338 cacterorum
1601 3283 1982 3352 discipulorum
2033 3283 2138 3338 ritu

558 3388 796 3444 corpus,
831 3375 974 3444 quod
1006 3385 1088 3428 est
1125 3360 1580 3444 Veluti'quoddam
1617 3377 1813 3428 anima;
1844 3375 2140 3428 vestimen-

563 3477 717 3534 tum,
755 3467 975 3523 Christo
1025 3469 1462 3522 substernamus.
1495 3467 1715 3522 Christo
1747 3481 1876 3521 vero
1905 3467 2143 3520 subster-

562 3560 713 3610 nitur
759 3571 882 3610 cum
935 3571 1030 3625 per
1083 3557 1474 3610 continentiam
1525 3567 1888 3622 extenuatur;
1941 3555 2142 3626 plantis

562 3649 717 3703 hisce
749 3648 977 3714 similes,
1012 3664 1150 3718 quas
1191 3657 1470 3718 gestamus
1503 3649 1556 3701 in
1589 3649 1837 3703 manibus
1869 3649 2003 3718 (l5),
2041 3662 2140 3702 nos

557 3750 919 3812 praestemus:
953 3741 1178 3795 arbores
1225 3739 1416 3794 Libani
1453 3741 1612 3810 187
1649 3741 2051 3805 existimemur,
2087 3740 2140 3795 in

556 3835 784 3889 odorem
830 3834 1121 3887 suavitatis
1174 3831 1281 3887 Deo
1323 3848 1490 3902 opera
1543 3843 1728 3889 nostra
1765 3831 2138 3900 proferentes;

557 3925 872 3994 plantemur
906 3933 966 3977 ut
1016 3925 1160 3978 oliva
1196 3922 1478 3976 fructifera
1515 3923 1567 3976 in
1621 3924 1781 3978 domo
1833 3921 1946 3976 Dei.
1981 3921 2143 3978 Vides

555 4015 713 4068 olivae
748 4015 1011 4083 plantam,
1049 4015 1124 4067 uti
1162 4029 1376 4082 semper
1425 4013 1600 4078 viret,
1636 4028 1734 4068 nec
1774 4027 2010 4083 unquam
2060 4013 2142 4069 fo—

557 4108 752 4160 liorum
782 4107 1119 4174 operimenta
1147 4106 1596 4160 dimittitl'l‘ales
1637 4115 1691 4158 et
1736 4121 1835 4159 nos
1881 4119 2000 4160 esse
2030 4106 2144 4162 vult

566 4196 854 4258 Dominus,
892 4206 948 4248 ut
984 4208 1037 4249 et
1063 4197 1359 4250 virtutibus
1391 4211 1671 4261 ornentur,
1705 4207 1756 4248 et
1786 4197 1940 4265 quasi
1963 4196 2140 4251 oleum

557 4285 792 4341 {ructum
833 4289 1221 4343 misericordia:
1267 4287 1526 4344 feramus.
1559 4289 1655 4344 Est
1682 4291 1847 4342 etiam
1875 4291 2140 4357 optimum

559 4379 705 4433 factu
731 4380 940 4448 palmas
968 4380 1195 4436 imitari.
1231 4379 1386 4435 Sicut
1428 4381 1574 4435 enim
1603 4381 1792 4448 palum
1817 4383 2144 4440 candidissi-

558 4489 706 4526 mum
755 4475 973 4540 qnidem
1007 4487 1103 4526 cor
1153 4472 1289 4542 (14),
1327 4482 1552 4527 truncus
1596 4487 1724 4527 vero
1775 4488 2052 4541 procerus,
2088 4484 2142 4531 et

2239 621 2352 692 γάρ
2391 619 2490 691 τὴν
2527 617 2884 674 τῶν’παίδων
2915 616 3160 671 ἀκακίαν
3196 617 3527 687 κτήσωμεν,
3577 614 3640 669 οὗ
3688 631 3808 686 πρεο

2240 713 2451 774 πάντως
2481 710 2766 780 δυνάμεθα
2797 709 3040 780 ὑμνῆσαι
3063 709 3156 762 τὸν
3181 707 3417 779 Κύριον.
3466 707 3530 760 ti!
3557 706 3812 775 προάγον·

2238 821 2330 868 τες
2366 804 2423 857 δὲ
2469 805 2565 856 καὶ
2605 803 2656 856 οί
2688 799 3117 864 ἀκολουθοῦντες
3149 802 3275 862 τοὺς
3314 799 3428 870 πρὸ
3453 797 3552 867 τῆς
3584 799 3810 869 Χριστοῦ

2239 897 2734 966 ἐνανθρωπήσεως,
2796 894 2886 949 καὶ
2951 895 3078 956 τοὺς
3140 893 3281 964 μετὰ
3338 891 3520 946 ταῦτα
3581 891 3812 954 δικαίους

2239 990 2599 1044 αἰνίττονται.
2633 989 2855 1059 Προῆγε
2887 987 2986 1058 μὲν
3041 986 3319 1058 Ἀϐραάμ,
3355 985 3457 1038 καὶ
3490 985 3541 1037 οἱ
3570 984 3629 1049 ἐξ
3657 984 3811 1038 αύτοῦ

2239 1085 2616 1156 πατριάρχαι,
2664 1084 2757 1136 καὶ
2801 1083 2834 1152 ἠ
2878 1080 3066 1152 χορεία
3100 1079 3208 1132 τῶν
3246 1077 3589 1148 προφητῶν,
3630 1077 3812 1138 οἵτινες

2238 1178 2328 1230 διὰ
2367 1176 2653 1248 συμϐόλων
2701 1175 2798 1229 καὶ
2849 1174 3214 1244 προρρήσεων
3258 1171 3364 1240 τὴν
3416 1167 3512 1223 τοῦ
3574 1169 3804 1240 Χριστοῦ

2241 1268 2548 1340 παρουσίαν
2603 1266 3005 1338 κατήγγειλαν.
3069 1263 3439 1318 Ἢκολούθουν
3489 1262 3548 1314 δέ
3599 1262 3812 1330 Πέτρος,

2240 1363 2334 1414 καὶ
2385 1360 2662 1428 ’Δνδρέας,
2695 1359 2790 1411 καὶ
2821 1355 3257 1420 Ματθαῖος,·καὶ
3289 1353 3578 1423 Ἰωάννης,
3612 1354 3700 1404 καὶ
3727 1351 3812 1402 tbi-

2238 1453 2464 1514 λιππος,
2493 1446 2574 1513 οἷς
2598 1450 2874 1520 ἐπεφώνει
2898 1464 2914 1480 ⁸
2953 1467 2972 1502 ι
3021 1445 3403 1501 ’Λκολουθείτέ
3439 1461 3559 1516 μοι,
3606 1461 3624 1495 ι
3659 1443 3811 1496 καὶοί

2243 1546 2409 1616 μέχρι
2438 1543 2534 1598 νῦν
2555 1544 2622 1598 δι’
2655 1544 2883 1596 ἐκείνων
2907 1541 3287 1603 πιστεύοντες.

2315 1809 2726 1879 Σπουδάσωμεν
2753 1802 2847 1862 οὖν
2873 1807 2969 1862 καὶ
2993 1808 3175 1877 ἡμεῖς,
3207 1801 3252 1859 ὧ
3283 1801 3810 1876 Χριστιανικὼτατον

2169 1884 2217 1941 Β
2250 1904 2550 1976 ἄθροισμα,
2582 1901 2649 1954 δι’
2705 1900 2874 1971 ὀρθῆς
2899 1901 3136 1962 πίστεως
3170 1899 3269 1951 καλ⁸
3301 1896 3563 1968 πράξεων
3587 1893 3810 1946 εὐσεϐῶν

2242 2002 2302 2051 ἐν
2335 1997 2556 2061 ἑαυτοῖς
2584 1995 2772 2066 φέρειν
2805 1994 2897 2047 τὸν
2927 1994 3135 2063 Κύριον
3173 1991 3406 2061 ἔποχον.
3438 1987 3810 2059 Μιμησώμεθα

2241 2091 2370 2154 τοὺς
2398 2089 2600 2152 παῖδας
2633 2088 2886 2150 ἐκείνους
2912 2089 2984 2158 τῇ
3022 2088 3121 2157 τῆς
3167 2084 3404 2155 γνώμης
3445 2082 3806 2154 άκεραιότητι.

2245 2183 2383 2245 Τοὺς
2439 2182 2668 2244 κλάδους
2729 2183 2792 2234 ἐκ
2841 2181 2952 2233 τῶν
3005 2179 3247 2250 δένδρων
3300 2177 3649 2246 ἐκκόψωμεν,
3695 2173 3807 2234 τοὺς

2241 2273 2436 2342 λόγους
2461 2273 2854 2340 ἀναλεγόμενοι
2877 2271 2984 2324 τῶν
3001 2271 3209 2340 νοητῶν
3239 2269 3508 2340 δένδρων,
3530 2267 3635 2321 τῶν
3653 2264 3806 2334 ἁγίων

2243 2365 2506 2435 Πατέρων
2538 2365 2630 2417 καὶ
2665 2363 3023 2427 διδασκάλων,
3061 2362 3172 2414 τῶν
3213 2359 3648 2430 πεφυτευμένων
3673 2354 3807 2426 παρὰ

2247 2458 2347 2518 τάς
2406 2454 2679 2520 διεξόδους
2743 2455 2854 2507 τῶν
2887 2455 3096 2507 ὑδάτων
3161 2453 3258 2506 τοῦ
3319 2453 3659 2522 Πνεύματος.
3718 2449 3810 2502 Ἐκ

2247 2548 2458 2601 τούτων
2490 2547 2601 2600 τῶν
2644 2547 2829 2614 φυτῶν
2863 2547 2962 2616 τὴν
2999 2544 3357 2598 διδασκαλίαν
3411 2545 3506 2597 καὶ
3535 2543 3629 2612 τὴν
3665 2540 3805 2593 πολι-

2243 2638 2394 2690 τείαν
2435 2637 2787 2708 δρεψώμεθα,
2839 2637 2933 2690 καὶ
2982 2636 3427 2708 ἐπιστρὼσωμεν
3459 2635 3682 2696 ἑαυτοὺς
3716 2632 3804 2703 τὴν

2244 2732 2336 2784 τοῦ
2362 2731 2480 2802 βίου
2504 2731 2623 2784 ὁδὸν
2655 2732 2994 2802 προάγοντα,
3028 2732 3122 2784 καὶ
3153 2729 3561 2784 ἀκολουθοῦντα
3589 2728 3674 2780 τὸν
3701 2724 3803 2796 βίον

2243 2827 2310 2894 τῇ
2343 2824 2484 2878 κατὰ
2520 2823 2760 2894 Χριστὸν
2789 2824 3042 2895 πολιτείᾳ
3069 2824 3436 2886 δεικνύοντες.
3478 2821 3802 2892 Ζηλώσωμεν

2243 2919 2374 2980 τοὺς
2405 2917 2587 2984 ἱεροὺς
2621 2917 2897 2986 μαθητάς,
2927 2916 3003 2979 ὡς
3061 2917 3159 2986 μὲν
3187 2917 3396 2987 Πέτρος
3440 2918 3534 2970 καὶ
3569 2913 3802 2978 Ἰωάννης

2243 3006 2332 3059 διὰ
2361 3005 2597 3075 Θεωρίας
2663 3009 2758 3057 καὶ
2783 3004 3038 3074 πράξεως
3068 3005 3133 3056 ἐκ
3167 3003 3269 3073 τῆς
3322 3007 3519 3072 κώμης
3571 2998 3665 3070 τὴν
3696 2995 3800 3047 ὄνον

2244 3100 2339 3150 καὶ
2369 3098 2462 3150 τὸν
2497 3097 2679 3150 πῶλον
2704 3097 3088 3162 ἐκϐάλλοντες,
3125 3095 3215 3150 τὸν
3254 3095 3432 3164 θυμὸν
3459 3092 3554 3147 καὶ
3575 3089 3666 3161 τὴν
3693 3090 3801 3140 ἐπι-

2247 3187 2449 3257 Θυμίαν
2481 3189 2546 3240 ἐκ
2569 3187 2664 3239 τοῦ
2699 3186 2768 3240 τὰ
2803 3187 3046 3256 κοσμικὰ
3083 3189 3305 3257 φρονεῖν
3337 3183 3686 3242 ἀπολύοντες,
3715 3175 3798 3229 καὶ

2244 3282 2325 3342 είς
2355 3280 2605 3348 ὑπακοὴν
2633 3277 2728 3333 τοῦ
2774 3278 3015 3348 Χριστοῦ
3066 3279 3500 3350 μεταφέροντες,
3554 3275 3626 3338 ὡς
3668 3272 3719 3324 δὲ
3756 3267 3798 3321 οἱ

2243 3372 2424 3426 λοιποὶ
2459 3370 2705 3442 μαθηταὶ⁹
2751 3370 3238 3440 ὑποστρωννύντες
3281 3371 3344 3424 τὸ
3398 3370 3578 3438 σῶμα,
3619 3365 3677 3418 τδ
3711 3361 3798 3431 τῆς

2240 3463 2419 3535 ψυχῆς
2477 3465 2715 3534 ἱμάτιον.
2780 3463 3261 3535 ’Υποστρὼννυται
3317 3464 3374 3518 δέ
3436 3460 3514 3533 τῷ
3571 3454 3795 3529 Χριστῷ,

2243 3554 2373 3608 ὅταν
2419 3555 2552 3608 αὐτὸ
2599 3555 2668 3608 δι’
2725 3554 3058 3626 ἐγκρατείας
3115 3545 3798 3625 λεπτύνωμεν.Γενώμεθα

2243 3648 2498 3718 καθάπερ
2535 3647 2694 3701 ταυτὶ
2727 3649 2794 3701 τὰ
2827 3647 2992 3716 φυτὰ,
3027 3641 3102 3702 ὧν
3129 3649 3258 3711 τοὺς
3290 3648 3522 3710 κλάδους
3550 3647 3604 3698 ἐν
3627 3640 3797 3714 χερσὶν

2244 3741 2582 3812 ἐπιφέρομεν
2635 3756 2649 3770 ο
2700 3739 2895 3810 δένδρα
2946 3740 3187 3793 Λιϐάνου
3271 3738 3677 3811 χρηματίσομεν
3729 3733 3798 3791 εἰς

2243 3833 2420 3902 ὀσμὴν
2467 3832 2696 3894 εὐωδίας
2744 3833 2842 3896 τὰς
2893 3831 3123 3903 πράξεις
3157 3832 3318 3904 ἡμῶν
3352 3831 3441 3903 τῷ,
3464 3829 3580 3897 Θεῷ
3613 3823 3798 3892 ἀναφέ-

2245 3938 2453 3996 ροντες.
2489 3925 2873 3995 Φυτευθῶμεν,
2916 3925 2990 3989 ὼς
3025 3924 3182 3980 ἐλαία
3226 3925 3606 3996 κατάκαρπος,
3639 3921 3692 3972 ἐν
3728 3911 3795 3984 τῷ

2243 4018 2382 4089 οίκῳ
2432 4021 2531 4072 τοῦ
2579 4017 2744 4072 Θεοῦ.
2788 4016 2954 4089 Ὁρᾷς
2986 4018 3047 4070 τὺ
3081 4021 3179 4089 τῆς
3221 4018 3415 4082 ἐλαίας
3463 4014 3624 4086 φυτέν
3665 4011 3796 4068 ὅπως

2246 4111 2470 4175 eaeam;
2510 4112 2651 4173 ἐστι,
2687 4111 2963 4181 μηδέποτε
2994 4112 3094 4182 τὴν
3121 4111 3231 4164 τῶν
3258 4112 3475 4182 φύλλων
3501 4102 3794 4162 ἀποϐάλλων

2248 4200 2598 4267 πετάλωσινς
2629 4200 2818 4265 Οὕτως
2849 4202 2996 4270 ἡμᾶς
3019 4201 3047 4254 ὁ
3077 4202 3282 4269 Κύριος
3306 4199 3558 4272 βούλεται
3581 4188 3795 4248 κατακό-

2246 4310 2422 4362 σμους
2453 4289 2594 4346 εἶναι
2617 4293 2739 4356 ταῖς
2771 4294 3019 4362 ἀρεταῖς,
3068 4292 3166 4346 καὶ
3219 4293 3434 4364 καρπὸν
3487 4291 3666 4358 φέρειν
3707 4279 3794 4348 τὴν

2243 4385 2648 4456 ἐλεημοσύνην,
2680 4385 2754 4448 ὡς
2797 4384 2998 4440 ἔλαιον.
3033 4386 3214 4440 Καλὸν
3245 4385 3489 4456 ζηλῶσαι
3525 4381 3665 4451 ἡμᾶς
3685 4372 3793 4433 τοὺς

2245 4476 2497 4545 φοίνικας
2519 4492 2533 4508 ·
2566 4476 2642 4540 ὡς
2675 4476 2786 4548 γάρ
2821 4479 2916 4531 τοῦ
2947 4479 3190 4546 φοίνικος
3218 4477 3518 4544 λευκοτάτη
3545 4471 3637 4542 μέν
3664 4470 3792 4519 ἐστιν

555 4562 782 4618 frondes
825 4564 1099 4618 excelsa»:
1141 4565 1221 4619 sic
1251 4573 1308 4619 et
1345 4563 1616 4633 justorqu
1663 4565 1858 4620 anima:
1889 4581 2037 4636 purae
2086 4573 2138 4620 et

2241 4570 2275 4639 ἡ
2317 4569 2536 4638 καρδία,
2573 4568 2818 4640 εὔμηκες
2858 4569 2916 4622 δὲ
2969 4569 3030 4623 τὺ
3081 4569 3334 4639 στέλεχος
3385 4569 3478 4621 καὶ
3525 4562 3790 4634 ὑψίκομονο

559 4657 836 4720 candidas,
864 4669 916 4712 et
953 4673 1122 4728 usque
1153 4659 1221 4712 ad
1268 4658 1390 4712 caeli
1439 4658 1780 4714 altitudinem
1829 4659 2132 4726 eriguntur.

555 4745 708 4813 Quod
739 4751 783 4804 si
813 4753 976 4804 etiam
1027 4751 1204 4820 palma
1237 4749 1482 4805 abundat
1527 4751 1731 4804 aculeis
1763 4749 1901 4820 (13),
1935 4751 2136 4805 habent

2249 4658 2424 4722 οὕτως
2457 4660 2514 4712 al.
2545 4659 2654 4712 τῶν
2685 4660 2913 4714 δικαίων
2941 4661 3114 4731 ψυχαὶ
3153 4660 3415 4732 καθαραὶ,
3464 4657 3555 4711 καὶ
3600 4645 3790 4707 λευκαὶ,

2249 4750 2508 4822 καὶπερὶ
2557 4753 2627 4806 τά
2676 4751 2910 4822 οὐράνια
2960 4752 3068 4824 ὕψη
3126 4754 3543 4822 άνατεινόμεναι
3575 4760 3589 4776 ·
3623 4744 3669 4796 εἰ
3709 4736 3790 4789 καὶ

1793 4909 2114 4972 Francisci
2147 4911 2355 4973 Scorsi
2391 4919 2576 4974 notae.

628 5073 742 5148 (ll)
775 5074 921 5129 Visio
949 5078 1113 5141 pacis.
1159 5075 1389 5148 Etymon
1431 5087 1513 5130 est
1539 5077 1698 5148 vulgo
1732 5086 1942 5133 notum.
1965 5074 2141 5132 Verba

558 5145 822 5214 llehraica
849 5160 973 5197 sunt
999 5158 1120 5206 nam
1145 5145 1326 5201 videre
1355 5156 1410 5200 et
1443 5147 1605 5206 mu?
1635 5162 1760 5214 pax.

629 5215 738 5284 (1‘2)
785 5213 1152 5283 Excerpentes.
1187 5216 1249 5270 P.
1290 5233 1340 5271 c.
1383 5213 1719 5285 ἀνελόμενοι,
1754 5216 1818 5271 G.
1867 5216 2141 5286 ἀναλεγό-

562 5303 736 5356 μενοι,
770 5301 929 5352 quem
969 5290 1314 5340 utrerim'em
1353 5296 1568 5356 secutus
1609 5302 1749 5356 ειιιιι.

630 5356 742 5426 (15)
787 5355 929 5418 Quas
973 5368 1234 5425 gestamus
1271 5358 1326 5409 in
1376 5355 1807 5429 manibusaNota
1838 5359 1996 5412 ritum
2051 5375 2141 5429 ge-

557 5429 734 5498 gtandi
793 5429 996 5498 palmas
1031 5429 1082 5480 in
1123 5430 1388 5490 manibus,
1421 5442 1580 5494 quam
1623 5427 1694 5481 sit
1730 5429 2006 5496 antiquus,
2031 5427 2138 5498 quo

555 5496 797 5551 Ecclesia
836 5497 1072 5550 Horiiaua
1127 5497 1392 5566 hodieque
1429 5500 1614 5562 utitur,
1649 5506 1720 5566 iet
1775 5499 1950 5566 relege
1991 5496 2131 5566 prie-

559 5579 704 5621 terea
727 5581 846 5635 quze
868 5567 1251 5636 scripsimusiu
1270 5563 1538 5637 P’romtnio
1559 5582 1616 5629 ll,
1641 5565 1669 5637 §
1697 5567 1751 5630 6,
1773 5569 1837 5621 de
1853 5563 2131 5637 vin-epat-

559 5639 716 5706 φόροι
751 5652 854 5706 qua
885 5637 1057 5692 Graeci
1091 5639 1229 5691 hanc
1257 5636 1396 5690 diem
1457 5636 1756 5704 palmarum
1818 5636 2126 5706 indigitant.

629 5703 744 5777 (is)
770 5703 1246 5777 VCandidissimum
1278 5707 1484 5774 quidem
1523 5721 1630 5777 car.
1676 5705 1915 5774 Καρδίαν
1936 5703 2130 5777 palma:

559 5776 793 5842 appellat
855 5777 941 5830 hic
996 5776 1292 5830 Cerameus
1363 5775 1650 5829 medullam
1720 5777 1880 5841 illius,
1939 5775 2126 5831 eodem

558 5845 781 5898 olunino
811 5846 1030 5899 nomine
1051 5861 1157 5913 quo
1175 5845 1602 5914 Theophrastus,
1629 5859 1787 5914 quam
1835 5847 2018 5902 itidem
2040 5847 2131 5912 ἐγ-

2241 5077 2462 5149 κάρδιον
2535 5088 2590 5132 et
2649 5081 3002 5150 μήτρανμρι
3085 5079 3300 5148 μυελὸν,
3341 5077 3570 5150 Galenus
3641 5070 3783 5150 etiam

2238 5149 2538 5220 ἐγκέφαλον
2569 5149 2743 5203 voeat.
2766 5149 2839 5202 'ld
2868 5149 3145 5220 nimirum,
3193 5152 3334 5220 quod
3392 5149 3616 5220 medium
3648 5152 3783 5220 estin

2240 5214 2403 5287 ligno,
2455 5221 2671 5272 tertium
2702 5235 2732 5272 a
2799 5219 3022 5274 cortice.
3078 5214 3281 5274 Plinius
3325 5229 3377 5272 et
3427 5214 3784 5287 tnedullgtnnct

2238 5285 2523 5342 cet-chrum
2561 5308 2574 5342 :
2608 5288 2787 5342 Dulcis
2845 5289 3076 5342 medulla
3137 5306 3339 5353 eurum,
3400 5285 3660 5353 inquit,in
3707 5293 3783 5330 ca-

2237 5359 2466 5425 cumine,
2515 5360 2651 5428 quod
2704 5359 2974 5412 cerebrum
3034 5361 3319 5426 appellunt,
3362 5365 3678 5423 exeriiplaqne
3730 5360 3782 5428 es

2238 5431 2436 5492 vivunt,
2496 5427 2631 5498 apud
2685 5429 2953 5481 liuellium
3009 5430 3058 5482 iu
3111 5428 3252 5484 llist.
3321 5431 3632 5499 plantarum,
3680 5427 3781 5486 Ψηε

2235 5509 2500 5552 consonat
2548 5515 2670 5554 cum
2707 5501 2790 5552 his
2825 5514 2944 5566 quas
2975 5501 3062 5555 hic
3085 5503 3294 5554 erudite
3333 5509 3527 5567 uoster.

2307 5567 2681 5642 (l5)_Abundat
2710 5557 2925 5642 aculeis.
2967 5570 3180 5633 Iimuos,
3222 5569 3385 5642 inquit
3411 5557 3778 5642 liuell.,_ra{nta

2233 5639 2504 5692 cacumine
2531 5648 2738 5691 tantum
2779 5640 2830 5692 in
2888 5642 3067 5693 orbem
3123 5641 3321 5708 spargit
3355 5654 3450 5708 suo
3494 5636 3778 5708 νςῖίὶεεβιζς

2235 5725 2348 5780 ratu
2395 5719 2705 5780 spectantes,
2762 5710 2904 5780 {aliis
2956 5696 3276 5780 longissimis
3330 5696 3776 5780 duplicibusihtllli

2230 5766 2431 5846 ﬁgura:
2462 5777 2585 5832 Haec
2650 5766 2959 5832 acuminata
3005 5766 3131 5835 foUha
3167 5789 3321 5836 Vocat
3377 5766 3576 5831 aculeos
3619 5766 3774 5820 Theo-

2232 5853 2490 5918 phrastus
2519 5863 2640 5904 cum
2681 5849 2966 5915 σκώλοπας
2995 5861 3171 5906 vocat.
