4042 6440
473 408 579 483 551

1693 403 2193 472 THEOPHANIS
2232 404 2576 468 CERAMEI

3646 407 3761 471 552

470 532 526 586 in
556 527 775 599 epulum
822 528 932 586 illis
967 525 1341 600 apposuisset,
1378 540 1485 581 una
1516 538 1637 579 cum
1670 524 1804 595 ipsis
1837 524 1892 578 in
1921 537 2069 578 men-

2177 522 2378 591 γήσας,
2413 519 2512 573 καῖ
2540 515 2805 590 προσθεὶς
2824 515 2907 581 εις
2938 516 3210 585 ἑστίασιν,
3235 516 3408 583 ἔξεισι
3440 518 3563 589 μετ’
3583 521 3771 579 αὐτῶν

470 633 580 677 tem
633 620 912 676 Olivarum
961 619 1262 691 egreditur,
1304 628 1362 672 ut
1417 632 1595 686 neque
1628 614 1946 672 Passionem
1975 614 2073 669 de-

468 710 724 781 clinaret,
757 712 1053 782 (quomodo
1099 712 1246 766 enim
1297 710 1351 765 id
1401 710 1626 773 faceret,
1659 708 1749 779 qui
1800 718 1853 764 et
1882 708 2072 778 provi-

471 806 623 860 derat
659 816 715 860 et
743 803 1070 874 przedixerat
1124 818 1183 859 se
1215 818 1503 874 passurqu
1529 841 1545 865 ,
1573 810 1626 856 et
1673 810 1857 868 posset
1904 800 2067 854 etiam

470 898 759 966 quominus
806 905 1087 966 pateretur
1109 895 1417 966 effugere?)
1452 909 1625 964 neque
1658 908 1784 947 vero
1826 908 1887 949 se
1917 892 2065 947 ultro

474 987 769 1042 homicidis
815 987 1105 1057 objiceret.
1155 987 1397 1042 Primum
1436 987 1580 1040 enim
1630 995 1748 1039 erat
1782 984 2066 1039 consilium

469 1078 1009 1147 dispositioncmque
1063 1077 1311 1133 frustrari
1348 1076 1485 1148 (l9),
1514 1087 1571 1132 et
1604 1076 1851 1147 ignavam
1877 1089 1987 1144 pra:
2012 1088 2073 1129 se

469 1171 619 1227 ferre
691 1171 1103 1238 formidinem;
1158 1171 1387 1227 alterum
1466 1186 1597 1227 vero
1656 1172 2066 1226 excusationem

470 1265 829 1321 exsecrandis
879 1265 1198 1320 hominibus
1230 1263 1581 1334 praebuisset,
1616 1262 1775 1333 quasi
1802 1278 1934 1319 vero
1965 1262 2071 1318 mi-

468 1373 577 1413 nus
618 1359 669 1412 in
702 1374 769 1413 eo
796 1360 1099 1414 occidendo
1143 1366 1486 1427 peccassent,
1535 1358 1627 1426 qui
1664 1373 1722 1411 se
1755 1355 2068 1412 voluntarie

471 1447 834 1514 tradidisset,
889 1459 944 1503 et
993 1448 1304 1518 passionem
1365 1448 1433 1501 ab
1487 1448 1623 1518 ipsis
1677 1447 2066 1518 propemodum

470 1540 844 1594 extorsisset:
882 1539 1046 1594 simul
1073 1540 1238 1595 etiam
1275 1553 1415 1593 vera:
1452 1536 1788 1594 fortitudinis
1818 1551 1877 1592 se
1906 1537 2064 1592 nobis

472 1626 730 1694 proponit
795 1627 1116 1695 exemplar,
1175 1643 1297 1681 cum
1362 1627 1574 1682 timoris
1624 1636 1679 1683 et
1727 1628 1967 1682 au'aciaa
2012 1641 2072 1683 se

471 1717 740 1773 victorem
773 1721 1038 1786 ostendit,
1082 1729 1136 1775 et
1163 1734 1261 1774 suo
1310 1719 1451 1773 facto
1491 1735 1589 1774 nos
1629 1720 1870 1787 instruit,
1898 1732 2074 1788 neque

473 1824 541 1865 ex
574 1810 808 1866 adverso
863 1813 1256 1882 aggrediendas
1304 1828 1431 1869 esse
1483 1812 1811 1867 teutationes
1837 1851 1853 1879 ,
1894 1827 2072 1881 neque

2184 614 2266 676 εἰς
2321 611 2386 664 τὸ
2447 611 2575 682 δρος
2613 608 2725 663 τῶν
2749 607 2970 675 ἐλαιῶν,
3011 608 3141 664 οὗτε
3159 609 3223 688 τδ
3249 611 3425 675 πάθος
3471 611 3770 680 ἐκκλίνων,

2181 703 2327 777 [πῶς
2349 704 2461 773 γὰρ
2493 704 2523 756 ὁ
2555 702 2651 756 καὶ
2706 701 3002 773 προειδὼς,
3047 703 3146 756 καὶ⁵
3196 703 3647 775 προαγορεύσας,
3672 708 3774 761 καὶ

2177 793 2481 865 δυνάμενος
2504 795 2700 864 φυγεῖν
2730 791 2794 846 τὺ
2834 791 3106 865 παθεῖνς]
3139 793 3266 847 οὔτε
3316 794 3426 866 μὴν
3465 796 3775 867 αὐτόμολος

2182 887 2276 943 ἰὼν
2313 886 2457 958 πρὸς
2496 888 2624 949 τοὺς
2676 888 2947 957 φονευτάς
2975 902 2990 917 ο
3020 886 3083 940 τὸ
3110 887 3211 956 μὲν
3237 889 3346 957 γὰρ
3376 888 3534 953 λύσις
3563 886 3635 961 ἦν
3667 891 3775 962 τῆς

2191 980 2532 1051 οἰκονομίας,
2568 979 2665 1032 καὶ
2681 979 2856 1032 δειλία
2887 995 2973 1042 τις
3001 979 3273 1049 ἀγεννὴ·,
3300 980 3364 1033 τὸ
3396 980 3456 1035 δέ
3493 983 3777 1053 πρόφασιν

2180 1074 2412 1143 παρεῖχε
2448 1074 2563 1126 τοῖς
2598 1071 2899 1142 βδελυροῖς,
2948 1071 3026 1134 ὠς
3054 1071 3157 1142 οὐχ
3187 1071 3464 1143 ἥμαρτον,
3502 1075 3777 1128 ἀποκτεῖ-

2180 1182 2378 1229 ναντες
2402 1164 2496 1219 τὸν
2524 1166 2722 1219 ἐαυτὸν
2762 1165 2947 1219 ἑκοντὶ
2980 1165 3324 1235 παραδόντα,
3348 1166 3447 1220 καὶ
3477 1170 3777 1239 μονονουχὶ

2177 1257 2243 1310 τὸ
2290 1258 2463 1322 πάθος
2522 1258 2876 1328 ἁρπάσαντα.
2925 1256 3096 1327 Ὁμοῦ
3148 1274 3209 1311 τε
3258 1258 3355 1311 καὶ
3401 1262 3502 1328 τῆς
3532 1259 3778 1331 ἀληθοῦς

2182 1351 2438 1422 ἀνδρείας
2499 1352 2636 1421 ήμῖν
2691 1351 2866 1414 τύπος
2914 1351 3148 1419 γίνεται,
3196 1351 3385 1421 ὀφθεὶς
3440 1352 3647 1419 δειλίας
3674 1354 3777 1408 καὶ

2182 1442 2421 1513 θράσους
2451 1440 2787 1511 ὑπέρτερος,
2823 1438 2920 1494 καὶ
2945 1437 3221 1492 διδάσκων
3262 1438 3330 1492 δι’
3367 1439 3565 1494 ἐαυτοῦ
3626 1444 3774 1512 μήτε

2179 1534 2348 1603 ὁμόσε
2405 1535 2603 1604 χωρεῖν
2663 1531 2801 1602 πρὸς
2869 1531 3000 1595 τοὺς
3064 1535 3432 1602 πειρασμοὺς,
3473 1534 3616 1603 μήτε
3658 1534 3775 1605 μὴν

2181 1625 2516 1689 ἐπελθόντας
2548 1624 2795 1694 ἀγεννῶς
2825 1623 3329 1693 μορμολύττεσθαι.
3376 1625 3490 1678 Ούκ
3523 1627 3585 1679 ἐν
3613 1627 3774 1698 οἰκίᾳ

2177 1717 2237 1771 δέ
2273 1715 2739 1787 συλλαμϐάνεται,
2787 1715 2980 1786 ἐπειδὴ
3005 1702 3343 1769 ἐδεδίττοντο
3393 1717 3523 1780 τοὺς
3569 1714 3775 1787 ὄχλους

2182 1810 2230 1863 οῖ
2264 1811 2366 1879 τὴν
2416 1808 2718 1874 ἐπιϐουλὴν
2777 1807 3200 1878 ἐξαρτύσαντες.
3229 1809 3292 1861 Ei
3317 1808 3428 1879 γὰρ
3455 1809 3551 1861 καὶ
3583 1808 3659 1881 μὴ
3688 1807 3773 1872 ὡς

475 1915 600 1955 cum
634 1918 735 1957 nos
762 1903 1044 1967 invadunt,
1073 1918 1170 1972 per
1200 1905 1472 1975 ignaviam
1517 1918 1638 1959 esse
1670 1904 2067 1958 formidandas.

2177 1901 2300 1971 Θεῷ
2341 1905 2639 1973 προσεῖχον
2669 1900 2844 1972 αὐτῷ,
2871 1899 2995 1954 ἀλλ’
3027 1901 3092 1953 ἐκ
3123 1900 3224 1969 τῆς
3273 1895 3634 1964 διδασηλίας
3667 1901 3773 1954 καὶ

474 1990 631 2048 Domi
677 2010 808 2050 vero
863 2011 969 2050 non
1027 1998 1541 2065 comprehenditur,
1589 2012 1655 2052 co
1695 1998 1839 2066 quod
1881 1997 2069 2052 turbas

475 2085 742 2141 timebant
798 2087 1175 2144 insidiatores.
1209 2090 1537 2160 Quanquam
1579 2089 1726 2145 enim
1772 2089 1926 2143 illum
1961 2103 2068 2143 non

475 2179 803 2248 reputabant
847 2181 1058 2245 Deum,
1111 2190 1356 2237 attamen
1391 2196 1456 2237 ex
1510 2183 1756 2238 doctrina
1805 2190 1860 2237 et
1899 2181 2068 2235 mira-

477 2269 615 2326 culis
645 2272 824 2326 virum
874 2273 1085 2343 justum
1115 2284 1172 2329 et
1218 2275 1542 2344 prophetam
1600 2291 1723 2330 eum
1773 2274 2071 2329 habebant.

2175 1996 2286 2049 τῶν
2313 1995 2610 2066 θαυμάτων
2642 1994 2811 2065 ἀνδρα
2870 1994 3082 2047 δίκαιον
3126 1993 3225 2048 καλ⁸
3273 1994 3568 2066 προφήτην
3597 1992 3771 2047 αὐτὸν

2175 2089 2453 2159 ἐνόμιζον.
2487 2088 2717 2142 Δίδωσιν
2743 2087 2839 2143 οὖν
2868 2087 3054 2150 αὐτοῖς
3080 2085 3272 2141 ἄδειαν
3289 2085 3355 2141 ἐκ
3376 2103 3438 2140 τε
3460 2085 3563 2156 τῆς
3589 2084 3771 2157 ὥρας,

2180 2183 2246 2235 ἐκ
2271 2198 2331 2234 τε
2353 2180 2449 2235 τοῦ
2482 2180 2651 2234 τόπου
2684 2181 2765 2245 ei;
2814 2180 2992 2249 πέρας
3046 2180 3279 2248 ἀγαγεῖν
3310 2179 3373 2233 sb
3405 2177 3772 2250 σκαιόῳημα.

2179 2270 2353 2325 Πάλιν
2383 2269 2478 2325 οὖν
2500 2272 2761 2342 προλέγει
2797 2272 2912 2334 τοῖς
2943 2269 3223 2339 μαθηταῖς
3244 2270 3307 2324 τὸ
3333 2272 3620 2342 ἐσόμενον.

476 2360 692 2419 Praebet
715 2365 1010 2436 igiturillis
1039 2378 1094 2422 et
1113 2382 1177 2423 ex
1209 2368 1365 2435 hora,
1394 2377 1541 2425 etes
1605 2370 1727 2424 loco
1757 2366 2090 2438 trausigeudi
2127 2365 2238 2421 doli
2280 2366 2656 2421 securitatem.
2708 2364 2852 2435 Ergo
2919 2378 3114 2421 rursus
3163 2365 3412 2434 praedicit
3448 2365 3773 2436 discipulis,

477 2458 624 2525 quod
647 2470 971 2514 eventurum
1003 2467 1145 2515 erat.

561 2568 581 2602 ι
626 2548 831 2606 Omnes
851 2566 945 2606 vos
972 2550 1473 2607 seandalizahiminl
1502 2551 1554 2606 in
1587 2562 1742 2608 nocte
1760 2551 1904 2618 ista;
1937 2548 2080 2605 scri-

2259 2566 2278 2600 ι
2321 2546 2533 2612 Πάντες
2585 2547 2751 2617 ὑμεῖς
2805 2546 3346 2619 σκανδαλισθήσεσθε
3396 2550 3457 2604 ἐν
3508 2552 3574 2621 τῇ
3605 2541 3779 2606 νυκτὶ

477 2648 630 2709 ptum
708 2649 797 2695 est
862 2640 1036 2707 enim,
1076 2640 1240 2711 189
1295 2641 1608 2697 Percutiam
1663 2649 1973 2711 pastorem,
2024 2645 2069 2695 el

2177 2639 2353 2711 ταύτῃ
2380 2655 2395 2670 ·
2422 2639 2740 2709 γέγραπται
2770 2639 2905 2712 γὰρ,
2936 2658 2956 2692 ι
2994 2639 3232 2729 Πατάξω
3256 2642 3350 2694 τὸν
3378 2642 3638 2711 ποιμένα,
3671 2644 3779 2699 καὶ

480 2731 869 2803 dispergeutur
918 2747 1070 2787 oves.
1127 2748 1149 2784 ι
1218 2731 1313 2787 His
1367 2733 1551 2788 verbis
1602 2732 1844 2788 ostendit
1899 2729 2069 2787 Patris

2178 2730 2775 2801 διασκορπισθήσονται
2824 2731 2897 2784 τά
2964 2731 3242 2802 πρόϐατα.
3297 2749 3317 2785 s
3352 2732 3609 2787 Δείκνυσι
3678 2733 3779 2790 διὰ

481 2825 891 2894 dispensatione
935 2835 1100 2894 atque
1155 2823 1389 2880 consilio
1437 2825 1680 2888 evenire,
1717 2823 1864 2893 quod
1896 2822 2079 2877 flebat.

486 2916 569 2972 οι)
602 2917 654 2971 id
687 2918 831 2972 enim
871 2917 1086 2971 fuerant
1124 2916 1240 2971 haec
1271 2917 1547 2971 vaticinati
1598 2916 1896 2985 prophetas.
1937 2913 2076 2981 Quid

481 3009 654 3064 vero?
693 3009 840 3064 dicet
885 3009 1085 3078 aliquis
1117 3024 1132 3061 :
1181 3009 1450 3077 percussit
1498 3007 1666 3062 filium
1696 3005 1876 3071 Pater,
1911 3021 2075 3061 oves—

2180 2820 2414 2886 τούτων,
2455 2822 2539 2875 ὃτι
2580 2821 2870 2892 οἰκονομία
2913 2821 3033 2875 ἐστὶ
3077 2822 3319 2893 πατρική
3350 2822 3411 2875 τὸ
3448 2822 3763 2893 γινόμενον.

2183 2914 2283 2967 Διά
2316 2915 2476 2967 τοῦτο
2508 2913 2619 2984 γὰρ
2649 2912 2825 2966 ταῦτα
2879 2914 3161 2985 προφῆται
3194 2915 3773 2987 προεχρήσμῴδηοαν.

2183 3003 2251 3059 Τί
2276 3005 2389 3069 οὖν,
2420 3006 2564 3059 εῐποι
2596 3022 2703 3068 τις,
2728 3007 2756 3059 ὁ
2783 3006 2974 3076 Πατὴρ
2995 3004 3231 3071 ἐπάταξε
3256 3005 3348 3058 τὸν
3377 3005 3530 3072 Υἱδν,
3563 3005 3661 3058 καὶ
3695 3006 3771 3060 τὰ

485 3116 592 3172 que
645 3102 975 3169 dissipavit?
1009 3100 1230 3156 Minime
1263 3116 1393 3155 vero
1429 3118 1454 3170 :_
1477 3116 1583 3155 non
1632 3100 1901 3168 percussit
1935 3100 2069 3169 ipse,

2183 3098 2436 3169 πρόϐατα
2504 3097 2934 3168 διεσκόρπισεν;
2967 3095 3251 3167 Οὖμενουν
3275 3113 3290 3128 ’
3319 3097 3422 3150 οὐκ
3452 3095 3726 3162 ἐπάταξεν
3748 3137 3771 3165 ,

481 3195 576 3248 sed
615 3195 699 3248 sui
739 3193 1096 3264 dispositione
1130 3193 1343 3250 consilii
1386 3194 1596 3262 percuti
1630 3208 1753 3247 eum
1802 3192 2070 3261 permisit,

481 3295 537 3343 et
572 3302 695 3341 cum
729 3286 1025 3357 prohibere
1073 3293 1292 3354 posset,
1322 3285 1434 3354 pati
1467 3285 1613 3339 sivit.
1647 3283 1880 3339 Sanctus
1910 3282 2076 3354 igitur

480 3378 677 3433 Petrus
704 3394 826 3432 cum
867 3393 1059 3432 amore
1111 3376 1387 3443 ferveret,
1441 3391 1541 3430 nec
1572 3390 1701 3431 vero
1748 3376 1879 3429 satis
1929 3385 2075 3429 recte

483 3476 691 3521 natura:
726 3466 1096 3521 infirmitatem
1125 3466 1523 3532 consideraret,
1555 3466 1621 3520 ad
1653 3464 2071 3535 promissionem

487 3574 597 3613 non
643 3560 870 3631 negandi
904 3559 1071 3623 illius,
1102 3557 1254 3613 addit
1284 3558 1449 3612 etiam
1494 3573 1553 3612 se
1578 3558 2028 3613 commoritnrum
2057 3572 2073 3611 :

490 3668 509 3701 ι
549 3648 773 3704 Etiamsi
837 3651 1144 3720 oportuerit
1207 3665 1292 3705 me
1358 3650 1497 3704 mori
1557 3660 1778 3717 tecum,
1848 3665 1957 3704 non
2024 3658 2077 3707 te

483 3743 737 3811 negabo:
771 3741 865 3796 sed
911 3743 1150 3795 animam
1187 3755 1362 3794 meam
1415 3755 1613 3810 ponam
1665 3755 1762 3813 pro
1798 3751 1867 3796 te.
1906 3759 1925 3793 ι
1967 3740 2074 3797 Sed

476 3830 745 3888 Dominus
821 3832 1112 3889 manifeste
1176 3834 1521 3904 negationem
1573 3833 1650 3887 illi
1697 3835 2070 3905 pramuntiat:

488 3943 508 3977 ι
546 3923 719 3980 Hodie
757 3925 808 3979 in
839 3936 998 3981 nocte
1042 3925 1167 3991 hac,
1212 3925 1528 3996 priusquam
1560 3924 1733 3993 gallus
1764 3941 1953 3981 vocem
1985 3927 2070 3980 bis

482 4015 728 4079 dederit,
767 4025 851 4071 ter
887 4030 974 4070 tne
1006 4030 1067 4070 es
1124 4026 1439 4085 negaturus.
1474 4033 1495 4067 ι
1555 4013 1647 4070 Sic
1676 4016 1822 4070 enim
1855 4015 2073 4074 Marcus

484 4105 826 4161 enucleatius
858 4107 997 4179 (20).
1026 4121 1189 4178 quam
1215 4107 1332 4173 alii,
1358 4107 1599 4176 scripsit.
1630 4108 1896 4173 Quoniam
1926 4109 2072 4164 enim

479 4195 693 4250 sciebat
722 4196 1009 4265 Dominus,
1041 4196 1262 4251 Petrum
1294 4207 1423 4252 tunc
1454 4196 1673 4267 quidem
1726 4210 2072 4269 negaturum,

485 4297 674 4358 postea
702 4304 831 4344 vero
866 4306 964 4360 pro
996 4305 1056 4345 se
1085 4291 1433 4357 moriturum,
1461 4291 1626 4345 verba
1664 4291 1752 4354 illa
1781 4288 2072 4363 apposuit:

468 4397 512 4432 .s
537 4379 762 4445 Hodie,»
785 4391 841 4436 et
867 4399 888 4433 ι
924 4382 979 4436 in
1012 4393 1174 4438 nocte
1200 4384 1336 4448 hac;
1365 4400 1385 4435 ι
1421 4386 1582 4438 modo
1601 4400 1706 4440 non
1737 4385 1820 4440 sic
1841 4385 2065 4443 dicens:

482 4471 665 4527 Penes
719 4472 938 4541 quidem
999 4487 1098 4543 pro
1151 4471 1239 4528 me
1289 4475 1530 4529 animum
1573 4483 1757 4540 tuam;
1827 4477 1923 4531 sed
1980 4476 2063 4531 bis

483 4560 590 4616 huc
616 4570 774 4616 nocte
813 4576 899 4617 me
928 4561 1156 4631 negabis
1178 4602 1193 4624 .
1237 4574 1456 4619 noctem
1486 4579 1686 4620 vocans
1729 4565 1858 4619 illud
1888 4568 2066 4635 ipsum

486 4651 813 4721 proditionis
847 4662 1067 4724 tempus
1092 4692 1108 4719 ,
1141 4664 1197 4709 et
1231 4669 1299 4710 es
1332 4655 1444 4724 ipsa
1492 4657 1782 4727 negatione
1824 4659 2074 4712 tenebras

484 4742 654 4798 tuenti
701 4742 946 4813 otfusas;
989 4746 1080 4818 qui
1116 4746 1260 4803 enim
1293 4747 1467 4804 lucem
1507 4759 1702 4820 negat,
1745 4749 1799 4804 iu
1835 4750 2073 4806 tenebris

483 4836 709 4893 omnino
746 4847 1020 4894 versatur.
1240 4855 1244 4859 '

2179 3191 2316 3245 ἀλλά
2330 3192 2680 3262 παταχθῆναι
2702 3191 3065 3262 οἰκονομικῶς
3083 3189 3451 3263 συνεχώρησε,
3471 3191 3564 3245 καὶ
3611 3191 3772 3245 εἴασε

2179 3283 2400 3349 παθεῖν,
2450 3282 2654 3354 καίπερ
2723 3282 2970 3337 κωλῦσαι
3030 3282 3353 3351 δυνάμενος.
3396 3283 3456 3337 Ὀ
3504 3284 3603 3354 μὲν
3668 3279 3772 3339 οὖν

2181 3374 2326 3446 ἱερὸς
2376 3376 2608 3446 Πέτρος,
2643 3376 2911 3448 διάπυρος
2969 3374 3047 3429 ὣν
3078 3375 3341 3448 ἐραστής,
3381 3375 3456 3445 μὴ
3483 3376 3666 3441 καλῶς
3703 3377 3767 3432 δὲ

2179 3468 2600 3539 περισκοπήσας
2632 3467 2733 3536 τῆς
2758 3469 2975 3536 φύσεως
3033 3467 3132 3538 τὴν
3185 3467 3477 3521 ἀσθένειαν
3526 3468 3665 3539 πρὸς
3701 3468 3770 3522 τὸ

2181 3558 2257 3632 μή
2295 3559 2641 3632 ἀρνήσασθαι
2663 3600 2679 3626 ,
2709 3560 2803 3614 καὶ
2863 3559 3266 3614 συναποθανεῖν
3319 3559 3722 3630 ἐπαγγέλλεται
3745 3575 3764 3591 ⁸

2183 3671 2203 3704 ι
2238 3652 2355 3704 Κᾶν
2384 3650 2477 3723 δὲῃ
2515 3667 2584 3721 με
2620 3651 2718 3705 σὺν
2754 3650 2838 3704 σοὶ
2895 3648 3193 3705 ἀποθανεῖν
3216 3690 3231 3715 ,
3263 3652 3325 3705 οὐ
3364 3650 3440 3721 μή
3474 3666 3535 3703 σε
3570 3649 3764 3717 ἀπαρ-

2177 3745 2438 3815 νήσομαι,
2474 3744 2613 3798 ἀλλά
2663 3743 2765 3817 τὴν
2808 3744 2991 3815 ψυχήν
3044 3761 3150 3815 μου
3207 3742 3352 3816 ὑπὲρ
3395 3743 3492 3797 σοῦ
3532 3743 3705 3815 θήσω.
3731 3765 3764 3793 ιι

2168 3836 2332 3913 γἈ).λ’
2358 3839 2386 3890 ὁ
2420 3836 2628 3907 Κύριος
2671 3835 3166 3908 ἀπαρακαλύπτως
3224 3835 3377 3907 αὐτῷ
3421 3834 3619 3908 μηνύει
3656 3837 3766 3909 τὴν

2177 3927 2410 4000 ἄρνησιν
2436 3943 2451 3959 ·
2499 3947 2517 3980 ι
2554 3929 2805 4000 Σήμερον
2834 3932 2893 3982 ἐν
2927 3933 2994 4000 τῇ
3016 3927 3176 3981 νυκτὶ
3204 3928 3382 4002 ταύτῃ
3401 3968 3417 3995 ,
3450 3928 3583 4001 πρὶν
3612 3928 3647 4000 ή
3676 3927 3766 3994 δὶς

2176 4017 2448 4088 ἀλέκτορα
2474 4019 2760 4088 φωνῆσαι,
2792 4019 3097 4092 ἀπαρνήσῃ
3125 4036 3194 4091 με
3229 4018 3350 4091 τρίς
3375 4035 3389 4048 ’
3432 4038 3452 4072 ι
3486 4019 3629 4073 οὕτω
3649 4019 3765 4090 γὰρ

2176 4109 2205 4160 ὁ
2226 4108 2453 4180 Μάρκος
2473 4111 2583 4163 τῶν
2601 4109 2780 4163 ἄλλων
2798 4109 3040 4182 ἔγραψεν
3087 4109 3508 4183 ἀκριϐέστερον.
3532 4110 3761 4182 Ἐπειδὴ

2176 4206 2289 4271 γὰρ
2311 4201 2428 4272 ᾔδει
2461 4204 2489 4256 ὁ
2517 4202 2722 4273 Κύριος
2749 4202 2825 4266 ὡς
2850 4202 2947 4257 νῦν
2983 4202 3086 4274 μὲν
3122 4201 3500 4275 ἀρνηθήσεται
3523 4203 3760 4275 Πέτρος,

2178 4291 2406 4365 ὕστερον
2448 4295 2637 4363 μέντοι
2682 4294 3044 4349 ἀποθανεῖται
3098 4293 3241 4368 ὑπὲρ
3291 4293 3487 4362 αὐτοῦ,
3531 4297 3765 4367 προστί-

2177 4384 2304 4454 θησι
2326 4386 2386 4438 τὸ
2415 4385 2691 4457 σήμερον,
2716 4388 2817 4441 καὶ
2845 4387 2906 4441 ἐν
2931 4390 2999 4459 τῇ
3031 4388 3196 4442 νυκτὶ
3223 4389 3427 4459 ταύτῃ,
3463 4389 3763 4459 μονονουχὶ

2171 4478 2367 4547 λέγων,
2395 4481 2472 4543 ὡς
2500 4479 2699 4552 Θήσεις
2725 4478 2826 4551 μὲν
2864 4478 2963 4551 τὴν
3006 4480 3186 4553 ψυχήν
3218 4496 3313 4535 σου
3337 4480 3478 4553 ὑπὲρ
3511 4479 3667 4552 ἐμοῦ,
3698 4481 3763 4534 ἐν

2174 4570 2366 4640 μέντοι
2394 4574 2459 4641 τῇ
2516 4571 2678 4625 νυκτὶ
2733 4572 2948 4644 ἀρνήσῃ
3009 4587 3121 4643 με’
3153 4572 3328 4627 νύκτα
3371 4571 3548 4642 λέγων
3590 4572 3763 4626 αὑτὸν

2168 4662 2262 4714 τὸν
2293 4663 2395 4730 τῆς
2429 4662 2726 4734 προδοσίας
2756 4662 2972 4734 καιρὸν,
3005 4664 3102 4717 καὶ
3131 4665 3227 4717 τὸν
3250 4664 3316 4718 ἐκ
3345 4665 3444 4736 τῆς
3463 4665 3759 4739 ἀρνήσεως

2171 4754 2506 4826 σκοτισμόν·
2545 4757 2575 4809 ὁ
2640 4755 2750 4827 γὰρ
2802 4756 3140 4829 ἀρνούμενος
3185 4757 3248 4812 τὸ
3313 4757 3431 4828 φῶς
3474 4759 3534 4812 ἐν
3567 4756 3760 4814 σκότει

2171 4846 2392 4910 πάντως
2423 4846 2566 4902 ἐστί.

1757 4998 2085 5064 Fraueisci
2115 5004 2327 5067 Scorsi
2366 5010 2554 5066 noue.

483 5141 673 5198 obtulit
707 5156 802 5209 pro
853 5140 1005 5195 nobis
1056 5141 1370 5196 oblationem
1417 5150 1469 5196 et
1516 5144 1837 5210 sacriﬁcium
1894 5164 2075 5203 sacer.

482 5217 582 5267 dos
612 5211 749 5282 idem
795 5221 844 5264 et
881 5211 1083 5282 Agnus
1132 5212 1225 5264 Dei
1282 5213 1373 5282 qui
1416 5212 1552 5267 tollit
1615 5227 1828 5282 peccata
1865 5220 2069 5275 mundi.

561 5282 674 5353 (l9)
709 5280 1001 5353 Consilium
1022 5280 1521 5353 dispesitio'nemqne
1570 5280 1843 5352 frustrari.
1882 5286 2065 5343 Visum

485 5348 592 5407 hoc
645 5350 764 5405 loco
818 5351 880 5404 τὸ
905 5348 1221 5424 οἰκονομίαν
1280 5348 1522 5424 pluribus
1567 5348 2060 5424 circumscribere;

482 5436 646 5492 quam
674 5426 856 5475 tamen
911 5434 1094 5492 vocent
1148 5421 1283 5474 alius
1328 5421 1654 5490 simpliciter
1691 5427 1848 5488 verti,
1884 5421 2066 5481 lucari-

487 5488 803 5563 nationem:
851 5493 945 5544 sed
974 5488 1202 5563 hic_non
1254 5501 1374 5563 tam,
1398 5488 1571 5560 ipsam
1601 5493 2061 5563 lncarnatiouetn,

484 5575 658 5637 quam
721 5556 1119 5637 lncarnatiduis
1158 5556 1484 5637 _c9nsiliu_'nt
1546 5556 2065 5637 dispusitionemque

485 5630 772 5701 significat,
826 5630 1002 5701 sicuti,
1051 5640 1109 5682 et
1157 5630 1295 5684 infra
1330 5630 1676 5701 :Aeixvuciv
1726 5637 1790 5687 ὲκ
1835 5630 2062 5701 τούτων,

483 5699 568 5751 δτι
589 5700 873 5773 οἰκονομία
893 5700 1015 5773 ἐστὶ.
1043 5702 1286 5773 πατρική
1331 5700 1391 5754 τὸ
1420 5704 1705 5773 γινόμενον
1725 5742 1740 5758 .
1770 5702 1866 5758 His
1899 5699 2066 5761 verbis

484 5715 568 5751 οτι
589 5715 873 5819 οικονοιμια
898 5715 1015 5751 εστι
1043 5715 1286 5771 πατρική
1331 5715 1391 5754 το
1420 5715 1705 5773 γινομενον
1725 5742 1740 5758 .
1770 5715 1866 5758 ms
1899 5715 2066 5761 verbis

484 5771 745 5841 ostendit_
798 5770 932 5841 utris
958 5771 1350 5841 dispensatione
1383 5780 1540 5841 atque
1594 5776 1810 5827 consilio
1844 5778 2066 5840 evenire,

486 5839 627 5906 quod
663 5837 835 5892 iebat.
877 5838 953 5893 De
997 5853 1106 5908 quo
1142 5840 1262 5895 fuse
1294 5837 1524 5895 disserui
1556 5842 1704 5897 hom.
1742 5842 1795 5909 5,
1822 5854 1937 5899 not.
1974 5837 2064 5901 98.

2241 5149 2358 5221 (20)
2385 5150 2602 5206 Marcus
2648 5151 2982 5212 enucleatius.
3031 5153 3089 5210 S.
3142 5154 3380 5213 Marcum
3441 5159 3752 5219 distinctius

2169 5222 2535 5300 negationem,
2585 5235 2747 5290 quam
2780 5223 2927 5300 alios
2951 5226 3320 5300 evangelistas
3354 5234 3753 5300 conscripsisse

2169 5291 2373 5369 ai_t__h_i_c
2396 5301 2625 5369 auctnr‘;
2663 5294 2807 5359 quod
2826 5291 3165 5369 Maldonatns
3199 5308 3381 5353 noster
3409 5291 3747 5369 observavit,

2166 5361 2481 5436 addiditque
2513 5362 2813 5436 rationein,
2848 5377 2943 5416 seu
2990 5365 3354 5436 conjecturam
3379 5384 3532 5422 suant
3565 5387 3578 5423 :
3616 5361 3751 5426 Pro;

2167 5429 2619 5507 babilcpjnqui‘t,
2684 5432 2814 5483 mihi
2878 5429 3108 5507 viderat"
3134 5435 3375 5490 Marcum
3437 5454 3503 5492 ea:
3562 5438 3749 5507 Petro,

2162 5499 2316 5569 cujus
2359 5500 2648 5578 discipuius
2716 5510 2850 5578 erat,
2904 5505 3239 5578 intellexisse,
3301 5523 3408 5578 non
3442 5509 3614 5563 solum
3638 5499 3748 5578 qun

2164 5570 2441 5635 sententia,
2498 5572 2586 5622 sed
2640 5572 2826 5637 quibus
2886 5576 3045 5627 etiam
3092 5577 3261 5630 verbis
3329 5577 3431 5631 sibi
3500 5570 3747 5637 Christus

2161 5640 2661 5718 pradixissetfore,
2698 5653 2751 5692 tu
2799 5651 3127 5718 tcr_eum__ea
3170 5654 3318 5718 nocte
3364 5659 3597 5718 negaret,
3643 5653 3743 5704 iis-

2162 5711 2380 5780 demque
2412 5711 2577 5764 verbis
2611 5726 2761 5764 usum
2821 5715 3001 5781 luisse.
3042 5716 3107 5768 Et
3155 5717 3259 5769 alia
3317 5711 3450 5771 item
3493 5719 3542 5771 in
3585 5711 3749 5777 hunc

2163 5793 2404 5861 sensum.
2426 5781 2599 5861 Atqne
2638 5783 2737 5861 hoc
2767 5792 2850 5861 est
2885 5788 3025 5861 qtrod
3067 5786 3139 5838 ait
3176 5786 3365 5841 Noster
3397 5787 3492 5843 :‘O
3516 5790 3747 5861 Μάρκος

2165 5848 2271 5903 τῶν
2314 5848 2764 5920 ἀλλωνεγραεζιεν
2802 5848 3210 5926 ἀκριϐέστερον.
3612 5848 3627 5861 ’
3706 5880 3711 5885 '
