4042 6424
348 418 458 481 569

1708 418 2040 485 IIOMILIA
2080 421 2324 484 XXVII.

3525 422 3628 488 576

348 532 478 586 σθαι
513 535 680 589 αὑτὸν
724 536 824 600 τὰς
878 538 1103 599 ἀκτῖνας
1138 536 1232 590 τοῦ
1279 537 1621 607 Πνεῦμα-ως.
1673 557 1689 586 ι
1733 536 1926 596 Οὐδεὶς

2043 547 2191 590 nocte
2229 538 2496 604 event-rit,
2530 538 2631 593 hoc
2661 548 2768 604 est,
2834 549 3124 606 anteptam
3160 535 3403 607 Spiritus
3433 534 3619 607 fulgo-

352 627 462 696 γὰρ
489 624 715 680 δύναται
743 628 941 692 εἰπεῖν,
972 629 1178 699 Κύριον
1223 628 1456 700 Ἰησοῦν,
1493 631 1540 682 εξ
1580 630 1654 699 μὴ
1687 630 1744 680 ἐν
1777 627 1944 680 Πνεύ-

356 733 490 784 ματι
514 718 676 788 ἁγίῳ.
721 737 737 770 ι
770 749 841 759 -
867 738 884 773 ι
937 719 1104 773 Ούπω
1127 717 1192 790 ἦν
1222 721 1448 790 Πνεῦμα
1470 721 1627 789 ἅγιον
1651 737 1664 752 ·
1710 722 1803 773 καὶ
1835 719 1942 788 γὰρ

349 808 509 862 οὖπω
545 810 757 880 Ἰησοῦς
791 811 878 866 διὰ
909 815 1147 882 σταυροῦ
1192 813 1532 878 ἐδεδέξαστο.
1570 813 1724 882 Τάχα
1757 813 1812 865 δὲ
1846 814 1942 866 καὶ

351 903 652 956 ἀκόλουθον
683 900 772 974 ἦν,
828 905 919 958 τὸν
964 907 1260 973 ἐπιγνόντα
1319 906 1530 977 Ἰησοῦν
1563 907 1652 960 διὰ
1680 907 1940 972 πίστεως,

351 997 448 1048 καὶ
472 996 637 1050 πάλιν
665 998 722 1050 ὲν
747 1001 810 1068 τῇ
838 999 976 1069 αὐλῇ
1000 1000 1095 1052 τοῦ
1123 1001 1382 1061 σκιώδους
1409 1001 1576 1070 νόμου
1607 1000 1939 1070 ἐμμένοντα,

352 1089 568 1141 καὶτὸν
618 1090 921 1160 ὑπηρέταις
980 1092 1072 1144 τοῦ
1125 1093 1555 1154 ἀποκτείναντος
1609 1094 1942 1164 γράμματος

349 1178 548 1233 huc)»;
578 1183 1028 1250 καταμιγνύοντα
1054 1184 1158 1236 ὑπὸ
1179 1184 1278 1252 τῆς
1315 1185 1609 1252 παιῗίσκης
1638 1184 1736 1253 τῆς
1786 1199 1940 1250 νομι-

350 1273 476 1341 κῆς,
508 1276 678 1343 φημὶ,
705 1273 962 1345 λατρείας
997 1276 1133 1344 πρὸς
1156 1276 1252 1346 τὴν
1294 1276 1524 1346 ἄρνησιν
1547 1275 1648 1338 τῆς
1681 1275 1940 1343 ἀληθείας

349 1365 699 1431 ἐφέλκεσθαι,
733 1366 838 1430 ἕως
865 1366 930 1424 ἂν
979 1371 1006 1420 ὁ
1041 1367 1401 1430 ἀποστολικῖις
1459 1367 1615 1435 λόγος
1645 1369 1673 1420 ὁ
1719 1367 1939 1436 μηνύων

348 1459 446 1527 τὴν
477 1459 696 1529 ἡμέραν
725 1461 824 1528 τῆς
865 1460 1104 1524 πίστεως
1142 1460 1392 1529 καθάπερ
1423 1460 1675 1528 ἀλέκτωρ
1711 1461 1938 1530 φωνήσῃ

349 1548 642 1618 κεκραγὼς
696 1549 1023 1620 διαπρύσιον
1052 1569 1064 1584 ’
1110 1571 1128 1602 ι
1179 1552 1242 1604 Ἠ
1281 1552 1377 1619 νὺξ
1435 1551 1759 1621 προέκοψεν,
1817 1551 1938 1620 ἠδὲ

348 1639 531 1710 ἡμέρα
563 1641 798 1710 ἤγγικεν
821 1659 836 1672 ⁸
877 1662 898 1695 ι
929 1645 1022 1695 καὶ
1053 1645 1175 1696 τότε
1212 1642 1446 1709 ἐξελθὼν
1473 1642 1577 1707 ἔξω
1611 1643 1710 1711 τῆς
1735 1641 1831 1696 τοῦ
1856 1643 1940 1694 νό-

347 1750 450 1799 μου
514 1735 674 1796 σκιᾶς
734 1734 964 1788 κλαύσει
1017 1735 1256 1805 πικρῶς,
1289 1737 1536 1788 τουτέστι
1571 1736 1668 1805 τὴν
1711 1736 1938 1804 πικρίαν

346 1827 454 1879 τῶν
503 1829 748 1896 νομικῶν
810 1830 1326 1899 παρατηρημάτων,
1369 1831 1768 1882 συνεκκενώσει
1825 1833 1935 1892 τοῖς

340 1921 630 1992 δάκρυσιν,
689 1921 848 1974 υῦτω
887 1923 995 1994 γὰρ
1054 1922 1150 1976 καὶ
1210 1923 1418 1992 Πέτρος
1473 1925 1573 1977 οὐκ
1604 1925 1660 1976 ἐν
1694 1928 1757 1992 τῇ
1797 1923 1932 1991 αὐλῇ

345 2014 531 2082 μένων
567 2015 857 2080 ἔκλαυσεν,
892 2016 1006 2069 ἀλλ’
1034 2016 1265 2084 ἐξελθὼν
1288 2017 1394 2080 ἕξω
1427 2016 1534 2069 τῶν
1566 2017 1932 2087 πραγμάτων,

342 2109 436 2166 καὶ
469 2107 669 2173 λόγων,
739 2111 834 2160 καὶ
890 2108 1112 2173 τόπων,
1163 2109 1272 2161 τῶν
1309 2109 1592 2178 ἀρνεῖσθαι
1635 2109 1936 2163 ποιούντων

343 2199 433 2253 τον
474 2202 704 2269 Κύριον.
743 2201 1159 2271 Ἀρνησαμένου
1209 2201 1341 2269 γοῦν
1375 2202 1524 2266 ἅπαξ
1575 2201 1670 2254 τοῦ
1705 2202 1934 2272 Πέτρου,

341 2293 367 2342 ὁ
404 2293 662 2364 ἀλέκτωρ
705 2293 990 2363 ἐφώνησεν
1014 2313 1028 2326 ·
1062 2293 1149 2346 ὅτε
1183 2293 1241 2346 δὲ
1291 2293 1390 2354 τὰς
1421 2294 1614 2356 λοιπὰς
1645 2293 1738 2346 δύο
1768 2295 1939 2364 ἀρνή-

340 2399 455 2442 σεις
497 2385 773 2452 ἐπήγαγε,
805 2384 926 2437 τότε
963 2387 1057 2437 καὶ
1088 2385 1116 2436 ὁ
1163 2386 1415 2454 ἀλέκτωρ
1447 2386 1609 2439 πάλιν
1659 2385 1935 2454 ὲιρώνησε,

343 2474 616 2534 καὶοῦτω
641 2476 723 2528 δεῖ
747 2479 890 2530 νοεῖν
913 2476 972 2530 τὸ
998 2477 1104 2529 ὑπὸ
1139 2477 1232 2530 τοῦ
1265 2478 1494 2547 Μάρκου
1525 2477 1692 2547 ῥηθέν
1713 2495 1725 2508 ·
1753 2497 1771 2528 ι
1800 2477 1938 2547 Πρὶν

341 2565 617 2631 ἀλέκτορα
666 2568 917 2638 φωνῆσαι
939 2567 1042 2631 δὶς,
1073 2570 1196 2639 τρὶς
1227 2569 1524 2640 ἀπαρνήσῃ
1560 2587 1649 2636 με.
1686 2589 1700 2618 ι
1731 2568 1877 2621 Ἀλλ’
1910 2570 1938 2620 ὁ

346 2659 447 2726 μὲν
507 2660 712 2729 Πέτρος
765 2661 1024 2731 περιδεὴς
1056 2660 1152 2724 ῶν,
1223 2662 1321 2715 οὐκ
1371 2661 1571 2733 ᾔσθετο
1603 2661 1815 2730 ταχέως
1843 2660 1935 2714 τοῦ

347 2749 668 2822 πτώματος.
717 2751 774 2805 '0
801 2752 857 2805 δὲ
886 2753 1090 2824 Κύριος
1127 2755 1414 2823 στραφεὶς,
1471 2755 1593 2806 ἐπεὶ
1619 2755 1719 2808 οὐκ
1742 2749 1810 2824 ἦν
1849 2754 1939 2807 διὰ

347 2846 511 2912 λόγου
567 2846 956 2908 κατονειδίσαι,
1011 2847 1149 2916 προς
1185 2847 1500 2915 ἀνάμνησιν
1548 2846 1673 2911 ἄγει
1731 2847 1817 2899 διὰ
1842 2849 1936 2898 τοῦ

348 2935 690 3005 βλέμματος.
724 2939 830 2989 Καὶ
858 2937 884 2988 ό
922 2939 1128 3008 Πέτρος
1182 2937 1366 2999 εὐθὺς,
1401 2938 1476 2992 ὡς
1513 2941 1577 2991 ἂν
1607 2940 1668 2990 ἐκ
1699 2940 1808 2993 τῶν
1841 2941 1938 2992 δαο

347 3030 538 3100 κρύων
573 3033 647 3101 μὴ
706 3033 1018 3101 κατάσοροε
1070 3033 1324 3101 γένηται,
1385 3034 1480 3085 καὶ
1515 3033 1763 3103 μαθηιὴς
1795 3029 1938 3087 εἶναι

346 3124 689 3195 ὑποπτευθῇ.
719 3124 951 3190 ἐξελθὼν
984 3127 1089 3191 ἔξω
1117 3127 1214 3194 τῆς
1241 3127 1460 3195 ἀνόμων
1488 3127 1679 3196 αὐλῆς,
1725 3128 1938 3198 πικρῶς

2048 643 2134 681 res
2167 631 2464 696 exciperet.
2501 649 2519 682 ι
2569 628 2760 697 Nemo,
2794 632 2961 697 enim,
2993 639 3176 701 potest
3214 629 3400 684 dicere
3444 629 3632 684 Dom-i-

2048 735 2172 772 nmn
2203 719 2388 774 Jesum
2421 721 2521 775 nisi
2551 722 2604 776 in
2633 721 2838 792 Spiritu
2870 732 3060 778 sancto
3079 722 3150 778 ⁷⁷.
3178 739 3198 772 ι
3232 720 3478 776 Nondum
3512 729 3634 776 erat

2045 810 2282 879 Spiritus
2318 813 2497 878 datus,
2538 815 2662 882 quia
2713 813 2871 869 Jesns
2927 813 3167 868 nondum
3205 823 3324 867 erat
3355 813 3630 882 gloriﬁca-

2049 903 2223 958 tus".
2258 923 2275 954 ι
2313 903 2589 959 Fortassis
2643 906 2808 958 etiam
2865 920 3208 973 consequens
3245 915 3382 968 erat,
3423 913 3501 968 ut,
3538 903 3628 972 qui

2040 1012 2140 1065 per
2194 997 2352 1050 [idem
2393 1010 2613 1051 noverat
2656 996 2868 1060 Iesum,
2897 1008 2949 1052 et
2983 1014 3173 1052 rursus
3228 999 3280 1051 in
3316 999 3460 1050 atrio
3495 997 3630 1066 legis

2045 1088 2353 1142 umbratilis
2385 1089 2550 1159 198
2575 1089 2989 1153 immorabatur,
3009 1103 3242 1158 seseque
3267 1089 3485 1152 litterae,
3508 1104 3632 1157 quae

2042 1179 2247 1234 occidit
2310 1181 2582 1236 ministris
2625 1182 3005 1236 immiscuerat
3053 1183 3120 1238 ab
3181 1183 3400 1246 ancilla,
3441 1182 3628 1250 legali,

2045 1275 2290 1343 inquam,
2321 1275 2471 1329 enltu
2507 1276 2573 1329 atl
2615 1277 2897 1329 veritatem
2927 1277 3231 1343 negantiam
3278 1276 3630 1343 pertrahere-

2042 1376 2154 1430 tur,
2187 1368 2362 1422 donec
2386 1367 2725 1435 apostolicus
2770 1383 2954 1422 sermo
2994 1367 3168 1422 instar
3209 1367 3459 1421 canentis
3505 1367 3628 1436 galli

2046 1461 2180 1516 diem
2218 1461 2339 1516 ﬁdei
2372 1462 2635 1518 nuntians
2679 1461 2882 1517 clarius
2914 1461 3180 1515 ciamaret
3211 1479 3224 1515 :
3263 1479 3282 1512 ι
3333 1459 3444 1513 Nox
3492 1475 3631 1528 prae-

2041 1555 2230 1618 cessit,
2275 1555 2392 1608 dies
2437 1567 2618 1610 autem
2672 1555 3220 1624 appropinqnavit";
3268 1573 3288 1607 ο
3327 1564 3454 1608 ttme
3501 1569 3631 1607 vero

2043 1646 2113 1700 ab
2155 1647 2348 1701 umbra
2397 1647 2530 1716 legis
2563 1664 2841 1718 egressus,
2875 1649 3033 1703 ﬂeret
3067 1663 3289 1713 amare;
3321 1647 3627 1701 amaritiem

2042 1740 2253 1794 scilicet
2295 1740 2547 1808 legalium
2585 1741 3033 1795 Observationum
3070 1756 3166 1808 per
3198 1741 3472 1810 lacrymas
3505 1755 3634 1792 eva-

2042 1841 2253 1884 cuaret.
2288 1831 2381 1884 Sic
2415 1831 2560 1884 enim
2589 1841 2644 1884 et
2683 1830 2876 1884 Petrus
2908 1845 3016 1883 non
3065 1829 3236 1890 ﬂevit,
3273 1830 3397 1883 dum
3431 1829 3634 1882 mansit

2045 1924 2094 1976 in
2126 1923 2286 1983 atrio,
2318 1923 2408 1975 sed
2440 1932 2729 1993 postquam
2760 1939 2822 1978 ex
2874 1924 3050 1984 lactis,
3089 1931 3143 1976 et
3173 1923 3356 1986 dictis,
3383 1933 3438 1974 et
3474 1922 3631 1986 locis,

2041 2032 2163 2085 qua:
2196 2025 2253 2070 nt
2281 2016 2566 2070 Dominum
2605 2025 2828 2083 negaret
2857 2016 3176 2078 eﬂ‘ecerant,
3239 2030 3299 2068 se
3345 2013 3632 2067 subduxit.

2042 2105 2213 2161 Porro
2255 2114 2435 2158 autem
2470 2109 2534 2158 ad
2567 2107 2796 2174 primam
2832 2105 2978 2160 Petri
3015 2107 3359 2174 negalionem
3389 2104 3635 2158 cantavit

2042 2197 2236 2265 gallus.
2266 2196 2366 2253 Ubi
2402 2214 2530 2253 vero
2563 2199 2800 2266 reliquas
2837 2199 2972 2250 duas
3004 2197 3222 2265 adjecit,
3257 2205 3388 2249 tunc
3434 2196 3632 2248 iterum

2042 2290 2220 2358 gallus
2287 2291 2564 2354 cantavit;
2620 2299 2788 2359 atque
2841 2290 2916 2344 ita
2977 2289 3430 2357 intelligendum,
3491 2289 3633 2356 quod

2042 2385 2253 2439 dictum
2295 2394 2380 2437 est
2413 2401 2440 2437 a
2476 2383 2658 2437 Marco
2696 2401 2709 2436 τ
2747 2403 2765 2434 ι
2801 2383 3109 2451 Antequam
3136 2382 3308 2451 gallus
3333 2382 3416 2436 bis
3446 2398 3632 2436 vocem

2043 2477 2274 2539 dederit,
2311 2488 2394 2530 ter
2435 2492 2520 2530 me
2555 2491 2614 2531 es
2653 2485 2954 2546 negaturus
2979 2476 3046 2529 ³⁸.
3084 2493 3102 2526 ι
3143 2474 3248 2529 Sed
3283 2475 3478 2529 Petrus
3507 2475 3634 2528 dum

2046 2570 2364 2638 trepidaret,
2401 2570 2582 2624 adlmc
2635 2584 2742 2623 non
2797 2568 2984 2624 statim
3019 2568 3233 2635 lapsum
3267 2581 3389 2621 esse
3418 2581 3478 2619 se
3507 2581 3638 2620 seu-

2041 2661 2152 2726 sit;
2211 2660 2471 2714 Dominus
2505 2675 2634 2715 vero
2674 2660 2995 2722 conversus,
3046 2660 3305 2729 quoniam
3369 2661 3549 2713 verbis
3584 2659 3634 2713 ei

2042 2754 2376 2823 exprobrare
2401 2768 2507 2807 non
2528 2753 2746 2817 licebat,
2768 2753 3050 2808 oculorum
3067 2752 3318 2820 conjectu
3346 2753 3634 2805 conscien-

2043 2849 2170 2901 tiam
2206 2847 2405 2916 arguit.
2452 2846 2544 2900 llle
2576 2861 2708 2900 vero
2741 2845 3005 2900 continuo
3038 2859 3103 2898 ex
3136 2844 3428 2913 impiorum
3467 2845 3631 2905 atrio,

2045 2949 2196 2993 utne
2240 2953 2336 3007 per
2364 2938 2638 3008 lacrymas
2673 2937 3198 3006 deprehenderetur.
3248 2947 3301 2988 ct
3336 2933 3635 3003 discipulus

2044 3045 2167 3085 esse
2191 3030 2556 3098 judicaretur,
2589 3030 2881 3090 excedens,
2907 3044 3093 3082 amare
3121 3027 3446 3094 deploravit,
3474 3041 3637 3095 nega-

2061 3125 2224 3180 tionis
2280 3125 2700 3178 amaritudinem
2784 3122 3042 3192 lacrymis
3099 3121 3308 3176 dulcem
3369 3119 3633 3174 eﬂiciens.

339 3214 683 3284 ὠλοφύρετο,
714 3215 813 3284 τὴν
839 3217 903 3268 ὲκ
938 3216 1038 3285 τῆς
1061 3216 1349 3286 ἀρνήσεως
1374 3218 1601 3288 πικρίαν
1627 3217 1936 3284 γλυκαίνων

2047 3217 2167 3290 llas:
2199 3218 2365 3287 igitur
2401 3233 2498 3287 per
2528 3227 2744 3271 noctem
2783 3225 2938 3283 gesta
2966 3224 3094 3269 sunt

341 3311 458 3371 τοῖς
479 3309 740 3378 δάκρυσι.
776 3309 964 3362 Ταῦτα
994 3310 1095 3378 μὲν
1125 3310 1218 3362 οὖν
1261 3314 1318 3362 ἐν
1355 3312 1514 3363 νυκτὶ
1559 3311 1934 3379 διεπράττετο.

421 3422 440 3452 ι
475 3402 698 3473 Πρωῖας
725 3403 780 3455 δὲ
810 3403 1136 3472 γενομένης,
1166 3403 1496 3473 συμϐούλιον
1520 3404 1712 3457 ἔλαϐον
1735 3403 1938 3466 πάντες

340 3501 388 3549 οἱ
420 3497 700 3566 ἀρχιερεῖς
732 3497 826 3549 καὶ
864 3497 911 3548 οἱ
962 3496 1326 3566 πρεσϐύτεροι
1369 3495 1463 3549 τοῦ
1493 3496 1624 3549 λαοῦ
1677 3497 1818 3550 κατά
1843 3496 1937 3548 τοῦ

351 3587 559 3656 Ἰησοῦ,
577 3587 717 3640 ὥστε
744 3587 1058 3642 θανατῶσαι
1077 3589 1238 3642 αὐτόν
1258 3603 1272 3618 ⁸
1306 3589 1398 3642 καὶ
1430 3589 1694 3659 δήσαντες
1717 3591 1938 3658 ἀπήγα-

335 3702 464 3754 γον,
509 3685 604 3736 καὶ
632 3683 963 3754 παρέδωκαν
996 3685 1160 3736 αὑτὸν
1188 3685 1400 3756 Ποντίῳ
1452 3685 1673 3754 Πιλὰτῳ
1703 3684 1782 3754 τῷ
1808 3688 1838 3753 ἡ
1848 3703 1905 3752 γε
1923 3712 1939 3724 .

341 3778 495 3848 μόνι.
545 3795 562 3827 ι
600 3777 690 3847 Μὴ
732 3776 1100 3846 παρέλθωμεν
1139 3777 1438 3841 ἀσκέπτως
1460 3779 1520 3830 τὸ
1543 3778 1632 3831 διὰ
1666 3778 1764 3847 τῆς
1791 3779 1938 3830 ἱστο-

339 3869 470 3940 ρίας
493 3867 848 3937 δηλούμενον,
884 3867 1004 3931 πῶς
1030 3871 1077 3921 οί
1117 3867 1216 3937 μὲν
1246 3867 1494 3939 μαθηταὶ
1517 3869 1928 3923 σκανδαλισθέν-

336 3978 437 4022 τες
477 3962 535 4012 ὲν
571 3959 730 4012 νυκτὶ
755 3959 855 4012 οὐκ
880 3961 1233 4030 ἐκκρίνονται
1264 3977 1276 3989 ·
1322 3961 1459 4030 φησὶ
1494 3960 1605 4030 γὰρ
1637 3962 1664 4014 ό
1713 3961 1934 4030 Σωτήρ·

343 4073 365 4113 ᾳ
413 4053 633 4114 Πάντες
689 4053 850 4122 ὑμεῖς
922 4052 1460 4123 σκανδαλισθήσεσθε
1533 4056 1593 4106 ἐν
1646 4056 1712 4125 τῇ
1777 4056 1934 4108 νυκτὶ

335 4147 538 4216 ταύτῃ.
580 4165 599 4197 ι
641 4146 806 4201 Ἀλλά
860 4147 956 4199 καὶ
1019 4146 1229 4215 Πέτρος
1267 4146 1463 4209 νυκτὸς
1515 4131 1787 4218 ἀρνεῖται,
1844 4148 1936 4202 καὶ

339 4239 834 4308 συγγινώσκεται·
873 4233 1020 4292 οὗτοι
1061 4239 1118 4292 δὲ
1153 4241 1371 4307 πρωΐας
1401 4241 1707 4310 γενομένης
1760 4259 1942 4310 παρα-

339 4335 534 4394 δόντες
567 4332 658 4384 τον
688 4331 917 4402 Κύριον.
955 4331 1339 4400 ἀσύγγνωστοι
1380 4333 1783 4401 μεμενήκασιν.
1818 4334 1940 4385 Ἐν-

340 4424 544 4478 τεῦθεν
573 4420 964 4492 διδασκόμεθα.
1005 4421 1079 4485 ὡς
1108 4420 1178 4474 τὰ
1205 4422 1306 4491 μὲν
1349 4426 1408 4475 ἐν
1451 4423 1645 4493 ἀγνοίᾳ
1680 4424 1775 4475 καὶ
1822 4423 1940 4475 νεό-

339 4535 469 4586 τητι
495 4514 812 4586 σφάλματα,
842 4515 917 4578 ὼς
941 4516 997 4567 ὲν
1024 4516 1180 4567 νυκτὶ
1219 4515 1317 4567 καὶ
1346 4517 1526 4586 σκότῳ
1561 4517 1934 4584 πραττόμενα.

336 4610 742 4678 εὐσύγγνωστα
767 4609 980 4677 γίνεται
1003 4624 1017 4638 ·
1044 4608 1114 4662 τὰ
1143 4607 1198 4660 δὲ
1232 4610 1289 4661 ὲν
1329 4609 1516 4677 ἡλικία
1548 4608 1751 4679 τελείᾳ,

335 4700 503 4767 λόγος
532 4696 874 4767 ὲπιλάμψας,
907 4695 1166 4764 γνώσεως
1199 4695 1326 4762 ἀξια
1371 4698 1646 4768 κρίνεται.
1691 4698 1940 4752 Ἰουδαῖοι

336 4789 437 4842 οὖν
493 4787 836 4858 παραδόντες
899 4785 1194 4856 Ῥωμαίοις
1239 4787 1334 4839 τὸν
1367 4787 1596 4857 Κύριον,
1629 4793 1751 4851 ταῖς
1801 4789 1937 4844 Ῥωε

342 4881 530 4956 μαίων
569 4879 913 4952 πολιορκίαις
945 4880 1100 4933 αὐτοὶ
1131 4879 1533 4957 παρεδόθησαν,
1567 4885 1662 4935 καὶ
1689 4885 1788 4948 τὰς
1830 4885 1941 4938 τῶν

340 4964 650 5044 προφητῶν
672 4973 814 5044 ἀρὰς
845 4973 930 5033 εἰς
970 4973 1202 5037 ἑαυτοὺς
1231 4975 1652 5032 ἐπεσπάσαντο·
1693 4997 1712 5030 ι
1738 4980 1940 5044 Καθὼς

343 5067 635 5137 ἐποίησας,
667 5069 802 5137 φησὶ
832 5067 970 5138 πρὸς
993 5068 1094 5138 τὴν
1125 5069 1450 5136 συναγωγὴν
1504 5069 1742 5137 Ἀδδιοῦ,
1765 5074 1940 5138 οὕτως

416 5202 502 5274 "ll
536 5203 663 5258 Cor.
713 5221 814 5265 su.
846 5205 898 5258 5.
977 5206 1024 5237 ’³⁸
1044 5205 1204 5261 Joan.
1233 5222 1334 5274 VII,
1362 5209 1450 5264 39.

1793 4579 2015 4662 ὅτεὸῧ

1529 5212 1572 5243 τ’
1599 5209 1755 5269 Rom.
1801 5229 1917 5278 xm,
1945 5213 2032 5266 12.

2122 3435 2140 3467 ι
2187 3415 2344 3469 Mane
2378 3423 2558 3468 autem
2591 3412 2756 3474 facto,
2829 3414 3117 3466 consilium
3165 3411 3409 3466 inierunt
3442 3425 3636 3465 onmes

2043 3509 2322 3578 principes
2361 3507 2736 3566 sacerdotum,
2769 3514 2823 3559 et
2869 3507 3118 3559 seniores
3161 3505 3340 3573 populi
3372 3505 3637 3557 adversus

2043 3600 2252 3665 Jesum,
2313 3609 2370 3652 ut
2424 3614 2546 3653 eum
2586 3597 2749 3652 morti
2805 3599 3086 3650 traderent
3122 3614 3136 3650 :
3166 3607 3219 3648 et
3261 3597 3498 3649 vinctum
3537 3596 3636 3648 ad-

2045 3696 2346 3754 duxerunt,
2392 3701 2445 3744 et
2499 3691 2847 3744 tradiderunt
2879 3690 3075 3743 Pontio
3115 3688 3294 3743 Pilato
3331 3689 3570 3758 praesidi.
3610 3707 3628 3738 ι

2047 3786 2122 3839 Ne
2153 3786 2285 3839 illud
2323 3787 2422 3836 hoc
2469 3782 2588 3835 loco
2622 3783 2920 3835 observare
2953 3781 3462 3849 praetermittamus,
3490 3781 3631 3846 quod

2045 3893 2141 3947 per
2202 3878 2487 3930 historiam
2553 3873 2873 3936 indicatur,
2933 3890 3040 3942 qna
3101 3873 3318 3925 ratione
3380 3872 3632 3937 discipuli

2045 3973 2260 4037 quidem
2289 3971 2343 4021 in
2373 3977 2531 4019 nocte
2559 3966 2914 4020 SCﬂlldaliZ-‘Iii
2951 3983 3058 4019 non
3083 3963 3450 4032 reprobantur
3479 3961 3592 4031 ('58)
3617 3980 3631 4024 ;

2045 4064 2120 4115 ait
2167 4061 2438 4128 siquidem
2493 4059 2794 4112 DOminus:
2837 4059 3115 4111 (Omnes
3164 4070 3260 4109 vos
3309 4053 3631 4108 scandalum

2045 4155 2320 4222 patiemini
2349 4156 2404 4206 in
2437 4167 2521 4205 me
2554 4153 2605 4204 in
2636 4162 2796 4206 nocte
2827 4153 2950 4205 ista.
2989 4170 3006 4202 ι
3055 4149 3195 4215 Quin
3235 4147 3403 4201 etiam
3436 4145 3635 4200 Petrus

2046 4250 2096 4301 in
2133 4258 2288 4302 nocte
2337 4256 2519 4315 negat,
2579 4253 2635 4299 et
2687 4245 2899 4298 veniam
2935 4245 3181 4309 obtinet;
3220 4243 3274 4296 hi
3310 4257 3439 4296 vero
3473 4255 3635 4294 tuane

2046 4338 2211 4402 facto,
2241 4338 2527 4391 tradentes
2563 4337 2850 4390 Dominum
2887 4337 3005 4388 sine
3029 4335 3185 4389 venia
3225 4341 3631 4388 remanserunt.

2048 4431 2183 4484 llinc
2218 4445 2352 4483 sane
2401 4431 2682 4492 docenmr,
2721 4444 2840 4496 qua?
2885 4444 2981 4496 per
3012 4427 3380 4496 ignorantiam
3418 4435 3471 4479 et
3503 4436 3637 4478 teta-

2046 4523 2115 4577 tis
2161 4520 2536 4575 inﬁrmitatem
2593 4520 2738 4574 velut
2795 4519 2846 4571 in
2909 4527 3088 4580 nocte,
3125 4518 3473 4585 tenebrisque
3509 4531 3636 4584 pec-

2043 4627 2283 4680 cantur,
2331 4615 2495 4669 facile
2538 4612 2868 4675 condonari;
2913 4626 3033 4680 qnze
3085 4625 3215 4664 vero
3260 4607 3635 4679 perfectajam

2035 4719 2217 4774 actate,
2253 4725 2374 4762 cum
2427 4707 2565 4762 ratio
2588 4707 2786 4770 elucet,
2813 4705 3126 4774 cegnitione
3149 4719 3212 4758 ac
3235 4702 3443 4770 judicio
3467 4701 3632 4770 digna

2032 4800 2294 4868 iudicari.
2326 4798 2497 4854 Judmi
2530 4800 2698 4867 igitur
2722 4814 2844 4854 cum
2885 4795 3148 4851 Romanis
3193 4795 3484 4849 Dominum
3520 4802 3637 4846 tra-

2040 4891 2332 4958 didissent,
2366 4892 2736 4946 Romanorum
2788 4889 2890 4960 ipsi
2947 4885 3214 4943 obsidioni
3245 4886 3431 4941 traditi
3470 4895 3636 4950 sunt;

2037 4997 2090 5042 et
2119 4987 2509 5056 pr0phetarum
2538 4985 2688 5039 diras
2719 4984 2786 5038 ad
2824 4998 2883 5037 se
2918 4990 3306 5052 pertraxerunt
3337 4996 3350 5032 :
3411 4998 3429 5028 ι
3462 4977 3638 5032 Sicuti

2041 5079 2237 5145 fecisti,
2275 5079 2350 5131 ait
2384 5080 2450 5131 ad
2489 5075 2834 5148 Synagogam
2877 5075 3105 5140 Abdias,
3145 5075 3223 5128 sic
3269 5073 3374 5126 erit
3410 5071 3502 5126 tibi
3542 5081 3640 5126 :et

2109 5215 2156 5246 ⁸⁸
2177 5215 2344 5268 Marc.
2381 5229 2493 5272 xw.
2523 5212 2612 5266 30.

1595 5331 1914 5393 Francisci
1951 5331 2162 5394 Scorsi
2201 5338 2392 5393 notai.

419 5461 533 5528 (38)
586 5459 705 5514 Non
792 5459 1162 5521 reprobantttr.
1228 5457 1562 5525 Exetttplat'ia
1638 5477 1772 5516 mss.
1832 5461 1933 5516 hoc

349 5534 466 5594 loco
499 5532 700 5585 habent
739 5529 1115 5594 ὲκκλίνονται;
1161 5533 1256 5582 sed
1292 5529 1465 5584 facilis
1499 5547 1656 5584 error
1695 5534 1936 5598 irrepere

350 5603 521 5669 potuit
551 5613 606 5654 ut
638 5602 666 5652 λ
701 5616 797 5662 pro
829 5621 860 5668 ρ
895 5602 1266 5673 scribnrctur.
1317 5600 1698 5673 Ἐκκρίνονται
1785 5604 1933 5657 enim

350 5689 542 5728 sensus
574 5673 789 5724 videtur
821 5671 1058 5738 exigere,
1100 5680 1156 5722 ut
1193 5683 1358 5736 patet.
1413 5671 1600 5738 Itaque
1629 5675 1709 5725 sic
1745 5687 1935 5724 emen-

352 5743 469 5796 davi
499 5751 555 5797 et
613 5742 782 5795 edidi.
847 5741 1117 5795 Czeterum
1159 5742 1303 5807 quod
1347 5743 1584 5808 pertinet
1618 5746 1680 5794 ad
1727 5744 1934 5796 morale

352 5813 760 5876 documentum,
789 5814 930 5880 quod
953 5825 1019 5864 ex
1043 5811 1267 5864 historia
1283 5827 1434 5866 more
1451 5829 1550 5866 sua
1567 5811 1935 5880 Theophanes

353 5883 549 5952 uincit,
601 5881 732 5938 facit
797 5883 925 5936 illud
983 5880 1126 5938 l’sal.
1175 5897 1347 5936 mv:
1392 5882 1590 5937 Delicta
1628 5884 1932 5954 juvenlutis

2037 5477 2188 5522 mea’,
2219 5473 2266 5514 et
2303 5460 2637 5529 ignorantias
2680 5476 2820 5512 meas
2866 5477 2926 5512 ne
2975 5461 3298 5522 memineris,
3351 5457 3584 5529 Domine
3616 5471 3637 5509 .'

2037 5531 2088 5584 in
2120 5547 2280 5598 quem
2317 5528 2490 5584 locum
2528 5533 2810 5594 Bellartn.,
2839 5529 3252 5592 Commemorat,
3278 5528 3470 5592 inquit.
3517 5543 3638 5588 pe:-

2042 5617 2162 5655 ca:a
2194 5602 2524 5671 juventutis,
2553 5611 2602 5654 et
2638 5602 2968 5670 ignorantias
2991 5640 3004 5660 ,
3038 5603 3090 5652 id
3127 5612 3200 5653 eat
3247 5599 3440 5671 delicto
3492 5612 3636 5671 com-

2044 5667 2209 5726 missa
2241 5689 2304 5725 ea:
2334 5667 2673 5740 inﬁrmitate,
2705 5682 2750 5722 et
2780 5672 3102 5737 ignorantia,
3127 5674 3252 5738 quia
3286 5669 3417 5740 ipsis
3469 5667 3636 5740 magis

2033 5759 2192 5810 quam
2228 5742 2348 5794 aliis
2376 5735 2614 5795 convenit
2646 5735 3038 5801 titisericorditt,
3075 5735 3227 5808 juxta
3291 5739 3421 5793 illttd
3477 5735 3629 5789 Pauli

2035 5813 2146 5867 lad
2177 5813 2317 5867 Tim.
2358 5827 2477 5879 cap.
2519 5826 2533 5864 ι
2567 5829 2580 5865 :
2627 5811 3056 5866 Misericordiam
3115 5820 3429 5864 consecutus
3493 5823 3636 5870 sum,

2029 5884 2153 5943 quia
2181 5885 2434 5952 ignorans
2468 5881 2592 5950 feci.
