4042 6460
1756 333 1779 346 ,ο
1803 330 1907 345 μμ.
1920 324 1953 342 α

398 431 504 495 575
1338 496 1347 500 ,
1581 436 1989 498 THEOPHAN

2114 439 2467 500 CERAM‘ET
3583 429 3717 496 576

398 549 658 616 expedire
680 563 737 605 se
762 550 1045 618 satagebat
1080 531 1145 603 ε’(
1187 546 1446 616 Accipite,
1480 547 1673 618 inquit,
1707 565 1827 602 eum
1858 565 1971 610 vos.

2109 550 2252 603 Α).λᾶ
2280 550 2432 604 ταῦτ’
2461 551 2668 620 ἔφασαν
2717 549 2910 621 ἐπειδὴ
2955 552 3270 620 σταυρῶσαι
3320 547 3537 611 αὐτοῖς
3594 548 3734 610 οὐκ¹

400 650 458 695 et
492 640 791 696 secundum
827 640 997 709 legem
1040 650 1274 693 vestram
1300 639 1539 708 iudicate
1569 656 1712 706 eum,
1758 656 1777 693 ι
1815 642 1976 696 modo

2109 643 2226 712 ξῆν,
2275 643 2411 697 ἀλλὰ
2442 645 2508 713 τῇ
2542 641 2758 711 ἐξουσία
2802 640 3096 710 Ῥωμαίων
3143 634 3214 708 ἦν
3266 640 3328 695 τὸ
3385 639 3711 693 ἀνασταυ-

407 749 513 786 uou
560 734 640 787 sic
691 734 918 788 dicens:
962 732 1018 786 Si
1069 732 1153 786 lex
1211 739 1390 786 vostra
1427 743 1533 786 tam
1574 732 1718 785 fatua
1768 742 1871 799 est,
1919 744 1979 789 ut

2109 734 2231 789 ιοῦν.
2273 736 2421 788 Ἔδει
2473 736 2529 789 δέ
2574 733 2860 789 κάνταῦθα
2922 734 3083 803 λόγον
3141 731 3534 805 πληρωθῆναι
3596 731 3717 785 τοῦ

407 826 571 879 etiam
608 824 956 879 innocentem
990 825 1170 894 puniri
1219 824 1427 893 jubeat,
1466 824 1675 879 utimini
1717 825 1820 880 hac
1863 825 1979 897 lege

2110 826 2291 894 Ιησοῦ,
2328 826 2387 879 ὃν
2421 823 2538 879 εἶπε
2582 828 2700 887 τοῖς
2747 825 3040 896 μαθηταῖς,
3068 826 3167 879 ὅτι.
3212 824 3712 894 παραδοθήσεται

405 926 585 969 vestra
641 928 749 969 tam
794 917 1040 972 immani.
1076 915 1220 982 .Qnid
1264 916 1427 985 igitur
1476 916 1738 972 Vecordes
1773 917 1847 971 illi
1916 934 1980 973 ac

2109 921 2191 982 ei;
2223 917 2422 982 ἔθνεσι,
2449 916 2545 971 καὶ
2573 916 3073 982 ἀποκτανθήσεται.
3104 916 3204 969 Διὰ
3235 916 3403 977 τοῦτο
3432 916 3465 967 6
3505 913 3711 968 Ἰωάν-

408 1007 606 1076 i‘mpii?
648 1027 666 1059 ι
703 1006 870 1064 Nobis
923 1024 1029 1064 non
1065 1009 1191 1063 licet
1228 1010 1535 1063 interﬁcere
1566 1025 1916 1081 quemquam.
1954 1029 1989 1063 ιη

2115 1026 2179 1079 ης
2213 1012 2406 1079 φησίν·
2451 1029 2469 1062 ι
2493 1011 2608 1066 Ἵνα
2638 1012 2666 1064 6
2691 1009 2849 1078 λόγος
2895 1007 2989 1062 τοῦ
3022 1009 3199 1078 Ἰησοῦ
3257 1006 3554 1077 πληρωθῇ
3598 1022 3723 1081 σῃέ.

404 1100 570 1169 Atqui
605 1109 657 1153 et
693 1099 1032 1168 Stephanum
1070 1101 1375 1170 lapidasse,
1417 1111 1467 1155 et
1501 1098 1761 1156 Jacobum
1804 1112 1983 1157 sustu-

2109 1102 2294 1156 ιαίνων
2326 1102 2463 1173 ποίῳ
2492 1103 2707 1173 θανάτῳ
2757 1102 2982 1171 ἔμελλεν
3013 1102 3417 1170 ἀποθνήσκειν.
3458 1118 3478 1149 ›
3519 1097 3723 1150 Πάλιν

406 1191 537 1245 lisse
595 1192 814 1259 planum
873 1201 975 1244 est.
1027 1191 1223 1244 Verum
1282 1191 1384 1243 hoc
1435 1191 1635 1244 idcirco
1690 1193 1980 1255 dixerunt,

2109 1192 2174 1247 ιῖν
2201 1194 2486 1266 ᾕρώτησεν
2515 1198 2540 1249 6
2585 1195 2817 1258 Πιλᾶτος
2853 1194 2945 1247 τὸν
2982 1193 3194 1265 Ἰησοῦν
3216 1210 3228 1223 ·
3279 1210 3299 1243 ι
3327 1189 3526 1242 Πόθεν
3562 1185 3655 1253 εἷς
3684 1209 3705 1242 ι

405 1284 675 1351 quianon
722 1284 926 1336 licebat
975 1283 1056 1336 eis
1103 1298 1432 1352 quemquam
1487 1282 1755 1352 supplicio
1803 1285 1982 1338 crucis

2109 1288 2154 1339 ‘0
2193 1287 2357 1348 δὲὼς
2389 1286 2449 1339 οὐ
2497 1285 2753 1356 χωρητὴν
2790 1280 2955 1340 οὖσαν
3006 1283 3157 1352 αὐτῷ
3208 1281 3309 1349 τὴν
3372 1279 3731 1348 ἀπόκρισιν.

404 1374 659 1440 allicere,
714 1375 808 1430 sed
867 1376 919 1427 in
976 1376 1343 1429 Romanorum
1406 1375 1458 1429 id
1514 1385 1634 1430 erat
1689 1385 1979 1445 potestate.

2109 1379 2465 1443 ιπαναίνεται,
2518 1378 2611 1432 καὶ
2682 1373 2839 1440 αὖθις
2899 1378 3046 1446 σιγᾷ.
3089 1375 3154 1427 Τί
3208 1372 3302 1426 οὖν
3334 1372 3365 1425 6
3408 1371 3729 1438 Πιλάτοςςτ,

406 1465 710 1533 Oportebat
746 1480 874 1520 vero
902 1474 957 1519 et
985 1466 1073 1520 hic
1112 1466 1322 1534 impleri
1355 1480 1660 1520 sermonem
1699 1465 1846 1528 Jesu,
1878 1481 1986 1535 quo

2149 1472 2303 1539 Ἐμοὶ
2331 1471 2392 1525 οὐ
2409 1471 2622 1535 λαλεϊς;
2649 1470 2751 1521 οὐκ
2776 1464 2946 1532 οἶδας,
2977 1468 3056 1519 ὅτι
3092 1465 3346 1537 ἐξουσίαν
3362 1464 3489 1537 ἔχω
3523 1480 3721 1517 σταυ-ι,

409 1555 569 1624 201
610 1554 890 1623 discipulis
919 1555 1148 1613 dixerat.
1185 1554 1504 1607 tradendum
1534 1569 1594 1608 se
1624 1555 1898 1624 gentibus,
1929 1564 1985 1608 et

2109 1563 2265 1616 >ὦσαί
2302 1580 2383 1627 σε,
2412 1563 2504 1615 καὶ
2532 1561 2787 1628 ἐξουσίαν
2831 1561 2941 1631 ἔχω
2969 1557 3241 1611 ἀπολῦσαί
3282 1574 3381 1623 as;
3417 1575 3439 1609 ι
3489 1555 3559 1611 Ὀ
3600 1555 3734 1626 μὲν.

409 1650 782 1704 occidendum.
829 1650 956 1704 Ideo
1002 1659 1054 1704 et
1089 1647 1320 1703 Joannes
1355 1651 1469 1704 ait:
1510 1668 1526 1702 ι
1567 1648 1638 1704 Ut
1663 1651 1982 1706 sermoJesu

2109 1660 2152 1726 εῇ
2205 1656 2488 1726 Ῥωμαϊκῇ
2545 1652 2766 1725 ἐξουσία
2820 1651 3140 1723 θρύπτεται,
3174 1651 3205 1704 6
3252 1650 3311 1703 δὲ
3348 1648 3569 1719 Σωτὴρ
3602 1650 3737 1718 τὴν.

414 1739 752 1808 impleretur,
790 1754 952 1808 quem
1000 1739 1212 1792 dixerat
1263 1738 1598 1808 signiﬁcans,
1649 1753 1751 1806 qua
1813 1747 1986 1791 morte

2109 1747 2181 1799 :05
2210 1745 2421 1814 Πατρδς
2450 1744 2700 1798 εὐδοκίαν
2723 1742 3113 1815 προϐάλλεται.
3149 1758 3168 1793 ι
3195 1739 3314 1794 Οὐκ
3342 1736 3510 1809 εἶχες
3546 1737 3733 1802 ἐξου-.

412 1841 558 1885 esset
597 1832 909 1885 moriturus.
947 1850 966 1883 ι
1003 1829 1198 1883 lterum
1227 1846 1357 1901 ergo
1399 1832 1745 1900 interrogavit
1780 1831 1986 1885 Pilatus

2109 1839 2213 1891 τίαν
2264 1836 2546 1906 οὐδεμίαν,
2595 1838 2643 1889 εἰ
2702 1836 2777 1904 μὴ
2827 1830 2895 1905 ἦν
2937 1851 3021 1887 σοι
3054 1831 3343 1904 δεδομένον
3382 1826 3653 1889 ἄνωθεν,
3688 1847 3725 1881 s.

411 1921 636 1978 Jesum:
676 1942 694 1975 ι
730 1923 881 1978 Unde
912 1939 971 1977 es
1004 1924 1104 1977 tu?
1141 1943 1159 1976 ›
1199 1924 1288 1978 Ille
1338 1938 1467 1978 vero
1516 1935 1703 1993 negata
1758 1940 1984 1992 respon-

2109 1930 2382 1999 la6opévov
2404 1930 2463 1981 τδ
2497 1926 2994 1998 συγκεχωρημένον
3026 1924 3219 1979 εἰπών.
3254 1924 3484 1976 Ἐκεῖνο
3506 1920 3571 1973 δὲ
3603 1920 3735 1974 ’τιό-ι⁴

413 2019 586 2078 sione,
634 2031 751 2085 qum
799 2034 957 2085 supra
989 2029 1206 2085 captum
1247 2017 1363 2083 ejus
1399 2026 1516 2071 erat
1560 2018 1761 2082 futura,
1800 2033 1987 2074 rursus

2109 2036 2190 2088 της
2221 2017 2613 2088 καταπλήξεως
2645 2015 2896 2085 ἔμπλεων
2927 2010 3015 2086 ἦν,
3046 2014 3129 2067 ὅτι
3164 2012 3243 2085 τῷ
3285 2013 3392 2080 μὲν
3454 2012 3723 2082 δικαστῇ.

414 2118 578 2162 tacet.
637 2107 775 2174 Quid
829 2110 990 2177 igitur
1045 2108 1289 2162 Pilatus?
1324 2127 1342 2159 ι
1377 2108 1503 2162 Mihi
1554 2126 1656 2161 non
1706 2109 1987 2178 loqueris?

2109 2111 2188 2164 ιύκ
2227 2111 2567 2181 ἁπεκρίνατο
2604 2108 2797 2174 πολλὰ,
2830 2109 2893 2177 τῇ
2933 2107 2990 2160 δὲ
3043 2106 3270 2175 γυναικὶ
3322 2105 3513 2159 αὐτοῦ
3565 2122 3731 2175 χρη-..

413 2199 603 2253 Nescis
631 2201 758 2268 quia
795 2210 1119 2269 potestatem
1158 2202 1330 2255 habeo
1354 2201 1673 2268 cruciﬁgere
1709 2211 1778 2264 te,
1810 2213 1863 2255 et
1893 2216 1990 2271 po-

2109 2201 2337 2267 ιατίζιον
2368 2201 2560 2263 πτοίας
2588 2201 2684 2254 καὶ
2712 2201 2961 2270 ταραχῆς
2992 2198 3311 2268 ἐνεπίμπλα
3344 2197 3596 2266 πολλῆς,
3618 2198 3715 2250 ἴνα

418 2300 667 2345 testatem
716 2291 891 2346 balteo
937 2292 1213 2346 dimittere
1245 2293 1328 2346 te?
1366 2311 1384 2344 ›
1430 2295 1606 2362 Atque
1641 2293 1729 2346 ille
1769 2294 1986 2362 quidem

2109 2299 2157 2367 τῇ
2217 2295 2316 2365 μὲν
2358 2297 2535 2363 σιωπῇ
2599 2292 2697 2363 τὴν
2755 2292 3012 2360 ἀνδρείαν
3042 2292 3069 2344 6
3104 2291 3333 2352 Πιλᾶτος
3374 2291 3479 2344 τοῦ
3518 2307 3733 2359 κρινο-.

417 2382 660 2436 Romana
694 2393 957 2448 potesmte
1006 2384 1317 2447 insolescit;
1357 2378 1604 2438 Salvator
1644 2397 1771 2438 vero
1815 2383 1989 2438 Patris

2109 2388 2257 2455 μένου
2298 2383 2649 2453 καταπλαγῇ,
2673 2381 2824 2453 παρὰ
2849 2381 2905 2433 δέ
2933 2381 3033 2450 τῆς
3059 2380 3334 2448 ὁμοζύγου
3382 2380 3708 2450 βεῦαιωθῇ,

416 2473 747 2527 voluntatem
799 2474 1063 2542 opponit:
1103 2493 1121 2525 ι
1155 2471 1274 2528 Non
1306 2475 1536 2530 haberes
1576 2484 1896 2545 potestatem
1934 2475 1987 2529 in

2109 2480 2169 2542 ioc
2211 2479 2271 2532 οὐ
2310 2477 2465 2547 ψιλὸν
2491 2476 2779 2546 ἄνθρωπον
2830 2474 3031 2544 κρίνει,
3063 2473 3203 2527 ἀλλὰ
3236 2475 3351 2544 γὰρ
3392 2475 3498 2527 κοιλ⁵
3531 2473 3704 2526 Θεόν.

418 2580 504 2618 me
534 2565 719 2630 ullam,
754 2566 857 2619 nisi
888 2566 986 2621 tibi
1019 2568 1199 2620 datum
1241 2564 1429 2620 luisset
1458 2565 1711 2635 desuper,
1747 2584 1766 2618 ι
1805 2566 1989 2621 datum

2109 2571 2208 2639 361
2232 2570 2335 2640 δρᾷ
2359 2568 2415 2622 δέ
2449 2566 2683 2630 Πιλάτος
2717 2565 2775 2618 τὸ
2802 2566 3012 2637 ὅραμα,
3061 2564 3154 2618 ἵνα
3187 2563 3266 2635 μὴ
3325 2565 3725 2635 κατορῤωδή-.

418 2656 548 2712 illud
600 2673 820 2723 vocans,
883 2658 1026 2727 quod
1072 2668 1191 2712 erat
1243 2658 1587 2727 permissum.
1648 2660 1783 2715 Illud
1839 2673 1990 2724 vero,

2109 2678 2197 2725 τας
2226 2658 2471 2731 ἀπολύσῃ
2504 2657 2689 2722 αὐτὸν,
2721 2657 2815 2711 καὶ
2841 2657 2911 2711 τὰ
2943 2658 3042 2726 τῆς
3087 2655 3411 2727 οἰκονομίας
3446 2657 3513 2709 οὐ
3545 2641 3709 2709 τελεέ

2018 1883 2060 1937 Β

417 2757 677 2817 quantum
717 2749 878 2805 habet
930 2750 1189 2818 stuporis,
1229 2751 1371 2820 quod
1413 2750 1583 2805 Iudici
1625 2752 1841 2821 quidem
1886 2766 1990 2807 non

418 2844 588 2897 multa
637 2843 930 2911 respondit,
989 2857 1210 2897 uxorem
1261 2858 1388 2898 vero
1427 2843 1567 2898 illius
1616 2843 1840 2897 oraculo
1898 2844 1995 2897 ad-

423 2945 605 2990 monet
636 2972 652 2998 ,
690 2944 745 2989 et
791 2949 1010 3004 pavore,
1050 2944 1100 2989 et
1131 2935 1573 2990 consteinatione
1604 2935 1745 2989 illam
1789 2935 1992 3004 implet,

422 3035 482 3081 ut
510 3026 764 3080 nimirum
796 3024 1002 3083 Pilatus
1046 3029 1172 3082 hinc
1216 3027 1585 3081 fortitudinem
1618 3028 1757 3097 ejus,
1791 3029 1879 3097 qui
1906 3030 1994 3098 jn-

421 3116 708 3172 dicabatur
753 3133 819 3172 ex
867 3118 1081 3173 silentio
1121 3121 1525 3187 nbstupescerel
1551 3160 1567 3182 ,
1613 3120 1737 3174 inde
1764 3135 1891 3176 vero
1923 3124 1990 3175 ab

2097 2754 2198 2825 σθῇ
2225 2771 2241 2788 ο
2282 2754 2342 2807 οὐ
2377 2752 2484 2821 γὰρ
2520 2751 2610 2806 ἵνα
2646 2749 2720 2820 μὴ
2780 2749 2929 2821 πάθῃ
2987 2749 3244 2821 Χριστὸς.
3280 2748 3538 2818 ἐδείχθη,
3577 2746 3704 2801 ἀλλ’

2096 2844 2183 2898 ἵνα
2217 2843 2363 2914 σωθῇ
2389 2844 2421 2913 ἡ
2448 2841 2605 2911 γυνὴ,
2623 2839 2747 2911 ἀξία
2776 2835 2930 2898 οὖσα.
2954 2839 3028 2901 ὠς
3052 2838 3218 2900 ἔοικε,
3252 2838 3530 2908 τοιαύτης
3554 2839 3704 2891 ἀπο-
3754 2886 3759 2889 ,

2096 2935 2403 3005 καλύψεως.
2423 2936 2518 2987 καὶ
2555 2933 2655 3002 τῆς
2705 2931 3036 2999 Ἐκκλησίας
3074 2933 3099 2983 6
3124 2931 3291 2992 τύπος
3310 2931 3537 2999 δειχθῇ.
3560 2930 3704 2982 Συν-

2096 3028 2260 3099 νῲκει
2283 3028 2381 3096 μὲν
2403 3026 2508 3097 γὰρ
2529 3025 2622 3077 καὶ
2641 3025 2778 3093 αὐτὴ
2798 3023 2874 3094 τῷ
2897 3022 3071 3093 νοητῷ
3094 3023 3315 3093 [Ιιλάτῳ
3329 3022 3417 3092 τῷ
3438 3024 3596 3094 νόμῳ
3623 3022 3725 3092 τῷ.

2098 3119 2333 3191 φυσικῷ,
2369 3118 2485 3172 ἀλλ’
2519 3117 2747 3186 ὕστερον
2775 3114 3027 3192 ᾠκειώθη
3080 3114 3326 3185 Χριστῷ.
3362 3114 3705 3186 ἶΕλέγχεταί

422 3226 594 3268 uxore
642 3213 693 3266 in
744 3227 806 3266 ea
859 3211 1125 3266 sententia
1176 3210 1610 3276 conﬁrmaretur,
1644 3226 1750 3266 non
1803 3228 1991 3281 purum

2109 3228 2162 3281 γε
2201 3212 2308 3280 μὴν
2342 3211 2368 3262 6
2398 3209 2630 3269 Πιλᾶτος
2659 3207 2869 3277 εὐήθης
2911 3223 2994 3269 τις
3028 3204 3102 3258 ὣν
3135 3206 3231 3259 καὶ
3252 3206 3562 3277 ψοφοδεὴς.
3590 3207 3719 3261 Λα-,

427 3304 725 3369 hominem,
773 3305 865 3358 sed
908 3305 1070 3358 etiam
1116 3303 1283 3359 Deum
1334 3319 1362 3358 a
1409 3318 1468 3359 se
1499 3302 1755 3372 iudicari.
1802 3303 1993 3367 Verum

425 3393 598 3448 Pilato
632 3396 842 3463 species
866 3394 1046 3448 oblata
1083 3409 1187 3449 non
1224 3404 1330 3459 est,
1381 3409 1449 3450 ne
1490 3393 1779 3451 formidine
1825 3397 1996 3450 victus

426 3490 603 3555 ipsum
629 3486 965 3553 absolveret,
1003 3497 1165 3558 atq-te
1196 3489 1269 3541 ita
1314 3489 1493 3543 divina
1524 3489 1851 3558 dispensatio
1890 3504 1994 3544 non

426 3578 834 3647 perﬁceretur:
876 3595 1052 3650 neque
1095 3581 1237 3634 enim
1293 3595 1358 3635 ne
1410 3590 1683 3650 pateretur
1724 3580 1994 3645 Christus,

429 3670 520 3725 illa
553 3680 766 3725 ostensa
799 3682 901 3737 est,
934 3674 1028 3726 sed
1059 3674 1135 3727 uti
1165 3672 1357 3727 mulier
1386 3674 1693 3729 salvaretur
1714 3674 1850 3744 (42),
1876 3690 1996 3729 eum

431 3771 490 3815 ut
520 3776 647 3816 vero
674 3762 851 3817 simile
880 3763 1113 3829 videtur,
1151 3764 1309 3833 digna
1345 3771 1507 3831 esset,
1544 3765 1631 3819 cui
1668 3767 1840 3819 visum
1871 3765 1998 3820 illud

430 3854 780 3923 objiceretur,
828 3865 988 3924 atque
1020 3856 1092 3910 ita
1129 3856 1292 3910 etiam
1331 3864 1490 3928 typus
1517 3856 1776 3912 Ecclesia:
1816 3866 2000 3913 osten-

434 3947 676 3999 deretur.
712 3944 979 4017 Nupserat
1021 3949 1162 4002 enim
1196 3948 1282 4002 illa
1314 3949 1628 4019 iutelligibili
1670 3947 1865 4012 Pilato,
1899 3948 2003 4003 hoc

432 4049 516 4093 cst
546 4039 775 4092 naturali
805 4039 930 4108 legi,
956 4040 1047 4094 sed
1070 4047 1254 4108 postea
1282 4039 1498 4095 Christo
1529 4041 1773 4095 adhaesit.
1797 4037 2005 4095 Pilatus

431 4144 596 4200 porro
630 4130 778 4184 rudis
805 4130 1070 4199 quispiam
1107 4130 1268 4185 homo
1305 4130 1491 4196 fuisse,
1529 4141 1584 4187 et
1627 4132 1791 4187 simul
1842 4134 2000 4187 meti-

433 4222 656 4277 culosus
693 4223 935 4289 arguitur
967 4241 981 4276 :
1014 4238 1207 4293 aquam
1247 4224 1391 4278 enim
1423 4225 1692 4295 accipiens
1729 4227 1859 4281 lavit
1888 4241 2001 4280 ma-

434 4329 562 4378 nus,
609 4323 663 4368 et
703 4324 811 4368 tam
857 4315 1036 4385 gravis
1083 4316 1374 4371 occisionis
1418 4329 1631 4386 ptenam
1662 4325 1886 4373 externa
1916 4316 2003 4371 illa

433 4405 613 4474 specie
651 4406 1015 4476 expurgavit:
1061 4406 1228 4461 verbo
1276 4407 1491 4476 quidem
1538 4408 1886 4463 innocentem
1911 4421 2005 4463 se-

434 4499 608 4567 ipsum
656 4497 895 4563 faciens,
942 4513 1002 4554 re
1056 4509 1233 4553 autem
1270 4499 1383 4569 ipsa
1421 4499 1714 4554 humanum
1759 4500 2006 4553 timorem

2100 3302 2208 3356 θὼν
2229 3302 2340 3371 γὰρ
2384 3301 2530 3370 ὕδωρ
2565 3299 2808 3367 ἐνίψατο,
2847 3299 2941 3351 καὶ
2994 3299 3192 3352 τούτου
3228 3300 3400 3368 φόνου
3438 3299 3608 3372 δίκην
3640 3299 3706 3352 τό

2101 3413 2165 3465 γε
2225 3396 2402 3449 δοκεῖν
2462 3391 2824 3456 ἀπεκλύζετο,
2856 3391 3003 3460 λόγῳ
3063 3392 3161 3461 μὲν
3211 3390 3414 3445 ἀθωῶν
3476 3392 3704 3456 ἑαυτὸν,

2102 3488 2250 3560 ἔργῳ
2299 3487 2356 3540 δὲ
2418 3483 2735 3557 προκρίνων
2768 3482 2861 3535 τοῦ
2915 3482 3130 3536 δικαίου
3188 3483 3286 3552 τὴν
3318 3484 3721 3554 ἀνθρωπίνην.

2103 3579 2258 3634 αίδῶ.
2300 3579 2367 3632 Ἥ
2397 3578 2454 3632 δὲ
2482 3576 2595 3629 τῶν
2627 3573 2902 3635 Ἰουδαίων
2920 3573 3083 3627 ἀθλία
3121 3573 3362 3645 πληθὺς,
3393 3576 3457 3628 τὸ
3485 3575 3708 3629 δίκαιον

2104 3669 2267 3743 αἷμα,
2299 3671 2365 3724 οὐκ
2395 3670 2556 3740 μόνον
2587 3669 2731 3722 κατὰ
2780 3667 2878 3735 τῆς
2939 3667 3073 3729 ίδίας
3106 3668 3391 3737 ἐπέγραψε
3427 3668 3704 3737 κεφαλῆς,

2104 3766 2240 3823 ἀλλὰ
2289 3764 2396 3818 τῶν
2448 3765 2657 3816 τέκνων
2690 3759 2891 3816 αὐτῶν.
2922 3761 3164 3829 Ἔψαντο
3216 3761 3326 3829 γάρ
3348 3776 3363 3790 ⁸
3408 3781 3427 3813 ι
3458 3761 3536 3815 Τὸ
3561 3756 3719 3829 αἷμα,

2106 3855 2273 3911 αὐτοῦ
2307 3854 2391 3924 ἐφ’
2421 3856 2569 3924 ἡμᾶς
2612 3856 2701 3905 καὶ
2744 3853 2835 3903 ἐπὶ
2868 3851 2936 3903 τὰ
2981 3851 3150 3904 τέκνα
3206 3851 3393 3920 ἡμῶν.
3437 3853 3593 3905 »Καὶ
3641 3850 3711 3920 δὴ

2105 3948 2313 4017 ταύτης
2367 3946 2592 4007 ἐνδίκως
2623 3945 2723 4012 τῆς
2763 3945 2901 4011 ἀρᾶς
2939 3943 3393 4011 παραπήλαυσαν
3450 3943 3708 4013 μαχαίρᾳ

2107 4036 2514 4099 κατακοπέντες
2559 4035 2863 4105 Ῥωμαϊκῇ.
2900 4036 3021 4087 ’Ὁτι
3074 4034 3129 4085 δὲ
3181 4036 3269 4085 κοτέ
3313 4036 3340 4087 6
3374 4036 3615 4095 Πιλᾶτος
3645 4034 3723 4085 ού-

2109 4131 2285 4197 πάντη
2331 4128 2690 4197 ἀνέγκλητος,
2745 4126 2944 4192 ἔδειξεν
2996 4127 3167 4177 εἰπὼν
3215 4129 3241 4178 6
3282 4128 3520 4196 Σωτήρ*
3563 4128 3708 4179 (Διὰ

2108 4220 2267 4273 τοῦτο
2292 4222 2320 4271 6
2352 4218 2680 4289 παραδιδούς
2713 4236 2778 4288 με
2822 4236 2906 4271 σοι
2959 4219 3181 4288 μείζονα
3212 4222 3498 4289 ἁμαρτίαν
3530 4220 3715 4289 ἔχεαι,

2122 4311 2193 4367 ’0,
2220 4309 2318 4378 μὲν
2342 4304 2435 4363 οὖν
2468 4308 2699 4372 [ῐιλάτος
2742 4309 3065 4377 παρέδωκεν
3097 4310 3280 4371 αὐτὸν,
3313 4310 3404 4362 ἵνα
3442 4327 3701 4377 σταυρωτ

2111 4403 2176 4473 θῇ
2201 4420 2212 4431 ·
2252 4404 2279 4455 6
2308 4401 2364 4453 δέ
2392 4400 2693 4471 τολμητίας
2737 4399 2939 4464 Ἰούδας
2969 4400 3076 4464 ἕως
3107 4402 3204 4469 μὲν
3245 4401 3399 4471 ἑώρα
3428 4401 3715 4473 κριγῦμετ

2112 4511 2203 4546 νον
2234 4492 2323 4546 τὸν
2347 4492 2610 4562 Σωτῆρα,
2631 4493 2692 4544 ού
2729 4491 3092 4562 μετεϐάλλετο
3113 4510 3127 4523 ο
3159 4492 3297 4563 ᾤετο
3337 4495 3470 4561 γὰρ,
3508 4494 3586 4555 ὡς
3611 4493 3709 4545 ἐπὶ

433 4589 653 4655 iustitia:
685 4604 1025 4659 praponeos.
1058 4588 1247 4646 Infelix
1289 4605 1418 4646 vero
1443 4591 1670 4661 pepulus
1695 4589 2002 4644 Judatorum

2118 4582 2292 4652 βραχὺ
2341 4581 2709 4651 χλευάσαντες
2772 4580 2975 4649 αὐτὸν,
3032 4580 3260 4653 ὕστερον
3304 4583 3717 4645 ἁπολύσουσιν.,

434 4681 749 4749 sanguinem
773 4681 978 4750 justum
1011 4698 1115 4738 non
1163 4682 1320 4737 modo
1355 4697 1476 4747 suo,
1513 4686 1607 4737 sed
1655 4683 1819 4739 etiam
1871 4681 2012 4736 lilio-

434 4786 555 4825 rum
583 4786 808 4826 suorum
830 4772 993 4843 capiti
1026 4772 1304 4840 irrogavit.
1323 4771 1587 4827 Dicebant
1603 4772 1746 4826 enim
1774 4790 1787 4826 :
1814 4790 1833 4823 ι
1870 4770 2003 4827 San-

2127 4675 2274 4730 .16t‘ov
2308 4675 2386 4734 δὲ,
2437 4674 2518 4728 ὅτι
2554 4674 2883 4744 κατεκρίθη,
2933 4674 3174 4738 καὶτοῖς
3216 4676 3590 4745 στρατιώταις
3637 4670 3721 4745 ἧνι

2113 4766 2354 4831 ἔκδοτος,
2389 4764 2850 4839 καταξαινόμενος
2893 4766 2999 4818 ὑπὸ
3027 4764 3135 4830 τοῦ,
3155 4768 3490 4833 συνειδότος,
3521 4767 3706 4827 αἰδοῦς

435 4863 555 4931 guis
597 4861 716 4930 ejus
760 4877 921 4931 super
969 4876 1090 4926 nos,
1133 4872 1189 4916 et
1217 4856 1380 4930 super
1413 4861 1554 4917 lilios
1591 4870 1846 4927 nostros;
1890 4880 1910 4914 ι
1957 4871 2002 4916 et

2114 4877 2175 4913 τε
2229 4859 2321 4912 καὶ
2366 4858 2543 4929 λύπης
2585 4858 2645 4911 ἐν
2714 4857 3024 4929 μεταιχμίῳ
3075 4858 3392 4927 γενόμενος,
3428 4861 3523 4913 καὶ
3578 4860 3706 4921 τοὺς

437 4953 656 5021 quidem
697 4953 902 5024 justum
951 4954 1115 5025 hujus
1156 4954 1564 5024 imprecatioois
1607 4953 1814 5008 exitum
1864 4955 2008 5009 nacti

437 5054 563 5099 sunt
592 5045 793 5100 concisi
825 5045 1005 5115 gladio
1033 5046 1425 5101 Romanorum.
1458 5043 1612 5111 Quod
1644 5060 1772 5100 vero
1805 5044 2010 5100 Pilatus

2119 4953 2269 5022 παρα
2323 4953 2541 5006 πάντων
2578 4950 2943 5020 ὀνειδισμοὺς,
2982 4949 3058 5013 ὠς
3113 4952 3282 5014 εἰκὸς,
3325 4951 3723 5020 λογιζόμενοςλ

2120 5047 2303 5116 ῥίπτει
2333 5050 2391 5100 ἐν
2429 5047 2507 5118 τῷ
2543 5046 2658 5115 ναῷ
2689 5047 2756 5099 τὰ
2791 5045 3053 5116 ἀργύρια,
3078 5047 3466 5117 ἡμαρτηκέναι
3510 5046 3707 5117 ὁμολοτ

1662 5181 1989 5244 Francisci
2021 5184 2227 5245 Scorsi
2278 5198 2464 5246 notas.

514 5301 627 5372 (49.)
663 5301 768 5357 Sed
794 5310 870 5356 uti
892 5302 1085 5356 mulier
1112 5302 1429 5357 salvaretur.
1467 5299 1629 5355 Multa
1670 5304 2006 5372 suinnioruiu

443 5371 643 5442 genera
664 5373 998 5442 distinguunt
1012 5374 1327 5442 scriptores,
1370 5374 1512 5425 inter
1529 5386 1666 5437 quos
1682 5371 2007 5435 Macrobius,

447 5441 671 5498 Saturn.
702 5444 796 5496 lib.
826 5441 863 5504 ι,
895 5458 1013 5512 cap.
1040 5444 1096 5507 5,
1117 5441 1368 5512 (insertion
1406 5452 1487 5495 est
1508 5441 2005 5512 przesentisuegotii

2118 5322 2284 5359 serui.
2327 5305 2380 5367 2,
2418 5304 2490 5359 De
2527 5303 2688 5364 Ραη..
2718 5303 3051 5375 Clirystost.,
3098 5303 3344 5370 Hierou.,
3412 5304 3715 5374 Eutliytu”.

2118 5375 2440 5446 Tlieopliyl.,
2472 5378 2539 5446 ab
2579 5379 2692 5442 ipso
2724 5375 2954 5446 laudati,
3004 5375 3199 5446 quibus
3258 5377 3701 5446 adnumerandus

2119 5447 2205 5498 hic
2244 5442 2455 5499 Noster.
2481 5445 2622 5509 Quin
2649 5454 2701 5496 et
2737 5444 2965 5498 salutem
3005 5460 3068 5495 ex
3110 5444 3214 5501 hoc
3264 5448 3501 5510 somnio,
3556 5442 3700 5511 quod

448 5529 757 5568 recensere.
818 5513 894 5567 Ex
966 5510 1171 5567 nostris
1228 5511 1466 5567 Joannes
1529 5510 1886 5575 Maltlouatus.
1964 5515 2014 5564 in
2115 5516 2180 5569 dc
2220 5516 2440 5569 Christo
2482 5516 2670 5569 habuit
2703 5514 2844 5567 illam
2889 5513 3057 5566 fuisse
3112 5517 3391 5568 mulierem
3434 5510 3702 5565 «:oiisecu-

450 5586 594 5638 buuc
623 5584 798 5637 locum
850 5582 1079 5652 Evang.,
1114 5595 1347 5649 quatuor
1405 5588 1657 5634 numerat
1690 5597 1704 5633 :
1746 5580 2015 5652 Naturale,

2119 5596 2225 5639 tam
2253 5585 2605 5654 probabiliter
2635 5583 2920 5651 Origenes,
2946 5583 3257 5654 chrysoqu
3292 5581 3654 5651 et'l‘lieopliyl
3678 5617 3709 5643 ,_

452 5654 681 5715 morale,
713 5654 978 5719 divinum,
1001 5642 1371 5714 ‘iliabolicum,
1404 5666 1525 5718 qua:
1588 5652 1841 5720 breviter,
1877 5642 2019 5718 leges
2118 5642 2458 5709 existimant.
2496 5652 2691 5707 Noster
2721 5642 2827 5706 non
2863 5642 2918 5706 id
2952 5642 3167 5719 ’solum,
3225 5642 3319 5707 sed
3384 5663 3439 5707 et
3500 5642 3699 5720 myste-

455 5723 720 5794 explicata
744 5726 887 5794 apud
924 5723 1122 5792 ipsum.
1162 5721 1593 5794 Divinunrvero,
1623 5735 1729 5794 non
1793 5719 2019 5773 diaboli-

458 5790 578 5845 ruin
613 5790 1078 5847 luisse'somnium
1121 5794 1305 5846 uxoris
1358 5791 1513 5843 l’ilati
1563 5790 1863 5844 immissum
1898 5803 2023 5853 pro-

462 5860 689 5916 babilius
720 5864 957 5930 videtur,
990 5863 1131 5933 quod
1158 5874 1211 5917 et
1239 5861 1520 5932 Origenes,
1577 5860 1833 5925 Hilarius,
1893 5858 2024 5929 Leo,

2123 5726 2285 5791 rium,
2315 5738 2408 5796 seu
2446 5734 2628 5796 typum
2664 5724 2716 5775 in
2751 5723 2852 5778 hac
2883 5723 3107 5779 historia
3150 5724 3401 5796 agnoscit
3463 5722 3716 5778 breviter.

2122 5797 2188 5848 ah
2221 5797 2338 5865 ipso
2368 5795 2724 5848 insinuatum.
