4042 6436
256 978 270 1042 ἱ

284 401 389 463 585

1616 392 1949 453 HOMILIA
1987 392 2233 453 XXVII.

3450 381 3552 445 $.80

284 512 428 563 λαῶν
455 525 467 538 ·
499 508 659 579 ἡμῶν
681 526 739 561 τε
761 508 872 560 τῶν
904 511 961 574 ἐξ
989 506 1161 560 ἐθνῶν
1212 504 1645 568 πιστευσάντων,
1680 502 1869 556 κάκεί-

2001 502 2181 569 uiquis
2217 507 2493 568 reputatus
2516 508 2597 554 est
2615 500 2681 553 ⁸⁵.
2717 518 2735 551 ι
2766 499 2834 553 Ει
2858 497 3018 551 simul
3045 496 3161 552 inec
3184 496 3412 550 duorum
3436 504 3556 549 erat

282 621 391 655 νων
425 600 535 653 τῶν
560 604 625 652 ἐκ
684 600 992 670 περιτομῆς
1020 616 1035 631 ·
1071 599 1375 668 ἀμφότεροι
1427 598 1536 668 γὰρ
1566 591 1710 665 ἦμεν
1750 595 1872 647 ἄνο-

287 711 405 764 μοι,
442 694 536 747 καὶ
566 695 725 759 σφίσι
758 692 957 762 λῃσταί
980 708 995 723 ⁸
1024 693 1071 743 οί
1108 691 1207 761 μὲν
1250 690 1561 761 παραϐάται
1590 687 1682 740 τοῦ
1706 687 1870 755 νόμου

282 786 381 838 τοῦ
414 784 674 856 φυσικοῦ,
707 786 759 837 οἱ
782 785 837 837 δὲ
866 784 1003 854 πρὸς
1033 784 1318 854 τούτῳκαὶ
1345 782 1437 836 τοῦ
1489 780 1762 851 γραπτοῦ.

366 1079 386 1110 ‹
426 1058 542 1113 Καὶ
600 1057 882 1127 ἐπέθηκαν
934 1055 1034 1126 τὴν
1070 1055 1257 1108 αἰτίαν
1283 1054 1471 1108 ὲπάνω
1496 1053 1595 1122 τῆς
1626 1051 1873 1121 κεφαλῆς

285 1152 463 1205 αὐτοῦ
534 1149 972 1219 γεγραμμένηνο
999 1143 1168 1210 Οὗτός
1210 1149 1358 1199 ἐστιν
1385 1147 1413 1198 ὁ
1468 1144 1722 1215 βασιλεὺς
1767 1143 1876 1196 τῶν

298 1244 600 1298 Ἰουδαίων.
638 1261 657 1293 ι
704 1242 941 1311 Ἐπειδὴ
981 1243 1052 1311 ui]
1112 1241 1328 1311 προσῆν
1391 1238 1541 1308 αὑτῴ
1598 1236 1873 1307 ἔγκλημα,

283 1334 625 1404 τυραννικὴν
679 1332 831 1403 αὐτῷ
888 1333 1135 1386 ὲπιθεσιν
1182 1331 1468 1401 προσάψαι
1533 1329 1874 1400 βουλόμενοι,

284 1428 574 1496 γραφῆναι
609 1425 700 1478 τὸν
725 1425 904 1477 τίτλον
928 1424 1372 1494 παρεσκεύασαν.
1414 1423 1555 1474 Ἀλλ’
1574 1425 1600 1474 ό
1618 1420 1876 1481 Πιλάτος,

284 1516 644 1590 στηλητεύων
698 1515 880 1569 αὐτῶν
935 1516 994 1568 τὸ
1029 1514 1325 1585 κακόηθες,
1361 1514 1457 1567 καὶ
1511 1512 1702 1581 ὥσπερ
1744 1512 1880 1563 ἀπο-

284 1611 646 1678 λογούμενος,
696 1609 772 1672 ὡς
828 1608 895 1660 ἂν
930 1609 1004 1678 μή
1033 1626 1116 1672 τις
1170 1606 1427 1659 κοινωνὸν
1452 1605 1616 1658 αὑτὸν
1636 1606 1749 1666 τοῖς
1782 1601 1880 1672 λῃι-

290 1706 452 1764 atati;
479 1701 663 1772 οἰηθῇ,
694 1701 884 1771 ὥσπερ
927 1703 1041 1764 τοῖς
1083 1699 1364 1761 Ἰουδαίοις
1412 1698 1739 1765 σπούδασμα
1786 1690 1877 1766 ἦν,

286 1793 380 1844 διὰ
417 1792 522 1859 τῆς
557 1792 651 1844 τοῦ
713 1792 893 1844 τίτλου
947 1792 1264 1862 ἐπιγραφῆς
1323 1792 1648 1860 ὲπιφράττει
1671 1788 1878 1841 τούτων

288 1884 661 1952 τὰεστόματα,
686 1884 761 1947 ὡς
795 1885 889 1936 ἐπὶ
916 1884 1185 1952 τροπαίου
1216 1883 1362 1946 τινὸς
1394 1880 1789 1951 ἀναστηλώσας
1809 1879 1878 1932 τά

288 1977 761 2047 γράμματα-καὶ
839 1978 1038 2039 αὐτοὺς
1106 1977 1207 2046 μὲν
1254 1974 1638 2045 καταισχύνων
1694 1972 1879 2043 ὅτιτῷ

293 2069 452 2137 σφῶν
504 2067 723 2136 βασιλεῖ
780 2067 1188 2137 ἐπανέστησαν,
1224 2066 1387 2119 αὑτὸν
1443 2066 1500 2118 δὲ
1534 2068 1623 2118 ἐπ’
1653 2065 1880 2135 οὐδεμιᾷ

292 2161 452 2229 αἰτίᾳ
507 2159 752 2212 παθόντα
814 2159 1032 2222 δεικνύς
1058 2176 1073 2189 ·
1108 2160 1204 2213 καὶ
1254 2160 1313 2211 ού
1348 2162 1448 2229 μιᾷ
1475 2159 1717 2230 γλώττῃ,
1744 2158 1883 2211 ἀλλὰ

289 2253 482 2321 τρισὶν
509 2252 753 2313 άπάσαις
786 2254 993 2319 φωναῖς
1024 2251 1125 2320 τὴν
1155 2252 1431 2305 Ἰουδαίων
1455 2252 1654 2322 μανίαν
1680 2250 1879 2322 δηλῶν.

305 2342 652 2412 ᾮκονόμητο
686 2342 742 2395 δὲ
771 2345 804 2412 ἡ
864 2342 960 2396 τοῦ
1016 2344 1200 2396 τίτλου
1231 2344 1440 2414 γραφὴ,
1480 2343 1568 2395 ἵνα
1601 2341 1830 2413 ὕστερον
1856 2342 1885 2393 ὁ

293 2433 393 2487 τοῦ
426 2434 640 2502 Κυρίου
700 2434 933 2502 σταυρὸς
974 2435 1190 2505 μηνυθῇ
1213 2449 1227 2463 ’
1264 2435 1475 2487 ἄτιτλοι
1528 2434 1636 2503 γάρ
1664 2428 1806 2501 ἦσαν
1835 2433 1885 2484 οῖ

293 2526 407 2577 τὼν
456 2524 695 2596 λῃστῶν.
747 2523 810 2576 Ἡ
865 2524 1050 2594 μέντοι
1087 2525 1251 2596 τριχὴ
1304 2525 1399 2578 τοῦ
1432 2525 1612 2578 τίτλου
1674 2525 1883 2597 γραφὴ,

292 2617 472 2679 ἔδειξε
520 2618 613 2668 τὸν
663 2617 1051 2687 σταυρωθέντα
1108 2618 1333 2688 βασιλέα
1384 2620 1756 2689 προακτικῆς,
1789 2620 1886 2672 καὶ

297 2711 565 2779 φυσικῆς,
602 2714 694 2762 καὶ
723 2712 1057 2781 Θεολογικῆς
1100 2711 1443 2782 φιλοσοφίας.
1490 2712 1754 2782 Ῥωμαῖοι
1789 2714 1888 2783 μὲν

295 2802 375 2861 ὡς
434 2800 851 2869 ἁνδρικώτεροι,
912 2803 1012 2870 τῆς
1076 2803 1387 2873 πρακτικῆς
1427 2805 1533 2855 είσι
1579 2803 1886 2872 σύμϐολον·

297 2891 569 2959 Ἕλληνες
595 2892 653 2944 δὲ
687 2892 785 2961 τῆς
814 2896 1075 2962 φυσικῆς,
1100 2895 1177 2956 ὡς
1207 2894 1447 2949 ἐνταῦθα
1491 2896 1890 2967 ὲνασχολούμε-

298 3001 384 3035 vo:
407 3000 421 3013 ο
462 2984 555 3035 διὰ
587 2983 643 3035 δὲ
674 2983 769 3036 τοῦ
814 2983 1120 3050 Ἐϐραϊστὶ,
1148 2987 1181 3055 ἡ
1209 2984 1459 3053 θεολογία
1492 2986 1790 3053 δέδεικται,
1815 2988 1892 3051 ὠς

294 3077 677 3138 ἀνατιθέντων
721 3076 992 3149 Ἐϐραίων
1019 3076 1287 3133 ἀνέκαθεν
1316 3079 1393 3148 τῷ
1428 3078 1568 3152 Θεῷ.

378 3372 400 3407 ι
445 3354 511 3406 Οἱ
558 3352 617 3406 δὲ
679 3354 1195 3424 παραπορευόμενοι
1260 3354 1652 3426 ἐϐλασφήμουν
1704 3355 1889 3421 αὑτὸν,

300 3447 588 3509 κινοῦντες
620 3448 720 3508 τὰς
745 3448 997 3516 κεφαλάς
1025 3448 1208 3501 αὐτῶν
1242 3450 1338 3502 καὶ
1377 3449 1666 3518 λέγοντες·
1707 3449 1766 3502 Ὀ
1795 3467 1894 3503 κα-

298 3540 525 3593 τλλύων
551 3540 644 3592 τὸν
680 3541 832 3603 ναὸν,
866 3542 962 3593 καὶ
1003 3542 1062 3593 ἐν
1088 3543 1272 3611 τρισὶν
1305 3543 1538 3613 ἡμέραις
1566 3544 1890 3613 οἰκοδομῶν,

304 3632 490 3684 σῶσον
524 3633 773 3686 σεαυτόν.
804 3633 867 3685 Εἰ
899 3632 1029 3695 Υἱὸς
1061 3627 1113 3685 εἶ
1145 3633 1245 3687 τοῦ
1282 3633 1445 3699 Θεοῦ,
1482 3634 1756 3704 κατάϐηθι
1785 3637 1894 3688 άπὸ

300 3724 401 3777 τοῦ
438 3724 696 3793 σταυροῦ.
736 3725 810 3782 Τὸ
861 3724 907 3777 δ’
940 3725 1072 3778 αὐτὸ
1121 3726 1216 3779 καὶ
1244 3727 1294 3778 οἱ
1327 3726 1546 3797 λῃσταὶ,
1579 3729 1628 3779 οί
1654 3745 1892 3781 συσταυ-

304 3817 586 3886 ρωθέντες
640 3818 808 3886 αὐτῷ.
852 3836 869 3868 ι
910 3818 1111 3887 Πρώην
1143 3818 1244 3887 μὲν
1297 3820 1568 3889 πειράσας
1599 3820 1657 3872 ὲν
1680 3821 1755 3890 τῷ
1776 3823 1893 3890 ὄρει

300 3908 398 3959 τὸν
433 3906 641 3976 Κύριον
668 3911 695 3960 ὁ
719 3908 991 3971 διάὸολος,
1028 3908 1124 3965 καὶ
1158 3910 1435 3980 λαμπρῶς
1478 3909 1754 3981 ἡττηθεὶς,
1791 3913 1896 3964 άπ-

303 4000 443 4067 ἐστη
483 3999 649 4051 αὑτοῦ
682 4000 785 4061 ἕως
819 3999 1015 4070 καιροῦ
1052 4001 1243 4071 φησὶν,
1280 4005 1307 4056 ὁ
1359 4005 1599 4066 Λουκᾶς,
1649 4005 1738 4056 τὸν
1766 4003 1894 4073 ἄχρι

305 4090 525 4151 πάθους
584 4092 870 4159 σημαίνων
906 4093 1097 4161 καιρόν
1120 4107 1135 4123 ο
1177 4093 1320 4146 κατὰ
1350 4092 1457 4162 γὰρ
1482 4096 1543 4147 τὸ
1568 4093 1738 4157 πάθος
1762 4096 1898 4163 ραγ-

302 4184 466 4246 δαῖος
524 4185 962 4254 ἑπειςέφρησεν,
1009 4182 1098 4239 οἷά
1119 4204 1203 4249 τις
1246 4188 1621 4251 ἀνυπόστατος
1675 4187 1893 4254 θύελλα,

305 4278 652 4345 πειρασμοῖς
718 4276 1153 4346 άλλεπαλλήλοις
1236 4278 1579 4341 ἁδιαστάτως
1643 4280 1898 4350 πολεμῶν

305 4368 490 4437 αὐτῷ.
528 4367 808 4439 Προδότην
835 4369 1097 4438 γενέσθαι
1122 4373 1559 4441 παρασκευάσας
1597 4371 1689 4424 τὸν
1722 4372 1899 4442 μαθη-

305 4463 433 4533 τὴν,
497 4463 744 4529 φυγάδας
797 4463 853 4516 δὲ
912 4465 1041 4527 τοὺς
1096 4464 1318 4529 λοιποὺς
1366 4466 1640 4535 μαθητάς,
1671 4469 1897 4539 ἔξαρνον

306 4557 423 4610 τῶν
459 4556 680 4609 πάντων
711 4557 1048 4626 θερμότατον
1076 4559 1286 4629 Πέτρον
1310 4575 1324 4589 °
1363 4555 1481 4612 εἷτα
1511 4558 1742 4630 ἐξέμηνε
1770 4562 1898 4625 τοὺς

309 4650 701 4718 Γραμματεῖς.
732 4649 980 4720 διήγειρε
1007 4650 1133 4712 τοὺς
1188 4650 1404 4721 ὄχλους,
1466 4652 1710 4721 ἠγρίωσε
1769 4654 1898 4717 τοὺς

310 4742 629 4810 ὑπηρέτας,
688 4741 778 4793 τὸν
834 4740 1097 4810 δικαστὴν
1149 4742 1516 4811 ὑπεχάλασεν,
1572 4742 1754 4796 αὐτῶν
1792 4743 1901 4796 τῶν

310 4832 815 4901 συσταυρωθέντων
846 4831 947 4894 τὰς
968 4831 1221 4899 γλώσσας
1245 4832 1506 4902 ὑπέθηξε.
1532 4835 1642 4887 Καὶ
1678 4835 1903 4904 πληρώ-

314 4943 418 4988 σας
453 4928 592 4995 ὅπερ
636 4925 922 4989 ἔσπευδεν,
956 4926 1080 4976 ἐπεὶ
1111 4923 1260 4997 ἑώρα
1286 4924 1658 4996 μακροθύμως
1683 4928 1901 4981 ἅπαντα

311 5018 604 5084 στέγοντα,
631 5016 969 5087 προσϐάλλει
997 5017 1089 5069 καὶ
1137 5018 1195 5070 ὲν
1226 5018 1374 5087 αὐτῷ
1415 5018 1492 5087 τῷ
1520 5018 1764 5089 σταυρῷ,
1800 5037 1902 5072 παι·

317 5110 674 5179 ρασκευάσας
760 5110 890 5172 τοὺς
942 5111 1503 5180 παραπορευομένους
1552 5110 1901 5181 βλασφημεῖν

314 5203 415 5254 καὶ
448 5200 629 5253 λαλεῖν
656 5215 671 5227 ’
716 5218 734 5251 ι
777 5202 838 5253 El
868 5200 996 5262 Υἱὸς
1026 5197 1076 5252 εἷ
1108 5202 1201 5253 τοῦ
1233 5202 1390 5265 Θεοῦ,
1423 5203 1646 5254 κάτελθε
1673 5204 1782 5254 ἀπὸ
1805 5204 1900 5255 τοῦ

316 5293 586 5361 σταυροῦ.
624 5313 642 5345 ι
677 5293 854 5346 Τοῦτο
904 5295 1008 5346 κὰν
1032 5293 1110 5363 τῷ
1148 5293 1265 5365 ὃρει
1296 5294 1600 5362 φθέγγετο·
1630 5314 1647 5345 ι
1678 5294 1741 5347 Ei
1776 5296 1902 5357 Υἱὸς

314 5384 366 5439 εἶ
400 5386 499 5438 τοῦ
535 5386 693 5451 Θεοῦ,
717 5387 839 5438 εἰπὲ
864 5386 953 5438 ἵνα
982 5388 1031 5438 οἱ
1056 5386 1195 5438 λίθοι
1215 5380 1530 5455 οὗτοιᾶρτοι
1555 5388 1839 5454 γένωνται.
1872 5407 1891 5440 ›

317 5477 437 5529 Καὶ
477 5474 637 5537 αὖθις
666 5492 679 5504 ⁸
713 5493 730 5524 ι
771 5475 830 5527 Ei
870 5475 999 5537 Υἱὸς
1058 5473 1106 5526 εἷ
1140 5476 1232 5529 τοῦ
1282 5475 1441 5539 Θεοῦ,
1476 5473 1639 5543 βάλλε
1671 5474 1898 5526 σεαυτὸν

315 5570 492 5624 κάτω.
526 5588 545 5618 ι
586 5569 694 5622 Καὶ
719 5567 813 5620 νῦν
843 5568 932 5620 διὰ
958 5568 1070 5619 τῶν
1104 5568 1319 5620 ἀσεϐῶν
1364 5568 1651 5637 στομάτων
1685 5565 1897 5632 συνῳδὰ

315 5660 486 5717 πάλιν
509 5660 701 5712 λαλεῖ·
735 5679 753 5711 ι
791 5658 854 5713 Εἰ
916 5659 1043 5722 Υίὸς
1102 5655 1152 5711 εἴ
1180 5658 1273 5710 τοῦ
1336 5658 1494 5724 Θεοῦ,
1532 5655 1760 5711 κάτελθε
1788 5658 1896 5709 ἀπὸ

386 5817 439 5855 ’³
471 5816 576 5874 lsa.
605 5832 725 5882 Lm,
759 5817 839 5869 l2.
919 5816 965 5847 9⁵
1008 5814 1139 5869 Luc.
1190 5834 1261 5879 ιν,
1304 5818 1390 5871 15.

635 5914 913 5978 Parant.
947 5919 1064 5977 Gn.
1089 5914 1407 5980 CXXXII.

1468 5816 1510 5846 ⁸⁷
1551 5813 1745 5867 Matth.
1786 5829 1856 5885 tv,
1902 5814 1954 5867 5.

1977 593 2294 661 p0pulorum
2329 591 2765 661 praesigniﬁcatio
2793 609 2805 643 :
2835 601 2889 644 et
2924 598 3168 645 nostrum
3195 587 3436 658 quidem,
3462 587 3553 656 qui

1975 699 2042 737 ex
2077 685 2331 753 gentibus
2367 685 2724 746 credidimus,
2772 692 2826 736 et
2857 697 3042 736 eorum
3080 681 3174 750 qui
3208 696 3272 735 ex
3318 681 3555 735 circum-

1977 776 2185 831 cisione
2223 788 2400 833 erant.
2430 777 2604 830 Ambo
2632 778 2777 831 enim
2812 791 3031 831 eramus
3062 776 3255 844 iniqui,
3286 785 3342 828 et
3383 774 3556 827 latro-

1980 884 2075 921 nes
2126 867 2397 933 invicem;
2457 882 2555 921 nos
2590 866 2852 921 naturalis
2901 866 3055 936 legis,
3105 866 3178 920 illi
3210 881 3339 920 vero
3389 866 3556 920 etiam

1978 958 2195 1027 scriptae
2227 969 2673 1027 transgressores.

2058 1069 2075 1101 ι
2124 1049 2190 1103 Et
2220 1060 2516 1119 posuerunt
2557 1066 2720 1119 super
2754 1058 2913 1119 caput
2952 1050 3070 1119 ejus
3117 1066 3335 1104 causam
3389 1050 3561 1118 ipsius

1979 1144 2235 1210 scriptam
2275 1159 2287 1194 :
2330 1141 2428 1195 llic
2452 1152 2645 1196 estrex
2676 1140 3006 1197 Judmorum.
3044 1162 3061 1193 ι
3107 1142 3240 1208 Quia
3272 1143 3474 1195 nullum
3506 1142 3558 1195 in

1981 1248 2046 1287 eo
2082 1233 2254 1286 iuerat
2280 1233 2507 1299 crimen,
2540 1243 2597 1286 ut
2629 1233 2758 1285 illud
2784 1230 3048 1287 affectata:
3081 1233 3380 1300 tyrannidis
3408 1231 3562 1285 aliin—

1980 1334 2193 1396 gerent,
2234 1326 2446 1380 titulum
2495 1327 2839 1380 scribendum
2874 1338 3158 1380 curarunt.
3204 1326 3274 1379 At
3334 1324 3562 1389 Pilatus,

1984 1426 2042 1469 ut
2071 1431 2260 1469 eorum
2288 1424 2505 1470 notaret
2538 1415 2824 1481 malitiam,
2853 1432 2916 1471 ac
2939 1416 3225 1470 Dominum
3266 1417 3434 1470 veluti
3478 1425 3564 1470 tu-

1986 1516 2215 1571 taretur,
2253 1521 2321 1560 ne
2359 1507 2482 1575 quis
2519 1521 2641 1560 eum
2672 1507 2725 1559 in
2756 1507 3035 1561 communi
3085 1521 3205 1561 cum
3261 1506 3566 1560 latronibus

1982 1613 2144 1651 causa
2191 1597 2358 1652 fuisse
2408 1598 2841 1660 existimaret,id
2868 1599 3009 1666 quod
3036 1596 3205 1652 Judaei
3239 1596 3563 1660 studebant;

1984 1704 2080 1759 per
2106 1689 2415 1759 bujusmodi
2451 1688 2589 1743 tituli
2637 1690 3052 1757 inscriptionem
3101 1704 3289 1743 eorum
3337 1687 3570 1743 occlusit

1984 1796 2102 1846 ora,
2135 1796 2199 1835 ac
2227 1780 2388 1835 veluti
2420 1791 2682 1849 tropaeum
2705 1782 2977 1851 quoddam
2998 1781 3207 1834 litteras
3232 1794 3327 1834 eas
3352 1779 3562 1835 erexit:

1986 1886 2043 1928 et
2087 1873 2192 1928 illis
2232 1871 2449 1942 quidem
2495 1873 2757 1942 pudorem
2803 1872 3055 1942 injiciens
3100 1871 3245 1940 quod
3297 1871 3351 1924 in
3404 1885 3567 1924 suum

1984 1965 2227 2035 ipsorum
2268 1964 2470 2035 Regem
2503 1965 2825 2019 seditionem
2868 1966 3188 2027 movissent,
3221 1963 3397 2032 ipsum
3436 1976 3567 2016 vero

1984 2058 2132 2113 nulla
2163 2072 2325 2112 causa
2359 2058 2633 2121 meritum,
2668 2065 2728 2111 ut
2758 2066 3060 2127 pateretur,
3097 2056 3416 2118 ostendens,
3464 2068 3566 2107 nec

1984 2166 2114 2205 vero
2139 2165 2244 2204 una
2276 2149 2481 2220 lingua,
2526 2150 2620 2204 sed
2655 2149 2906 2204 erunibus
2962 2149 3137 2202 tribus
3168 2147 3412 2202 dialectis
3468 2145 3566 2201 Ju,

1988 2244 2227 2297 dazorum
2280 2242 2550 2297 insaniam
2603 2242 2860 2311 prodens.
2914 2241 3040 2297 Haec
3098 2257 3228 2296 vero
3288 2240 3431 2295 tituli
3483 2241 3566 2294 in.

1985 2334 2214 2404 scriptio
2249 2342 2400 2388 certo
2457 2335 2683 2387 consilio
2729 2334 2993 2402 disposita
3040 2333 3166 2399 fuit,
3220 2342 3277 2387 ut
3334 2334 3568 2402 posteris

1987 2436 2133 2482 esset
2161 2426 2384 2492 indicio,
2423 2441 2543 2494 qua:
2578 2441 2711 2479 crux
2744 2424 2957 2479 Domini
3006 2425 3221 2478 fuisset.
3269 2425 3565 2478 Latrouum

1989 2520 2186 2587 quippe
2240 2532 2431 2572 cruces
2487 2518 2844 2587 inscriptione
2892 2520 3172 2573 carebant.
3224 2517 3378 2583 Quod
3440 2534 3569 2573 vero

1992 2609 2188 2679 triplici
2224 2608 2419 2679 lingua:
2453 2609 2710 2663 idiomate
2736 2612 2974 2678 scriptus
3005 2610 3129 2675 fuit,
3163 2612 3566 2675 ostenditeum,

1990 2701 2080 2769 qui
2110 2710 2265 2755 actus
2299 2701 2349 2754 in
2378 2715 2599 2755 crucem
2635 2710 2776 2767 erat,
2804 2702 2856 2754 in
2904 2703 3049 2755 omni
3081 2702 3421 2771 philosophia
3454 2712 3566 2755 tum

1992 2792 2252 2861 practica,
2296 2802 2406 2847 tum
2444 2794 2701 2859 naturali,
2733 2809 2855 2848 cum
2887 2796 3192 2865 theologica
3225 2813 3446 2867 regnum
3475 2797 3573 2851 ob-

1993 2882 2185 2936 tinere.
2220 2881 2449 2937 Romani
2499 2883 2697 2952 quippe
2744 2893 2802 2938 ut
2842 2883 3097 2939 fortiores
3138 2886 3392 2955 practica:
3424 2899 3572 2955 sym-

1993 2976 2177 3030 bolum
2219 2983 2380 3043 sunt;
2414 2974 2586 3030 Graaci
2618 2991 2747 3030 vero
2787 2978 3071 3043 naturalis,
3122 2988 3179 3032 ut
3210 2978 3302 3048 qui
3335 2979 3387 3032 in
3418 2994 3478 3033 ea
3511 2995 3570 3032 se

1995 3079 2332 3137 occuparunt
2359 3088 2373 3135 ;
2402 3084 2495 3136 per
2513 3067 2834 3124 Hebraicam
2866 3072 3099 3141 denique
3122 3074 3297 3127 divina
3327 3074 3571 3128 doctrina

1915 3190 1961 3248 ε
1997 3161 2298 3229 signiﬁcata
2336 3170 2437 3228 est,
2465 3162 2666 3232 quippe
2696 3178 2820 3219 cum
2846 3166 2912 3221 ab
2940 3165 3098 3220 initio
3127 3166 3335 3222 llebraei
3368 3167 3572 3223 fuerint

1993 3251 2105 3306 Deo
2136 3250 2340 3307 devoti.

2070 3376 2089 3407 ι
2139 3356 2538 3413 Praetereuntes
2575 3370 2753 3417 autem
2794 3363 3245 3435 blasphemabant
3272 3381 3416 3432 eum,
3454 3381 3575 3421 mo-

1996 3459 2187 3503 ventes
2223 3451 2404 3519 capita
2440 3464 2560 3516 sua,
2590 3462 2643 3506 et
2682 3454 2927 3510 dicentes
2965 3473 2980 3509 :
3017 3455 3119 3521 Qui
3155 3458 3388 3512 destruis
3437 3470 3575 3513 tem-

1995 3539 2140 3606 plum
2166 3538 2284 3605 Dei,
2320 3552 2376 3595 et
2418 3541 2469 3595 in
2527 3544 2698 3597 tribus
2753 3545 2945 3600 diebus
2989 3547 3309 3613 remdiﬁcas,
3365 3552 3576 3604 salvum

1998 3630 2083 3685 fac
2134 3633 2477 3700 temetipsum
2522 3653 2535 3688 :
2578 3636 2619 3688 si
2677 3636 2845 3692 Filius
2894 3638 2987 3692 Dei
3043 3655 3103 3694 es
3134 3681 3147 3705 ,
3190 3641 3459 3697 descende
3511 3645 3578 3697 de

1998 3739 2183 3779 cruce.
2218 3724 2274 3777 ld
2309 3725 2484 3793 ipsum
2536 3738 2717 3780 autem
2763 3737 2818 3782 et
2867 3731 3131 3795 latrones,
3184 3733 3275 3801 qui
3326 3735 3577 3789 cruciﬁxi

1996 3827 2308 3871 erantcum
2350 3831 2437 3871 eo.
2480 3835 2498 3868 ›
2541 3816 2727 3885 Nuper
2774 3832 2906 3873 sane
2934 3816 3204 3877 'diabolus
3236 3842 3356 3877 cum
3394 3827 3578 3881 Domi-

2000 3924 2126 3962 num
2195 3910 2246 3962 in
2280 3918 2463 3963 monte
2512 3916 2776 3963 tentasset
2820 3920 2871 3964 et
2902 3911 3137 3982 gloriose
3192 3915 3260 3968 ab
3298 3930 3363 3970 eo
3415 3932 3576 3985 supe,

1998 4010 2150 4054 ratus
2178 4008 2342 4065 esset,
2375 4001 2626 4057 discessit
2656 4003 2725 4057 ab
2755 4019 2840 4069 eo,
2895 4022 3066 4075 usque
3114 4009 3179 4062 ad
3213 4018 3449 4081 tempus,
3499 4017 3577 4070 ait

1999 4091 2282 4157 Lucas“,
2348 4101 2561 4161 tempus
2625 4095 2833 4150 scilicet
2894 4097 3168 4153 Passionis
3236 4102 3572 4170 signiﬁcans.

2002 4184 2157 4239 Tunc
2188 4185 2331 4239 enim
2370 4185 2661 4239 violentior
2698 4187 2750 4241 in
2782 4205 2905 4243 eum
2954 4190 3212 4259 impetum
3265 4193 3395 4249 fecit
3423 4198 3579 4264 quasi

2001 4282 2164 4337 turbo
2197 4282 2434 4350 quidam
2480 4283 2645 4353 206
2693 4284 3051 4353 irrequictus,
3088 4289 3208 4341 aliis
3252 4298 3414 4360 atque
3460 4293 3580 4355 aliis

2005 4374 2399 4428 tentationibus
2442 4389 2563 4428 eum
2612 4377 2955 4431 continenter
3003 4394 3344 4449 oppugnatis.
3381 4381 3456 4435 Ex
3498 4384 3582 4437 di-

2004 4464 2225 4534 scipulis
2257 4465 2589 4533 proditorem
2623 4482 2809 4532 unum,
2842 4465 3096 4536 fugitivos
3131 4471 3267 4525 alios
3307 4473 3444 4537 fieri,
3476 4476 3580 4529 Pe-

2004 4568 2171 4620 trum,
2221 4558 2315 4627 qui
2376 4560 2613 4614 maxime
2658 4561 2898 4631 omnium
2952 4576 3136 4616 amore
3194 4562 3459 4629 fervebat,
3512 4570 3579 4618 ad

2000 4650 2303 4720 negandum
2339 4651 2556 4720 adegit;
2605 4660 2791 4720 postea
2826 4652 3029 4706 Scribis
3077 4652 3313 4708 furorem
3371 4656 3576 4727 injecit,

2000 4742 2295 4795 concitavit
2326 4741 2531 4808 turbas,
2573 4741 2817 4797 efferavit
2848 4745 3147 4811 ministros,
3178 4746 3413 4814 judicem
3446 4750 3582 4803 sub.

2003 4835 2172 4898 duxit,
2231 4834 2471 4903 ipsorum
2533 4836 2622 4902 qui
2672 4851 2776 4889 una
2821 4838 3065 4897 cruciﬁxi
3133 4846 3311 4904 erant,
3368 4840 3582 4910 linguas

2004 4927 2238 4979 exacuit.
2295 4923 2362 4979 Et
2414 4941 2538 4980 cum
2593 4938 2823 4983 conatus
2870 4929 3211 4985 adhibuisset
3245 4947 3454 4997 omnes,
3488 4935 3580 4987 ubi

2001 5019 2133 5071 vidit
2160 5033 2281 5071 eum
2309 5018 2488 5071 omnia
2520 5016 2641 5071 forti
2665 5020 2844 5075 animo
2874 5023 3165 5090 sustinere,
3193 5024 3243 5077 in
3270 5026 3386 5091 ipsa
3418 5041 3580 5084 cruce

2002 5108 2151 5163 illum
2184 5107 2516 5176 aggreditur,
2547 5121 2608 5161 ac
2639 5120 3033 5193 praetereuntes
3061 5112 3205 5179 ipsos
3231 5113 3480 5182 impellit,
3520 5129 3579 5170 ut

2004 5196 2383 5264 blasphement
2455 5213 2521 5250 ac
2571 5198 2802 5254 dicant:
2841 5216 2859 5249 ι
2903 5198 2958 5252 Si
3002 5198 3168 5255 Filius
3214 5204 3303 5257 Dei
3355 5220 3435 5269 es,
3485 5206 3582 5261 de.

2003 5290 2202 5343 scende
2253 5290 2320 5343 de
2370 5304 2555 5343 cruce.
2590 5308 2607 5340 ι
2659 5289 2849 5343 Simile
2907 5292 3033 5359 quid
3081 5294 3244 5347 etiam
3287 5295 3339 5348 in
3395 5310 3580 5350 monte

2008 5382 2269 5435 dixerat:
2303 5400 2321 5431 ι
2361 5381 2417 5435 Si
2476 5380 2643 5435 Filius
2694 5381 2785 5434 Dei
2848 5398 2927 5444 es,
2978 5384 3061 5437 dic
3114 5395 3173 5438 ut
3227 5387 3432 5455 lapides
3492 5388 3577 5441 isti

2010 5487 2178 5540 panes
2208 5472 2398 5525 fiant”
2420 5490 2466 5535 ;ι
2496 5484 2548 5525 et
2579 5488 2772 5527 rursus
2806 5490 2819 5525 :
2870 5491 2888 5523 ι
2926 5473 2981 5527 Si
3014 5474 3182 5530 Filius
3198 5478 3291 5531 Dei
3317 5493 3395 5543 es,
3424 5478 3579 5530 mitte

2009 5575 2059 5619 te
2095 5566 2348 5619 deorsum
2368 5564 2437 5619 ⁸⁸.
2466 5585 2483 5617 ι
2520 5565 2583 5618 Et
2640 5581 2783 5619 nunc
2809 5578 2904 5634 per
2935 5566 3223 5632 impiorum
3253 5582 3345 5621 ora
3376 5567 3571 5629 iterum

2009 5673 2245 5712 consona
2285 5657 2560 5729 prioribus
2615 5659 2773 5711 verba
2822 5657 3027 5728 profert
3062 5676 3074 5712 :
3115 5679 3132 5711 ι
3173 5659 3227 5713 Si
3270 5659 3434 5713 Filius
3479 5658 3577 5721 Dei

2032 5816 2075 5845 ⁸³
2112 5814 2242 5875 ibid.
2288 5811 2339 5875 t3.

3114 5910 3185 5977 19
