4042 6412
425 379 532 452 599

1616 388 2111 454 TII‘EOPIIANIS
2149 393 2490 454 CERAMEI

3580 391 3688 455 600

425 499 630 554 doloris
674 498 911 569 gladium
964 498 1104 553 intra
1153 499 1446 569 praecordia
1491 514 1811 572 exceperat,
1842 517 1995 572 quem

2106 507 2503 577 προηγόρευσε.
2537 506 2612 576 τῷ
2646 505 2991 577 ἠγαπημένῳ
3043 505 3260 577 μαθητῇ
3291 501 3682 575 παρατίθησιν,

426 596 662 666 Symeon
718 595 806 649 ille
850 595 1175 664 prmdixerat
1226 596 1424 652 diieCIo
1471 598 1766 668 discipulo,
1817 609 2004 670 utpote

423 700 582 753 puro.
612 694 665 740 et
699 685 930 754 Virgini,
962 696 1017 740 et
1051 701 1219 756 usque
1246 688 1312 741 ad
1340 697 1581 741 extrema
1611 691 1847 757 pericula
1879 708 2001 745 cum

424 775 541 843 ipso
590 773 900 842 persisteuti
943 777 1290 831 commendat
1338 794 1351 829 :
1405 778 1496 845 qui
1545 778 1784 834 dolorem
1833 780 2004 848 ipsius

422 867 594 921 lenire
644 877 856 935 posset,
895 876 949 920 et
996 867 1273 925 Passionis
1321 870 1637 940 mysterium
1686 888 1751 927 ex
1804 873 2003 929 divinis

419 957 691 1025 explicare
721 958 1003 1014 doctrinis.

490 1046 617 1102 Post
645 1048 760 1103 inec
790 1062 917 1103 vero
937 1049 1161 1117 protulit
1188 1049 1315 1104 illud
1343 1048 1577 1104 Psalmi:
1614 1069 1631 1103 ι
1662 1044 1830 1116 Deus,
1859 1048 2003 1105 Deus

419 1154 607 1204 meus,
658 1139 785 1209 quid
836 1141 1170 1211 dereliquisli
1228 1143 1389 1197 me“?
1443 1160 1462 1194 ι
1522 1157 1628 1197 non
1687 1144 1829 1211 quod
1884 1142 2002 1212 ipse

415 1231 712 1288 derelictus
742 1241 909 1299 esset,
943 1234 1026 1288 vel
1057 1233 1178 1302 opis
1209 1233 1474 1305 indigeret
1506 1252 1519 1288 :
1553 1234 1664 1304 jam
1697 1234 1839 1287 enim
1874 1242 2001 1287 ante

416 1324 769 1390 prtedixerat,
800 1325 942 1393 quod
980 1339 1000 1376 ι
1035 1324 1154 1379 Νοιι
1185 1340 1304 1379 sum
1340 1325 1508 1390 solus,
1535 1325 1629 1379 sed
1659 1324 1820 1380 Pater
1850 1336 2001 1379 mens

418 1430 632 1469 mecum
687 1417 829 1481 est",
872 1435 892 1469 ο
947 1417 1042 1488 sed
1086 1418 1440 1472 immanitatis
1490 1427 1670 1488 partes
1717 1431 1913 1487 agens,
1945 1424 1999 1471 et

419 1517 605 1560 nostra
651 1508 752 1562 sibi
799 1509 1141 1573 attribuens,
1180 1509 1446 1579 nobisque
1492 1510 1923 1565 misericordiam
1969 1522 1999 1563 e

417 1600 559 1653 cmlo
591 1601 833 1654 eiiciens.
860 1600 970 1655 Nos
995 1601 1140 1655 enim
1174 1601 1418 1656 derclicti
1449 1615 1689 1668 eramus,
1719 1612 1775 1655 ut
1805 1601 1999 1656 extulit.

419 1690 654 1761 theologi
683 1706 781 1745 vox
812 1691 946 1763 (65).
975 1689 1119 1746 Dixit
1140 1692 1305 1747 etiam
1334 1692 1435 1747 hoc
1468 1706 1754 1760 personam
1784 1690 1996 1746 israeiis

420 1799 615 1852 agens,
664 1785 753 1854 qui
803 1800 973 1854 usque
1017 1784 1154 1839 adeo
1199 1783 1379 1839 fuerat
1428 1783 1747 1848 destitutus,
1793 1794 1852 1837 ut
1904 1782 1995 1838 Dei

2106 598 2182 662 ὼς
2218 598 2471 669 καθαρῷ,
2506 599 2602 652 καὶ
2636 598 2918 669 παρθένῳ,
2954 597 3051 650 καὶ
3089 597 3254 667 μέχρι
3286 596 3396 649 τῶν
3436 595 3681 665 ἐσχάτων

2107 690 2372 743 κινδύνων
2427 689 2580 760 αύτῷ
2631 689 3063 760 παραμείναντι,
3105 689 3197 741 καὶ
3244 687 3533 756 δυναμένῳ
3581 685 3673 753 τὴν

2105 782 2282 854 λύπην
2334 782 2504 853 αὐτῆς
2556 783 2913 845 κατευνᾶσαι,
2954 781 3050 835 καὶ
3092 780 3153 834 τὸ
3205 780 3505 851 μυστήριον
3536 778 3678 831 ἐκδι-

2099 873 2260 939 δάξαι
2291 872 2392 928 τοῦ
2425 873 2631 938 πάθους
2662 876 2783 937 ταῖς
2813 872 3157 941 θεολογικαϊς
3188 875 3534 944 εἰσηγήσεσι.

2174 1051 2333 1106 Μετὰ
2362 1050 2418 1103 δὲ
2441 1049 2616 1103 ταῦτα
2650 1048 2713 1103 τὸ
2756 1047 3035 1119 ψαλμικὸν
3073 1049 3253 1102 ἐκεῖνο
3291 1043 3416 1102 εἷπε
3473 1049 3642 1122 ῥητόν
3666 1064 3682 1079 ⁸

2109 1164 2128 1198 ι
2175 1145 2235 1198 '0
2268 1144 2422 1208 Θεὸς,
2454 1146 2483 1197 ὁ
2517 1144 2652 1207 Θεός
2700 1160 2826 1214 μου,
2874 1142 2963 1196 ῐνα
3007 1142 3061 1195 τί
3112 1159 3180 1212 με
3223 1143 3616 1209 ὲγκατέλιπεςς
3659 1161 3680 1194 ι

2100 1240 2201 1310 οὐχ
2229 1240 2313 1292 ὅτι
2331 1238 2494 1301 αὐτὸς
2518 1236 3001 1305 ὲγκαταλέλειπτο,
3029 1233 3063 1305 ἦ
3092 1233 3417 1304 ἐπικουρίας
3462 1234 3645 1288 ἐδέετο
3664 1250 3683 1268 ο

2101 1330 2426 1401 προειρήκει
2457 1329 2588 1397 γὰρ,
2618 1326 2700 1380 ὅτι
2735 1345 2756 1378 ι
2781 1326 2897 1380 Ούκ
2925 1325 3046 1395 είμὶ
3079 1325 3261 1395 μόνος,
3286 1324 3405 1377 ἀλλ’
3492 1325 3686 1395 Πατήρ

2104 1437 2205 1492 μου
2262 1419 2380 1489 μετ’
2423 1417 2561 1488 ἐμοῦ
2624 1418 2811 1481 ἐστιν,
2868 1434 2889 1468 ι
2944 1415 3060 1469 ἀλλ’
3106 1416 3172 1468 ἐκ
3228 1413 3525 1481 προσώπου
3585 1413 3687 1481 τῆς

2100 1511 2527 1583 ἀνθρωπότητος
2567 1508 2743 1563 ταῦτα
2791 1508 2970 1571 λαλεῖ,
3021 1505 3396 1576 οἰκειούμενος
3430 1505 3490 1557 τὸ
3547 1504 3688 1574 ὴμέ-

2098 1618 2278 1675 τερον,
2307 1602 2402 1655 καὶ
2428 1601 2606 1655 ἕλκων
2632 1602 2712 1663 είς
2742 1600 2890 1669 ἡμᾶς
2926 1597 3019 1651 τὸν
3045 1595 3253 1651 ἀνωθεν
3279 1594 3449 1649 ἔλεον.
3490 1592 3687 1661 Ἡμεῖς

2099 1698 2209 1769 γάρ
2235 1684 2376 1768 ἦμεν
2398 1694 2447 1748 οἱ
2482 1690 3070 1761 ὲγκαταλέλειμμένοι,
3110 1687 3186 1751 ὥς
3216 1703 3351 1757 φησι
3379 1684 3532 1756 φωνὴ
3562 1684 3687 1736 θεοιι

2100 1789 2314 1857 λογική.
2374 1785 2541 1854 Λέγει
2587 1783 2645 1838 δὲ
2693 1782 2790 1836 καὶ
2843 1779 3003 1834 τοῦτο
3089 1780 3154 1832 ἐκ
3218 1774 3516 1848 προσώπου
3587 1773 3684 1827 τού

416 1878 630 1933 occisor
648 1879 922 1943 evaderet,
943 1892 1115 1948 eoque
1139 1877 1556 1946 progrederetur
1578 1875 1836 1931 audaciae.
1860 1874 1995 1931 Cum

2112 1880 2351 1950 Ἰσραὴλ,
2366 1879 2451 1932 ὅτι
2468 1875 2705 1946 τοσαύτη
2725 1873 2953 1944 γέγονεν
2978 1865 3068 1935 εἰς’
3082 1871 3248 1925 αὐτὸν
3269 1867 3687 1936 ὲγκατάλειψις,

413 1976 545 2032 ergo
591 1981 709 2033 qua:
759 1966 825 2020 de
874 1966 993 2036 ipso
1039 1974 1189 2021 erant
1239 1966 1421 2021 omnia
1469 1966 1761 2035 eXpiesset,
1800 1965 1934 2019 dixit
1978 1981 1993 2019 :

420 2075 441 2109 ι
491 2056 940 2113 Consummatum
993 2068 1098 2114 est.
1150 2078 1169 2112 ι
1225 2057 1337 2114 Hoc
1383 2068 1465 2114 est
1510 2069 1564 2114 et
1609 2061 1994 2128 prophetarum

410 2152 660 2214 oracula,
688 2158 743 2204 et
776 2149 957 2204 divina
1001 2150 1358 2220 dispensatio,
1393 2155 1447 2205 et
1479 2148 1702 2206 Iudaica
1746 2150 1996 2221 impietas

415 2244 482 2296 ad
525 2242 685 2295 tinem
724 2242 982 2312 perducta
1021 2242 1136 2312 jam
1179 2251 1323 2298 sunt.
1359 2242 1543 2312 Itaque
1585 2243 1826 2299 clamans
1865 2257 1997 2297 voce

412 2343 611 2403 magna
645 2352 658 2389 :
698 2354 715 2387 ι
748 2333 929 2400 Pater,
961 2336 1012 2389 in
1042 2351 1233 2391 manus
1263 2347 1382 2391 tuas
1399 2337 1720 2392 commendo
1748 2336 1995 2405 spiritum

414 2438 629 2491 meum,
670 2444 689 2477 ι
742 2432 796 2479 et
840 2436 999 2494 caput
1042 2426 1337 2492 inclinans,
1387 2427 1604 2480 tradidit
1635 2427 1906 2497 Spiritum.
1940 2425 1995 2480 in

414 2512 501 2568 his
530 2523 707 2567 autem
743 2524 797 2568 et
824 2513 992 2569 Joeiis
1022 2524 1103 2569 est
1136 2515 1351 2585 impleta
1390 2515 1666 2586 prophetia
1708 2533 1721 2571 :
1766 2533 1783 2566 ι
1821 2514 1911 2570 Sol
1944 2523 1998 2569 et

396 2603 539 2657 'iuna
585 2603 1144 2670 contenebrabuntur,
1188 2603 1452 2660 Dominus
1518 2614 1697 2660 autem
1753 2605 1821 2659 de
1865 2605 1997 2659 Sion

414 2695 704 2761 clamabit,
734 2706 790 2750 et
833 2699 899 2751 de
940 2695 1239 2751 Jerusalem
1287 2698 1434 2750 dabit
1483 2712 1666 2752 vocem
1716 2712 1868 2751 suam
1888 2697 1931 2750 ⁸.
1970 2716 1989 2749 ι

415 2787 628 2843 Clamat
660 2801 792 2844 voce
827 2803 1043 2854 magna,
1079 2800 1137 2842 ut
1170 2791 1422 2843 ostendat
1455 2790 1692 2843 animam
1737 2789 1903 2857 210
1937 2802 1997 2842 se

414 2892 515 2949 pro
543 2894 640 2933 sua
673 2888 939 2950 potestate
970 2879 1265 2934 dimittere.
1296 2879 1354 2932 in
1386 2879 1561 2933 Patris
1593 2893 1722 2933 vero
1750 2880 1998 2934 manibus

413 2987 533 3026 eam
586 2973 965 3039 commendat,
1014 2981 1075 3026 ut
1127 2982 1385 3042 tanquam
1439 2972 1745 3041 depositum
1799 2972 1996 3027 iterum

412 3073 612 3119 sumat.
644 3067 817 3135 Atque
849 3067 951 3118 hoc
984 3072 1087 3131 est,
1119 3066 1262 3134 quod
1297 3063 1513 3119 dixerat
1538 3063 1739 3119 ludatis
1773 3081 1788 3119 :
1830 3082 1848 3115 ι
1884 3062 1998 3133 Ego

2099 1973 2174 2035 ὡς
2203 1969 2484 2031 θεοκτόνος
2514 1966 2793 2036 γενέσθαι,
2844 1966 2941 2020 καὶ
2989 1965 3153 2035 μέχρι
3182 1960 3440 2015 τοσούτου
3477 1959 3687 2030 φθάσαι

2099 2062 2473 2132 τολμήματος.
2527 2058 2713 2112 Πάντα
2750 2058 2808 2110 δὲ
2838 2056 2909 2109 τὰ
2961 2057 3092 2124 περὶ
3126 2054 3293 2108 αὐτοῦ
3328 2051 3432 2121 ἤδη
3478 2049 3690 2119 πεπλη-

2105 2154 2319 2226 ρωκὼς,
2359 2147 2517 2207 εἷπε·
2558 2170 2577 2204 ι
2612 2150 2961 2203 Τετέλεσται.
2993 2168 3012 2201 ι
3048 2146 3314 2200 Τουτέστι
3347 2145 3446 2199 καὶ
3474 2143 3543 2196 τά
3576 2141 3691 2196 τῶν

2100 2246 2417 2317 προφητῶν,
2453 2244 2549 2298 καὶ
2583 2244 2651 2296 τὰ
2685 2244 2784 2314 τῆς
2813 2239 3152 2310 οἰκονομίας,
3185 2239 3283 2293 καὶ
3324 2238 3394 2291 τὰ
3416 2240 3520 2307 τῆς
3558 2234 3691 2288 Ἰου-

2099 2338 2295 2407 δαϊκῆς
2346 2336 2604 2400 ἀσεϐείας
2644 2335 2821 2407 πέρας
2866 2334 3109 2399 ἐδέξατο.
3152 2332 3265 2384 Kal.
3292 2328 3437 2384 οὕτω
3475 2328 3690 2399 κράξας

2102 2432 2251 2500 φωνῇ
2294 2428 2542 2498 μεγάλῃ·
2582 2446 2601 2477 ι
2635 2426 2841 2495 Πάτερ,
2875 2425 2955 2486 είς
2977 2421 3170 2493 χεῖράς
3213 2437 3309 2474 σου
3340 2417 3688 2488 παρατίθημι

2098 2526 2159 2577 eo
2183 2520 2403 2588 πνεῦμά
2438 2536 2564 2589 μου,
2591 2537 2609 2569 ι
2640 2518 2735 2570 καὶ.
2764 2515 2952 2579 κλίνας
2980 2514 3081 2582 τὴν
3106 2511 3372 2581 κεφαλὴν,
3397 2508 3687 2580 παρέδωκε

2099 2617 2162 2669 τὸ
2213 2612 2454 2682 πνεῦμα.
2515 2610 2605 2663 Ἐν
2651 2609 2706 2662 δὲ
2739 2608 2951 2669 τούτοις
2975 2606 3083 2675 ςκαὶ
3110 2606 3138 2657 ό
3167 2604 3263 2658 τοῦ
3312 2603 3467 2672 Ἰωὴλ
3511 2602 3686 2671 ἐπλη-

2106 2709 2264 2781 ροῦτο
2292 2704 2542 2780 χρησμός
2572 2719 2586 2735 ·
2629 2721 2647 2755 ι
2686 2703 2746 2755 '0
2768 2703 2920 2772 ἦλιος
2949 2703 3045 2754 καὶ
3069 2700 3266 2771 σελήνη
3301 2696 3684 2762 σκοτάσουσιν,

2100 2804 2129 2856 ὁ
2163 2801 2221 2855 δὲ
2259 2798 2463 2869 Κύριος
2496 2798 2561 2848 ὲκ
2612 2792 2754 2846 Σιὼν
2801 2792 3197 2863 ἁνακράξεται,
3249 2791 3345 2843 καὶ
3379 2790 3438 2841 ὲν
3476 2789 3684 2856 ’Ῑερουο

2103 2895 2286 2964 σαλὴμ
2318 2890 2480 2945 δώσει
2503 2887 2685 2958 φωνὴν
2709 2886 2897 2939 αὑτοῦ.
2928 2902 2949 2937 ι
2977 2886 3133 2955 Φωνῇ
3167 2883 3224 2936 δὲ
3254 2881 3468 2953 μεγάλῃ
3490 2878 3684 2949 φωνεῐ,

2098 2986 2324 3048 δεικνὺς
2373 2984 2457 3037 ὅτι
2505 2982 2627 3033 κατ’
2667 2977 2918 3043 ἐξουσίαν
2963 2977 3160 3047 ἀφίησι
3209 2975 3310 3046 τὴν
3345 2974 3551 3043 ψυχὴν.
3586 2971 3686 3035 Εἰς

2100 3078 2294 3148 χεῖρας
2318 3073 2375 3127 δὲ
2405 3068 2500 3124 τοῦ
2533 3068 2748 3139 Πατρδς
2781 3065 3173 3137 παρατίθησιν,
3203 3064 3270 3117 ἶν’
3292 3061 3448 3126 αὖθις
3472 3063 3548 3124 ὠς
3575 3077 3686 3113 παι

414 3171 555 3225 pono
602 3156 836 3210 animam
887 3171 1093 3224 meam,
1126 3166 1182 3211 ut
1222 3156 1420 3210 iterum
1469 3169 1677 3209 sumam
1724 3154 1917 3220 eam“;
1967 3172 1987 3206 ι

414 3246 572 3270 -3..---Ι
623 3248 780 3270 ηιξ-..
861 3259 916 3270 -.ι
967 3248 1121 3270 ..-ιε-
1177 3261 1322 3270 ---μ
1381 3247 1526 3270 ΔΛ..--
1604 3261 1707 3270 ..Α-
1763 3246 1993 3270 -....ιε..,.

2102 3162 2490 3235 ρακαταθήκην
2514 3158 2654 3228 λάϐῃ
2688 3157 2879 3228 αὐτὴν,
2900 3154 3178 3210 καὶτοῦτο
3209 3149 3301 3224 ἦν,
3328 3151 3357 3205 ὃ
3391 3151 3543 3220 ἔλεγε
3570 3151 3685 3213 τοῖς

2113 3260 2151 3270 ι-
2226 3258 2249 3270 -
2297 3256 2309 3270 ο
2517 3250 2572 3270 ,η
2604 3249 2653 3270 ην
2697 3250 2881 3270 ,ηιηη
2920 3248 3015 3270 ,ιη
3046 3248 3225 3270 -.μηλη
3260 3262 3358 3270 ,,,,,
3409 3246 3496 3270 νη,
3518 3243 3685 3270 _,_..___

413 3246 574 3301 simul
619 3248 817 3313 etiam,
861 3259 921 3301 ut
967 3248 1124 3302 nobis
1175 3261 1325 3316 spem
1377 3247 1561 3310 daret,
1604 3261 1710 3300 non
1761 3246 1996 3316 amplius

414 3336 589 3391 ituras
620 3337 684 3391 ad
717 3336 944 3403 inferos,
976 3340 1069 3392 sed
1102 3336 1158 3391 in
1189 3335 1282 3390 Dei
1321 3351 1479 3390 manu
1510 3335 1846 3390 credentium
1881 3335 1998 3389 ani-

416 3443 535 3482 mas
579 3427 692 3498 (66)
740 3443 860 3482 esse
898 3427 1265 3495 deponendas.
1295 3426 1523 3481 Inclinat
1558 3442 1687 3482 vero
1728 3438 1908 3496 caput,
1939 3436 1998 3482 ut

418 3529 646 3572 mortem
686 3519 837 3589 quasi
879 3518 1131 3572 famulam
1168 3517 1330 3573 veluti
1365 3527 1499 3572 nuttt
1539 3518 1607 3572 ad
1648 3532 1708 3573 se
1745 3518 1992 3573 advocet.

415 3606 613 3664 Libere
651 3609 850 3679 quippe
885 3625 1081 3679 corpus
1115 3624 1271 3664 suum
1306 3609 1533 3679 projecit
1564 3610 1615 3664 in
1654 3618 1902 3676 mortem,
1937 3619 1996 3663 ut

414 3710 473 3754 nt
512 3708 704 3756 natura
750 3701 873 3755 licet
906 3703 1178 3771 passionis
1210 3702 1349 3756 mala
1388 3702 1717 3766 sustineret,
1744 3712 1799 3756 et
1831 3717 1993 3772 supra

419 3805 671 3848 naturam
732 3794 911 3848 divina
974 3794 1171 3849 virtute
1232 3803 1560 3865 resurgeret.
1608 3793 1803 3849 Statim
1863 3809 1994 3864 ergo

413 3884 681 3943 scinditur
715 3889 888 3942 velum
929 3887 1145 3957 templi,
1175 3888 1317 3956 quod
1353 3898 1474 3943 erat
1505 3889 1749 3942 velamen
1785 3889 1840 3942 in
1878 3887 1994 3957 ipso

417 3981 600 4048 templi
647 3982 823 4035 medio
868 3996 934 4035 ex
977 3990 1207 4049 utraque
1250 3988 1403 4050 parte
1441 3981 1729 4035 distentum
1773 3996 1836 4035 ea
1875 3995 1996 4051 quae

413 4074 468 4128 in
500 4075 678 4146 adytis
719 4083 897 4140 erant,
927 4081 981 4128 et
1011 4074 1109 4128 spii
1143 4074 1410 4128 sacerdoti
1443 4076 1733 4143 spectanda
1768 4076 1997 4129 abscon-

414 4167 581 4231 dens,
617 4182 717 4235 per
761 4167 904 4235 quod
957 4174 1072 4219 erat
1123 4181 1380 4221 accessus
1432 4166 1499 4220 ad
1552 4166 1687 4235 ipsa.
1727 4164 1994 4231 Quoniam

412 4274 546 4313 Vero
573 4259 626 4311 in
659 4272 810 4312 more
842 4257 1071 4325 positum
1103 4256 1300 4312 Judaeis
1332 4268 1473 4322 erat,
1500 4258 1700 4313 auditis
1737 4259 1791 4311 in
1824 4256 1994 4312 Deum

409 4350 788 4420 biaspitemiis,
814 4351 1131 4405 vestimenta
1160 4351 1464 4405 discindere
1494 4369 1508 4405 :
1535 4352 1798 4420 templum
1832 4351 1995 4406 etiam

412 4441 711 4514 ingentium
748 4443 983 4513 speciem
1018 4457 1126 4511 pra:
1162 4457 1220 4497 se
1256 4440 1383 4507 fert,
1417 4455 1587 4513 usque
1621 4443 1756 4497 adeo
1788 4442 1995 4498 facinus

2113 3256 2394 3319 Ἰουδαίοις
2416 3272 2430 3286 ·
2458 3272 2477 3305 ι
2517 3249 2660 3319 Ἐγὼ
2692 3250 2887 3321 τίθημι
2916 3248 3016 3319 τὴν
3045 3248 3226 3318 ψυχήν
3259 3262 3383 3317 μου,
3409 3246 3498 3300 ἴνα
3516 3243 3685 3298 πάλιν

2098 3352 2249 3405 λάϐω
2287 3349 2479 3417 αὑτήν.
2514 3367 2533 3400 ι
2576 3345 2690 3401 Καὶ
2739 3343 2857 3413 ἅμα
2910 3339 3090 3403 διδοὺς
3136 3338 3361 3401 ἐλπίδας
3416 3337 3572 3407 ἡμῖν,
3620 3335 3685 3387 τὸ

2103 3443 2301 3516 μηκέτι
2355 3441 2554 3511 χωρεῖν
2607 3438 2687 3501 είς
2740 3436 2868 3507 ᾅδου
2914 3435 3015 3496 τὰς
3070 3431 3249 3502 ψυχὰς
3287 3428 3402 3483 τῶν
3446 3425 3681 3489 πιστῶν,

2098 3534 2214 3591 ἀλλ’
2259 3536 2338 3595 είς
2377 3536 2569 3604 χεῖρας
2606 3526 2743 3583 Θεοῦ
2789 3523 3218 3597 παρατίθεσθαι.
3258 3520 3444 3573 κλίνει
3491 3519 3548 3572 δὲ
3580 3518 3684 3587 τὴν

2098 3626 2344 3697 κεφαλὴν
2397 3619 2511 3678 οἷον
2563 3621 2795 3692 νεύματι
2869 3616 3126 3686 καθάπερ
3175 3610 3537 3684 θεραπαινίδα
3577 3609 3682 3679 τὴν

2097 3720 2385 3789 τελευτὴν,
2465 3709 2970 3786 προσκαλούμενος.
3035 3706 3169 3761 Μετ’
3242 3700 3492 3769 ἐξουσίας
3570 3697 3681 3770 γάρ

2100 3812 2324 3883 προΐετο
2380 3807 2443 3860 τὸ
2486 3807 2622 3861 ἴδιον
2677 3801 2840 3871 σῶμα
2893 3799 2975 3863 είς
3034 3797 3289 3860 θάνατον,
3347 3794 3435 3847 ἵνα
3490 3790 3582 3844 καὶ
3610 3789 3682 3843 τὰ

2099 3903 2250 3973 πάθη
2286 3897 2532 3970 φυσικῶς
2568 3894 2803 3964 ύποστῇ,
2834 3894 2927 3945 καὶ
2949 3888 3091 3960 ὑπὲρ
3117 3888 3278 3959 φύσιν
3322 3883 3519 3947 θεῖκῶς
3549 3883 3683 3936 ἀνα-

2100 3999 2224 4067 στῇ.
2287 3992 2513 4047 Ἀυτίκα
2551 3985 2645 4043 οὖν
2679 3984 2930 4058 σχίζεται
2969 3981 3065 4037 τοῦ
3100 3980 3229 4036 ναοῦ
3268 3979 3330 4033 τὸ
3360 3975 3681 4032 καταπέτα‹

2100 4101 2234 4156 σμα,
2260 4082 2397 4151 ὅπερ
2418 4075 2485 4149 ἦν
2506 4077 2665 4146 ὀθόνη
2699 4074 3005 4145 καθιεμένη
3032 4070 3284 4143 διαμπὰξ
3313 4070 3395 4132 είς
3421 4067 3555 4121 αὐτὸ
3580 4067 3679 4117 τού

2098 4176 2228 4232 ναοῦ
2258 4175 2320 4228 τδ
2357 4171 2703 4245 μεσαίτατον,
2741 4167 3111 4231 συσκιάζουσα
3168 4165 3233 4218 τὰ
3282 4163 3540 4231 ἐσόμενα,
3583 4156 3683 4209 καὶ

2104 4270 2251 4339 μόνῳ
2281 4266 2356 4335 τῷ
2381 4265 2518 4335 ἱερεῖ
2536 4261 2728 4326 θεατὰ,
2758 4261 2855 4313 καὶ
2884 4259 3096 4329 βάσιμα
3125 4252 3357 4309 ποιοῦσα
3391 4252 3459 4304 τὰ
3478 4249 3678 4339 ἄδυτα.

2111 4337 2331 4428 Ἐπειδὴ
2359 4357 2417 4409 δὲ
2445 4357 2560 4418 τοῖς
2593 4350 2867 4415 Ἰουδαίοις
2901 4350 3023 4413 ἔθος
3048 4344 3203 4419 ἦνὲν
3236 4348 3355 4409 ταῖς
3385 4344 3513 4414 περὶ
3541 4337 3678 4393 Θεοῦ

2102 4449 2480 4523 βλασφημίαις
2535 4445 2635 4517 τὴν
2691 4442 2897 4514 ἐσθῆτα
2948 4436 3403 4513 περιρρηγνύειν,
3454 4434 3527 4488 τὰ
3569 4431 3681 4485 τῶν

412 4536 545 4590 illud
579 4535 893 4605 deplorans,
923 4546 984 4590 ut
1017 4535 1180 4590 etiam
1220 4537 1390 4589 instar
1426 4536 1621 4590 tunicae
1650 4535 1828 4591 velum
1864 4536 1990 4591 abs-

2102 4541 2442 4596 πενθούντων
2475 4540 2503 4592 ὁ
2544 4536 2671 4597 ναὸς
2713 4528 3138 4605 σχηματίζεται,
3179 4526 3435 4583 τοσοῦτον
3480 4524 3683 4580 ἀποδυ-

412 4629 618 4682 cindat.
654 4628 925 4683 Fortassis
959 4631 1121 4683 etiam
1157 4630 1465 4683 vastitatem
1501 4644 1653 4683 suam
1690 4628 1789 4697 ipsi
1827 4643 1991 4683 even-

414 4726 589 4777 turam
620 4719 746 4773 inde
778 4721 1134 4787 denuntians;
1176 4735 1239 4774 ac
1274 4720 1435 4775 simul
1468 4720 1719 4774 indicans
1750 4720 1990 4775 divinam

2106 4629 2331 4699 ρόμενος
2364 4626 2647 4697 τόλμημα,
2671 4625 2767 4677 καὶ
2797 4624 2873 4685 ὡς
2902 4624 3110 4694 χιτῶνα
3138 4618 3393 4692 διέρρηξε
3416 4618 3476 4670 τὸ
3508 4632 3682 4671 κατα-

2102 4720 2361 4791 πέτασμα
2379 4734 2395 4750 ’
2422 4720 2563 4788 τάχα
2601 4734 2703 4770 που
2732 4716 2828 4770 καὶ
2848 4716 2949 4786 τὴν
2993 4714 3131 4769 ἰδίαν
3161 4713 3446 4783 ἐρήμωσιν
3470 4707 3678 4781 προδη-

485 4859 505 4889 ⁶
528 4858 669 4913 Psai.
696 4870 811 4925 xxi,
840 4858 887 4914 i.
963 4864 984 4895 ν
1005 4857 1167 4914 Joan.
1195 4875 1302 4925 xvt,
1329 4859 1419 4915 32.
1496 4861 1518 4892 ⁸
1541 4857 1657 4915 Joel
1690 4876 1774 4929 ιιι,
1802 4859 1890 4929 15,
1923 4862 2008 4918 16.
2083 4864 2104 4897 ⁸
2125 4860 2283 4920 Joan.
2313 4858 2480 4930 3,17.

1651 4998 1982 5063 Fratteisci
2010 5001 2219 5063 Scorsi
2267 5007 2453 5061 notat.

488 5122 601 5192 (65)
648 5113 715 5176 Ut
745 5122 932 5178 extulit
960 5120 1212 5193 Tlteologi
1232 5139 1349 5179 vox.
1380 5124 1515 5179 Cum
1536 5125 1855 5194 Gregorium
1887 5126 1996 5181 Na-

412 5196 738 5251 zianzenum
794 5195 945 5256 citat,
999 5197 1076 5249 sic
1131 5210 1252 5248 eum
1307 5194 1447 5249 solet
1497 5196 1805 5250 describere
1854 5197 1994 5251 Κατ’

411 5264 629 5334 ἐξοχὴν.
690 5262 977 5335 θεολογική
1024 5264 1268 5333 γλῶσσα,
1304 5265 1502 5334 μοῦσα,
1557 5275 1614 5321 et
1676 5266 1796 5319 aliis
1860 5283 1997 5335 quos

411 5332 575 5403 supra
612 5332 790 5387 notavi
828 5332 1001 5403 modis
1038 5332 1052 5388 ε
1093 5337 1180 5389 hic
1206 5332 1386 5403 autent
1420 5336 1572 5389 iocus
1623 5344 1709 5389 est
1758 5352 1821 5390 ex
1852 5332 1993 5392 orat.

410 5400 491 5459 56'
535 5424 548 5458 :
600 5403 691 5477 Ἐν
720 5402 901 5477 ἀύτῴ
929 5403 995 5477 Δδὲ
1035 5400 1355 5477 ὅπερᾉείπον
1387 5408 1551 5477 τυπεζ
1597 5405 1657 5457 τὸ
1690 5406 1957 5477 ἡμέτερον
1980 5423 1994 5439 ο

411 5477 574 5544 ἡμεῖς
596 5475 705 5543 γὰρ
720 5468 943 5546 ἥμενοι
973 5468 1437 5546 καταλελειμένοι,
1457 5474 1553 5527 καὶ
1576 5468 1998 5546 παρεωραμένοι

409 5541 687 5616 πρότερον
729 5541 1006 5616 (ναυηιῄ
1044 5546 1098 5598 in
1152 5561 1205 5616 se
1259 5541 1372 5613 ipso
1433 5541 1783 5610 repra’sentai
1830 5541 1857 5600 τ’
1895 5563 1989 5600 nos

411 5614 552 5668 enim
588 5614 811 5667 eramus
863 5614 1099 5667 derclicti
1142 5614 1222 5667 illi
1253 5616 1424 5681 prius,
1466 5626 1636 5682 .atqne
1686 5618 1984 5682 contempti.

411 5683 679 5738 Praeclare
708 5685 955 5752 enuniem
984 5700 1203 5738 sensum
1241 5686 1432 5738 extulit
1466 5684 1523 5737 S.
1543 5683 1673 5750 Leo,
1703 5700 1867 5740 serm.
1895 5686 1985 5752 i6,

412 5756 478 5823 de
510 5754 668 5823 Pana
702 5769 714 5782 ·
750 5751 883 5805 lude
913 5763 988 5807 est
1037 5754 1175 5817 quod
1225 5768 1382 5823 caput
1433 5766 1671 5807 nostrum
1728 5751 1987 5810 Dominus

413 5811 571 5875 Jcsus
629 5820 870 5875 Christus
921 5811 1097 5879 omnia
1137 5826 1191 5879 in
1240 5811 1301 5879 se.
1347 5827 1580 5895 corporis
1622 5828 1704 5881 sui
1758 5830 1989 5881 membra

2093 5127 2504 5195 transformata,
2538 5125 2677 5193 quod
2714 5124 2838 5178 aliut
2875 5124 2927 5176 in
2976 5124 3187 5178 Psalmo
3224 5131 3576 5186 ernetaverat,
3623 5124 3686 5178 id

2092 5197 2148 5250 in
2176 5196 2433 5265 supplicio
2474 5196 2642 5249 crucis
2696 5195 2790 5249 sub
2831 5195 3223 5265 redemptorum
3291 5211 3511 5247 suorum
3557 5210 3684 5265 pore

2093 5263 2358 5319 clamabat
2406 5282 2424 5319 :
2452 5276 2497 5314 ἰ
2531 5265 2669 5318 Deus
2707 5279 2874 5324 meus.
2923 5264 3063 5317 Deus
3101 5280 3268 5324 meus,
3310 5266 3496 5334 utquid
3531 5263 3685 5316 dere-

2095 5337 2298 5407 liquisti
2318 5336 2448 5407 pte."
2487 5355 2505 5387 ι
2534 5335 2638 5407 Alii
2674 5336 2803 5388 item
2844 5334 3154 5407 gravissimi
3190 5336 3384 5407 Patres
3411 5349 3476 5407 ep
3513 5348 3680 5407 sensu

2097 5402 2260 5460 vérba
2292 5405 2497 5459 Christi
2533 5404 2982 5473 interpretantur,
3027 5404 3379 5466 Athanasius,
3419 5402 3677 5473 Cyrillus,

2095 5475 2448 5543 Augustinus.
2487 5473 2591 5528 Sed
2625 5474 2866 5543 longiora
2899 5473 2965 5526 de
2998 5474 3099 5527 hoc
3147 5472 3264 5529 loco
3307 5489 3412 5528 non
3456 5472 3675 5539 addam,

2092 5560 2212 5615 qum
2245 5545 2309 5599 ab
2337 5543 2724 5615 interpretibus
2748 5552 2875 5597 sunt
2900 5544 3151 5615 petenda.

2166 5615 2279 5682 (66)
2323 5612 2425 5668 Sed
2449 5615 2503 5666 in
2534 5613 2630 5667 Dei
2661 5628 2821 5666 manu
2851 5614 3176 5666 credentium
3210 5614 3440 5668 animos.
3467 5615 3539 5668 Ex
3573 5612 3680 5668 hoc

2090 5685 2211 5739 loco
2234 5685 2628 5739 convenienter
2654 5682 2926 5751 colligitur
2958 5694 3105 5737 recta
3132 5687 3400 5738 sententia
3431 5689 3496 5739 de
3530 5694 3677 5737 statu

2093 5756 2396 5808 animarum
2445 5763 2568 5824 post
2630 5762 2883 5819 mortem,
2941 5752 3009 5808 de
3055 5768 3162 5824 qua
3215 5754 3450 5811 disserui
3506 5766 3675 5824 supra

2090 5833 2201 5881 not.
2240 5824 2333 5879 54.
