  <div class='ocr_page' id='page_1' title='image "/cluster/home/n/w/nwhite01/storage/ocr_20150623/132/coo.31924054870377/308.png"; bbox 0 0 4042 6446; ppageno 0'>
   <div class='ocr_carea' id='block_1_1' title="bbox 359 425 468 492">
    <p class='ocr_par' dir='ltr' id='par_1_1' title="bbox 359 425 468 492">
     <span class='ocr_line' id='line_1_1' title="bbox 359 425 468 492; baseline -0.009 -1"><span class='ocrx_word' id='word_1_1' title='bbox 359 425 468 492; x_wconf 74' lang='grc' dir='ltr'><strong>δθι</strong></span> 
     </span>
    </p>
   </div>
   <div class='ocr_carea' id='block_1_2' title="bbox 1697 433 2316 504">
    <p class='ocr_par' dir='ltr' id='par_1_2' title="bbox 1697 433 2316 504">
     <span class='ocr_line' id='line_1_2' title="bbox 1697 433 2316 504; baseline 0.013 -11"><span class='ocrx_word' id='word_1_2' title='bbox 1697 433 2027 493; x_wconf 73' lang='lat' dir='ltr'><strong>IiOMlLIA</strong></span> <span class='ocrx_word' id='word_1_3' title='bbox 2071 437 2316 504; x_wconf 73' lang='lat' dir='ltr'><strong>XXVII.</strong></span> 
     </span>
    </p>
   </div>
   <div class='ocr_carea' id='block_1_3' title="bbox 3517 434 3622 505">
    <p class='ocr_par' dir='ltr' id='par_1_3' title="bbox 3517 434 3622 505">
     <span class='ocr_line' id='line_1_3' title="bbox 3517 434 3622 505; baseline 0.038 -4"><span class='ocrx_word' id='word_1_4' title='bbox 3517 434 3622 505; x_wconf 68' lang='lat'><strong>602</strong></span> 
     </span>
    </p>
   </div>
   <div class='ocr_carea' id='block_1_4' title="bbox 360 542 1949 627">
    <p class='ocr_par' dir='ltr' id='par_1_4' title="bbox 360 542 1946 619">
     <span class='ocr_line' id='line_1_4' title="bbox 360 542 1946 619; baseline 0.004 -23"><span class='ocrx_word' id='word_1_5' title='bbox 360 543 511 608; x_wconf 70' lang='grc' dir='ltr'>λσῠν,</span> <span class='ocrx_word' id='word_1_6' title='bbox 544 544 609 612; x_wconf 75' lang='grc' dir='ltr'>ἣν</span> <span class='ocrx_word' id='word_1_7' title='bbox 640 542 870 614; x_wconf 70' lang='grc' dir='ltr'>ἔμελλεν</span> <span class='ocrx_word' id='word_1_8' title='bbox 903 547 1037 599; x_wconf 72' lang='grc' dir='ltr'>αὐτὸ</span> <span class='ocrx_word' id='word_1_9' title='bbox 1069 547 1507 618; x_wconf 62' lang='grc' dir='ltr'><strong>καταλήψεσθαι,</strong></span> <span class='ocrx_word' id='word_1_10' title='bbox 1544 550 1637 603; x_wconf 66' lang='grc' dir='ltr'><strong>καὶ</strong></span> <span class='ocrx_word' id='word_1_11' title='bbox 1675 549 1792 619; x_wconf 76' lang='grc' dir='ltr'>ἃμα</span> <span class='ocrx_word' id='word_1_12' title='bbox 1835 552 1946 604; x_wconf 89' lang='grc' dir='ltr'>δει-</span> 
     </span>
    </p>
   </div>
   <div class='ocr_carea' id='block_1_5' title="bbox 2054 542 3634 627">
    <p class='ocr_par' dir='ltr' id='par_1_5' title="bbox 2056 555 3634 627">
     <span class='ocr_line' id='line_1_5' title="bbox 2056 555 3634 627; baseline 0.009 -23"><span class='ocrx_word' id='word_1_13' title='bbox 2056 569 2306 610; x_wconf 73' lang='lat' dir='ltr'><strong>Virtutem</strong></span> <span class='ocrx_word' id='word_1_14' title='bbox 2347 577 2376 611; x_wconf 74' lang='grc' dir='ltr'><strong>ιι</strong></span> <span class='ocrx_word' id='word_1_15' title='bbox 2419 574 2497 623; x_wconf 91' lang='lat' dir='ltr'><strong>se,</strong></span> <span class='ocrx_word' id='word_1_16' title='bbox 2526 555 2765 613; x_wconf 86' lang='lat' dir='ltr'><strong>Judaicae</strong></span> <span class='ocrx_word' id='word_1_17' title='bbox 2805 555 3102 627; x_wconf 75' lang='lat' dir='ltr'><strong>impietatis</strong></span> <span class='ocrx_word' id='word_1_18' title='bbox 3161 560 3286 615; x_wconf 85' lang='lat' dir='ltr'><strong>odio</strong></span> <span class='ocrx_word' id='word_1_19' title='bbox 3322 564 3634 618; x_wconf 76' lang='lat' dir='ltr'><strong>receSsisse.</strong></span> 
     </span>
    </p>
   </div>
   <div class='ocr_carea' id='block_1_6' title="bbox 360 635 1944 712">
    <p class='ocr_par' dir='ltr' id='par_1_6' title="bbox 360 635 1944 712">
     <span class='ocr_line' id='line_1_6' title="bbox 360 635 1944 712; baseline 0.003 -25"><span class='ocrx_word' id='word_1_20' title='bbox 360 635 567 697; x_wconf 77' lang='grc' dir='ltr'>κνύων,</span> <span class='ocrx_word' id='word_1_21' title='bbox 599 636 675 699; x_wconf 83' lang='grc' dir='ltr'><strong>ὡς</strong></span> <span class='ocrx_word' id='word_1_22' title='bbox 706 637 989 706; x_wconf 83' lang='grc' dir='ltr'>πέφευγεν</span> <span class='ocrx_word' id='word_1_23' title='bbox 1039 641 1072 709; x_wconf 84' lang='grc' dir='ltr'>ἡ</span> <span class='ocrx_word' id='word_1_24' title='bbox 1128 640 1184 692; x_wconf 82' lang='grc' dir='ltr'>ὲν</span> <span class='ocrx_word' id='word_1_25' title='bbox 1239 640 1316 707; x_wconf 81' lang='grc' dir='ltr'><strong>τῷ</strong></span> <span class='ocrx_word' id='word_1_26' title='bbox 1350 641 1463 712; x_wconf 81' lang='grc' dir='ltr'><strong>ναῷ</strong></span> <span class='ocrx_word' id='word_1_27' title='bbox 1522 640 1642 694; x_wconf 84' lang='grc' dir='ltr'>θεία</span> <span class='ocrx_word' id='word_1_28' title='bbox 1695 641 1944 711; x_wconf 83' lang='grc' dir='ltr'>δύναμις,</span> 
     </span>
    </p>
   </div>
   <div class='ocr_carea' id='block_1_7' title="bbox 364 727 1948 804">
    <p class='ocr_par' dir='ltr' id='par_1_7' title="bbox 364 727 1948 804">
     <span class='ocr_line' id='line_1_7' title="bbox 364 727 1948 804; baseline 0.006 -27"><span class='ocrx_word' id='word_1_29' title='bbox 364 727 700 796; x_wconf 77' lang='grc' dir='ltr'>μισαχθεῖσα</span> <span class='ocrx_word' id='word_1_30' title='bbox 729 728 870 797; x_wconf 75' lang='grc' dir='ltr'>πρὸς</span> <span class='ocrx_word' id='word_1_31' title='bbox 899 729 1000 798; x_wconf 78' lang='grc' dir='ltr'><strong>τὴν</strong></span> <span class='ocrx_word' id='word_1_32' title='bbox 1021 730 1128 782; x_wconf 80' lang='grc' dir='ltr'><strong>τῶν</strong></span> <span class='ocrx_word' id='word_1_33' title='bbox 1169 729 1438 784; x_wconf 81' lang='grc' dir='ltr'><strong>Ἰουδαίων</strong></span> <span class='ocrx_word' id='word_1_34' title='bbox 1465 733 1742 786; x_wconf 75' lang='grc' dir='ltr'>ἀσέϐειαν.</span> <span class='ocrx_word' id='word_1_35' title='bbox 1787 734 1948 804; x_wconf 78' lang='grc' dir='ltr'>Ἐσή-</span> 
     </span>
    </p>
   </div>
   <div class='ocr_carea' id='block_1_8' title="bbox 363 814 1950 892">
    <p class='ocr_par' dir='ltr' id='par_1_8' title="bbox 363 814 1950 892">
     <span class='ocr_line' id='line_1_8' title="bbox 363 814 1950 892; baseline 0.006 -28"><span class='ocrx_word' id='word_1_36' title='bbox 363 831 506 882; x_wconf 68' lang='lat' dir='ltr'><strong>pave</strong></span> <span class='ocrx_word' id='word_1_37' title='bbox 533 815 588 867; x_wconf 84' lang='grc' dir='ltr'><strong>δὲ</strong></span> <span class='ocrx_word' id='word_1_38' title='bbox 615 814 711 868; x_wconf 74' lang='grc' dir='ltr'><strong>καὶ</strong></span> <span class='ocrx_word' id='word_1_39' title='bbox 736 817 838 886; x_wconf 83' lang='grc' dir='ltr'>τὴν</span> <span class='ocrx_word' id='word_1_40' title='bbox 874 817 968 869; x_wconf 87' lang='grc' dir='ltr'><strong>τοῦ</strong></span> <span class='ocrx_word' id='word_1_41' title='bbox 1001 817 1168 887; x_wconf 77' lang='grc' dir='ltr'>νόμου</span> <span class='ocrx_word' id='word_1_42' title='bbox 1214 819 1497 884; x_wconf 73' lang='grc' dir='ltr'>ἀσέϐειαν,</span> <span class='ocrx_word' id='word_1_43' title='bbox 1545 821 1814 892; x_wconf 80' lang='grc' dir='ltr'>πρότερον</span> <span class='ocrx_word' id='word_1_44' title='bbox 1850 822 1950 891; x_wconf 80' lang='grc' dir='ltr'><strong>μὲν</strong></span> 
     </span>
    </p>
   </div>
   <div class='ocr_carea' id='block_1_9' title="bbox 357 905 1948 983">
    <p class='ocr_par' dir='ltr' id='par_1_9' title="bbox 357 905 1948 983">
     <span class='ocr_line' id='line_1_9' title="bbox 357 905 1948 983; baseline 0.005 -26"><span class='ocrx_word' id='word_1_45' title='bbox 357 905 617 973; x_wconf 76' lang='grc' dir='ltr'>καθάπερ</span> <span class='ocrx_word' id='word_1_46' title='bbox 641 910 1046 980; x_wconf 78' lang='grc' dir='ltr'>καταπέτασμα</span> <span class='ocrx_word' id='word_1_47' title='bbox 1086 910 1438 980; x_wconf 78' lang='grc' dir='ltr'>ήπλωμένην,</span> <span class='ocrx_word' id='word_1_48' title='bbox 1471 913 1566 964; x_wconf 73' lang='grc' dir='ltr'><strong>καὶ</strong></span> <span class='ocrx_word' id='word_1_49' title='bbox 1595 912 1948 983; x_wconf 79' lang='grc' dir='ltr'>κρύπτουσαν</span> 
     </span>
    </p>
   </div>
   <div class='ocr_carea' id='block_1_10' title="bbox 356 1001 1950 1074">
    <p class='ocr_par' dir='ltr' id='par_1_10' title="bbox 356 1001 1950 1074">
     <span class='ocr_line' id='line_1_10' title="bbox 356 1001 1950 1074; baseline 0.006 -24"><span class='ocrx_word' id='word_1_50' title='bbox 356 1001 463 1067; x_wconf 75' lang='grc' dir='ltr'>τὴν</span> <span class='ocrx_word' id='word_1_51' title='bbox 495 1001 776 1069; x_wconf 81' lang='grc' dir='ltr'>ἀλήθειαν,</span> <span class='ocrx_word' id='word_1_52' title='bbox 820 1003 914 1055; x_wconf 92' lang='grc' dir='ltr'><strong>νῦν</strong></span> <span class='ocrx_word' id='word_1_53' title='bbox 948 1003 1003 1055; x_wconf 68' lang='grc' dir='ltr'>δὲ</span> <span class='ocrx_word' id='word_1_54' title='bbox 1055 1005 1518 1074; x_wconf 81' lang='grc' dir='ltr'>περιαιρεθείσαν,</span> <span class='ocrx_word' id='word_1_55' title='bbox 1556 1006 1650 1058; x_wconf 76' lang='grc' dir='ltr'><strong>καὶ</strong></span> <span class='ocrx_word' id='word_1_56' title='bbox 1693 1006 1754 1059; x_wconf 83' lang='grc' dir='ltr'><strong>τὸ</strong></span> <span class='ocrx_word' id='word_1_57' title='bbox 1801 1006 1950 1060; x_wconf 74' lang='grc' dir='ltr'>ἔνδον</span> 
     </span>
    </p>
   </div>
   <div class='ocr_carea' id='block_1_11' title="bbox 358 1091 1946 1169">
    <p class='ocr_par' dir='ltr' id='par_1_11' title="bbox 358 1091 1946 1169">
     <span class='ocr_line' id='line_1_11' title="bbox 358 1091 1946 1169; baseline 0.005 -27"><span class='ocrx_word' id='word_1_58' title='bbox 358 1091 563 1154; x_wconf 76' lang='grc' dir='ltr'>κάλλος</span> <span class='ocrx_word' id='word_1_59' title='bbox 606 1095 774 1146; x_wconf 73' lang='grc' dir='ltr'>πᾶσιν</span> <span class='ocrx_word' id='word_1_60' title='bbox 819 1095 1216 1164; x_wconf 81' lang='grc' dir='ltr'>ὲμφαίνουσαν.</span> <span class='ocrx_word' id='word_1_61' title='bbox 1269 1097 1346 1150; x_wconf 82' lang='grc' dir='ltr'><strong>Δι’</strong></span> <span class='ocrx_word' id='word_1_62' title='bbox 1396 1093 1516 1150; x_wconf 79' lang='grc' dir='ltr'>ὅλου</span> <span class='ocrx_word' id='word_1_63' title='bbox 1570 1097 1626 1151; x_wconf 83' lang='grc' dir='ltr'>δὲ</span> <span class='ocrx_word' id='word_1_64' title='bbox 1679 1097 1946 1169; x_wconf 78' lang='grc' dir='ltr'>σχίζεται,</span> 
     </span>
    </p>
   </div>
   <div class='ocr_carea' id='block_1_12' title="bbox 357 1182 1950 1260">
    <p class='ocr_par' dir='ltr' id='par_1_12' title="bbox 357 1182 1950 1260">
     <span class='ocr_line' id='line_1_12' title="bbox 357 1182 1950 1260; baseline 0.006 -26"><span class='ocrx_word' id='word_1_65' title='bbox 357 1183 446 1234; x_wconf 81' lang='grc' dir='ltr'>ὃτι</span> <span class='ocrx_word' id='word_1_66' title='bbox 481 1182 557 1252; x_wconf 86' lang='grc' dir='ltr'>μὴ</span> <span class='ocrx_word' id='word_1_67' title='bbox 592 1183 824 1254; x_wconf 73' lang='grc' dir='ltr'>μερικὴν</span> <span class='ocrx_word' id='word_1_68' title='bbox 878 1186 992 1254; x_wconf 83' lang='grc' dir='ltr'>ἔχει</span> <span class='ocrx_word' id='word_1_69' title='bbox 1043 1186 1140 1256; x_wconf 81' lang='grc' dir='ltr'><strong>τὴν</strong></span> <span class='ocrx_word' id='word_1_70' title='bbox 1193 1187 1529 1258; x_wconf 84' lang='grc' dir='ltr'>διασάφησιν</span> <span class='ocrx_word' id='word_1_71' title='bbox 1579 1188 1638 1242; x_wconf 83' lang='grc' dir='ltr'><strong>τὸ</strong></span> <span class='ocrx_word' id='word_1_72' title='bbox 1680 1194 1950 1260; x_wconf 79' lang='grc' dir='ltr'>σωτήριον</span> 
     </span>
    </p>
   </div>
   <div class='ocr_carea' id='block_1_13' title="bbox 357 1274 1952 1348">
    <p class='ocr_par' dir='ltr' id='par_1_13' title="bbox 357 1274 1952 1348">
     <span class='ocr_line' id='line_1_13' title="bbox 357 1274 1952 1348; baseline 0.006 -23"><span class='ocrx_word' id='word_1_73' title='bbox 357 1274 654 1343; x_wconf 71' lang='grc' dir='ltr'>κήρυγμα.</span> <span class='ocrx_word' id='word_1_74' title='bbox 703 1276 952 1346; x_wconf 85' lang='grc' dir='ltr'>Ἐσείσθη</span> <span class='ocrx_word' id='word_1_75' title='bbox 985 1277 1041 1330; x_wconf 83' lang='grc' dir='ltr'>δὲ</span> <span class='ocrx_word' id='word_1_76' title='bbox 1070 1280 1101 1347; x_wconf 84' lang='grc' dir='ltr'>ἡ</span> <span class='ocrx_word' id='word_1_77' title='bbox 1134 1279 1205 1346; x_wconf 82' lang='grc' dir='ltr'>γῆ</span> <span class='ocrx_word' id='word_1_78' title='bbox 1250 1279 1508 1348; x_wconf 76' lang='grc' dir='ltr'>Ἀγγαίου</span> <span class='ocrx_word' id='word_1_79' title='bbox 1539 1281 1828 1339; x_wconf 78' lang='grc' dir='ltr'>ἀκούσασα</span> <span class='ocrx_word' id='word_1_80' title='bbox 1863 1282 1952 1334; x_wconf 83' lang='grc' dir='ltr'><strong>λέ-</strong></span> 
     </span>
    </p>
   </div>
   <div class='ocr_carea' id='block_1_14' title="bbox 357 1363 1950 1439">
    <p class='ocr_par' dir='ltr' id='par_1_14' title="bbox 357 1363 1950 1439">
     <span class='ocr_line' id='line_1_14' title="bbox 357 1363 1950 1439; baseline 0.007 -25"><span class='ocrx_word' id='word_1_81' title='bbox 357 1376 554 1430; x_wconf 72' lang='grc' dir='ltr'>γοντος</span> <span class='ocrx_word' id='word_1_82' title='bbox 612 1367 718 1434; x_wconf 76' lang='grc' dir='ltr'><strong>πρδ</strong></span> <span class='ocrx_word' id='word_1_83' title='bbox 767 1369 1064 1436; x_wconf 77' lang='grc' dir='ltr'>προσώπου</span> <span class='ocrx_word' id='word_1_84' title='bbox 1115 1363 1388 1438; x_wconf 82' lang='grc' dir='ltr'>Χριστοῦ·</span> <span class='ocrx_word' id='word_1_85' title='bbox 1440 1391 1457 1422; x_wconf 81' lang='grc' dir='ltr'><strong>ι</strong></span> <span class='ocrx_word' id='word_1_86' title='bbox 1503 1366 1645 1439; x_wconf 86' lang='grc' dir='ltr'>Ἐγὼ</span> <span class='ocrx_word' id='word_1_87' title='bbox 1696 1374 1824 1425; x_wconf 89' lang='grc' dir='ltr'>σείω</span> <span class='ocrx_word' id='word_1_88' title='bbox 1857 1372 1950 1426; x_wconf 84' lang='grc' dir='ltr'><strong>τὸν</strong></span> 
     </span>
    </p>
   </div>
   <div class='ocr_carea' id='block_1_15' title="bbox 355 1457 1951 1532">
    <p class='ocr_par' dir='ltr' id='par_1_15' title="bbox 355 1457 1951 1532">
     <span class='ocr_line' id='line_1_15' title="bbox 355 1457 1951 1532; baseline 0.006 -25"><span class='ocrx_word' id='word_1_89' title='bbox 355 1457 621 1526; x_wconf 74' lang='grc' dir='ltr'>οὐρανὸν,</span> <span class='ocrx_word' id='word_1_90' title='bbox 672 1459 767 1510; x_wconf 63' lang='grc' dir='ltr'>καὶ</span> <span class='ocrx_word' id='word_1_91' title='bbox 821 1459 920 1528; x_wconf 80' lang='grc' dir='ltr'>τὴν</span> <span class='ocrx_word' id='word_1_92' title='bbox 973 1461 1097 1529; x_wconf 81' lang='grc' dir='ltr'>γῆν,</span> <span class='ocrx_word' id='word_1_93' title='bbox 1153 1464 1248 1513; x_wconf 76' lang='grc' dir='ltr'><strong>καὶ</strong></span> <span class='ocrx_word' id='word_1_94' title='bbox 1299 1462 1398 1532; x_wconf 80' lang='grc' dir='ltr'><strong>τὴν</strong></span> <span class='ocrx_word' id='word_1_95' title='bbox 1449 1462 1747 1517; x_wconf 84' lang='grc' dir='ltr'>θάλασσαν.</span> <span class='ocrx_word' id='word_1_96' title='bbox 1789 1484 1806 1516; x_wconf 76' lang='grc' dir='ltr'><strong>ι</strong></span> <span class='ocrx_word' id='word_1_97' title='bbox 1843 1465 1951 1518; x_wconf 74' lang='grc' dir='ltr'>Καὶ</span> 
     </span>
    </p>
   </div>
   <div class='ocr_carea' id='block_1_16' title="bbox 359 1542 1948 1624">
    <p class='ocr_par' dir='ltr' id='par_1_16' title="bbox 359 1542 1948 1624">
     <span class='ocr_line' id='line_1_16' title="bbox 359 1542 1948 1624; baseline 0.012 -27"><span class='ocrx_word' id='word_1_98' title='bbox 359 1542 529 1608; x_wconf 78' lang='grc' dir='ltr'>αὖθις</span> <span class='ocrx_word' id='word_1_99' title='bbox 556 1548 652 1599; x_wconf 86' lang='grc' dir='ltr'><strong>τοῦ</strong></span> <span class='ocrx_word' id='word_1_100' title='bbox 670 1547 991 1618; x_wconf 74' lang='grc' dir='ltr'>Ἀὂὸακούμ</span> <span class='ocrx_word' id='word_1_101' title='bbox 1013 1565 1027 1580; x_wconf 89' lang='grc'><strong>·</strong></span> <span class='ocrx_word' id='word_1_102' title='bbox 1065 1565 1082 1601; x_wconf 77' lang='grc' dir='ltr'><strong>ι</strong></span> <span class='ocrx_word' id='word_1_103' title='bbox 1128 1551 1324 1620; x_wconf 58' lang='lat' dir='ltr'><strong>&quot;Eo-:11,</strong></span> <span class='ocrx_word' id='word_1_104' title='bbox 1371 1551 1466 1606; x_wconf 74' lang='grc' dir='ltr'><strong>καὶ</strong></span> <span class='ocrx_word' id='word_1_105' title='bbox 1500 1553 1822 1624; x_wconf 82' lang='grc' dir='ltr'>ὲσαλεύθηή</span> <span class='ocrx_word' id='word_1_106' title='bbox 1854 1555 1948 1623; x_wconf 70' lang='grc' dir='ltr'><strong>γῆν</strong></span> 
     </span>
    </p>
   </div>
   <div class='ocr_carea' id='block_1_17' title="bbox 357 1631 1950 1713">
    <p class='ocr_par' dir='ltr' id='par_1_17' title="bbox 357 1631 1950 1713">
     <span class='ocr_line' id='line_1_17' title="bbox 357 1631 1950 1713; baseline 0.004 -26"><span class='ocrx_word' id='word_1_107' title='bbox 357 1640 458 1688; x_wconf 73' lang='grc' dir='ltr'><strong>καὶ</strong></span> <span class='ocrx_word' id='word_1_108' title='bbox 501 1638 780 1707; x_wconf 76' lang='grc' dir='ltr'>ἐτάκησαν</span> <span class='ocrx_word' id='word_1_109' title='bbox 835 1638 1037 1708; x_wconf 82' lang='grc' dir='ltr'>βουνοί.</span> <span class='ocrx_word' id='word_1_110' title='bbox 1072 1659 1090 1692; x_wconf 73' lang='grc' dir='ltr'><strong>ι</strong></span> <span class='ocrx_word' id='word_1_111' title='bbox 1130 1640 1364 1704; x_wconf 84' lang='grc' dir='ltr'>Στάντος</span> <span class='ocrx_word' id='word_1_112' title='bbox 1407 1643 1516 1713; x_wconf 76' lang='grc' dir='ltr'><strong>γὰρ</strong></span> <span class='ocrx_word' id='word_1_113' title='bbox 1563 1644 1658 1696; x_wconf 75' lang='grc' dir='ltr'><strong>τοῦ</strong></span> <span class='ocrx_word' id='word_1_114' title='bbox 1714 1631 1950 1713; x_wconf 73' lang='grc' dir='ltr'>σταυροῦ</span> 
     </span>
    </p>
   </div>
   <div class='ocr_carea' id='block_1_18' title="bbox 357 1723 1948 1807">
    <p class='ocr_par' dir='ltr' id='par_1_18' title="bbox 357 1723 1948 1807">
     <span class='ocr_line' id='line_1_18' title="bbox 357 1723 1948 1807; baseline 0.005 -28"><span class='ocrx_word' id='word_1_115' title='bbox 357 1723 638 1800; x_wconf 71' lang='grc' dir='ltr'>ἐσαλεύθη</span> <span class='ocrx_word' id='word_1_116' title='bbox 677 1731 708 1801; x_wconf 82' lang='grc' dir='ltr'><strong>ὴ</strong></span> <span class='ocrx_word' id='word_1_117' title='bbox 747 1731 842 1800; x_wconf 79' lang='grc' dir='ltr'>γῆ,</span> <span class='ocrx_word' id='word_1_118' title='bbox 875 1732 966 1784; x_wconf 73' lang='grc' dir='ltr'><strong>καὶ</strong></span> <span class='ocrx_word' id='word_1_119' title='bbox 997 1732 1386 1805; x_wconf 77' lang='grc' dir='ltr'>διετρίφθησαν</span> <span class='ocrx_word' id='word_1_120' title='bbox 1412 1737 1460 1788; x_wconf 79' lang='lat' dir='ltr'><strong>ot</strong></span> <span class='ocrx_word' id='word_1_121' title='bbox 1492 1737 1802 1807; x_wconf 81' lang='grc' dir='ltr'>ὀρινόμενοι</span> <span class='ocrx_word' id='word_1_122' title='bbox 1831 1735 1948 1789; x_wconf 89' lang='grc' dir='ltr'>δαί-</span> 
     </span>
    </p>
   </div>
   <div class='ocr_carea' id='block_1_19' title="bbox 363 1817 1952 1899">
    <p class='ocr_par' dir='ltr' id='par_1_19' title="bbox 363 1817 1952 1899">
     <span class='ocr_line' id='line_1_19' title="bbox 363 1817 1952 1899; baseline 0.007 -28"><span class='ocrx_word' id='word_1_123' title='bbox 363 1838 552 1889; x_wconf 74' lang='grc' dir='ltr'>μονες.</span> <span class='ocrx_word' id='word_1_124' title='bbox 588 1820 802 1874; x_wconf 84' lang='grc' dir='ltr'>Σείεται</span> <span class='ocrx_word' id='word_1_125' title='bbox 831 1818 886 1876; x_wconf 85' lang='grc' dir='ltr'>δὲ</span> <span class='ocrx_word' id='word_1_126' title='bbox 915 1825 947 1894; x_wconf 82' lang='grc' dir='ltr'>ὴ</span> <span class='ocrx_word' id='word_1_127' title='bbox 981 1825 1049 1893; x_wconf 86' lang='grc' dir='ltr'>γῆ</span> <span class='ocrx_word' id='word_1_128' title='bbox 1082 1826 1175 1877; x_wconf 71' lang='grc' dir='ltr'><strong>καὶ</strong></span> <span class='ocrx_word' id='word_1_129' title='bbox 1209 1827 1311 1896; x_wconf 81' lang='grc' dir='ltr'>τὴν</span> <span class='ocrx_word' id='word_1_130' title='bbox 1341 1827 1450 1879; x_wconf 87' lang='grc' dir='ltr'><strong>τῶν</strong></span> <span class='ocrx_word' id='word_1_131' title='bbox 1484 1817 1831 1898; x_wconf 75' lang='grc' dir='ltr'>πραγμάτων</span> <span class='ocrx_word' id='word_1_132' title='bbox 1857 1829 1952 1899; x_wconf 89' lang='grc' dir='ltr'>δη-</span> 
     </span>
    </p>
   </div>
   <div class='ocr_carea' id='block_1_20' title="bbox 357 1909 1948 1990">
    <p class='ocr_par' dir='ltr' id='par_1_20' title="bbox 357 1909 1948 1990">
     <span class='ocr_line' id='line_1_20' title="bbox 357 1909 1948 1990; baseline 0.004 -27"><span class='ocrx_word' id='word_1_133' title='bbox 357 1909 536 1964; x_wconf 66' lang='grc' dir='ltr'>λοῦσα</span> <span class='ocrx_word' id='word_1_134' title='bbox 580 1913 890 1982; x_wconf 81' lang='grc' dir='ltr'>μετάθεσιν.</span> <span class='ocrx_word' id='word_1_135' title='bbox 933 1915 1294 1987; x_wconf 81' lang='grc' dir='ltr'>Ἑσχίσθησαν</span> <span class='ocrx_word' id='word_1_136' title='bbox 1315 1919 1372 1971; x_wconf 84' lang='grc' dir='ltr'>δὲ</span> <span class='ocrx_word' id='word_1_137' title='bbox 1403 1921 1493 1971; x_wconf 75' lang='grc' dir='ltr'>καὶ</span> <span class='ocrx_word' id='word_1_138' title='bbox 1522 1920 1718 1990; x_wconf 82' lang='grc' dir='ltr'>πέτραι</span> <span class='ocrx_word' id='word_1_139' title='bbox 1752 1921 1948 1990; x_wconf 82' lang='grc' dir='ltr'>σημαί-</span> 
     </span>
    </p>
   </div>
   <div class='ocr_carea' id='block_1_21' title="bbox 358 2002 1948 2080">
    <p class='ocr_par' dir='ltr' id='par_1_21' title="bbox 358 2002 1948 2080">
     <span class='ocr_line' id='line_1_21' title="bbox 358 2002 1948 2080; baseline 0.005 -27"><span class='ocrx_word' id='word_1_140' title='bbox 358 2017 578 2065; x_wconf 82' lang='grc' dir='ltr'>νουσαι,</span> <span class='ocrx_word' id='word_1_141' title='bbox 622 2003 696 2067; x_wconf 85' lang='grc' dir='ltr'>ὠς</span> <span class='ocrx_word' id='word_1_142' title='bbox 726 2005 781 2057; x_wconf 87' lang='grc' dir='ltr'>αἱ</span> <span class='ocrx_word' id='word_1_143' title='bbox 817 2005 1016 2060; x_wconf 86' lang='grc' dir='ltr'>λίθιναι</span> <span class='ocrx_word' id='word_1_144' title='bbox 1046 2007 1155 2058; x_wconf 85' lang='grc' dir='ltr'>τῶν</span> <span class='ocrx_word' id='word_1_145' title='bbox 1187 2002 1355 2074; x_wconf 70' lang='grc' dir='ltr'>ἐθνῶν</span> <span class='ocrx_word' id='word_1_146' title='bbox 1387 2009 1607 2080; x_wconf 83' lang='grc' dir='ltr'>καρδίαι</span> <span class='ocrx_word' id='word_1_147' title='bbox 1636 2011 1948 2080; x_wconf 75' lang='grc' dir='ltr'>διανοιχθῆ-</span> 
     </span>
    </p>
   </div>
   <div class='ocr_carea' id='block_1_22' title="bbox 361 2097 1945 2171">
    <p class='ocr_par' dir='ltr' id='par_1_22' title="bbox 361 2097 1945 2171">
     <span class='ocr_line' id='line_1_22' title="bbox 361 2097 1945 2171; baseline 0.005 -25"><span class='ocrx_word' id='word_1_148' title='bbox 361 2109 555 2147; x_wconf 84' lang='grc' dir='ltr'>σονται</span> <span class='ocrx_word' id='word_1_149' title='bbox 590 2097 724 2166; x_wconf 79' lang='grc' dir='ltr'>πρὸς</span> <span class='ocrx_word' id='word_1_150' title='bbox 766 2097 1036 2167; x_wconf 73' lang='grc' dir='ltr'>ὑποδοχὴν</span> <span class='ocrx_word' id='word_1_151' title='bbox 1067 2097 1162 2150; x_wconf 84' lang='grc' dir='ltr'><strong>τοῦ</strong></span> <span class='ocrx_word' id='word_1_152' title='bbox 1213 2100 1576 2168; x_wconf 84' lang='grc' dir='ltr'>εὐαγγελικοῦ</span> <span class='ocrx_word' id='word_1_153' title='bbox 1610 2102 1945 2171; x_wconf 82' lang='grc' dir='ltr'>σπέρματος,</span> 
     </span>
    </p>
   </div>
   <div class='ocr_carea' id='block_1_23' title="bbox 358 2186 1948 2261">
    <p class='ocr_par' dir='ltr' id='par_1_23' title="bbox 358 2186 1948 2261">
     <span class='ocr_line' id='line_1_23' title="bbox 358 2186 1948 2261; baseline 0.004 -24"><span class='ocrx_word' id='word_1_154' title='bbox 358 2187 458 2238; x_wconf 79' lang='grc' dir='ltr'><strong>καὶ</strong></span> <span class='ocrx_word' id='word_1_155' title='bbox 487 2188 546 2237; x_wconf 80' lang='grc' dir='ltr'><strong>ὲν</strong></span> <span class='ocrx_word' id='word_1_156' title='bbox 581 2186 658 2257; x_wconf 77' lang='grc' dir='ltr'>τῷ</span> <span class='ocrx_word' id='word_1_157' title='bbox 683 2187 920 2259; x_wconf 77' lang='grc' dir='ltr'>θεμελίῳ</span> <span class='ocrx_word' id='word_1_158' title='bbox 952 2189 1049 2242; x_wconf 89' lang='grc' dir='ltr'><strong>τοῦ</strong></span> <span class='ocrx_word' id='word_1_159' title='bbox 1079 2191 1480 2261; x_wconf 81' lang='grc' dir='ltr'>ἀκρογωνιαίου</span> <span class='ocrx_word' id='word_1_160' title='bbox 1529 2192 1678 2245; x_wconf 81' lang='grc' dir='ltr'>λίθου</span> <span class='ocrx_word' id='word_1_161' title='bbox 1721 2194 1948 2260; x_wconf 75' lang='grc' dir='ltr'>ὲδραιω-</span> 
     </span>
    </p>
   </div>
   <div class='ocr_carea' id='block_1_24' title="bbox 359 2271 1947 2354">
    <p class='ocr_par' dir='ltr' id='par_1_24' title="bbox 359 2271 1947 2354">
     <span class='ocr_line' id='line_1_24' title="bbox 359 2271 1947 2354; baseline 0.006 -27"><span class='ocrx_word' id='word_1_162' title='bbox 359 2274 650 2346; x_wconf 75' lang='grc' dir='ltr'>θήσονται.</span> <span class='ocrx_word' id='word_1_163' title='bbox 703 2271 768 2331; x_wconf 84' lang='grc' dir='ltr'><em>Ἦ</em></span> <span class='ocrx_word' id='word_1_164' title='bbox 799 2280 856 2331; x_wconf 83' lang='grc' dir='ltr'>δὲ</span> <span class='ocrx_word' id='word_1_165' title='bbox 881 2279 990 2332; x_wconf 86' lang='grc' dir='ltr'><strong>τῶν</strong></span> <span class='ocrx_word' id='word_1_166' title='bbox 1021 2281 1232 2350; x_wconf 84' lang='grc' dir='ltr'>νεκρῶν</span> <span class='ocrx_word' id='word_1_167' title='bbox 1279 2283 1526 2352; x_wconf 81' lang='grc' dir='ltr'>έγερσις,</span> <span class='ocrx_word' id='word_1_168' title='bbox 1584 2284 1683 2354; x_wconf 81' lang='grc' dir='ltr'><strong>τὴν</strong></span> <span class='ocrx_word' id='word_1_169' title='bbox 1729 2284 1947 2337; x_wconf 80' lang='grc' dir='ltr'>ἐλευθε-</span> 
     </span>
    </p>
   </div>
   <div class='ocr_carea' id='block_1_25' title="bbox 361 2367 1427 2443">
    <p class='ocr_par' dir='ltr' id='par_1_25' title="bbox 361 2367 1427 2443">
     <span class='ocr_line' id='line_1_25' title="bbox 361 2367 1427 2443; baseline 0.007 -25"><span class='ocrx_word' id='word_1_170' title='bbox 361 2367 490 2439; x_wconf 71' lang='grc' dir='ltr'>ρίαν</span> <span class='ocrx_word' id='word_1_171' title='bbox 528 2369 796 2438; x_wconf 81' lang='grc' dir='ltr'>ὑπέφαινε</span> <span class='ocrx_word' id='word_1_172' title='bbox 830 2372 939 2424; x_wconf 83' lang='grc' dir='ltr'>τῶν</span> <span class='ocrx_word' id='word_1_173' title='bbox 969 2373 1024 2423; x_wconf 82' lang='grc' dir='ltr'>ὲν</span> <span class='ocrx_word' id='word_1_174' title='bbox 1057 2371 1183 2442; x_wconf 72' lang='grc' dir='ltr'>ᾅδου</span> <span class='ocrx_word' id='word_1_175' title='bbox 1217 2372 1427 2443; x_wconf 76' lang='grc' dir='ltr'>ψυχῶν.</span> 
     </span>
    </p>
   </div>
   <div class='ocr_carea' id='block_1_26' title="bbox 435 2461 1950 2538">
    <p class='ocr_par' dir='ltr' id='par_1_26' title="bbox 435 2461 1950 2538">
     <span class='ocr_line' id='line_1_26' title="bbox 435 2461 1950 2538; baseline 0.005 -26"><span class='ocrx_word' id='word_1_176' title='bbox 435 2461 599 2512; x_wconf 83' lang='grc' dir='ltr'>Ἐστι</span> <span class='ocrx_word' id='word_1_177' title='bbox 615 2461 660 2514; x_wconf 83' lang='grc' dir='ltr'>δ’</span> <span class='ocrx_word' id='word_1_178' title='bbox 675 2461 909 2514; x_wconf 79' lang='grc' dir='ltr'>ἐνταῦθα</span> <span class='ocrx_word' id='word_1_179' title='bbox 935 2463 1096 2515; x_wconf 86' lang='grc' dir='ltr'>διαπο</span> <span class='ocrx_word' id='word_1_180' title='bbox 1117 2465 1305 2535; x_wconf 81' lang='grc' dir='ltr'>ρῆσαι,</span> <span class='ocrx_word' id='word_1_181' title='bbox 1321 2467 1551 2535; x_wconf 81' lang='grc' dir='ltr'>πότερον</span> <span class='ocrx_word' id='word_1_182' title='bbox 1570 2466 1673 2535; x_wconf 81' lang='grc' dir='ltr'>πρὸ</span> <span class='ocrx_word' id='word_1_183' title='bbox 1697 2469 1796 2536; x_wconf 86' lang='grc' dir='ltr'>τῆς</span> <span class='ocrx_word' id='word_1_184' title='bbox 1815 2468 1950 2538; x_wconf 85' lang='grc' dir='ltr'>Χρι-</span> 
     </span>
    </p>
   </div>
   <div class='ocr_carea' id='block_1_27' title="bbox 359 2552 1944 2634">
    <p class='ocr_par' dir='ltr' id='par_1_27' title="bbox 359 2552 1944 2634">
     <span class='ocr_line' id='line_1_27' title="bbox 359 2552 1944 2634; baseline 0.007 -30"><span class='ocrx_word' id='word_1_185' title='bbox 359 2552 494 2606; x_wconf 77' lang='grc' dir='ltr'>στοῦ</span> <span class='ocrx_word' id='word_1_186' title='bbox 527 2555 884 2620; x_wconf 81' lang='grc' dir='ltr'>ἀναστάσεως</span> <span class='ocrx_word' id='word_1_187' title='bbox 912 2559 946 2629; x_wconf 82' lang='grc' dir='ltr'><strong>ἡ</strong></span> <span class='ocrx_word' id='word_1_188' title='bbox 983 2558 1092 2612; x_wconf 84' lang='grc' dir='ltr'><strong>τῶν</strong></span> <span class='ocrx_word' id='word_1_189' title='bbox 1123 2561 1336 2630; x_wconf 86' lang='grc' dir='ltr'>νεκρῶν</span> <span class='ocrx_word' id='word_1_190' title='bbox 1365 2562 1586 2632; x_wconf 81' lang='grc' dir='ltr'>ἕγερσις</span> <span class='ocrx_word' id='word_1_191' title='bbox 1628 2563 1878 2631; x_wconf 71' lang='grc' dir='ltr'>γέγονεν,</span> <span class='ocrx_word' id='word_1_192' title='bbox 1910 2563 1944 2634; x_wconf 83' lang='grc' dir='ltr'><strong>ἢ</strong></span> 
     </span>
    </p>
   </div>
   <div class='ocr_carea' id='block_1_28' title="bbox 359 2645 1946 2722">
    <p class='ocr_par' dir='ltr' id='par_1_28' title="bbox 359 2645 1946 2722">
     <span class='ocr_line' id='line_1_28' title="bbox 359 2645 1946 2722; baseline 0.008 -27"><span class='ocrx_word' id='word_1_193' title='bbox 359 2645 508 2713; x_wconf 84' lang='grc' dir='ltr'><strong>μετά</strong></span> <span class='ocrx_word' id='word_1_194' title='bbox 524 2646 624 2716; x_wconf 80' lang='grc' dir='ltr'><strong>τὴν</strong></span> <span class='ocrx_word' id='word_1_195' title='bbox 653 2647 976 2703; x_wconf 80' lang='grc' dir='ltr'>ἀνάστασιν.</span> <span class='ocrx_word' id='word_1_196' title='bbox 998 2651 1059 2705; x_wconf 83' lang='lat' dir='ltr'><strong>El</strong></span> <span class='ocrx_word' id='word_1_197' title='bbox 1085 2651 1186 2722; x_wconf 78' lang='grc' dir='ltr'><strong>μὲν</strong></span> <span class='ocrx_word' id='word_1_198' title='bbox 1211 2650 1308 2706; x_wconf 81' lang='grc' dir='ltr'><strong>οὖν</strong></span> <span class='ocrx_word' id='word_1_199' title='bbox 1335 2653 1554 2722; x_wconf 76' lang='grc' dir='ltr'>πρὸτῆς</span> <span class='ocrx_word' id='word_1_200' title='bbox 1576 2655 1946 2721; x_wconf 73' lang='grc' dir='ltr'>ἀναστάσεως,</span> 
     </span>
    </p>
   </div>
   <div class='ocr_carea' id='block_1_29' title="bbox 355 2734 1948 2812">
    <p class='ocr_par' dir='ltr' id='par_1_29' title="bbox 355 2734 1948 2812">
     <span class='ocr_line' id='line_1_29' title="bbox 355 2734 1948 2812; baseline 0.005 -26"><span class='ocrx_word' id='word_1_201' title='bbox 355 2734 508 2786; x_wconf 81' lang='grc' dir='ltr'>καθὰ</span> <span class='ocrx_word' id='word_1_202' title='bbox 531 2735 718 2806; x_wconf 75' lang='grc' dir='ltr'>καὶτῷ</span> <span class='ocrx_word' id='word_1_203' title='bbox 739 2736 868 2808; x_wconf 85' lang='grc' dir='ltr'>θείῳ</span> <span class='ocrx_word' id='word_1_204' title='bbox 891 2736 1130 2808; x_wconf 84' lang='grc' dir='ltr'>Μαξίμῳ</span> <span class='ocrx_word' id='word_1_205' title='bbox 1155 2739 1322 2803; x_wconf 84' lang='grc' dir='ltr'>δοκεῖ,</span> <span class='ocrx_word' id='word_1_206' title='bbox 1348 2740 1505 2812; x_wconf 81' lang='grc' dir='ltr'>δῆλον</span> <span class='ocrx_word' id='word_1_207' title='bbox 1525 2742 1598 2806; x_wconf 85' lang='grc' dir='ltr'>ὼς</span> <span class='ocrx_word' id='word_1_208' title='bbox 1631 2741 1792 2795; x_wconf 89' lang='grc' dir='ltr'>πάλιν</span> <span class='ocrx_word' id='word_1_209' title='bbox 1814 2742 1948 2794; x_wconf 82' lang='grc' dir='ltr'>ἀπέ-</span> 
     </span>
    </p>
   </div>
   <div class='ocr_carea' id='block_1_30' title="bbox 356 2829 1950 2906">
    <p class='ocr_par' dir='ltr' id='par_1_30' title="bbox 356 2829 1950 2906">
     <span class='ocr_line' id='line_1_30' title="bbox 356 2829 1950 2906; baseline 0.004 -25"><span class='ocrx_word' id='word_1_210' title='bbox 356 2829 548 2884; x_wconf 78' lang='grc' dir='ltr'>θανον.</span> <span class='ocrx_word' id='word_1_211' title='bbox 573 2830 683 2900; x_wconf 80' lang='grc' dir='ltr'><strong>Τῆς</strong></span> <span class='ocrx_word' id='word_1_212' title='bbox 697 2831 806 2902; x_wconf 75' lang='grc' dir='ltr'><strong>γὰρ</strong></span> <span class='ocrx_word' id='word_1_213' title='bbox 827 2833 1110 2902; x_wconf 85' lang='grc' dir='ltr'>ἀφθάρτου</span> <span class='ocrx_word' id='word_1_214' title='bbox 1130 2835 1481 2898; x_wconf 79' lang='grc' dir='ltr'>ἀναστάσεως</span> <span class='ocrx_word' id='word_1_215' title='bbox 1503 2837 1530 2888; x_wconf 97' lang='lat'><strong>6</strong></span> <span class='ocrx_word' id='word_1_216' title='bbox 1547 2835 1780 2906; x_wconf 83' lang='grc' dir='ltr'>Χριστὸς</span> <span class='ocrx_word' id='word_1_217' title='bbox 1800 2853 1950 2906; x_wconf 84' lang='grc' dir='ltr'>πρω-</span> 
     </span>
    </p>
   </div>
   <div class='ocr_carea' id='block_1_31' title="bbox 355 2923 1948 2999">
    <p class='ocr_par' dir='ltr' id='par_1_31' title="bbox 355 2923 1948 2999">
     <span class='ocr_line' id='line_1_31' title="bbox 355 2923 1948 2999; baseline 0.006 -26"><span class='ocrx_word' id='word_1_218' title='bbox 355 2923 584 2984; x_wconf 68' lang='grc' dir='ltr'>τὸτοκος</span> <span class='ocrx_word' id='word_1_219' title='bbox 628 2925 1026 2995; x_wconf 84' lang='grc' dir='ltr'>ἐχρημάτισεν.</span> <span class='ocrx_word' id='word_1_220' title='bbox 1063 2928 1126 2979; x_wconf 86' lang='grc' dir='ltr'>Εἰ</span> <span class='ocrx_word' id='word_1_221' title='bbox 1156 2928 1213 2980; x_wconf 86' lang='grc' dir='ltr'>δὲ</span> <span class='ocrx_word' id='word_1_222' title='bbox 1253 2930 1390 2998; x_wconf 80' lang='grc' dir='ltr'>μετὰ</span> <span class='ocrx_word' id='word_1_223' title='bbox 1411 2930 1508 2999; x_wconf 81' lang='grc' dir='ltr'><strong>τὴν</strong></span> <span class='ocrx_word' id='word_1_224' title='bbox 1548 2927 1787 2998; x_wconf 80' lang='grc' dir='ltr'>Χριστοῦ</span> <span class='ocrx_word' id='word_1_225' title='bbox 1819 2927 1948 2982; x_wconf 82' lang='grc' dir='ltr'>ἀνά-</span> 
     </span>
    </p>
   </div>
   <div class='ocr_carea' id='block_1_32' title="bbox 357 3015 1946 3092">
    <p class='ocr_par' dir='ltr' id='par_1_32' title="bbox 357 3015 1946 3092">
     <span class='ocr_line' id='line_1_32' title="bbox 357 3015 1946 3092; baseline 0.007 -28"><span class='ocrx_word' id='word_1_226' title='bbox 357 3030 463 3065; x_wconf 76' lang='grc' dir='ltr'><strong>στα</strong></span> <span class='ocrx_word' id='word_1_227' title='bbox 473 3031 581 3080; x_wconf 89' lang='grc' dir='ltr'>σιν,</span> <span class='ocrx_word' id='word_1_228' title='bbox 603 3015 740 3086; x_wconf 86' lang='grc' dir='ltr'>ὅπερ</span> <span class='ocrx_word' id='word_1_229' title='bbox 756 3017 1080 3071; x_wconf 77' lang='grc' dir='ltr'>ἀκολουθότε</span> <span class='ocrx_word' id='word_1_230' title='bbox 1091 3036 1204 3090; x_wconf 90' lang='grc' dir='ltr'>ρον,</span> <span class='ocrx_word' id='word_1_231' title='bbox 1224 3019 1349 3072; x_wconf 86' lang='grc' dir='ltr'>καθ’</span> <span class='ocrx_word' id='word_1_232' title='bbox 1371 3021 1473 3073; x_wconf 81' lang='grc' dir='ltr'><strong>ὑπε</strong></span> <span class='ocrx_word' id='word_1_233' title='bbox 1483 3021 1678 3091; x_wconf 81' lang='grc' dir='ltr'>ρὸατὺν</span> <span class='ocrx_word' id='word_1_234' title='bbox 1695 3021 1946 3092; x_wconf 63' lang='grc' dir='ltr'>τὴνξλέξιν</span> 
     </span>
    </p>
   </div>
   <div class='ocr_carea' id='block_1_33' title="bbox 357 3107 1947 3184">
    <p class='ocr_par' dir='ltr' id='par_1_33' title="bbox 357 3107 1947 3184">
     <span class='ocr_line' id='line_1_33' title="bbox 357 3107 1947 3184; baseline 0.004 -25"><span class='ocrx_word' id='word_1_235' title='bbox 357 3107 744 3174; x_wconf 81' lang='grc' dir='ltr'>ἀναγνωστέον</span> <span class='ocrx_word' id='word_1_236' title='bbox 767 3126 781 3140; x_wconf 91' lang='grc'><strong>·</strong></span> <span class='ocrx_word' id='word_1_237' title='bbox 816 3127 834 3160; x_wconf 81' lang='grc' dir='ltr'><strong>ι</strong></span> <span class='ocrx_word' id='word_1_238' title='bbox 875 3111 987 3163; x_wconf 77' lang='grc' dir='ltr'>Καὶ</span> <span class='ocrx_word' id='word_1_239' title='bbox 1021 3111 1193 3164; x_wconf 82' lang='grc' dir='ltr'>πολλά</span> <span class='ocrx_word' id='word_1_240' title='bbox 1219 3114 1280 3184; x_wconf 65' lang='lat' dir='ltr'><strong>at?</strong></span> <span class='ocrx_word' id='word_1_241' title='bbox 1301 3130 1449 3182; x_wconf 84' lang='grc' dir='ltr'>ματα</span> <span class='ocrx_word' id='word_1_242' title='bbox 1469 3112 1577 3165; x_wconf 85' lang='grc' dir='ltr'><strong>τῶν</strong></span> <span class='ocrx_word' id='word_1_243' title='bbox 1604 3114 1947 3182; x_wconf 81' lang='grc' dir='ltr'>κεκοιμημέ-</span> 
     </span>
    </p>
   </div>
   <div class='ocr_carea' id='block_1_34' title="bbox 358 3197 2020 3298">
    <p class='ocr_par' dir='ltr' id='par_1_34' title="bbox 358 3197 2020 3298">
     <span class='ocr_line' id='line_1_34' title="bbox 358 3197 2020 3298; baseline 0.007 -50"><span class='ocrx_word' id='word_1_244' title='bbox 495 3197 670 3298; x_wconf 53' lang='grc' dir='ltr'>άγίων</span> <span class='ocrx_word' id='word_1_245' title='bbox 703 3199 1025 3270; x_wconf 69' lang='grc' dir='ltr'>ἠγέρθησαν</span> <span class='ocrx_word' id='word_1_246' title='bbox 1063 3221 1081 3254; x_wconf 74' lang='grc' dir='ltr'><strong>ι</strong></span> <span class='ocrx_word' id='word_1_247' title='bbox 1116 3204 1254 3271; x_wconf 81' lang='grc' dir='ltr'>μετὰ</span> <span class='ocrx_word' id='word_1_248' title='bbox 1280 3205 1378 3274; x_wconf 80' lang='grc' dir='ltr'>τὴν</span> <span class='ocrx_word' id='word_1_249' title='bbox 1414 3206 1714 3259; x_wconf 80' lang='grc' dir='ltr'>ἀνάστασιν</span> <span class='ocrx_word' id='word_1_250' title='bbox 1741 3205 1944 3258; x_wconf 83' lang='grc' dir='ltr'>αὑτοῦ·</span> <span class='ocrx_word' id='word_1_251' title='bbox 1977 3241 2020 3298; x_wconf 75' lang='lat' dir='ltr'><strong>c</strong></span> 
     </span>
    </p>
   </div>
   <div class='ocr_carea' id='block_1_35' title="bbox 360 3287 1946 3368">
    <p class='ocr_par' dir='ltr' id='par_1_35' title="bbox 360 3287 1946 3368">
     <span class='ocr_line' id='line_1_35' title="bbox 360 3287 1946 3368; baseline 0.006 -27"><span class='ocrx_word' id='word_1_252' title='bbox 360 3287 468 3341; x_wconf 77' lang='grc' dir='ltr'>εἶθ’</span> <span class='ocrx_word' id='word_1_253' title='bbox 492 3288 666 3352; x_wconf 69' lang='grc' dir='ltr'>οὕτως</span> <span class='ocrx_word' id='word_1_254' title='bbox 705 3291 996 3345; x_wconf 77' lang='grc' dir='ltr'>ἀποδοτέον</span> <span class='ocrx_word' id='word_1_255' title='bbox 1021 3311 1034 3323; x_wconf 91' lang='grc'><strong>·</strong></span> <span class='ocrx_word' id='word_1_256' title='bbox 1082 3296 1225 3348; x_wconf 82' lang='grc' dir='ltr'>ιΚα¹ι</span> <span class='ocrx_word' id='word_1_257' title='bbox 1247 3295 1535 3360; x_wconf 79' lang='grc' dir='ltr'>ἐξελθόντα</span> <span class='ocrx_word' id='word_1_258' title='bbox 1573 3301 1636 3350; x_wconf 84' lang='grc' dir='ltr'>ὲκ</span> <span class='ocrx_word' id='word_1_259' title='bbox 1660 3298 1770 3351; x_wconf 86' lang='grc' dir='ltr'>τῶν</span> <span class='ocrx_word' id='word_1_260' title='bbox 1809 3315 1946 3368; x_wconf 87' lang='grc' dir='ltr'>μνη-</span> 
     </span>
    </p>
   </div>
   <div class='ocr_carea' id='block_1_36' title="bbox 361 3383 1952 3458">
    <p class='ocr_par' dir='ltr' id='par_1_36' title="bbox 361 3383 1952 3458">
     <span class='ocr_line' id='line_1_36' title="bbox 361 3383 1952 3458; baseline 0.006 -26"><span class='ocrx_word' id='word_1_261' title='bbox 361 3383 540 3452; x_wconf 84' lang='grc' dir='ltr'>μείων</span> <span class='ocrx_word' id='word_1_262' title='bbox 575 3383 824 3452; x_wconf 81' lang='grc' dir='ltr'>εἱσῆλθον</span> <span class='ocrx_word' id='word_1_263' title='bbox 879 3387 958 3446; x_wconf 88' lang='grc' dir='ltr'><strong>είς</strong></span> <span class='ocrx_word' id='word_1_264' title='bbox 1005 3386 1105 3457; x_wconf 85' lang='grc' dir='ltr'>τὴν</span> <span class='ocrx_word' id='word_1_265' title='bbox 1151 3387 1317 3456; x_wconf 82' lang='grc' dir='ltr'>ἁγίαν</span> <span class='ocrx_word' id='word_1_266' title='bbox 1364 3389 1538 3455; x_wconf 86' lang='grc' dir='ltr'>πόλιν,</span> <span class='ocrx_word' id='word_1_267' title='bbox 1576 3392 1670 3442; x_wconf 75' lang='grc' dir='ltr'><strong>καὶ</strong></span> <span class='ocrx_word' id='word_1_268' title='bbox 1701 3388 1952 3458; x_wconf 77' lang='grc' dir='ltr'>ἐνεφανί-</span> 
     </span>
    </p>
   </div>
   <div class='ocr_carea' id='block_1_37' title="bbox 362 3477 1950 3552">
    <p class='ocr_par' dir='ltr' id='par_1_37' title="bbox 362 3477 1950 3552">
     <span class='ocr_line' id='line_1_37' title="bbox 362 3477 1950 3552; baseline 0.005 -26"><span class='ocrx_word' id='word_1_269' title='bbox 362 3477 577 3546; x_wconf 71' lang='grc' dir='ltr'>σἹησαν</span> <span class='ocrx_word' id='word_1_270' title='bbox 609 3477 843 3540; x_wconf 82' lang='grc' dir='ltr'>πολλοῖς.</span> <span class='ocrx_word' id='word_1_271' title='bbox 881 3498 900 3531; x_wconf 77' lang='grc' dir='ltr'><strong>ι</strong></span> <span class='ocrx_word' id='word_1_272' title='bbox 935 3478 1041 3531; x_wconf 87' lang='grc' dir='ltr'><strong>Τοῦ</strong></span> <span class='ocrx_word' id='word_1_273' title='bbox 1071 3481 1180 3552; x_wconf 83' lang='grc' dir='ltr'>γὰρ</span> <span class='ocrx_word' id='word_1_274' title='bbox 1214 3481 1503 3551; x_wconf 82' lang='grc' dir='ltr'>ζωηφόρου</span> <span class='ocrx_word' id='word_1_275' title='bbox 1558 3481 1813 3551; x_wconf 84' lang='grc' dir='ltr'>σώματος</span> <span class='ocrx_word' id='word_1_276' title='bbox 1853 3500 1950 3534; x_wconf 84' lang='grc' dir='ltr'>τα-</span> 
     </span>
    </p>
   </div>
   <div class='ocr_carea' id='block_1_38' title="bbox 361 3567 1948 3643">
    <p class='ocr_par' dir='ltr' id='par_1_38' title="bbox 361 3567 1948 3643">
     <span class='ocr_line' id='line_1_38' title="bbox 361 3567 1948 3643; baseline 0.006 -26"><span class='ocrx_word' id='word_1_277' title='bbox 361 3567 560 3634; x_wconf 71' lang='grc' dir='ltr'>φέντος</span> <span class='ocrx_word' id='word_1_278' title='bbox 607 3571 686 3630; x_wconf 83' lang='grc' dir='ltr'>εἰς</span> <span class='ocrx_word' id='word_1_279' title='bbox 737 3569 864 3638; x_wconf 82' lang='grc' dir='ltr'>γῆν,</span> <span class='ocrx_word' id='word_1_280' title='bbox 927 3571 1020 3622; x_wconf 78' lang='grc' dir='ltr'><strong>καὶ</strong></span> <span class='ocrx_word' id='word_1_281' title='bbox 1073 3573 1152 3634; x_wconf 81' lang='grc' dir='ltr'><strong>εἰς</strong></span> <span class='ocrx_word' id='word_1_282' title='bbox 1193 3571 1324 3642; x_wconf 82' lang='grc' dir='ltr'>ᾇδου</span> <span class='ocrx_word' id='word_1_283' title='bbox 1375 3571 1800 3642; x_wconf 75' lang='grc' dir='ltr'>κατεληλυθυίας</span> <span class='ocrx_word' id='word_1_284' title='bbox 1849 3573 1948 3643; x_wconf 77' lang='grc' dir='ltr'>τῆς</span> 
     </span>
    </p>
   </div>
   <div class='ocr_carea' id='block_1_39' title="bbox 362 3658 1945 3734">
    <p class='ocr_par' dir='ltr' id='par_1_39' title="bbox 362 3658 1945 3734">
     <span class='ocr_line' id='line_1_39' title="bbox 362 3658 1945 3734; baseline 0.004 -24"><span class='ocrx_word' id='word_1_285' title='bbox 362 3658 516 3721; x_wconf 80' lang='grc' dir='ltr'>θείας</span> <span class='ocrx_word' id='word_1_286' title='bbox 563 3659 761 3730; x_wconf 76' lang='grc' dir='ltr'>ψυχῆς,</span> <span class='ocrx_word' id='word_1_287' title='bbox 808 3663 878 3713; x_wconf 81' lang='grc' dir='ltr'><strong>τά</strong></span> <span class='ocrx_word' id='word_1_288' title='bbox 929 3662 1028 3732; x_wconf 81' lang='grc' dir='ltr'>μὲν</span> <span class='ocrx_word' id='word_1_289' title='bbox 1064 3664 1296 3732; x_wconf 80' lang='grc' dir='ltr'>σώματα</span> <span class='ocrx_word' id='word_1_290' title='bbox 1337 3664 1447 3716; x_wconf 86' lang='grc' dir='ltr'>τῶν</span> <span class='ocrx_word' id='word_1_291' title='bbox 1498 3664 1668 3731; x_wconf 84' lang='grc' dir='ltr'>ἁγίων</span> <span class='ocrx_word' id='word_1_292' title='bbox 1704 3663 1945 3734; x_wconf 77' lang='grc' dir='ltr'>ζωτικῆς</span> 
     </span>
    </p>
   </div>
   <div class='ocr_carea' id='block_1_40' title="bbox 361 3745 1945 3828">
    <p class='ocr_par' dir='ltr' id='par_1_40' title="bbox 361 3745 1945 3828">
     <span class='ocr_line' id='line_1_40' title="bbox 361 3745 1945 3828; baseline 0.003 -26"><span class='ocrx_word' id='word_1_293' title='bbox 361 3745 652 3822; x_wconf 74' lang='grc' dir='ltr'>δυνάμεως</span> <span class='ocrx_word' id='word_1_294' title='bbox 687 3749 939 3824; x_wconf 78' lang='grc' dir='ltr'>ᾔσθοντο,</span> <span class='ocrx_word' id='word_1_295' title='bbox 969 3756 1025 3808; x_wconf 80' lang='lat' dir='ltr'><strong>ai</strong></span> <span class='ocrx_word' id='word_1_296' title='bbox 1048 3756 1103 3808; x_wconf 82' lang='grc' dir='ltr'>δὲ</span> <span class='ocrx_word' id='word_1_297' title='bbox 1127 3756 1336 3810; x_wconf 82' lang='grc' dir='ltr'>τούτων</span> <span class='ocrx_word' id='word_1_298' title='bbox 1364 3758 1535 3827; x_wconf 75' lang='grc' dir='ltr'>ψυχαὶ</span> <span class='ocrx_word' id='word_1_299' title='bbox 1575 3757 1945 3828; x_wconf 81' lang='grc' dir='ltr'>ἀπελύθησαν,</span> 
     </span>
    </p>
   </div>
   <div class='ocr_carea' id='block_1_41' title="bbox 364 3843 1951 3918">
    <p class='ocr_par' dir='ltr' id='par_1_41' title="bbox 364 3843 1951 3918">
     <span class='ocr_line' id='line_1_41' title="bbox 364 3843 1951 3918; baseline 0.004 -22"><span class='ocrx_word' id='word_1_300' title='bbox 364 3845 464 3896; x_wconf 75' lang='grc' dir='ltr'><strong>καὶ</strong></span> <span class='ocrx_word' id='word_1_301' title='bbox 506 3844 698 3896; x_wconf 73' lang='grc' dir='ltr'>πολλαὶ</span> <span class='ocrx_word' id='word_1_302' title='bbox 723 3847 836 3910; x_wconf 82' lang='grc' dir='ltr'>τοῖς</span> <span class='ocrx_word' id='word_1_303' title='bbox 871 3843 1022 3910; x_wconf 83' lang='grc' dir='ltr'>ἰδίοις</span> <span class='ocrx_word' id='word_1_304' title='bbox 1057 3848 1278 3918; x_wconf 85' lang='grc' dir='ltr'>σώμασι</span> <span class='ocrx_word' id='word_1_305' title='bbox 1313 3849 1752 3918; x_wconf 84' lang='grc' dir='ltr'>συνεπλάκησαν.</span> <span class='ocrx_word' id='word_1_306' title='bbox 1798 3851 1951 3918; x_wconf 86' lang='grc' dir='ltr'><strong>Ἀφί-</strong></span> 
     </span>
    </p>
   </div>
   <div class='ocr_carea' id='block_1_42' title="bbox 365 3927 1947 4009">
    <p class='ocr_par' dir='ltr' id='par_1_42' title="bbox 365 3927 1947 4009">
     <span class='ocr_line' id='line_1_42' title="bbox 365 3927 1947 4009; baseline 0.006 -27"><span class='ocrx_word' id='word_1_307' title='bbox 365 3948 499 3983; x_wconf 83' lang='grc' dir='ltr'>κται</span> <span class='ocrx_word' id='word_1_308' title='bbox 537 3932 590 3983; x_wconf 78' lang='grc' dir='ltr'>δὲ</span> <span class='ocrx_word' id='word_1_309' title='bbox 621 3927 778 4001; x_wconf 79' lang='grc' dir='ltr'>λόγος</span> <span class='ocrx_word' id='word_1_310' title='bbox 813 3935 1027 3990; x_wconf 81' lang='grc' dir='ltr'>ἄνωθεν</span> <span class='ocrx_word' id='word_1_311' title='bbox 1061 3936 1141 4000; x_wconf 84' lang='grc' dir='ltr'><strong>είς</strong></span> <span class='ocrx_word' id='word_1_312' title='bbox 1178 3933 1326 4008; x_wconf 76' lang='grc' dir='ltr'>ἡμᾶς</span> <span class='ocrx_word' id='word_1_313' title='bbox 1356 3939 1510 3990; x_wconf 80' lang='grc' dir='ltr'>οὐδὲν</span> <span class='ocrx_word' id='word_1_314' title='bbox 1533 3939 1764 3992; x_wconf 83' lang='grc' dir='ltr'>ἄπιστον</span> <span class='ocrx_word' id='word_1_315' title='bbox 1787 3938 1947 4009; x_wconf 74' lang='grc' dir='ltr'>ἔχων,</span> 
     </span>
    </p>
   </div>
   <div class='ocr_carea' id='block_1_43' title="bbox 364 4025 1948 4103">
    <p class='ocr_par' dir='ltr' id='par_1_43' title="bbox 364 4025 1948 4103">
     <span class='ocr_line' id='line_1_43' title="bbox 364 4025 1948 4103; baseline 0.007 -27"><span class='ocrx_word' id='word_1_316' title='bbox 364 4025 447 4088; x_wconf 75' lang='grc' dir='ltr'><strong>ὡς</strong></span> <span class='ocrx_word' id='word_1_317' title='bbox 479 4026 576 4078; x_wconf 74' lang='grc' dir='ltr'>καὶ</span> <span class='ocrx_word' id='word_1_318' title='bbox 620 4028 648 4077; x_wconf 86' lang='grc' dir='ltr'>ὁ</span> <span class='ocrx_word' id='word_1_319' title='bbox 683 4027 1048 4099; x_wconf 87' lang='grc' dir='ltr'>πολυτλήμων</span> <span class='ocrx_word' id='word_1_320' title='bbox 1091 4031 1212 4082; x_wconf 77' lang='grc' dir='ltr'><strong>Ἰὼϐ</strong></span> <span class='ocrx_word' id='word_1_321' title='bbox 1261 4026 1385 4084; x_wconf 85' lang='grc' dir='ltr'>τότε</span> <span class='ocrx_word' id='word_1_322' title='bbox 1433 4031 1661 4101; x_wconf 83' lang='grc' dir='ltr'>ἀνέστη.</span> <span class='ocrx_word' id='word_1_323' title='bbox 1715 4032 1948 4103; x_wconf 85' lang='grc' dir='ltr'>Ἐναργῆ</span> 
     </span>
    </p>
   </div>
   <div class='ocr_carea' id='block_1_44' title="bbox 364 4115 1950 4198">
    <p class='ocr_par' dir='ltr' id='par_1_44' title="bbox 364 4115 1950 4198">
     <span class='ocr_line' id='line_1_44' title="bbox 364 4115 1950 4198; baseline 0.006 -25"><span class='ocrx_word' id='word_1_324' title='bbox 364 4115 428 4173; x_wconf 80' lang='grc' dir='ltr'>δὲ</span> <span class='ocrx_word' id='word_1_325' title='bbox 476 4120 575 4190; x_wconf 79' lang='grc' dir='ltr'><strong>τὴν</strong></span> <span class='ocrx_word' id='word_1_326' title='bbox 624 4123 814 4192; x_wconf 82' lang='grc' dir='ltr'>φήμην</span> <span class='ocrx_word' id='word_1_327' title='bbox 856 4127 1190 4196; x_wconf 87' lang='grc' dir='ltr'>παρίστησιν</span> <span class='ocrx_word' id='word_1_328' title='bbox 1246 4128 1278 4196; x_wconf 88' lang='grc' dir='ltr'>ἠ</span> <span class='ocrx_word' id='word_1_329' title='bbox 1328 4128 1543 4180; x_wconf 76' lang='grc' dir='ltr'>ἐκείνου</span> <span class='ocrx_word' id='word_1_330' title='bbox 1580 4129 1702 4198; x_wconf 74' lang='grc' dir='ltr'>ἱερὰ</span> <span class='ocrx_word' id='word_1_331' title='bbox 1746 4128 1950 4198; x_wconf 79' lang='grc' dir='ltr'>βίϐλος,</span> 
     </span>
    </p>
   </div>
   <div class='ocr_carea' id='block_1_45' title="bbox 365 4205 1950 4290">
    <p class='ocr_par' dir='ltr' id='par_1_45' title="bbox 365 4205 1950 4290">
     <span class='ocr_line' id='line_1_45' title="bbox 365 4205 1950 4290; baseline 0.005 -25"><span class='ocrx_word' id='word_1_332' title='bbox 365 4205 516 4265; x_wconf 78' lang='grc' dir='ltr'>οῦτω</span> <span class='ocrx_word' id='word_1_333' title='bbox 555 4215 767 4286; x_wconf 79' lang='grc' dir='ltr'>φαμένη</span> <span class='ocrx_word' id='word_1_334' title='bbox 815 4218 946 4287; x_wconf 78' lang='grc' dir='ltr'>περὶ</span> <span class='ocrx_word' id='word_1_335' title='bbox 981 4217 1114 4270; x_wconf 79' lang='grc' dir='ltr'>αὐτὸ</span> <span class='ocrx_word' id='word_1_336' title='bbox 1162 4219 1338 4288; x_wconf 85' lang='grc' dir='ltr'>δήπου</span> <span class='ocrx_word' id='word_1_337' title='bbox 1390 4221 1450 4273; x_wconf 78' lang='grc' dir='ltr'><strong>τὸ</strong></span> <span class='ocrx_word' id='word_1_338' title='bbox 1495 4219 1950 4290; x_wconf 83' lang='grc' dir='ltr'>ἀκροτελεύτιον·</span> 
     </span>
    </p>
   </div>
   <div class='ocr_carea' id='block_1_46' title="bbox 365 4304 1954 4384">
    <p class='ocr_par' dir='ltr' id='par_1_46' title="bbox 365 4304 1954 4384">
     <span class='ocr_line' id='line_1_46' title="bbox 365 4304 1954 4384; baseline 0.008 -30"><span class='ocrx_word' id='word_1_339' title='bbox 365 4304 682 4374; x_wconf 79' lang='grc' dir='ltr'>γέγραπται</span> <span class='ocrx_word' id='word_1_340' title='bbox 732 4308 786 4358; x_wconf 81' lang='grc' dir='ltr'>δὲ</span> <span class='ocrx_word' id='word_1_341' title='bbox 831 4308 997 4360; x_wconf 82' lang='grc' dir='ltr'>αὑτὸν</span> <span class='ocrx_word' id='word_1_342' title='bbox 1037 4311 1357 4381; x_wconf 82' lang='grc' dir='ltr'>ἀναστῆναι.</span> <span class='ocrx_word' id='word_1_343' title='bbox 1411 4311 1530 4381; x_wconf 80' lang='grc' dir='ltr'>μεθ’</span> <span class='ocrx_word' id='word_1_344' title='bbox 1567 4307 1642 4366; x_wconf 83' lang='grc' dir='ltr'>ὧν</span> <span class='ocrx_word' id='word_1_345' title='bbox 1676 4308 1704 4364; x_wconf 87' lang='lat'><strong>6</strong></span> <span class='ocrx_word' id='word_1_346' title='bbox 1749 4313 1954 4384; x_wconf 85' lang='grc' dir='ltr'>Κύριος</span> 
     </span>
    </p>
   </div>
   <div class='ocr_carea' id='block_1_47' title="bbox 365 4393 1954 4474">
    <p class='ocr_par' dir='ltr' id='par_1_47' title="bbox 365 4393 1954 4474">
     <span class='ocr_line' id='line_1_47' title="bbox 365 4393 1954 4474; baseline 0.007 -28"><span class='ocrx_word' id='word_1_347' title='bbox 365 4393 696 4464; x_wconf 81' lang='grc' dir='ltr'>ἀναστήσει,</span> <span class='ocrx_word' id='word_1_348' title='bbox 736 4398 764 4449; x_wconf 83' lang='grc' dir='ltr'><strong>ὃ</strong></span> <span class='ocrx_word' id='word_1_349' title='bbox 789 4398 855 4469; x_wconf 84' lang='grc' dir='ltr'>δὴ</span> <span class='ocrx_word' id='word_1_350' title='bbox 894 4401 952 4451; x_wconf 79' lang='grc' dir='ltr'><strong>ἐν</strong></span> <span class='ocrx_word' id='word_1_351' title='bbox 985 4403 1050 4472; x_wconf 81' lang='grc' dir='ltr'>τῇ</span> <span class='ocrx_word' id='word_1_352' title='bbox 1107 4401 1201 4454; x_wconf 86' lang='grc' dir='ltr'><strong>τοῦ</strong></span> <span class='ocrx_word' id='word_1_353' title='bbox 1245 4403 1488 4473; x_wconf 86' lang='grc' dir='ltr'>Χριστοῦ</span> <span class='ocrx_word' id='word_1_354' title='bbox 1540 4402 1762 4474; x_wconf 80' lang='grc' dir='ltr'>ὲγέρσει</span> <span class='ocrx_word' id='word_1_355' title='bbox 1803 4405 1954 4458; x_wconf 76' lang='grc' dir='ltr'>τετέσ-</span> 
     </span>
    </p>
   </div>
   <div class='ocr_carea' id='block_1_48' title="bbox 365 4483 1950 4564">
    <p class='ocr_par' dir='ltr' id='par_1_48' title="bbox 365 4483 1950 4564">
     <span class='ocr_line' id='line_1_48' title="bbox 365 4483 1950 4564; baseline 0.004 -25"><span class='ocrx_word' id='word_1_356' title='bbox 365 4483 578 4541; x_wconf 86' lang='grc' dir='ltr'>λεσται.</span> <span class='ocrx_word' id='word_1_357' title='bbox 602 4489 703 4542; x_wconf 85' lang='grc' dir='ltr'>Διά</span> <span class='ocrx_word' id='word_1_358' title='bbox 726 4491 856 4559; x_wconf 78' lang='grc' dir='ltr'>γοῦν</span> <span class='ocrx_word' id='word_1_359' title='bbox 890 4491 990 4560; x_wconf 82' lang='grc' dir='ltr'><strong>τῆς</strong></span> <span class='ocrx_word' id='word_1_360' title='bbox 1024 4492 1131 4546; x_wconf 84' lang='grc' dir='ltr'><strong>τῶν</strong></span> <span class='ocrx_word' id='word_1_361' title='bbox 1169 4493 1470 4564; x_wconf 85' lang='grc' dir='ltr'>μνημάτων</span> <span class='ocrx_word' id='word_1_362' title='bbox 1497 4494 1778 4562; x_wconf 81' lang='grc' dir='ltr'>ἀνοίξεως,</span> <span class='ocrx_word' id='word_1_363' title='bbox 1809 4493 1950 4562; x_wconf 86' lang='grc' dir='ltr'>γνώ-</span> 
     </span>
    </p>
   </div>
   <div class='ocr_carea' id='block_1_49' title="bbox 2055 646 3638 722">
    <p class='ocr_par' dir='ltr' id='par_1_49' title="bbox 2055 646 3638 722">
     <span class='ocr_line' id='line_1_49' title="bbox 2055 646 3638 722; baseline 0.004 -21"><span class='ocrx_word' id='word_1_364' title='bbox 2055 646 2301 718; x_wconf 81' lang='lat' dir='ltr'><strong>Signavit</strong></span> <span class='ocrx_word' id='word_1_365' title='bbox 2343 652 2504 704; x_wconf 88' lang='lat' dir='ltr'><strong>etiam</strong></span> <span class='ocrx_word' id='word_1_366' title='bbox 2552 651 2682 722; x_wconf 80' lang='lat' dir='ltr'><strong>legis</strong></span> <span class='ocrx_word' id='word_1_367' title='bbox 2724 651 3134 715; x_wconf 73' lang='lat' dir='ltr'><strong>obscuritatem,</strong></span> <span class='ocrx_word' id='word_1_368' title='bbox 3162 667 3281 721; x_wconf 76' lang='lat' dir='ltr'><strong>qum</strong></span> <span class='ocrx_word' id='word_1_369' title='bbox 3322 653 3474 722; x_wconf 90' lang='lat' dir='ltr'><strong>prius</strong></span> <span class='ocrx_word' id='word_1_370' title='bbox 3515 653 3638 722; x_wconf 85' lang='lat' dir='ltr'><strong>qni-</strong></span> 
     </span>
    </p>
   </div>
   <div class='ocr_carea' id='block_1_50' title="bbox 2052 741 3641 812">
    <p class='ocr_par' dir='ltr' id='par_1_50' title="bbox 2052 741 3641 812">
     <span class='ocr_line' id='line_1_50' title="bbox 2052 741 3641 812; baseline 0.002 -17"><span class='ocrx_word' id='word_1_371' title='bbox 2052 741 2172 795; x_wconf 88' lang='lat' dir='ltr'><strong>dem</strong></span> <span class='ocrx_word' id='word_1_372' title='bbox 2201 743 2353 810; x_wconf 80' lang='lat' dir='ltr'><strong>quasi</strong></span> <span class='ocrx_word' id='word_1_373' title='bbox 2381 743 2621 796; x_wconf 77' lang='lat' dir='ltr'><strong>velamen</strong></span> <span class='ocrx_word' id='word_1_374' title='bbox 2652 752 2869 797; x_wconf 78' lang='lat' dir='ltr'><strong>extenta</strong></span> <span class='ocrx_word' id='word_1_375' title='bbox 2895 744 3182 799; x_wconf 83' lang='lat' dir='ltr'><strong>veritatem</strong></span> <span class='ocrx_word' id='word_1_376' title='bbox 3226 744 3469 812; x_wconf 78' lang='lat' dir='ltr'><strong>tegebat;</strong></span> <span class='ocrx_word' id='word_1_377' title='bbox 3499 760 3641 798; x_wconf 89' lang='lat' dir='ltr'><strong>nunc</strong></span> 
     </span>
    </p>
   </div>
   <div class='ocr_carea' id='block_1_51' title="bbox 2053 834 3633 904">
    <p class='ocr_par' dir='ltr' id='par_1_51' title="bbox 2053 834 3633 904">
     <span class='ocr_line' id='line_1_51' title="bbox 2053 834 3633 904; baseline 0.001 -18"><span class='ocrx_word' id='word_1_378' title='bbox 2053 849 2182 888; x_wconf 89' lang='lat' dir='ltr'><strong>vero</strong></span> <span class='ocrx_word' id='word_1_379' title='bbox 2211 834 2445 902; x_wconf 82' lang='lat' dir='ltr'><strong>nudiqoe</strong></span> <span class='ocrx_word' id='word_1_380' title='bbox 2474 834 2678 887; x_wconf 81' lang='lat' dir='ltr'><strong>sublata</strong></span> <span class='ocrx_word' id='word_1_381' title='bbox 2712 835 2964 888; x_wconf 89' lang='lat' dir='ltr'><strong>latentem</strong></span> <span class='ocrx_word' id='word_1_382' title='bbox 2995 836 3138 889; x_wconf 92' lang='lat' dir='ltr'><strong>intus</strong></span> <span class='ocrx_word' id='word_1_383' title='bbox 3173 836 3633 904; x_wconf 77' lang='lat' dir='ltr'><strong>pulchritudinem</strong></span> 
     </span>
    </p>
   </div>
   <div class='ocr_carea' id='block_1_52' title="bbox 2053 925 3637 996">
    <p class='ocr_par' dir='ltr' id='par_1_52' title="bbox 2053 925 3637 996">
     <span class='ocr_line' id='line_1_52' title="bbox 2053 925 3637 996; baseline 0 -16"><span class='ocrx_word' id='word_1_384' title='bbox 2053 927 2390 980; x_wconf 82' lang='lat' dir='ltr'><strong>manifestam</strong></span> <span class='ocrx_word' id='word_1_385' title='bbox 2438 925 2586 980; x_wconf 84' lang='lat' dir='ltr'><strong>facit.</strong></span> <span class='ocrx_word' id='word_1_386' title='bbox 2617 925 2812 980; x_wconf 88' lang='lat' dir='ltr'><strong>Totum</strong></span> <span class='ocrx_word' id='word_1_387' title='bbox 2862 942 2986 981; x_wconf 92' lang='lat' dir='ltr'><strong>vero</strong></span> <span class='ocrx_word' id='word_1_388' title='bbox 3028 927 3314 980; x_wconf 88' lang='lat' dir='ltr'><strong>discissum</strong></span> <span class='ocrx_word' id='word_1_389' title='bbox 3358 936 3462 990; x_wconf 88' lang='lat' dir='ltr'><strong>est,</strong></span> <span class='ocrx_word' id='word_1_390' title='bbox 3493 928 3637 996; x_wconf 89' lang='lat' dir='ltr'><strong>quod</strong></span> 
     </span>
    </p>
   </div>
   <div class='ocr_carea' id='block_1_53' title="bbox 2051 1016 3635 1087">
    <p class='ocr_par' dir='ltr' id='par_1_53' title="bbox 2051 1016 3635 1087">
     <span class='ocr_line' id='line_1_53' title="bbox 2051 1016 3635 1087; baseline -0.001 -17"><span class='ocrx_word' id='word_1_391' title='bbox 2051 1019 2198 1071; x_wconf 85' lang='lat' dir='ltr'><strong>omni</strong></span> <span class='ocrx_word' id='word_1_392' title='bbox 2245 1035 2307 1071; x_wconf 77' lang='lat' dir='ltr'><strong>ex</strong></span> <span class='ocrx_word' id='word_1_393' title='bbox 2359 1029 2513 1087; x_wconf 88' lang='lat' dir='ltr'><strong>parte</strong></span> <span class='ocrx_word' id='word_1_394' title='bbox 2556 1016 2747 1070; x_wconf 84' lang='lat' dir='ltr'><strong>salutis</strong></span> <span class='ocrx_word' id='word_1_395' title='bbox 2795 1019 3120 1085; x_wconf 71' lang='lat' dir='ltr'><strong>praeconium</strong></span> <span class='ocrx_word' id='word_1_396' title='bbox 3168 1016 3476 1085; x_wconf 77' lang='lat' dir='ltr'><strong>evulgatum</strong></span> <span class='ocrx_word' id='word_1_397' title='bbox 3528 1025 3635 1069; x_wconf 90' lang='lat' dir='ltr'><strong>est.</strong></span> 
     </span>
    </p>
   </div>
   <div class='ocr_carea' id='block_1_54' title="bbox 2051 1109 3630 1177">
    <p class='ocr_par' dir='ltr' id='par_1_54' title="bbox 2051 1109 3630 1177">
     <span class='ocr_line' id='line_1_54' title="bbox 2051 1109 3630 1177; baseline -0.003 -13"><span class='ocrx_word' id='word_1_398' title='bbox 2051 1109 2329 1164; x_wconf 80' lang='lat' dir='ltr'><strong>Concussa</strong></span> <span class='ocrx_word' id='word_1_399' title='bbox 2389 1119 2471 1163; x_wconf 86' lang='lat' dir='ltr'><strong>est</strong></span> <span class='ocrx_word' id='word_1_400' title='bbox 2536 1109 2689 1163; x_wconf 90' lang='lat' dir='ltr'><strong>tellus</strong></span> <span class='ocrx_word' id='word_1_401' title='bbox 2752 1110 2904 1177; x_wconf 89' lang='lat' dir='ltr'><strong>quasi</strong></span> <span class='ocrx_word' id='word_1_402' title='bbox 2959 1111 3208 1177; x_wconf 74' lang='lat' dir='ltr'><strong>Aggzeum</strong></span> <span class='ocrx_word' id='word_1_403' title='bbox 3273 1123 3338 1162; x_wconf 83' lang='lat' dir='ltr'><strong>ex</strong></span> <span class='ocrx_word' id='word_1_404' title='bbox 3402 1123 3630 1175; x_wconf 87' lang='lat' dir='ltr'><strong>persona</strong></span> 
     </span>
    </p>
   </div>
   <div class='ocr_carea' id='block_1_55' title="bbox 2052 1197 3635 1268">
    <p class='ocr_par' dir='ltr' id='par_1_55' title="bbox 2052 1197 3635 1268">
     <span class='ocr_line' id='line_1_55' title="bbox 2052 1197 3635 1268; baseline 0 -14"><span class='ocrx_word' id='word_1_405' title='bbox 2052 1200 2254 1255; x_wconf 91' lang='lat' dir='ltr'><strong>Christi</strong></span> <span class='ocrx_word' id='word_1_406' title='bbox 2319 1197 2586 1255; x_wconf 82' lang='lat' dir='ltr'><strong>dicentem</strong></span> <span class='ocrx_word' id='word_1_407' title='bbox 2652 1200 2881 1253; x_wconf 86' lang='lat' dir='ltr'><strong>audierit</strong></span> <span class='ocrx_word' id='word_1_408' title='bbox 2941 1219 2954 1255; x_wconf 92' lang='lat'><strong>:</strong></span> <span class='ocrx_word' id='word_1_409' title='bbox 3022 1219 3040 1251; x_wconf 87' lang='grc'><strong><em>‹</em></strong></span> <span class='ocrx_word' id='word_1_410' title='bbox 3108 1198 3220 1268; x_wconf 76' lang='lat' dir='ltr'><strong>Ego</strong></span> <span class='ocrx_word' id='word_1_411' title='bbox 3281 1203 3635 1254; x_wconf 81' lang='lat' dir='ltr'><strong>commovebo</strong></span> 
     </span>
    </p>
   </div>
   <div class='ocr_carea' id='block_1_56' title="bbox 2052 1281 3634 1356">
    <p class='ocr_par' dir='ltr' id='par_1_56' title="bbox 2052 1281 3634 1356">
     <span class='ocr_line' id='line_1_56' title="bbox 2052 1281 3634 1356; baseline -0.002 -11"><span class='ocrx_word' id='word_1_412' title='bbox 2052 1290 2274 1356; x_wconf 72' lang='lat' dir='ltr'><strong>coelum,</strong></span> <span class='ocrx_word' id='word_1_413' title='bbox 2309 1299 2361 1343; x_wconf 90' lang='lat' dir='ltr'><strong>el</strong></span> <span class='ocrx_word' id='word_1_414' title='bbox 2405 1300 2626 1353; x_wconf 87' lang='lat' dir='ltr'><strong>terram,</strong></span> <span class='ocrx_word' id='word_1_415' title='bbox 2661 1299 2714 1344; x_wconf 94' lang='lat' dir='ltr'><strong>et</strong></span> <span class='ocrx_word' id='word_1_416' title='bbox 2757 1281 2990 1343; x_wconf 70' lang='lat' dir='ltr'><strong>mare“.</strong></span> <span class='ocrx_word' id='word_1_417' title='bbox 3031 1308 3049 1340; x_wconf 79' lang='grc' dir='ltr'><strong>ι</strong></span> <span class='ocrx_word' id='word_1_418' title='bbox 3101 1289 3164 1342; x_wconf 83' lang='grc' dir='ltr'>Ει</span> <span class='ocrx_word' id='word_1_419' title='bbox 3208 1290 3402 1342; x_wconf 90' lang='lat' dir='ltr'><strong>iterum</strong></span> <span class='ocrx_word' id='word_1_420' title='bbox 3450 1289 3634 1342; x_wconf 84' lang='lat' dir='ltr'><strong>Haba-</strong></span> 
     </span>
    </p>
   </div>
   <div class='ocr_carea' id='block_1_57' title="bbox 2051 1377 3636 1444">
    <p class='ocr_par' dir='ltr' id='par_1_57' title="bbox 2051 1377 3636 1444">
     <span class='ocr_line' id='line_1_57' title="bbox 2051 1377 3636 1444; baseline -0.002 -9"><span class='ocrx_word' id='word_1_421' title='bbox 2051 1396 2175 1435; x_wconf 88' lang='lat' dir='ltr'><strong>cum</strong></span> <span class='ocrx_word' id='word_1_422' title='bbox 2214 1396 2228 1433; x_wconf 92' lang='lat'><strong>:</strong></span> <span class='ocrx_word' id='word_1_423' title='bbox 2271 1399 2289 1431; x_wconf 82' lang='grc' dir='ltr'><strong>ι</strong></span> <span class='ocrx_word' id='word_1_424' title='bbox 2335 1377 2528 1444; x_wconf 82' lang='lat' dir='ltr'><strong>Stetit,</strong></span> <span class='ocrx_word' id='word_1_425' title='bbox 2563 1390 2617 1434; x_wconf 88' lang='lat' dir='ltr'><strong>et</strong></span> <span class='ocrx_word' id='word_1_426' title='bbox 2652 1389 2921 1434; x_wconf 84' lang='lat' dir='ltr'><strong>commota</strong></span> <span class='ocrx_word' id='word_1_427' title='bbox 2953 1389 3032 1434; x_wconf 87' lang='lat' dir='ltr'><strong>est</strong></span> <span class='ocrx_word' id='word_1_428' title='bbox 3072 1390 3214 1433; x_wconf 89' lang='lat' dir='ltr'><strong>terra</strong></span> <span class='ocrx_word' id='word_1_429' title='bbox 3253 1389 3306 1432; x_wconf 90' lang='lat' dir='ltr'><strong>et</strong></span> <span class='ocrx_word' id='word_1_430' title='bbox 3343 1380 3636 1432; x_wconf 78' lang='lat' dir='ltr'><strong>tabnurnnt</strong></span> 
     </span>
    </p>
   </div>
   <div class='ocr_carea' id='block_1_58' title="bbox 2054 1467 3634 1536">
    <p class='ocr_par' dir='ltr' id='par_1_58' title="bbox 2054 1467 3634 1536">
     <span class='ocr_line' id='line_1_58' title="bbox 2054 1467 3634 1536; baseline -0.004 -8"><span class='ocrx_word' id='word_1_431' title='bbox 2054 1473 2302 1528; x_wconf 85' lang='lat' dir='ltr'><strong>colles“.</strong></span> <span class='ocrx_word' id='word_1_432' title='bbox 2339 1492 2357 1524; x_wconf 78' lang='grc' dir='ltr'><strong>ι</strong></span> <span class='ocrx_word' id='word_1_433' title='bbox 2397 1467 2587 1526; x_wconf 86' lang='lat' dir='ltr'><strong>Stante</strong></span> <span class='ocrx_word' id='word_1_434' title='bbox 2619 1472 2826 1527; x_wconf 87' lang='lat' dir='ltr'><strong>scilicet</strong></span> <span class='ocrx_word' id='word_1_435' title='bbox 2858 1487 3021 1527; x_wconf 87' lang='lat' dir='ltr'><strong>cruce</strong></span> <span class='ocrx_word' id='word_1_436' title='bbox 3051 1480 3320 1526; x_wconf 84' lang='lat' dir='ltr'><strong>commota</strong></span> <span class='ocrx_word' id='word_1_437' title='bbox 3356 1483 3438 1525; x_wconf 87' lang='lat' dir='ltr'><strong>est</strong></span> <span class='ocrx_word' id='word_1_438' title='bbox 3471 1482 3634 1536; x_wconf 88' lang='lat' dir='ltr'><strong>terra,</strong></span> 
     </span>
    </p>
   </div>
   <div class='ocr_carea' id='block_1_59' title="bbox 2053 1564 3633 1635">
    <p class='ocr_par' dir='ltr' id='par_1_59' title="bbox 2053 1564 3633 1635">
     <span class='ocr_line' id='line_1_59' title="bbox 2053 1564 3633 1635; baseline -0.004 -13"><span class='ocrx_word' id='word_1_439' title='bbox 2053 1576 2102 1622; x_wconf 91' lang='lat' dir='ltr'><strong>et</strong></span> <span class='ocrx_word' id='word_1_440' title='bbox 2134 1567 2351 1620; x_wconf 83' lang='lat' dir='ltr'><strong>contriti</strong></span> <span class='ocrx_word' id='word_1_441' title='bbox 2383 1575 2508 1621; x_wconf 92' lang='lat' dir='ltr'><strong>sunt</strong></span> <span class='ocrx_word' id='word_1_442' title='bbox 2535 1565 2648 1635; x_wconf 85' lang='grc'>(67)</span> <span class='ocrx_word' id='word_1_443' title='bbox 2680 1564 2857 1620; x_wconf 81' lang='lat' dir='ltr'><strong>instar</strong></span> <span class='ocrx_word' id='word_1_444' title='bbox 2886 1565 3151 1619; x_wconf 85' lang='lat' dir='ltr'><strong>montium</strong></span> <span class='ocrx_word' id='word_1_445' title='bbox 3186 1564 3309 1618; x_wconf 91' lang='lat' dir='ltr'><strong>elati</strong></span> <span class='ocrx_word' id='word_1_446' title='bbox 3339 1564 3633 1618; x_wconf 72' lang='lat' dir='ltr'><strong>daemones.</strong></span> 
     </span>
    </p>
   </div>
   <div class='ocr_carea' id='block_1_60' title="bbox 2053 1656 3636 1726">
    <p class='ocr_par' dir='ltr' id='par_1_60' title="bbox 2053 1656 3636 1726">
     <span class='ocr_line' id='line_1_60' title="bbox 2053 1656 3636 1726; baseline -0.005 -12"><span class='ocrx_word' id='word_1_447' title='bbox 2053 1659 2375 1714; x_wconf 86' lang='lat' dir='ltr'><strong>Concutitur</strong></span> <span class='ocrx_word' id='word_1_448' title='bbox 2413 1666 2555 1712; x_wconf 89' lang='lat' dir='ltr'><strong>terra</strong></span> <span class='ocrx_word' id='word_1_449' title='bbox 2596 1666 2653 1710; x_wconf 92' lang='lat' dir='ltr'><strong>ut</strong></span> <span class='ocrx_word' id='word_1_450' title='bbox 2688 1658 3100 1726; x_wconf 83' lang='lat' dir='ltr'><strong>perversitatem</strong></span> <span class='ocrx_word' id='word_1_451' title='bbox 3140 1656 3405 1710; x_wconf 81' lang='lat' dir='ltr'><strong>factorum</strong></span> <span class='ocrx_word' id='word_1_452' title='bbox 3449 1665 3636 1708; x_wconf 79' lang='lat' dir='ltr'><strong>osten-</strong></span> 
     </span>
    </p>
   </div>
   <div class='ocr_carea' id='block_1_61' title="bbox 2054 1745 3636 1816">
    <p class='ocr_par' dir='ltr' id='par_1_61' title="bbox 2054 1745 3636 1816">
     <span class='ocr_line' id='line_1_61' title="bbox 2054 1745 3636 1816; baseline -0.005 -12"><span class='ocrx_word' id='word_1_453' title='bbox 2054 1745 2148 1804; x_wconf 77' lang='lat' dir='ltr'><strong>dul</strong></span> <span class='ocrx_word' id='word_1_454' title='bbox 2175 1767 2188 1803; x_wconf 89' lang='lat'>:</span> <span class='ocrx_word' id='word_1_455' title='bbox 2220 1748 2478 1816; x_wconf 69' lang='lat' dir='ltr'><strong>disrupta:</strong></span> <span class='ocrx_word' id='word_1_456' title='bbox 2511 1757 2636 1802; x_wconf 83' lang='lat' dir='ltr'><strong>sunt</strong></span> <span class='ocrx_word' id='word_1_457' title='bbox 2665 1757 2852 1815; x_wconf 62' lang='lat' dir='ltr'><strong>petrae,</strong></span> <span class='ocrx_word' id='word_1_458' title='bbox 2879 1755 2935 1800; x_wconf 89' lang='lat' dir='ltr'><strong>ut</strong></span> <span class='ocrx_word' id='word_1_459' title='bbox 2961 1756 3144 1801; x_wconf 86' lang='lat' dir='ltr'><strong>essent</strong></span> <span class='ocrx_word' id='word_1_460' title='bbox 3176 1747 3396 1807; x_wconf 90' lang='lat' dir='ltr'><strong>indicio,</strong></span> <span class='ocrx_word' id='word_1_461' title='bbox 3426 1745 3636 1814; x_wconf 78' lang='lat' dir='ltr'><strong>lapidea</strong></span> 
     </span>
    </p>
   </div>
   <div class='ocr_carea' id='block_1_62' title="bbox 2056 1838 3632 1910">
    <p class='ocr_par' dir='ltr' id='par_1_62' title="bbox 2056 1838 3632 1910">
     <span class='ocr_line' id='line_1_62' title="bbox 2056 1838 3632 1910; baseline -0.004 -15"><span class='ocrx_word' id='word_1_462' title='bbox 2056 1842 2296 1910; x_wconf 78' lang='lat' dir='ltr'><strong>gentium</strong></span> <span class='ocrx_word' id='word_1_463' title='bbox 2345 1840 2509 1894; x_wconf 87' lang='lat' dir='ltr'><strong>corda</strong></span> <span class='ocrx_word' id='word_1_464' title='bbox 2556 1840 2622 1893; x_wconf 91' lang='lat' dir='ltr'><strong>ad</strong></span> <span class='ocrx_word' id='word_1_465' title='bbox 2673 1840 3054 1908; x_wconf 82' lang='lat' dir='ltr'><strong>excipiendum</strong></span> <span class='ocrx_word' id='word_1_466' title='bbox 3116 1838 3392 1907; x_wconf 83' lang='lat' dir='ltr'><strong>Evangelii</strong></span> <span class='ocrx_word' id='word_1_467' title='bbox 3449 1850 3632 1892; x_wconf 88' lang='lat' dir='ltr'><strong>semen</strong></span> 
     </span>
    </p>
   </div>
   <div class='ocr_carea' id='block_1_63' title="bbox 2055 1929 3638 2000">
    <p class='ocr_par' dir='ltr' id='par_1_63' title="bbox 2055 1929 3638 2000">
     <span class='ocr_line' id='line_1_63' title="bbox 2055 1929 3638 2000; baseline -0.004 -13"><span class='ocrx_word' id='word_1_468' title='bbox 2055 1932 2381 2000; x_wconf 81' lang='lat' dir='ltr'><strong>aperienda,</strong></span> <span class='ocrx_word' id='word_1_469' title='bbox 2412 1943 2464 1983; x_wconf 85' lang='lat' dir='ltr'><strong>et</strong></span> <span class='ocrx_word' id='word_1_470' title='bbox 2504 1931 2556 1983; x_wconf 88' lang='lat' dir='ltr'><strong>in</strong></span> <span class='ocrx_word' id='word_1_471' title='bbox 2602 1931 2879 1999; x_wconf 85' lang='lat' dir='ltr'><strong>angularis</strong></span> <span class='ocrx_word' id='word_1_472' title='bbox 2923 1929 3119 1998; x_wconf 80' lang='lat' dir='ltr'><strong>lapidis</strong></span> <span class='ocrx_word' id='word_1_473' title='bbox 3156 1929 3508 1983; x_wconf 82' lang='lat' dir='ltr'><strong>fundamento</strong></span> <span class='ocrx_word' id='word_1_474' title='bbox 3540 1929 3638 1981; x_wconf 75' lang='lat' dir='ltr'><strong>[ir-</strong></span> 
     </span>
    </p>
   </div>
   <div class='ocr_carea' id='block_1_64' title="bbox 2057 2018 3638 2079">
    <p class='ocr_par' dir='ltr' id='par_1_64' title="bbox 2057 2018 3638 2079">
     <span class='ocr_line' id='line_1_64' title="bbox 2057 2018 3638 2079; baseline -0.003 -1"><span class='ocrx_word' id='word_1_475' title='bbox 2057 2025 2270 2079; x_wconf 87' lang='lat' dir='ltr'><strong>manda.</strong></span> <span class='ocrx_word' id='word_1_476' title='bbox 2297 2018 2632 2078; x_wconf 81' lang='lat' dir='ltr'><strong>Morinorum</strong></span> <span class='ocrx_word' id='word_1_477' title='bbox 2668 2039 2794 2078; x_wconf 81' lang='lat' dir='ltr'><strong>vero</strong></span> <span class='ocrx_word' id='word_1_478' title='bbox 2849 2023 3178 2079; x_wconf 86' lang='lat' dir='ltr'><strong>resurrectio</strong></span> <span class='ocrx_word' id='word_1_479' title='bbox 3209 2023 3418 2075; x_wconf 90' lang='lat' dir='ltr'><strong>animas</strong></span> <span class='ocrx_word' id='word_1_480' title='bbox 3447 2021 3638 2074; x_wconf 67' lang='lat' dir='ltr'><strong>deten~</strong></span> 
     </span>
    </p>
   </div>
   <div class='ocr_carea' id='block_1_65' title="bbox 2057 2111 3635 2170">
    <p class='ocr_par' dir='ltr' id='par_1_65' title="bbox 2057 2111 3635 2170">
     <span class='ocr_line' id='line_1_65' title="bbox 2057 2111 3635 2170; baseline -0.002 -2"><span class='ocrx_word' id='word_1_481' title='bbox 2057 2125 2138 2169; x_wconf 78' lang='lat' dir='ltr'><strong>tas</strong></span> <span class='ocrx_word' id='word_1_482' title='bbox 2181 2116 2232 2167; x_wconf 90' lang='lat' dir='ltr'><strong>in</strong></span> <span class='ocrx_word' id='word_1_483' title='bbox 2273 2114 2464 2170; x_wconf 80' lang='lat' dir='ltr'><strong>inferis</strong></span> <span class='ocrx_word' id='word_1_484' title='bbox 2506 2115 2558 2168; x_wconf 92' lang='lat' dir='ltr'><strong>in</strong></span> <span class='ocrx_word' id='word_1_485' title='bbox 2604 2113 2905 2169; x_wconf 85' lang='lat' dir='ltr'><strong>libertatem</strong></span> <span class='ocrx_word' id='word_1_486' title='bbox 2966 2113 3268 2168; x_wconf 72' lang='lat' dir='ltr'><strong>vindicata:</strong></span> <span class='ocrx_word' id='word_1_487' title='bbox 3304 2126 3424 2167; x_wconf 91' lang='lat' dir='ltr'><strong>esse</strong></span> <span class='ocrx_word' id='word_1_488' title='bbox 3466 2111 3635 2166; x_wconf 85' lang='lat' dir='ltr'><strong>deno-</strong></span> 
     </span>
    </p>
   </div>
   <div class='ocr_carea' id='block_1_66' title="bbox 2060 2208 2214 2262">
    <p class='ocr_par' dir='ltr' id='par_1_66' title="bbox 2060 2208 2214 2262">
     <span class='ocr_line' id='line_1_66' title="bbox 2060 2208 2214 2262; baseline 0.013 -2"><span class='ocrx_word' id='word_1_489' title='bbox 2060 2208 2214 2262; x_wconf 77' lang='lat' dir='ltr'><strong>tavit.</strong></span> 
     </span>
    </p>
   </div>
   <div class='ocr_carea' id='block_1_67' title="bbox 2129 2469 3634 2532">
    <p class='ocr_par' dir='ltr' id='par_1_67' title="bbox 2129 2469 3634 2532">
     <span class='ocr_line' id='line_1_67' title="bbox 2129 2469 3634 2532; baseline -0.002 -9"><span class='ocrx_word' id='word_1_490' title='bbox 2129 2469 2350 2526; x_wconf 70' lang='lat' dir='ltr'><strong>Ettsistit</strong></span> <span class='ocrx_word' id='word_1_491' title='bbox 2399 2478 2580 2525; x_wconf 84' lang='lat' dir='ltr'><strong>autem</strong></span> <span class='ocrx_word' id='word_1_492' title='bbox 2627 2471 2732 2526; x_wconf 88' lang='lat' dir='ltr'><strong>hoc</strong></span> <span class='ocrx_word' id='word_1_493' title='bbox 2780 2470 2900 2525; x_wconf 85' lang='lat' dir='ltr'><strong>loco</strong></span> <span class='ocrx_word' id='word_1_494' title='bbox 2951 2469 3240 2532; x_wconf 76' lang='lat' dir='ltr'><strong>dubitatio,</strong></span> <span class='ocrx_word' id='word_1_495' title='bbox 3282 2477 3461 2523; x_wconf 86' lang='lat' dir='ltr'><strong>utrum</strong></span> <span class='ocrx_word' id='word_1_496' title='bbox 3507 2475 3634 2522; x_wconf 80' lang='lat' dir='ltr'><strong>ante</strong></span> 
     </span>
    </p>
   </div>
   <div class='ocr_carea' id='block_1_68' title="bbox 2056 2560 3632 2618">
    <p class='ocr_par' dir='ltr' id='par_1_68' title="bbox 2056 2560 3632 2618">
     <span class='ocr_line' id='line_1_68' title="bbox 2056 2560 3632 2618; baseline -0.006 0"><span class='ocrx_word' id='word_1_497' title='bbox 2056 2563 2254 2618; x_wconf 82' lang='lat' dir='ltr'><strong>Christi</strong></span> <span class='ocrx_word' id='word_1_498' title='bbox 2304 2563 2756 2618; x_wconf 84' lang='lat' dir='ltr'><strong>resurrectionem</strong></span> <span class='ocrx_word' id='word_1_499' title='bbox 2801 2562 2998 2615; x_wconf 91' lang='lat' dir='ltr'><strong>mortui</strong></span> <span class='ocrx_word' id='word_1_500' title='bbox 3037 2564 3104 2614; x_wconf 85' lang='lat' dir='ltr'><strong>ad</strong></span> <span class='ocrx_word' id='word_1_501' title='bbox 3135 2561 3300 2614; x_wconf 85' lang='lat' dir='ltr'><strong>vitam</strong></span> <span class='ocrx_word' id='word_1_502' title='bbox 3334 2560 3442 2614; x_wconf 88' lang='lat' dir='ltr'><strong>sint</strong></span> <span class='ocrx_word' id='word_1_503' title='bbox 3475 2573 3632 2612; x_wconf 87' lang='lat' dir='ltr'><strong>revo-</strong></span> 
     </span>
    </p>
   </div>
   <div class='ocr_carea' id='block_1_69' title="bbox 2055 2648 3625 2723">
    <p class='ocr_par' dir='ltr' id='par_1_69' title="bbox 2055 2648 3625 2723">
     <span class='ocr_line' id='line_1_69' title="bbox 2055 2648 3625 2723; baseline -0.004 -14"><span class='ocrx_word' id='word_1_504' title='bbox 2055 2656 2195 2720; x_wconf 82' lang='lat' dir='ltr'><strong>Cati,</strong></span> <span class='ocrx_word' id='word_1_505' title='bbox 2225 2670 2292 2708; x_wconf 85' lang='lat' dir='ltr'><strong>an</strong></span> <span class='ocrx_word' id='word_1_506' title='bbox 2335 2664 2622 2723; x_wconf 84' lang='lat' dir='ltr'><strong>postquam</strong></span> <span class='ocrx_word' id='word_1_507' title='bbox 2660 2654 2917 2707; x_wconf 86' lang='lat' dir='ltr'><strong>Dominus</strong></span> <span class='ocrx_word' id='word_1_508' title='bbox 2954 2651 3268 2705; x_wconf 82' lang='lat' dir='ltr'><strong>resurrexit.</strong></span> <span class='ocrx_word' id='word_1_509' title='bbox 3317 2649 3530 2704; x_wconf 84' lang='lat' dir='ltr'><strong>Etenim</strong></span> <span class='ocrx_word' id='word_1_510' title='bbox 3578 2648 3625 2702; x_wconf 71' lang='lat' dir='ltr'><strong>si</strong></span> 
     </span>
    </p>
   </div>
   <div class='ocr_carea' id='block_1_70' title="bbox 2056 2741 3638 2807">
    <p class='ocr_par' dir='ltr' id='par_1_70' title="bbox 2056 2741 3638 2807">
     <span class='ocr_line' id='line_1_70' title="bbox 2056 2741 3638 2807; baseline -0.003 -8"><span class='ocrx_word' id='word_1_511' title='bbox 2056 2757 2180 2800; x_wconf 87' lang='lat' dir='ltr'><strong>ante</strong></span> <span class='ocrx_word' id='word_1_512' title='bbox 2211 2746 2473 2807; x_wconf 85' lang='lat' dir='ltr'><strong>dicamus,</strong></span> <span class='ocrx_word' id='word_1_513' title='bbox 2504 2755 2558 2798; x_wconf 90' lang='lat' dir='ltr'><strong>ut</strong></span> <span class='ocrx_word' id='word_1_514' title='bbox 2589 2745 2752 2798; x_wconf 85' lang='lat' dir='ltr'><strong>etiam</strong></span> <span class='ocrx_word' id='word_1_515' title='bbox 2773 2745 2898 2798; x_wconf 88' lang='lat' dir='ltr'><strong>divo</strong></span> <span class='ocrx_word' id='word_1_516' title='bbox 2924 2742 3158 2796; x_wconf 58' lang='lat' dir='ltr'><strong>Maximo</strong></span> <span class='ocrx_word' id='word_1_517' title='bbox 3189 2743 3420 2806; x_wconf 85' lang='lat' dir='ltr'><strong>videtur,</strong></span> <span class='ocrx_word' id='word_1_518' title='bbox 3460 2741 3638 2795; x_wconf 64' lang='lat' dir='ltr'><strong>mania-</strong></span> 
     </span>
    </p>
   </div>
   <div class='ocr_carea' id='block_1_71' title="bbox 2057 2833 3638 2902">
    <p class='ocr_par' dir='ltr' id='par_1_71' title="bbox 2057 2833 3638 2902">
     <span class='ocr_line' id='line_1_71' title="bbox 2057 2833 3638 2902; baseline -0.006 -9"><span class='ocrx_word' id='word_1_519' title='bbox 2057 2839 2251 2894; x_wconf 82' lang='lat' dir='ltr'><strong>l&#39;estum</strong></span> <span class='ocrx_word' id='word_1_520' title='bbox 2288 2850 2372 2894; x_wconf 90' lang='lat' dir='ltr'><strong>est</strong></span> <span class='ocrx_word' id='word_1_521' title='bbox 2410 2838 2602 2892; x_wconf 90' lang='lat' dir='ltr'><strong>lterum</strong></span> <span class='ocrx_word' id='word_1_522' title='bbox 2639 2850 2879 2891; x_wconf 87' lang='lat' dir='ltr'><strong>mortuos</strong></span> <span class='ocrx_word' id='word_1_523' title='bbox 2920 2850 3055 2890; x_wconf 90' lang='lat' dir='ltr'><strong>esse.</strong></span> <span class='ocrx_word' id='word_1_524' title='bbox 3090 2833 3218 2902; x_wconf 84' lang='lat' dir='ltr'><strong>Ejus</strong></span> <span class='ocrx_word' id='word_1_525' title='bbox 3255 2835 3398 2888; x_wconf 88' lang='lat' dir='ltr'><strong>enim</strong></span> <span class='ocrx_word' id='word_1_526' title='bbox 3456 2847 3638 2887; x_wconf 82' lang='lat' dir='ltr'><strong>resur-</strong></span> 
     </span>
    </p>
   </div>
   <div class='ocr_carea' id='block_1_72' title="bbox 2055 2927 3634 2998">
    <p class='ocr_par' dir='ltr' id='par_1_72' title="bbox 2055 2927 3634 2998">
     <span class='ocr_line' id='line_1_72' title="bbox 2055 2927 3634 2998; baseline -0.005 -14"><span class='ocrx_word' id='word_1_527' title='bbox 2055 2933 2337 2995; x_wconf 77' lang='lat' dir='ltr'><strong>rectionis,</strong></span> <span class='ocrx_word' id='word_1_528' title='bbox 2382 2929 2540 2998; x_wconf 74' lang='lat'><strong>211</strong></span> <span class='ocrx_word' id='word_1_529' title='bbox 2595 2944 2755 2996; x_wconf 85' lang='lat' dir='ltr'><strong>quam</strong></span> <span class='ocrx_word' id='word_1_530' title='bbox 2803 2927 3195 2982; x_wconf 87' lang='lat' dir='ltr'><strong>immortalitas</strong></span> <span class='ocrx_word' id='word_1_531' title='bbox 3247 2933 3634 2993; x_wconf 82' lang='lat' dir='ltr'><strong>consequatur,</strong></span> 
     </span>
    </p>
   </div>
   <div class='ocr_carea' id='block_1_73' title="bbox 2054 3017 3636 3093">
    <p class='ocr_par' dir='ltr' id='par_1_73' title="bbox 2054 3017 3636 3093">
     <span class='ocr_line' id='line_1_73' title="bbox 2054 3017 3636 3093; baseline -0.006 -14"><span class='ocrx_word' id='word_1_532' title='bbox 2054 3025 2303 3079; x_wconf 82' lang='lat' dir='ltr'><strong>Christus</strong></span> <span class='ocrx_word' id='word_1_533' title='bbox 2351 3021 2746 3093; x_wconf 83' lang='lat' dir='ltr'><strong>primogenitns</strong></span> <span class='ocrx_word' id='word_1_534' title='bbox 2799 3020 3101 3090; x_wconf 86' lang='lat' dir='ltr'><strong>appellatus</strong></span> <span class='ocrx_word' id='word_1_535' title='bbox 3151 3018 3302 3074; x_wconf 81' lang='lat' dir='ltr'><strong>est“</strong></span> <span class='ocrx_word' id='word_1_536' title='bbox 3350 3036 3364 3072; x_wconf 87' lang='lat'>:</span> <span class='ocrx_word' id='word_1_537' title='bbox 3416 3017 3459 3071; x_wconf 93' lang='lat' dir='ltr'><strong>si</strong></span> <span class='ocrx_word' id='word_1_538' title='bbox 3505 3031 3636 3070; x_wconf 89' lang='lat' dir='ltr'><strong>vero</strong></span> 
     </span>
    </p>
   </div>
   <div class='ocr_carea' id='block_1_74' title="bbox 2055 3110 3635 3182">
    <p class='ocr_par' dir='ltr' id='par_1_74' title="bbox 2055 3110 3635 3182">
     <span class='ocr_line' id='line_1_74' title="bbox 2055 3110 3635 3182; baseline -0.004 -17"><span class='ocrx_word' id='word_1_539' title='bbox 2055 3123 2178 3182; x_wconf 85' lang='lat' dir='ltr'><strong>post</strong></span> <span class='ocrx_word' id='word_1_540' title='bbox 2220 3112 2420 3167; x_wconf 82' lang='lat' dir='ltr'><strong>ChriSIi</strong></span> <span class='ocrx_word' id='word_1_541' title='bbox 2475 3111 2968 3175; x_wconf 86' lang='lat' dir='ltr'><strong>resurrectionem,</strong></span> <span class='ocrx_word' id='word_1_542' title='bbox 3022 3110 3163 3176; x_wconf 89' lang='lat' dir='ltr'><strong>quod</strong></span> <span class='ocrx_word' id='word_1_543' title='bbox 3215 3117 3299 3162; x_wconf 91' lang='lat' dir='ltr'><strong>est</strong></span> <span class='ocrx_word' id='word_1_544' title='bbox 3340 3115 3635 3161; x_wconf 85' lang='lat' dir='ltr'><strong>consenta-</strong></span> 
     </span>
    </p>
   </div>
   <div class='ocr_carea' id='block_1_75' title="bbox 2055 3201 3632 3276">
    <p class='ocr_par' dir='ltr' id='par_1_75' title="bbox 2055 3201 3632 3276">
     <span class='ocr_line' id='line_1_75' title="bbox 2055 3201 3632 3276; baseline -0.006 -14"><span class='ocrx_word' id='word_1_545' title='bbox 2055 3223 2214 3261; x_wconf 86' lang='lat' dir='ltr'><strong>neum</strong></span> <span class='ocrx_word' id='word_1_546' title='bbox 2256 3206 2457 3274; x_wconf 81' lang='lat' dir='ltr'><strong>magis,</strong></span> <span class='ocrx_word' id='word_1_547' title='bbox 2490 3220 2584 3274; x_wconf 87' lang='lat' dir='ltr'><strong>per</strong></span> <span class='ocrx_word' id='word_1_548' title='bbox 2618 3203 2950 3276; x_wconf 84' lang='lat' dir='ltr'><strong>hyperbaton</strong></span> <span class='ocrx_word' id='word_1_549' title='bbox 2983 3202 3144 3256; x_wconf 82' lang='lat' dir='ltr'><strong>verba</strong></span> <span class='ocrx_word' id='word_1_550' title='bbox 3195 3201 3416 3271; x_wconf 81' lang='lat' dir='ltr'><strong>legenda</strong></span> <span class='ocrx_word' id='word_1_551' title='bbox 3457 3208 3577 3253; x_wconf 90' lang='lat' dir='ltr'><strong>sunt</strong></span> <span class='ocrx_word' id='word_1_552' title='bbox 3616 3213 3632 3252; x_wconf 88' lang='lat'><strong>:</strong></span> 
     </span>
    </p>
   </div>
   <div class='ocr_carea' id='block_1_76' title="bbox 2061 3292 3624 3365">
    <p class='ocr_par' dir='ltr' id='par_1_76' title="bbox 2061 3292 3624 3365">
     <span class='ocr_line' id='line_1_76' title="bbox 2061 3292 3624 3365; baseline -0.006 -14"><span class='ocrx_word' id='word_1_553' title='bbox 2061 3317 2080 3351; x_wconf 76' lang='grc' dir='ltr'><strong>ι</strong></span> <span class='ocrx_word' id='word_1_554' title='bbox 2134 3299 2198 3353; x_wconf 88' lang='lat' dir='ltr'><strong>Et</strong></span> <span class='ocrx_word' id='word_1_555' title='bbox 2247 3297 2413 3351; x_wconf 87' lang='lat' dir='ltr'><strong>nmlta</strong></span> <span class='ocrx_word' id='word_1_556' title='bbox 2464 3311 2690 3365; x_wconf 89' lang='lat' dir='ltr'><strong>corpora</strong></span> <span class='ocrx_word' id='word_1_557' title='bbox 2758 3304 3064 3349; x_wconf 89' lang='lat' dir='ltr'><strong>sanctorum</strong></span> <span class='ocrx_word' id='word_1_558' title='bbox 3121 3309 3241 3363; x_wconf 66' lang='lat' dir='ltr'><strong>quae</strong></span> <span class='ocrx_word' id='word_1_559' title='bbox 3289 3292 3624 3345; x_wconf 84' lang='lat' dir='ltr'><strong>dormierant</strong></span> 
     </span>
    </p>
   </div>
   <div class='ocr_carea' id='block_1_77' title="bbox 2055 3380 3639 3456">
    <p class='ocr_par' dir='ltr' id='par_1_77' title="bbox 2055 3380 3639 3456">
     <span class='ocr_line' id='line_1_77' title="bbox 2055 3380 3639 3456; baseline -0.004 -15"><span class='ocrx_word' id='word_1_560' title='bbox 2055 3397 2416 3442; x_wconf 83' lang='lat' dir='ltr'><strong>surrexerunt</strong></span> <span class='ocrx_word' id='word_1_561' title='bbox 2456 3405 2475 3438; x_wconf 77' lang='grc' dir='ltr'><strong>ι</strong></span> <span class='ocrx_word' id='word_1_562' title='bbox 2514 3395 2634 3456; x_wconf 87' lang='lat' dir='ltr'><strong>post</strong></span> <span class='ocrx_word' id='word_1_563' title='bbox 2662 3385 3117 3439; x_wconf 88' lang='lat' dir='ltr'><strong>resurrectionem</strong></span> <span class='ocrx_word' id='word_1_564' title='bbox 3169 3382 3320 3451; x_wconf 82' lang='lat' dir='ltr'><strong>ejus;</strong></span> <span class='ocrx_word' id='word_1_565' title='bbox 3353 3397 3416 3436; x_wconf 90' lang='lat' dir='ltr'><strong>ac</strong></span> <span class='ocrx_word' id='word_1_566' title='bbox 3444 3380 3639 3435; x_wconf 87' lang='lat' dir='ltr'><strong>deinde</strong></span> 
     </span>
    </p>
   </div>
   <div class='ocr_carea' id='block_1_78' title="bbox 2055 3475 3636 3536">
    <p class='ocr_par' dir='ltr' id='par_1_78' title="bbox 2055 3475 3636 3536">
     <span class='ocr_line' id='line_1_78' title="bbox 2055 3475 3636 3536; baseline -0.006 -1"><span class='ocrx_word' id='word_1_567' title='bbox 2055 3484 2126 3536; x_wconf 89' lang='lat' dir='ltr'><strong>ita</strong></span> <span class='ocrx_word' id='word_1_568' title='bbox 2158 3479 2461 3533; x_wconf 86' lang='lat' dir='ltr'><strong>addendum</strong></span> <span class='ocrx_word' id='word_1_569' title='bbox 2495 3495 2508 3529; x_wconf 91' lang='lat'>:</span> <span class='ocrx_word' id='word_1_570' title='bbox 2543 3496 2560 3530; x_wconf 82' lang='grc' dir='ltr'><strong>ι</strong></span> <span class='ocrx_word' id='word_1_571' title='bbox 2596 3479 2659 3530; x_wconf 83' lang='grc' dir='ltr'>Ει</span> <span class='ocrx_word' id='word_1_572' title='bbox 2685 3487 2951 3531; x_wconf 82' lang='lat' dir='ltr'><strong>exeuntes</strong></span> <span class='ocrx_word' id='word_1_573' title='bbox 2981 3491 3045 3530; x_wconf 83' lang='lat' dir='ltr'><strong>ex</strong></span> <span class='ocrx_word' id='word_1_574' title='bbox 3080 3475 3446 3530; x_wconf 84' lang='lat' dir='ltr'><strong>momtmentis</strong></span> <span class='ocrx_word' id='word_1_575' title='bbox 3475 3488 3636 3526; x_wconf 82' lang='lat' dir='ltr'><strong>vene-</strong></span> 
     </span>
    </p>
   </div>
   <div class='ocr_carea' id='block_1_79' title="bbox 2056 3565 3631 3638">
    <p class='ocr_par' dir='ltr' id='par_1_79' title="bbox 2056 3565 3631 3638">
     <span class='ocr_line' id='line_1_79' title="bbox 2056 3565 3631 3638; baseline -0.008 -12"><span class='ocrx_word' id='word_1_576' title='bbox 2056 3579 2184 3626; x_wconf 91' lang='lat' dir='ltr'><strong>runt</strong></span> <span class='ocrx_word' id='word_1_577' title='bbox 2213 3571 2264 3624; x_wconf 94' lang='lat' dir='ltr'><strong>in</strong></span> <span class='ocrx_word' id='word_1_578' title='bbox 2299 3579 2540 3623; x_wconf 87' lang='lat' dir='ltr'><strong>sanctam</strong></span> <span class='ocrx_word' id='word_1_579' title='bbox 2571 3570 2870 3632; x_wconf 86' lang='lat' dir='ltr'><strong>civitatem,</strong></span> <span class='ocrx_word' id='word_1_580' title='bbox 2894 3577 2948 3622; x_wconf 88' lang='lat' dir='ltr'><strong>et</strong></span> <span class='ocrx_word' id='word_1_581' title='bbox 2978 3577 3347 3638; x_wconf 89' lang='lat' dir='ltr'><strong>apparuerunt</strong></span> <span class='ocrx_word' id='word_1_582' title='bbox 3380 3565 3580 3618; x_wconf 87' lang='lat' dir='ltr'><strong>multis.</strong></span> <span class='ocrx_word' id='word_1_583' title='bbox 3611 3581 3631 3614; x_wconf 73' lang='grc' dir='ltr'><strong>ι</strong></span> 
     </span>
    </p>
   </div>
   <div class='ocr_carea' id='block_1_80' title="bbox 2057 3659 3640 3734">
    <p class='ocr_par' dir='ltr' id='par_1_80' title="bbox 2057 3659 3640 3734">
     <span class='ocr_line' id='line_1_80' title="bbox 2057 3659 3640 3734; baseline -0.007 -13"><span class='ocrx_word' id='word_1_584' title='bbox 2057 3664 2282 3734; x_wconf 89' lang='lat' dir='ltr'><strong>Sepulto</strong></span> <span class='ocrx_word' id='word_1_585' title='bbox 2314 3663 2458 3717; x_wconf 90' lang='lat' dir='ltr'><strong>enim</strong></span> <span class='ocrx_word' id='word_1_586' title='bbox 2488 3663 2539 3715; x_wconf 93' lang='lat' dir='ltr'><strong>in</strong></span> <span class='ocrx_word' id='word_1_587' title='bbox 2573 3671 2717 3716; x_wconf 85' lang='lat' dir='ltr'><strong>terra</strong></span> <span class='ocrx_word' id='word_1_588' title='bbox 2745 3661 3051 3715; x_wconf 85' lang='lat' dir='ltr'><strong>viviﬁcante</strong></span> <span class='ocrx_word' id='word_1_589' title='bbox 3078 3659 3276 3715; x_wconf 83' lang='lat' dir='ltr'><strong>Christi</strong></span> <span class='ocrx_word' id='word_1_590' title='bbox 3310 3673 3563 3726; x_wconf 82' lang='lat' dir='ltr'><strong>corpore,</strong></span> <span class='ocrx_word' id='word_1_591' title='bbox 3584 3663 3640 3710; x_wconf 90' lang='lat' dir='ltr'><strong>et</strong></span> 
     </span>
    </p>
   </div>
   <div class='ocr_carea' id='block_1_81' title="bbox 2054 3750 3639 3819">
    <p class='ocr_par' dir='ltr' id='par_1_81' title="bbox 2054 3750 3639 3819">
     <span class='ocr_line' id='line_1_81' title="bbox 2054 3750 3639 3819; baseline -0.006 -10"><span class='ocrx_word' id='word_1_592' title='bbox 2054 3757 2120 3809; x_wconf 82' lang='lat' dir='ltr'><strong>ad</strong></span> <span class='ocrx_word' id='word_1_593' title='bbox 2166 3753 2368 3808; x_wconf 80' lang='lat' dir='ltr'><strong>inferos</strong></span> <span class='ocrx_word' id='word_1_594' title='bbox 2398 3753 2580 3807; x_wconf 89' lang='lat' dir='ltr'><strong>divina</strong></span> <span class='ocrx_word' id='word_1_595' title='bbox 2617 3750 2735 3819; x_wconf 82' lang='lat' dir='ltr'><strong>ejus</strong></span> <span class='ocrx_word' id='word_1_596' title='bbox 2771 3751 2954 3805; x_wconf 88' lang='lat' dir='ltr'><strong>anima</strong></span> <span class='ocrx_word' id='word_1_597' title='bbox 2987 3751 3381 3812; x_wconf 80' lang='lat' dir='ltr'><strong>descendente,</strong></span> <span class='ocrx_word' id='word_1_598' title='bbox 3418 3757 3639 3803; x_wconf 85' lang='lat' dir='ltr'><strong>sancto-</strong></span> 
     </span>
    </p>
   </div>
   <div class='ocr_carea' id='block_1_82' title="bbox 2053 3841 3634 3916">
    <p class='ocr_par' dir='ltr' id='par_1_82' title="bbox 2053 3841 3634 3916">
     <span class='ocr_line' id='line_1_82' title="bbox 2053 3841 3634 3916; baseline -0.009 -12"><span class='ocrx_word' id='word_1_599' title='bbox 2053 3864 2172 3904; x_wconf 86' lang='lat' dir='ltr'><strong>rum</strong></span> <span class='ocrx_word' id='word_1_600' title='bbox 2231 3847 2447 3916; x_wconf 88' lang='lat' dir='ltr'><strong>quidem</strong></span> <span class='ocrx_word' id='word_1_601' title='bbox 2505 3859 2733 3914; x_wconf 86' lang='lat' dir='ltr'><strong>corpora</strong></span> <span class='ocrx_word' id='word_1_602' title='bbox 2784 3844 3001 3898; x_wconf 85' lang='lat' dir='ltr'><strong>vitalem</strong></span> <span class='ocrx_word' id='word_1_603' title='bbox 3059 3857 3284 3897; x_wconf 84' lang='lat' dir='ltr'><strong>sensere</strong></span> <span class='ocrx_word' id='word_1_604' title='bbox 3336 3841 3634 3903; x_wconf 87' lang='lat' dir='ltr'><strong>virtutem,</strong></span> 
     </span>
    </p>
   </div>
   <div class='ocr_carea' id='block_1_83' title="bbox 2054 3929 3638 4002">
    <p class='ocr_par' dir='ltr' id='par_1_83' title="bbox 2054 3929 3638 4002">
     <span class='ocr_line' id='line_1_83' title="bbox 2054 3929 3638 4002; baseline -0.008 -7"><span class='ocrx_word' id='word_1_605' title='bbox 2054 3943 2250 3995; x_wconf 74' lang='lat' dir='ltr'><strong>anima:</strong></span> <span class='ocrx_word' id='word_1_606' title='bbox 2281 3952 2411 3993; x_wconf 90' lang='lat' dir='ltr'><strong>vero</strong></span> <span class='ocrx_word' id='word_1_607' title='bbox 2446 3937 2687 3991; x_wconf 71' lang='lat' dir='ltr'><strong>liberata:</strong></span> <span class='ocrx_word' id='word_1_608' title='bbox 2722 3951 2786 3990; x_wconf 88' lang='lat' dir='ltr'><strong>ac</strong></span> <span class='ocrx_word' id='word_1_609' title='bbox 2821 3934 3005 3990; x_wconf 68' lang='lat' dir='ltr'><strong>ninltaa</strong></span> <span class='ocrx_word' id='word_1_610' title='bbox 3043 3932 3276 4002; x_wconf 86' lang='lat' dir='ltr'><strong>propriis</strong></span> <span class='ocrx_word' id='word_1_611' title='bbox 3318 3929 3638 3998; x_wconf 80' lang='lat' dir='ltr'><strong>corpOribus</strong></span> 
     </span>
    </p>
   </div>
   <div class='ocr_carea' id='block_1_84' title="bbox 2055 4021 3638 4097">
    <p class='ocr_par' dir='ltr' id='par_1_84' title="bbox 2055 4021 3638 4097">
     <span class='ocr_line' id='line_1_84' title="bbox 2055 4021 3638 4097; baseline -0.009 -9"><span class='ocrx_word' id='word_1_612' title='bbox 2055 4035 2248 4088; x_wconf 87' lang='lat' dir='ltr'><strong>iterum</strong></span> <span class='ocrx_word' id='word_1_613' title='bbox 2281 4029 2577 4097; x_wconf 80' lang='lat' dir='ltr'><strong>c0njunct:e</strong></span> <span class='ocrx_word' id='word_1_614' title='bbox 2604 4038 2750 4082; x_wconf 90' lang='lat' dir='ltr'><strong>sunt.</strong></span> <span class='ocrx_word' id='word_1_615' title='bbox 2770 4027 2988 4082; x_wconf 90' lang='lat' dir='ltr'><strong>Tradita</strong></span> <span class='ocrx_word' id='word_1_616' title='bbox 3017 4041 3142 4080; x_wconf 91' lang='lat' dir='ltr'><strong>vero</strong></span> <span class='ocrx_word' id='word_1_617' title='bbox 3168 4041 3275 4079; x_wconf 89' lang='lat' dir='ltr'><strong>non</strong></span> <span class='ocrx_word' id='word_1_618' title='bbox 3301 4021 3638 4078; x_wconf 83' lang='lat' dir='ltr'><strong>incredibilis</strong></span> 
     </span>
    </p>
   </div>
   <div class='ocr_carea' id='block_1_85' title="bbox 2055 4117 3639 4190">
    <p class='ocr_par' dir='ltr' id='par_1_85' title="bbox 2055 4117 3639 4190">
     <span class='ocr_line' id='line_1_85' title="bbox 2055 4117 3639 4190; baseline -0.008 -11"><span class='ocrx_word' id='word_1_619' title='bbox 2055 4129 2122 4179; x_wconf 89' lang='lat' dir='ltr'><strong>ad</strong></span> <span class='ocrx_word' id='word_1_620' title='bbox 2161 4138 2259 4178; x_wconf 88' lang='lat' dir='ltr'><strong>nos</strong></span> <span class='ocrx_word' id='word_1_621' title='bbox 2299 4138 2327 4175; x_wconf 92' lang='lat' dir='ltr'><strong>a</strong></span> <span class='ocrx_word' id='word_1_622' title='bbox 2364 4120 2658 4188; x_wconf 87' lang='lat' dir='ltr'><strong>majoribus</strong></span> <span class='ocrx_word' id='word_1_623' title='bbox 2699 4117 2946 4190; x_wconf 86' lang='lat' dir='ltr'><strong>pervenit</strong></span> <span class='ocrx_word' id='word_1_624' title='bbox 2977 4118 3184 4188; x_wconf 82' lang='lat' dir='ltr'><strong>opinio,</strong></span> <span class='ocrx_word' id='word_1_625' title='bbox 3214 4119 3356 4186; x_wconf 88' lang='lat' dir='ltr'><strong>quod</strong></span> <span class='ocrx_word' id='word_1_626' title='bbox 3394 4131 3457 4168; x_wconf 93' lang='lat' dir='ltr'><strong>eo</strong></span> <span class='ocrx_word' id='word_1_627' title='bbox 3497 4125 3639 4169; x_wconf 80' lang='lat' dir='ltr'><strong>tem-</strong></span> 
     </span>
    </p>
   </div>
   <div class='ocr_carea' id='block_1_86' title="bbox 2057 4209 3641 4290">
    <p class='ocr_par' dir='ltr' id='par_1_86' title="bbox 2057 4209 3641 4290">
     <span class='ocr_line' id='line_1_86' title="bbox 2057 4209 3641 4290; baseline -0.007 -17"><span class='ocrx_word' id='word_1_628' title='bbox 2057 4231 2187 4290; x_wconf 89' lang='lat' dir='ltr'><strong>pore</strong></span> <span class='ocrx_word' id='word_1_629' title='bbox 2239 4215 2681 4287; x_wconf 87' lang='lat' dir='ltr'><strong>patientissimus</strong></span> <span class='ocrx_word' id='word_1_630' title='bbox 2724 4211 2824 4268; x_wconf 87' lang='lat' dir='ltr'><strong>Job</strong></span> <span class='ocrx_word' id='word_1_631' title='bbox 2871 4213 3254 4267; x_wconf 85' lang='lat' dir='ltr'><strong>resurrexerit.</strong></span> <span class='ocrx_word' id='word_1_632' title='bbox 3287 4209 3458 4277; x_wconf 84' lang='lat' dir='ltr'><strong>Quam</strong></span> <span class='ocrx_word' id='word_1_633' title='bbox 3507 4223 3641 4262; x_wconf 83' lang='lat' dir='ltr'><strong>sane</strong></span> 
     </span>
    </p>
   </div>
   <div class='ocr_carea' id='block_1_87' title="bbox 2059 4303 3639 4371">
    <p class='ocr_par' dir='ltr' id='par_1_87' title="bbox 2059 4303 3639 4371">
     <span class='ocr_line' id='line_1_87' title="bbox 2059 4303 3639 4371; baseline -0.009 -4"><span class='ocrx_word' id='word_1_634' title='bbox 2059 4314 2256 4367; x_wconf 73' lang='lat' dir='ltr'><strong>famam</strong></span> <span class='ocrx_word' id='word_1_635' title='bbox 2303 4309 2590 4364; x_wconf 86' lang='lat' dir='ltr'><strong>clariorem</strong></span> <span class='ocrx_word' id='word_1_636' title='bbox 2640 4307 2819 4361; x_wconf 85' lang='lat' dir='ltr'><strong>reddit</strong></span> <span class='ocrx_word' id='word_1_637' title='bbox 2860 4320 3016 4361; x_wconf 87' lang='lat' dir='ltr'><strong>sacer</strong></span> <span class='ocrx_word' id='word_1_638' title='bbox 3059 4306 3203 4359; x_wconf 93' lang='lat' dir='ltr'><strong>illius</strong></span> <span class='ocrx_word' id='word_1_639' title='bbox 3248 4303 3405 4371; x_wconf 87' lang='lat' dir='ltr'><strong>liber,</strong></span> <span class='ocrx_word' id='word_1_640' title='bbox 3439 4303 3491 4356; x_wconf 87' lang='lat' dir='ltr'><strong>in</strong></span> <span class='ocrx_word' id='word_1_641' title='bbox 3532 4317 3639 4366; x_wconf 83' lang='lat' dir='ltr'><strong>quo</strong></span> 
     </span>
    </p>
   </div>
   <div class='ocr_carea' id='block_1_88' title="bbox 2055 4384 3636 4475">
    <p class='ocr_par' dir='ltr' id='par_1_88' title="bbox 2055 4384 3636 4475">
     <span class='ocr_line' id='line_1_88' title="bbox 2055 4384 3636 4475; baseline -0.006 -20"><span class='ocrx_word' id='word_1_642' title='bbox 2055 4416 2222 4475; x_wconf 84' lang='lat' dir='ltr'><strong>prope</strong></span> <span class='ocrx_word' id='word_1_643' title='bbox 2247 4410 2496 4456; x_wconf 84' lang='lat' dir='ltr'><strong>extremo</strong></span> <span class='ocrx_word' id='word_1_644' title='bbox 2527 4399 2604 4452; x_wconf 91' lang='lat' dir='ltr'><strong>sic</strong></span> <span class='ocrx_word' id='word_1_645' title='bbox 2633 4399 2869 4453; x_wconf 89' lang='lat' dir='ltr'><strong>dicitur:</strong></span> <span class='ocrx_word' id='word_1_646' title='bbox 2906 4397 3166 4465; x_wconf 90' lang='lat' dir='ltr'><strong>scriptum</strong></span> <span class='ocrx_word' id='word_1_647' title='bbox 3196 4407 3277 4450; x_wconf 87' lang='lat' dir='ltr'><strong>est</strong></span> <span class='ocrx_word' id='word_1_648' title='bbox 3306 4404 3487 4448; x_wconf 88' lang='lat' dir='ltr'><strong>autem</strong></span> <span class='ocrx_word' id='word_1_649' title='bbox 3523 4384 3636 4462; x_wconf 80' lang='grc'>(68)</span> 
     </span>
    </p>
   </div>
   <div class='ocr_carea' id='block_1_89' title="bbox 2061 4483 3640 4566">
    <p class='ocr_par' dir='ltr' id='par_1_89' title="bbox 2061 4483 3640 4566">
     <span class='ocr_line' id='line_1_89' title="bbox 2061 4483 3640 4566; baseline -0.01 -16"><span class='ocrx_word' id='word_1_650' title='bbox 2061 4497 2232 4566; x_wconf 83' lang='lat' dir='ltr'><strong>ipsum</strong></span> <span class='ocrx_word' id='word_1_651' title='bbox 2262 4493 2626 4548; x_wconf 79' lang='lat' dir='ltr'><strong>reSurrexisse</strong></span> <span class='ocrx_word' id='word_1_652' title='bbox 2669 4504 2792 4545; x_wconf 90' lang='lat' dir='ltr'><strong>cum</strong></span> <span class='ocrx_word' id='word_1_653' title='bbox 2823 4488 2891 4543; x_wconf 91' lang='lat' dir='ltr'><strong>iis</strong></span> <span class='ocrx_word' id='word_1_654' title='bbox 2917 4502 3054 4556; x_wconf 88' lang='lat' dir='ltr'><strong>quos</strong></span> <span class='ocrx_word' id='word_1_655' title='bbox 3081 4487 3339 4541; x_wconf 86' lang='lat' dir='ltr'><strong>Dominus</strong></span> <span class='ocrx_word' id='word_1_656' title='bbox 3364 4483 3640 4538; x_wconf 85' lang='lat' dir='ltr'><strong>revocavit</strong></span> 
     </span>
    </p>
   </div>
   <div class='ocr_carea' id='block_1_90' title="bbox 365 4576 1949 4658">
    <p class='ocr_par' dir='ltr' id='par_1_90' title="bbox 365 4582 1949 4658">
     <span class='ocr_line' id='line_1_90' title="bbox 365 4582 1949 4658; baseline 0.006 -27"><span class='ocrx_word' id='word_1_657' title='bbox 365 4597 536 4650; x_wconf 77' lang='grc' dir='ltr'>ριμος</span> <span class='ocrx_word' id='word_1_658' title='bbox 591 4583 878 4655; x_wconf 84' lang='grc' dir='ltr'>γέγονενή</span> <span class='ocrx_word' id='word_1_659' title='bbox 917 4584 1010 4638; x_wconf 87' lang='grc' dir='ltr'><strong>τοῦ</strong></span> <span class='ocrx_word' id='word_1_660' title='bbox 1071 4582 1198 4656; x_wconf 79' lang='grc' dir='ltr'>ᾅδου</span> <span class='ocrx_word' id='word_1_661' title='bbox 1251 4585 1572 4652; x_wconf 85' lang='grc' dir='ltr'>κατάλυσις,</span> <span class='ocrx_word' id='word_1_662' title='bbox 1630 4588 1726 4641; x_wconf 74' lang='grc' dir='ltr'>καὶ</span> <span class='ocrx_word' id='word_1_663' title='bbox 1779 4589 1812 4658; x_wconf 76' lang='grc' dir='ltr'><strong>ἡ</strong></span> <span class='ocrx_word' id='word_1_664' title='bbox 1859 4588 1949 4641; x_wconf 86' lang='grc' dir='ltr'><strong>τοῦ</strong></span> 
     </span>
    </p>
   </div>
   <div class='ocr_carea' id='block_1_91' title="bbox 2054 4576 3638 4658">
    <p class='ocr_par' dir='ltr' id='par_1_91' title="bbox 2062 4576 3638 4653">
     <span class='ocr_line' id='line_1_91' title="bbox 2062 4576 3638 4653; baseline -0.01 -11"><span class='ocrx_word' id='word_1_665' title='bbox 2062 4589 2128 4642; x_wconf 85' lang='lat' dir='ltr'><strong>ad</strong></span> <span class='ocrx_word' id='word_1_666' title='bbox 2192 4587 2383 4648; x_wconf 83' lang='lat' dir='ltr'><strong>vitam,</strong></span> <span class='ocrx_word' id='word_1_667' title='bbox 2411 4584 2552 4653; x_wconf 86' lang='lat' dir='ltr'><strong>quod</strong></span> <span class='ocrx_word' id='word_1_668' title='bbox 2589 4597 2721 4637; x_wconf 88' lang='lat' dir='ltr'><strong>sane</strong></span> <span class='ocrx_word' id='word_1_669' title='bbox 2756 4582 2810 4635; x_wconf 88' lang='lat' dir='ltr'><strong>in</strong></span> <span class='ocrx_word' id='word_1_670' title='bbox 2849 4580 3046 4634; x_wconf 86' lang='lat' dir='ltr'><strong>Christi</strong></span> <span class='ocrx_word' id='word_1_671' title='bbox 3083 4576 3478 4632; x_wconf 87' lang='lat' dir='ltr'><strong>resurrectione</strong></span> <span class='ocrx_word' id='word_1_672' title='bbox 3513 4589 3638 4644; x_wconf 88' lang='lat' dir='ltr'><strong>per-</strong></span> 
     </span>
    </p>
   </div>
   <div class='ocr_carea' id='block_1_92' title="bbox 442 4723 1378 4796">
    <p class='ocr_par' dir='ltr' id='par_1_92' title="bbox 442 4723 1378 4796">
     <span class='ocr_line' id='line_1_92' title="bbox 442 4723 1378 4796; baseline 0.005 -19"><span class='ocrx_word' id='word_1_673' title='bbox 442 4726 487 4757; x_wconf 74' lang='lat'><strong>&quot;</strong></span> <span class='ocrx_word' id='word_1_674' title='bbox 506 4723 640 4796; x_wconf 70' lang='lat' dir='ltr'><strong>A33.</strong></span> <span class='ocrx_word' id='word_1_675' title='bbox 671 4741 730 4791; x_wconf 90' lang='lat' dir='ltr'><strong>ll,</strong></span> <span class='ocrx_word' id='word_1_676' title='bbox 754 4725 808 4782; x_wconf 89' lang='lat'><strong>7.</strong></span> <span class='ocrx_word' id='word_1_677' title='bbox 914 4727 956 4759; x_wconf 82' lang='lat'>“</span> <span class='ocrx_word' id='word_1_678' title='bbox 984 4725 1186 4783; x_wconf 85' lang='lat' dir='ltr'><strong>llabac.</strong></span> <span class='ocrx_word' id='word_1_679' title='bbox 1214 4741 1274 4783; x_wconf 89' lang='grc' dir='ltr'><strong>ιιι</strong></span> <span class='ocrx_word' id='word_1_680' title='bbox 1323 4727 1378 4783; x_wconf 90' lang='lat'><strong>6.</strong></span> 
     </span>
    </p>
   </div>
   <div class='ocr_carea' id='block_1_93' title="bbox 1457 4725 2378 4799">
    <p class='ocr_par' dir='ltr' id='par_1_93' title="bbox 1457 4725 2378 4799">
     <span class='ocr_line' id='line_1_93' title="bbox 1457 4725 2378 4799; baseline -0.001 -17"><span class='ocrx_word' id='word_1_681' title='bbox 1457 4727 1500 4760; x_wconf 80' lang='lat'>“</span> <span class='ocrx_word' id='word_1_682' title='bbox 1524 4727 1686 4783; x_wconf 82' lang='lat' dir='ltr'><strong>Rom.</strong></span> <span class='ocrx_word' id='word_1_683' title='bbox 1707 4744 1829 4795; x_wconf 84' lang='lat' dir='ltr'><strong>vut,</strong></span> <span class='ocrx_word' id='word_1_684' title='bbox 1850 4730 1953 4799; x_wconf 46' lang='lat'><strong>29.;</strong></span> <span class='ocrx_word' id='word_1_685' title='bbox 1985 4728 2198 4784; x_wconf 83' lang='lat' dir='ltr'><strong>Goloss.</strong></span> <span class='ocrx_word' id='word_1_686' title='bbox 2223 4743 2264 4790; x_wconf 89' lang='grc' dir='ltr'><strong>ι,</strong></span> <span class='ocrx_word' id='word_1_687' title='bbox 2289 4725 2378 4781; x_wconf 76' lang='grc'><strong>15.</strong></span> 
     </span>
    </p>
   </div>
   <div class='ocr_carea' id='block_1_94' title="bbox 1608 4865 2402 4930">
    <p class='ocr_par' dir='ltr' id='par_1_94' title="bbox 1608 4865 2402 4930">
     <span class='ocr_line' id='line_1_94' title="bbox 1608 4865 2402 4930; baseline -0.005 -2"><span class='ocrx_word' id='word_1_688' title='bbox 1608 4867 1936 4930; x_wconf 84' lang='lat' dir='ltr'><strong>Francisci</strong></span> <span class='ocrx_word' id='word_1_689' title='bbox 1970 4865 2180 4929; x_wconf 86' lang='lat' dir='ltr'><strong>Scorsi</strong></span> <span class='ocrx_word' id='word_1_690' title='bbox 2214 4870 2402 4926; x_wconf 63' lang='lat' dir='ltr'><strong>notae.</strong></span> 
     </span>
    </p>
   </div>
   <div class='ocr_carea' id='block_1_95' title="bbox 441 5003 1945 5079">
    <p class='ocr_par' dir='ltr' id='par_1_95' title="bbox 441 5003 1945 5079">
     <span class='ocr_line' id='line_1_95' title="bbox 441 5003 1945 5079; baseline -0.003 -17"><span class='ocrx_word' id='word_1_691' title='bbox 441 5007 555 5079; x_wconf 84' lang='lat'><strong>(6&#39;1)</strong></span> <span class='ocrx_word' id='word_1_692' title='bbox 597 5005 818 5079; x_wconf 79' lang='lat' dir='ltr'><strong>Contriti</strong></span> <span class='ocrx_word' id='word_1_693' title='bbox 858 5015 1022 5079; x_wconf 46' lang='lat' dir='ltr'><strong>sunt;</strong></span> <span class='ocrx_word' id='word_1_694' title='bbox 1042 5005 1120 5057; x_wconf 84' lang='lat' dir='ltr'><strong>Ad</strong></span> <span class='ocrx_word' id='word_1_695' title='bbox 1167 5005 1488 5079; x_wconf 56' lang='lat' dir='ltr'><strong>esplendum</strong></span> <span class='ocrx_word' id='word_1_696' title='bbox 1537 5003 1739 5079; x_wconf 81' lang='lat' dir='ltr'><strong>Habaci</strong></span> <span class='ocrx_word' id='word_1_697' title='bbox 1791 5004 1945 5059; x_wconf 84' lang='lat' dir='ltr'><strong>testi-</strong></span> 
     </span>
    </p>
   </div>
   <div class='ocr_carea' id='block_1_96' title="bbox 363 5073 1947 5143">
    <p class='ocr_par' dir='ltr' id='par_1_96' title="bbox 363 5073 1947 5143">
     <span class='ocr_line' id='line_1_96' title="bbox 363 5073 1947 5143; baseline -0.003 -11"><span class='ocrx_word' id='word_1_698' title='bbox 363 5073 635 5139; x_wconf 82' lang='lat' dir='ltr'><strong>monium,</strong></span> <span class='ocrx_word' id='word_1_699' title='bbox 671 5078 868 5130; x_wconf 85' lang='lat' dir='ltr'><strong>desunt</strong></span> <span class='ocrx_word' id='word_1_700' title='bbox 905 5075 958 5128; x_wconf 87' lang='lat' dir='ltr'><strong>in</strong></span> <span class='ocrx_word' id='word_1_701' title='bbox 991 5074 1126 5129; x_wconf 82' lang='lat' dir='ltr'><strong>Pan.</strong></span> <span class='ocrx_word' id='word_1_702' title='bbox 1165 5073 1249 5128; x_wconf 13' lang='lat' dir='ltr'><strong>Et,</strong></span> <span class='ocrx_word' id='word_1_703' title='bbox 1279 5075 1562 5128; x_wconf 68' lang='lat' dir='ltr'><strong>tribuerunt</strong></span> <span class='ocrx_word' id='word_1_704' title='bbox 1601 5075 1780 5139; x_wconf 79' lang='lat' dir='ltr'><strong>colles,</strong></span> <span class='ocrx_word' id='word_1_705' title='bbox 1826 5089 1947 5143; x_wconf 70' lang='lat' dir='ltr'><strong>quae</strong></span> 
     </span>
    </p>
   </div>
   <div class='ocr_carea' id='block_1_97' title="bbox 364 5143 1946 5214">
    <p class='ocr_par' dir='ltr' id='par_1_97' title="bbox 364 5143 1946 5214">
     <span class='ocr_line' id='line_1_97' title="bbox 364 5143 1946 5214; baseline -0.005 -10"><span class='ocrx_word' id='word_1_706' title='bbox 364 5147 554 5204; x_wconf 83' lang='lat' dir='ltr'><strong>addidi</strong></span> <span class='ocrx_word' id='word_1_707' title='bbox 584 5163 647 5200; x_wconf 78' lang='lat' dir='ltr'><strong>ex</strong></span> <span class='ocrx_word' id='word_1_708' title='bbox 685 5145 880 5202; x_wconf 88' lang='lat' dir='ltr'><strong>Gallic.</strong></span> <span class='ocrx_word' id='word_1_709' title='bbox 917 5155 973 5197; x_wconf 91' lang='lat' dir='ltr'><strong>ut</strong></span> <span class='ocrx_word' id='word_1_710' title='bbox 1021 5155 1073 5198; x_wconf 90' lang='lat' dir='ltr'><strong>et</strong></span> <span class='ocrx_word' id='word_1_711' title='bbox 1124 5145 1365 5214; x_wconf 89' lang='lat' dir='ltr'><strong>pluscula</strong></span> <span class='ocrx_word' id='word_1_712' title='bbox 1406 5145 1508 5199; x_wconf 90' lang='lat' dir='ltr'><strong>alia</strong></span> <span class='ocrx_word' id='word_1_713' title='bbox 1555 5143 1855 5214; x_wconf 70' lang='lat' dir='ltr'><strong>fragmenta</strong></span> <span class='ocrx_word' id='word_1_714' title='bbox 1893 5145 1946 5196; x_wconf 91' lang='lat' dir='ltr'><strong>in</strong></span> 
     </span>
    </p>
   </div>
   <div class='ocr_carea' id='block_1_98' title="bbox 363 5213 1945 5288">
    <p class='ocr_par' dir='ltr' id='par_1_98' title="bbox 363 5213 1945 5288">
     <span class='ocr_line' id='line_1_98' title="bbox 363 5213 1945 5288; baseline -0.005 -14"><span class='ocrx_word' id='word_1_715' title='bbox 363 5218 741 5288; x_wconf 81' lang='lat' dir='ltr'><strong>sequentibus,</strong></span> <span class='ocrx_word' id='word_1_716' title='bbox 768 5231 890 5284; x_wconf 72' lang='lat' dir='ltr'><strong>qum</strong></span> <span class='ocrx_word' id='word_1_717' title='bbox 909 5230 976 5288; x_wconf 79' lang='lat' dir='ltr'><strong>ex_</strong></span> <span class='ocrx_word' id='word_1_718' title='bbox 994 5213 1266 5288; x_wconf 80' lang='lat' dir='ltr'><strong>ipsaserie</strong></span> <span class='ocrx_word' id='word_1_719' title='bbox 1291 5216 1556 5269; x_wconf 89' lang='lat' dir='ltr'><strong>orationis</strong></span> <span class='ocrx_word' id='word_1_720' title='bbox 1589 5230 1695 5269; x_wconf 92' lang='lat' dir='ltr'><strong>non</strong></span> <span class='ocrx_word' id='word_1_721' title='bbox 1725 5213 1945 5288; x_wconf 83' lang='lat' dir='ltr'><strong>dubium</strong></span> 
     </span>
    </p>
   </div>
   <div class='ocr_carea' id='block_1_99' title="bbox 363 5285 1946 5357">
    <p class='ocr_par' dir='ltr' id='par_1_99' title="bbox 363 5285 1946 5357">
     <span class='ocr_line' id='line_1_99' title="bbox 363 5285 1946 5357; baseline -0.006 -12"><span class='ocrx_word' id='word_1_722' title='bbox 363 5285 509 5348; x_wconf 73' lang='lat' dir='ltr'><strong>erat,</strong></span> <span class='ocrx_word' id='word_1_723' title='bbox 547 5288 676 5357; x_wconf 85' lang='lat' dir='ltr'><strong>quin</strong></span> <span class='ocrx_word' id='word_1_724' title='bbox 698 5295 884 5340; x_wconf 85' lang='lat' dir='ltr'><strong>essent</strong></span> <span class='ocrx_word' id='word_1_725' title='bbox 914 5285 1187 5357; x_wconf 65' lang='lat' dir='ltr'><strong>addenda,</strong></span> <span class='ocrx_word' id='word_1_726' title='bbox 1216 5287 1443 5357; x_wconf 88' lang='lat' dir='ltr'><strong>ideoque</strong></span> <span class='ocrx_word' id='word_1_727' title='bbox 1479 5296 1683 5357; x_wconf 78' lang='lat' dir='ltr'><strong>notare</strong></span> <span class='ocrx_word' id='word_1_728' title='bbox 1718 5285 1946 5357; x_wconf 81' lang='lat' dir='ltr'><strong>ulterius</strong></span> 
     </span>
    </p>
   </div>
   <div class='ocr_carea' id='block_1_100' title="bbox 362 5353 1947 5423">
    <p class='ocr_par' dir='ltr' id='par_1_100' title="bbox 362 5353 1947 5423">
     <span class='ocr_line' id='line_1_100' title="bbox 362 5353 1947 5423; baseline -0.005 -10"><span class='ocrx_word' id='word_1_729' title='bbox 362 5375 428 5413; x_wconf 88' lang='lat' dir='ltr'><strong>ea</strong></span> <span class='ocrx_word' id='word_1_730' title='bbox 461 5353 580 5411; x_wconf 59' lang='lat' dir='ltr'><strong>non&#39;</strong></span> <span class='ocrx_word' id='word_1_731' title='bbox 599 5356 770 5409; x_wconf 87' lang='lat' dir='ltr'><strong>visum</strong></span> <span class='ocrx_word' id='word_1_732' title='bbox 799 5370 1110 5409; x_wconf 82' lang='lat' dir='ltr'><strong>necessum.</strong></span> <span class='ocrx_word' id='word_1_733' title='bbox 1167 5355 1272 5410; x_wconf 88' lang='lat' dir='ltr'><strong>Sed</strong></span> <span class='ocrx_word' id='word_1_734' title='bbox 1319 5371 1577 5423; x_wconf 69' lang='lat' dir='ltr'><strong>prmterea</strong></span> <span class='ocrx_word' id='word_1_735' title='bbox 1634 5355 1722 5408; x_wconf 89' lang='lat' dir='ltr'><strong>hic</strong></span> <span class='ocrx_word' id='word_1_736' title='bbox 1755 5353 1947 5421; x_wconf 78' lang='lat' dir='ltr'><strong>legitur</strong></span> 
     </span>
    </p>
   </div>
   <div class='ocr_carea' id='block_1_101' title="bbox 364 5423 1950 5496">
    <p class='ocr_par' dir='ltr' id='par_1_101' title="bbox 364 5423 1950 5496">
     <span class='ocr_line' id='line_1_101' title="bbox 364 5423 1950 5496; baseline -0.005 -14"><span class='ocrx_word' id='word_1_737' title='bbox 364 5430 420 5482; x_wconf 89' lang='lat' dir='ltr'><strong>in</strong></span> <span class='ocrx_word' id='word_1_738' title='bbox 457 5428 590 5482; x_wconf 87' lang='lat' dir='ltr'><strong>Pan.</strong></span> <span class='ocrx_word' id='word_1_739' title='bbox 619 5428 681 5478; x_wconf 82' lang='lat' dir='ltr'><strong>(ll.</strong></span> <span class='ocrx_word' id='word_1_740' title='bbox 707 5425 1013 5496; x_wconf 66' lang='grc' dir='ltr'>ὠρυομένοι</span> <span class='ocrx_word' id='word_1_741' title='bbox 1056 5424 1334 5495; x_wconf 84' lang='grc' dir='ltr'>δαίμονες,</span> <span class='ocrx_word' id='word_1_742' title='bbox 1368 5425 1524 5496; x_wconf 67' lang='lat' dir='ltr'><strong>quasi</strong></span> <span class='ocrx_word' id='word_1_743' title='bbox 1570 5425 1788 5496; x_wconf 67' lang='lat' dir='ltr'><strong>diceret</strong></span> <span class='ocrx_word' id='word_1_744' title='bbox 1830 5423 1950 5475; x_wconf 83' lang='lat' dir='ltr'><strong>ulu-</strong></span> 
     </span>
    </p>
   </div>
   <div class='ocr_carea' id='block_1_102' title="bbox 362 5493 1951 5562">
    <p class='ocr_par' dir='ltr' id='par_1_102' title="bbox 362 5493 1951 5562">
     <span class='ocr_line' id='line_1_102' title="bbox 362 5493 1951 5562; baseline -0.004 -11"><span class='ocrx_word' id='word_1_745' title='bbox 362 5498 544 5552; x_wconf 81' lang='lat' dir='ltr'><strong>lantes</strong></span> <span class='ocrx_word' id='word_1_746' title='bbox 586 5493 877 5550; x_wconf 67' lang='lat' dir='ltr'><strong>daemones.</strong></span> <span class='ocrx_word' id='word_1_747' title='bbox 929 5493 1035 5548; x_wconf 84' lang='lat' dir='ltr'><strong>Sed</strong></span> <span class='ocrx_word' id='word_1_748' title='bbox 1071 5493 1276 5549; x_wconf 82' lang='lat' dir='ltr'><strong>rectius</strong></span> <span class='ocrx_word' id='word_1_749' title='bbox 1325 5497 1374 5548; x_wconf 89' lang='lat' dir='ltr'><strong>in</strong></span> <span class='ocrx_word' id='word_1_750' title='bbox 1432 5495 1570 5548; x_wconf 81' lang='lat' dir='ltr'><strong>Gali.</strong></span> <span class='ocrx_word' id='word_1_751' title='bbox 1611 5493 1951 5562; x_wconf 81' lang='grc' dir='ltr'>Ὀρινόμενοι</span> 
     </span>
    </p>
   </div>
   <div class='ocr_carea' id='block_1_103' title="bbox 362 5563 1950 5635">
    <p class='ocr_par' dir='ltr' id='par_1_103' title="bbox 362 5563 1950 5635">
     <span class='ocr_line' id='line_1_103' title="bbox 362 5563 1950 5635; baseline -0.005 -13"><span class='ocrx_word' id='word_1_752' title='bbox 362 5569 643 5635; x_wconf 84' lang='grc' dir='ltr'>δαίμονες.</span> <span class='ocrx_word' id='word_1_753' title='bbox 700 5565 854 5630; x_wconf 86' lang='lat' dir='ltr'><strong>Quod</strong></span> <span class='ocrx_word' id='word_1_754' title='bbox 903 5579 1002 5633; x_wconf 83' lang='lat' dir='ltr'><strong>ego</strong></span> <span class='ocrx_word' id='word_1_755' title='bbox 1045 5567 1204 5630; x_wconf 77' lang='lat' dir='ltr'><strong>verti,</strong></span> <span class='ocrx_word' id='word_1_756' title='bbox 1265 5563 1407 5618; x_wconf 80' lang='lat' dir='ltr'><strong>Elati</strong></span> <span class='ocrx_word' id='word_1_757' title='bbox 1453 5567 1628 5617; x_wconf 78' lang='lat' dir='ltr'><strong>instar</strong></span> <span class='ocrx_word' id='word_1_758' title='bbox 1689 5563 1950 5635; x_wconf 72' lang='lat' dir='ltr'><strong>montium</strong></span> 
     </span>
    </p>
   </div>
   <div class='ocr_carea' id='block_1_104' title="bbox 363 5632 1950 5704">
    <p class='ocr_par' dir='ltr' id='par_1_104' title="bbox 363 5632 1950 5704">
     <span class='ocr_line' id='line_1_104' title="bbox 363 5632 1950 5704; baseline -0.004 -13"><span class='ocrx_word' id='word_1_759' title='bbox 363 5632 671 5699; x_wconf 61' lang='lat' dir='ltr'><strong>(laniones;</strong></span> <span class='ocrx_word' id='word_1_760' title='bbox 704 5637 794 5700; x_wconf 90' lang='lat' dir='ltr'><strong>qni</strong></span> <span class='ocrx_word' id='word_1_761' title='bbox 831 5632 1022 5704; x_wconf 84' lang='lat' dir='ltr'><strong>sensus</strong></span> <span class='ocrx_word' id='word_1_762' title='bbox 1055 5644 1109 5688; x_wconf 89' lang='lat' dir='ltr'><strong>et</strong></span> <span class='ocrx_word' id='word_1_763' title='bbox 1140 5636 1298 5689; x_wconf 85' lang='lat' dir='ltr'><strong>lectio</strong></span> <span class='ocrx_word' id='word_1_764' title='bbox 1337 5637 1508 5704; x_wconf 80' lang='lat' dir='ltr'><strong>magis</strong></span> <span class='ocrx_word' id='word_1_765' title='bbox 1538 5633 1789 5704; x_wconf 74' lang='lat' dir='ltr'><strong>congruit</strong></span> <span class='ocrx_word' id='word_1_766' title='bbox 1829 5632 1950 5685; x_wconf 85' lang='lat' dir='ltr'><strong>loco</strong></span> 
     </span>
    </p>
   </div>
   <div class='ocr_carea' id='block_1_105' title="bbox 357 5701 1950 5775">
    <p class='ocr_par' dir='ltr' id='par_1_105' title="bbox 357 5701 1950 5775">
     <span class='ocr_line' id='line_1_105' title="bbox 357 5701 1950 5775; baseline -0.004 -15"><span class='ocrx_word' id='word_1_767' title='bbox 357 5709 476 5775; x_wconf 73' lang='lat' dir='ltr'><strong>jam</strong></span> <span class='ocrx_word' id='word_1_768' title='bbox 512 5709 678 5760; x_wconf 80' lang='lat' dir='ltr'><strong>citato</strong></span> <span class='ocrx_word' id='word_1_769' title='bbox 719 5721 798 5758; x_wconf 65' lang='lat' dir='ltr'><strong>er</strong></span> <span class='ocrx_word' id='word_1_770' title='bbox 835 5703 1076 5768; x_wconf 66' lang='lat' dir='ltr'><strong>llahaco,</strong></span> <span class='ocrx_word' id='word_1_771' title='bbox 1131 5707 1302 5759; x_wconf 87' lang='lat' dir='ltr'><strong>Porro</strong></span> <span class='ocrx_word' id='word_1_772' title='bbox 1347 5701 1591 5758; x_wconf 28' lang='lat' dir='ltr'><strong>de‘voee</strong></span> <span class='ocrx_word' id='word_1_773' title='bbox 1636 5701 1950 5775; x_wconf 67' lang='grc' dir='ltr'>ἀρινόμενος</span> 
     </span>
    </p>
   </div>
   <div class='ocr_carea' id='block_1_106' title="bbox 361 5773 1951 5843">
    <p class='ocr_par' dir='ltr' id='par_1_106' title="bbox 361 5773 1951 5843">
     <span class='ocr_line' id='line_1_106' title="bbox 361 5773 1951 5843; baseline -0.001 -13"><span class='ocrx_word' id='word_1_774' title='bbox 361 5773 548 5843; x_wconf 71' lang='lat' dir='ltr'><strong>aliqua</strong></span> <span class='ocrx_word' id='word_1_775' title='bbox 585 5779 763 5830; x_wconf 80' lang='lat' dir='ltr'><strong>notavi</strong></span> <span class='ocrx_word' id='word_1_776' title='bbox 820 5778 966 5828; x_wconf 88' lang='lat' dir='ltr'><strong>hom.</strong></span> <span class='ocrx_word' id='word_1_777' title='bbox 997 5775 1086 5838; x_wconf 70' lang='lat'><strong>23,</strong></span> <span class='ocrx_word' id='word_1_778' title='bbox 1121 5785 1238 5833; x_wconf 91' lang='lat' dir='ltr'><strong>not.</strong></span> <span class='ocrx_word' id='word_1_779' title='bbox 1286 5776 1378 5842; x_wconf 80' lang='grc'><strong>41,</strong></span> <span class='ocrx_word' id='word_1_780' title='bbox 1413 5775 1504 5832; x_wconf 82' lang='lat' dir='ltr'><strong>ubi</strong></span> <span class='ocrx_word' id='word_1_781' title='bbox 1547 5773 1740 5830; x_wconf 88' lang='lat' dir='ltr'><strong>similis</strong></span> <span class='ocrx_word' id='word_1_782' title='bbox 1801 5773 1951 5828; x_wconf 85' lang='lat' dir='ltr'><strong>locus</strong></span> 
     </span>
    </p>
   </div>
   <div class='ocr_carea' id='block_1_107' title="bbox 363 5845 1140 5916">
    <p class='ocr_par' dir='ltr' id='par_1_107' title="bbox 363 5845 1140 5916">
     <span class='ocr_line' id='line_1_107' title="bbox 363 5845 1140 5916; baseline -0.004 -13"><span class='ocrx_word' id='word_1_783' title='bbox 363 5847 690 5903; x_wconf 78' lang='lat' dir='ltr'><strong>emendatur</strong></span> <span class='ocrx_word' id='word_1_784' title='bbox 715 5854 770 5900; x_wconf 89' lang='lat' dir='ltr'><strong>et</strong></span> <span class='ocrx_word' id='word_1_785' title='bbox 797 5845 1140 5916; x_wconf 75' lang='lat' dir='ltr'><strong>cxpenditur.</strong></span> 
     </span>
    </p>
   </div>
   <div class='ocr_carea' id='block_1_108' title="bbox 2125 4985 3635 5070">
    <p class='ocr_par' dir='ltr' id='par_1_108' title="bbox 2125 4985 3635 5070">
     <span class='ocr_line' id='line_1_108' title="bbox 2125 4985 3635 5070; baseline -0.01 -14"><span class='ocrx_word' id='word_1_786' title='bbox 2125 5001 2239 5070; x_wconf 83' lang='lat'><strong>(68)</strong></span> <span class='ocrx_word' id='word_1_787' title='bbox 2285 5000 2557 5068; x_wconf 77' lang='lat' dir='ltr'><strong>Scriptum</strong></span> <span class='ocrx_word' id='word_1_788' title='bbox 2595 5005 2673 5070; x_wconf 74' lang='lat' dir='ltr'><strong>est</strong></span> <span class='ocrx_word' id='word_1_789' title='bbox 2713 4990 3278 5070; x_wconf 65' lang='lat' dir='ltr'><strong>autent._ln_editione</strong></span> <span class='ocrx_word' id='word_1_790' title='bbox 3309 4996 3417 5070; x_wconf 73' lang='lat' dir='ltr'><strong>tum</strong></span> <span class='ocrx_word' id='word_1_791' title='bbox 3447 4985 3635 5070; x_wconf 62' lang='lat' dir='ltr'><strong>Qrzeca</strong></span> 
     </span>
    </p>
   </div>
   <div class='ocr_carea' id='block_1_109' title="bbox 2053 5063 3026 5137">
    <p class='ocr_par' dir='ltr' id='par_1_109' title="bbox 2053 5063 3026 5137">
     <span class='ocr_line' id='line_1_109' title="bbox 2053 5063 3026 5137; baseline -0.012 -9"><span class='ocrx_word' id='word_1_792' title='bbox 2053 5063 2164 5128; x_wconf 82' lang='lat' dir='ltr'><strong>tum</strong></span> <span class='ocrx_word' id='word_1_793' title='bbox 2202 5063 2560 5137; x_wconf 71' lang='lat' dir='ltr'><strong>Latina,qu:e</strong></span> <span class='ocrx_word' id='word_1_794' title='bbox 2604 5068 2757 5134; x_wconf 89' lang='lat' dir='ltr'><strong>jussu</strong></span> <span class='ocrx_word' id='word_1_795' title='bbox 2791 5065 2942 5137; x_wconf 76' lang='lat' dir='ltr'><strong>Sixti</strong></span> 
     </span>
    </p>
   </div>
   <div class='ocr_carea' id='block_1_110' title="bbox 2055 5129 3637 5207">
    <p class='ocr_par' dir='ltr' id='par_1_110' title="bbox 2055 5129 3637 5207">
     <span class='ocr_line' id='line_1_110' title="bbox 2055 5129 3637 5207; baseline -0.011 -10"><span class='ocrx_word' id='word_1_796' title='bbox 2055 5153 2142 5197; x_wconf 85' lang='lat' dir='ltr'><strong>tur</strong></span> <span class='ocrx_word' id='word_1_797' title='bbox 2173 5143 2274 5196; x_wconf 90' lang='lat' dir='ltr'><strong>suh</strong></span> <span class='ocrx_word' id='word_1_798' title='bbox 2313 5129 2470 5194; x_wconf 75' lang='lat' dir='ltr'><strong>linem</strong></span> <span class='ocrx_word' id='word_1_799' title='bbox 2508 5129 2700 5207; x_wconf 77' lang='lat' dir='ltr'><strong>capitis</strong></span> <span class='ocrx_word' id='word_1_800' title='bbox 2755 5136 2931 5207; x_wconf 77' lang='lat' dir='ltr'><strong>ultimi</strong></span> <span class='ocrx_word' id='word_1_801' title='bbox 2967 5129 3280 5207; x_wconf 29' lang='lat' dir='ltr'><strong>libflohuz</strong></span> <span class='ocrx_word' id='word_1_802' title='bbox 3317 5129 3637 5207; x_wconf 65' lang='grc' dir='ltr'>Γέγραπται</span> 
     </span>
    </p>
   </div>
   <div class='ocr_carea' id='block_1_111' title="bbox 2050 5192 3639 5274">
    <p class='ocr_par' dir='ltr' id='par_1_111' title="bbox 2050 5192 3639 5274">
     <span class='ocr_line' id='line_1_111' title="bbox 2050 5192 3639 5274; baseline -0.011 -9"><span class='ocrx_word' id='word_1_803' title='bbox 2169 5192 2331 5264; x_wconf 68' lang='grc' dir='ltr'>αὐτὸν</span> <span class='ocrx_word' id='word_1_804' title='bbox 2357 5192 2360 5193; x_wconf 12' lang='grc' dir='ltr'><em>ν</em></span> <span class='ocrx_word' id='word_1_805' title='bbox 2391 5192 2550 5261; x_wconf 78' lang='grc' dir='ltr'>πάλιν</span> <span class='ocrx_word' id='word_1_806' title='bbox 2576 5192 3002 5274; x_wconf 75' lang='grc' dir='ltr'><strong>¹ἀναστήσεσθαι</strong></span> <span class='ocrx_word' id='word_1_807' title='bbox 3063 5203 3180 5270; x_wconf 87' lang='grc' dir='ltr'>μεθ’</span> <span class='ocrx_word' id='word_1_808' title='bbox 3218 5192 3292 5253; x_wconf 83' lang='grc' dir='ltr'>ὧν</span> <span class='ocrx_word' id='word_1_809' title='bbox 3347 5201 3374 5251; x_wconf 94' lang='lat'><strong>6</strong></span> <span class='ocrx_word' id='word_1_810' title='bbox 3402 5192 3409 5194; x_wconf 10' lang='grc' dir='ltr'><em>ἡ</em></span> <span class='ocrx_word' id='word_1_811' title='bbox 3433 5192 3639 5266; x_wconf 78' lang='grc' dir='ltr'>Κύριος</span> 
     </span>
    </p>
   </div>
   <div class='ocr_carea' id='block_1_112' title="bbox 2050 5275 3638 5350">
    <p class='ocr_par' dir='ltr' id='par_1_112' title="bbox 2050 5275 3638 5350">
     <span class='ocr_line' id='line_1_112' title="bbox 2050 5275 3638 5350; baseline -0.012 -14"><span class='ocrx_word' id='word_1_812' title='bbox 2050 5281 2338 5350; x_wconf 82' lang='grc' dir='ltr'>ἀνίστησιν</span> <span class='ocrx_word' id='word_1_813' title='bbox 2362 5294 2376 5309; x_wconf 83' lang='grc'><strong><em>⁸</em></strong></span> <span class='ocrx_word' id='word_1_814' title='bbox 2417 5279 2684 5350; x_wconf 76' lang='lat' dir='ltr'><strong>Scriptunt</strong></span> <span class='ocrx_word' id='word_1_815' title='bbox 2715 5283 2790 5328; x_wconf 79' lang='lat' dir='ltr'><strong>est</strong></span> <span class='ocrx_word' id='word_1_816' title='bbox 2828 5275 3208 5350; x_wconf 53' lang='lat' dir='ltr'><strong>autemu&#39;psuut</strong></span> <span class='ocrx_word' id='word_1_817' title='bbox 3245 5283 3427 5350; x_wconf 61' lang='lat' dir='ltr'><strong>rursus</strong></span> <span class='ocrx_word' id='word_1_818' title='bbox 3460 5283 3638 5350; x_wconf 47' lang='grc' dir='ltr'>τερ-ιαμ</span> 
     </span>
    </p>
   </div>
   <div class='ocr_carea' id='block_1_113' title="bbox 2053 5337 3637 5416">
    <p class='ocr_par' dir='ltr' id='par_1_113' title="bbox 2053 5337 3637 5416">
     <span class='ocr_line' id='line_1_113' title="bbox 2053 5337 3637 5416; baseline -0.01 -12"><span class='ocrx_word' id='word_1_819' title='bbox 2053 5337 2343 5410; x_wconf 55' lang='lat' dir='ltr'><strong>recturum.</strong></span> <span class='ocrx_word' id='word_1_820' title='bbox 2403 5337 2784 5416; x_wconf 45' lang='lat' dir='ltr'><strong>cum&#39;quibus</strong></span> <span class='ocrx_word' id='word_1_821' title='bbox 2831 5344 3107 5397; x_wconf 76' lang='lat' dir='ltr'><strong>resuscitat</strong></span> <span class='ocrx_word' id='word_1_822' title='bbox 3169 5341 3444 5416; x_wconf 58' lang='lat' dir='ltr'><strong>Dominus.</strong></span> <span class='ocrx_word' id='word_1_823' title='bbox 3513 5337 3637 5415; x_wconf 74' lang='lat' dir='ltr'><strong>llzec</strong></span> 
     </span>
    </p>
   </div>
   <div class='ocr_carea' id='block_1_114' title="bbox 2049 5409 3635 5485">
    <p class='ocr_par' dir='ltr' id='par_1_114' title="bbox 2049 5409 3635 5485">
     <span class='ocr_line' id='line_1_114' title="bbox 2049 5409 3635 5485; baseline -0.01 -11"><span class='ocrx_word' id='word_1_824' title='bbox 2049 5430 2178 5474; x_wconf 91' lang='lat' dir='ltr'><strong>sunt</strong></span> <span class='ocrx_word' id='word_1_825' title='bbox 2232 5409 2415 5485; x_wconf 72' lang='lat' dir='ltr'><strong>igitur,</strong></span> <span class='ocrx_word' id='word_1_826' title='bbox 2449 5409 2731 5485; x_wconf 47' lang='lat' dir='ltr'><strong>qum&#39;citat</strong></span> <span class='ocrx_word' id='word_1_827' title='bbox 2762 5414 3142 5485; x_wconf 81' lang='lat' dir='ltr'><strong>TheOphanes,</strong></span> <span class='ocrx_word' id='word_1_828' title='bbox 3195 5421 3379 5485; x_wconf 82' lang='lat' dir='ltr'><strong>utpote</strong></span> <span class='ocrx_word' id='word_1_829' title='bbox 3429 5409 3481 5458; x_wconf 90' lang='lat' dir='ltr'><strong>in</strong></span> <span class='ocrx_word' id='word_1_830' title='bbox 3523 5409 3635 5485; x_wconf 73' lang='lat' dir='ltr'><strong>suis</strong></span> 
     </span>
    </p>
   </div>
   <div class='ocr_carea' id='block_1_115' title="bbox 2045 5481 3632 5543">
    <p class='ocr_par' dir='ltr' id='par_1_115' title="bbox 2045 5481 3632 5543">
     <span class='ocr_line' id='line_1_115' title="bbox 2045 5481 3632 5543; baseline -0.011 -1"><span class='ocrx_word' id='word_1_831' title='bbox 2045 5493 2210 5543; x_wconf 78' lang='lat' dir='ltr'><strong>‘etiam</strong></span> <span class='ocrx_word' id='word_1_832' title='bbox 2257 5481 2440 5543; x_wconf 82' lang='lat' dir='ltr'><strong>Bibliis</strong></span> <span class='ocrx_word' id='word_1_833' title='bbox 2468 5481 2773 5540; x_wconf 80' lang='lat' dir='ltr'><strong>exstantia.</strong></span> <span class='ocrx_word' id='word_1_834' title='bbox 2813 5487 2882 5538; x_wconf 84' lang='lat' dir='ltr'><strong>At</strong></span> <span class='ocrx_word' id='word_1_835' title='bbox 2919 5481 3054 5538; x_wconf 78' lang='lat' dir='ltr'><strong>vero</strong></span> <span class='ocrx_word' id='word_1_836' title='bbox 3083 5484 3193 5536; x_wconf 69' lang='lat' dir='ltr'><strong>haec</strong></span> <span class='ocrx_word' id='word_1_837' title='bbox 3229 5481 3361 5534; x_wconf 89' lang='lat' dir='ltr'><strong>utin</strong></span> <span class='ocrx_word' id='word_1_838' title='bbox 3389 5481 3632 5540; x_wconf 71' lang='lat' dir='ltr'><strong>margine</strong></span> 
     </span>
    </p>
   </div>
   <div class='ocr_carea' id='block_1_116' title="bbox 2050 5553 3631 5619">
    <p class='ocr_par' dir='ltr' id='par_1_116' title="bbox 2050 5553 3631 5619">
     <span class='ocr_line' id='line_1_116' title="bbox 2050 5553 3631 5619; baseline -0.011 -7"><span class='ocrx_word' id='word_1_839' title='bbox 2050 5559 2194 5612; x_wconf 82' lang='lat' dir='ltr'><strong>illius</strong></span> <span class='ocrx_word' id='word_1_840' title='bbox 2227 5560 2478 5613; x_wconf 83' lang='lat' dir='ltr'><strong>editionis</strong></span> <span class='ocrx_word' id='word_1_841' title='bbox 2505 5559 2818 5611; x_wconf 83' lang='lat' dir='ltr'><strong>adnotatum</strong></span> <span class='ocrx_word' id='word_1_842' title='bbox 2846 5565 2950 5619; x_wconf 90' lang='lat' dir='ltr'><strong>est,</strong></span> <span class='ocrx_word' id='word_1_843' title='bbox 2999 5567 3102 5605; x_wconf 82' lang='grc' dir='ltr'>ηοιι</span> <span class='ocrx_word' id='word_1_844' title='bbox 3152 5553 3418 5619; x_wconf 72' lang='lat' dir='ltr'><strong>habentur</strong></span> <span class='ocrx_word' id='word_1_845' title='bbox 3450 5556 3631 5619; x_wconf 80' lang='lat' dir='ltr'><strong>neque</strong></span> 
     </span>
    </p>
   </div>
   <div class='ocr_carea' id='block_1_117' title="bbox 2052 5611 3626 5696">
    <p class='ocr_par' dir='ltr' id='par_1_117' title="bbox 2052 5611 3626 5696">
     <span class='ocr_line' id='line_1_117' title="bbox 2052 5611 3626 5696; baseline -0.011 -13"><span class='ocrx_word' id='word_1_846' title='bbox 2052 5611 2105 5684; x_wconf 82' lang='lat' dir='ltr'><strong>in</strong></span> <span class='ocrx_word' id='word_1_847' title='bbox 2138 5611 2373 5684; x_wconf 52' lang='grc' dir='ltr'><strong>Πρὶν-αλιι</strong></span> <span class='ocrx_word' id='word_1_848' title='bbox 2412 5637 2580 5685; x_wconf 80' lang='lat' dir='ltr'><strong>textu.</strong></span> <span class='ocrx_word' id='word_1_849' title='bbox 2633 5641 2807 5695; x_wconf 91' lang='lat' dir='ltr'><strong>neque</strong></span> <span class='ocrx_word' id='word_1_850' title='bbox 2858 5625 2910 5696; x_wconf 87' lang='lat' dir='ltr'><strong>in</strong></span> <span class='ocrx_word' id='word_1_851' title='bbox 2937 5611 3142 5675; x_wconf 51' lang='lat' dir='ltr'><strong>&#39;nostra</strong></span> <span class='ocrx_word' id='word_1_852' title='bbox 3178 5618 3434 5696; x_wconf 40' lang='lat' dir='ltr'><strong>uulgata.</strong></span> <span class='ocrx_word' id='word_1_853' title='bbox 3485 5611 3626 5696; x_wconf 67' lang='lat' dir='ltr'><strong>addo</strong></span> 
     </span>
    </p>
   </div>
   <div class='ocr_carea' id='block_1_118' title="bbox 2049 5683 3627 5768">
    <p class='ocr_par' dir='ltr' id='par_1_118' title="bbox 2049 5683 3627 5768">
     <span class='ocr_line' id='line_1_118' title="bbox 2049 5683 3627 5768; baseline -0.013 -15"><span class='ocrx_word' id='word_1_854' title='bbox 2049 5683 2218 5753; x_wconf 82' lang='lat' dir='ltr'><strong>etiam</strong></span> <span class='ocrx_word' id='word_1_855' title='bbox 2245 5715 2421 5768; x_wconf 85' lang='lat' dir='ltr'><strong>neque</strong></span> <span class='ocrx_word' id='word_1_856' title='bbox 2452 5699 2504 5752; x_wconf 87' lang='lat' dir='ltr'><strong>in</strong></span> <span class='ocrx_word' id='word_1_857' title='bbox 2532 5683 2731 5750; x_wconf 59' lang='lat' dir='ltr'><strong>Bililiis&#39;</strong></span> <span class='ocrx_word' id='word_1_858' title='bbox 2753 5695 2914 5768; x_wconf 81' lang='lat' dir='ltr'><strong>regiis</strong></span> <span class='ocrx_word' id='word_1_859' title='bbox 2961 5685 3378 5767; x_wconf 71' lang='lat' dir='ltr'><strong>correctissintis</strong></span> <span class='ocrx_word' id='word_1_860' title='bbox 3405 5683 3627 5768; x_wconf 24' lang='lat' dir='ltr'><strong>uaden-</strong></span> 
     </span>
    </p>
   </div>
   <div class='ocr_carea' id='block_1_119' title="bbox 2049 5755 3512 5841">
    <p class='ocr_par' dir='ltr' id='par_1_119' title="bbox 2049 5755 3512 5841">
     <span class='ocr_line' id='line_1_119' title="bbox 2049 5755 3512 5841; baseline -0.011 -16"><span class='ocrx_word' id='word_1_861' title='bbox 2049 5785 2156 5841; x_wconf 87' lang='lat' dir='ltr'><strong>que</strong></span> <span class='ocrx_word' id='word_1_862' title='bbox 2191 5779 2251 5826; x_wconf 88' lang='lat' dir='ltr'><strong>ut</strong></span> <span class='ocrx_word' id='word_1_863' title='bbox 2277 5755 2558 5838; x_wconf 74' lang='lat' dir='ltr'><strong>Scriptura</strong></span> <span class='ocrx_word' id='word_1_864' title='bbox 2584 5755 2846 5823; x_wconf 68' lang='lat' dir='ltr'><strong>canonica</strong></span> <span class='ocrx_word' id='word_1_865' title='bbox 2883 5778 2986 5819; x_wconf 92' lang='lat' dir='ltr'><strong>non</strong></span> <span class='ocrx_word' id='word_1_866' title='bbox 3013 5768 3138 5816; x_wconf 89' lang='lat' dir='ltr'><strong>sunt</strong></span> <span class='ocrx_word' id='word_1_867' title='bbox 3171 5755 3512 5827; x_wconf 76' lang='lat' dir='ltr'><strong>accipienda.</strong></span> 
     </span>
    </p>
   </div>
   <div class='ocr_carea' id='block_1_120' title="bbox 3062 5058 3724 5132">
    <p class='ocr_par' dir='ltr' id='par_1_120' title="bbox 3062 5058 3724 5132">
     <span class='ocr_line' id='line_1_120' title="bbox 3062 5058 3724 5132; baseline 0.014 -20"><span class='ocrx_word' id='word_1_868' title='bbox 3062 5061 3277 5132; x_wconf 86' lang='lat' dir='ltr'><strong>prodiit,</strong></span> <span class='ocrx_word' id='word_1_869' title='bbox 3456 5060 3644 5119; x_wconf 58' lang='lat' dir='ltr'><strong>legum</strong></span> <span class='ocrx_word' id='word_1_870' title='bbox 3716 5113 3724 5128; x_wconf 81' lang='lat'><strong>,</strong></span> 
     </span>
    </p>
   </div>
  </div>
