4042 6422
449 368 561 432 603

1652 367 2149 427 THEOPHANIS
2191 369 2532 430 CERAMEI

3605 383 3710 446 6θὶ

455 480 656 533 fectum
697 488 798 534 est.
834 478 1002 549 Igitur
1037 492 1134 546 per
1168 486 1408 531 reserata
1452 477 1699 547 sepulcra
1736 488 1792 532 et
1829 478 2019 532 infero-

2142 478 2346 548 Κυρίου
2376 481 2695 546 ἀνάστασις.
2734 484 2859 537 Ὅτε
2895 484 2952 537 δὲ
2995 487 3185 558 ἐξῆλθε
3232 491 3324 545 τοῦ
3353 492 3528 561 τάφου
3565 496 3592 547 ὁ
3626 498 3731 565 ἀρ·-

454 585 574 625 rum
618 573 844 634 eversio,
875 578 932 625 et
972 570 1179 624 Domini
1218 572 1542 624 resurrectio
1585 570 1857 625 declarata
1926 580 2029 626 est.

453 658 557 715 Ubi
593 677 721 715 vero
746 661 952 715 Auctor
982 659 1172 714 salutis
1205 671 1407 715 nostr:e
1439 662 1637 727 prodiit
1666 678 1730 716 ex
1762 663 2030 732 sepulcro,

454 765 582 809 tunc
627 769 760 808 sane
803 764 857 808 et
901 754 1076 808 sancti
1126 753 1226 823 ipsi
1276 754 1508 809 vinculis
1558 754 1751 810 mortis
1794 755 2030 821 expediti

452 858 726 896 emersere
781 859 813 898 e
874 843 1275 908 monumentis,
1323 844 1451 896 illud
1510 841 1663 898 Osem
1714 844 1952 898 dicentes
2013 862 2027 899 :

461 950 480 983 ι
519 933 742 987 Curabit
774 949 873 988 nos
910 942 964 989 et
1001 949 1165 989 sanos
1201 933 1364 989 faciet
1396 943 1513 1001 post
1550 933 1665 989 dies
1701 935 1855 998 duos,
1891 943 1943 988 et
1974 935 2028 989 in

448 1027 538 1082 die
575 1030 731 1082 tertia
765 1045 1110 1097 resurgemus
1134 1030 1199 1083 ¹⁸.
1234 1048 1252 1081 ι
1287 1031 1462 1101 Atque
1489 1029 1562 1084 ita
1597 1031 1838 1084 laetantes
1868 1046 2030 1084 vene-

442 1110 575 1172 ‘ruut
619 1124 673 1175 in
717 1130 960 1175 sanctam
1006 1122 1319 1186 civitatem,
1349 1131 1403 1177 et
1443 1137 1561 1175 eam
1607 1137 1727 1191 quae
1768 1122 1820 1174 in
1867 1121 2028 1177 terris

447 1221 553 1271 est,
585 1221 640 1267 et
677 1228 796 1267 eam
838 1228 957 1282 quae
1000 1213 1054 1266 in
1091 1212 1285 1278 Edem,
1322 1215 1661 1282 prarcedente
1702 1212 1941 1279 Christo,
1973 1224 2029 1269 et

444 1302 737 1367 latronem,
764 1315 927 1372 prout
956 1304 1071 1374 ipse
1100 1305 1448 1373 promiserat,
1479 1305 1878 1360 introtlucente.

517 1380 671 1448 Tunc
709 1396 1147 1452 auitnadvcrtens
1189 1396 1466 1458 centurio,
1499 1396 1577 1451 uti
1622 1397 1883 1451 Dominus
1926 1415 2023 1453 sua

445 1498 568 1539 cum
601 1496 867 1555 potestate
895 1487 1246 1557 exspirasset,
1279 1497 1333 1540 ut
1363 1490 1545 1542 scissae
1577 1498 1771 1557 petras,
1794 1500 1848 1542 et
1878 1500 2019 1545 terra

444 1588 733 1637 concussa,
762 1590 933 1642 usque
964 1575 1099 1630 adeo
1133 1585 1487 1645 compunctus
1522 1588 1626 1641 est,
1656 1586 1712 1630 ut
1754 1579 2019 1645 crederet,

445 1675 501 1720 et
528 1666 804 1722 Christum
833 1668 1029 1725 Filium
1060 1670 1154 1725 Dei
1188 1672 1448 1724 fateretur
1477 1687 1492 1725 :
1527 1682 1713 1737 postea
1742 1687 1870 1728 vero
1898 1689 2024 1729 sau-

444 1760 625 1828 gninis
661 1763 973 1818 testimonio
1013 1762 1127 1831 (69)
1165 1773 1576 1818 consummatus
1610 1774 1713 1819 est.
1737 1763 1857 1819 Jam
1893 1781 2022 1819 vero

2142 570 2311 640 χηγδς
2356 572 2458 641 τῆς
2482 576 2756 645 σωτηρίας
2790 577 2949 648 ἡμῶν
2974 619 2990 645 ,
3028 580 3151 634 τότε
3182 582 3247 651 δὴ
3281 584 3346 637 ὲκ
3375 586 3485 637 τῶν
3506 589 3725 657 μνημά-

2140 678 2252 715 των
2291 665 2385 717 καὶ
2430 664 2587 717 αὐτοὶ
2616 668 2945 739 ἀνενῆχοντο
2993 672 3295 743 ἀνειμένοι,
3344 679 3440 730 καὶ
3472 678 3724 746 λέγοντες

2138 751 2207 804 τὰ
2239 754 2333 805 τοῦ
2376 754 2574 825 Ὠσηέ’
2618 776 2637 809 ι
2681 759 2913 814 ’ἰάσεται
2949 765 3118 832 ἡμᾶς,
3159 767 3252 819 καὶ
3286 769 3541 823 νεοτὼσει
3573 773 3723 841 ἡμᾶς

2141 845 2281 911 μετὰ
2309 844 2402 898 δύο
2432 847 2670 918 ἡμέρας,
2724 852 2818 904 καὶ
2864 854 2921 906 ἐν
2949 857 3015 924 τῇ
3068 855 3253 927 ἡμέρᾳ
3288 860 3353 927 τῇ
3400 859 3560 933 τρίτῃ
3592 863 3724 914 ἁνα-

2140 939 2469 1007 στησόμεθα.
2512 960 2529 992 ι
2563 943 2674 995 Καὶ
2700 942 2843 999 οὕτω
2892 946 3177 1016 χαίροντες
3220 949 3473 1019 είσῆλθον
3512 954 3593 1017 εἰς
3622 953 3720 1024 τὴν

2139 1025 2302 1092 ἁγίαν
2352 1029 2530 1094 πόλιν,
2564 1033 2666 1102 τήν
2699 1051 2756 1087 τε
2813 1036 3081 1104 ἐπίγειον,
3120 1040 3213 1090 καὶ
3242 1040 3343 1105 τὴν
3384 1041 3485 1110 τῆς
3536 1043 3718 1116 Ἐδὲμ,

2139 1119 2531 1189 προοδεύοντος
2560 1127 2652 1180 τοῦ
2695 1130 2970 1201 Σωτῆρος,
3000 1133 3095 1186 καὶ
3124 1133 3214 1186 τὸν
3233 1134 3439 1208 λῃστὴν
3466 1140 3718 1209 εἰσάγον-

2135 1227 2246 1273 τος,
2281 1216 2425 1268 κατὰ
2454 1217 2553 1289 τὴν
2586 1220 2901 1289 ὑπόσχεσιν.

2211 1304 2347 1357 Τότε
2393 1306 2457 1377 δὴ
2504 1310 2654 1363 καὶὸ
2693 1313 3018 1383 κεντυρίων,
3074 1314 3199 1368 ἰδὼν
3253 1317 3373 1378 πῶς
3424 1319 3718 1382 ἐξέπνευσε

2137 1398 2255 1469 μετ’
2291 1399 2559 1465 ἐξουσίας,
2593 1402 2712 1464 πῶς
2745 1406 2801 1456 αἱ
2829 1406 3028 1475 πέτραι
3053 1408 3409 1479 ἐσχίσθησαν,
3440 1412 3536 1463 καὶ
3574 1413 3605 1482 η
3641 1413 3715 1482 γῆ

2132 1491 2481 1563 ὲκεκλόνητο,
2533 1496 2615 1556 είς
2650 1495 2920 1565 τοσαύτην
2968 1493 3071 1570 ἧκε
3111 1499 3586 1565 κατάνυξιν,ὦστε
3619 1504 3716 1556 καὶ

2131 1583 2489 1647 πεπίστευκε,
2521 1587 2611 1638 καὶ
2641 1587 2767 1639 Υίον
2783 1586 2919 1641 Θεοῦ
2953 1589 3045 1642 τὸν
3069 1590 3303 1660 Χριστὸν
3334 1592 3712 1663 ὡμολόγησεν.

2133 1672 2402 1743 ’Υστερον
2452 1674 2508 1727 δὲ
2568 1677 2662 1729 καὶ
2716 1678 3045 1750 μαρτυρικῷ
3097 1680 3294 1750 αἵματι
3343 1681 3713 1737 ἐτετελείωτο.

2131 1770 2276 1842 Ὅρα
2311 1770 2367 1824 δὲ
2399 1773 2627 1825 καὶτῶν
2678 1774 3000 1844 μαθητριῶν
3033 1776 3132 1845 τὴν
3180 1776 3530 1847 προσεδρίαν,
3571 1778 3713 1847 πόση

444 1852 727 1905 considera
776 1868 940 1920 quam
981 1854 1187 1908 fuerint
1231 1854 1466 1910 assiduae
1507 1855 1762 1912 mulieres
1802 1856 2019 1913 alumnae

2129 1839 2218 1928 τις
2237 1860 2328 1935 ἦν.
2373 1839 2735 1920 Ἠκολούθουν
2906 1868 3003 1936 τῆς
3033 1839 3330 1931 Γαλιλαίας
3351 1839 3715 1936 διακονούμελ

448 1943 649 1998 ChriSti
681 1945 965 2000 doctrinae.
994 1944 1278 2001 Comitatte
1320 1954 1443 2001 sunt
1474 1962 1505 2001 e
1534 1946 1754 2004 Galilzea
1788 1964 2032 2005 commo-

445 2030 635 2086 dautes
667 2033 717 2087 ei
745 2035 810 2088 de
841 2049 937 2089 sua
971 2049 1031 2090 re
1067 2053 1081 2091 :
1117 2045 1305 2105 postea
1338 2037 1387 2089 iu
1422 2038 1682 2106 periculis
1719 2038 2028 2109 adfuerunt,

441 2133 495 2175 et
531 2139 651 2175 cum
694 2125 1003 2181 traheretur
1040 2128 1106 2182 ad
1147 2142 1362 2182 crucem
1398 2139 1596 2185 secutae
1630 2140 1759 2185 sunt
1793 2133 2028 2202 complo-

445 2223 661 2281 rantes;
692 2225 746 2271 et
773 2217 824 2271 in
856 2233 1070 2273 crucem
1103 2220 1320 2275 sublato
1351 2221 1712 2286 assederunt,
1740 2233 1791 2276 et
1834 2225 2028 2292 persti-

442 2312 659 2370 terunt,
689 2318 747 2361 ut
772 2309 1128 2365 observarent
1157 2312 1244 2367 ubi
1278 2313 1625 2382 sepeliretur,
1657 2325 1715 2369 ttt
1741 2325 2021 2385 postquam

435 2393 743 2453 Iudaeorum
786 2400 964 2456 rabies
1001 2402 1365 2461 deferbuisset
1430 2406 1890 2479 securitatemque
1924 2424 2024 2462 na-

440 2497 544 2544 ctae
586 2497 799 2556 essent,
828 2492 1080 2548 venirent
1120 2497 1188 2551 ad
1233 2510 1432 2566 corpus
1474 2509 1752 2569 unguento
1797 2502 2023 2570 perfun-

440 2580 695 2637 dendum.

517 2688 538 2724 ι
582 2668 756 2728 Judaei
799 2689 949 2744 ergo,
983 2678 1241 2746 quoniam
1292 2681 1595 2738 Parasceve
1638 2694 1780 2748 erat,
1813 2695 1872 2743 ut
1913 2704 2020 2744 non

439 2774 784 2819 remanerent
845 2765 897 2820 iu
940 2783 1106 2824 cruce
1138 2762 1376 2839 corpora
1406 2772 1643 2831 Sabbato
1679 2777 1841 2848 212
1882 2780 2022 2850 (erat

436 2850 582 2903 enim
614 2867 844 2923 magnus
878 2855 995 2913 dies
1014 2857 1102 2913 ille
1129 2857 1401 2930 Sabbati),
1435 2877 1763 2934 rogaverunt
1789 2868 2017 2925 Pilatum

439 2950 500 2996 ut
531 2941 917 3015 frangerentur
939 2961 1126 3003 eorum
1157 2965 1340 3018 crura,
1365 2963 1419 3007 et
1449 2954 1786 3013 tollerentur.
1817 2978 1835 3012 ι
1865 2959 2021 3017 Post-

433 3048 597 3123 quam
631 3035 1024 3094 ferocissimum
1066 3040 1201 3099 illud
1236 3043 1450 3100 facinus
1490 3059 1896 3117 perpetrassent
1922 3069 2019 3123 per

432 3122 671 3212 speciem
707 3126 1062 3185 observanda:
1097 3130 1254 3202 legis,
1289 3133 1361 3189 illi
1400 3133 1511 3190 Deo
1548 3137 1704 3193 invisi
1741 3149 1797 3194 et
1839 3122 2019 3212 perdi-

433 3210 628 3269 tissimi
660 3214 925 3286 bomines,
959 3231 1013 3274 et
1046 3222 1201 3277 malis
1234 3224 1423 3292 geniis"
1440 3227 1656 3297 agitati,
1690 3210 1960 3301 petierunt
1987 3250 2019 3290 a

431 3304 694 3372 praeside,
735 3316 795 3362 ut
847 3324 1009 3365 crura
1053 3310 1436 3385 frangerentur
1475 3331 1663 3374 eorum
1704 3323 1794 3392 qui
1843 3326 2022 3382 crucis

431 3397 698 3466 supplicio
746 3403 968 3457 mactati
1020 3404 1266 3474 fuerant;
1303 3409 1465 3463 simul
1513 3422 1569 3466 ut
1612 3410 1742 3470 Jesu
1790 3428 2017 3473 mortem

434 3500 880 3558 approperarent,
908 3493 1069 3548 simul
1097 3506 1154 3551 ut
1180 3498 1312 3568 legis
1339 3502 1712 3571 praescriptum
1743 3508 2017 3564 custodire

423 3579 824 3647 iudicarentur.
857 3586 949 3643 Sic
990 3589 1134 3644 enim
1179 3603 1515 3663 praeceperat
1554 3595 1765 3668 Moyses
1813 3618 1828 3656 :
1884 3618 1904 3653 ι
1955 3601 2015 3657 Si

434 3671 597 3728 fuerit
640 3676 693 3730 in
736 3678 923 3747 aliquo
962 3680 1228 3751 judicium
1276 3686 1489 3753 mortis,
1521 3698 1577 3744 et
1617 3692 2013 3760 suspeutleritis

426 3780 552 3819 eum
626 3783 789 3836 super
846 3771 1089 3841 lignum,
1158 3790 1266 3831 non
1331 3778 1564 3834 dormiet
1626 3796 1825 3851 corpus
1890 3785 2012 3854 ejus

424 3871 589 3927 super
627 3859 864 3931 lignum;
906 3868 1001 3919 sed
1043 3870 1320 3935 sepultura
1363 3872 1636 3940 scpclietis
1668 3890 1790 3930 eum
1829 3876 1881 3930 in
1924 3879 2012 3933 die

423 3948 512 4003 illa
538 3950 602 4003 “.
638 3969 658 4003 ι
706 3953 1001 4011 Latronum
1036 3958 1202 4024 igitur
1236 3960 1415 4018 adhuc
1470 3966 1790 4032 spirantium
1837 3968 2009 4026 clavis

421 4043 732 4097 contrivere
774 4047 1044 4113 membra;
1085 4048 1270 4103 Jesum
1314 4066 1443 4106 vero
1485 4064 1750 4108 tuertuum
1795 4062 2008 4126 conspi-

423 4132 557 4197 cati,
587 4133 727 4188 idem
769 4136 823 4189 in
863 4151 928 4192 eo
964 4153 1071 4193 non
1101 4139 1283 4196 fecere
1320 4160 1334 4195 ε
1374 4158 1553 4211 neque
1580 4147 1722 4200 enim
1755 4147 1836 4202 fas
1861 4158 2002 4213 erat,

420 4229 481 4275 ut
509 4237 680 4279 sacrm
717 4225 857 4280 illius
893 4228 1128 4285 victimae
1162 4246 1287 4287 ossa
1325 4235 1824 4306 confringerentur,
1861 4254 2002 4308 quq-

417 4311 563 4366 niam
591 4315 754 4368 etiam
787 4317 911 4387 agni
945 4319 1106 4390 typici
1139 4322 1223 4376 lex
1248 4332 1494 4379 vetuerat
1520 4340 1643 4381 ossa
1671 4329 1990 4385 comminui.

2128 1972 2219 2009 ναι
2248 1957 2311 2008 ἐκ
2351 1957 2462 2009 τῶν
2506 1957 2691 2023 σφίσιν
2721 1956 2952 2010 ἐνόντων
2988 1957 3314 2027 χρημάτων,
3349 1951 3469 2010 εἶτα
3502 1959 3562 2009 ὲν
3598 1959 3716 2021 τοῖς

2128 2044 2400 2109 κινδύνοις
2448 2046 2729 2115 παρῆσαν,
2787 2045 3069 2116 ἑλκομένῳ
3095 2064 3157 2099 τε
3184 2047 3277 2099 ἐπὶ
3307 2045 3546 2116 σταυροῦ
3581 2048 3717 2115 ἡκο-

2126 2136 2350 2190 λούθουν
2380 2136 2804 2205 ὀλοφυρόμεναι,
2849 2138 2946 2190 καὶ
2981 2137 3416 2207 προσηλουμένῳ
3459 2138 3713 2208 παρεκά-

2125 2227 2303 2290 θοντο,
2339 2227 2436 2280 καὶ¹
2487 2227 2867 2297 προσήδρευον
2903 2226 3345 2297 περισκοποῦσαι
3385 2227 3495 2298 ὅπῃ
3540 2243 3716 2279 κατα-

2124 2323 2377 2393 θήσεται,
2410 2321 2485 2385 ὡς
2526 2320 2593 2374 ἂν
2625 2321 2727 2391 τῆς
2766 2320 2973 2390 λύσσης
2998 2319 3110 2373 τῶν
3141 2319 3417 2372 Ἰουδαίων
3450 2316 3716 2385 λωφησὰ-

2121 2430 2246 2483 σης.
2288 2412 2472 2476 ἀδείας
2509 2412 2853 2484 δραξάμεναι
2882 2411 3093 2465 ἔλθοιεν
3127 2411 3225 2466 καὶ
3263 2409 3607 2481 περιχυθεῖεν
3632 2407 3713 2478 τῷ

2120 2501 2359 2573 σώματι.

2195 2702 2215 2737 ι
2249 2682 2314 2737 Ol
2352 2681 2452 2752 μὲν
2502 2681 2777 2743 Ἰουδαῖοι,
2839 2680 2930 2734 ἴνα
2960 2678 3036 2751 μὴ
3087 2680 3248 2752 μείνῃ
3284 2677 3356 2733 τὰ
3389 2677 3619 2751 σώματα
3649 2680 3716 2734 ὲν

2121 2774 2202 2846 τῷ
2242 2772 2488 2844 σταυρῷ,
2525 2773 2651 2827 ἐπεὶ
2683 2773 3018 2844 Παρασκευὴ
3047 2767 3117 2844 ἦν
3152 2767 3244 2844 (ἦν
3278 2771 3388 2843 γὰρ
3422 2773 3638 2842 μεγάλη
3674 2774 3711 2845 ἡ

2114 2867 2300 2939 ἡμέρα
2330 2866 2518 2936 ἐκείνη
2544 2864 2639 2919 τοῦ
2667 2864 2998 2936 Σαϐϐάτου),
3016 2863 3311 2936 ἠρώτησαν
3333 2865 3426 2917 τὸν
3452 2863 3710 2930 Πιλάτου,

2115 2959 2204 3013 ῐνα
2261 2958 2612 3026 κατεαγῶσιν
2660 2958 2850 3012 αὐτῶν
2903 2960 2974 3012 τὰ
3006 2960 3196 3029 σκέλη,
3251 2957 3349 3011 καὶ
3380 2956 3642 3029 ἀρθῶσιν.
3682 2975 3705 3011 ι

2128 3050 2347 3119 Ἐπειδὴ
2377 3051 2438 3104 τὸ
2461 3050 2739 3121 τολμηρὸν
2792 3050 2983 3114 αὐτοῖς
3011 3050 3170 3104 τοῦτο
3218 3049 3381 3122 ἔργον
3417 3049 3702 3117 διήνυστο,

2120 3140 2632 3212 νομοφυλακοῦντες
2651 3157 2667 3171 ο
2712 3139 2874 3211 δῆθεν
2898 3140 2950 3194 οί
2983 3127 3283 3212 θεομὶσεῖς,
3328 3137 3424 3193 καὶ
3452 3136 3702 3207 ἐξώλεις,

2125 3235 2220 3288 καὶ
2247 3233 2649 3302 κακοδαίμονες
2681 3232 2898 3300 ἀξιοῦσι
2932 3233 3021 3287 τὸν
3065 3232 3313 3304 ἡγεμόνα
3364 3231 3709 3302 κατεαγῆναι

2122 3323 2229 3378 τῶν
2252 3322 2857 3378 ἀνασκολωπισθέντων
2882 3321 2952 3376 τὰ
2981 3322 3147 3393 σκέλη
3170 3339 3184 3356 ·
3221 3320 3358 3393 ὁμοῦ
3390 3321 3490 3391 μὲν
3515 3322 3711 3374 ὲπιταο

2121 3414 2377 3485 χύνοντες
2407 3415 2508 3487 τὴν
2554 3416 2733 3489 Ἰησοῦ
2760 3414 3045 3486 τελευτὴν,
3079 3414 3372 3484 φυλάττειν
3394 3413 3441 3466 δ’
3470 3413 3708 3483 ὑποκρι-

2119 3507 2335 3577 νόμενοι
2397 3508 2492 3562 καὶ
2540 3507 2602 3562 τὸ
2644 3509 2875 3579 νομικὸν
2932 3507 3314 3579 παρατήρημα
3343 3521 3358 3536 °
3396 3503 3542 3559 οὕτω
3591 3504 3705 3577 γὰρ

2116 3600 2361 3670 Μωῦσῆς
2405 3601 2711 3654 ἐνετείλατο
2737 3618 2751 3632 ’
2788 3619 2808 3653 ι
2859 3600 2987 3654 Ἐὰν
3025 3599 3255 3671 γένηται
3286 3598 3343 3653 ἐν
3372 3615 3481 3652 τινι
3521 3598 3708 3669 κρῖμα

2118 3693 2375 3760 θανάτου,
2409 3695 2504 3749 κα)⁵
2530 3694 2848 3765 κρεμάσατε
2877 3693 3043 3747 αὑτὸν
3092 3692 3184 3746 ἐπὶ
3233 3690 3416 3758 ξύλου,
3451 3692 3552 3744 οὐκ
3580 3692 3708 3743 ἐπι-

2114 3785 2517 3857 κοιμηθήσεται
2559 3785 2618 3838 τὸ
2654 3786 2815 3853 σῶμα
2857 3783 3025 3838 αὐτοῦ
3074 3784 3168 3838 ἐπὶ
3220 3781 3298 3853 τῷ
3348 3781 3511 3853 ξύλῳ,
3565 3779 3705 3834 ἀλλὰ

2114 3878 2265 3947 ταφῇ
2344 3876 2548 3946 θάψετε
2604 3875 2740 3930 αὐτὸ
2780 3877 2839 3929 ὲν
2886 3878 2953 3948 τῇ
3006 3876 3194 3947 ἡμέρᾳ
3252 3875 3458 3948 ἐκείνῃ.
3500 3892 3519 3926 ι
3575 3873 3703 3927 Τῶν

2113 3966 2214 4035 μὲν
2244 3960 2338 4019 οὖν
2366 3964 2581 4038 λῃστῶν
2612 3967 2963 4036 ἐμπνεόντων
3005 3965 3087 4019 ἔτι
3115 3965 3186 4019 τὰ
3218 3964 3390 4035 σκέλη
3438 3963 3703 4033 ῥοπάλοις

2111 4054 2463 4125 συνέτριψαν.
2519 4054 2623 4111 Τὸν
2668 4055 2726 4109 δὲ
2771 4054 2998 4127 Ἰησοῦν,
3030 4057 3106 4122 ὡς
3137 4053 3279 4111 εἷδον
3331 4057 3698 4128 τεθνήξαντα,

2105 4143 2267 4198 τούτο
2299 4146 2396 4215 μὲν
2427 4145 2527 4200 οὐκ
2556 4148 2884 4217 εἰργάσαντο
2911 4164 2926 4179 ’
2961 4148 3022 4202 οὐ
3062 4150 3171 4221 γὰρ
3203 4145 3271 4218 ἦν
3297 4150 3457 4221 θέμις
3497 4166 3700 4202 κατεα-

2105 4238 2268 4309 γῆναι
2294 4236 2390 4291 τοῦ
2425 4239 2571 4311 ἱεροῦ
2604 4239 2849 4309 θύματος
2876 4240 2946 4295 τὰ
2974 4242 3134 4306 ὀστᾶ,
3163 4243 3244 4295 ὅτι
3277 4242 3370 4294 καὶ
3410 4239 3508 4294 τοῦ
3534 4256 3700 4293 τυπι-

2104 4330 2204 4384 κοῦ
2255 4331 2430 4402 ἀμνοῦ
2472 4333 2785 4404 συντρίϐειν
2828 4334 2898 4387 τὰ
2944 4333 3079 4388 ὀστᾶ
3127 4336 3155 4388 ὀ
3195 4334 3362 4404 νόμος
3394 4334 3694 4387 ἀπείπατο.

414 4403 489 4458 At
527 4420 657 4461 vero
700 4409 873 4464 audax
920 4412 1140 4480 quidam
1188 4415 1345 4472 miles
1391 4418 1531 4474 latus
1578 4419 1762 4475 lancea
1811 4422 1999 4490 perfo-

2126 4423 2450 4495 Ξτρατιὼτης
2480 4424 2537 4478 δέ
2568 4403 2653 4489 τις
2697 4424 2903 4497 θρασὺς
2932 4424 3102 4498 λόγχη
3134 4425 3233 4496 τὴν
3264 4403 3506 4491 πλευρὰν
3534 4425 3700 4477 ἀντε-

416 4496 558 4551 ravit
589 4513 603 4549 :
636 4508 692 4553 et
717 4502 976 4558 continuo
1009 4505 1266 4561 inusitata
1292 4511 1638 4580 maximeque
1663 4513 1994 4570 admirabilis

2126 4515 2322 4586 ’όρησε,
2377 4516 2472 4568 καὶ
2540 4496 2743 4570 αὐτίκα
2802 4496 3120 4588 παραδόξου
3180 4516 3462 4588 θαύματος
3526 4515 3697 4586 ἔργον

422 4602 509 4642 res
569 4600 652 4644 est
695 4607 1013 4652 consecuta.
1061 4597 1274 4654 Etenim
1325 4604 1477 4670 quasi
1533 4618 1598 4657 ex
1649 4620 1757 4660 uno
1810 4606 1994 4663 lateris

2133 4607 2547 4677 πηκολούθησεν
2579 4624 2593 4639 ·
2627 4609 2701 4671 ὼς
2728 4609 2838 4681 γὰρ
2868 4610 2933 4662 ὲκ
2965 4612 3094 4677 μιᾶς
3136 4609 3364 4672 πίδακος
3393 4612 3494 4681 τῆς
3522 4612 3695 4663 πλευ-

413 4677 565 4733 fonte
592 4689 648 4735 et
672 4682 869 4738 flumen
903 4694 957 4740 et
983 4701 1233 4743 cruorem
1267 4693 1528 4746 extraxit.
1561 4692 1638 4747 Ac
1670 4709 1770 4763 per
1795 4710 1994 4766 aquam

2126 4700 2227 4765 ιᾶς,
2261 4699 2477 4772 ῥεῖθρον
2505 4700 2602 4754 καὶ
2654 4677 2868 4771 λείθρον
2898 4700 3160 4768 ὲξώσατο.
3199 4700 3311 4754 Καὶ
3341 4700 3431 4753 διὰ.
3449 4677 3562 4771 μὲν
3588 4703 3689 4757 τοῦ

411 4768 627 4835 quidem
652 4770 883 4829 deletqu
909 4786 992 4831 est
1016 4779 1297 4834 servitutis
1323 4791 1521 4835 nostra:
1544 4783 1995 4855 chirographum;

2126 4768 2293 4853 loeto;
2317 4768 2391 4845 to
2416 4792 2515 4862 τῆς
2544 4768 2791 4854 δουλείας
2816 4792 3000 4861 ξήμῶν
3031 4791 3400 4862 χειρόγραφον
3444 4768 3560 4863 άπη
3572 4794 3691 4847 λεί-

412 4871 509 4925 per
548 4863 867 4932 sanguinem
915 4881 1048 4922 vero
1092 4871 1237 4940 regia
1285 4872 1510 4927 libertas
1557 4875 1717 4930 nobis
1760 4878 1997 4945 ascripta

2126 4899 2234 4935 ›ετο
2267 4897 2281 4912 ⁶
2324 4882 2414 4936 διὰ
2446 4882 2503 4936 δὲ
2534 4883 2629 4936 τοῦ
2659 4884 2894 4950 αἵματος
2931 4882 3189 4954 βασιλικὴ
3230 4883 3516 4955 ἐλευθερία
3547 4888 3689 4956 ἡμῖν

411 4959 512 5002 est.
550 4950 657 5004 Seu
704 4954 933 5012 fortasse
975 4963 1195 5032 sanguis
1228 4966 1293 5017 ad
1327 4966 1726 5020 damnationem
1758 4966 1996 5025 Judaicm

2126 4975 2477 5046 »πεγράιρετο,
2518 4976 2552 5047 ἢ
2586 4978 2729 5046 τάχα
2759 4977 2823 5030 τὸ
2865 4950 2965 5046 μὲν
3009 4971 3154 5046 αἷμα
3177 4950 3328 5046 -πρδς
3380 4950 3687 5048 καταδίκην

412 5043 777 5107 improbitatis
800 5047 1026 5117 ellluxit,
1049 5054 1272 5124 sanguis
1300 5070 1429 5110 vero
1455 5056 1521 5110 ad
1548 5056 1776 5112 salutem
1805 5074 1992 5115 eorum

2126 5043 2289 5118 ϐλυσε
2339 5043 2447 5134 τῆς
2492 5043 2766 5121 Ἰουδαίων
2813 5043 3172 5137 φαυλότητος,
3217 5043 3279 5121 τὸ
3316 5069 3376 5122 δὲ
3426 5067 3571 5139 ὕδωρ
3598 5043 3684 5134 είς

481 5184 525 5216 ⁸³
547 5183 684 5242 Osee
706 5204 782 5254 vr,
805 5190 861 5257 2,
885 5193 939 5248 5.
1018 5194 1063 5227 ³⁸
1091 5197 1246 5252 Deut.
1274 5214 1391 5268 xxx,
1417 5199 1506 5256 :25.

1640 5319 1966 5382 Francisci
1999 5322 2211 5385 Scorsi
2253 5334 2442 5389 notae.

368 5508 421 5537 _.
477 5441 593 5537 (ϐξ)
655 5442 1321 5537 Snangninis‘testimonip.
1384 5454 1481 5537 De.
1513 5455 1723 5537 eo.sic
1784 5457 1982 5537 Barou.
2083 5460 2213 5537 d_am
2252 5466 2463 5534 scriptis
2518 5468 2854 5522 tradiderunt
2912 5468 3209 5537 Longinum
3255 5470 3484 5529 nomine,
3524 5485 3675 5523 enm-

396 5523 514 5585 ‘IOIII
548 5514 579 5606 ll.
611 5531 639 5606 ε,
666 5513 1745 5606 Ροιίηοαιειιιῑινξρῃρῃι,Ιιιιιιοηζιοηρίηιηη
1781 5529 1987 5606 nomine
2084 5531 2319 5606 denique
2359 5513 2556 5606 rerum
2615 5538 2776 5604 fuisse
2823 5513 3053 5592 militaui,
3103 5541 3295 5601 illum.
3346 5540 3437 5606 qui
3470 5513 3673 5591 'Imwm

406 5584 731 5672 appellatum
783 5586 989 5672 fuisse,
1049 5589 1349 5672 Christique
1400 5584 1842 5672 ﬁdem'secutum
1889 5599 1987 5650 ab-
2087 5584 2229 5655 latus

406 5654 612 5750 αξξορδ
637 5669 691 5706 se
714 5672 756 5750 al
787 5657 1007 5750 militia.
1043 5654 1353 5745 aedemque
1386 5654 1456 5716 ad
1486 5667 1744 5748 martyrii
1757 5668 1988 5732 palmam
2086 5685 2251 5750 porro
2290 5654 2802 5734 ξιάιὲῖἑεηιὲἷίίὸῖιῖἔ
2838 5654 2993 5750 apud
3027 5654 3419 5749 vdit:

408 5721 709 5802 advolas-se,
739 5734 1002 5802 testantur
1025 5733 1116 5799 qui
1150 5721 1275 5802 ejus.
1307 5749 1389 5788 res
1425 5744 1599 5801 gestas
1629 5721 1985 5801 "scripserunt.
2088 5721 2282 5797 lubris.

413 5786 497 5842 Ea:
533 5786 720 5854 quibus
744 5786 1283 5875 redarguuuturxqui
1319 5786 1384 5860 ea;
1422 5786 1990 5876 apocrypltisrquilius;
