4042 6458
412 413 525 479 605

1729 425 2066 486 ΗΟΜΙΙ.ῙΑ
2108 427 2388 491 XXVIII.

3584 434 3693 502 606

415 524 692 596 σωτηρίαν
760 526 870 580 τῶν
931 530 1406 606 ἀναγεννωμένων
1451 538 1540 592 διὰ
1615 540 1713 593 τοῦ
1788 539 2003 601 ὕδατος.

2114 545 2204 612 qui
2238 558 2336 613 per
2367 557 2563 614 aquam
2591 552 3067 612 regenerarentnr.
3095 546 3359 614 Quoniam
3391 561 3522 603 vero
3548 548 3699 603 salu-

431 620 656 690 Ἐπειδὴ
683 620 738 672 δὲ
775 622 871 675 καὶ
901 624 1066 697 διπλῆ
1099 627 1184 690 τις
1228 629 1375 683 ἐστιν
1410 632 1444 700 ἠ
1477 632 1571 684 τοῦ
1603 633 1873 702 σωτηρίου
1906 634 2000 702 βα-

415 712 727 781 πτίσματος
755 713 1008 796 δύναμις,
1037 721 1150 782 τοῖς
1171 737 1230 774 τε
1253 721 1649 794 φωτιζομένοις
1682 726 1748 778 δι’
1784 725 1998 791 ὓδατος,

416 803 516 856 καὶ
552 804 664 867 τοῖς
705 803 1074 875 τελειομένοις
1115 810 1184 863 δι’
1213 812 1469 882 αἵματος,
1517 815 1602 868 διὰ
1655 815 1815 868 τοῦτο
1863 811 2001 885 αἷμα

418 895 515 946 καὶ
555 893 703 965 ὕδωρ
757 896 947 965 ἐξῆλθε
1000 901 1096 968 τῆς
1159 901 1311 967 θείας
1362 906 1624 974 πλευρᾶς,
1676 908 1758 970 εἰς
1804 907 2002 978 διπλην

418 987 586 1056 χάριν
609 987 710 1056 τῆς
741 988 1032 1058 ὁμολογίας
1065 994 1325 1062 Χριστοῦ,
1353 996 1452 1064 τῆς
1484 999 1541 1049 ὲν
1575 998 1651 1067 τῷ
1694 1001 2000 1068 μαρτυρὶῳ,

416 1080 516 1130 καὶ
544 1079 621 1148 τῷ
651 1079 1010 1150 βαπτίσματι.
1044 1085 1116 1137 Τὸ
1144 1088 1242 1154 μὲν
1265 1087 1372 1156 γὰρ
1412 1086 1555 1158 ὕδωρ
1593 1091 1718 1152 τοὺς
1747 1091 2001 1159 ἡμαρτηο

416 1172 591 1231 atri—ra;
623 1170 924 1242 ἐλευθεροῖ,
970 1175 1031 1227 τὸ
1057 1175 1113 1228 δὲ
1142 1173 1282 1246 αἷμα
1318 1179 1446 1240 τοὺς
1484 1179 1768 1249 μάρτυρας
1803 1197 2002 1247 στεφα-

415 1263 520 1315 νοῖ.
539 1261 601 1314 Ἦ
632 1262 840 1332 πλευρὰ
857 1265 912 1316 δὲ
937 1267 1062 1328 τοὺς
1087 1267 1179 1319 δύο
1196 1267 1418 1330 τούτους
1444 1271 1680 1338 πηγάζει
1716 1271 1998 1339 κρουνοὺς,

416 1353 804 1424 ἐπανορθοῦσα
849 1356 911 1408 τὸ
944 1359 1148 1427 πτῶμα
1181 1360 1284 1425 τῆς
1320 1359 1383 1413 ὲκ
1424 1362 1668 1433 πλευρᾶς
1701 1363 1960 1430 γυναικός
1986 1375 2001 1393 ⁸

416 1444 514 1497 ἵνα
537 1447 764 1516 γένηται
794 1449 854 1500 τὸ
891 1450 991 1517 μὲν
1039 1445 1180 1520 αἷμα
1211 1453 1308 1522 τῆς
1357 1455 1605 1522 κατάρας
1640 1453 1914 1524 λυτήριον,
1943 1452 2002 1504 τὸ

411 1533 472 1585 δὲ
531 1534 675 1607 ὕδωρ
709 1537 802 1590 τοῦ
859 1538 1228 1610 ὀλισθήματος
1282 1541 1572 1613 κάθαρσις.
1627 1545 1739 1597 Καὶ
1769 1543 1864 1596 τοῦ
1905 1545 2002 1614 μὲν

414 1627 646 1694 πρώτου
726 1629 900 1699 Ἀδὰμ
982 1632 1419 1701 ἀφυπνώσαντος
1490 1636 1734 1704 ἐπλάσθη
1796 1639 1859 1688 ὲκ
1903 1638 2004 1705 τῆς

412 1716 664 1785 πλευρᾶς
693 1721 725 1787 η
762 1721 1009 1788 ἀρχηγὸς
1039 1726 1140 1793 τῆς
1191 1726 1332 1794 ἀρᾶς
1370 1742 1386 1757 ·
1430 1727 1523 1778 τοῦ
1555 1727 1609 1778 δὲ
1656 1726 1775 1780 νέον
1831 1726 2004 1794 ’Δδᾶμ

410 1806 476 1857 ὲν
510 1806 589 1875 τῷ
621 1807 838 1878 σταυρῷ
865 1811 1320 1880 ἀφυπνώσαντος,
1353 1815 1582 1868 ἔϐλυσεν
1612 1817 1674 1868 ὲκ
1707 1817 1804 1884 τῆς
1837 1815 2002 1868 πλευ-

2105 641 2238 694 taris
2278 638 2530 709 baptismi
2579 639 2774 708 duplex
2815 651 2900 694 est
2942 641 3116 696 virtus
3159 650 3212 695 et
3255 642 3308 694 in
3357 640 3423 694 iis
3464 639 3556 707 qui
3601 653 3699 708 per

2106 747 2301 802 aquam
2359 732 2736 797 illustrantur,
2779 742 2831 786 et
2877 731 2930 787 in
2984 733 3050 788 iis
3096 733 3188 803 qui
3237 746 3333 801 per
3377 729 3694 798 sanguinem

2104 831 2553 877 consummantur
2595 822 2870 887 exercita,
2904 823 3024 877 ideo
3073 823 3292 894 sanguis
3341 829 3397 876 et
3441 835 3580 890 aqua
3628 834 3698 873 ex

2105 914 2276 967 latere
2313 913 2494 967 divino
2535 913 2789 983 profluxit
2833 931 2845 967 :
2890 922 2947 968 ut
2986 915 3240 969 nimirum
3285 912 3478 981 duplex
3519 911 3696 980 gratia

2105 1003 2466 1059 confessimiis
2519 1004 2720 1060 Christi
2777 1006 3118 1074 signaretur,
3173 1015 3227 1059 et
3288 1005 3407 1074 ejus
3461 1021 3581 1075 quae
3638 1004 3692 1056 in

2107 1097 2461 1161 baptismate,
2495 1105 2549 1150 et
2593 1094 2711 1164 ejus
2757 1111 2878 1163 quae
2924 1097 2978 1150 in
3029 1095 3289 1167 martyrio
3339 1095 3632 1150 exhibetur
3675 1109 3692 1146 :

2106 1201 2244 1253 aqua
2299 1185 2566 1254 siquidem
2627 1195 2946 1254 peccatores
3003 1185 3235 1250 liberat,
3289 1185 3512 1254 sanguis
3562 1196 3694 1235 vero

2108 1287 2376 1347 martyres
2413 1281 2668 1329 coronat.
2703 1275 2902 1342 Duplex
2949 1286 3210 1343 prmterea
3252 1275 3377 1329 fons
3419 1290 3482 1328 ex
3528 1273 3698 1326 latere

2107 1369 2304 1436 erupit,
2333 1378 2393 1420 ut
2416 1367 2621 1434 lapsum
2651 1365 2893 1420 mulieris
2918 1382 2981 1420 ex
3013 1367 3182 1420 latere
3210 1367 3418 1420 eductae
3449 1365 3700 1417 subleva-

2109 1466 2190 1513 ret
2221 1478 2234 1512 :
2270 1468 2327 1510 ut
2359 1466 2414 1511 et
2446 1459 2670 1528 sanguis
2715 1458 3062 1510 maledictum
3103 1458 3372 1522 solveret,
3401 1465 3455 1509 et
3486 1455 3694 1522 lapsum

2109 1565 2250 1620 aqua
2302 1562 2648 1621 expurgaret.
2700 1551 2877 1620 Atque
2927 1565 2988 1604 ex
3045 1549 3214 1602 latere
3266 1547 3482 1616 quidem
3538 1544 3695 1614 primi

2107 1641 2430 1696 dormientis
2460 1644 2630 1693 Adam
2666 1639 2894 1693 formata
2927 1649 3009 1692 est
3044 1638 3157 1703 illa,
3187 1654 3304 1706 qua:
3334 1651 3497 1691 causa
3531 1634 3698 1688 male-

2110 1734 2238 1790 dicti
2268 1735 2367 1788 fnit
2401 1751 2414 1788 :
2447 1749 2513 1787 ex
2548 1733 2670 1786 novi
2701 1748 2831 1785 vero
2863 1732 3054 1786 Adami
3087 1729 3409 1784 dormientis
3449 1729 3500 1781 in
3537 1739 3700 1780 cruce

2109 1827 2228 1879 fons
2256 1827 2376 1878 vitae
2407 1825 2664 1877 manavit.
2697 1821 2869 1889 Hujus
2903 1836 3066 1890 porro
3097 1819 3223 1873 facti
3282 1817 3518 1872 Joannes
3549 1829 3696 1878 eum,

415 1898 524 1964 ρᾶς
556 1899 590 1966 ἡ
630 1898 778 1968 πηγὴ
808 1902 907 1969 τῆς
942 1902 1113 1970 ζωῆς.
1162 1905 1368 1958 Τούτου
1407 1906 1463 1959 δὲ
1491 1907 1811 1977 γενομένου,
1841 1908 2004 1977 φησιν

2114 1916 2200 1985 qui
2262 1915 2422 1978 vidit,
2481 1911 2851 1967 testimonium
2912 1909 3200 1980 perhibere
3247 1907 3402 1970 dicit,
3456 1906 3697 1973 seipsum

425 1986 710 2057 Ἰωάννης,
759 1990 836 2052 ὡς
883 1992 911 2042 ὁ
967 1991 1232 2060 ἑωρακὼς
1281 1996 1750 2068 μεμαρτύρηκεν,
1807 1997 2002 2051 ἑαυτὸν

411 2077 707 2150 fartam).th
755 2083 1025 2152 παρόντα,
1074 2086 1168 2137 καὶ
1210 2087 1444 2156 ὁρῶντα,
1485 2088 1582 2140 καὶ
1619 2090 2004 2159 μαρτυροῦντα

407 2169 520 2223 ὄπι
551 2170 788 2242 ἑώρακε.
819 2175 1050 2238 Δεικνὺς
1075 2176 1132 2229 δὲ
1154 2179 1238 2230 ὅτι
1265 2179 1360 2232 καὶ
1387 2179 1840 2250 προθεπισμένα
1865 2178 2004 2252 ἦσαν

401 2259 709 2327 ἀνέκαθεν,
760 2264 1016 2335 ἐπιφέρει
1063 2268 1166 2336 τὴν
1229 2271 1602 2340 προφητείαν,
1654 2274 1748 2326 καὶ
1797 2272 1857 2324 τὸ
1909 2272 2004 2325 τοῦ

409 2353 587 2422 νόμον
620 2355 1006 2428 παράγγελμα.
1050 2361 1108 2414 '0
1141 2360 1241 2430 μὲν
1271 2365 1380 2432 γὰρ
1420 2365 1664 2435 Μωῡσῆς
1713 2366 2003 2435 προειδὼς,

413 2445 498 2508 ὡς
528 2445 592 2498 οὐ
622 2447 1020 2520 θλασθήσονται
1049 2452 1120 2504 τὰ
1149 2453 1318 2525 σκέλη
1347 2456 1440 2508 τοῦ
1485 2457 1688 2525 Ἰησοῦ,
1719 2460 2008 2528 νομοθετεῖ

413 2537 499 2607 μὴ
544 2540 854 2610 συντρίϐειν
889 2543 957 2596 τὰ
990 2544 1126 2598 ὀστᾶ
1151 2545 1246 2598 τοῦ
1291 2547 1488 2617 ἀμνοῦ.
1530 2549 1590 2602 '0
1626 2550 1683 2603 δὲ
1717 2553 2006 2621 προφήτης

413 2630 522 2693 τὰς
549 2630 784 2700 τρώσεις
824 2635 935 2687 τῶν
963 2637 1111 2707 ἥλων
1145 2640 1362 2711 καὶτῆς
1392 2641 1595 2713 λόγχης
1627 2646 1880 2715 προορῶν
1909 2645 2007 2717 τὴν

411 2720 640 2790 πληγήν
661 2737 681 2754 ο
714 2740 732 2774 ι
775 2725 1062 2793 Ὄψονται,
1096 2729 1286 2800 φησὶν,
1330 2732 1410 2794 εἰς
1444 2731 1503 2783 ὃν
1557 2731 1949 2801 ἐξεκέντησαν,
1981 2754 2000 2787 ι

411 2811 502 2874 εἰς
537 2813 638 2874 τὰς
668 2813 887 2885 πληγὰς
911 2818 1177 2887 δηλονότι,
1214 2822 1281 2888 ἃς
1314 2826 1470 2880 αὐτοὶ
1502 2826 1918 2898 ἐξειργάσαντο.

495 2920 516 2951 ι
554 2901 748 2972 Ὀψίας
795 2907 852 2960 δὲ
902 2912 1201 2984 γενομένης
1237 2933 1256 2967 ι
1320 2911 1410 2984 (ἦν
1461 2917 1570 2987 γὰρ
1617 2919 1836 2991 ἀληθῶς
1880 2921 2010 2991 ὀψία

411 2992 514 3045 τοῦ
563 2993 744 3048 Ἡλίου
775 2997 880 3067 τῆς
910 3000 1258 3076 δικαιοσύνης
1298 3006 1394 3060 ἅτε
1427 3009 1683 3074 δύναντος
1715 3012 1820 3065 ὑπὸ
1857 3013 2008 3082 γῆνλ,

417 3085 872 3155 παρρησιάζεται
917 3092 1115 3165 Ἰωσὴφ
1148 3099 1418 3166 ἐπίσημός
1452 3116 1513 3152 τε
1553 3102 1716 3172 ἀνὴρ,
1770 3105 1866 3158 καὶ
1928 3099 2010 3166 εἷς

2106 2009 2351 2076 signans,
2385 2005 2474 2073 qui
2519 2002 2786 2067 interfuit,
2818 2002 2909 2071 qui
2948 2001 3100 2061 vidit,
3131 2008 3187 2053 et
3215 2012 3334 2066 qua:
3365 1997 3498 2049 vidit
3533 2002 3700 2048 testa-

2109 2107 2196 2152 tus
2239 2105 2343 2152 est.
2379 2095 2451 2149 Ut
2482 2103 2663 2148 autem
2699 2093 2951 2148 ostendat
2985 2091 3099 2146 haec
3133 2090 3241 2157 iam
3279 2097 3404 2141 ante
3439 2085 3696 2140 divinitus

2106 2192 2277 2245 fuisse
2313 2189 2595 2257 praedicta,
2628 2187 2967 2257 prophetiam
3003 2182 3240 2254 profert,
3275 2179 3515 2250 legisque
3557 2192 3697 2244 pra-.-

2107 2283 2389 2352 scriptum.
2424 2279 2636 2351 Moyses
2671 2278 2832 2348 213
2870 2279 3014 2332 enim
3050 2275 3338 2344 providens
3369 2270 3610 2323 futurum
3643 2274 3702 2320 ut

2110 2377 2238 2433 Jesu
2269 2391 2431 2431 crura
2466 2389 2573 2427 non
2604 2375 3006 2442 frangerentur,
3038 2369 3154 2437 lege
3185 2364 3448 2428 sanxit”,
3478 2377 3545 2416 ne
3573 2356 3700 2428 agni

2107 2486 2231 2526 ossa
2258 2467 2776 2523 comminuerentur.
2803 2464 3071 2531 Pmpheta
3097 2474 3227 2513 vero
3251 2458 3525 2512 clavorum
3553 2452 3697 2506 fora-

2109 2563 2277 2625 mina,
2307 2569 2361 2615 et
2391 2561 2594 2613 lancea:
2627 2556 2838 2626 plagam
2883 2562 3010 2608 ante
3047 2551 3382 2623 prospiciens
3421 2566 3436 2604 :
3483 2565 3501 2597 ι
3541 2545 3701 2598 Vide-

2109 2654 2274 2714 bunt.
2303 2652 2511 2721 inquit,
2542 2652 2594 2703 in
2645 2662 2804 2718 quem
2853 2643 3330 2709 transfixerunt",
3369 2659 3388 2692 ι
3425 2641 3476 2694 iu
3514 2637 3702 2709 plagas
3778 2630 3781 2634 ’

2111 2744 2370 2798 nimirum
2402 2744 2570 2813 ipsas,
2597 2754 2735 2811 quas
2767 2739 2868 2809 ipsi
2899 2736 3100 2792 fecere.

2189 2921 2208 2954 ι
2254 2900 2496 2970 Vespere
2523 2909 2704 2954 autem
2739 2897 2884 2952 facto
2923 2916 2942 2949 ι
2988 2895 3132 2966 (erat
3164 2894 3366 2965 quippe
3393 2904 3524 2946 vere
3557 2888 3704 2945 Solis

2107 2993 2334 3061 iustitia:
2361 2991 2466 3046 sub
2499 3001 2700 3045 terram
2729 2987 3044 3044 Occidentis
3078 2985 3317 3054 vesper),
3346 2980 3550 3050 Joscph
3575 2995 3701 3034 cum

2111 3085 2197 3140 vir
2228 3085 2444 3149 nobilis,
2484 3093 2596 3137 tum
2625 3097 2765 3136 unus
2794 3096 2859 3136 ex
2891 3079 3235 3148 septuaginta
3268 3074 3577 3144 discipulis,
3605 3085 3706 3126 au-

415 3177 533 3281 τῶν
591 3177 962 3281 ὲξδομήκοντα
1019 3162 1333 3258 μαθητῶν,“
1359 3162 1453 3243 καὶ
1503 3162 1676 3262 ζητεῖ
1703 3162 1772 3246 ’τὸ
1824 3162 2004 3266 σῶμα,

2114 3179 2299 3232 dacter
2346 3176 2606 3245 loquitur,
2639 3184 2693 3229 et
2739 3187 2936 3242 corpus
2988 3172 3162 3241 petit,
3211 3177 3270 3223 et
3317 3166 3595 3236 splendide
3641 3162 3696 3220 ei

419 3269 523 3321 καὶ
552 3270 771 3339 κηδεύει
821 3273 1093 3347 λαμπρῶς
1124 3293 1138 3310 ⁶
1181 3279 1378 3333 σινδόνι
1424 3281 1524 3351 μὲν
1563 3284 1694 3338 αὐτὸ
1741 3285 2011 3352 ὲνειλίσας

418 3362 668 3436 καθαρᾷ,
700 3368 760 3418 ὲν
798 3369 1046 3439 μνήματι
1079 3371 1134 3423 δὲ
1172 3371 1344 3443 καινῷ
1379 3376 1658 3440 καταθείς.
1707 3377 1796 3432 Ἐν
1850 3383 2009 3450 καινῇ

419 3453 483 3506 δὲ
507 3455 652 3524 σορῷ
681 3458 1055 3525 κατατίθεται,
1093 3462 1182 3516 ἵνα
1210 3463 1558 3531 τελεσθέντος
1579 3468 1672 3521 τοῦ
1703 3474 2008 3542 μυστηρίου

417 3545 526 3614 τῆς
580 3547 951 3615 ἀναστάσεως,
1010 3553 1084 3624 μή
1137 3571 1220 3617 τις
1281 3557 1400 3628 ἐρεῖ
1454 3559 1564 3611 τῶν
1629 3565 2006 3628 συκοφαντῶν,

419 3639 502 3700 ὡς
552 3640 709 3703 ἄλλος
761 3645 1079 3714 ἐγήγερται.
1141 3649 1356 3701 Γένοιτο
1426 3649 1483 3702 δὲ
1555 3653 1702 3720 ἡμᾶς
1761 3655 2011 3726 ζηλωτὰς

420 3732 680 3798 γενέσθαι
704 3735 796 3788 τοῦ
849 3739 1186 3808 εὐσχήμονος
1227 3741 1448 3812 Ἰωσὴφ,
1498 3748 1594 3796 καὶ
1625 3745 1882 3816 ζητῆσαι,
1915 3750 2009 3801 καὶ

417 3827 612 3882 λαϐεῖν
665 3830 724 3883 τὸ
761 3833 927 3903 σῶμα
980 3835 1072 3888 τοῦ
1124 3838 1387 3906 Χριστοῦ,
1435 3840 1530 3893 καὶ
1579 3841 1656 3904 ὡς
1705 3845 1763 3895 ἐν
1793 3844 2009 3916 καθαρᾷ

420 3922 624 3975 σινδόνι
661 3924 738 3993 τῷ
768 3927 1036 3982 συνειδότι
1076 3930 1330 3996 ὲνειλίξαι
1381 3934 1534 3999 αὐτὸ,
1575 3936 1651 3994 εἰς
1691 3937 2007 4010 ἀποτροπὴν

414 4013 534 4065 τῶν
573 4013 849 4086 πολεμίων
888 4017 1182 4088 δαιμόνων,
1216 4023 1312 4074 καὶ
1358 4024 1633 4095 ἁγιασμὸν
1669 4026 1778 4079 τῶν
1820 4028 2009 4098 ψυχῶν

416 4107 518 4158 καὶ
559 4107 664 4160 τῶν
694 4109 964 4171 σωμάτων
999 4111 1184 4182 ἡμῶν,
1217 4115 1313 4167 καὶ
1342 4115 1501 4180 δόξαν
1531 4117 1625 4170 τοῦ
1657 4117 1744 4172 διὰ
1775 4119 2008 4173 θανάτου

414 4197 589 4249 αὐτοῦ
651 4200 1157 4268 ἀπαθανατισαντος
1212 4208 1401 4276 ἡμᾶς’
1464 4209 1545 4262 ὄτι
1599 4211 1750 4281 αὐτῷ
1803 4213 2010 4283 πρέπει

413 4289 556 4359 τιμὴ
605 4293 754 4343 πᾶσα
809 4296 904 4345 καὶ
947 4297 1346 4369 προσκύνησις,
1375 4299 1470 4352 νῦν
1504 4301 1599 4353 καὶ
1645 4303 1753 4367 ἀεὶ,
1797 4306 1890 4357 καὶ
1929 4306 2009 4367 εἰς

414 4383 548 4444 τοὺς
575 4382 776 4448 αἰῶνας
796 4385 906 4438 τῶν
937 4388 1170 4442 αἰώνων.
1215 4391 1414 4463 Ἀμήν.

564 4499 949 4554 EPMHNEIA
981 4504 1110 4557 ΕΙΣ
1142 4507 1226 4560 TA
1257 4507 1546 4563 ΕΝΔΕΚΑ
1575 4509 1867 4568 ΕΩΘΙΝΑ.

1010 4680 1250 4735 OMIAIA
1283 4681 1422 4737 KII'.

823 4796 927 4860 Εἰς
962 4796 1028 4848 τὸ
1074 4796 1316 4863 πρῶτον
1356 4797 1630 4855 ἑωθινόν.

495 4880 673 4934 Πάλαι
703 4882 801 4952 μὲν
839 4886 868 4935 ὁ
897 4884 1132 4956 θεόπτης
1165 4888 1372 4956 Μωσῆς
1416 4889 1637 4957 ἀνάγων
1665 4889 1756 4944 τὸν
1798 4891 2020 4962 Ἰσραη-

2036 4575 2092 4636 D

2123 3280 2406 3340 parentat;
2438 3285 2561 3324 cum
2598 3267 2828 3322 sindone
2859 3266 3058 3320 munda
3090 3279 3213 3318 eum
3242 3261 3520 3316 involvens
3540 3297 3556 3324 ,
3589 3265 3705 3310 tum

2123 3375 2264 3415 noro
2314 3361 2368 3414 io
2405 3367 2758 3413 monumento
2791 3356 3090 3426 deponens.
3139 3353 3196 3408 In
3233 3367 3373 3408 novo
3399 3358 3579 3405 autem
3613 3361 3707 3403 sev

2126 3452 2318 3520 pulcro
2367 3451 2610 3520 ponitur,
2645 3458 2704 3502 ut
2737 3464 2804 3502 ne
2851 3447 3093 3516 perfecto
3125 3443 3554 3501 Besurrectionis
3583 3454 3706 3511 my-

2124 3546 2294 3599 sterio
2325 3543 2652 3598 calumniari
2690 3541 2892 3612 aliquis
2942 3549 3127 3609 posset
3171 3539 3336 3592 alium
3368 3535 3437 3588 ab
3469 3535 3588 3604 ipso
3615 3547 3706 3588 re-

2121 3641 2452 3694 surrexisse.
2479 3637 2768 3705 Contingat
2802 3649 2932 3688 vero
2959 3635 3124 3688 etiam
3156 3633 3309 3687 nobis
3331 3632 3476 3684 hunc
3501 3626 3704 3696 Joseph

2121 3732 2390 3801 insignem
2444 3729 2688 3783 moribus
2728 3727 2994 3789 aemulari,
3029 3735 3082 3781 et
3131 3734 3334 3793 petere,
3361 3732 3415 3777 et
3458 3722 3707 3790 accipere

2120 3823 2322 3880 Christi
2359 3835 2560 3890 corpus
2584 3859 2600 3884 ,
2628 3829 2682 3874 et
2716 3819 2770 3873 in
2806 3818 3144 3872 conscientia
3197 3815 3394 3869 munda
3445 3822 3704 3881 tanquam

2122 3916 2176 3969 in
2210 3914 2440 3969 sindone
2490 3913 2666 3981 ipsum
2707 3909 3025 3975 involvere,
3074 3910 3139 3962 ad
3185 3905 3502 3960 infestorum
3553 3904 3707 3958 nobis

2122 4011 2426 4062 daemonum
2480 4004 2774 4058 amuletum
2836 4012 2890 4058 et
2933 4003 3236 4056 animarum
3308 4012 3708 4068 corporumque

2125 4109 2440 4151 nostrorum
2495 4094 2984 4149 sanctilicationem
3053 4101 3106 4148 et
3153 4091 3378 4161 gloriam
3410 4090 3528 4157 eius
3555 4129 3570 4153 ,
3612 4087 3707 4156 qui

2122 4206 2218 4261 per
2251 4198 2482 4243 mortem
2531 4201 2682 4241 suam
2713 4201 2816 4240 nos
2862 4183 3272 4239 immortalitate
3317 4181 3566 4245 donavit;
3602 4181 3706 4248 ipsi

2122 4281 2268 4336 enim
2312 4279 2543 4333 debetur
2585 4277 2766 4332 omnis
2809 4278 3005 4341 honor,
3057 4287 3111 4329 ct
3160 4273 3407 4328 adoratio
3440 4289 3618 4338 nunc,
3653 4281 3708 4326 et

2123 4385 2363 4440 semper,
2392 4377 2447 4423 et
2475 4369 2526 4423 in
2552 4367 2751 4422 sarcula
2787 4365 3132 4421 saeculorum.
3158 4365 3353 4417 Amen.

2120 4491 2726 4551 INTERPRETATIO
2763 4490 2850 4545 IN
2890 4489 3233 4544 UNDECIM
3275 4486 3708 4544 EVANGELIA

2641 4560 3031 4616 MATUTINA
3070 4561 3206 4629 (70).

2505 4674 2905 4734 IIOMIIJA
2983 4673 3312 4729 XXVIII.

2547 4788 2614 4843 In
2644 4789 2874 4856 primum
2905 4787 3251 4839 matutinum.

2190 4884 2326 4940 Cum
2363 4883 2493 4939 olim
2545 4881 2720 4934 Moses
2768 4879 2862 4933 Dei
2907 4878 3304 4947 contemplator
3345 4873 3706 4930 Israeliticum

413 4974 630 5026 λιτικὺν
672 4975 801 5029 λαὸν
843 4978 924 5040 εἰς
960 4978 1021 5030 τὸ
1073 4979 1310 5044 Σίναιον,
1345 4984 1836 5055 περιρῤαντηρίοις
1876 4985 2004 5037 noli

2121 4977 2376 5050 populum
2431 4975 2484 5029 in
2542 4970 2696 5026 Sinai
2755 4977 2994 5025 montem
3049 4968 3326 5035 educeret,
3375 4965 3706 5036 quibusdam

497 5107 541 5139 "
567 5107 737 5164 Exod.
761 5126 860 5173 xu,
886 5109 942 5164 4.
1022 5111 1064 5142 ¹⁶
1095 5111 1329 5167 Zachar.
1357 5128 1454 5178 xu,
1482 5113 1570 5167 I2.

1662 5228 1990 5291 Francisci
2031 5225 2242 5290 Scorsi
2277 5229 2467 5284 notae.

498 5351 1004 5420 (70)Interpretatio
1029 5354 1083 5406 in
1117 5353 1378 5405 undecim.
1408 5351 1802 5407 Haecoudecim
1838 5368 2010 5405 evan-

422 5423 568 5489 gelia
631 5437 696 5474 ex
745 5423 999 5476 universa
1052 5424 1278 5476 historia
1326 5423 1740 5476 resurrectionis
1777 5422 2004 5485 Christi,

421 5504 587 5562 prout
611 5508 639 5544 a
671 5500 908 5560 quatuor
937 5493 1997 5562 simnlﬂevangelistisconlprehenditur,

417 5561 653 5616 dmlucta
703 5565 955 5629 leguntur
987 5562 1037 5614 in
1090 5561 1402 5615 Grtccorum
1439 5561 1613 5614 officio
1663 5564 1729 5614 ad
1780 5561 1999 5616 Matuti-

2125 5349 2316 5404 tntiuis
2347 5346 2451 5400 dici
2488 5341 2783 5397 Dominicze
2807 5341 2998 5396 ordine
3051 5341 3421 5410 perlegantnr,
3454 5355 3480 5410 a
3520 5339 3698 5408 primo

2124 5417 2430 5484 incipiendo
2473 5427 2644 5481 usque
2693 5416 2759 5484 ad
2802 5409 3172 5484 undecimum,
3211 5409 3399 5480 eoque
3443 5409 3592 5462 finito
3619 5409 3703 5484 ad

2112 5479 2354 5558 primum
2386 5479 2704 5558 recttrratur
2737 5483 2788 5558 in
2836 5483 3045 5558 orbem.
3095 5479 3349 5558 Notatutn
3402 5491 3578 5558 tamen
3616 5479 3700 5530 in-

2110 5548 2232 5612 veni
2289 5559 2340 5611 in
2403 5554 2812 5608 Peutecostario
2861 5552 3199 5613 Grecorum,
3254 5551 3396 5604 hunc
3451 5548 3702 5600 ordinem

417 5648 578 5695 num,
635 5616 787 5686 Unde
821 5641 875 5683 et
922 5633 1275 5699 ἀναστάσιμα
1325 5632 1524 5684 ἑωθινά
1577 5632 1882 5701 appellata;
1943 5640 2002 5684 et

2114 5629 2410 5701 aliquando
2427 5625 2760 5701 eti_lnuutari_,_
2790 5623 3086 5701 his_verbi§
3111 5619 3370 5701 :A'Iaré‘ov‘
3392 5617 3485 5695 ita}
3512 5616 3700 5701 τοῦτο,

421 5702 646 5770 quidem
682 5702 784 5755 hoc
817 5702 946 5762 ritu,
975 5717 1134 5770 quem
1176 5703 1244 5754 ab
1277 5717 1383 5757 uno
1413 5718 1477 5756 ex
1515 5701 1717 5756 Graecis
1747 5702 2002 5756 sacerdo-

2104 5700 2188 5752 ὅτι
2203 5685 2274 5750 ὶά
2311 5695 2511 5749 ὲωθινὰ
2536 5693 2832 5762 εὐαγγέλια
2849 5694 2929 5754 εἰς
2952 5690 3257 5762 τδνίδρορον
3273 5685 3489 5762 ἀπὺ-τοῦ
3512 5686 3701 5762 nam

423 5756 575 5825 t'itms
618 5786 775 5824 suum
827 5756 1006 5824 rituiu'
1040 5773 1246 5826 sciente
1310 5756 1366 5825 et
1415 5782 1705 5827 exercente
1745 5773 1998 5825 traditum

2114 5770 2165 5820 οὐ
2192 5765 2522 5836 κατορδίνως
2534 5756 3018 5836 ἀναγινώσκονται,
3039 5756 3175 5836 ἀλλᾶ
3190 5756 3663 5836 παρηλλαγμένως
3684 5768 3699 5836 ς

422 5841 632 5909 accepi,
663 5850 718 5894 ut
753 5855 845 5911 per
865 5850 1036 5895 totum
1065 5856 1265 5896 annum
1319 5841 1528 5913 singula
1564 5844 1614 5896 in
1639 5842 1863 5912 singulis
1897 5839 2005 5895 Ma-

2118 5824 2404 5891 Sciendum
2459 5824 2517 5888 cf
2555 5824 2688 5898 hoc',
2748 5835 2886 5903 quod
2928 5824 3583 5898 matutinalia'evangelia
3627 5824 3699 5879 ad
