4042 6398
383 343 499 406 60‘)

1710 345 2040 407 IIOMILIA
2084 349 2364 410 XXVIII.

3546 343 3653 406 610

384 455 743 522 ἐπαγγελιας,
783 455 879 509 καὶ
943 455 1040 519 τὰς
1098 456 1351 519 ἀπειλὰς,
1408 455 1632 520 εἰκότως
1691 457 1784 510 οὖν
1828 458 1971 510 κατὰ

2089 461 2388 514 medicatio
2419 461 2787 528 apostolorum
2843 458 2956 514 haec
3004 465 3240 528 quatuor
3291 460 3652 527 comprehen-

385 550 492 615 τὴν
542 547 812 618 τετάρτην
875 548 1203 618 ἐμφάνειαν,
1267 550 1598 618 μαθητεύειν
1655 551 1853 613 αὐτοὺς
1905 551 1976 602 τὰ

388 640 523 708 ἔθνη
587 641 982 710 προτρέπεται.
1044 640 1258 693 Πολλῶν
1307 643 1360 695 δὲ
1426 643 1595 695 ὄντων
1658 643 1766 694 τῶν
1833 641 1976 696 κατὰ

390 731 762 800 Παλαιστίνην
801 731 967 800 ὁρῶν,
1009 731 1152 785 διατί
1199 733 1273 804 μὴ
1315 735 1372 786 ἐν
1408 733 1554 803 ἄλλῳ
1593 735 1724 795 τινὶ,
1767 734 1880 785 ἀλλ’
1917 737 1975 784 ἐν

389 822 473 892 τῷ
503 823 598 892 τῆς
629 823 926 885 Γαλιλαίας
961 825 1259 878 ὀπτὰνεται
1287 843 1302 892 ;
1333 827 1487 878 Ἐστι
1511 827 1620 896 γάρ
1645 828 1700 878 ἐν
1743 826 1975 896 Ἰουδαίᾳ

390 915 455 966 τὸ
507 915 632 982 ὅρος
685 915 870 984 Σιγὺρ,
931 916 1024 966 καὶ
1077 915 1135 967 τὸ
1178 915 1302 986 ὄρος
1361 918 1558 985 Σομδρ.
1628 919 1722 970 καί
1767 918 1826 970 τὸ
1875 917 1976 986 τῆς

390 1005 729 1074 Σαμαρείας,
764 1009 856 1058 καὶ
883 1005 944 1058 τὸ
970 1007 1094 1076 ὅρος
1114 1007 1337 1077 Θαϐὼρ,
1370 1010 1463 1061 καὶ
1494 1009 1554 1061 τὸ
1580 1009 1686 1062 τῶν
1725 1010 1973 1074 Ἐλαιῶν,

392 1097 494 1149 καὶ
545 1098 681 1167 πρὸς
731 1097 944 1161 τούτοις
991 1101 1018 1150 ὁ
1076 1099 1394 1168 Κάρμηλος.
1454 1101 1578 1163 Πῶς
1618 1097 1710 1154 οὖν
1759 1101 1975 1155 ἅπαντα

392 1189 743 1257 παρακλίνας
768 1193 848 1251 εἰς
892 1193 955 1242 τὸ
1005 1191 1102 1261 τῆς
1155 1192 1443 1256 Γαλιλαίας
1481 1194 1774 1248 ὀπτάνεται
1807 1212 1821 1262 ;
1852 1196 1976 1248 Ὅτι

389 1284 463 1334 τὰ
497 1282 598 1350 μὲν
632 1283 811 1336 αὐτῶν
852 1285 1204 1352 ἐγεγόνεισαν
1239 1286 1494 1358 πράξεων
1524 1289 1778 1358 πονηρῶν
1811 1290 1976 1360 ἐργα-

393 1373 645 1440 στήριον,
695 1371 882 1441 ῶσπερ
924 1373 982 1424 τὸ
1015 1373 1140 1442 ὅρος
1175 1375 1361 1444 Σιγὸρ,
1395 1374 1488 1426 καὶ
1519 1373 1578 1427 τὸ
1616 1373 1740 1443 ὅρος
1775 1375 1974 1448 Σομδρ,

393 1456 476 1514 ὧν
512 1463 573 1514 τὸ
606 1463 704 1531 μὲν
727 1457 858 1526 εἶδε,
893 1463 1017 1532 φεῦ,
1047 1465 1262 1535 πατέρα
1285 1464 1590 1537 θυγατράσι
1623 1466 1974 1537 μιγνύμενον,

393 1556 498 1608 καὶ
535 1556 628 1608 τὸν
662 1556 822 1608 αὑτὸν
855 1555 1000 1620 Λὼτ,
1033 1559 1153 1620 ταῖς
1182 1558 1282 1627 μὲν
1311 1559 1525 1628 πατέρα
1574 1560 1670 1613 καὶ
1704 1560 1974 1626 σύνοικον,

388 1655 510 1714 τοῖς
571 1652 627 1704 δὲ
673 1651 913 1722 τεχθεῖσι
962 1655 1178 1723 πατέρα
1241 1654 1337 1707 καὶ¹
1385 1657 1610 1709 πάππον
1660 1657 1972 1724 γενόμενον.

391 1743 473 1794 Τδ
497 1743 554 1795 δὲ
587 1744 898 1813 Σαμαρείας
928 1744 1050 1814 ὄρος
1093 1745 1328 1799 εἰδώλων
1364 1747 1578 1818 ὑπῆρχε
1613 1751 1973 1819 κρυπτήριον,

2080 554 2232 616 dunt,
2264 560 2555 621 prmeepta,
2599 553 2856 620 dogmata
2877 589 2892 613 ,
2928 549 3321 618 promissioues
3369 559 3423 603 et
3454 550 3652 614 minas,

2078 651 2441 709 congruenter
2493 656 2624 695 sane
2679 643 2729 693 in
2763 651 2955 709 quarta
2991 642 3090 694 hac
3123 640 3460 708 apparitione
3489 641 3652 693 disci-

2077 731 2219 801 pulis
2241 732 2604 785 docendarutu
2639 735 2882 801 gentium
2911 734 3196 785 committit
3227 732 3486 788 oﬂicium.
3519 733 3653 788 Cum

2081 832 2259 876 autem
2295 823 2447 876 tnulti
2499 825 2550 874 in
2582 824 2872 877 Palu-stipa
2910 823 3020 877 sint
3057 833 3266 877 montes
3296 866 3310 888 ,
3347 841 3514 894 quare
3549 843 3654 880 non

2079 916 2129 969 itt
2172 917 2280 970 alio
2312 917 2566 985 quopiam
2599 916 2692 969 sed
2729 917 2779 968 in
2816 917 2930 970 solo
2955 915 3188 970 Galiltea:
3221 927 3403 971 monte
3431 919 3655 985 conspi-

2077 1011 2263 1064 citur?
2295 1009 2386 1063 Est
2418 1009 2561 1063 enim
2598 1009 2651 1061 in
2701 1006 2882 1062 Judzca
2936 1025 3089 1063 tnons
3139 1010 3328 1078 Segor,
3361 1020 3414 1062 et
3460 1009 3656 1063 Sumor

2077 1110 2132 1155 et
2171 1115 2326 1154 Inous
2383 1101 2682 1162 Satnariae,
2732 1109 2786 1154 et
2839 1099 3092 1164 Thabor,
3149 1111 3203 1153 ct
3255 1099 3566 1165 Olivarum,
3599 1110 3656 1155 et

2079 1192 2394 1262 praeteritos
2427 1193 2589 1246 etiam
2614 1190 2918 1245 Carmelus.
2945 1190 3122 1256 Quare
3147 1191 3308 1260 igitur
3331 1191 3654 1259 posthabitis

2079 1283 2325 1350 reliquis,
2363 1281 2536 1336 solum
2568 1283 2621 1334 in
2647 1279 2878 1334 Galilzete
2907 1290 3089 1334 monte
3118 1280 3365 1334 videtur?
3389 1280 3652 1334 Nimirum

2077 1376 2200 1444 quia
2236 1391 2423 1429 eorum
2456 1375 2673 1444 quidam
2707 1390 2997 1444 pravorum
3029 1389 3251 1442 operum
3292 1375 3510 1426 fuerant
3541 1373 3656 1425 oili-

2077 1467 2248 1532 ciuw;
2291 1466 2364 1518 uti
2391 1480 2547 1518 mons
2581 1462 2752 1533 Segor
2780 1474 2833 1516 et
2867 1464 3098 1517 Somor:
3134 1479 3362 1531 quortttn
3397 1462 3532 1515 alter
3559 1478 3657 1529 pa-

2079 1565 2237 1621 trem,
2277 1555 2417 1618 heu,
2453 1571 2573 1608 cum
2609 1556 2825 1608 liliahus
2858 1555 3202 1608 commisceri
3258 1555 3411 1617 vidit,
3449 1557 3657 1622 ipsum-

2078 1661 2183 1716 que
2241 1648 2378 1699 adeo
2423 1645 2522 1699 Lot
2578 1644 2687 1699 illis
2743 1645 2960 1714 quidem
3023 1653 3230 1711 patrem
3289 1655 3342 1698 et
3381 1645 3656 1705 maritum,

2082 1738 2277 1808 genitis
2315 1753 2443 1793 vero
2497 1738 2686 1792 liberis
2727 1749 2933 1806 patrem
2972 1739 3014 1769 "
3052 1750 3322 1803 avumque
3359 1735 3657 1790 exstitisse.

389 1833 498 1884 οὐκ
531 1833 742 1900 εὖαγῶς
772 1834 876 1886 ὑπὸ
923 1834 1032 1886 τῶν
1076 1835 1431 1905 Σαμαρειτῶν
1477 1837 1974 1907 προσκυνούμενον.

2089 1832 2242 1888 Mons
2267 1843 2449 1886 autem
2481 1830 2744 1885 Samaria:
2778 1830 3058 1883 latibulum
3091 1829 3355 1882 idolorum
3391 1827 3487 1881 fuit
3520 1828 3655 1894 (75),

391 1925 588 1978 Ταῦτα
631 1925 727 1993 μὲν
758 1926 1101 1996 παρεκλίνει,
1133 1927 1207 1990 ὡς
1242 1929 1468 1999 βέϐηλα.
1521 1930 1643 1984 Τῶν
1668 1930 1724 1983 δὲ
1749 1930 1974 1996 λοιπῶν,

389 2015 458 2068 τὸ
492 2017 592 2084 μὲν
625 2011 761 2068 εἶδεν
792 2017 954 2069 αὑτὸν
995 2019 1054 2070 ὲν
1089 2018 1215 2089 δόξῃ
1251 2020 1778 2090 μεταμορφούμενον
1815 2037 1830 2051 ·
1864 2024 1892 2075 ό
1921 2021 1979 2075 δὲ

391 2107 700 2176 Κάρμηλος
735 2096 892 2160 Ἰλίου
926 2109 1315 2179 ἀπεκλήρωτο.
1370 2111 1443 2163 Τὸ
1495 2111 1552 2165 δὲ
1595 2113 1704 2166 τῶν
1748 2113 1979 2166 Ἐλαιῶν

391 2199 527 2265 δρος
555 2199 914 2270 ἀπεξεδέχετο
955 2202 1055 2270 τὴν
1101 2202 1312 2256 ἐκεῖθεν
1345 2203 1511 2258 αὐτοῦ
1555 2205 1690 2276 πρὸς
1714 2207 1980 2278 οὐρανοὺς

391 2288 780 2358 ἀναφοίτησιν.
833 2285 942 2343 Ἦν
993 2291 1086 2344 οὖν
1138 2292 1399 2362 ἁρμόδιον
1444 2295 1526 2356 είς
1573 2295 1732 2349 τοῦτο
1776 2296 1978 2366 μᾶλλον

391 2381 512 2440 τοῖς
565 2379 833 2449 μαθηταῖς
888 2379 1122 2448 ὀφθῆναι
1173 2383 1263 2434 τὸν
1315 2383 1542 2454 Κύριον.
1599 2387 1817 2458 Ἐπειδὴ
1871 2387 1980 2460 γὰρ

395 2469 662 2524 Γαλιλαία
692 2473 1108 2541 κατακυλιστὴ
1135 2473 1526 2544 ἑρμηνεύεται,
1553 2477 1614 2529 τὸ
1643 2477 1698 2530 δὲ
1726 2477 1849 2547 ὅρος
1881 2483 1980 2550 τῆς

393 2562 690 2626 Γαλιλαίας
751 2565 1204 2636 ὑπερανέστηκε,
1269 2571 1442 2624 νοείτο
1513 2569 1578 2622 ἂν
1641 2569 1900 2625 Γαλιλαία
1953 2573 1981 2625 ὁ

394 2655 606 2724 κόσμος
636 2652 788 2720 οὗτος
832 2660 859 2710 ὁ
899 2660 1019 2722 ταῖς
1065 2659 1255 2722 ἄλλαις
1288 2659 1612 2729 ἐπαλλήλοις
1651 2662 1980 2730 μεταϐολαῖς

396 2748 645 2819 συνεχῶς
697 2751 1060 2820 μεταπίπτων
1117 2754 1212 2803 καὶ⁵
1244 2753 1589 2822 κυλιόμενος.
1631 2755 1798 2825 Ὄρος
1836 2755 1894 2806 δὲ
1944 2757 1978 2825 ἡ

395 2839 709 2909 ὑψηλοτέρα
775 2840 868 2894 τοῦ
929 2842 1045 2910 βίου
1101 2842 1477 2909 κατάστασις,
1538 2845 1605 2914 ἦν
1663 2846 1690 2896 ὁ
1745 2846 1982 2916 Χριστὸς

396 2933 832 3003 ὲνανϐρωπήσας
859 2935 1250 2990 ἐπολιτεύσατο
1275 2935 1372 2989 ἆτε
1397 2935 1488 2988 τὸν
1517 2937 1720 3004 κόσμον
1765 2953 1984 3008 νενικη-

395 3023 535 3086 κὼς,
570 3027 662 3077 καὶ
701 3027 793 3077 τὸν
825 3029 1268 3097 κοσμοκράτορα.
1308 3031 1403 3081 καὶ
1445 3028 1700 3098 καθάπερ
1746 3032 1825 3092 εἰς
1858 3030 1985 3101 ὅρος

397 3116 663 3187 ὑπεράνω
695 3118 874 3188 πάσης
900 3117 1099 3187 ἀρχῆς,
1130 3119 1223 3170 καὶ
1249 3117 1504 3183 ἐξουσίας
1531 3119 1740 3190 ἀρθείς.
1766 3121 1983 3174 Τούτων
2010 3154 2054 3210 c

393 3204 494 3262 οὖν
527 3209 800 3278 σύμϐολον
831 3211 864 3279 ἡ
898 3211 957 3262 ὲν
986 3209 1062 3280 τῷ
1091 3210 1206 3279 δρει
1233 3211 1330 3279 τῆς
1364 3209 1656 3274 Γαλιλαίας
1687 3211 1980 3281 ὲμφάνεια.

477 3407 495 3437 ι
531 3389 638 3440 Καὶ
687 3385 885 3448 ἰδόντες
925 3385 1108 3447 αὑτὸν,
1159 3385 1572 3456 προσεκύνησαν
1609 3386 1795 3452 αὑτὸν,
1848 3388 1897 3442 οἱ
1930 3387 1986 3443 δὲ

399 3478 710 3533 ἐδίστασαν.
749 3495 767 3526 ι
818 3475 1082 3531 Ἐνταῦθα
1114 3479 1384 3546 προσήκει
1413 3475 1668 3544 ζητῆσαι,
1699 3479 1814 3541 πῶς
1849 3480 1988 3532 πάνα

398 3586 494 3629 τες
548 3568 746 3630 ἰδόντες
783 3567 946 3618 αὐτὸν
991 3566 1430 3641 προσεκύνησαν,
1484 3568 1533 3618 οἱ
1569 3567 1626 3618 δὲ
1676 3567 1984 3622 ἐδίστασαν.

399 3659 480 3711 Ub
520 3658 715 3719 πάντες
750 3657 805 3709 δὲ
849 3657 946 3728 τὴν
978 3656 1148 3726 αὐτὴν
1184 3655 1340 3728 ἔσχον
1386 3654 1633 3725 γνώμην,
1667 3657 1800 3709 ἀλλά
1842 3675 1988 3720 τινες

397 3751 611 3801 τούτων
644 3749 1136 3820 ὑπεκραδάνθησαν
1165 3764 1180 3780 ⁸
1208 3750 1350 3814 τίνες
1377 3751 1430 3803 δὲ
1462 3750 1569 3823 ἄρα
1604 3753 1698 3804 καὶ
1729 3753 1778 3804 οἱ
1811 3751 1990 3805 διστά·

400 3856 622 3903 σαντες,
679 3840 774 3891 καὶ
826 3839 879 3891 τί
925 3839 985 3890 τὸ
1046 3838 1137 3892 τὸν
1195 3839 1494 3909 δισταγμὸν
1553 3842 1986 3910 παρασκευάσαν

399 3933 589 3993 αὐτοῖς
615 3946 630 3994 ;
655 3932 718 3982 Οἱ
753 3931 862 4003 γὰρ
894 3930 998 3997 πρὸ
1023 3931 1182 4001 ἡμῶν
1209 3932 1267 3984 τὸ
1299 3933 1461 4002 ῥητὸν
1485 3935 1988 4006 ὲπεξηγησάμενοι,

402 4025 540 4092 περὶ
570 4021 663 4074 τοῦ
694 4021 865 4090 Θωμᾶ
895 4021 1144 4092 λελέχθαι
1183 4021 1342 4077 τοῦτο
1390 4024 1702 4093 νοήσαντες,
1751 4026 1812 4077 ού
1843 4027 1986 4081 πάνυ

402 4133 498 4187 μοι
557 4103 774 4167 δοκοῦσι
837 4115 896 4166 τὸ
949 4114 1176 4184 ἀκριϐὲς
1235 4115 1694 4185 περισκέψασθαι.
1766 4118 1826 4170 Ei
1878 4121 1988 4190 γὰρ

399 4209 552 4260 τοῦτ’
604 4202 694 4276 ἦν,
727 4204 1150 4275 ἁκολουθότερον
1187 4205 1391 4274 μᾶλλον
1424 4201 1490 4278 ἦν
1524 4209 1700 4259 εἰπεῖν
1742 4209 1938 4272 ἑνικῶς
1971 4226 1986 4240 ο

411 4303 476 4353 ’0
535 4299 590 4352 δὲ
643 4299 911 4352 ἐδίστασε.
970 4298 1084 4351 Νῦν
1149 4298 1206 4354 δὲ
1267 4299 1300 4370 ἡ
1348 4299 1688 4372 πληθυντικὴ
1744 4302 1990 4372 σημασία.

398 4392 545 4463 πρὸς
575 4390 703 4444 ἄλλο
728 4390 989 4460 φέρεσθαι
1021 4391 1201 4444 πείθει
1238 4390 1329 4442 τὸν
1380 4391 1526 4442 νοῦν.
1572 4393 1844 4465 Προσήκει
1875 4394 1987 4448 τοί-

2083 1922 2134 1975 ἰιι
2168 1937 2276 1990 quo
2308 1937 2412 1976 non
2447 1922 2662 1975 sincere
2693 1919 2992 1974 adorabunt
3017 1918 3351 1973 Samaritaui
3387 1920 3452 1970 “.
3484 1920 3658 1986 Atque

2084 2015 2180 2068 hos
2213 2014 2431 2084 quidem
2482 2014 2765 2084 praeterit,
2799 2023 2857 2066 ιιι
2906 2010 3186 2082 profanos.
3224 2009 3386 2079 215
3417 2009 3658 2063 Caetero-

2084 2121 2203 2161 rum
2245 2121 2374 2160 vero
2405 2105 2545 2160 alius
2590 2105 2722 2159 vidit
2771 2104 2944 2174 ipsum
2976 2119 3098 2157 cum
3139 2103 3308 2170 gloria
3361 2103 3662 2168 transﬁgu-

2085 2211 2296 2265 ratum;
2331 2197 2613 2253 Carmelus
2647 2197 3049 2251 Elitesortitus
3081 2204 3166 2250 est
3199 2196 3534 2249 mansionem
3571 2195 3662 2259 ";

2082 2290 2325 2346 Olivetus
2357 2289 2532 2359 ipsqu
2563 2289 2616 2342 in
2650 2289 2866 2354 ctelum;
2898 2303 3246 2342 reversurum
3270 2287 3505 2355 excepit.
3539 2285 3666 2340 Fuit

2083 2381 2245 2451 igitur
2270 2392 2694 2435 consentaneum
2729 2381 2780 2432 in
2816 2381 2916 2434 hoc
2951 2387 3134 2431 monte
3166 2376 3452 2430 Dominum
3489 2376 3660 2429 disci-

2083 2473 2224 2543 pulis
2252 2485 2533 2541 apparere.
2555 2469 2685 2523 Nam
2718 2468 2975 2538 quoniam
3011 2466 3236 2521 Galilaea
3265 2465 3659 2519 revolutionem

2084 2559 2356 2628 signiﬁcat
2385 2558 2521 2628 (74),
2557 2572 2713 2611 mons
2739 2565 2918 2610 autem
2959 2555 3194 2610 Galil-mae
3244 2562 3533 2623 superstat,
3569 2568 3666 2620 per

2083 2650 2360 2706 Galilreatn
2399 2650 2486 2702 hic
2538 2637 2772 2701 mundus
2809 2645 3142 2714 intelligatur
3191 2644 3313 2697 aliis
3362 2655 3482 2710 post
3527 2645 3664 2697 alias

2086 2742 2480 2798 mutationibus
2521 2740 2739 2794 assidue
2778 2739 3048 2792 transiens
3094 2753 3158 2791 ac
3193 2735 3512 2792 revolutus:
3567 2751 3666 2804 per

2085 2842 2322 2888 montem
2349 2846 2476 2885 vero
2493 2829 2740 2884 sublimis
2768 2829 2854 2882 illa
2882 2829 3003 2881 vitae
3033 2828 3189 2888 ratio,
3219 2841 3282 2880 ac
3303 2836 3479 2879 status
3501 2839 3664 2894 quem

2086 2922 2345 2983 instituit,
2379 2936 2443 2976 ac
2486 2921 2659 2974 tenuit
2701 2919 2960 2973 Christus
2994 2917 3048 2970 itt
3099 2927 3381 2985 assumpta
3415 2915 3667 2968 humani-

2094 3022 2224 3076 tate,
2255 3011 2346 3080 qui
2376 3021 2428 3064 et
2465 3008 2724 3066 tuundum
2747 3049 2762 3072 ,
2792 3019 2846 3062 et
2879 3006 3176 3076 principem
3230 3005 3414 3058 mundi
3452 3002 3666 3068 vicerit,

2087 3113 2141 3159 et
2169 3104 2367 3161 montis
2403 3102 2575 3156 instar
2621 3116 2785 3170 supra
2818 3115 3032 3157 omnem
3084 3097 3446 3170 principatum
3481 3104 3533 3149 et
3564 3108 3662 3164 po-

2093 3204 2348 3252 testatem
2383 3194 2631 3252 sublatus
2658 3192 2749 3248 sil.
2790 3191 2994 3248 Horum
3027 3191 3189 3261 igitur
3223 3186 3524 3267 symbolum
3565 3187 3669 3240 fuit

2090 3287 2230 3343 facta
2268 3288 2320 3341 in
2349 3285 2586 3341 Galilaeae
2619 3293 2800 3341 monte
2825 3284 3216 3338 manifestatio.

2169 3397 2188 3431 ι
2240 3379 2306 3438 Ει
2335 3379 2581 3433 videntes
2609 3395 2732 3432 eum
2779 3378 3186 3440 adoraverunt,
3220 3377 3440 3444 quidam
3490 3385 3669 3434 autem

2087 3473 2496 3528 dubitaverunt.
2543 3491 2562 3526 ι
2621 3470 2720 3526 llic
2771 3471 3042 3524 discutere
3091 3480 3344 3539 oportet,
3396 3471 3670 3538 quomodo

2087 3577 2277 3616 omnes
2318 3577 2444 3614 eum
2477 3562 2724 3616 videntes
2770 3562 3138 3614 adoraverunt
3163 3599 3180 3623 ,
3230 3562 3448 3628 quidam
3486 3572 3667 3620 autem

2089 3652 2474 3706 dubitaverunt
2524 3669 2538 3706 :
2587 3654 2840 3721 adeoque
2889 3668 2995 3704 non
3047 3667 3235 3706 omnes
3285 3655 3471 3708 eadem
3519 3654 3673 3708 fuere

2093 3743 2399 3809 sententia;
2457 3745 2552 3798 sed
2606 3745 2798 3799 horum
2874 3743 3041 3818 aliqtti
3096 3744 3508 3800 vacillaverunt.
3566 3744 3672 3810 Qui

2093 3839 2256 3908 igitur
2289 3837 2439 3890 fuere
2486 3836 2574 3903 qui
2606 3835 2918 3888 dubitarunt
2947 3873 2962 3896 ,
3000 3845 3052 3887 et
3083 3836 3209 3905 quid
3242 3835 3344 3887 illis
3373 3835 3672 3889 dubitatio-

2092 3949 2211 3985 nem
2246 3929 2468 4000 injecit?
2512 3929 2612 3996 Qui
2651 3929 2794 3981 euim
2851 3938 2976 3981 ante
3029 3943 3126 3981 nos
3161 3927 3303 3984 hunc
3346 3927 3522 3980 locum
3574 3942 3674 3981 ex-

2090 4026 2358 4096 plicantes
2388 4025 2454 4079 de
2484 4021 2691 4077 Thema
2737 4023 2839 4075 hoc
2870 4021 3072 4076 dictqu
3102 4020 3526 4082 existimarunt,
3566 4036 3672 4073 non

2092 4119 2224 4172 tnihi
2272 4119 2523 4171 videnlur
2576 4134 2686 4172 rem
2737 4127 2994 4170 accurate
3047 4117 3445 4171 considerasse.
3478 4114 3533 4169 Si
3575 4115 3675 4170 hoc

2091 4211 2235 4264 enim
2279 4207 2696 4275 signiﬁcandum
2725 4217 2885 4272 erat,
2913 4207 3090 4276 aptius
3120 4218 3242 4259 erat
3275 4207 3523 4260 fortaSsts
3549 4221 3669 4259 eam

2095 4302 2424 4357 sententiam
2464 4299 2722 4370 singulari
2757 4313 2986 4352 numero
3016 4298 3250 4363 etIcrre;
3283 4298 3500 4366 quidattt
3545 4312 3674 4350 vero

2095 4393 2384 4447 dubitavit.
2443 4389 2595 4446 Nunc
2643 4401 2820 4443 autem
2869 4391 3102 4457 plurium
3153 4389 3478 4455 signiﬁcatio
3529 4389 3675 4441 aliud

397 4501 500 4536 νυν
530 4485 688 4546 νοεῖν,
717 4483 790 4544 ὼς
820 4483 879 4536 ού
919 4485 1058 4536 πάνυ
1115 4482 1352 4545 τοιοῦτος
1397 4477 1547 4536 ὦπτο
1585 4487 1696 4547 τοῖς
1727 4485 1983 4555 μαθηταῖς

2106 4485 2296 4537 suadet
2332 4481 2762 4550 intelligendum.
2797 4478 2966 4546 Igitur
2997 4493 3094 4546 par
3122 4487 3204 4531 est
3236 4477 3537 4546 intelligere
3571 4494 3674 4528 non

397 4578 429 4628 ὁ
463 4576 662 4644 Σωτὴρ
696 4577 834 4644 μετὰ
865 4573 963 4644 τὴν
992 4576 1316 4637 ἀνάστασιν,
1359 4569 1470 4637 οἷος
1508 4575 1626 4644 μετ’
1665 4576 1842 4629 αὐτῶν
1884 4578 1992 4647 πρὸ

397 4664 502 4718 τοῦ
546 4667 750 4728 πάθους
797 4665 1286 4733 συνανεστρέφετο,
1313 4663 1427 4716 ἀλλ’
1451 4665 1689 4734 ἑτεροῖος
1729 4665 1790 4717 τὸ
1831 4664 1991 4730 εἶδος,

396 4761 433 4829 ἢ
466 4759 754 4827 πρότερον.
790 4754 898 4810 Ἦν
939 4758 1047 4827 γὰρ
1086 4757 1379 4811 ἀκόλουθον
1418 4757 1513 4810 τοῦ
1564 4759 1993 4829 προσλήμματος

477 4899 523 4929 ²¹
575 4897 710 4950 Gen.
764 4912 890 4960 xix,
939 4895 1007 4949 50
1039 4911 1196 4967 seqq.
1277 4898 1322 4927 "
1357 4897 1420 4952 IV
1463 4896 1598 4966 Reg.
1640 4915 1786 4968 xvu,
1829 4901 1920 4957 ‘24.

2104 4573 2261 4626 talem
2286 4574 2508 4626 omnino
2535 4571 2816 4642 Demittunt
2847 4582 2966 4637 post
2999 4567 3474 4621 liesurrectiottem
3504 4567 3679 4634 qualis

2101 4682 2222 4719 cum
2259 4665 2366 4720 illis
2395 4665 2734 4727 Versabatur,
2774 4673 3064 4730 antequam
3100 4670 3411 4729 pateretur;
3448 4664 3538 4711 sed
3571 4659 3674 4710 alia

2101 4761 2336 4829 quadam
2389 4759 2572 4827 Specie
2605 4755 2740 4826 (75),
2777 4764 2938 4824 atque
2987 4765 3104 4807 erat
3135 4763 3288 4806 antea
3315 4791 3330 4817 ,
3385 4753 3674 4806 videndum

1999 4904 2045 4934 ²³
2082 4903 2122 4958 il
2159 4901 2290 4969 Reg.
2335 4914 2501 4966 xvttt,
2538 4898 2628 4953 Η.

1650 5027 1979 5091 Francisci
2024 5030 2235 5091 Scorsi
2273 5039 2461 5090 nota).

483 5148 598 5218 (73)
640 5147 948 5200 Latibulum
991 5147 1251 5200 idolorum
1285 5148 1412 5214 fuit.
1446 5148 1708 5203 Narratur
1758 5151 1989 5206 histmia

401 5219 472 5276 IV
525 5220 654 5286 Meg.
713 5233 834 5286 cap.
866 5232 971 5271 xvu
1004 5229 1058 5269 et
1107 5217 1174 5270 ab
1212 5220 1327 5284 ipso
1371 5219 1634 5274 Cerameo
1669 5221 1832 5274 latius
1889 5237 1988 5274 ex—

402 5299 650 5360 p'tcatur
675 5288 822 5360 hotn.
870 5302 1075 5360 xxxvttt
1109 5290 1173 5339 de
1215 5287 1588 5360 Samaritana,
1629 5293 1716 5344 ubi
1754 5291 1801 5343 si
1862 5290 1992 5359 quid

401 5357 480 5414 au
546 5361 691 5411 hunc
744 5357 925 5410 locum
986 5359 1137 5420 facit,
1191 5373 1220 5409 a
1287 5359 1446 5412 nobis
1505 5371 1590 5413 est
1651 5357 1992 5414 adnotatum.

483 5471 594 5540 (τι)
632 5467 859 5524 ϐιιιὶίίεα
902 5472 1272 5524 rerolutiouent
1311 5471 1508 5539 signat.
1564 5471 1636 5524 De
1692 5473 1791 5526 hoc
1814 5482 1997 5542 etymo

402 5545 653 5597 tlixuuus
701 5544 850 5612 hom.
889 5556 938 5604 ν,
979 5552 1090 5594 not.
1131 5543 1224 5596 95.
1264 5542 1316 5594 ltt
1355 5545 1542 5595 eodem
1579 5552 1758 5612 etymo
1791 5560 1876 5610 pte
1911 5545 1995 5596 lu-

402 5622 547 5666 dunt
601 5623 656 5666 et
693 5623 748 5665 ta.
781 5611 1080 5677 Gregorius
1114 5612 1341 5680 Nyssen.
1377 5621 1516 5666 orat.
1545 5613 1605 5676 2,
1637 5611 1708 5666 de
1737 5613 1988 5678 liesurr.,

403 5689 470 5739 5.
498 5688 759 5752 August,
799 5680 1028 5749 Gregor.
1061 5680 1308 5748 Magnus,
1340 5696 1393 5736 et
1417 5683 1583 5734 Beda.

2103 5153 2178 5206 ris
2223 5152 2506 5222 gloriticati
2566 5162 2671 5215 est,
2717 5160 2772 5206 ut
2836 5167 3034 5220 corpus
3091 5151 3209 5218 ejus
3268 5153 3535 5213 videatur,
3591 5158 3684 5202 aut

2105 5239 2207 5276 non
2261 5226 2533 5286 videatur,
2569 5223 2865 5292 itidemque
2921 5224 2971 5275 itt
3009 5222 3127 5291 ejus
3187 5232 3500 5292 potestate,
3532 5223 3675 5292 qno_d

2105 5293 2326 5346 claritas
2373 5293 2489 5358 ejus
2552 5290 2823 5358 videatur,
2868 5293 2948 5344 vel
2996 5290 3100 5345 neu
3162 5295 3431 5348 videatur.
3490 5291 3564 5344 Ita
3620 5290 3678 5343 S.

2105 5360 2342 5437 Thomas
2381 5374 2572 5429 qmest.
2629 5362 2858 5437 54η.ᾳεί,
2893 5364 2911 5416 1
2945 5363 3120 5437 υιιηεὶ,
3175 5374 3228 5417 et
3261 5375 3364 5416 art.
3392 5364 3448 5437 _5,
3497 5362 3604 5437 ad..
3628 5361 3680 5422 1,

2109 5433 2196 5482 ubi
2261 5441 2439 5482 tamen
2499 5437 2668 5486 sentit
2727 5434 3006 5487 Christum
3045 5433 3094 5484 in
3168 5448 3265 5486 suo
3323 5433 3500 5483 colore
3563 5433 3682 5481 sine

2108 5501 2290 5567 aliqua
2347 5503 2597 5555 claritate
2649 5504 2822 5556 visum
2853 5519 2974 5556 esse
3009 5503 3307 5572 discipulis.
3331 5500 3682 5572 ΔΜιιίιίοιιιιῑιιε

2109 5581 2292 5624 uoster
2323 5573 2482 5624 aliam
2516 5583 2632 5640 post
2663 5569 3457 5638 Resurrectionem'gloriﬁcati
3503 5581 3678 5640 quam

2105 5653 2231 5710 ante
2312 5638 2550 5709 patibilis
2625 5656 2792 5710 atque
2884 5643 3130 5696 mortalis
3181 5643 3409 5693 formam
3478 5638 3678 5690 Christi

2108 5708 2275 5763 fuisse
2317 5708 2716 5765 necessiriuttr
2744 5714 2912 5778 ducit,
2982 5712 3436 5780 quemadmodum
3479 5720 3533 5762 et
3579 5723 3681 5780 nov

482 5778 598 5851 σε»)
642 5775 748 5830 Sed
778 5775 886 5830 alia
918 5776 1356 5845 quadanupecie.
1424 5775 1480 5830 In
1515 5786 1784 5846 potestate
1805 5793 2003 5847 corpo-
2114 5788 2355 5835 atrorum
2408 5798 2699 5854 corporum
2725 5775 3037 5854 aliam'post
3099 5779 3550 5836 resurrectionem
3574 5777 3684 5832 Ior-
