4042 6438
330 352 433 419 611

1544 351 2047 414 THEOPHANIS
2087 351 2435 413 CERAMEI

3506 350 3616 415 622

332 481 394 521 se
428 464 726 535 praebuisse
763 463 1072 537 discipulis.
1127 464 1566 521 Consentaneum
1600 465 1747 519 enim
1783 475 1925 528 erat,

2035 466 2200 521 αὐτοῦ
2254 466 2691 539 μεταϐληθέντος
2747 465 2827 529 εἰς
2859 464 2920 520 τὺ
2945 465 3235 532 ἀθάνατον,
3299 468 3627 537 καινοτέραν

336 573 463 613 cum
500 570 780 627 assumpta
822 558 1138 614 humanitas
1165 555 1278 625 jam
1306 565 1453 611 esset
1504 557 1560 612 in
1598 557 1922 613 immortali-

334 651 466 707 tatis
488 661 689 707 statum
714 653 986 715 traducta,
1009 664 1203 705 novam
1225 648 1342 717 ejus
1369 649 1598 705 formam
1622 650 1923 715 exsistere;

335 754 505 814 atque
552 744 689 798 adeo
722 742 812 798 ille
844 742 936 812 qui
976 743 1160 797 mundi
1211 742 1389 798 victor
1417 752 1689 809 evaserat,
1717 752 1772 797 et
1801 757 1926 797 cor-

334 851 436 906 pus
468 836 881 904 incorruptioue
905 835 1160 898 donarat,
1186 843 1239 890 et
1269 834 1445 890 factus
1471 845 1647 890 morte
1678 835 1930 905 superior

332 936 494 991 erat,
547 924 771 994 pulchra
824 924 1061 995 quadam
1111 935 1168 980 et
1219 925 1421 980 illustri
1461 925 1745 994 majestate
1791 941 1929 994 prae-

337 1017 598 1088 fulgebat.
653 1015 767 1071 Hoc
797 1024 982 1072 autem
1018 1018 1272 1087 praedixit
1323 1019 1484 1073 etiam
1518 1018 1689 1072 David
1719 1037 1732 1073 :
1766 1038 1786 1071 ‹
1828 1018 1932 1073 Do-

333 1113 514 1167 minus
562 1112 849 1182 regnavit,
905 1111 1159 1166 decorem
1212 1111 1385 1165 induit
1435 1110 1518 1175 “;
1558 1129 1578 1164 ι
1634 1110 1724 1165 ubi
1757 1110 1809 1165 id
1846 1125 1931 1164 re-

332 1221 499 1275 gnum
521 1244 539 1270 ,
570 1214 628 1259 et
660 1219 724 1258 ea
757 1204 1061 1259 dominatio
1093 1204 1568 1273 prasigniﬁcatur,
1602 1219 1765 1272 quam
1810 1212 1932 1273 post

340 1292 829 1348 Resurrectionem
860 1291 1117 1347 obtinuit.
1135 1291 1304 1358 Quam
1333 1294 1478 1346 enim
1496 1301 1822 1362 potestatem
1853 1293 1929 1346 uti

332 1385 481 1442 Deus
528 1400 744 1456 semper
773 1385 1042 1440 habuerat
1065 1424 1080 1448 ,
1117 1385 1257 1439 hanc
1286 1399 1347 1440 ut
1371 1386 1533 1440 homo
1564 1397 1685 1455 post
1722 1383 1932 1442 Resur-

333 1477 638 1533 rectionem
681 1477 1000 1546 accipiens,
1031 1486 1086 1530 et
1132 1476 1406 1531 universae
1454 1478 1532 1532 rei
1578 1488 1775 1532 creata:
1819 1477 1930 1546 jam

333 1570 637 1629 Dominus.
688 1568 954 1637 prmclaro
984 1568 1224 1638 quodam
1280 1570 1479 1625 decore
1541 1580 1597 1624 et
1629 1571 1935 1641 pulchritu-

334 1659 466 1717 dine
495 1660 758 1729 praaditus
792 1660 1111 1727 apparrhat.
1145 1657 1264 1712 Non
1299 1662 1607 1715 immutatis
1638 1661 1935 1715 lineamen-

332 1755 440 1816 tis,
508 1754 602 1807 sed
655 1751 822 1822 216
879 1751 1219 1807 inimitabilis
1271 1753 1554 1822 cujusdam
1616 1754 1928 1824 pulchritu-

2028 559 2282 623 γενέσθαι
2303 560 2405 629 τὴν
2438 561 2659 630 μορφήν
2688 575 2703 592 ο
2739 561 2834 613 καὶ
2864 561 2897 613 ὁ
2934 558 3027 612 τὸν
3056 560 3263 629 κόσμον
3294 559 3624 632 νενικηκὼς,

2028 651 2212 703 καὶτὸ
2262 650 2424 720 σῶμα
2473 650 2853 721 ὴφθαρτικὼς,
2907 650 3003 703 καὶ
3056 649 3123 702 θα
3139 650 3292 703 δάτου
3323 650 3627 722 ὑπέρτερος

2029 747 2310 810 πεφυκὼς,
2353 742 2535 814 ὠραίᾳ
2581 743 2693 795 τινὶ
2726 741 2821 795 καὶ
2848 740 3078 812 λαμπρᾷ
3103 740 3235 815 δόξῃ
3284 742 3630 813 περιηστρά-

2030 850 2216 888 πτετο.
2274 833 2449 887 Τοῦτο
2493 833 2552 888 δέ
2579 833 2674 888 καὶ
2699 836 2727 886 ὁ
2755 833 2918 886 sum
2953 833 3412 905 προανεφὼνησεν
3444 850 3460 866 ο
3497 852 3516 885 ι
3568 833 3626 887 '0

2030 926 2238 997 Κύριος
2291 925 2670 991 ἐϐασίλευσεν,
2705 926 3044 995 εὐπρέπειαν
3097 924 3410 992 ἐνεδύσατο,
3452 944 3473 978 ι
3526 926 3627 994 τὴν

2035 1018 2175 1088 μετά
2231 1015 2331 1088 τὴν
2381 1016 2683 1070 ἀνάστασιν
2738 1015 3137 1088 προσημαίνων
3198 1016 3480 1086 βασιλείαν
3529 1016 3628 1069 καὶ

2033 1110 2356 1182 κυριότητα.
2400 1110 2506 1163 Ἦν
2537 1109 2645 1178 γάρ
2693 1109 2768 1172 ὡς
2823 1108 2956 1171 Θεὸς
3006 1107 3260 1174 ἐξουσίαν
3314 1104 3462 1178 εἶχεν
3516 1108 3623 1174 ἀεὶ,

2030 1200 2239 1271 ταύτην
2278 1199 2354 1262 ὡς
2389 1199 2676 1270 ἄνθρωπος
2718 1197 2957 1266 εἰληφὼς
2989 1197 3129 1269 μετά
3164 1198 3262 1269 τὴν
3301 1198 3624 1261 ἀνάστασιν,

2033 1294 2128 1347 καὶ
2169 1293 2353 1364 πάσης
2390 1290 2694 1362 κυριεύσας
2723 1290 2825 1360 τῆς
2875 1288 3130 1356 κτίσεως,
3177 1289 3315 1361 μετὰ
3361 1288 3625 1360 λαμπρᾶς

2031 1384 2216 1455 ὼρᾶτο
2254 1384 2618 1455 εὐπρεπείας,
2653 1384 2749 1438 καὶ
2793 1381 3130 1455 ὡραιότητος
3162 1399 3177 1413 ·
3223 1384 3283 1437 οὐ
3321 1401 3628 1454 μεταποιη-

2036 1478 2240 1533 θέντων
2256 1476 2366 1530 τῶν
2382 1477 2774 1548 χαρακτήρων,
2792 1475 2931 1530 ἀλλ-ἀ
2961 1476 3194 1540 κάλλους
3210 1475 3379 1529 αὑτοῦ
3407 1476 3627 1547 ἀμιμή-

2033 1585 2130 1622 του
2156 1569 2612 1637 προσγινομένου,
2645 1566 2828 1630 καθὼς
2860 1568 2955 1622 καὶ
3000 1568 3059 1620 ἐν
3093 1570 3157 1638 τῇ
3198 1567 3626 1638 μεταμορφώσει

2033 1664 2094 1716 τὸ
2128 1663 2415 1733 πρότερον.
2440 1662 2551 1715 Καὶ
2575 1661 2715 1730 τάχα
2751 1662 2891 1730 μετὰ
2921 1659 3126 1728 ταύτης
3165 1660 3260 1731 τῆς
3288 1658 3625 1731 εὐπρεπείας

2035 1756 2275 1825 ὁρῶντες
2303 1753 2465 1808 αὐτὸν
2494 1756 2544 1806 οἱ
2588 1753 2811 1820 ἄγγελοι
2862 1754 2998 1823 πρὸς
3033 1754 3299 1822 οὐρανοὺς
3328 1750 3631 1822 ἀνερχόμε-

332 1843 478 1901 diuis
505 1843 826 1897 accessione
852 1840 1030 1908 facta;
1056 1841 1218 1895 sicuti
1251 1857 1374 1896 cum
1402 1842 1456 1897 in
1499 1852 1685 1898 monte
1713 1842 1929 1898 Thahor

2040 1820 2129 1902 νον
2158 1847 2424 1916 ἀλλήλους
2456 1845 2724 1901 ἐπύθοντο
2748 1861 2762 1877 ⁸
2817 1864 2836 1899 t
2878 1820 2976 1910 Τίς
3000 1820 3157 1909 οὗτος
3188 1849 3216 1899 ό
3245 1820 3631 1916 παραγενόμε-

331 1935 758 2005 transﬁguratus
805 1942 889 1988 est
919 1933 1095 2001 prius.
1123 1932 1194 1987 Et
1224 1932 1465 1990 fortasse
1518 1935 1624 1990 hoc
1677 1945 1930 1990 ornatum

332 2030 533 2083 decore
567 2033 913 2096 spectantes,
945 2039 1073 2079 eum
1107 2025 1160 2079 in
1192 2024 1390 2081 malum
1413 2010 1799 2082 ascendentem
1833 2040 1929 2080 an-

330 2120 434 2192 geli
487 2118 580 2173 alii
633 2118 773 2173 alios
821 2116 1273 2186 interrogabant:
1334 2137 1353 2169 ι
1392 2117 1530 2185 Quis
1567 2126 1652 2174 est
1688 2118 1779 2174 hic
1837 2118 1933 2189 qui

330 2214 485 2269 venit
509 2214 577 2270 de
605 2213 778 2269 Edom
806 2253 822 2274 ,
854 2214 958 2268 iste
981 2212 1257 2269 formosus
1286 2213 1341 2267 in
1364 2213 1499 2269 stola
1531 2228 1631 2269 sua
1658 2213 1745 2268 ἐἳ
1780 2212 1935 2269 Hauc

334 2305 543 2362 ChriSti
576 2307 817 2375 speciem
852 2306 1192 2376 prospiciens
1218 2304 1477 2361 Salomon
1515 2305 1726 2361 dicebat
1760 2307 1939 2361 admi-

336 2402 489 2455 rans
535 2400 587 2454 in
616 2400 871 2456 Cantico.
910 2417 933 2452 ι
995 2399 1167 2466 Quam
1220 2399 1447 2470 pulcher
1499 2400 1676 2456 factus
1728 2414 1830 2469 es,
1882 2410 1939 2457 et

334 2492 513 2549 dulcis
541 2493 627 2548 “l
674 2510 695 2545 ι
735 2492 812 2548 Ac
847 2506 915 2547 ne
948 2493 1132 2547 divina
1168 2492 1284 2547 haec
1331 2493 1543 2564 species
1568 2493 1854 2564 peregrina
1882 2504 1937 2547 et

340 2583 644 2638 adventitia
695 2584 810 2656 (76)
859 2583 935 2639 illi
994 2598 1023 2637 a
1059 2584 1292 2657 mortuis
1341 2584 1600 2641 restituto
1634 2585 1933 2649 videretur,

331 2690 399 2731 ea
427 2690 488 2730 se
522 2674 701 2730 forma
748 2676 1124 2745 splendentem
1169 2675 1459 2745 discipulis
1494 2681 1936 2746 praemonstravit

334 2767 396 2821 in
453 2767 699 2823 Thabor.
753 2765 1194 2837 Transﬁguratio
1244 2769 1446 2839 quippe
1483 2769 1664 2841 imago
1712 2768 1847 2834 fuit,
1883 2780 1937 2826 et

332 2857 537 2913 futura!
592 2868 717 2931 post
766 2857 1253 2915 Resurrectionem
1300 2861 1489 2931 gloriae
1543 2863 1934 2933 praaﬁguratio.

331 2947 410 3004 Ea
450 2950 617 3020 igitur
663 2952 849 3020 specie
900 2952 954 3005 in
1010 2961 1199 3008 monte
1246 2950 1486 3008 Galilm
1537 2954 1687 3009 visus
1719 2963 1803 3009 est
1832 2971 1938 3010 un-

333 3048 538 3111 decim,
573 3064 678 3118 qua
715 3049 892 3104 tribus
924 3048 1209 3119 discipulis
1232 3049 1384 3120 prius
1411 3050 1467 3104 in
1487 3048 1731 3107 Thabor.
1755 3051 1938 3120 Quare

2038 1957 2127 2002 νος
2180 1938 2241 2005 ἐξ
2299 1938 2526 2008 Ἑδώμς
2574 1933 2729 2002 οὗτος
2781 1940 2983 2009 ὡραῖος
3037 1940 3096 1991 ἐν
3155 1937 3316 2007 στολῇ
3379 1934 3566 1989 αὐτοῦ.
3603 1953 3624 1987 ›

2037 2032 2260 2103 Ταύτην
2300 2032 2401 2102 τὴν
2435 2031 2749 2102 ὡραιότητα
2794 2029 3035 2101 Χριστοῦ
3090 2027 3345 2099 Σολομὼν
3390 2027 3630 2099 προϊδὼν

2038 2125 2225 2194 ἔλεγεν
2279 2126 2336 2178 ἐν
2383 2124 2463 2194 τῷ
2518 2122 2762 2195 ’ᾼσματι
2805 2121 3061 2193 τεθηπώς
3092 2137 3109 2152 °
3152 2141 3172 2173 ι
3204 2122 3269 2174 Τί
3315 2118 3629 2192 ὼραιώθης,

2037 2218 2136 2273 καὶ
2195 2215 2250 2270 τί
2306 2214 2543 2287 ήδύνθης
2574 2231 2590 2281 ;
2622 2234 2640 2266 ι
2704 2215 2814 2268 Καὶ
2849 2213 2925 2277 ὡς
2964 2212 3033 2268 ἂν
3069 2213 3145 2284 μὴ
3194 2212 3324 2283 δόξῃ
3373 2212 3436 2265 τὺ
3487 2206 3634 2274 εἶδος

2037 2311 2197 2365 τοῦτο
2228 2310 2287 2363 τὸ
2330 2309 2472 2363 θεῖον
2505 2308 2835 2360 ἐπείσακτον
2878 2304 3029 2376 αὐτῷ
3068 2304 3329 2374 γενέσθαι
3363 2302 3503 2374 μετά
3527 2304 3630 2371 τὴν

2038 2406 2106 2459 ἐκ
2164 2402 2378 2474 νεκρῶν
2435 2401 2757 2467 ἀναϐίωσιν,
2820 2400 3208 2471 προδείκνυσιν
3263 2398 3460 2452 ἑαυτὸν
3515 2400 3632 2459 τοῖς

2042 2498 2317 2570 μαθηταῖς
2334 2498 2393 2550 ἐν
2412 2494 2613 2567 Θαόὼρ
2629 2495 2861 2566 τοιούτῳ
2879 2494 3067 2548 κάλλει
3088 2495 3324 2547 ἐναποστ
3333 2492 3629 2562 ράπτοντα.

2053 2592 2119 2647 Ἢ
2167 2592 2280 2663 γὰρ
2340 2591 2776 2663 μεταμόρφωσις
2824 2588 2929 2660 τῆς
2991 2587 3132 2660 μετά
3175 2586 3276 2658 τὴν
3332 2586 3633 2639 ἀνάστασιν

2038 2687 2199 2756 δόξης
2226 2686 2391 2739 είκων
2418 2680 2510 2756 ἦν,
2537 2686 2635 2738 καὶ
2667 2683 3047 2753 προτύπωσις.
3072 2682 3229 2736 Μετὰ
3252 2681 3347 2752 τῆς
3371 2677 3633 2746 τοιαύτης

2039 2778 2133 2832 οὖν
2190 2777 2408 2850 μορφῆς
2452 2780 2512 2831 ἐν
2556 2777 2636 2848 τῷ
2677 2777 2778 2846 τῆς
2825 2776 3117 2839 Γαλιλαίας
3148 2775 3267 2847 ὄρει
3313 2771 3473 2842 ὤφθη
3519 2772 3633 2833 τοῖς

2039 2874 2254 2937 ἕνδεκα,
2307 2872 2431 2944 μεθ’
2473 2873 2593 2936 οἵας
2635 2874 2751 2935 τοῖς
2809 2871 2990 2940 τρισὶν
3037 2867 3195 2939 ὤφθη
3237 2867 3507 2938 πρότερον
3549 2865 3633 2925 εἰς

2038 2966 2103 3019 τὸ
2128 2965 2347 3037 Θασώρ,
2377 2964 2470 3017 Διδ
2496 2967 2591 3017 καὶ
2621 2963 2826 3035 Πέτρος
2855 2961 2977 3031 μέν,
3011 2960 3107 3014 καὶ
3132 2959 3181 3012 oi
3210 2956 3306 3010 τοῦ
3337 2952 3631 3009 Ζεσεδαίου

2041 3061 2174 3124 υἱοὶ,
2233 3058 2525 3128 ἀκλόνητοι
2585 3057 2964 3127 μεμενήκασιν
3001 3051 3477 3123 ἀναγνωρίσαντες
3528 3048 3632 3119 τὴν

333 3152 391 3198 et
422 3144 638 3211 Petrus,
679 3154 733 3199 et
762 3145 857 3201 ﬁlii
893 3144 1143 3201 Zebedaei
1182 3146 1531 3218 splendorem
1565 3147 1717 3204 illum
1766 3165 1929 3220 quem

2035 3156 2159 3210 τότε
2209 3152 2598 3224 λαμπρότητα.
2651 3148 2810 3202 Ὅσοι
2839 3148 2897 3201 δὲ
2926 3147 3002 3218 μὴ
3039 3148 3140 3216 τὴν
3191 3143 3629 3215 μεταμόρφωσιν

331 3250 467 3299 tunc
534 3243 786 3297 viderant
835 3254 1243 3314 agnoscentes,
1292 3244 1503 3301 immoti
1552 3248 1927 3318 perstiterunt.

333 3338 621 3408 Quotquot
676 3353 805 3394 vero
856 3338 1305 3410 transﬁguratum
1361 3340 1649 3396 Dominum
1684 3353 1929 3398 contem—

333 3433 470 3504 plati
500 3447 606 3487 non
638 3431 883 3499 fuerant,
918 3435 1181 3490 inusitata
1218 3435 1307 3490 illa
1357 3436 1529 3493 forma
1559 3439 1794 3510 perculsi
1825 3440 1930 3496 du-

339 3526 681 3581 bitaverunt.
717 3520 874 3581 Unde
907 3527 1045 3582 nihil
1088 3542 1184 3584 eos
1232 3529 1524 3599 increpans
1572 3531 1930 3589 dubitationis

332 3615 485 3671 illam
518 3616 875 3686 asperitatem
922 3617 1103 3685 tollit,
1136 3634 1202 3675 ac
1234 3621 1411 3677 veluti
1447 3622 1732 3680 declarans
1758 3640 1927 3696 appa-

339 3710 517 3764 rentia
569 3709 716 3764 illius
769 3708 961 3765 forma:
1018 3711 1323 3768 claritatem
1367 3730 1381 3767 :
1421 3732 1441 3765 ι
1477 3714 1608 3770 Data
1658 3727 1743 3771 est
1770 3718 1927 3783 mihi,

335 3800 559 3869 inquit,
586 3802 765 3857 Omnis
793 3810 1037 3870 potestas
1065 3802 1117 3856 in
1149 3805 1312 3871 caelo,
1348 3809 1488 3861 etin
1543 3817 1684 3862 terra
1719 3809 1820 3874 ",t
1860 3824 1928 3863 nc

333 3907 478 3948 novo
504 3894 823 3963 spectaculo
850 3880 1006 3951 mens
1029 3905 1209 3951 vestra
1239 3911 1671 3967 commoveatur,
1696 3890 1927 3958 turmam

337 3985 478 4040 hanc
500 4002 675 4040 meam
698 3987 831 4043 solis
860 3988 1036 4043 instar
1059 3970 1359 4044 vibrantem
1385 3992 1569 4048 radios
1588 3998 1927 4065 conspicata,

334 4089 445 4130 non
474 4078 619 4131 enim
656 4077 788 4132 mihi
820 4093 1023 4148 corpus
1068 4079 1483 4139 inﬁrmitatibus
1517 4086 1701 4141 carnis
1747 4088 1932 4156 subje-

335 4176 486 4221 cmm
528 4178 602 4222 est
642 4168 879 4237 amplius
905 4208 921 4233 ,
955 4169 1053 4225 sed
1083 4171 1294 4241 ejectus
1319 4172 1432 4242 jam
1477 4177 1666 4231 mundi
1704 4178 1932 4248 hujusce

333 4260 596 4330 princeps
625 4277 640 4328 ;
680 4276 745 4316 ac
775 4262 908 4316 mihi
942 4272 1208 4332 potestas,
1243 4276 1300 4320 et
1326 4265 1627 4323 dominium
1655 4271 1930 4329 universae

336 4360 606 4407 creatura:
640 4356 900 4407 traditum
937 4363 1042 4410 est.
1081 4354 1293 4411 Etenim
1337 4372 1461 4414 cum
1493 4357 1609 4416 Rex
1636 4373 1782 4418 esset
1827 4381 1930 4419 na-

336 4452 474 4498 turae
505 4445 670 4499 totius
725 4460 790 4501 ac
829 4445 1117 4513 Dominus,
1145 4456 1200 4502 et
1227 4448 1342 4520 jam
1389 4461 1517 4508 ante
1562 4469 1725 4511 omne
1752 4472 1926 4512 aevum

408 4567 454 4597 "
488 4565 630 4621 l‘sal.
665 4581 833 4633 χειν,
866 4567 920 4623 1.
998 4568 1043 4601 ’⁸
1084 4568 1169 4625 lsa
1207 4585 1341 4627 mu
1365 4612 1382 4638 ,
1426 4573 1482 4631 1.

1559 4575 1607 4608 ’⁸
1661 4575 1823 4633 Cant.
1858 4594 1914 4645 ι,
1959 4578 2046 4634 16.

2037 3248 2354 3314 ἐθεάσαντο,
2384 3244 2463 3316 τῷ
2492 3242 2757 3314 ἀσυνήθει
2786 3240 2890 3312 τῆς
2924 3243 3142 3312 μορφῆς
3178 3236 3632 3309 κρταπλαγὲντες

2035 3342 2348 3396 ἐδίστασαν.
2379 3339 2474 3393 Διὸ
2521 3340 2614 3392 καὶ
2665 3337 2954 3407 μηδοτιοῦν
2994 3333 3214 3398 τούτοις
3272 3331 3634 3403 μεμψάμενος

2034 3433 2383 3488 καταλεαίνει
2434 3430 2528 3485 τοῦ
2587 3426 2891 3499 δισταγμοῦ
2949 3424 3050 3494 τὴν
3103 3423 3421 3496 τραχύτητα
3447 3461 3464 3484 ,
3515 3414 3630 3474 οἷον

2035 3525 2431 3599 ἐφερμηνεύων
2483 3525 2671 3586 αὐτοῖς
2713 3523 2817 3594 τῆς
2870 3519 3202 3591 χαινομένης
3260 3518 3478 3590 μορφῆς
3529 3516 3629 3587 τὴν

2032 3621 2437 3692 λαμπρότητα·
2475 3622 2501 3671 ἰ
2542 3616 2739 3686 Ἐδόθη
2787 3634 2899 3688 μοι,
2947 3616 3146 3684 λέγων,
3197 3616 3352 3666 πᾶσα
3405 3610 3626 3676 ἐξουσία

2033 3717 2093 3769 ἐν
2114 3714 2333 3787 ούρανῷ
2362 3712 2460 3767 καὶ
2494 3712 2554 3765 ἐν
2591 3714 2659 3782 τῇ
2695 3712 2789 3781 γῇ.
2829 3726 2849 3761 ι
2908 3707 3002 3781 Μὴ
3052 3704 3376 3774 ξενιζέσθω,
3434 3704 3623 3774 φησὶν,

2033 3811 2192 3881 ἡμῶν
2242 3811 2277 3881 ἡ
2321 3808 2533 3861 διάνοια
2575 3805 2887 3875 βλεπόντων
2945 3803 3007 3855 τὸ
3051 3801 3151 3871 τῆς
3207 3798 3348 3868 ἐμῆς
3406 3795 3625 3868 μορφῆς

2033 3903 2358 3974 ήλιόὸλητον
2383 3918 2398 3933 ο
2426 3901 2527 3952 οὐκ
2562 3897 2680 3951 ἐστι
2723 3895 2834 3966 γάρ
2894 3911 2998 3965 μου
3050 3894 3111 3947 τὸ
3161 3893 3323 3963 σῶμα
3369 3892 3427 3944 ἐν
3467 3890 3624 3942 ἀσθε-

2032 3976 2208 4059 νείαις
2252 3994 2336 4047 ἔτι
2386 3992 2592 4064 σαρκός
2626 4006 2641 4019 ·
2684 3989 2803 4043 ἀλλ’
2842 3990 2872 4042 ὁ
2928 3988 3029 4059 μὲν
3063 3988 3253 4058 ἄρχων
3281 3983 3377 4037 τοῦ
3414 3982 3623 4051 κόσμου

2032 4087 2228 4142 τούτου
2261 4085 2623 4156 ἐκὸέίληται,
2662 4084 2697 4152 ἡ
2728 4081 2786 4134 δὲ
2830 4079 3053 4145 ἐξουσία
3097 4079 3191 4132 καὶ
3229 4076 3490 4149 κυριότης
3523 4074 3626 4127 πά-

2036 4199 2139 4254 σης
2171 4181 2271 4251 τῆς
2300 4179 2534 4242 κτίσεως
2570 4179 2696 4247 ἐμοὶ
2722 4175 2956 4229 δέδοται.
2983 4173 3253 4236 Βασιλεὺς
3292 4172 3401 4242 γάρ
3425 4168 3501 4223 ὢν
3530 4169 3628 4221 καὶ

2034 4273 2315 4341 Δεσπότης
2371 4270 2558 4340 πάσης
2612 4268 2713 4338 τῆς
2776 4267 3030 4337 φύσεως,
3089 4267 3186 4318 καὶ
3254 4262 3362 4333 πρὸ
3422 4259 3625 4322 παντὸς

2035 4365 2234 4428 αἰῶνος
2281 4363 2526 4434 ἔμφυτον
2573 4360 2713 4430 ἔχων
2748 4357 2809 4411 τὸ
2845 4356 3180 4428 βασιλεύειν,
3222 4349 3303 4417 ὡς’
3337 4352 3627 4422 ἄνθρωπος

2036 4459 2194 4529 παρὰ
2223 4456 2320 4511 τοῦ
2356 4455 2571 4527 Πατρὸς
2606 4454 2686 4517 είς
2716 4451 2942 4524 βασιλέα
2968 4450 3433 4522 κεχειροτόνηται.
3472 4442 3627 4497 Ἐπεὶ

2126 4581 2171 4613 ³⁷
2207 4578 2403 4633 Matth.
2455 4591 2625 4632 χινιιι
2652 4615 2667 4640 ,
2706 4575 2795 4630 18.

1579 4697 1905 4762 Francisci
1944 4702 2155 4764 Scorsi
2192 4711 2360 4762 notat

353 4808 501 4867 mam
531 4790 647 4846 fore
685 4800 922 4867 testatur
967 4791 1283 4867 D._Paulus
1308 4794 1329 4849 l
1358 4794 1610 4867 Cor._xv,
1653 4797 1727 4850 ita
1760 4805 1940 4854 tamen
1974 4813 2019 4867 υ
2049 4815 2103 4854 et
2141 4802 2382 4854 rationes
2413 4798 2516 4863 lite,
2545 4812 2666 4867 quae
2701 4806 3029 4866 sequuntur.
3061 4790 3399 4867 08‘9"““F'9i
3449 4803 3627 4867 ηθιιειθ

336 4865 523 4925 aliam,
565 4874 623 4916 ut
660 4861 888 4930 efﬁgies,
942 4877 997 4918 et
1031 4865 1374 4919 lineatnenta
1407 4865 1596 4920 eadem
1650 4880 1928 4923 maneant.

337 4934 494 4997 Quod
526 4944 581 4985 et
639 4932 835 4988 Noster
893 4936 997 4990 hoc
1034 4936 1157 4989 loco
1191 4935 1448 4998 advertit,
1492 4937 1646 4991 color
1680 4939 1930 4995 diversus

338 5014 631 5073 appareat:
653 5007 1107 5069 quemadmodum
1130 5007 1181 5058 in
1202 5004 1703 5073 Trausﬁguratione
1725 5009 1928 5064 factum

339 5085 447 5135 est,
482 5082 541 5149 ut
561 5076 724 5149 etiam
759 5077 944 5149 innuit
970 5077 1030 5130 D.
1058 5077 1290 5149 August.
1319 5076 1453 5129 Nam
1478 5078 1722 5149 profecto
1748 5080 1926 5149 fulgor

339 5154 397 5199 et
449 5142 671 5216 claritas
727 5146 982 5216 corporis
1042 5142 1248 5200 Christi
1301 5142 1708 5216 naturaliterex
1740 5142 1913 5204 animi

340 5212 531 5288 gloria
565 5212 926 5288 redundaliat,
959 5215 1088 5286 quin
1122 5225 1177 5270 et
1220 5215 1488 5288 principio
1546 5220 1926 5288 coneeptionis

341 5286 553 5358 stt-.eab
591 5285 769 5358 anima
817 5287 1055 5358 gloriosa
1089 5300 1186 5354 per
1224 5285 1561 5358 fruitidnetn
1623 5285 1925 5345 divinitatis

344 5353 640 5429 perfectam
682 5353 985 5429 redundare
1015 5353 1281 5429 debuerat
1326 5356 1431 5429 nisi
1468 5372 1583 5429 _per
1640 5360 1927 5429 dispensa-

348 5430 551 5479 tionem
587 5426 846 5496 impcdita
877 5427 1071 5482 fuisset
1100 5442 1123 5496 :7
1146 5438 1203 5481 ut
1241 5427 1427 5480 itidem
1464 5427 1528 5479 D.
1568 5426 1811 5485 Thomas
1839 5446 1924 5486 as-

349 5499 508 5568 serit,
546 5495 742 5563 quafst.
779 5498 923 5552 dicta
956 5507 1060 5551 art.
1105 5495 1160 5560 2,
1214 5498 1269 5551 in
1316 5512 1569 5568 corpore.
1627 5503 1761 5566 Quae
1802 5516 1924 5554 cum

348 5565 423 5617 ita
457 5567 560 5619 sint
611 5570 812 5634 po-ita,
870 5584 977 5623 non
1017 5568 1225 5640 videtur
1272 5565 1600 5636 repugnare,
1654 5565 1806 5640 quod
1837 5573 1927 5626 hic

350 5647 756 5706 commentatur
790 5650 977 5693 uoster
1011 5636 1290 5692 Christum
1320 5640 1638 5706 apparuisse
1664 5636 1715 5694 iit
1744 5654 1928 5696 monte

349 5702 589 5758 Gali-Iaca:
615 5707 932 5773 gloriosum,
963 5720 1018 5763 et
1042 5702 1409 5775 refulgente-{tr
1427 5711 1537 5762 fere
1563 5722 1621 5763 ιιι
1652 5712 1703 5764 iu
1727 5713 1901 5767 Trans

354 5775 677 5851 ﬁguratione
702 5794 743 5851 ;Δ
775 5782 1025 5851 quamvis
1076 5782 1246 5851 enim,
1275 5780 1320 5832 si
1375 5795 1593 5848 semper
1629 5783 1730 5837 hoc
1764 5784 1927 5837 modo

356 5847 709 5927 apparuisset
726 5847 887 5917 (quod
922 5851 1096 5905 solum
1132 5848 1343 5906 videtur
1382 5847 1582 5920 negare
1616 5853 1676 5908 D.
1726 5853 1922 5909 Thom.

2048 4871 2101 4925 id
2131 4870 2383 4940 discipuli
2449 4862 2578 4939 pati‘
2600 4862 2924 4936 potuissent,
2958 4866 3101 4934 quod
3137 4864 3309 4918 semel
3337 4862 3542 4916 factum
3567 4863 3620 4913 in

2042 4941 2265 4995 Thabor
2310 4939 2457 4994 ferre
2529 4955 2635 4992 non
2701 4945 3017 5004 potuerant,
3091 4950 3268 5002 neque
3317 4945 3625 5001 congruens

2043 5013 2255 5073 fuisset,
2287 5020 2346 5065 ut
2375 5012 2775 5072 ostenderetur,
2812 5009 3058 5061 eamdem
3106 5005 3475 5059 resurrexisse
3528 5016 3625 5053 na-

2045 5092 2247 5145 turam,
2293 5080 2694 5153 quzetnortalis
2725 5087 2852 5133 ante
2883 5075 3061 5153 fuerat
3079 5090 3296 5153 _;._quam
3329 5085 3622 5153 utram-quc

2030 5142 2329 5207 rationem'
2355 5150 2516 5204 affert
2571 5149 2631 5205 ί).
2664 5148 3024 5218 Augustinus,
3076 5142 3173 5201 lib}
3206 5160 3317 5199 amt
3369 5142 3443 5196 De
3471 5142 3618 5194 civit.

2030 5238 2154 5294 cap.
2189 5224 2291 5278 19:
2345 5220 2907 5294 Claritast'trCImsti
2951 5231 3191 5294 corpore,
3223 5231 3361 5294 cum.
3386 5227 3622 5294 resurre-

2026 5286 2132 5359 πξὶ,
2163 5296 2228 5346 ab
2272 5292 2436 5346 oculis
2466 5290 2855 5358 discipulorum
2899 5289 3074 5359 potius
3111 5287 3277 5359 fuisse
3306 5286 3621 5339 abscondita

2033 5358 2296 5418 credenda
2349 5372 2463 5427 est;
2512 5378 2618 5414 non
2643 5365 2780 5413 enim
2821 5375 2939 5412 eam
2970 5358 3131 5425 [erret
3163 5358 3623 5427 Immanusatque

2032 5437 2280 5501 inﬁrmus
2329 5424 2595 5501 aspectus,
2644 5435 2857 5499 quando
2882 5424 2978 5501 tlte,
3025 5444 3056 5480 α
3112 5430 3223 5481 suis
3277 5424 3621 5501 ita__deber_el

2034 5495 2264 5569 ostendi,
2290 5514 2348 5556 ut
2395 5495 2567 5571 posset
2624 5495 2863 5567 agnosci.
2899 5499 3277 5571 Quoditamen
3333 5495 3622 5571 aliquando

2035 5577 2086 5628 id
2118 5566 2456 5641 praestiterit,
2490 5579 2576 5625 est
2606 5566 2717 5639 pia,
2757 5586 2855 5626 nec
2886 5570 3310 5625 ratiouiabsona
3338 5566 3623 5633 Theopha-

2035 5647 2121 5697 nis
2161 5646 2331 5716 nostri
2359 5643 2780 5716 commentatio.
2854 5713 2863 5716 _
2897 5712 2908 5716 _
3001 5711 3038 5716 _
3232 5709 3243 5716 _
3535 5705 3565 5716 ,,

2107 5716 2221 5785 (70)
2267 5714 2553 5782 Peregrina
2575 5721 2623 5766 et
2655 5712 2966 5766 adventitia.
2997 5711 3129 5765 Erat
3158 5709 3300 5763 enim
3330 5706 3621 5770 naturalis,

2037 5795 2101 5859 ut~
2121 5787 2232 5854 jam
2262 5795 2387 5840 nota
2417 5786 2664 5853 proxima
2700 5785 3029 5852 explicatum
3064 5793 3169 5837 est.
