4042 6452
378 374 492 438 ΕῘΊ

1689 372 2016 432 IIOMILIA
2059 372 2337 434 XXVIII.

3540 378 3648 445 614

378 490 567 557 σάρκα
597 486 823 540 ἀνέλαϐε
860 486 921 540 τδ
948 485 1270 553 δοξάζεσθαι
1322 484 1654 555 χρήζουσαν,
1709 486 1807 537 καὶ
1862 486 1954 553 οὐχ

2068 483 2325 553 regnandi
2353 483 2439 552 jus
2490 483 2734 538 innatum
2786 484 3045 555 haberet,
3080 504 3108 541 a
3154 489 3314 545 Patre
3347 500 3549 560 tamen,
3585 507 3644 550 ut

377 581 577 647 ἐτέρου
637 580 816 643 τινὸς,
876 580 986 632 ἀλλ’
1053 577 1219 630 αὐτοῦ
1274 579 1465 646 γέγονε
1516 576 1676 647 σὰρξ,
1736 576 1963 639 εἰκότως

379 672 729 725 ίδιοποιεῖται
755 670 822 723 τὰ
866 672 946 733 είς
994 669 1191 739 αὐτὴν,
1245 669 1435 738 ἢπερὶ
1472 669 1644 738 αὐτὴν
1675 669 1960 736 γινόμενα,

373 766 475 815 καὶ
492 764 569 826 ὡς
595 763 875 834 ἄνθρωπος
905 763 981 833 μὴ
1003 764 1167 832 ἔχων,
1190 762 1405 831 δέχεται
1434 763 1585 833 παρᾶ
1610 762 1703 814 τοῦ
1726 762 1959 831 Πατρὸς,

374 854 524 924 ἅπερ
560 854 673 924 ἔχει
722 854 971 922 φυσικῶς
1007 871 1020 885 ·
1059 874 1076 906 ι
1116 856 1306 908 Πάντα
1358 855 1629 918 ὑπέταξας
1676 855 1781 906 ὑπὸ
1814 856 1963 907 κάτω

374 945 489 994 τῶν
523 944 697 997 ποδῶν
726 946 891 998 αὑτοῦ
924 962 936 976 ·
979 964 997 996 ι
1056 948 1120 998 ἐκ
1169 945 1465 1015 προσώπου
1507 946 1563 998 δὲ
1593 946 1687 999 τοῦ
1725 947 1958 1016 Πατρὸς,

373 1036 522 1088 οὕτω
558 1036 695 1106 φησὶ
752 1037 889 1107 πρὸς
939 1037 1176 1108 Χριστόν
1207 1054 1221 1068 ·
1277 1056 1294 1088 ‹
1337 1038 1569 1106 Αἴτησαι
1617 1037 1748 1106 παρ’
1804 1038 1959 1108 ἐμοῦ,

373 1128 479 1179 καὶ
542 1129 700 1182 δώσω
750 1146 832 1182 σοι
892 1129 1021 1199 ἔθνη
1081 1131 1182 1198 τὴν
1239 1129 1613 1200 κληρονομίαν
1668 1147 1805 1194 σου,
1868 1132 1962 1184 καὶ

375 1219 481 1286 τὴν
503 1220 837 1290 κατάσχεσίν
869 1238 964 1273 σου
992 1222 1059 1275 τὰ
1087 1224 1303 1292 πέρατα
1331 1223 1433 1291 τῆς
1465 1223 1589 1292 γῆς.
1618 1242 1636 1275 ι
1678 1222 1827 1286 Ἔνος
1853 1222 1962 1292 γὰρ

373 1309 566 1372 ἔθνους
592 1315 687 1364 τοῦ
733 1312 948 1383 Ἰσραὴλ
985 1314 1513 1384 παροιστρήσαντος,
1555 1314 1649 1366 καὶ
1686 1314 1773 1367 διὰ
1806 1314 1962 1367 τοῦτο

373 1403 807 1472 ἀποϐληθέντος,
862 1405 1042 1461 πάντα
1090 1408 1158 1459 τὰ
1198 1407 1326 1477 ἔθνη
1358 1406 1570 1459 δέδοται
1613 1406 1690 1476 τῷ
1740 1407 1961 1477 Χριστῷ

374 1496 754 1549 πιστεύσαντα
800 1497 882 1557 είς
920 1497 1105 1552 αὐτόν.
1154 1498 1307 1550 Ἐπεὶ
1340 1498 1395 1550 δὲ
1429 1499 1728 1568 προσδοκία
1764 1497 1957 1563 ἐθνῶν,

372 1588 477 1636 καὶ
504 1585 589 1636 ἐπ’
627 1586 778 1653 αὑτῴ
822 1586 951 1656 ἔθνη
991 1586 1212 1656 ἤλπισε,
1254 1588 1346 1640 καὶ
1391 1569 1511 1641 ἀντὶ
1548 1590 1677 1658 μιᾶς
1723 1590 1825 1657 γῆς
1853 1588 1962 1640 τῶν

381 1675 663 1727 Ἰουδαίων
708 1677 777 1729 τὰ
828 1675 928 1745 τῆς
996 1677 1101 1746 γῆς
1173 1678 1518 1749 πληρώματα
1583 1680 1957 1750 ἐκληρώσατο,

368 1769 656 1820 ἐπιτάττει
699 1771 812 1830 τοῖς
847 1771 1120 1838 μαθηταῖς
1148 1784 1162 1799 ·
1217 1789 1234 1821 ι
1269 1772 1635 1841 Πορευθέντες
1682 1772 1959 1842 μαθητεύ-

370 1871 507 1907 σατε
570 1856 749 1909 πάντα
793 1857 861 1909 τὰ
903 1857 1058 1929 ἔθνη,
1116 1857 1475 1927 βαπτίζοντες
1518 1862 1716 1924 αὐτοὺς
1769 1864 1850 1925 είς
1897 1863 1960 1914 τὸ

365 1948 549 2017 ὄνομα
596 1949 690 2001 τοῦ
735 1950 974 2020 Πατρος,
1026 1953 1124 2004 καὶ
1169 1953 1264 2005 τοῦ
1306 1953 1460 2019 Υἱοῦ,
1520 1956 1613 2007 καὶ
1659 1953 1755 2007 τοῦ
1801 1957 1958 2023 ἁγίου

367 2040 721 2108 Πνεύματος.
771 2060 789 2092 ι
854 2042 965 2095 Kai.
1014 2042 1124 2110 πρὸ
1180 2042 1280 2113 μὲν
1324 2042 1418 2098 τοῦ
1456 2045 1658 2107 πάθους
1692 2046 1960 2117 ἀπεῖργεν

364 2132 576 2193 αὐτοὺς
604 2133 683 2193 εἰς
709 2131 827 2184 ὁδὸν
857 2132 1028 2185 ἐθνῶν
1058 2134 1339 2200 ἀπελθεῖν,
1374 2137 1455 2198 είς
1488 2137 1627 2205 μόνα
1649 2136 1706 2189 δὲ
1738 2138 1962 2207 πορεύε-

366 2221 502 2273 σθαι
532 2223 602 2274 τὰ
649 2224 898 2291 πρόόατα
945 2224 1041 2277 τοῦ
1078 2227 1229 2278 οἴκου
1280 2227 1501 2297 Ἰσραήλ
1531 2245 1547 2259 ·
1590 2227 1685 2281 νῦν
1720 2229 1776 2281 δὲ
1821 2229 1960 2282 πάν-

366 2329 483 2364 των
534 2311 702 2365 ἐθνῶν
773 2313 872 2385 τὴν
934 2317 1271 2385 προστασίαν
1335 2318 1671 2388 ἐνεχείρισεν
1728 2320 1955 2383 αὐτοῖς’

375 2421 396 2454 ι
437 2403 813 2473 Πορευθέντες
852 2405 1234 2477 μαθητεύσατε
1267 2408 1447 2462 πάντα
1477 2410 1547 2461 τὰ
1581 2410 1733 2479 ἔθνη,
1766 2411 1959 2480 βαπτί-

368 2494 566 2557 ζοντες
614 2496 813 2559 αὐτοὺς
864 2499 944 2560 είς
982 2498 1042 2550 τὸ
1065 2497 1237 2568 ὄνομα
1271 2499 1365 2552 τοῦ
1422 2500 1660 2571 Πατρὸς,
1718 2504 1813 2555 καὶ
1861 2505 1955 2558 τοῦ

370 2585 533 2651 Υἱοῦ,
567 2588 657 2639 καὶ
685 2589 779 2639 τοῦ
804 2587 964 2655 ἁγίου
991 2589 1334 2658 Πνεύματος.
1360 2608 1378 2641 ι
1410 2589 1525 2642 Νῦν
1550 2591 1651 2643 οὐκ
1674 2592 1733 2644 ἐν
1762 2591 1957 2657 τύποις

366 2679 471 2730 καὶ
502 2678 795 2749 συμϐόλοις
823 2680 1099 2733 δείκνυται
1137 2681 1199 2733 τὸ
1239 2681 1339 2751 τῆς
1373 2682 1601 2750 Τριάδος
1633 2684 1954 2754 μυστήριον,

367 2768 512 2821 ἀλλὰ
560 2770 808 2840 φανερῶς
862 2772 997 2825 πᾶσι
1043 2772 1507 2828 διαλευκαίνεται.
1578 2774 1640 2826 Ἡ
1696 2775 1796 2845 μὲν
1848 2778 1956 2848 γὰρ

368 2861 615 2931 σκιώδης
669 2863 883 2933 Γραφὴ,
926 2864 1187 2934 ἀμυδρῶς
1243 2867 1376 2935 περὶ
1431 2864 1638 2937 ταύτης
1695 2867 1952 2934 ἐδίδαξεν.

379 2955 793 3025 Ἀριὸηλότερον
824 2956 881 3009 δὲ
922 2958 950 3009 ὁ
999 2956 1207 3028 Κύριος
1249 2960 1582 3029 μνημονεύει
1627 2962 1756 3031 περὶ
1787 2963 1953 3016 αὐτοῦ

367 3048 468 3098 καὶ
520 3046 613 3099 τοῦ
668 3047 901 3117 Πατρὺς,
933 3048 1025 3101 καὶ
1050 3048 1146 3102 τοῦ
1194 3049 1538 3119 Πνεύματος.
1603 3052 1845 3124 Ἐδείχθη
1896 3055 1955 3107 δέ

2068 577 2250 639 homo.
2283 580 2605 631 constitutus
2647 588 2731 633 est
2768 577 2902 635 llcx.
2951 580 3218 646 Quoniam
3270 598 3397 638 vero
3421 600 3640 640 carnem

2068 684 2185 722 eam
2217 681 2618 739 assumpserat,
2653 688 2771 739 qua:
2808 673 3125 745 indigebat,
3178 687 3229 729 ut
3264 679 3431 745 gloria
3467 678 3645 733 afﬁce-

2068 767 2245 825 retur;
2283 774 2379 813 nec
2410 775 2538 813 vero
2571 776 2696 814 caro
2732 763 3011 832 cujusdam
3066 768 3290 821 alterius
3314 807 3333 834 ν
3383 770 3478 824 sed
3523 773 3643 842 ejus

2067 854 2255 921 ipsius,
2292 854 2430 908 facta
2457 864 2594 916 erat,
2617 858 2806 910 merito
2835 858 2936 911 sibi
2997 860 3233 914 vindicat
3270 861 3547 932 (77),quae
3583 867 3639 919 in

2068 947 2236 1015 ipsam
2293 962 2511 1000 carnem
2562 948 2754 1000 co‘lata
2785 991 2799 1013 ,
2828 959 2880 1002 et
2912 951 2975 1001 ad
3010 952 3177 1019 ipsam
3212 956 3557 1020 attinebant,
3587 966 3642 1010 et

2065 1054 2185 1106 qum
2216 1056 2321 1092 non
2360 1040 2591 1093 habebat.
2634 1052 2689 1092 ut
2721 1041 2881 1093 homo
2908 1044 3103 1110 accipit
3136 1059 3163 1094 a
3215 1043 3374 1099 Patre
3406 1061 3469 1100 ea
3520 1063 3639 1115 qua:

2064 1129 2386 1186 naturaliter
2412 1132 2664 1194 habebat,
2705 1149 2722 1180 ι
2759 1132 2948 1184 Omnia
2983 1132 3255 1197 subjeristi
3286 1135 3385 1189 sub
3416 1136 3639 1204 pedibus

2065 1222 2181 1289 ejus
2202 1222 2267 1276 ⁸⁸.
2306 1239 2325 1273 ι
2355 1221 2431 1275 Ex
2455 1237 2682 1289 persona
2709 1232 2888 1274 autem
2912 1221 3091 1277 Patris
3112 1226 3178 1275 ita
3198 1226 3472 1278 Christum
3499 1227 3639 1281 alio.

2065 1315 2285 1382 quitur:
2329 1332 2345 1363 ι
2380 1311 2599 1367 Postuta
2633 1328 2663 1365 a
2700 1327 2817 1375 me,
2857 1322 2909 1366 et
2938 1313 3077 1367 dabo
3105 1314 3199 1367 tibi
3246 1322 3437 1382 gentes
3470 1316 3641 1370 luere-

2066 1406 2285 1460 ditatem
2346 1414 2535 1467 luant,
2597 1414 2650 1458 ct
2702 1405 3109 1474 possessionem
3180 1414 3322 1456 tuam
3380 1406 3639 1462 terminos

2066 1506 2224 1551 terra!
2246 1498 2312 1549 ".
2347 1517 2364 1548 ι
2396 1496 2688 1564 Postquam
2707 1498 2851 1551 enim
2877 1512 2982 1550 una
3008 1496 3444 1566 genslsraelitica
3463 1498 3641 1552 furore

2064 1591 2279 1644 concita
2326 1590 2380 1642 in
2412 1590 2585 1658 ipsum
2614 1598 2695 1643 est
2722 1628 2737 1653 ,
2785 1601 2947 1657 atque
2991 1590 3127 1642 adeo
3156 1587 3223 1641 ab
3256 1588 3371 1654 ipso
3418 1589 3637 1657 rejecta,

2063 1694 2250 1735 omnes
2289 1691 2479 1748 gentes
2509 1681 2648 1733 datae
2695 1689 2823 1732 sunt
2868 1678 3088 1732 Christo
3120 1721 3135 1742 ,
3171 1694 3289 1747 qua:
3324 1678 3423 1747 ipsi
3460 1677 3643 1730 fideles

2064 1777 2267 1825 essent.
2314 1769 2580 1835 Quoniam
2634 1781 2811 1822 autem
2842 1777 2959 1821 erat
2987 1770 3325 1837 erspectatio
3372 1770 3638 1837 gentium,

2063 1871 2116 1915 et
2149 1861 2199 1913 in
2248 1862 2422 1929 ipsum
2448 1870 2635 1928 gentes
2689 1858 2984 1927 sperabant
3012 1859 3079 1920 ³ο,
3114 1867 3168 1912 et
3213 1873 3309 1926 pro
3341 1874 3445 1911 una
3478 1858 3639 1926 217

2061 1952 2259 2008 Judaete
2288 1962 2431 2006 terra
2462 1950 2851 2019 plenitudinem
2879 1951 3150 2018 gentium,
3172 1960 3231 2003 ut
3263 1950 3636 2005 haereditatem

2061 2044 2327 2107 obtinuit,
2374 2042 2626 2111 prmcepit
2658 2041 2983 2110 discipulis:
3024 2059 3041 2091 ι
3082 2039 3282 2095 Euntes
3311 2041 3498 2094 docete
3525 2056 3643 2094 oni-

2062 2151 2158 2189 nes
2187 2145 2375 2204 gentes
2422 2135 2753 2201 haptizantes
2804 2147 2897 2185 eos
2948 2132 3000 2185 in
3059 2132 3274 2186 nomine
3322 2131 3531 2195 Patris,
3586 2141 3643 2186 et

2061 2226 2209 2291 Filii,
2234 2237 2287 2279 et
2316 2225 2556 2294 Spiritus
2584 2225 2781 2279 sancti.
2806 2225 2847 2255 ³¹
2888 2242 2907 2274 ι
2937 2222 3006 2276 Ει
3043 2225 3255 2292 quidem
3287 2234 3411 2277 ante
3434 2224 3644 2294 passio-

2060 2334 2182 2373 nem
2216 2318 2383 2373 vetuit
2412 2331 2506 2372 eos
2531 2356 2547 2382 ,
2580 2316 2870 2386 quominus
2910 2317 2962 2370 in
2999 2317 3136 2369 viain
3185 2316 3427 2384 gentium
3477 2319 3639 2383 irent,

2059 2425 2122 2464 ac
2143 2410 2315 2464 solum
2335 2410 2401 2462 ad
2428 2409 2766 2474 ovesldomus
2789 2407 2953 2462 Israel
2977 2421 3071 2461 eos
3091 2406 3257 2473 jussit
3283 2407 3545 2461 accedere
3571 2408 3639 2461 ³⁸.

2065 2499 2218 2552 Nunc
2245 2514 2373 2553 vero
2393 2499 2636 2552 omnium
2666 2499 2905 2565 gentium
2926 2512 3114 2551 curam
3136 2497 3241 2551 illis
3267 2497 3639 2551 concredidit:

2064 2608 2082 2642 ι
2120 2590 2321 2644 Euntes
2352 2592 2541 2643 docete
2575 2603 2766 2642 omnes
2816 2594 3040 2658 gentes,
3077 2587 3418 2655 baptizantes
3446 2602 3542 2640 eos
3578 2587 3634 2639 in

2059 2685 2274 2740 nomine
2308 2683 2483 2739 Patris
2509 2724 2525 2750 ,
2558 2692 2612 2738 et
2660 2680 2802 2747 Filii,
2840 2692 2895 2737 et
2942 2680 3179 2749 Spiritus
3225 2681 3425 2735 sancti.
3466 2698 3485 2731 ι
3521 2678 3641 2734 Jam

2059 2792 2165 2830 non
2196 2777 2248 2828 in
2291 2775 2520 2844 ﬁguris,
2572 2782 2627 2828 et
2681 2773 2941 2844 symbolis
2990 2770 3272 2826 Trinitatis
3326 2771 3641 2841 mysterium

2059 2882 2200 2923 nunc
2229 2867 2520 2928 indicatur,
2556 2865 2651 2918 sed
2700 2862 2987 2918 manifeste
3012 2863 3265 2918 omnibus
3308 2862 3639 2918 declaratur.

2071 2957 2240 3013 Vetus
2287 2958 2431 3012 enim
2484 2956 2572 3010 illa
2622 2956 2902 3024 Scriptura
2949 2955 3160 3009 umbris
3214 2954 3447 3009 involuta
3478 2955 3547 3009 de
3579 2970 3643 3010 ea

2061 3050 2295 3105 obscure
2343 3048 2545 3102 docuit.
2591 3046 2803 3101 Clarius
2847 3058 3027 3100 autent
3082 3044 3339 3098 Dominus
3387 3046 3554 3109 dese,
3588 3053 3642 3098 et

366 3139 468 3189 καὶ
510 3138 569 3188 ἐν
618 3137 879 3210 Ἰορδάνῃ,
927 3138 1021 3191 τοῦ
1073 3140 1279 3209 Κυρίου
1320 3141 1408 3193 διὰ
1445 3142 1540 3195 τοῦ
1583 3141 1954 3214 βαπτίσματος

2063 3139 2251 3203 Patre,
2270 3149 2323 3193 et
2352 3139 2561 3205 Spiritu
2589 3136 2916 3192 mentionem
2948 3132 3168 3189 fecit.In
3196 3133 3428 3189 Jordane
3451 3135 3638 3199 etiam,

364 3228 471 3293 τὴν
525 3229 683 3296 ἡμῶν
726 3229 889 3297 φύσιν
950 3231 1333 3301 καθαίροντος.
1412 3231 1469 3284 Ὀ
1504 3233 1604 3302 μὲν
1659 3235 1769 3305 γὰρ
1824 3236 1955 3302 Υἱὸς

368 3320 742 3383 ἐδαπτξζετο·
800 3324 826 3374 ὀ
860 3322 918 3375 δὲ
968 3322 1160 3393 Πατὴρ
1211 3324 1586 3395 ἐπεμαρτύρει
1636 3326 1729 3378 τὸν
1765 3343 1955 3399 χειρα-

368 3410 679 3480 πτούμενον
710 3429 723 3441 ·
761 3413 824 3465 τὸ
849 3413 905 3465 δὲ
940 3413 1165 3479 Πνεῦμα
1208 3414 1268 3465 τὸ
1309 3416 1485 3481 ἅγιον,
1532 3419 1864 3487 περιστερᾶς
1897 3420 1955 3473 ἐν

364 3504 504 3555 εῖδει
551 3504 872 3557 καθίπτατο.
920 3506 1029 3557 Καὶ
1073 3507 1131 3557 ἐν
1177 3504 1293 3576 ὄρει
1320 3506 1373 3559 δὲ
1404 3506 1480 3575 τῷ
1512 3506 1711 3577 Θαϐὼρ
1749 3509 1810 3560 τὸ
1842 3512 1955 3571 τοίς

366 3596 602 3664 Τριάδος
632 3596 885 3665 διάφορον
906 3597 1012 3649 τῶν
1045 3597 1397 3650 ὑποττάσεων
1425 3598 1777 3667 ἐγνωρίσατο,
1815 3599 1955 3670 πλὴν

364 3690 433 3741 οὐ
467 3689 810 3759 τηλαυγῶςή
857 3690 955 3757 τῆς
986 3689 1177 3753 οὐσίας
1218 3690 1504 3760 ταυτότης,
1556 3691 1649 3743 καὶ
1692 3691 1954 3761 ὁμοτιμία

364 3779 673 3832 ἐδείκνυτο.
731 3780 847 3833 Νῦν
908 3780 966 3832 δὲ
1028 3780 1463 3852 γνωριμωτέραν
1529 3781 1628 3853 τὴν
1683 3784 1954 3853 ἰσοτιμίαν

365 3868 700 3937 καθίστησιν
756 3867 925 3923 εἰπών
957 3884 971 3897 ·
1042 3889 1059 3921 ι
1102 3870 1471 3934 Βαπτίζοντες
1520 3873 1715 3935 αὐτοὺς
1766 3873 1845 3936 εὶς
1893 3872 1957 3925 τὸ

361 3962 547 4030 ὄνομα
592 3962 686 4015 τοῦ
731 3962 965 4031 Πατρδς,
1026 3962 1247 4016 καὶτοῦ
1298 3963 1451 4025 Υίοῦ,
1503 3965 1599 4016 καὶ
1642 3964 1737 4017 τοῦ
1797 3965 1955 4032 ἁγίου

365 4054 715 4121 Πνεύματος.
757 4072 776 4105 ι
843 4053 1002 4105 Ἀλλὰ
1032 4053 1220 4124 ἐπειδὴ
1251 4056 1380 4123 περὶ
1430 4053 1523 4105 τοῦ
1580 4054 1957 4124 βαπτίσματος

364 4150 505 4216 ἡμῖν
534 4148 560 4197 ὁ
579 4145 753 4212 λόγος,
782 4148 1076 4212 αναγκαῖον
1105 4146 1280 4198 εἰπεῖν
1301 4145 1439 4197 διατί
1470 4146 1829 4215 ἀπονενόηται
1858 4143 1953 4197 τοῦ

445 4282 493 4313 ³⁸
532 4282 673 4337 Psal.
709 4298 838 4344 vni,
882 4282 933 4336 8.
1013 4281 1057 4313 ”
1110 4280 1256 4337 Psal.
1299 4297 1375 4344 ιι,
1409 4280 1463 4336 8.

1542 4282 1588 4313 ³ο
1625 4280 1761 4336 Gen.
1804 4295 1876 4345 LI,
1919 4280 2005 4332 10.

2070 3248 2192 3286 cum
2250 3231 2513 3284 Dominus
2561 3244 2656 3298 per
2715 3227 3039 3296 baptismum
3096 3235 3344 3279 naturain
3401 3234 3638 3278 nostram

2065 3321 2357 3385 lustravit,
2408 3321 2458 3375 id
2489 3320 2805 3389 mysterium
2839 3319 3136 3372 indicatum
3166 3326 3267 3371 est.
3300 3315 3467 3370 Filius
3495 3315 3638 3370 enim

2063 3416 2370 3484 baptizatus
2418 3422 2540 3478 est,
2581 3412 2741 3466 Pater
2770 3426 2901 3465 Vero
2928 3411 2975 3463 ei
3020 3425 3181 3463 manu
3238 3420 3490 3464 contacto
3524 3406 3636 3477 (78)

2065 3503 2432 3558 testimonium
2466 3501 2621 3566 tulit;
2677 3499 2915 3568 Spiritus
2966 3509 3145 3553 autem
3190 3512 3411 3553 sanctus
3460 3498 3511 3551 in
3543 3513 3637 3552 co—

2066 3596 2265 3650 lumba:
2300 3595 2480 3661 specie
2516 3584 2804 3646 devolavit.
2839 3591 2901 3644 Et
2927 3590 2981 3644 in
3021 3603 3202 3644 monte
3232 3592 3393 3643 etiam
3422 3589 3641 3643 Thabor

2067 3686 2432 3754 hypostaseon
2465 3681 2519 3733 in
2552 3679 2817 3733 Trinitate
2842 3678 3147 3732 dillereritia
3182 3678 3485 3747 signiﬁcata
3514 3691 3633 3732 est:

2062 3792 2170 3831 non
2207 3788 2383 3828 tamen
2422 3773 2707 3841 perspicue
2738 3771 2990 3824 essentia:
3025 3771 3302 3834 identitas,
3332 3781 3385 3824 et
3413 3771 3637 3837 arqualis

2065 3866 2304 3921 omnium
2339 3863 2578 3931 dignitas
2626 3861 2901 3914 declarata
2929 3877 2942 3913 :
2979 3875 3121 3913 nunc
3152 3875 3278 3914 vero
3310 3876 3425 3914 eam
3458 3878 3643 3929 acqua-

2067 3959 2279 4011 litatem
2315 3958 2585 4010 notiorem
2614 3954 2792 4007 reddit
2839 3969 2957 4007 cum
2990 3954 3121 4007 dicit
3167 3970 3182 4005 :
3232 3946 3259 4003 ι’
3297 3951 3642 4022 Baptizantes

2066 4066 2161 4105 eos
2184 4051 2239 4101 in
2273 4050 2489 4102 nomine
2518 4047 2716 4110 Patris,
2748 4058 2802 4099 et
2831 4045 2976 4110 Filii,
3010 4055 3062 4099 et
3098 4045 3337 4114 Spiritus
3372 4047 3567 4101 sancti.
3613 4066 3635 4098 ι

2068 4141 2175 4195 Sed
2211 4140 2465 4208 quoniam
2492 4138 2559 4191 de
2588 4138 2854 4206 baptismo
2890 4136 3043 4190 nobis
3069 4147 3148 4190 est
3185 4146 3363 4191 sermo
3386 4174 3403 4202 ,
3451 4151 3638 4192 neces-

2083 4276 2125 4307 "
2157 4275 2349 4328 Matth.
2382 4287 2539 4338 xvur,
2574 4270 2662 4325 l9.
2748 4271 2791 4306 ³²
2828 4270 3022 4324 Matth.
3062 4284 3095 4322 ι
3129 4269 3204 4333 ,5.

1602 4416 1931 4479 Francisci
1968 4416 2174 4479 Scorsi
2204 4424 2396 4478 notae.

442 4537 557 4608 (77)
599 4537 788 4593 Merito
830 4539 936 4593 sibi
970 4540 1230 4594 vindicat.
1290 4537 1415 4594 llzcc
1442 4549 1593 4593 recte
1625 4539 1768 4593 dicta
1795 4547 1945 4599 sttnt,
1974 4539 2029 4597 D
2056 4538 2143 4591 nis
2170 4536 2640 4606 χειρακτούμενον
2674 4550 2793 4603 qua:
2829 4551 2932 4590 non
2961 4543 3113 4587 vacat
3136 4531 3352 4587 occulto
3396 4530 3630 4608 quodam

363 4616 629 4676 recteque
673 4612 1017 4678 explicantur
1074 4613 1139 4663 de
1172 4609 1600 4678 prOprietatibus
1660 4608 1947 4675 utriusque

365 4690 584 4732 natura:
613 4681 1026 4733 communicatis
1061 4684 1277 4733 ratione
1307 4694 1567 4746 personae.
1625 4678 1738 4732 Sibi
1777 4680 1950 4739 enim,

366 4749 476 4801 hoc
540 4756 643 4809 est,
675 4750 848 4802 eidem
886 4764 1153 4817 persorrm,
1195 4752 1271 4801 ait
1299 4749 1641 4818 Theophan.,
1695 4747 1954 4800 attribuit

2054 4602 2273 4674 pietatis
2309 4602 2514 4669 sensu;
2572 4602 2703 4659 nam
2727 4621 2825 4673 per
2874 4620 2994 4658 eam
3036 4602 3540 4674 voctzrnexprin‘iit,
3577 4611 3633 4655 et

2049 4673 2256 4730 Christi
2315 4676 2705 4738 humilitatem,
2746 4684 2798 4728 et
2832 4674 3059 4727 Joannis
3098 4673 3353 4741 Baptistae
3385 4673 3632 4738 dignita-

2055 4757 2203 4809 tem;
2267 4748 2407 4813 quod
2480 4744 2683 4799 Christi
2743 4761 2940 4812 corpus
2998 4759 3157 4795 manu
3218 4758 3314 4796 sua
3368 4744 3635 4809 attingere

363 4832 492 4885 qua:
525 4826 679 4871 erant
733 4813 981 4872 humana:
1015 4832 1265 4884 naturai;
1310 4813 1753 4887 duta'potestas,
1784 4825 1839 4887 et
1870 4832 1954 4869 re—
2048 4818 2331 4887 meruerit.
2373 4813 2526 4880 Quod
2579 4830 2711 4869 sane
2738 4816 2889 4887 multi
2925 4814 3115 4887 Patres
3148 4813 3338 4887 etiarn“
3363 4814 3629 4887 apertius.

367 4902 577 4955 gnum:
629 4898 682 4940 et
732 4898 913 4941 tamen
947 4891 1130 4942 eadem
1168 4900 1225 4941 ut
1264 4885 1502 4956 propria,
1538 4897 1589 4941 et
1616 4885 1945 4940 naturaliter

371 4956 613 5025 habebat
648 4958 856 5011 ratione
906 4967 1114 5011 naturae
1145 4961 1359 5011 divinae.
1394 4958 1557 5025 Gteg.
1610 4956 1770 5024 Nyss.
1804 4967 1945 5008 orat.

2054 4888 2113 4939 ὃ.
2150 4884 2375 4939 Proclus
2414 4887 2662 4938 oratione
2707 4885 2793 4937 tibi
2855 4886 2921 4937 de
2957 4886 3229 4949 baptismo
3278 4880 3483 4934 Christi
3548 4880 3630 4931 lo-

2048 4959 2263 5024 quitur:
2297 4953 2546 5021 Tungere,
2589 4954 2786 5021 inquit,
2818 4952 2876 5006 S.
2913 4951 3145 5005 Joannes
3169 4951 3355 5024 capitis
3390 4950 3628 5024 verticem

366 5025 501 5088 ἒβη
532 5024 748 5079 Resurr.
780 5028 1344 5080 eauuletndoctrinam
1375 5020 1562 5080 iisdem
1596 5020 1775 5078 verbis
1800 5040 1951 5077 com—
2043 5020 2259 5087 meruit,
2319 5020 2551 5078 innitens
2589 5020 2753 5077 ritum
2792 5026 2844 5076 iu
2906 5024 3174 5090 baptismo
3228 5038 3257 5074 a
3302 5020 3359 5071 S.
3418 5020 3629 5073 Joanne

367 5098 704 5164 plexusest:
748 5096 958 5162 Ἐδόθη
977 5114 1077 5164 μοι
1111 5097 1281 5153 πᾶσα
1308 5097 1561 5160 ἐξουσία
1590 5095 1659 5147 ἐν
1682 5093 1941 5161 οὐρανῷ,

366 5162 471 5217 παὶ
492 5163 589 5215 ἐπὶ
614 5164 744 5232 γῆς.
784 5168 851 5218 Ἀ
882 5170 993 5234 γὰρ
1023 5162 1138 5234 εἶχε
1168 5168 1434 5233 φυσικῶς,
1463 5167 1537 5231 ώς
1583 5166 1740 5227 Θεὸς,
1773 5164 1948 5215 ταῦτα

367 5235 522 5305 λέγει
541 5234 839 5303 λαμϐάνειν
858 5238 929 5294 ώς
947 5238 1237 5303 γενόμενος
1258 5236 1353 5288 ἄνθ
1363 5253 1539 5305 ρωπος
1558 5234 1943 5301 οἰκονομικῶς.

374 5322 396 5354 ‹
428 5304 563 5356 Data
596 5319 667 5358 est
699 5306 828 5358 milii
860 5317 1087 5371 potestas
1106 5310 1274 5359 omnis
1306 5304 1535 5366 increta,
1569 5315 1617 5359 et
1649 5307 1701 5357 t'n
1726 5313 1887 5355 terra.
1918 5321 1938 5353 ι

375 5371 522 5426 Nunt
565 5389 681 5441 quin
713 5380 1035 5428 naturaliter
1084 5378 1304 5428 habebat
1345 5386 1400 5428 ut
1432 5376 1593 5439 Deus,
1619 5375 1730 5426 Ira'c
1749 5375 1945 5424 dicitur

367 5446 605 5506 accipere
628 5457 879 5513 tanquam
907 5446 1060 5497 homo
1084 5456 1225 5498 certo
1253 5447 1471 5498 consilio
1490 5445 1683 5514 factus.
1721 5445 1784 5495 Et
1809 5446 1950 5496 Sua-

373 5516 491 5566 rius
523 5524 728 5579 auster,
761 5531 813 5581 p.
840 5516 896 5575 5,
928 5514 1016 5567 ubi
1055 5517 1164 5582 agit
1190 5515 1257 5569 de
1282 5516 1484 5569 Christi
1507 5516 1769 5579 dominio,
1798 5514 1943 5565 hunc

374 5583 551 5636 locum
582 5587 818 5652 explicat
856 5586 925 5639 de
999 5593 1266 5647 potestate
1322 5585 1655 5639 excellentia:
1708 5584 1938 5644 Christi,

369 5667 479 5721 qua
511 5657 676 5731 homo
706 5665 825 5708 erat
878 5654 1091 5709 ratione
1152 5656 1368 5709 unionis
1398 5656 1751 5725 hypostatica:
1792 5666 1943 5706 coru-

371 5737 591 5775 tnuntca
602 5734 650 5775 ta
660 5762 674 5775 .

437 5793 556 5861 (78)
598 5790 765 5847 Manu
796 5800 1062 5847 contacto.
1094 5795 1350 5865 Expressi
1417 5806 1583 5852 totam
1622 5794 1729 5847 vim
1766 5794 1941 5849 norni-

2053 5105 2327 5149 servatum
2396 5105 2557 5161 caput
2615 5093 2830 5147 Domini
2891 5092 3181 5159 tangendo.
3219 5092 3277 5143 S.
3315 5091 3623 5159 Cyprianus

2052 5179 2219 5218 serui.
2264 5165 2326 5216 de
2375 5160 2630 5229 baptismo
2681 5160 2879 5215 Christi
2928 5179 2945 5215 :
2989 5161 3248 5229 Supponit
3296 5162 3480 5228 itaque
3515 5174 3629 5229 cer-

2053 5235 2222 5286 vicem
2280 5227 2519 5285 sanctum
2579 5232 2832 5290 ,mam‘bus
2902 5227 3131 5285 hominis
3199 5230 3476 5283 humilitas
3526 5227 3629 5279 Re-

2054 5304 2360 5369 demptoris.
2406 5304 2463 5356 ὃ.
2527 5302 2808 5369 Chrysost.
2876 5304 3022 5355 ltorrt.
3059 5302 3111 5351 in
3159 5299 3217 5354 S.
3265 5299 3626 5369 Theophilum,

2053 5367 2182 5440 quur
2204 5375 2410 5438 incipit,
2450 5372 2514 5423 Ἡ
2540 5367 2692 5441 πηῨὴ
2718 5371 2824 5423 τῶν
2872 5370 3213 5439 εὐαγγελίων
3245 5367 3621 5441 δίδαγμάτῳδδ

2048 5436 2147 5495 έυι»
2177 5436 2337 5496 linem
2369 5459 2381 5494 ε
2427 5436 2645 5510 Ἥψατο
2681 5436 2791 5510 ’μὲν
2810 5442 2909 5509 τῆς
2942 5436 3038 5492 τοῦ
3064 5442 3339 5491 Δεσπὸτου
3384 5436 3626 5510 κεφαξιῆς

2044 5512 2269 5580 τρέμων
2296 5515 2358 5579 τῇ
2393 5520 2558 5580 χειρὶ,
2595 5512 2687 5563 καὶ
2736 5510 2942 5579 χαίρων
2973 5515 3036 5579 τῇ

2042 5574 2194 5656 τὶσεν
2220 5584 2311 5633 τὸν
2335 5574 2551 5652 ’Κύριον
2590 5584 2621 5651 ἡ
2657 5574 2772 5656 ’τῶν
2822 5574 3037 5650 Ἰησοῦν
3084 5574 3365 5656 Χριστόνς
3432 5574 3623 5642 Tetigit

2039 5652 2251 5719 quidem
2299 5669 2460 5705 manu
2516 5653 2728 5704 Domini
2763 5660 2920 5715 caput
2948 5661 3171 5702 tremens
3202 5660 3247 5698 et
3276 5652 3459 5719 anima
3481 5660 3619 5711 gau-

2038 5711 2264 5845 gina,“
2301 5723 2560 5791 baptismo
2600 5722 2725 5776 lavit
2790 5711 3079 5775 Dominum
3133 5725 3375 5772 nostrum
3429 5711 3613 5767 λείπω

2097 5802 2329 5845 rrtslum.

2082 5793 2329 5845 lirislum.

3088 5511 3256 5577 ψυχῆς
3316 5510 3408 5559 καὶ
3434 5504 3622 5577 ἐθάπέ
