4042 6430
313 386 417 452 617

1656 383 1984 446 IIOMILIA
2027 383 2246 445 XXIX.

3471 380 3601 469 me,

317 504 496 570 Ὅπερ
527 499 678 553 ἐστὶν
708 501 740 570 ὴ
768 499 875 553 τῶν
906 498 1195 568 δογμάτων
1221 496 1532 569 βεϐαίωσις.
1569 495 1713 549 Ἀλλ’
1742 497 1891 547 ἐπει-

2006 512 2022 544 ι
2067 493 2410 561 Baptizantes
2461 504 2554 544 eos
2612 490 2664 543 in
2719 488 2939 545 nomine
2993 487 3188 557 Patris,
3227 502 3279 546 et
3326 492 3468 558 Filii,
3522 504 3577 549 et

309 594 400 665 δὴ.
420 593 564 646 κατὰ
584 592 675 645 τὸν
700 593 846 660 ἱερὰν
875 590 1217 659 ἀδελφόθεον,
1280 609 1299 643 ι
1322 593 1355 661 ἡ
1397 590 1579 649 πίστις
1616 586 1783 657 χωρὶς
1808 585 1898 656 ἔρ-

313 702 427 753 γων
458 684 631 755 νεκρά
655 685 791 749 ἐστι,
830 701 849 735 ι
885 682 1133 753 βούλεται
1156 682 1246 736 τὸν
1280 679 1689 752 μαθητευθέντα
1713 677 1778 730 τὰ
1798 677 1899 746 τῆς

316 778 561 840 πίστεως
586 777 856 845 ίόγματα,
898 775 995 829 καὶ¹
1027 774 1385 829 τελειωθέντα
1419 776 1485 845 τῇ
1533 772 1897 841 ἅναγεννήσει

311 872 411 926 τοῦ
448 871 599 924 θείου
631 870 1033 940 βαπτίσματος,
1057 869 1485 939 ὲποικοδομῆσαι
1510 866 1604 921 καὶ
1648 865 1718 919 τὰ
1760 865 1899 935 ἔργα

311 960 419 1028 τῆς
446 959 714 1021 πίστεως’
753 958 853 1011 οὐκ
883 958 950 1010 ἐκ
984 957 1207 1028 μέρους,
1238 957 1355 1010 ἀλλ’
1380 957 1619 1023 ἅπαντα,
1654 955 1754 1009 ὅσα
1788 957 1898 1018 τοῖς

314 1052 603 1123 μαθηταῖς
632 1053 661 1104 6
691 1049 883 1121 Σωτὴρ
906 1050 1229 1105 ἐνετείλατο.

394 1247 413 1279 ι
438 1228 555 1281 Καὶ
607 1226 717 1280 ἰδοὺ
751 1225 862 1294 ἐγὼ
906 1225 1025 1296 μεθ’
1059 1225 1214 1296 ὑμῶν
1248 1225 1364 1296 είμι
1419 1226 1601 1289 πάσας
1630 1227 1729 1289 τὰς
1760 1227 1897 1296 ἡμέ-

318 1335 446 1388 ρας,
492 1318 601 1381 ἕως
647 1317 745 1387 τῆς
780 1316 1095 1380 συντελείας
1144 1317 1239 1370 τοῦ
1297 1315 1514 1380 αἰῶνος.
1556 1318 1751 1387 Ἀμήν.
1778 1334 1797 1367 ι
1834 1316 1900 1368 Ὢ

311 1409 583 1479 γλυκείας
615 1409 973 1477 ἐπαγγελίας,
1001 1409 1047 1460 ὣ
1078 1409 1404 1479 θαυμαστῆς
1437 1409 1810 1480 ὑποσχέσεως,
1829 1408 1897 1481 ἢν

311 1504 342 1555 6
371 1501 654 1571 Δεσπότης
687 1500 847 1571 ἡμῶν
878 1500 1270 1570 ἐπηγγείλατο,
1313 1501 1549 1564 αἱωνίως
1575 1502 1687 1563 τοῖς
1715 1502 1896 1569 ἁγίοις

312 1593 680 1647 συνέσεσθαιί
712 1594 823 1647 Καὶ
845 1594 905 1647 οὐ
936 1594 1108 1663 δήπου
1139 1592 1320 1663 φαμὲν
1351 1592 1426 1656 ὡς
1456 1592 1618 1663 μέχρι
1640 1593 1739 1663 τῆς
1773 1609 1899 1645 συνο

308 1688 535 1753 τελείας
561 1687 655 1742 τοῦ
711 1687 908 1752 αἰῶνος
943 1687 1198 1740 συνέσται
1231 1686 1439 1752 αὐτοῖς,
1467 1681 1586 1739 εἶτα
1615 1684 1898 1758 διακριθὴ-

314 1798 511 1835 σεται’
552 1781 628 1852 μὴ
656 1781 804 1834 οὕτω
838 1779 1343 1849 κατολισθήσαιμεν
1388 1778 1525 1849 πρὸς
1570 1776 1731 1831 τοῦτο
1774 1795 1899 1831 κου-

2006 585 2241 653 Spiritus
2270 583 2465 637 sanati.
2507 602 2524 634 »
2552 582 2704 649 Quod
2732 596 2863 637 sane
2895 581 3202 651 dogmattun
3233 585 3579 641 conﬁrmatio

2004 685 2105 729 est.
2145 676 2248 729 Sed
2281 676 2557 744 quoniam,
2589 682 2647 727 ut
2677 682 2898 728 sanctus
2933 673 3141 727 Domini
3182 673 3350 730 frater
3394 678 3530 731 dixit
3561 698 3576 732 :

2008 786 2024 818 ι
2065 765 2226 821 Fides
2257 767 2375 821 sine
2424 765 2674 835 operibus
2724 773 2934 818 mortua
2984 776 3066 820 est
3097 765 3163 831 ³³,
3212 785 3230 818 ι
3273 767 3383 822 vult
3429 786 3576 837 eum,

2000 858 2094 929 qui
2128 858 2248 912 ﬁdei
2280 857 2549 928 dogmatis
2599 857 2876 913 institutus
2915 859 3026 927 jam
3058 872 3159 926 εει,
3195 870 3250 915 et.
3299 878 3394 929 per
3425 878 3575 932 rege-

2004 949 2337 1003 nerationem
2385 949 2557 1003 sancti
2614 948 2956 1019 baptismatis
3002 954 3402 1019 sanctiﬁcatus,
3456 956 3579 1009 ﬁdei

2002 1054 2163 1107 Opera
2189 1040 2410 1110 insuper
2428 1040 2728 1106 aediﬁcare;
2757 1055 2854 1096 nec
2885 1057 2947 1096 ea
2974 1057 3038 1097 ex
3072 1054 3246 1112 parte,
3275 1049 3368 1100 sed
3397 1047 3579 1100 omnia

2001 1146 2335 1201 quacunque
2362 1131 2640 1201 discipulis
2678 1132 2931 1187 Dominus
2964 1135 3238 1205 prmcepit.

2076 1241 2097 1275 ι
2135 1223 2201 1277 Ει
2242 1238 2369 1278 ecce
2424 1236 2523 1293 ego
2572 1225 2853 1279 vobiscum
2904 1239 3026 1279 sum
3073 1228 3324 1281 omnibus
3365 1227 3578 1293 diebus,

2003 1329 2174 1384 usque
2222 1314 2291 1369 ad
2335 1316 2857 1369 consummationem
2903 1316 3105 1371 smculi.
3136 1320 3326 1371 Amen.
3368 1338 3385 1369 ι
3422 1319 3580 1389 Oju-

2007 1406 2239 1459 cundum
2292 1406 2573 1459 nuntium!
2628 1421 2660 1460 ο
2711 1406 3082 1462 admirabilem
3137 1409 3574 1477 promissionem!

2005 1514 2106 1566 qua
2143 1496 2399 1550 Dominus
2431 1508 2614 1552 noSIer
2644 1514 2765 1551 cum
2801 1500 3005 1554 sanctis
3035 1514 3092 1553 se
3124 1499 3365 1555 futurum
3396 1517 3578 1573 perpe-

2005 1598 2094 1643 tuo
2144 1589 2413 1659 promisit.
2455 1590 2568 1645 Nec
2601 1605 2734 1645 sane
2782 1591 3010 1645 dicimus
3040 1592 3111 1646 ita
3146 1608 3268 1647 enm
3304 1610 3473 1663 usque
3516 1595 3583 1648 ad

2002 1682 2520 1735 consummationem
2545 1682 2725 1736 saeculi
2759 1698 2879 1737 cum
2903 1683 3035 1751 ipsis
3066 1683 3411 1750 futurum,ut
3434 1696 3584 1756 post-

2003 1785 2062 1824 ea
2114 1771 2480 1842 disjungzitur;
2527 1789 2630 1826 non
2678 1774 2729 1827 in
2773 1789 2892 1828 eam
2922 1774 3121 1830 mentis
3153 1776 3426 1830 levitatem
3462 1793 3584 1847 pro-

314 1837 565 1945 φότητος.
579 1837 850 1943 λογισμῷ,
886 1872 960 1935 ὡς
992 1837 1360 1942 τῇδεΙνοῖξσαι,
1392 1837 1893 1940 ἢιφθέγξασθαιυύ

2006 1863 2139 1931 lapsi
2182 1880 2388 1930 sumus,
2425 1874 2481 1917 nt
2531 1866 2632 1919 hoc
2683 1866 2764 1919 vel
2816 1867 3133 1931 sentiamus,
3183 1869 3265 1921 vel
3315 1869 3581 1925 dieamus.

310 1968 424 2038 γὰρ
460 1966 710 2037 κρονικόν
737 1964 817 2032 τὸ,
847 1964 979 2031 ἕως,
1011 1964 1414 2035 παρείληπται,
1466 1963 1579 2016 ἀλλ’
1607 1964 1863 2033 ἀόριστον
1883 1980 1896 1994 ·

313 2060 615 2129 τέθριπται
642 2057 698 2111 δὲ
737 2059 795 2110 ἐν
826 2061 891 2129 τῇ
922 2058 1045 2128 θείᾳ
1076 2058 1266 2129 Γραφῇ
1300 2059 1331 2128 ἠ
1365 2056 1590 2128 τοιαύτη
1621 2056 1899 2125 τοῦλόγου

314 2151 606 2222 συνήθεια.
668 2150 803 2220 Περὶ
842 2149 943 2218 μὲν
995 2147 1091 2201 τοῦ
1157 2148 1448 2210 σταλέντος
1492 2148 1728 2219 κόρακος
1795 2148 1901 2201 ὑπὸ

312 2242 441 2295 Νῶε
482 2241 611 2293 ίδεῖν
639 2240 689 2292 εί
726 2239 1003 2293 κεκόπακε
1045 2238 1106 2292 τὸ
1142 2238 1286 2307 ὕδωρ
1333 2237 1440 2289 ἀπὸ
1472 2238 1572 2308 τῆς
1592 2239 1697 2309 γῆς
1722 2254 1737 2270 ⁸
1770 2241 1900 2310 περὶ

310 2332 373 2384 δὲ
403 2330 502 2384 τοῦ
539 2331 697 2397 ἁγίου
754 2332 1060 2401 μνήστορος
1123 2328 1346 2399 Ἰωσὴφ,
1409 2328 1491 2380 ὅτι
1542 2330 1641 2381 ούκ
1691 2327 1898 2397 ἔγνωκε

312 2424 414 2492 τὴν
473 2422 771 2493 Παρθένον,
819 2420 925 2484 ἕως
964 2414 1024 2473 οὗ
1076 2418 1231 2472 ἔτεκε
1280 2420 1371 2472 τὸν
1427 2419 1545 2472 υίὸν
1599 2419 1771 2490 αὐτῆς
1803 2419 1895 2471 τὸν

315 2513 701 2584 πρωτότοκον·
750 2512 847 2564 καὶ⁵
894 2512 923 2563 6
976 2510 1316 2581 προφητικὸς
1365 2509 1421 2563 δὲ
1463 2509 1693 2579 Ψαλμὸς
1752 2509 1896 2563 οὕτω

316 2608 518 2678 φησίν·
556 2625 576 2659 ι
607 2602 774 2658 Εἶπεν
797 2605 826 2657 6
858 2603 1064 2674 Κύριος
1091 2603 1170 2672 τῷ
1201 2602 1392 2673 Κυρίῳ
1443 2620 1545 2673 μου
1572 2618 1585 2632 ·
1626 2601 1810 2656 Κάθου
1835 2606 1899 2656 ὲκ

310 2696 510 2763 δεξιῶν
543 2713 670 2766 μου,
701 2695 807 2759 ἕως
840 2695 906 2748 ἂν
938 2693 1016 2746 θῶ
1048 2692 1175 2756 τοὺς
1214 2692 1446 2765 ἐχθρούς
1488 2710 1584 2746 σου
1609 2693 1900 2747 ὑποπόδιον

312 2789 425 2841 τῶν
465 2786 641 2841 ποδῶν
672 2804 787 2840 σου.
822 2804 840 2837 ι
869 2784 1088 2853 Συνῳδὰ
1110 2784 1166 2837 δὲ
1198 2785 1373 2855 τούτῳ
1397 2786 1490 2839 καὶ
1517 2786 1544 2838 6
1576 2785 1902 2850 Ἀπόστολος

314 2880 655 2949 φθέγγεται·
699 2899 717 2929 ι
748 2880 842 2930 Δεῖ
873 2877 984 2947 γὰρ
1014 2877 1177 2930 αὐτὸν
1206 2875 1518 2947 βασιλεύειν
1548 2879 1707 2951 ἄχρις
1740 2874 1802 2935 οὗ
1834 2879 1901 2934 ἂν

314 2974 383 3042 θῇ
419 2974 550 3033 τοὶς
589 2970 819 3042 ἐχθροὺς
850 2968 1017 3022 αὑτοῦ
1048 2969 1155 3023 ὑπὸ
1178 2972 1305 3034 τοὺς
1334 2970 1502 3034 πόδας
1546 2972 1738 3039 αὐτοῦ,
1769 2991 1788 3025 ι
1842 2976 1901 3027 ὲν

313 3064 534 3125 τούτοις
571 3063 708 3115 πᾶσι
753 3062 870 3124 τοῦ,
903 3060 1037 3126 ἕως,
1074 3061 1293 3131 ἔχοντος
1334 3063 1613 3133 σημασίαν
1641 3064 1893 3138 ἀόριστον

2003 1955 2185 2023 Neque
2215 1956 2359 2009 enim
2394 1970 2494 2009 νοις
2533 1956 2642 2021 illa,
2673 1973 2854 2027 usque,
2886 1960 3302 2013 determinatam
3352 1969 3582 2030 tempus,

2004 2049 2097 2101 sed
2147 2048 2414 2102 inﬁnitum
2461 2050 2636 2116 potius
2672 2049 2785 2120 (82)
2827 2052 3259 2121 comprehendit.
3312 2052 3581 2107 Consut-ta

2004 2151 2182 2194 autem
2215 2151 2296 2194 est
2330 2141 2445 2195 haec
2490 2142 2539 2194 in
2589 2157 2742 2197 sacra
2781 2141 3064 2211 Scriptura
3097 2142 3316 2199 locutio.
3343 2142 3477 2197 Nam
3518 2145 3585 2200 de

2003 2247 2189 2297 torvo,
2224 2234 2313 2301 qui
2347 2234 2543 2287 missus
2577 2252 2604 2286 ιι
2652 2233 2762 2287 Noe
2808 2234 3005 2301 fuerat,
3047 2243 3106 2288 ut
3141 2234 3366 2301 videret,
3400 2237 3442 2289 si
3469 2235 3585 2306 jam

2004 2334 2311 2379 cessassent
2343 2340 2495 2393 aqua:
2524 2340 2685 2394 super
2720 2337 2919 2379 terram
2953 2325 3018 2389 “,
3053 2342 3113 2380 ea
3162 2342 3256 2380 usa
3294 2335 3407 2393 est;
3437 2337 3491 2380 et
3522 2327 3586 2381 de

2005 2426 2192 2470 saneto
2222 2432 2421 2484 sponso
2447 2416 2671 2485 Joseph,
2698 2419 2843 2487 quod
2874 2433 2979 2472 non
3006 2419 3259 2489 cognovit
3284 2418 3582 2486 Virginem,

2004 2514 2173 2562 donec
2216 2511 2423 2578 peperit
2448 2507 2643 2563 Filium
2692 2525 2848 2564 suum
2886 2511 3300 2581 primogenitum
3332 2512 3377 2543 ³⁸
3404 2528 3418 2565 :
3448 2520 3502 2566 et
3529 2513 3583 2564 in

2003 2600 2214 2670 psalmo
2241 2598 2513 2670 Propheta
2549 2600 2628 2655 sic
2656 2601 2777 2655 ait:
2820 2617 2839 2651 ι
2880 2600 3016 2655 Dixit
3066 2600 3318 2656 Dominus
3359 2601 3583 2655 Domino

2003 2710 2147 2759 meo,
2195 2694 2335 2750 Sede
2366 2710 2395 2749 a
2434 2694 2640 2751 dextris
2673 2695 2831 2761 meis,
2874 2696 3044 2750 donec
3092 2711 3285 2766 ponam
3337 2696 3586 2751 inimicos

2005 2798 2127 2842 tuos
2159 2788 2450 2843 scabellum
2484 2789 2678 2859 pedum
2714 2799 2929 2843 tuorum
2958 2788 3024 2844 ³⁸.
3064 2806 3084 2840 ι
3133 2788 3385 2844 Coiisona
3422 2789 3582 2843 etiam

2006 2879 2090 2933 his
2130 2878 2422 2949 Apostolus
2474 2878 2712 2943 loquitur
2762 2896 2776 2933 :
2829 2896 2848 2931 ι
2901 2877 3124 2949 Oportet
3169 2892 3291 2932 eum
3337 2891 3582 2947 regnare,

2003 2972 2176 3026 donec
2209 2979 2378 3041 ponat
2432 2970 2679 3025 inimicos
2724 2970 2843 3040 ejus
2891 2971 2992 3025 sub
3033 2969 3262 3041 pedibus
3308 2968 3422 3037 ejus
3451 2971 3520 3034 ³⁷,
3560 2989 3581 3021 ι

2006 3078 2164 3135 atque
2210 3067 2261 3119 in
2310 3065 2394 3118 his
2440 3063 2691 3118 omnibus
2739 3062 2877 3118 locis
2929 3062 3189 3132 particula
3220 3060 3347 3125 ἕως,
3399 3062 3584 3129 donec,

313 3155 411 3207 καὶ
453 3154 646 3208 ἀΐδιον.
676 3152 896 3223 Ταύτην
937 3148 1030 3205 οὖν
1081 3153 1179 3223 τὴν
1222 3154 1505 3224 μακαρίαν
1553 3156 1899 3227 ἁντεπαγγε-

2012 3156 2453 3227 signiﬁcationem
2504 3155 2666 3210 habet
2714 3154 2908 3208 inﬁniti
2955 3163 3013 3208 et
3072 3153 3261 3207 aeterni
3302 3152 3582 3223 temporis.

311 3244 439 3297 λίαν
472 3245 567 3296 καὶ
591 3245 755 3313 ἡμεῖς
778 3241 994 3313 ἔχοντες
1021 3242 1240 3313 βέϐαιον
1280 3245 1473 3300 ἐλπίδα
1504 3248 1600 3301 καὶ⁸
1624 3249 1895 3322 ἄγκυραν,

320 3337 658 3407 πιστεύομεν
685 3335 1026 3398 ἀδιστάκτως
1058 3335 1133 3399 ὡς
1164 3336 1411 3391 σύνεστιν
1446 3338 1473 3389 6
1502 3339 1738 3409 Χριστὸς
1785 3345 1900 3407 τοῖς

316 3432 399 3495 εἰς
458 3431 621 3483 αὑτὸν
684 3427 1105 3495 πεπιστευκόσι,
1168 3430 1263 3482 κα)⁸
1320 3432 1434 3492 τοῖς
1492 3431 1659 3484 αὐτοῦ
1716 3430 1898 3500 λόγοις

316 3525 608 3595 ἀραρότως
637 3524 962 3593 ἐμμένουσι,
1000 3520 1186 3593 τηρῶν
1217 3522 1415 3585 αὐτοὺς
1452 3522 1772 3593 ἁλωὸἡτους
1798 3528 1898 3597 τῆς

319 3615 616 3686 ἐπιϐουλῆς
638 3617 731 3668 καὶ
761 3614 963 3677 κακίας
992 3614 1088 3666 τοῦ
1111 3614 1375 3686 πονηροῦ,
1401 3616 1494 3668 καὶ
1523 3615 1900 3687 κληρονόμους

318 3709 596 3762 καθιστῶν
623 3708 734 3761 τῶν
763 3706 997 3759 αἰωνίων
1027 3706 1254 3775 ἀγαθῶν
1288 3724 1303 3739 ο
1339 3700 1415 3762 ὧν
1448 3706 1662 3777 γένοιτο
1690 3711 1898 3773 πάντας

319 3803 470 3871 ἡμᾶς
499 3802 798 3872 ἐπιτυχεῖν,
837 3801 895 3852 ὲν
921 3798 1143 3870 Χριστῷ
1179 3800 1355 3870 Ἰησοῦ
1384 3801 1461 3867 τῷ
1489 3802 1679 3874 Κυρίῳ
1702 3802 1861 3874 ἡμῶν
1881 3820 1895 3834 ⁸

323 3894 446 3964 μεθ’
500 3888 563 3947 οὗ
616 3894 696 3964 τῷ
748 3892 928 3962 Πατρὶ
976 3894 1073 3948 καὶ
1118 3892 1196 3965 τῷ
1248 3895 1390 3966 ἁγίῳ
1440 3895 1724 3966 Πνεύματι
1772 3896 1899 3964 δόξα

315 3989 398 4051 είς
424 3987 554 4051 τοὺς
574 3988 800 4053 αἰῶνας.
848 3990 1042 4062 Ἀμήν.

909 4164 1150 4217 ΟΜΙΛΙΑ
1178 4162 1310 4220 ΚΘ¹.

689 4257 794 4324 Εἰς
822 4257 890 4311 τὸ
919 4256 1206 4324 δεύτερον
1245 4256 1543 4312 Έωθινόν.

388 4348 602 4418 Τέρπει
638 4349 739 4418 μὲν
763 4351 860 4412 τὰς
894 4348 1047 4419 ὄψεις
1071 4349 1309 4419 ἀνίσχων
1333 4349 1433 4419 τῆς
1465 4347 1608 4421 ἑῴας
1651 4351 1680 4403 6
1721 4350 1898 4420 ἥλιος,

316 4437 419 4492 καὶ
443 4438 546 4509 τῆς
574 4439 679 4509 γῆς
708 4439 768 4492 τὸ
798 4442 1091 4511 πρόσωπον
1112 4438 1495 4507 καταγλαῖξων
1524 4441 1637 4504 τοῖς
1666 4440 1900 4513 σελαγὴο

2008 3250 2159 3305 Hanc
2185 3247 2347 3320 igitur
2369 3248 2580 3303 beatam
2608 3246 3050 3316 pollicitationem
3076 3255 3128 3299 et
3154 3260 3255 3299 nos
3288 3254 3344 3299 ιιι
3377 3243 3586 3299 ﬁrmam

2008 3359 2157 3411 spem
2186 3351 2240 3398 et
2270 3342 2562 3397 anchoram
2601 3349 2873 3405 tenentes,
2900 3337 3065 3408 219
3094 3337 3210 3392 sine
3238 3336 3343 3391 ulla
3373 3335 3587 3392 dubita-

2010 3435 2154 3488 tione
2200 3433 2476 3487 credimus
2523 3431 2797 3486 Christum
2846 3431 3039 3485 adesse
3077 3429 3354 3496 omnibus,
3401 3429 3493 3500 qui
3533 3428 3587 3484 in

2008 3527 2184 3597 ipsum
2219 3527 2472 3589 credunt,
2502 3534 2558 3579 et
2588 3527 2641 3578 in
2682 3538 2935 3580 sermone
2961 3523 3079 3593 ejus
3123 3531 3437 3578 constanter
3469 3536 3589 3577 ma-

2007 3629 2139 3674 nent
2168 3637 2181 3673 :
2215 3632 2415 3687 eosque
2439 3619 2647 3671 servari
2675 3631 2770 3687 per
2804 3618 2977 3685 ipsum
3012 3616 3309 3671 incolumes
3348 3615 3417 3670 ab
3444 3614 3590 3670 insi-

2009 3711 2130 3775 diis,
2164 3720 2217 3764 et
2240 3719 2359 3763 astu
2390 3709 2740 3771 veteratoris,
2768 3717 2822 3762 et
2852 3706 3099 3762 haeredes
3140 3706 3396 3761 constitui
3427 3715 3590 3762 aeter-

2010 3814 2200 3856 norum
2236 3799 2522 3861 bonorum,
2553 3812 2673 3866 quae
2708 3796 2914 3857 utinam
2947 3811 3045 3851 nos
3074 3810 3262 3851 omnes
3292 3810 3592 3866 consequa-

2007 3908 2131 3948 mur
2160 3893 2212 3945 in
2238 3889 2454 3944 Christo
2476 3886 2604 3943 Jesu
2639 3886 2865 3943 Domino
2896 3897 3104 3954 nostro,
3137 3902 3260 3942 cum
3294 3902 3403 3959 quo
3438 3887 3589 3944 Patri

2006 3996 2061 4041 et
2095 3982 2318 4055 Spiritui
2355 3990 2545 4038 sancto
2576 3989 2660 4036 est
2694 3980 2862 4053 gloria
2906 3979 2959 4034 in
3011 3980 3208 4035 secula
3243 3981 3587 4036 saeculorum.

2007 4082 2197 4139 Amen.

2540 4165 2822 4223 HOMILIA
2863 4163 3055 4219 XXIX.

2401 4260 2469 4316 In
2519 4257 2807 4315 secundum
2851 4255 3196 4311 Matutiuum.

2083 4352 2324 4407 Delectat
2364 4348 2551 4404 oculos
2583 4360 2715 4402 sane
2742 4345 2845 4409 sol,
2874 4361 2996 4400 cum
3029 4344 3097 4400 ab
3126 4356 3252 4400 ortu
3297 4359 3418 4400 sese
3461 4344 3591 4401 οσο-

2010 4458 2138 4500 rens
2165 4442 2358 4497 faciem
2391 4451 2549 4496 terrae
2577 4453 2678 4494 suo
2704 4437 2988 4509 splendore
3017 4436 3329 4509 collustrat;
3357 4437 3591 4495 laetiﬁcat

391 4555 441 4588 ³³
470 4553 588 4610 Jac.
620 4569 682 4620 ιι,
723 4554 815 4609 20.
890 4552 937 4586 “
969 4554 1104 4609 Gen.
1137 4569 1259 4621 vui,
1283 4554 1339 4608 7.
1417 4554 1464 4587 ³⁸
1503 4554 1694 4612 Matth.
1735 4569 1775 4623 t,
1803 4559 1896 4615 25.

2006 4560 2019 4591 ³
2048 4559 2190 4615 Psal.
2219 4572 2329 4624 (ιιι,
2356 4556 2413 4625 Ξ,
2445 4557 2501 4611 3.
2578 4556 2620 4589 ³⁷
2648 4555 2670 4611 Ι
2698 4554 2826 4611 Cor.
2860 4568 2938 4621 vr,
2973 4553 3061 4610 l5.

1566 4668 1891 4731 Francisci
1927 4667 2136 4731 Scorsi
2182 4673 2373 4729 notas.

399 4772 515 4843 (8‘2)
557 4768 658 4824 Sea
686 4770 953 4838 inﬁnitum
1011 4770 1203 4838 potius.
1246 4767 1643 4843 Receptissima
1679 4779 1763 4825 est
1796 4772 1913 4843 haec
1941 4776 1989 4835 D
2016 4785 2122 4826 non
2158 4768 2436 4843 peperisse
2454 4783 2721 4843 unguam,
2751 4774 3401 4843 antequam_moreret_ur,
3439 4775 3587 4843 quod

323 4837 617 4910 explicatio
679 4837 820 4908 apud
870 4837 1062 4910 omnes
1092 4837 1770 4895 sacrarunt‘Litterarum
1818 4842 1905 4894 in-

322 4908 614 4981 terpretes,
645 4914 738 4979 qui
770 4925 931 4964 voces
959 4908 1175 4982 Graecas
1210 4910 1340 4982 ἕως,
1373 4920 1429 4965 et
1477 4911 1663 4982 ἄχρις,
1710 4922 1765 4966 et
1800 4910 1908 4964 La-

323 4980 471 5036 tinas
528 4985 692 5033 donec
747 4991 801 5034 et
849 4996 1035 5049 usque,
1060 4981 1112 5034 in
1145 4980 1334 5034 relatis
1367 4983 1432 5035 ab
1464 4980 1687 5035 auctore
1717 4993 1907 5037 nostro

321 5052 482 5115 locis,
518 5061 573 5104 et
613 5051 734 5103 aliis
778 5065 916 5118 quos
980 5052 1071 5104 alii
1122 5058 1332 5112 notant,
1392 5067 1499 5105 non
1567 5051 1905 5105 determina-

325 5134 437 5174 tam
481 5120 681 5174 habere
712 5123 972 5189 temporis
997 5121 1476 5191 signiﬁcationem,
1514 5136 1689 5189 neque
1710 5135 1911 5191 negare

327 5197 660 5259 Subsequens
708 5206 869 5243 omne
901 5198 1114 5257 tempus
1168 5190 1401 5255 docent;
1444 5192 1537 5245 sed
1574 5203 1632 5243 ut
1671 5190 1913 5244 breviter

328 5265 383 5308 et
438 5270 623 5329 argute
654 5261 943 5314 Mahlonat.
1006 5273 1235 5323 noster,
1291 5260 1595 5329 signiﬁcare
1650 5261 1701 5315 id
1762 5261 1906 5329 quod

327 5335 413 5379 est
460 5325 920 5401 dubiumhtacere
949 5329 1094 5399 quod
1125 5342 1211 5385 est
1238 5325 1469 5401 cerium.
1495 5331 1628 5385 Nam
1654 5340 1726 5401 fut
1759 5325 1905 5384 aliud

328 5405 596 5471 praeterea
646 5396 1020 5471 adjungamus
1050 5400 1356 5470 exemplum
1411 5402 1478 5456 iis
1505 5416 1626 5471 quae
1652 5399 1899 5468 'l'heopb.

331 5462 419 5517 hic
473 5462 716 5526 adducit,
763 5462 925 5541 hujus
991 5462 1253 5541 dcc-trinae
1299 5462 1685 5527 conﬁrmandae
1711 5462 1898 5535 causa,

328 5549 448 5603 qua:
478 5548 581 5587 nou
637 5546 791 5600 parvr
845 5541 1103 5603 momenti
1151 5544 1256 5597 est,
1289 5547 1355 5588 ad
1402 5552 1608 5594 rectum
1646 5545 1894 5595 locorum

329 5601 501 5679 sacra:
528 5601 1236 5679 scripturzr_intellectum.
1270 5618 1393 5657 cum
1426 5608 1467 5661 ll
1503 5609 1637 5678 Reg.
1670 5626 1791 5679 cap.
1815 5624 1890 5675 vr,

330 5676 547 5747 dicitur:
578 5670 777 5747 Hic/to!
822 5672 952 5741 ﬁlia:
988 5672 1126 5725 Saul
1149 5683 1349 5747 nonest
1374 5689 1528 5733 natus
1557 5670 1703 5747 ﬂius
1728 5670 1891 5747 usque

327 5746 379 5795 in
400 5748 538 5797 diem
586 5742 773 5817 mortis
820 5759 951 5817 sum,
994 5759 1101 5817 non
1131 5745 1402 5817 signiﬁcat
1440 5742 1568 5801 eaut
1601 5758 1719 5817 post
1745 5742 1890 5803 mur—

328 5827 432 5870 tem
475 5814 778 5887 peperisse,
809 5816 876 5866 de
906 5829 1013 5882 quo
1066 5814 1297 5867 dubitari
1350 5830 1456 5871 non
1515 5814 1745 5887 poterat,
1796 5818 1889 5874 sed

648 5907 922 5970 ΡΑτιιοι..
969 5909 1088 5971 Gs.
1142 5909 1403 5970 CXXXII

2015 4849 2136 4895 erat
2159 4835 2479 4893 'incertum.
2534 4839 2695 4891 Hunc
2753 4835 3006 4892 eumdem
3041 4836 3219 4892 locum
3256 4835 3416 4893 aﬁ‘ert
3445 4835 3586 4894 Cor-

2014 4910 2194 4965 nelius
2230 4910 2282 4961 in
2321 4923 2441 4977 cap.
2475 4923 2488 4961 ι
2544 4907 2760 4980 M_attb._
2790 4907 2930 4961 idem
2968 4921 3250 4980 asserens.
3303 4905 3398 4980 _ln_
3432 4911 3587 4980 hujus

2014 4990 2304 5050 postrema)
2330 4976 2468 5050 nuta:
2494 4977 2671 5050 _ealce
2699 4978 2922 5050 adverto
2968 4976 3159 5050 harum
3208 4978 3457 5050 undecim
3487 4976 3589 5036 lio-

2014 5045 2290 5104 iuiliarum
2345 5047 2601 5102 habuisse
2650 5061 2737 5100 me
2771 5045 2879 5099 duo
2932 5046 3289 5114 exemplaria,
3346 5063 3597 5116 quorum

2015 5121 2247 5175 alterum
2302 5117 2690 5186 transcriptum
2723 5130 2791 5169 ex
2826 5116 3055 5185 antiquo
3080 5117 3377 5185 exemplari
3403 5117 3591 5175 Romae

2017 5189 2082 5244 Ρ.
2127 5188 2310 5243 Jacobi
2362 5185 2644 5259 summa
2690 5200 2875 5259 manu,
2938 5197 2992 5241 et
3053 5186 3274 5259 quidem
3310 5188 3598 5259 integrum

2011 5260 2263 5316 omnibus
2290 5258 2406 5312 suis
2454 5257 2725 5326 partibus,
2759 5255 2992 5310 alterum
3026 5254 3089 5310 es
3123 5254 3305 5311 Sicilia
3333 5276 3347 5312 :
3395 5254 3490 5313 sed
3520 5262 3588 5313 ab

2011 5332 2201 5403 eodem
2241 5327 2314 5403 P._
2343 5316 2639 5403 Sirmundo
2682 5316 3046 5403 recognitum,
3069 5335 3144 5403 _e_t_
3174 5328 3432 5383 collatum
3463 5316 3599 5403 cum;

2008 5399 2101 5455 illo
2144 5400 2341 5464 veteri,
2391 5405 2447 5451 et
2495 5397 2564 5451 ad
2614 5400 2913 5466 marginem
2976 5397 3179 5453 additis
3231 5406 3286 5452 et
3325 5396 3596 5466 correctis}

2004 5448 2231 5544 iii—{quae
2244 5448 2523 5544 nsciis."
2537 5448 2911 5544 integrii’iiiiir;
2953 5448 3284 5544 q_..‘.}'s_‘_f.o;.'
3298 5448 3435 5535 οβ’άέ
3458 5448 3550 5544 tia
3562 5448 3597 5513 .l

2004 5539 2097 5593 bui
2123 5536 2133 5538 ⁷
2162 5539 2251 5593 hic
2292 5539 2343 5592 in
2383 5538 2464 5592 his
2497 5538 2640 5593 notis
2670 5536 2937 5591 undecim
2974 5536 3334 5591 homiliarum
3395 5536 3577 5587 varias

2001 5621 2194 5664 notare
2253 5610 2514 5663 lectiones
2547 5647 2563 5673 ,
2602 5622 2744 5667 ,cutn
2809 5606 2985 5661 nouas
3028 5620 3126 5676 ego
3171 5621 3287 5661 mea
3340 5604 3583 5657 aninmo.

2002 5681 2256 5735 versione
2328 5694 2393 5735 ex
2452 5678 2577 5735 aliis
2636 5678 3042 5747 exemplaribus
3121 5686 3314 5730 notare
3382 5684 3580 5741 potue-

2003 5764 2132 5805 l'lll].

3114 5903 3189 5965 20
