4042 6428
313 419 419 481 623

1510 415 1925 479 THEOPHAN
1939 413 2009 475 IS
2047 413 2392 476 CERAMEI

3469 416 3583 481 624

315 533 503 588 Jacobi
539 539 593 587 et
625 538 850 587 matrem
883 529 1007 585 Jose
1033 525 1383 595 Erangelium
1415 525 1595 597 vocat)
1627 541 1746 596 quae
1772 539 1900 580 sane

2008 524 2129 587 ϐου,
2150 524 2245 577 καὶ
2284 522 2440 594 Ἰωσῆ
2480 520 2693 593 μητέρα
2711 521 2969 593 ὀνομάζει
3002 521 3071 576 τὰ
3100 521 3460 596 Εὐαγγέλια),
3489 524 3587 579 καὶ

320 628 380 679 ad
413 626 726 697 sepulcrum
758 622 919 678 etiam
950 627 1074 674 ante
1114 630 1396 683 veneram,
1427 619 1649 673 omnino
1696 617 1897 686 iguarzc

316 733 425 770 μοι]
451 725 605 771 erant
625 714 827 769 Christi
869 710 1326 768 resurrectionis:
1353 710 1454 766 etsi
1505 709 1890 765 ardentissimo

318 809 587 863 desiderio
620 807 913 877 ﬂagrantes
947 803 1117 874 magis
1165 803 1443 874 magisque
1480 803 1549 857 de
1586 817 1650 858 ea
1693 801 1898 857 conﬁr-

326 898 454 950 mari
494 895 802 953 studebant.
837 893 1053 949 Salome
1078 908 1208 948 vero
1239 902 1349 946 tum
1383 892 1623 963 primum
1651 893 1897 954 veniens,

321 990 528 1044 sciebat
574 986 789 1056 quidem
843 984 1178 1041 monumenti
1228 984 1427 1038 ostium
1475 982 1678 1053 ingenti
1725 980 1900 1051 lapide

318 1097 439 1136 esse
487 1079 810 1151 praeclusum
842 1093 859 1131 :
888 1078 1147 1132 intererat
1190 1075 1335 1130 enim
1375 1085 1431 1129 et
1461 1073 1579 1144 ipsa
1626 1086 1730 1126 una
1773 1085 1899 1125 cum

318 1175 556 1239 ca-teris,
605 1172 697 1243 qui
737 1170 946 1241 Virgini
997 1169 1329 1232 assidehant,
1376 1166 1724 1232 mulieribus,
1775 1177 1899 1219 cum

324 1266 535 1321 Domini
587 1279 787 1333 corpus
840 1264 1214 1332 deponeretur,
1263 1268 1321 1314 et
1370 1258 1462 1314 ubi
1513 1260 1677 1313 situm
1729 1262 1902 1320 esset,

320 1369 626 1429 aspexerat,
676 1355 837 1413 sicuti
886 1353 1172 1408 Mattheus
1220 1359 1275 1408 et
1303 1350 1522 1406 Marcus
1564 1354 1839 1418 exponunt
1883 1364 1897 1400 :

322 1454 412 1508 ille
444 1451 664 1521 quidem
695 1464 762 1505 ex
788 1446 935 1514 ﬁliis,
962 1445 1052 1500 hic
1078 1458 1142 1499 ex
1179 1445 1295 1514 ipso
1336 1443 1551 1499 nomine
1580 1440 1725 1496 illam
1762 1440 1903 1495 desi-

319 1559 518 1618 gnans.
549 1541 749 1597 Verum
783 1541 971 1609 ignara
998 1552 1183 1593 eorum
1212 1551 1330 1607 quae
1352 1546 1536 1607 postea
1567 1535 1899 1595 acciderant,

321 1641 390 1694 de
421 1635 599 1705 lapide
646 1631 947 1690 dubitabat.
976 1629 1151 1701 Ipsius
1198 1629 1341 1685 enim
1395 1636 1524 1682 sunt
1568 1625 1731 1679 verba
1763 1624 1851 1678 illa
1886 1641 1900 1677 :

322 1752 349 1786 ί
387 1731 523 1799 Quis
566 1727 807 1785 revolvet
850 1723 1007 1779 nobis
1041 1721 1310 1793 lapidem?
1355 1738 1375 1773 ι
1427 1718 1615 1774 Mariae
1660 1732 1809 1782 vero,
1848 1724 1907 1769 ut

326 1838 448 1895 quae
474 1822 775 1878 revolutum
803 1816 1051 1871 viderant
1082 1813 1334 1884 lapidem,
1360 1812 1608 1883 coniectu
1633 1812 1750 1882 ipso
1772 1825 1906 1865 ocu-

2006 615 2272 687 πρότερον
2301 614 2402 684 μὲν
2423 616 2481 666 ὲν
2502 613 2579 684 τῷ
2604 613 2759 683 τάφῳ
2779 616 2936 687 φοιτή
2946 614 3229 677 damnaui:
3246 616 3429 681 ἀδαεῖς
3444 614 3586 689 ἦσαν

2007 706 2185 777 πάντη
2219 706 2351 776 περὶ⁸
2382 707 2482 775 τῆς
2518 708 2891 772 ἀναστάσεως,
2927 706 3031 761 κᾶν
3062 710 3145 763 ὃτι
3197 709 3435 780 μάλιστα
3469 709 3587 764 δια-

2006 798 2167 870 πύρῳ
2227 799 2379 870 πόθῳ
2409 799 2785 870 ὲνισχυμέναι,
2805 800 2992 855 λαϐεῖν
3042 801 3304 855 ἔσπευδον
3363 804 3588 873 μείζονα

2008 891 2299 962 βεϐαίωσιν
2328 905 2343 920 ·
2365 894 2397 962 ἡ
2422 891 2477 943 δὲ
2501 891 2739 961 Σαλώμη
2769 892 2897 964 ἀρτι
2919 892 3153 963 πρώτως
3183 892 3432 959 ἐλθοῦσα,
3470 894 3590 966 ᾔδει

2013 984 2114 1054 μὲν
2136 983 2212 1047 ὡς
2237 983 2410 1054 μέγας
2431 982 2580 1046 λίθος
2608 981 2763 1053 εἶργε
2789 987 2889 1055 τὴν
2918 984 3012 1039 τοῦ
3038 986 3323 1058 μνήματος
3338 986 3542 1040 είσοδον
3570 1001 3587 1016 ο
3634 1039 3648 1065 ι

2009 1075 2133 1129 ἐπεὶ
2181 1076 2481 1146 συμπαρῆν
2513 1076 2633 1140 ταῖς
2654 1077 2783 1147 περὶ
2809 1076 2907 1147 τὴν
2931 1076 3192 1132 Θεοτόκον
3222 1078 3492 1146 γυναιξὶν,
3530 1081 3590 1131 ὲν
3630 1064 3650 1131 ί

2006 1173 2073 1241 τῇ
2094 1169 2390 1225 καταθέσει
2416 1170 2512 1224 τοῦ
2530 1171 2869 1226 Δεσποτικοῦ
2913 1173 3165 1243 σώματος
3189 1174 3287 1228 καὶ
3311 1172 3475 1244 αὕτη,
3495 1173 3593 1227 καὶ

2010 1258 2293 1329 θεωροῦσα
2325 1259 2429 1313 ποῦ
2460 1259 2722 1323 τέθειται,
2791 1261 2977 1324 καθὼς
3043 1262 3134 1316 καὶ
3166 1255 3469 1327 Ματθαῖος’
3494 1262 3594 1317 καὶ

2007 1351 2236 1422 Μάρκος
2266 1350 2543 1421 ἐδήλωσαν
2575 1369 2591 1385 ·
2619 1355 2647 1408 6
2677 1354 2777 1425 μὲν
2799 1355 2863 1409 ὲκ
2894 1354 3123 1421 παίδων,
3175 1357 3204 1409 6
3254 1355 3310 1409 δὲ
3367 1356 3432 1409 ἐκ
3493 1355 3595 1426 τῆς

2011 1440 2262 1511 κλήσεως
2323 1441 2531 1513 ταύτην
2615 1445 3009 1516 γνωρίσαντες.
3091 1446 3388 1515 Ἀγνοοῦσα
3411 1446 3470 1500 δὲ
3532 1446 3595 1499 τὸ

2014 1533 2156 1602 μετά
2183 1531 2378 1601 ταῦτα,
2410 1536 2540 1605 περὶ
2572 1536 2667 1589 τοῦ
2690 1535 2843 1591 λίθου
2900 1538 3156 1610 διαπορεῖ
3188 1555 3203 1571 ’
3258 1540 3430 1611 αὐτῆς
3482 1540 3594 1611 γὰρ

2009 1621 2079 1696 ἦν
2108 1629 2136 1679 6
2176 1626 2335 1696 λόγος
2360 1644 2373 1657 ·
2414 1647 2433 1681 ι
2473 1628 2569 1692 Τίς
2624 1629 2949 1685 ἀποκυλίσει
2999 1632 3133 1702 ἡμῖν
3190 1632 3283 1685 τδν
3336 1631 3528 1699 λίθον;
3571 1652 3591 1684 ›

2013 1720 2105 1773 Διὸ
2131 1721 2187 1774 αί
2209 1723 2446 1793 Μαρίαι,
2469 1724 2565 1778 ἆτε
2599 1724 2819 1792 εἰδυῖαι,
2843 1723 2918 1788 ὡς
2947 1725 2976 1777 6
3002 1724 3149 1789 λίθος
3171 1724 3592 1790 ἀποκεκύλιστο,

2011 1816 2078 1885 τῇ
2102 1815 2210 1867 τῶν
2232 1804 2537 1886 ὀφθαλμῶν
2571 1815 2853 1870 διανεύσει
2876 1816 2974 1885 τὴν
2991 1816 3227 1887 ἀπορίαν
3251 1816 3420 1885 αὐτῆς
3479 1814 3598 1869 δια-

326 1918 498 1972 lorum
556 1913 669 1984 (88)
721 1909 1108 1966 dubitationem
1176 1907 1417 1961 solvunt.
1470 1923 1489 1956 s
1531 1903 1900 1972 Respicientes

2013 1903 2231 1957 λύουσιν
2267 1921 2283 1937 ο
2339 1923 2359 1957 s
2418 1905 2820 1976 ’Δναϐλέψασαι
2879 1907 3008 1979 γὰρ,
3085 1908 3240 1977 φησὶ,
3298 1906 3596 1977 Θεωροῦσιν

325 2008 493 2070 enim,
548 2004 742 2074 inquit,
792 2002 979 2055 vident
1026 2000 1329 2053 revolutum
1361 1997 1625 2066 lapidem;
1687 2014 1705 2047 ι
1759 1995 1902 2064 quod

324 2099 504 2161 enim,
542 2095 919 2166 respicientes,
951 2091 1119 2154 dixit,
1169 2090 1452 2145 oculorum
1507 2099 1637 2142 nutu
1698 2087 1899 2141 factum

326 2190 584 2246 iudicium
624 2185 972 2254 signiﬁcavit.
1005 2182 1276 2237 IndiCatur
1304 2180 1467 2234 etiam
1516 2178 1706 2254 lapidis
1755 2193 1903 2249 mag-

325 2279 513 2336 nitudo
540 2278 644 2333 illis
673 2277 853 2332 verbis
888 2294 903 2330 :
944 2292 963 2326 ι
1003 2275 1134 2328 Erat
1176 2274 1374 2342 quippe
1404 2285 1629 2340 magnus
1660 2269 1836 2332 valde,
1877 2287 1895 2320 ι

320 2381 376 2426 et
405 2369 567 2426 simul
606 2381 713 2422 non
750 2364 1045 2421 revolvisse
1088 2362 1318 2433 lapidem
1348 2359 1518 2423 fures,
1548 2346 1905 2429 raptoresque

322 2474 599 2518 mortuum
631 2458 919 2529 Dominum
954 2454 1122 2511 furari
1176 2461 1456 2518 conantes,
1498 2450 1658 2505 sicuti
1698 2451 1903 2504 calum-

323 2555 534 2608 niantes
560 2551 902 2607 sacerdotum
933 2545 1208 2616 principes
1233 2544 1407 2599 Pilato
1441 2544 1693 2598 dicebant
1721 2560 1734 2597 :
1769 2559 1789 2593 s
1825 2540 1904 2595 Ne

316 2642 597 2696 venientes
643 2638 893 2709 discipuli
937 2636 1055 2705 ejus
1106 2642 1268 2692 nocte
1311 2632 1563 2689 furentur
1601 2649 1727 2689 eum
1773 2633 1842 2686 “.
1879 2652 1897 2685 ι

321 2733 612 2790 Sciendum
642 2747 804 2802 porro
833 2739 939 2797 est,
970 2728 1277 2801 sepulcrum
1316 2729 1442 2783 illud
1478 2726 1650 2782 fuisse
1682 2728 1905 2797 spelun-

320 2842 439 2883 cam
495 2826 897 2890 manufactam;
953 2823 1109 2894 cujus
1164 2823 1308 2879 ostio
1353 2822 1553 2893 Joseph
1609 2823 1902 2877 multorum

319 2920 675 2975 adnitentium
716 2931 882 2988 opera
924 2930 1178 2987 magnum
1230 2913 1358 2969 illud
1408 2928 1598 2969 saxum
1630 2914 1900 2984 apposuit,

324 3021 382 3065 ut
430 3025 501 3066 ne
549 3010 704 3064 multi
756 3008 974 3079 quidem
1026 3006 1184 3062 facile
1234 2995 1647 3061 demolirentur.
1700 3004 1905 3074 Sigillis

320 3113 581 3173 prmterea
633 3100 817 3156 multis
866 3099 1183 3169 obsignatus
1211 3107 1349 3154 erat.
1393 3095 1500 3152 Sed
1548 3107 1667 3153 erat
1714 3111 1902 3151 revera

321 3210 557 3265 magnus
598 3192 774 3257 valde,
816 3191 907 3262 qui
950 3190 1187 3260 lapidem
1224 3188 1562 3254 revolverat;
1594 3188 1728 3243 nihil
1755 3187 1900 3242 enim

2011 1995 2094 2049 ὅτι
2117 1994 2552 2049 ἀποκεκύλισται
2586 1998 2613 2048 ὁ
2643 1996 2791 2060 λίθος
2821 2011 2836 2026 ⁸
2879 2014 2898 2047 s
2931 1996 3017 2049 διὰ
3049 1995 3158 2065 γὰρ
3200 1994 3298 2049 τοῦ
3360 1995 3595 2048 ἀναϐλέ-

2008 2086 2205 2158 ψασαι,
2241 2090 2342 2158 τὴν
2376 2088 2465 2142 διά
2491 2086 2584 2141 τοῦ
2618 2088 2896 2158 νεύματος
2928 2089 3037 2141 τῶν
3065 2088 3366 2158 ὀφθαλμῶν
3391 2089 3598 2143 ἐπίδει-

2011 2182 2094 2248 ξιν
2120 2181 2475 2253 διεσήμανεν.
2520 2179 2979 2253 Ἐπισημαίνεται
3001 2181 3058 2235 δὲ
3094 2181 3191 2235 καὶ
3216 2181 3310 2234 τοῦ
3366 2181 3515 2235 λίθου
3535 2180 3598 2235 τδ

2013 2274 2249 2345 μέγεθος
2275 2276 2332 2325 ἐν
2359 2271 2439 2343 τῷ
2463 2274 2640 2328 εἰπεῖν
2670 2289 2685 2304 ·
2725 2291 2744 2324 s
2777 2268 2884 2325 Ἦν
2917 2274 3025 2346 γὰρ
3082 2274 3256 2345 μέγας
3304 2275 3533 2347 σφόδρα,
3570 2292 3590 2325 s

2009 2366 2104 2420 καὶ¹
2133 2365 2351 2429 δεικνὺς
2383 2364 2459 2429 ὡς
2487 2365 2549 2418 ού
2575 2364 2933 2437 τυμϐωρύχοι
2959 2367 3053 2420 καὶ
3103 2365 3286 2437 φῶρες
3324 2366 3416 2420 τὸν
3447 2365 3596 2420 λίθον

2007 2458 2289 2523 ὲκύλισαν,
2320 2456 2517 2527 κλέψαι
2549 2459 2887 2529 πειρωμένοι
2919 2458 3012 2511 τὸν
3052 2458 3268 2530 νεκρὸν,
3304 2459 3446 2513 κατά
3468 2459 3595 2523 τοὺς

2010 2550 2361 2620 συκοφάντας
2385 2550 2687 2621 ἀρχιερεῖς,
2712 2550 2763 2604 οἶ
2791 2550 2981 2619 ἔλεγον
3022 2554 3102 2625 τῷ
3138 2554 3352 2622 Πιλάτῳ
3376 2570 3390 2584 ’
3428 2572 3446 2605 ‹
3474 2553 3595 2617 Μή-

2008 2656 2128 2705 πως
2162 2640 2413 2706 ἐλθόντες
2453 2644 2503 2694 ot
2538 2640 2784 2712 pall-qui.
2846 2643 3015 2715 αὐτού
3073 2645 3290 2711 νυκτὸ·,
3318 2643 3593 2715 κλέψωσιν

2007 2732 2196 2787 αὐτόν.
2248 2751 2267 2786 s
2315 2733 2514 2787 ’ἰστέον
2546 2733 2605 2787 δὲ
2659 2733 2734 2799 ὡς
2767 2737 2795 2787 6
2848 2735 3021 2803 τάφος
3070 2737 3280 2800 ἐκεῖνος
3328 2735 3592 2806 σπήλαιον

2005 2819 2074 2894 ἦν
2126 2826 2525 2897 χειροποίητον,
2598 2820 2659 2880 οὗ
2697 2828 2764 2899 τῇ
2821 2825 2961 2898 θύρᾳ
3006 2828 3035 2881 6
3075 2827 3275 2899 Ἰωσὴφ
3335 2828 3591 2898 πολυχει-

2010 2916 2103 2987 ρίᾳ
2138 2916 2231 2969 τὸν
2265 2917 2442 2986 μέγαν
2478 2917 2687 2970 ἐκεῖνον
2719 2916 2869 2971 λίθον
2907 2919 3135 2982 κυλίσας
3186 2919 3477 2990 ἐπέθηκεν,
3512 2917 3590 2984 ὡς

2006 3009 2075 3063 ἂν
2111 3008 2246 3081 μηδὲ
2274 3008 2379 3062 ὑπὸ
2411 3008 2625 3064 πολλῶν
2656 3010 2920 3064 δύνασθαι
2970 3011 3168 3082 ῥᾳδίως
3221 3011 3594 3082 ἀπομοχλεύε-

2010 3101 2159 3156 σθαι.
2193 3096 2301 3154 Ἦν
2335 3101 2393 3154 δὲ
2427 3102 2521 3154 καὶ
2545 3102 2971 3173 σεσημασμένος
3011 3106 3134 3168 ταῖς
3189 3103 3299 3158 τῶν
3354 3105 3593 3175 σφραγί-

2007 3193 2116 3246 δων
2146 3192 2330 3262 βολαῖς
2364 3192 2519 3245 ’ἀλλ’
2545 3188 2615 3265 ἦν
2669 3192 2889 3265 ἀληθῶς
2941 3195 3121 3265 μέγας
3169 3196 3374 3267 σφόδρα
3423 3200 3453 3250 6
3499 3197 3593 3250 τὸν

322 3289 597 3360 prohibet,
645 3288 935 3357 quominus
980 3282 1185 3338 dictum
1219 3279 1352 3335 illud
1384 3298 1399 3335 :
1438 3297 1460 3333 ι
1500 3279 1634 3334 Erat
1677 3293 1900 3349 magnus

2007 3283 2156 3337 λίθον
2178 3283 2485 3348 κεκυλικώς
2515 3300 2531 3316 ·
2561 3284 2797 3339 κωλύσει
2831 3286 2941 3357 γὰρ
2993 3287 3149 3341 οὐδὲν
3191 3289 3252 3342 τό
3273 3305 3289 3321 ο
3316 3285 3428 3343 Ἦν
3490 3289 3590 3360 μέ·-

319 3378 494 3443 valde,
539 3395 557 3429 ι
597 3379 678 3433 sic
708 3375 870 3430 etiam
907 3372 1298 3441 intelligamus.

395 3488 416 3523 s
448 3468 515 3524 Et
571 3464 989 3523 iutroeuntesin
1050 3471 1482 3527 monumentum,
1529 3460 1783 3516 viderunt
1815 3459 1906 3530 ju-

321 3582 516 3624 venem
543 3564 824 3621 sedentem
854 3561 907 3616 iu
930 3558 1134 3615 dextris
1158 3556 1625 3629 coopertumstola
1648 3557 1900 3622 candida,

320 3670 377 3717 et
409 3660 874 3728 obstupuerunt.»
947 3651 1229 3707 Sublatutn
1287 3651 1521 3723 lapidem
1579 3651 1904 3706 viviﬁcantis

323 3749 560 3822 sepulcri
610 3746 866 3802 mulieres
901 3743 1253 3813 conapicatae,
1301 3741 1431 3797 illud
1463 3742 1605 3797 haud
1634 3752 1903 3797 cunctan-

2009 3392 2112 3445 γας
2142 3377 2374 3447 σφόδρα,
2413 3396 2432 3429 ι
2473 3378 2568 3431 καὶ
2598 3377 2742 3432 οὕτω
2772 3381 2935 3434 νοεῖν.

2097 3489 2116 3522 s
2139 3471 2251 3524 Καὶ
2280 3468 2625 3524 εἰσελθοῦσαι
2642 3472 2718 3532 εἰς
2732 3470 2797 3523 τὸ
2821 3472 3108 3543 μνημεῖον,
3140 3467 3283 3528 εἶδον
3307 3475 3593 3532 νεανίσκον

2014 3559 2331 3632 καθήμενον
2367 3561 2427 3613 ιν
2473 3561 2589 3624 τοῖς
2645 3560 2865 3626 δεξιοῖς,
2900 3561 3372 3635 περιϐεϐλημένον
3401 3566 3592 3639 στολὴν

2011 3650 2235 3725 λευκὴν,
2259 3650 2356 3705 καὶ
2384 3648 2870 3721 ἐξεθαμϐήθησαν.
2900 3668 2919 3702 s
2958 3651 3069 3722 Τῆς
3101 3652 3391 3726 ζωηφόρου
3428 3657 3590 3727 σοροῦ

2013 3743 2358 3814 μετηρμένον
2379 3741 2473 3796 τὸν
2500 3742 2649 3796 λίθον
2687 3741 2867 3796 ίδόντα
2893 3743 2963 3798 τά
3014 3744 3236 3814 γύναια,
3269 3748 3401 3803 εἵσω
3426 3748 3591 3813 εὐθὺς

323 3853 413 3898 tcr
460 3840 729 3905 subiere;
786 3835 1095 3907 spectaculo
1154 3848 1283 3891 vero
1336 3834 1509 3904 magis
1556 3834 1778 3905 ancipiti
1808 3834 1900 3889 ob-

2009 3833 2437 3904 παρεισδύονται
2458 3848 2472 3863 ’
2496 3834 2734 3903 θεάματι
2759 3834 2816 3888 δὲ
2842 3836 3181 3910 ἀπορωτέρῳ
3199 3840 3591 3912 περιτυχοῢσαι

316 3934 470 4006 jecto
513 3933 912 4000 obstupuerunt
948 3945 964 3982 :
997 3926 1198 3997 quippe
1253 3940 1375 3980 cum
1406 3925 1626 3996 juvenis
1656 3927 1900 3981 candida-

2013 3927 2497 3997 ἐξεθαμϐήθησαν,
2518 3928 2736 3981 νεανίου
2747 3926 3097 3999 λευχείμονος
3120 3930 3382 4000 ὀφθέντος
3397 3933 3592 3999 αὐταῖς

331 4036 418 4081 tus
442 4024 496 4080 in
544 4025 736 4080 dextra
786 4030 942 4093 parte
997 4023 1067 4075 sit
1118 4020 1288 4086 visus,
1339 4019 1431 4090 qui
1476 4018 1694 4075 insolita
1741 4020 1900 4091 ﬁgura

2010 4020 2071 4073 ὲν
2103 4022 2215 4082 τοῖς
2245 4017 2461 4087 δεξιοῖς,
2490 4019 2584 4072 καὶ
2605 4022 2672 4090 τῇ
2706 4018 2925 4090 ἐξαισία
2979 4025 3172 4094 μορφῇ
3204 4025 3593 4098 καταπλήξαν-

321 4117 444 4172 illas
473 4117 541 4173 ad
590 4123 868 4185 stuporem
922 4111 1169 4168 adduxit.
1221 4110 1319 4167 Est
1365 4111 1512 4167 enim
1588 4119 1777 4185 stupor
1848 4126 1900 4165 ei

2014 4129 2127 4176 τος.
2156 4111 2318 4165 Ἔστι
2355 4111 2410 4164 δὲ
2444 4110 2655 4181 θάμϐος
2694 4110 2860 4180 φόϐος
2891 4112 2955 4178 ἐξ
2979 4113 3284 4188 ἀσυνήθους
3351 4117 3478 4183 θέας
3505 4136 3592 4191 γι-

398 4256 446 4291 ⁸⁸
466 4251 660 4308 Matth.
691 4263 755 4317 tl,
782 4248 874 4305 64.

1561 4346 1880 4409 FranciSci
1915 4343 2127 4408 Scorsi
2160 4352 2348 4407 notte.

323 4501 424 4545 nos
485 4483 769 4544 habemus,
825 4483 1000 4532 mater
1047 4474 1264 4546 Ioseph.
1302 4473 1459 4546 Ἰωσῆ
1516 4475 1641 4529 Jase
1686 4475 1905 4546 proprie

321 4544 413 4614 hic
435 4549 758 4688 appellatua
789 4548 1114 4603 nominatam
1141 4544 1428 4615 Deiparam
1449 4544 1593 4608 esse,
1623 4559 1716 4599 nec
1732 4544 1897 4598 aliam
1937 4553 1976 4607 ο
2007 4544 2232 4618 pseruut
2282 4547 2336 4601 in
2400 4546 2550 4601 Evan

322 4626 666 4683 credidimus.
761 4634 825 4672 ua
861 4631 991 4672 vero
1020 4615 1230 4688 ratione
1267 4615 1359 4688 sic
1384 4614 1701 4688 appelletur,
1731 4615 1903 4683 expli-
2007 4617 2300 4688 Gregorius
2339 4627 2393 4671 et
2435 4617 2522 4670 hic

322 4614 666 4683 credidimus.
710 4614 825 4684 Qua
861 4631 991 4672 vero
1020 4615 1230 4670 ratione
1267 4615 1347 4670 sic
1384 4614 1701 4684 appelletur,
1731 4615 1903 4683 expli-

324 4705 417 4752 cat
449 4698 564 4762 ipse
589 4685 778 4747 eodem
807 4690 977 4762 “loco,
1037 4686 1132 4741 sed
1165 4699 1263 4762 nec
1291 4685 1632 4762 admittenda
1662 4694 1715 4762 et
1749 4694 1905 4762 caute

320 4755 667 4836 legendajlla
700 4758 1009 4836 explicatio,
1040 4770 1163 4836 quas
1206 4756 1394 4836 nititur
1429 4769 1493 4809 ea
1547 4755 1823 4836 opinione,
1851 4755 1904 4836 in

324 4822 431 4907 qua
477 4832 746 4907 munies
771 4822 1005 4907 'Graacis
1051 4822 1293 4905 antiquis
1332 4823 1505 4907 fuere.
1530 4822 1903 4907 quod-Joseph

325 4892 574 4964 habuerit
606 4900 744 4956 ﬁlios
758 4915 823 4956 ex
840 4898 1008 4953 altera
1037 4892 1288 4966 conjuge,
1315 4902 1603 4966 antequam
1627 4892 1904 4966 Virginem

326 4963 559 5033 Mariam
615 4974 858 5026 duceret.
923 4966 1041 5033 Qua
1075 4963 1232 5019 de're
1256 4963 1493 5019 diximus
1532 4963 1599 5033 ad
1638 4963 1784 5018 hom.
1811 4963 1902 5028 24,

324 5032 440 5105 not.
493 5041 583 5099 55.
628 5039 761 5095 Nam
807 5039 922 5094 haec
951 5032 1136 5106 opinio
1173 5046 1241 5089 ex
1270 5032 1543 5106 communi
1592 5043 1904 5089 nostrorum

326 5103 697 5185 theologorum
751 5123 912 5185 sensu
937 5103 1085 5185 inﬁmi
1121 5112 1204 5159 est
1226 5103 1548 5185 gntiquata‘,
1584 5106 1905 5185 ῥαίοιτο-εει

324 5171 460 5243 ﬁdes
490 5171 763 5243 Ecclesiae,
801 5171 977 5244 inquit
998 5173 1190 5228 Petrus
1223 5172 1468 5244 Damiaui
1497 5171 1675 5243 EpiSt.
1710 5175 1902 5229 eodem

322 5242 445 5314 loco
493 5257 683 5310 citata.
733 5242 840 5304 Sed
879 5242 938 5301 et
990 5244 1133 5314 illud
1163 5242 1443 5314 probabile
1481 5242 1588 5297 non
1622 5255 1725 5306 est,
1759 5243 1902 5312 quod

326 5310 467 5383 idem
520 5322 819 5394 Nyssenus,
852 5326 910 5371 et
952 5310 1363 5394 einadh'mrens
1402 5310 1789 5394 Theophanes
1814 5316 1903 5369 hic

324 5383 935 5453 dicuntsanctissimam
988 5384 1262 5454 Virginem
1297 5383 1366 5437 ad
1412 5383 1722 5454 sepulcrum
1776 5399 1899 5438 (τυ...

324 5466 647 5522 mulieribus
676 5458 796 5513 aliis
825 5455 994 5511 fuisse
1016 5453 1328 5525 profectam“
1363 5468 1487 5525 cum
1527 5454 1899 5520 aromatibus;

321 5537 443 5594 alia:
476 5538 528 5590 id
562 5529 831 5588 iaciebant
868 5540 935 5581 ex
961 5523 1145 5580 amore
1173 5525 1227 5577 in
1274 5523 1474 5594 Christi
1506 5538 1703 5593 corpus
1736 5526 1898 5577 etiam

326 5591 596 5670 exanime,
628 5602 773 5673 quia
811 5595 943 5673 nihil
987 5596 1054 5650 de
1096 5591 1495 5673 resurrectione
1552 5591 1896 5673 cogitabant;

328 5663 593 5745 adeoque.
620 5663 671 5726 id
726 5669 940 5745 pietatis
976 5680 1165 5745 opus,"
1190 5666 1643 5745 quod‘poterattt,
1674 5663 1731 5745 in
1771 5664 1898 5719 illud

327 5733 699 5799 cutil‘e'rehant.
726 5733 797 5793 λι
846 5733 1074 5805 Deipara
1106 5733 1271 5805 Virgo
1312 5736 1380 5790 ah
1414 5747 1480 5788 eo
1501 5736 1809 5805 abstinebat
1830 5750 1897 5805 es

326 5815 432 5864 tide
459 5814 760 5868 certissima
778 5824 901 5865 eum
930 5802 1018 5862 die
1045 5802 1583 5860 tertia'rcvicturom.
1612 5802 1727 5859 Hoc
1751 5804 1898 5874 judi-

327 5882 490 5943 cium,
541 5886 625 5936 hic
676 5894 871 5936 sensus
895 5879 1257 5936 recentiorum
1289 5876 1662 5948 theologorum
1684 5885 1765 5933 est
1788 5890 1804 5943 ;
1831 5889 1897 5929 ac

2013 4476 2319 4557 praesertim
2381 4474 2671 4557 Igildonati
2726 4486 2780 4530 et
2808 4474 3161 4557 cornelilqni
3200 4478 3418 4549 egregie
3452 4483 3588 4538 scri-

2007 4546 2232 4628 pserunt
2282 4547 2336 4601 in
2400 4546 2612 4669 Evang.
2662 4561 2800 4614 quos
2850 4546 2973 4617 legi.
3033 4546 3405 4616 Neque’vero
3445 4554 3590 4621 quod

2007 4617 2300 4698 Gregorius
2339 4627 2393 4698 et
2435 4617 2522 4670 hic
2602 4617 2912 4698 heOphanes
2964 4618 3031 4698 tle
3060 4633 3283 4698 accessu
3424 4620 3590 4698 νηί.

2009 4691 2095 4761 nis
2146 4688 2214 4761 ad
2237 4688 2548 4755 sepulcrum
2596 4697 2897 4761 autumant,
2931 4688 3167 4761 aliquam
3205 4688 3326 4743 ﬁdei
3348 4688 3588 4761 inapia'm

2005 4760 2056 4812 ei
2088 4758 2387 4812 attribuere
2419 4758 2675 4812 censendi
2702 4769 2848 4821 sunt,
2897 4758 2991 4811 sed
3029 4773 3093 4811 ex
3126 4772 3312 4814 amore
3343 4759 3395 4814 id
3424 4758 3587 4818 etiam

2008 4831 2075 4881 ab
2133 4842 2198 4881 ea
2263 4827 2466 4883 factum
2529 4826 2853 4896 putareuEt
2906 4841 3038 4884 sane
3088 4825 3451 4896 Theophanes
3485 4848 3588 4886 no-

2007 4910 2121 4969 ster
2160 4906 2239 4969 de
2279 4893 2589 4969 plenissima
2633 4896 2695 4950 B.
2753 4893 2986 4967 Virginis
3039 4898 3144 4953 ﬁde
3171 4893 3319 4954 recte
3350 4898 3590 4969 loquitur

2005 4968 2154 5023 hom.
2181 4967 2243 5021 51
2282 4967 2442 5023 infra.

2077 5035 2484 5109 (88)”Conjectu
2508 5038 2623 5107 ipso
2666 5036 2962 5109 oculorum.
2999 5036 3063 5090 Et
3091 5039 3204 5109 haec
3236 5038 3524 5107 explicatio
3553 5057 3584 5097 a

2004 5107 2167 5177 (ἶνες.
2190 5107 2430 5177 Nysaeuo
2454 5110 2758 5177 desumpta.
2786 5107 2920 5161 Cum
2946 5109 3105 5173 enim,
3126 5108 3301 5176 inquit
3328 5109 3415 5165 ille
3441 5122 3584 5168 orat.

2005 5180 2098 5233 cit.
2139 5181 2223 5250 Ade
2281 5177 2523 5250 Resurr.,
2556 5177 2773 5233 Satome
2839 5178 3350 5250 meﬁtofdubitaret,
3383 5189 3442 5233 ut
3468 5197 3587 5250 quae

2004 5248 2219 5302 omnino
2278 5250 2350 5302 ad
2378 5249 2705 5318 sepulcrum_
2722 5262 2826 5300 non
2853 5249 3171 5318 accessisset,
3199 5260 3354 5318 atque
3381 5247 3495 5303 luei-
3512 5247 3586 5299 ad

2003 5319 2220 5372 comites
2245 5333 2368 5372 suos
2396 5320 2590 5387 diceret
2645 5316 2802 5387 (Quis
2845 5316 3065 5370 reuolsas
3095 5316 3325 5387 lapidem
3352 5317 3585 5387 aq‘osts'o

2003 5386 2411 5456 monumenti?)
2463 5387 2569 5441 illa:
2622 5382 2876 5456 tacentes,
2929 5399 3087 5450 prout
3127 5382 3366 5456 superius
3381 5382 3580 5439 dictum

1999 5472 2097 5524 est,
2133 5474 2249 5511 eum
2276 5452 2615 5513 sustulissent
2640 5455 2862 5522 oculos;
2890 5465 3103 5524 aspoem
3133 5452 3247 5518 ipso
3277 5467 3580 5518 responsum

2000 5520 2279 5593 dederunt,
2320 5528 2511 5582 etenim
2558 5526 2697 5593 lapis
2717 5520 2994 5593 revolutus
3017 5520 3073 5575 in
3106 5531 3383 5593 conspectu
3414 5538 3583 5590 appa-

2000 5601 2171 5652 rebat.
2208 5589 2332 5653 Haec
2368 5597 2473 5651 ille.
2503 5596 2570 5651 Et
2603 5589 2916 5661 quideme:
2961 5604 3027 5645 eo
3055 5591 3201 5660 quod
3235 5602 3385 5660 putat
3413 5589 3578 5647 aliam

1996 5668 2167 5724 fuisse
2199 5665 2585 5736 profectionem
2618 5657 3152 5736 Maria_$alouie,'de
3174 5657 3280 5729 qua
3338 5663 3405 5736 S.
3438 5662 3584 5716 Mar-

1998 5752 2096 5795 cus
2125 5731 2289 5809 atque
2314 5737 2468 5809 illam
2507 5734 2755 5809 primaut
2773 5731 3005 5809 aliarum
3033 5732 3343 5799 mulierum,
3375 5733 3444 5789 de
3468 5748 3578 5803 qua

1998 5811 2057 5868 5.
2093 5799 2394 5866 Maritimus.
2427 5799 2561 5861 Vide
2581 5813 2694 5860 not.
2723 5799 2814 5859 84.
