4042 6394
393 362 514 428 6'25

1672 353 2005 416 HOMILIA
2049 351 2271 412 XXlX.

3557 352 3663 414 6°26

349 483 360 488 “
400 476 755 546 νόμενος.’ῐ“ὸ
797 477 895 544 μὲν
953 469 1045 527 οῦν
1078 475 1134 526 ἐν
1193 475 1304 533 τοῖς
1349 471 1540 535 δεξιοῖς
1596 468 1830 536 ὀφθῆναι
1891 464 1984 516 τὸν

2099 468 2350 524 inusitato
2383 467 2496 521 visu
2530 465 2692 520 timor
2739 474 2982 520 exortus.
3039 463 3193 530 Quod
3229 479 3352 517 vero
3395 465 3448 517 in
3479 465 3665 520 dextra

399 572 660 637 ἄγγελον,
695 568 1028 640 σημαντικὸν
1058 565 1126 637 ἦν
1162 567 1256 621 τοῦ
1289 566 1466 630 δεξιοῦ
1523 568 1851 634 πράγματος
1886 559 1982 613 καὶ

404 663 749 732 μηνύματος.
789 660 945 714 Οὕτω
979 660 1089 729 γὰρ
1113 661 1206 713 καὶ
1247 660 1324 730 τῷ
1368 657 1614 728 Ζαχαρία
1667 658 1694 709 6
1748 652 1987 725 Γαϐριὴλ

403 757 512 822 τὴν
549 755 867 825 Προδρόμου
916 755 1174 823 γέννησιν
1221 752 1713 822 εὐαγγελιζόμενος
1767 750 1824 801 ἐν
1875 751 1987 809 τοῖς

403 847 611 912 δεξιοῖς
637 847 726 898 τοῦ
754 845 1152 916 θυσιαστηρίου
1170 845 1468 898 όπτάνεται
1504 860 1517 874 ·
1555 843 1615 894 τὸ
1681 841 1740 894 δὲ
1793 839 1988 893 λευκὸν

405 938 514 1005 τῆς
547 937 746 1006 στολῆς
776 937 1077 1008 δηλωτικδν
1104 933 1173 1008 ἦν
1203 939 1300 1006 τῆς
1325 937 1587 1007 λαμπρᾶς
1652 935 1748 986 καὶ
1809 949 1986 1001 φωτο-

407 1029 623 1096 ιρανοῦς
655 1030 1042 1094 ἀναστάσεως·
1070 1030 1130 1083 τὸ
1168 1031 1351 1100 μέντοι
1375 1029 1476 1098 τῆς
1513 1027 1728 1097 μορφῆς
1769 1023 1986 1089 νεάξονι

407 1121 605 1191 ἐδήλου
629 1121 725 1192 τὴν
749 1122 852 1174 τῶν
899 1121 1148 1190 ἀγγέλων
1195 1122 1411 1191 μορφὴν
1453 1121 1538 1173 ἀεὶ
1583 1120 1674 1172 καὶ
1725 1119 1990 1182 ὡσαύτως

409 1214 794 1282 ἀκμάζουσαν.
829 1213 1028 1279 Νεάζει
1070 1215 1178 1284 γὰρ
1209 1214 1296 1267 ἀεὶ
1337 1213 1406 1268 τὰ
1445 1213 1588 1276 θεῖα,
1655 1213 1755 1282 τὴν
1796 1213 1991 1281 ἀγήρω

413 1309 614 1375 μοῖραν
638 1307 870 1376 λαχόντα
923 1308 1016 1360 καὶ
1047 1307 1478 1376 πανευδαίμονα.
1528 1306 1587 1358 Ὀ
1617 1296 1855 1371 δὲλέγει
1890 1304 1991 1356 αὐ-

409 1400 535 1461 ταῖς
574 1415 586 1428 ·
626 1417 643 1451 ι
686 1400 778 1471 Μὴ
800 1399 1169 1471 ἐκθαμϐεῖσθε
1205 1416 1220 1429 ⁸
1263 1398 1472 1468 Ἰησοῦν
1522 1399 1734 1467 ζητεῖτε
1769 1398 1858 1450 τὸν
1880 1396 1991 1449 Να-

414 1489 656 1560 ζαρηνὸν
679 1493 771 1545 τὸν
803 1493 1246 1562 ἐσταυρωμένον.
1283 1511 1300 1543 ι
1335 1491 1540 1562 Πρῶτα
1592 1491 1689 1560 μὲν
1722 1487 1990 1542 κατευνά-

413 1585 499 1648 ζει
541 1585 601 1637 τὸ
624 1583 768 1649 δέος,
809 1587 908 1652 τῆς
967 1587 1332 1656 ἐγγινομένης
1385 1585 1577 1648 πτοίας
1633 1583 1992 1636 ἀπαλλάττων

412 1677 586 1739 αὐτάς
611 1692 626 1708 ·
657 1674 776 1730 εἶτα
801 1677 877 1741 ὼς
911 1678 1168 1740 συνειδὼς
1195 1679 1288 1731 καὶ
1316 1678 1415 1749 τὴν
1446 1678 1627 1731 αἰτίαν
1682 1675 1853 1744 λέγει,
1921 1675 1990 1728 δι’

2090 565 2400 632 apparuerit
2448 561 2690 633 angelus,
2728 561 2949 624 dextraa,
2997 559 3098 614 hoc
3131 567 3214 612 est
3251 574 3543 627 prosperae,
3591 561 3664 611 rei

2090 667 2255 727 gesta:
2299 656 2624 727 symbolum,
2661 662 2715 708 et
2782 653 3040 708 indicium
3111 653 3228 705 fuit.
3265 650 3356 706 Sic
3411 653 3554 706 enim
3614 664 3670 704 et

2089 749 2308 807 Gabriel
2363 749 2722 804 Praecursoris
2751 756 2928 803 ortum
2985 744 3264 800 Zachariae
3313 745 3477 815 222
3531 760 3668 798 ιιιιιιρ

2093 848 2319 901 tiaturus
2355 845 2408 900 in
2447 845 2636 902 dextra
2663 854 2813 914 parte
2839 843 3022 898 altaris
3049 851 3269 911 apparet
3305 860 3319 896 :
3357 841 3510 897 stolae
3541 855 3668 894 vero

2091 939 2294 994 candor
2321 937 2662 1008 splendorem
2719 936 2881 990 clara:
2918 932 3335 988 resurrectionis
3386 930 3666 995 ostendit;

2085 1035 2344 1106 juvenilis
2393 1034 2562 1102 ligura
2621 1030 2937 1102 angelorum
2987 1028 3219 1097 specicm
3281 1025 3474 1082 eodem
3528 1040 3671 1079 sem—

2091 1146 2187 1199 per
2218 1132 2376 1184 modo
2403 1128 2668 1198 vigentem
2697 1125 2828 1198 (89).
2859 1124 3084 1194 Semper
3129 1122 3270 1176 enim
3316 1119 3496 1175 divina
3523 1116 3670 1171 velut

2094 1225 2146 1277 in
2174 1223 2454 1289 iuventute
2503 1218 2707 1291 vigent,
2762 1217 3059 1272 senectutis
3104 1211 3342 1282 expertia
3383 1219 3437 1264 et
3466 1222 3670 1277 usque-

2092 1331 2306 1385 quaque
2351 1313 2551 1369 felicia.
2619 1312 2721 1377 Qui
2770 1310 2900 1364 dicit
2974 1308 3120 1364 illis:
3159 1326 3177 1359 ι
3209 1305 3384 1362 Nolite
3434 1316 3671 1374 ettpate-

2092 1427 2288 1476 scere;
2325 1407 2510 1464 Jcsum
2572 1405 2813 1474 quaeritis
2854 1402 3190 1458 Nazarenum
3269 1399 3606 1454 crucifixum.
3647 1415 3666 1447 ι

2091 1504 2367 1573 Principio
2397 1501 2612 1572 quidem
2667 1511 2922 1567 pavorem
2966 1494 3138 1562 sedat,
3170 1503 3225 1548 et
3257 1492 3528 1547 incussam
3562 1488 3670 1543 for-

2094 1597 2354 1652 midinem
2415 1591 2653 1647 eximit:
2688 1587 2883 1644 deinde
2937 1595 3193 1655 tanquam
3254 1581 3524 1647 conscius,
3565 1595 3671 1646 qua

2095 1706 2256 1746 causa
2299 1687 2593 1747 venissent,
2622 1697 2740 1738 eam
2774 1679 2931 1736 effert
2962 1697 2976 1733 :
3019 1696 3037 1730 ι
3063 1677 3244 1734 .Iesum
3283 1672 3529 1744 quaeritis
3571 1669 3674 1725 Na-

416 1771 484 1838 ἦν
513 1769 904 1841 ἐληλύθεισαν·
944 1789 964 1823 ι
1021 1769 1229 1840 Ἰησοῦν
1288 1771 1500 1841 ζητεῖτε
1539 1769 1629 1822 τὸν
1668 1768 1992 1838 Ναζαρηνὸν

2099 1797 2355 1839 zarenum
2399 1776 2740 1835 cruciﬁxum.
2784 1791 2803 1824 ι

414 1863 504 1915 τὸν
536 1863 972 1932 ἐσταυρωμένον.
1009 1882 1030 1915 ι

508 1953 672 2006 Ἀλλά
703 1954 849 2015 τίνος
885 1953 1076 2008 ἕνεκεν
1107 1955 1265 2024 ἀφεὶς
1291 1953 1360 2007 τὰ
1389 1955 1569 2026 ὑψηλά
1588 1955 1681 2007 καὶ
1709 1955 1990 2024 θεοπρεπῆ

413 2049 684 2118 νοήματα,
709 2049 778 2101 δι’
814 2043 890 2138 ὄιν
923 2051 957 2120 ἡ
987 2049 1082 2104 τοῦ
1103 2050 1280 2118 Λόγου
1309 2049 1502 2119 θεότης
1567 2049 1858 2120 μηνύεται,
1881 2049 1994 2111 τοῖς

411 2142 694 2203 ταπεινοῖς
725 2141 934 2204 τούτοις
965 2143 1241 2212 ἐχρήσατο
1268 2143 1480 2214 ῥήμασι
1511 2161 1524 2208 ;
1560 2141 1711 2211 Τάχα
1739 2159 1842 2194 που
1897 2140 1995 2210 τὴν

410 2233 526 2285 τῶν
553 2233 832 2300 γυναικῶν
860 2233 1101 2306 ἐλέγχων
1139 2233 1382 2287 διάνοιαν
1417 2252 1432 2265 ·
1463 2235 1523 2287 οὐ
1588 2234 1696 2304 γάρ
1745 2233 1820 2297 ὡς
1877 2231 1996 2303 Θεῷ

413 2327 708 2394 προσεῖχον
735 2326 882 2396 αὐτῷ
905 2325 1182 2396 καθαρῶς.
1221 2327 1290 2380 Ἢ
1320 2327 1427 2397 γάρ
1443 2327 1531 2388 ἂν,
1566 2329 1664 2395 οὐκ
1697 2327 1773 2390 ὡς
1802 2326 1996 2397 νεκρὸν

412 2417 481 2470 ἂν
533 2411 700 2488 ἦλθον
746 2418 1223 2489 ἀρωματίζουσαι.
1263 2422 1329 2474 ’Ὀ
1373 2419 1505 2488 γοῦν
1558 2419 1706 2488 λέγει
1754 2419 1996 2474 τοιοῦτόν

413 2508 567 2563 ἐστιν
593 2527 610 2542 ·
642 2512 740 2563 ’³ον
781 2513 938 2580 ὑμεῖς
980 2511 1138 2582 ψιλὸν
1168 2510 1312 2565 οὕτω
1369 2513 1620 2581 νομίζετε
1684 2513 1993 2583 ἄνθρωπον,

414 2601 493 2670 τῷ
527 2603 842 2674 φαινομένῳ
873 2605 1254 2674 προσέχοντες,
1293 2605 1496 2674 Ἰησοῦν
1519 2606 1610 2658 τὸν
1635 2607 1698 2658 ἐκ
1717 2606 1993 2675 Ναζαρὲτ,

412 2694 507 2746 τὸν
555 2697 870 2767 σωτηρικὴν
921 2697 1244 2766 δεδεγμένον
1316 2699 1792 2766 άνασκολὼπησιν,
1842 2694 1996 2764 οὗτος

413 2783 654 2857 ἀνέστη·
688 2787 748 2840 οὐ
770 2790 877 2856 γάρ
906 2789 1056 2842 ἐστιν
1101 2789 1277 2853 οὓτως
1332 2790 1524 2860 ὥσπερ
1591 2792 1862 2860 νομίζετε.
1923 2793 1996 2846 Τὸ

412 2872 659 2946 γάρῶδε
682 2880 777 2932 καὶ
804 2880 925 2933 ἀντὶ
950 2880 1045 2934 τοῦ
1077 2881 1264 2947 οὕτως
1293 2883 1618 2953 ἐκληπτέον,
1645 2884 1712 2936 ἵν’
1826 2901 1839 2914 ·
1882 2886 1996 2939 Οὐκ

412 2968 536 3021 ἐστι
565 2969 704 3036 μετά
727 2970 940 3039 θνητῶν
967 2970 1164 3038 οὕτως,
1194 2973 1269 3036 ὡς
1299 2974 1499 3028 οἴεσθε.
1525 2969 1634 3028 Ἦν
1685 2976 1794 3048 γὰρ
1821 2977 1999 3030 ἀπαν-

410 3061 586 3128 ταχοῦ
616 3063 785 3114 τόπον
813 3064 912 3117 οὐκ
943 3063 1102 3128 εἰδὼς
1128 3064 1202 3128 ὡς
1225 3065 1380 3131 Θεὸς,
1417 3069 1513 3120 καὶ
1537 3070 1713 3124 πάντα
1745 3070 1993 3140 πληρῶν.

423 3151 650 3223 Ἐπειδὴ
676 3152 733 3206 δὲ
757 3153 962 3217 ταύτας
989 3155 1468 3228 μεμυσταγὼγηκε
1502 3160 1561 3212 τὸ
1621 3161 1718 3232 τῆς
1753 3161 1990 3215 ἀναστά-
2022 3146 2065 3204 C

414 3259 580 3306 σεως,
611 3244 711 3315 ἤδη
747 3246 983 3309 καὶτοῖς
1010 3248 1337 3311 ἀποστόλοις
1378 3252 1714 3322 ἐπεπόμφει,
1760 3255 1999 3308 ἀποστό-

413 3335 546 3397 λους
576 3335 768 3401 αὐτὰς,
797 3337 1133 3407 κομιζούσας
1165 3339 1224 3392 τὸ
1254 3343 1608 3414 χαρμοσύνης
1638 3345 1993 3414 Εὑαγγέλιον·

421 3443 441 3476 ι
488 3426 786 3494 Ὑπάγετε,
814 3429 1004 3482 εἴπατε
1037 3434 1155 3494 τοῖς
1197 3433 1468 3505 μαθηταῖς
1525 3437 1715 3501 αὑτοῦ,
1778 3441 1872 3492 κοιλ⁸
1921 3439 1998 3510 τῷ

420 3519 636 3588 Πέτρῳ.
663 3541 690 3568 ιι
719 3521 872 3574 Διατί
891 3522 948 3575 δὲ
977 3524 1147 3577 εἰπών
1185 3543 1197 3555 ·
1233 3547 1261 3575 α
1292 3525 1497 3579 Εἴπατε
1538 3529 1653 3589 τοῖς
1723 3531 1996 3600 μαθηταῖς

418 3611 609 3673 αὑτοῦ,
650 3629 669 3661 ι
708 3613 1040 3684 προσέθηκε,
1091 3635 1109 3667 ι
1147 3619 1242 3670 καὶ
1295 3618 1372 3688 τῷ
1429 3619 1660 3689 Πέτρῳ;
1698 3640 1716 3673 ι
1777 3623 1996 3694 Ἐπειδὴ

423 3701 452 3751 6
485 3703 733 3772 ἀρραγὴς
757 3705 965 3768 ἐκεῖνος
997 3707 1189 3771 στύλος
1219 3709 1658 3780 ὑποκραδανθεὶς
1676 3714 1768 3765 τὸν
1796 3716 1999 3769 Δεσπό-

419 3810 520 3863 την
538 3795 833 3865 ἠρνήσατο,
864 3797 1044 3862 συνεὶς
1059 3799 1116 3852 δὲ
1147 3801 1206 3853 τὸ
1237 3802 1459 3872 πτῶμα,
1488 3803 1721 3858 ἐκλαυσε
1761 3809 1995 3878 πικρῶς.

431 3883 572 3968 "fsto
601 3887 699 3954 μὲν
719 3887 966 3943 τοιούτου
1033 3893 1335 3956 συνειδότος
1402 3894 1482 3948 ἐτι
1543 3898 1996 3968 κατεμαστίζετο,

420 3970 521 4023 καὶ
542 3967 610 4040 ἢν
645 3972 826 4028 ἀλύων
851 3977 947 4030 καὶ
972 3981 1172 4045 μεστὸν
1195 3982 1499 4052 φροντίδων
1526 3984 1666 4054 ἔχων
1686 3967 1792 4042 τὸν
1849 3991 1997 4058 νοῦν,

422 4063 638 4129 ἀγνοῶν
671 4067 720 4117 εί
743 4065 843 4136 τῆς
882 4069 949 4121 ἐκ
980 4069 1076 4122 τοῦ
1139 4071 1275 4126 Θεοῦ
1335 4081 1742 4148 συγχωρήσεως
1793 4082 1950 4152 ἔτυχε
1983 4101 1998 4116 ·

423 4158 520 4206 καὶ
538 4156 681 4226 τάχα
713 4159 836 4212 οὐδὲ
863 4161 977 4226 τοῖς
999 4162 1321 4229 ἀποστόλοις
1344 4167 1497 4236 ἠξίου
1523 4170 1718 4225 ἑαυτὸν
1781 4177 2001 4247 συναρί-

423 4248 584 4317 θμιον
604 4266 620 4282 ·
638 4250 727 4304 διά
765 4252 926 4306 τοῦτο
951 4257 1064 4318 τοῖς
1105 4257 1375 4328 μαθηταῖς
1399 4259 1590 4328 εἰπὼν,
1616 4265 1866 4337 ἐπιφέρει
1907 4273 2001 4324 καὶ

421 4340 524 4410 τὴν
557 4341 749 4412 κλῆσιν
770 4345 798 4396 ὁ
829 4344 1058 4412 ἄγγελος
1081 4362 1096 4379 ·
1122 4347 1198 4411 ὡς
1229 4347 1296 4401 ἂν
1329 4351 1444 4421 γνῷ
1502 4351 1710 4425 Πέτρος
1762 4358 1826 4411 ἐκ
1891 4361 2000 4417 τῶν

2170 1967 2308 2038 Quid
2345 1978 2472 2020 vero
2537 1969 2641 2022 est,
2695 1957 2837 2029 quod
2895 1953 3177 2016 sublimes,
3235 1950 3441 2019 quique
3505 1944 3674 1999 Deum

2098 2037 2356 2116 decerent
2385 2053 2688 2112 intellectus
2745 2049 3025 2112 omittens,
3079 2059 3174 2113 per
3220 2056 3356 2111 quos
3398 2037 3560 2094 Verbi
3593 2037 3680 2091 di-

2099 2155 2295 2208 vinitas
2369 2147 2598 2204 indicari
2671 2152 2877 2216 posset,
2945 2137 3239 2195 humilibus
3301 2134 3452 2189 hisce
3507 2130 3676 2185 utitur

2096 2240 2317 2298 verbis?
2356 2238 2614 2294 Fortasse
2646 2241 2705 2287 ut
2736 2233 3020 2288 mulierum
3048 2225 3431 2296 cogitationem
3463 2227 3674 2289 arguat.

2096 2337 2286 2406 Neque
2313 2334 2455 2388 cnim
2503 2330 2571 2384 ad
2625 2327 2774 2383 illum
2815 2324 3041 2394 liquido,
3112 2328 3168 2374 ut
3224 2317 3291 2373 ad
3324 2316 3493 2372 Deum
3525 2327 3678 2367 mcu-

2099 2403 2211 2484 tem
2259 2425 2622 2495 appulerant:
2679 2417 2883 2488 alioqui
2917 2416 3062 2471 enim
3125 2427 3229 2467 non
3289 2418 3546 2476 tanquam
3607 2403 3678 2458 ad

2100 2530 2370 2574 mortuum
2408 2513 2741 2568 aromatibus
2786 2505 3142 2564 condiendum
3201 2503 3497 2557 venissent.
3542 2496 3676 2552 Tale

2099 2613 2266 2682 igitur
2329 2609 2584 2679 quiddam
2655 2613 2756 2668 est,
2817 2599 2959 2670 quod
3014 2597 3186 2652 dicit:
3224 2593 3394 2660 Quem
3459 2605 3556 2646 vos
3602 2589 3676 2644 ita

2098 2681 2304 2759 nudum
2337 2699 2610 2755 hominem
2641 2691 2994 2754 existimatis,
3025 2687 3090 2740 ad
3142 2684 3406 2740 visibilem
3443 2681 3674 2735 formam

2100 2798 2337 2850 animum
2383 2795 2646 2846 duntaxat
2687 2787 3045 2843 advertentcs,
3097 2778 3304 2840 Jesum,
3339 2776 3578 2844 inquam,
3607 2786 3678 2825 ex

2100 2884 2366 2940 Nazaretlt
2399 2883 2488 2949 qui
2541 2881 2775 2934 salutare
2822 2873 2997 2928 crucis
3051 2868 3370 2939 supplicium
3416 2862 3676 2931 suscepit,

2102 2979 2192 3033 hic
2241 2976 2516 3041 surrexit;
2550 2987 2650 3027 nec
2672 2971 2814 3026 enim
2865 2978 2948 3020 est
3001 2966 3096 3028 ita,
3157 2971 3213 3015 ut
3259 2975 3352 3012 vos
3399 2955 3678 3011 existima-

2105 3075 2195 3128 tis.
2260 3069 2586 3126 Adverbium
2620 3066 2764 3121 enim
2804 3055 2907 3116 ὦδε
2964 3059 3128 3113 etiam
3191 3069 3289 3123 pro
3364 3050 3562 3112 οὕτως,
3621 3046 3674 3100 id

2099 3174 2204 3229 est,
2238 3164 2339 3227 ita,
2365 3158 2737 3229 accipiendum
2771 3173 2785 3210 :
2822 3162 2880 3207 ut
2903 3164 3095 3206 sensus
3120 3147 3194 3201 sit
3227 3166 3238 3200 :
3270 3143 3388 3197 Non
3417 3152 3501 3197 est
3537 3140 3676 3194 inter

2101 3266 2362 3317 mortuos,
2391 3263 2452 3306 ut
2499 3265 2593 3305 vos
2638 3242 3000 3303 arbitramini.
3075 3238 3207 3292 Erat
3239 3236 3381 3290 enim
3432 3242 3490 3287 ut
3534 3229 3680 3285 Deus

2099 3351 2319 3419 ubique,
2363 3347 2539 3400 locum
2575 3340 2844 3402 nesciens,
2901 3343 2954 3390 et
3000 3332 3182 3386 omnia
3222 3326 3516 3397 complens.
3577 3320 3677 3377 Ubi

2100 3414 2263 3509 igitur
2309 3438 2375 3492 de
2428 3433 2828 3489 resurrectione
2879 3442 2972 3483 cas
3021 3423 3260 3486 edocuit,
3314 3419 3383 3474 ad
3407 3414 3678 3487 apostolos

2102 3533 2247 3585 misit
2271 3527 2411 3599 (90),
2429 3536 2486 3581 ιιι
2513 3523 2880 3594 apostolorum
2906 3518 3045 3589 apud
3074 3517 3195 3571 illus
3220 3522 3402 3584 partes
3430 3516 3674 3580 agerent,

2100 3631 2152 3674 et
2212 3621 2406 3672 bonum
2469 3615 2792 3683 plenumque
2856 3607 3055 3662 laetitia:
3128 3604 3374 3659 nuntium
3433 3600 3674 3654 ferrent:

2107 3733 2126 3768 ι
2156 3714 2254 3778 Ite,
2309 3709 2472 3763 dicite
2497 3704 2780 3774 discipulis
2824 3701 2943 3770 ejus
2981 3708 3037 3754 et
3079 3697 3262 3752 Petro.
3304 3713 3324 3746 ι
3381 3692 3486 3748 Sed
3515 3705 3677 3762 quam

2101 3809 2170 3865 ob
2203 3818 2422 3861 causam
2467 3814 2590 3854 cum
2642 3795 2920 3864 discipulis
2994 3788 3232 3846 nuntiari
3294 3801 3407 3841 rem
3467 3783 3676 3852 jubeat,

2103 3898 2271 3960 addit,
2308 3913 2327 3946 ι
2350 3902 2403 3948 et
2426 3891 2620 3946 Petro?
2643 3906 2661 3940 ι
2686 3886 2950 3954 Quoniam
2972 3881 3180 3938 scilicet
3203 3877 3372 3934 solida
3395 3874 3484 3928 illa
3515 3871 3681 3926 infra-

2104 4001 2300 4058 ctaque
2336 3987 2582 4042 columna
2619 3994 2880 4037 concussa
2931 3975 3218 4030 Dominum
3267 3975 3516 4038 negarat,
3567 3964 3680 4031 lap-

2103 4055 2330 4150 Sum'que
2375 4091 2532 4133 suum
2617 4072 2856 4127 sentiens
2905 4081 3086 4120 amare
3151 4061 3393 4125 ﬂeverat,
3455 4055 3681 4124 ejusque

2103 4171 2230 4227 mali
2280 4165 2608 4225 conscientia
2661 4160 2955 4217 etiamdum
3012 4153 3383 4225 torquebatur,
3446 4157 3501 4203 et
3549 4159 3682 4199 mo:—

2105 4278 2228 4318 rore
2279 4261 2457 4316 adhuc
2511 4255 2763 4324 curisque
2811 4265 2965 4308 mens
3014 4245 3329 4307 ﬂuctuabat,
3387 4252 3583 4308 anceps
3612 4252 3680 4288 an

2103 4363 2246 4412 esset
2297 4356 2509 4408 veniam
2569 4364 2599 4404 a
2644 4348 2754 4401 Deo
2805 4352 3183 4400 consecutus:
3225 4347 3280 4393 et
3332 4338 3511 4391 forsan
3544 4346 3682 4387 nou-

421 4433 701 4503 χυθέντων
724 4435 892 4489 αὐτοῦ
948 4437 1204 4510 δακρύων
1235 4441 1334 4513 τὴν
1395 4444 1605 4515 ὄνησιν,
1668 4444 1845 4505 δι’ὧν
1903 4455 1997 4509 τοῦ

2106 4450 2230 4504 dum
2263 4462 2323 4502 se
2377 4446 2430 4500 in
2481 4441 2865 4509 discipulorum
2935 4447 3218 4490 numerum
3301 4425 3678 4500 aggregabat:

423 4525 589 4596 χοροῦ
612 4528 722 4581 τῶν
765 4529 1028 4599 μαθητῶν
1058 4531 1156 4584 οὐκ
1182 4532 1466 4600 ἐξέπεσεν.
1519 4539 1637 4592 Ἵνα
1669 4540 1726 4594 δὲ
1785 4546 1880 4598 καὶ
1936 4548 1998 4601 τὸ

421 4619 527 4687 τῆς
556 4620 827 4684 ὀπτασίας
864 4621 1066 4694 ἀληθὲς
1088 4621 1232 4678 εἶναι
1255 4628 1544 4699 πιστευθῇ.
1573 4632 1670 4685 καὶ
1699 4635 1729 4704 ἡ
1763 4636 2001 4694 ἀνάστα.

425 4727 513 4774 at;
538 4711 631 4764 τοῦ
670 4714 876 4783 Κυρίου
925 4713 1199 4789 βεϐαιωθῇ
1231 4760 1246 4785 ,
1295 4718 1758 4788 εὐαγγελίσασθαι
1810 4730 2002 4797 αὑταῖς

425 4807 727 4878 προτρέπει
764 4808 1010 4878 μήνυμα,
1035 4808 1064 4862 δ
1087 4811 1202 4873 τοῖς
1230 4811 1502 4881 μαθηταῖς
1521 4814 1705 4883 μόνοις
1734 4819 2002 4892 ἐτύγχανε

427 4898 727 4968 γνώριμον.
769 4901 909 4967 Φησὶ
948 4901 1079 4973 γὰρ,
1105 4919 1124 4954 ι
1159 4903 1283 4955 Ὅτι
1316 4904 1549 4973 προάγει
1586 4907 1731 4976 ὑμᾶς
1764 4912 1844 4976 είς
1904 4913 2004 4986 τὴν

429 4988 742 5044 Γαλιλαίαν.
787 4991 937 5044 Ἐκεῖ
952 4991 1114 5045 αὐτὸν
1134 4991 1353 5063 ὄψεσθε,
1379 4995 1564 5060 καθὼς
1599 4994 1752 5054 εἶπεν
1796 5002 1946 5072 ὑμῖν.
1981 5024 2000 5057 ι

428 5073 541 5132 *Ην
574 5081 683 5152 γάρ
718 5083 826 5154 πρὸ
843 5081 937 5136 τοῦ
969 5083 1175 5148 πάθους
1224 5087 1704 5160 ἐπαγγειλάμενος
1763 5094 1948 5160 αὐτοῖς
1978 5100 2007 5150 ὁ

428 5171 641 5245 Σωτὴρ,
667 5176 725 5227 ἐν
745 5177 813 5246 τῇ
845 5175 1108 5248 Γαλιλαίᾳ
1130 5177 1467 5250 ὀφθήσεσθαι
1483 5182 1621 5252 μετά
1646 5185 1747 5254 τὴν
1769 5187 2008 5243 ἀνάστα-

505 5289 550 5324 ³⁴
589 5289 786 5346 Matth.
819 5305 974 5357 xxtx,
1011 5291 1102 5346 52.

2107 4539 2228 4594 ideo
2256 4551 2377 4592 cum
2405 4531 2696 4602 discipulos
2742 4526 3061 4597 appellasset
3093 4520 3340 4590 angelus,
3401 4516 3678 4586 proprium

2108 4644 2303 4686 nomen
2369 4625 2584 4696 adjecit,
2635 4631 2694 4677 ut
2756 4620 3013 4674 nimirum
3075 4613 3267 4668 Petrus
3322 4609 3556 4664 fructum
3607 4605 3686 4658 la-

2107 4734 2416 4792 crymarum
2479 4720 2818 4786 agnosceret,
2872 4721 3099 4779 quarum
3155 4703 3330 4775 gratia
3363 4716 3391 4754 a
3449 4697 3687 4764 discipu-

2107 4790 2281 4869 lorum
2326 4811 2493 4866 choro
2541 4823 2646 4862 non
2678 4803 2980 4860 exciderat.
3036 4801 3206 4853 Porro
3243 4803 3302 4850 ut
3357 4803 3412 4849 et
3458 4790 3681 4846 visionis

2103 4908 2306 4964 veritas
2359 4903 2698 4964 suaderetur,
2737 4906 2794 4952 et
2853 4893 3063 4951 Domini
3119 4887 3445 4946 resurrectio
3483 4883 3682 4940 conﬁr-

2105 5008 2371 5062 maretur,
2398 4996 2610 5067 signum
2639 4991 2772 5047 solis
2811 4997 2997 5045 notum
3024 4983 3302 5056 discipulis
3321 4981 3486 5052 jussit
3517 4975 3679 5047 223

2107 5095 2214 5150 illis
2265 5090 2466 5147 afferri.
2519 5087 2612 5142 Ait
2661 5083 2804 5140 enim
2838 5100 2853 5138 :
2890 5101 2910 5134 (
2954 5080 3092 5148 Quia
3154 5077 3421 5149 prmeedet
3476 5087 3573 5126 vos
3627 5069 3680 5122 in

2105 5185 2417 5248 Galilaeam;
2451 5180 2524 5236 ibi
2558 5192 2682 5234 eum
2745 5174 3016 5241 videbitis,
3070 5173 3213 5228 sicut
3256 5169 3390 5225 dixit
3430 5164 3582 5221 vobis
3612 5161 3678 5217 “.

1659 5369 1984 5432 Francisci
2015 5371 2223 5434 Scorsi
2263 5375 2444 5431 notua.

505 5463 634 5546 (89)_
661 5462 858 5519 Eodem
903 5482 1105 5546 semper
1129 5468 1292 5546 ῃιοιιο
1318 5468 1608 5546 _vig_e_ntem.
1645 5471 1840 5546 _Ita_ex
1876 5471 2004 5546 Dio-

427 5538 580 5605 nysio
611 5539 877 5616 areopag.
920 5550 1037 5605 cap.
1058 5537 1093 5590 5
1121 5535 1356 5618 Caelesti:
1387 5535 1688 5592 'Hierarch.
1721 5540 2007 5596 Cornelius

426 5619 456 5656 a
495 5603 696 5670 Laptde
731 5622 745 5657 :
774 5603 1002 5670 Angelus
1029 5616 1275 5670 apparmt
1307 5610 1474 5670 specie
1497 5609 1732 5670 juvenis,
1764 5611 1888 5670 quia
1914 5612 2007 5670 ju-

429 5621 456 5656 a
495 5621 702 5686 ωριοε
731 5622 745 5657 :
774 5621 1002 5686 angelus
1029 5621 1275 5673 apparmt
1307 5622 1474 5675 specie
1497 5625 1732 5675 juvenis,
1764 5627 1888 5680 qma
1913 5621 2010 5680 ju-

429 5685 608 5748 ventus
651 5676 924 5748 _srgntﬁcat
975 5676 1280 5746 angelorum
1353 5680 1598 5748 vigorem,
1646 5679 1903 5742 decorem,
1963 5692 2009 5736 et

429 5746 592 5798 rabur
643 5745 763 5814 iuge
816 5758 864 5798 et
897 5745 1213 5813 perennans.
1235 5763 1338 5815 quo
1362 5745 1421 5814 ﬁt
1460 5758 1516 5802 ut
1544 5765 1811 5814 nunquam
1845 5751 2014 5807 lasse-

423 5825 600 5881 scant,
628 5825 675 5870 et
714 5815 987 5885 deﬁciant,
1012 5825 1105 5871 aut
1129 5827 1424 5886 senescant,
1450 5829 1558 5874 etc.

2178 5470 2289 5541 (90)
2320 5469 2399 5523 Ad
2429 5465 2693 5541 apostolos
2719 5467 2886 5541 misit,
2927 5474 3039 5541 etc.
3067 5461 3380 5519 Mulieribus
3431 5473 3526 5526 pro
3553 5470 3684 5541 apo:

2105 5525 2411 5597 sto‘lis'usus
2462 5525 2539 5591 est
2573 5539 2642 5590 ad
2683 5525 2968 5604 apostolos,
3019 5537 3287 5604 honoraris
3331 5543 3509 5598 genus,
3543 5525 3690 5604 quod"

2107 5629 2171 5666 ea:
2203 5610 2455 5674 serpentis
2490 5597 2791 5662 seductionc
2814 5597 3012 5676 infante
3035 5607 3233 5674 factum
3260 5597 3453 5670 fuerat.
3480 5597 3684 5676 et-quia

2109 5667 2299 5735 mulier
2339 5685 2450 5731 viro
2495 5678 2638 5745 facta
2671 5685 2746 5731 est
2777 5667 2938 5730 causa
2967 5667 3227 5745 maeroris,
3253 5667 3397 5745 nunc
3437 5667 3685 5720 ntulieres

2111 5753 2244 5818 ﬁunt
2297 5749 2421 5818 viris
2478 5744 2733 5801 ministra:
2759 5747 2962 5818 gaudii.
3011 5744 3351 5818 Eutllymius,
3383 5757 3413 5818 ξι
3438 5753 3546 5806 quo
3579 5753 3702 5795 uon_

2115 5809 2321 5877 abludit
2349 5816 2566 5885 Noster,
2593 5809 2925 5872 ctiam'infra
2950 5815 3096 5869 hom.
3122 5809 3212 5880 3’1,
3239 5818 3351 5868 uol.
3380 5809 3434 5865 2.
