4042 6474
340 383 438 447 631

1541 374 2030 439 THEOPHANIS
2070 376 2414 436 CERAMEI

3477 367 3582 433 632

336 493 643 549 stinctionis
671 500 820 556 nota,
847 505 986 546 novo
1011 489 1162 544 initio
1181 487 1610 558 subiungendum
1643 506 1655 540 :
1689 505 1708 538 ι
1738 485 1909 555 prima

2027 503 2045 536 ι
2069 484 2339 548 Ἀναστὰς
2363 487 2389 537 ὁ
2426 482 2654 552 Ἰησοῦς,
2685 502 2702 534 ι
2745 477 2863 537 εἶτα
2900 482 3288 547 ὑποστίξαντες
3302 479 3458 546 αὖθις
3484 483 3586 533 ἐπ-

336 583 558 638 Sabbati
586 583 837 653 apparuit
867 581 1042 651 primo
1068 579 1248 632 Maria:
1273 579 1624 648 Magdalenae.
1669 597 1688 630 ι
1724 577 1906 644 Neque

335 676 479 731 enim
509 676 578 730 de
624 673 1034 730 resurrectionis
1066 671 1196 725 hora
1240 670 1504 741 loquitur,
1545 669 1638 724 sed
1662 683 1780 724 eam
1809 684 1907 722 ex-

336 767 500 836 plicat
531 768 736 831 horam,
768 780 870 835 qua
905 763 1234 833 Magdalenen
1265 771 1506 817 aromata
1535 761 1731 817 ferenti
1761 761 1907 814 visus

336 867 440 924 est,
487 872 603 910 eam
660 857 916 910 nimirum
980 854 1368 924 apparitionem
1425 854 1676 917 innuens,
1744 868 1902 922 quam

336 947 556 1001 tonitrui
624 946 764 1000 illius
807 945 1139 1015 conscripsit
1191 944 1462 1014 apertius,
1520 959 1643 998 cum
1697 943 1908 998 scilicet

335 1036 649 1107 Magdalena
679 1036 966 1090 Dominum
997 1036 1208 1098 videns,
1238 1049 1360 1090 esse
1389 1049 1508 1089 eum
1541 1033 1686 1089 horti
1719 1043 1906 1089 cuSto-

337 1131 458 1184 dem
508 1129 857 1184 existimavit.
911 1126 1066 1194 Quod
1118 1126 1279 1196 igitur
1323 1125 1561 1181 Joannes
1613 1124 1774 1178 latius
1827 1132 1910 1177 est

337 1233 676 1291 persecutus,
703 1221 809 1276 hoc
839 1219 1052 1276 Marcus
1090 1220 1290 1273 cursim
1326 1218 1604 1287 obiterque
1635 1215 1908 1286 significa-

336 1314 434 1367 vit.
474 1312 592 1368 1am
647 1327 754 1368 nou
811 1315 970 1368 modo
1013 1313 1102 1367 hic
1148 1311 1509 1382 evangelista,
1559 1309 1651 1364 sed
1692 1317 1912 1363 sanctus

338 1405 501 1458 etiam
525 1404 700 1460 Lucas
723 1405 854 1458 dixit
874 1404 1238 1476 Magdalenam
1264 1413 1468 1472 septem
1493 1401 1641 1470 prius
1660 1399 1912 1454 habuisse

338 1496 628 1560 daemonia,
662 1512 778 1566 quae
808 1494 1069 1552 Dominus
1099 1495 1168 1550 ab
1213 1495 1301 1550 illa
1329 1494 1454 1548 olim
1486 1493 1708 1562 eiecerit
1738 1491 1806 1546 ”.
1836 1489 1914 1545 Ne

341 1586 466 1653 quis
493 1602 621 1642 vero
643 1588 921 1643 existimet
950 1598 1152 1657 septem
1184 1588 1516 1642 daemonibus
1548 1586 1661 1657 (95)
1692 1584 1912 1638 Mariam

344 1681 510 1735 fuisse
541 1681 835 1748 dctentam,
874 1695 1063 1736 verum
1121 1680 1280 1736 sicuti
1323 1679 1651 1735 charismata
1683 1676 1916 1747 Spiritus

343 1771 516 1824 sancti
561 1780 762 1840 septem
810 1771 1029 1840 spiritus
1079 1772 1288 1829 eodem.
1345 1785 1452 1839 quo
1503 1770 1640 1837 ipse,
1697 1767 1915 1822 nomine

344 1860 697 1927 appellantur,
729 1871 884 1930 prout
907 1876 999 1915 eos
1022 1876 1248 1930 magnus
1275 1859 1680 1914 connumeravit
1708 1857 1872 1912 Isaias
1896 1872 1910 1911 :

347 1971 363 1999 ο
403 1950 636 2021 Spiritus
659 1953 940 2023 sapientiae
988 1962 1043 2006 et
1065 1952 1386 2017 intellectus,
1418 1952 1644 2022 spiritus
1679 1951 1912 2014 consilii,

343 2043 566 2109 spiritus
620 2043 970 2109 fortitudinis,
1016 2053 1070 2098 et
1110 2044 1370 2110 scientia),
1404 2053 1459 2098 et
1489 2044 1726 2114 pictatis.
1766 2053 1817 2099 el
1849 2044 1916 2097 ti-

345 2135 510 2188 moris
540 2134 751 2189 Dmnini
789 2137 866 2201 5°;
908 2156 924 2188 ι
964 2136 1034 2190 ita
1072 2136 1415 2204 operationes
1447 2135 1750 2190 dmmonum
1787 2150 1916 2188 con-

344 2229 508 2280 traria
538 2227 750 2282 ratione
782 2228 1054 2283 daemones
1082 2237 1386 2283 vocantur:
1421 2226 1630 2292 acedia,
1661 2225 1913 2289 avaritia,

343 2319 620 2390 superbia,
681 2319 901 2385 invidia,
959 2321 1324 2386 mendacium,
1372 2318 1806 2388 intemperantia,
1864 2327 1918 2372 ct

343 2427 680 2481 unaquaeque
731 2413 1044 2481 passionum
1096 2427 1216 2468 cum
1250 2427 1436 2466 earum
1467 2410 1711 2480 genitore
1757 2425 1918 2480 syno-

342 2519 503 2575 nyma
558 2512 660 2561 est.
710 2504 808 2570 Qui
860 2505 1025 2576 igitur
1071 2501 1379 2574 huiusmodi
1418 2500 1916 2572 perturbationibus

345 2597 642 2662 detinetur,
678 2611 707 2651 a
740 2597 1071 2652 daemonibus
1096 2603 1410 2665 occupatur.
1461 2593 1575 2648 Non
1622 2601 1706 2647 est
1756 2592 1919 2662 igitur

347 2691 704 2760 improbabile
730 2691 951 2745 Mariam
975 2691 1136 2745 etiam
1161 2689 1299 2744 hanc
1319 2687 1685 2758 Magdalenam
1711 2697 1916 2756 septem

346 2784 671 2853 quibusdam
689 2784 1028 2852 passionibus
1048 2784 1428 2852 mancipatam,
1449 2795 1478 2834 a
1496 2778 1917 2849 quibuslpostca,

348 2871 550 2926 Christi
585 2872 774 2928 eﬂecla
817 2874 1101 2944 discipula,
1138 2875 1364 2932 liberata
1401 2878 1492 2932 sit.
1527 2877 1631 2932 Sed
1679 2877 1823 2931 enim
1855 2891 1918 2929 ea

345 2976 467 3030 quae
497 2971 656 3017 antea
689 2978 717 3017 a
749 2965 1094 3034 passionibus
1124 2967 1286 3022 veluti
1334 2984 1363 3021 a
1390 2969 1720 3024 daemonibus
1744 2970 1918 3037 possi-

347 3052 598 3117 dcbalur,
638 3061 844 3107 tantum
885 3065 1069 3125 postea
1105 3058 1290 3126 gratiae
1325 3057 1578 3123 obtinuit,
1607 3067 1667 3112 ut
1705 3067 1920 3127 aposto-

2009 577 2276 645 ενεγκεῖν,
2322 595 2341 629 ι
2377 575 2525 646 πρωῒ
2576 576 2767 648 πρώτῃ
2823 577 3120 632 Σαϐόάτων
3169 575 3338 646 ὲφάνη
3371 574 3588 645 πρῶτον

2010 669 2202 740 Μαρίᾳ
2235 670 2300 740 τῇ
2329 668 2664 738 Μαγδαληνῇ
2693 685 2709 700 ο
2743 687 2761 721 ι
2795 668 2856 721 οὐ
2880 667 2989 738 γάρ
3015 666 3112 735 τὴν
3135 666 3285 735 ὥραν
3309 665 3458 734 λέγει
3487 664 3589 733 τῆς

2008 763 2385 826 ἀναστάσεως,
2423 761 2559 814 ἀλλά
2585 761 2706 814 καθ’
2731 759 2798 830 ῆν
2823 760 3042 830 ἑωράθη
3074 761 3140 829 τῇ
3172 757 3589 828 ἀρωματοφόρῳ

2010 854 2370 924 Μαγδαληνῇ,
2405 853 2689 923 ὑποδηλῶν
2727 853 2829 922 τὴν
2857 852 3188 921 ἐμφάνειαν,
3239 851 3307 918 ἢν
3337 849 3588 920 ἀριδηλό-

2010 963 2171 1018 τερον
2233 948 2262 999 6
2309 949 2410 1015 τῆς
2450 944 2684 1016 βροντῆς
2736 946 2852 1009 υίὸς
2885 943 3304 1014 συνεγράψατο·
3349 943 3438 996 ὅτε
3491 942 3584 994 τὸν

2011 1037 2218 1110 Κύριον
2245 1038 2278 1107 ἠ
2304 1037 2494 1106 Μαρία
2521 1035 2837 1106 θεασαμένη
2869 1036 2962 1090 τον
2990 1033 3268 1105 κηπουρὸν
3299 1033 3584 1086 ὑπετόπα-

2014 1145 2129 1184 σεν.
2161 1127 2340 1197 Ὅπερ
2365 1125 2460 1180 οὖν
2489 1129 2517 1180 6
2546 1125 2808 1197 Ἰωάννης
2844 1125 3184 1196 πλατύτερον
3237 1124 3584 1194 ἀφηγήσατο,

2011 1217 2172 1272 τοῦτο
2194 1218 2422 1288 Μάρκος
2452 1218 2814 1290 ἐπιτροχάδην
2850 1218 3141 1288 ἐδήλωσεν.
3179 1217 3255 1270 Οὐ
3283 1216 3446 1286 μόνον
3477 1216 3531 1268 δὲ
3558 1215 3590 1264 6

2015 1309 2409 1380 εὖαγγελιστὴς
2455 1304 2630 1376 οὗτος,
2687 1309 2824 1363 ἀλλά
2858 1309 2952 1364 καὶ
2985 1311 3013 1364 6
3046 1311 3191 1372 θεῖος
3247 1308 3464 1370 Λουκᾶς
3490 1306 3590 1372 τὴν

2014 1405 2384 1476 Μαγδαληνὴν
2426 1400 2548 1458 εἶπε
2605 1406 3010 1477 προεσχηκέναι
3071 1404 3208 1457 ἐπτά
3255 1402 3528 1472 δαιμόνια,
3555 1400 3593 1454 ἃ

2019 1513 2152 1550 ποτε
2182 1497 2241 1564 ἐξ
2262 1497 2430 1567 αὐτῆς
2459 1496 2715 1550 ἐκϐαλεῖν
2740 1497 2892 1565 λέγει
2919 1497 3011 1549 τὸν
3045 1496 3274 1566 Κύριον.
3324 1493 3486 1546 Ἀλλά
3517 1493 3590 1563 μή

2017 1605 2102 1650 τις
2126 1588 2375 1659 οἰήσεται
2406 1587 2672 1658 δαίμονας
2719 1587 2865 1658 ἔχειν
2888 1588 2986 1657 τὴν
3017 1588 3238 1654 Μαρίαν
3272 1585 3435 1649 ἑπτὰ,
3475 1583 3591 1636 ἀλλ’

2020 1679 2211 1752 ῶσπερ
2235 1679 2304 1734 τά
2331 1678 2426 1733 τοῦ
2451 1680 2607 1747 ἁγίου
2638 1678 2961 1750 Πνεὺματος
2989 1679 3310 1750 χαρίσματα
3353 1674 3594 1730 συνωνύ·

2024 1787 2140 1841 μως
2195 1771 2335 1824 έπτά
2384 1771 2673 1841 πνεύματα
2739 1769 3004 1839 λέγεται,
3071 1769 3255 1831 καθὼς
3328 1768 3358 1821 6
3421 1766 3595 1838 μέγας

2033 1863 2262 1926 Ἡσαΐας
2293 1862 2568 1934 ἠρίθμησε
2589 1879 2602 1892 ·
2635 1881 2654 1915 ‹
2684 1861 2910 1931 Πνεῦμα
2944 1861 3140 1931 σοφίας
3179 1861 3272 1913 καὶ
3303 1859 3594 1921 συνέσεως,

2023 1957 2242 2028 πνεῦμα
2292 1955 2511 2026 βουλῆς,
2565 1955 2787 2026 πνεῦμα
2838 1955 3023 2024 ἰσχύος
3055 1954 3152 2007 καὶ
3187 1952 3465 2022 γνώσεως,
3499 1951 3597 2004 καὶ

2024 2048 2325 2111 εὐσεϐείας,
2383 2047 2477 2100 καὶ
2529 2046 2693 2115 φόϐου
2720 2045 2858 2100 Θεοῦ
2885 2061 2898 2074 ·
2937 2064 2955 2096 ι
3007 2045 3182 2106 οὕτως
3211 2042 3509 2107 ἀντιθέτως
3539 2043 3597 2094 αξ

2022 2139 2132 2196 τῶν
2161 2140 2433 2211 δαιμόνων
2477 2139 2756 2210 ἐνέργειαι
2784 2137 3041 2207 δαίμονες
3077 2137 3329 2204 λέγονται
3351 2152 3363 2166 ο
3389 2138 3422 2205 ὴ
3455 2135 3596 2203 ἀκη-

2022 2232 2132 2298 δία,
2167 2233 2201 2302 ἡ
2230 2229 2508 2300 φειδωλία,
2543 2230 2576 2301 ἡ
2603 2229 2882 2292 ἀπείθεια,
2912 2230 2940 2282 6
2974 2228 3189 2298 φθόνος,
3223 2227 3284 2280 τδ
3311 2225 3528 2296 ψεῦδος,
3561 2225 3596 2294 ή

2024 2325 2323 2394 ἀπληστία,
2351 2323 2448 2375 καὶ
2475 2322 2586 2374 τῶν
2612 2320 2803 2374 παθῶν
2829 2320 3061 2374 ἕκαστον
3083 2318 3178 2373 τοῦ
3203 2316 3600 2388 γεγεννηκότος

2025 2416 2145 2472 ἐστὶ
2191 2414 2537 2485 συνώνυμον.
2605 2412 2665 2466 Ὀ
2694 2412 2827 2480 γοῦν
2864 2410 3283 2483 κεκρατημένος
3305 2411 3364 2462 ὲν
3389 2407 3602 2469 τούτοις

2024 2511 2137 2573 τοῖς
2188 2506 2418 2560 πάθεσιν
2473 2504 2580 2560 ὑπὸ
2631 2503 2904 2572 δαιμόνων
2963 2502 3261 2572 ἐνίσχεται.
3313 2499 3480 2554 Οὐδὲν
3505 2493 3601 2551 οὖν

2026 2599 2258 2662 ἀπεικὸς
2306 2598 2400 2652 καὶ
2425 2597 2526 2668 τὴν
2569 2595 2792 2667 Μαρίαν
2825 2595 3034 2664 ταύτην
3060 2592 3430 2663 Μαγδαληνὴν
3461 2589 3604 2643 ἑπτά

2025 2709 2167 2745 τισιν
2193 2690 2554 2745 δεδουλῶσθαι
2608 2689 2864 2755 πάθεσιν,
2912 2680 2988 2740 ὧν
3014 2685 3319 2754 λελὺτρωτο
3369 2682 3602 2752 ὕστερον

2027 2786 2286 2854 γεγονυῖα
2319 2783 2413 2836 τοῦ
2461 2782 2717 2853 Σωτῆρος
2765 2781 3068 2852 μαθήτρια.
3100 2778 3242 2832 Ἀλλ’
3274 2779 3308 2848 ἡ
3344 2775 3601 2844 καθάπερ

2029 2874 2134 2930 ὑπὸ
2159 2872 2432 2944 δαιμόνων
2451 2871 2561 2924 τῶν
2590 2871 2780 2924 παθῶν
2799 2869 3125 2941 ἐνισχομένη
3155 2869 3444 2939 πρότερον,
3477 2882 3575 2918 τοσ
3592 2893 3604 2904 ~

2027 2968 2199 3035 αὐτης
2228 2965 2513 3036 ἀπήλαυσε
2541 2964 2640 3034 τῆς
2674 2963 2898 3034 χάριτος
2935 2961 3186 3032 ὕστερον,
3231 2961 3306 3024 ὡς
3341 2959 3602 3028 γενέσθαι

2028 3063 2141 3122 τοῖς
2168 3059 2490 3120 ἀποστόλοις
2521 3057 2842 3121 ἀπόστολον,
2862 3056 2956 3110 καὶ
2979 3055 3113 3123 θῆλυ
3133 3053 3288 3116 οὖσα,
3317 3053 3414 3123 τὴν
3441 3049 3605 3120 φύσιν

349 3142 524 3198 lorum
575 3145 813 3212 apostola
864 3145 976 3216 (96)
1024 3146 1212 3214 ﬂeret;
1251 3157 1306 3203 et
1350 3164 1472 3202 cum
1509 3156 1652 3204 esset
1701 3149 1918 3215 femina,

2032 3154 2313 3226 παρῆλθεν
2372 3151 2599 3224 ἀνδρείῳ
2649 3151 2981 3222 φρονήματι.
3045 3148 3169 3200 Τῶν
3199 3148 3310 3216 γάρ
3342 3141 3607 3215 μαθητῶν

350 3243 598 3288 naturam
647 3235 788 3289 virili
838 3237 1029 3306 spiritu
1089 3239 1386 3308 superavit.
1440 3239 1726 3309 Discipulls
1777 3241 1921 3295 enim

349 3325 828 3395 delitescentibus,
881 3328 1190 3385 Judmorum
1251 3340 1442 3398 metu,
1494 3331 1585 3386 illa
1645 3333 1710 3388 ad
1763 3333 1927 3388 vitale

350 3418 661 3486 sepulcrum
700 3419 776 3472 ire
810 3428 864 3473 et
909 3421 1084 3476 redire
1117 3436 1223 3476 nou
1271 3423 1435 3494 226
1467 3423 1692 3489 destitit,
1731 3434 1784 3478 et
1824 3423 1928 3478 Do-

355 3507 485 3560 mini
507 3521 706 3577 corpus
727 3523 987 3578 quarere,
1011 3521 1063 3566 et
1082 3510 1310 3567 ferventi
1329 3513 1595 3568 desiderio
1616 3513 1923 3584 lacrymari.

355 3597 509 3653 Unde
539 3599 702 3653 etiam
741 3609 1030 3656 consecuta
1061 3611 1163 3665 est,
1198 3611 1257 3655 ut
1289 3612 1472 3673 optato
1508 3613 1726 3668 aspectu
1755 3604 1926 3673 prima

352 3688 645 3754 frueretur,
682 3699 734 3744 et
765 3690 975 3746 dulcem
1001 3693 1148 3747 illam
1183 3707 1366 3748 vocem
1401 3696 1631 3762 audiret,
1661 3705 1715 3752 et
1749 3712 1928 3752 resur-

356 3780 612 3834 rectionis
639 3783 1021 3852 evangelistria
1055 3785 1226 3840 fleret.
1259 3785 1363 3841 Sed
1389 3788 1532 3842 enim
1560 3787 1927 3858 apostolorum

354 3881 553 3930 emtum
582 3885 726 3930 tanta
766 3877 1038 3934 bebrtudo
1075 3881 1268 3935 mentis
1307 3880 1626 3946 incesserat,
1653 3891 1714 3936 ut
1748 3883 1929 3938 omnia

355 3961 486 4018 falsa
539 3975 874 4034 reputarent,
919 3984 1040 4040 qua:
1082 3986 1113 4025 a
1160 3969 1330 4026 Maria
1369 3971 1732 4027 dicebantur:
1776 3990 1798 4026 ι
1846 3973 1928 4028 11ιί

353 4055 519 4119 enim,
554 4056 750 4125 inquit,
789 4059 1077 4115 audientes
1110 4063 1234 4129 quia
1267 4061 1496 4124 viveret,
1526 4071 1579 4115 et
1608 4061 1759 4118 visus
1785 4071 1930 4118 esset

356 4145 426 4199 ab
465 4161 553 4208 ca,
601 4164 710 4203 non
762 4149 1134 4206 crediderunt.
1184 4151 1311 4207 Post
1355 4153 1471 4208 haec
1506 4154 1714 4210 duobus
1745 4171 1810 4209 ex
1845 4154 1931 4210 his

358 4239 756 4296 ambulantibus
799 4250 1055 4298 ostensus
1099 4255 1183 4298 est
1218 4245 1270 4299 in
1321 4245 1448 4311 alia,
1488 4244 1660 4316 efﬁgie
1681 4247 1933 4302 euntibus

356 4330 410 4385 in
435 4331 640 4389 villam.
676 4351 696 4384 ›

429 4421 666 4480 Observa
703 4427 862 4497 hujus
902 4429 1246 4499 evangelista
1280 4432 1332 4486 in
1377 4433 1650 4487 narrando
1694 4431 1930 4486 studium

2030 3244 2426 3318 κρυπτομένων
2449 3244 2538 3298 διὰ
2567 3244 2656 3297 τὸν
2689 3243 2854 3312 φόϐον
2877 3241 2985 3296 τῶν
3002 3238 3304 3301 Ἰουδαίων,
3324 3238 3385 3290 οὐ
3409 3234 3602 3289 διέλει-

2029 3356 2131 3392 πεν
2161 3335 2303 3404 αὕτη
2331 3335 2424 3389 τόν
2457 3335 2743 3406 ζωηφόρον
2766 3335 2940 3405 τάφον
2972 3350 3038 3386 πε
3051 3329 3392 3400 ρινοστοῦσα,
3424 3324 3604 3380 καὶτὸ

2031 3429 2360 3484 Δεσποτικὸν
2412 3428 2575 3498 σῶμα
2623 3427 2886 3496 ζητοῦσα,
2941 3425 3037 3478 καὶ
3087 3425 3262 3488 ζέοντι
3317 3419 3465 3490 πόθῳ
3509 3419 3606 3471 δα-

2030 3525 2295 3595 κρύουσα.
2319 3521 2410 3576 Διὸ
2442 3520 2539 3574 καὶ
2566 3520 2758 3590 πρώτη
2782 3519 2880 3587 τῆς
2911 3516 3251 3586 ποθουμένης
3276 3515 3433 3582 ἔτυχε
3453 3510 3604 3573 θέας,

2030 3617 2126 3670 καὶ
2156 3614 2258 3685 τῆς
2283 3612 2543 3683 γλυκείας
2563 3609 2864 3681 ὴκουτίσθη
2890 3607 3097 3677 φωνῆς,
3121 3607 3216 3659 καὶ
3245 3604 3344 3672 τῆς
3368 3601 3608 3657 ἀναστά-

2033 3725 2167 3770 σεως
2199 3704 2445 3776 ἐγεγόνει
2468 3701 2920 3772 εὐαγγελίστρια.
2965 3699 3106 3753 ‘AD.’
3128 3694 3196 3768 ἦν
3227 3697 3337 3766 ἄρα
3367 3692 3609 3764 τοσαύτη

2032 3796 2234 3866 νωθείᾳ
2269 3791 2680 3866 κεκρατημένος
2737 3791 2845 3844 τῶν
2887 3787 3202 3843 ἀποστόλων
3260 3789 3288 3840 6
3323 3783 3605 3851 σύλλογος,

2031 3889 2106 3951 ὼς
2157 3886 2332 3956 ψευδῆ
2379 3883 2703 3952 λογίσασθαι
2739 3881 2920 3936 πάντα
2951 3881 3018 3934 τά
3074 3879 3228 3948 παρὰ
3261 3880 3358 3947 τῆς
3387 3875 3610 3945 Μαρίας

2033 3979 2336 4049 λεγόμενα·
2406 3994 2426 4028 ι
2467 3975 2697 4029 Ἐκεῖνοι
2733 3975 2862 4046 γὰρ,
2899 3973 3087 4042 φησιν,
3137 3969 3474 4029 ἀκούσαντες
3522 3967 3608 4020 ὅτι

2033 4071 2126 4141 ζῇ,
2147 4071 2242 4124 καὶ
2273 4068 2469 4139 ἐθεάθη
2498 4067 2590 4121 ὑπ’
2615 4067 2804 4136 αὐτῆς,
2825 4065 3164 4135 ἠπίστησαν.
3192 4063 3427 4116 Ἔπειτα
3457 4058 3610 4111 δυσὶν

2035 4160 2092 4226 eg
2122 4158 2302 4213 αὐτῶν
2327 4156 2721 4227 περιπατοῦσιν
2757 4152 3081 4225 ἐφανερώθη
3114 4154 3172 4205 ὲν
3201 4152 3368 4222 ἑτέρᾳ
3397 4149 3608 4221 μορφῇ,

2035 4251 2428 4322 πορευομένοις
2460 4250 2539 4314 είς
2564 4250 2754 4320 ἀγρόν.
2799 4267 2818 4300 ι

2110 4427 2254 4496 Ὅρα
2285 4423 2378 4478 τοῦ
2438 4421 2706 4492 παρόντος
2765 4416 3157 4488 εὐαγγελιστοῦ
3216 4415 3277 4469 τδ
3333 4415 3467 4486 περὶ
3505 4410 3608 4482 τὴν

358 4513 671 4584 brevitatis,
711 4520 794 4574 vel
828 4521 1005 4589 potius
1055 4523 1229 4578 sancti
1277 4523 1511 4592 Spiritus
1551 4523 1782 4594 gratiam
1815 4524 1920 4578 hac

2036 4523 2313 4595 ἀφήγησιν
2343 4519 2734 4590 φιλοσύντομον
2753 4533 2769 4546 ⁸
2803 4515 3002 4587 μᾶλλον
3033 4514 3092 4568 δὲ
3119 4512 3220 4582 τὴν
3251 4511 3399 4566 οὕτω
3426 4505 3605 4562 ταῦτα

431 4657 476 4690 δ’
517 4655 649 4715 Luc.
693 4678 798 4728 xu,
837 4661 896 4716 2.
970 4663 1016 4696 ³⁸
1055 4663 1161 4719 Isa.
1204 4681 1296 4731 ιι,
1335 4664 1393 4720 2.

1590 4782 1911 4846 Fraucisci
1951 4781 2155 4846 Scorsi
2187 4787 2374 4844 noue.

437 4925 788 4998 (95),,Septem
846 4918 1193 4985 dwaionibus.
1246 4928 1419 4984 Unam
1442 4926 1792 4996 eamdemque
1817 4925 1930 4980 Ma-

373 4997 920 5067 riam'Magdalenam
959 5000 1158 5064 fuisse,
1199 5001 1265 5052 de
1293 5013 1397 5066 qua
1439 5008 1667 5066 quatuor
1691 5012 1926 5063 evange-

373 5071 512 5126 lista?
539 5070 874 5136 scripserint,
897 5071 1236 5125 communior
1273 5078 1354 5124 est
1391 5080 1445 5123 et
1481 5068 1680 5121 certior
1700 5070 1930 5136 scripto-

364 5155 482 5195 rum
545 5135 815 5193 srnteutia
848 5158 865 5205 ;
903 5142 1045 5208 quod
1072 5150 1251 5194 autem
1280 5154 1310 5192 a
1342 5137 1522 5192 Marco
1547 5138 1745 5191 dicitur
1765 5135 1832 5208 ab
1867 5151 1928 5208 ea

361 5213 532 5273 ejecta
586 5219 788 5275 septem
857 5205 1027 5265 fuisse
1049 5209 1334 5270 daemonia,
1385 5211 1451 5262 de
1511 5218 1714 5273 septem
1783 5205 1932 5259 vitiis

361 5281 750 5345 interpretatur
814 5282 901 5336 ltie
939 5278 1155 5344 Noster,
1182 5294 1302 5344 quae
1347 5277 1533 5332 eadem
1564 5277 1934 5345 interpretatio

359 5359 445 5404 est
500 5349 884 5421 Theopbylacti
909 5352 961 5404 in
996 5351 1138 5404 hunc
1166 5349 1370 5421 locum
1395 5387 1410 5410 ,
1435 5348 1705 5421 _idemq_ue
1758 5345 1936 5398 innuit

365 5421 506 5474 Beda
530 5423 581 5472 in
601 5417 826 5487 Catena,
858 5433 912 5473 et
943 5421 1013 5473 ila
1039 5420 1374 5472 sentite-tiam
1423 5417 1708 5472 Cornelius
1727 5423 1932 5470 noster.

368 5489 498 5545 Vile
530 5506 690 5554 porro
719 5507 836 5557 quae
854 5490 1090 5544 diximus
1116 5489 1265 5542 hom.
1309 5487 1401 5547 17,
1438 5496 1550 5540 not.
1573 5487 1698 5540 000.

435 5561 548 5625 (96)
597 5555 967 5625 Apostolorum
1019 5560 1275 5625 apostola.
1336 5557 1581 5612 Insolens
1650 5560 1702 5611 in
1753 5555 1937 5624 lingua

367 5629 557 5684 Latum
613 5633 727 5684 haec
789 5631 1021 5684 nominis
1080 5627 1370 5682 declinatio
1421 5636 1478 5678 ut
1525 5627 1594 5679 ab
1646 5625 1934 5691 apostolus,

363 5701 603 5764 apostolo
667 5699 973 5754 fleeterctur
1007 5715 1020 5748 :
1051 5699 1141 5752 sed
1201 5698 1326 5764 quid
1374 5697 1593 5761 mirum,
1618 5712 1739 5750 cum
1761 5703 1814 5748 et
1845 5709 1940 5746 no-

368 5763 488 5821 men
546 5769 721 5838 ipsum
769 5769 1050 5836 aposmlus
1089 5783 1115 5818 a
1149 5763 1351 5820 Gra'cis
1389 5766 1441 5838 iu
1477 5765 1722 5820 Latinam
1759 5763 1937 5818 eccle-

369 5837 642 5892 sasticam
707 5839 915 5894 fluxerit
961 5840 1220 5910 linguam.
1285 5837 1580 5892 Potuissem
1629 5849 1759 5892 sane
1817 5849 1936 5887 cam

2034 4921 2447 4978 declinationem
2494 4918 2803 4982 declinare,
2845 4914 2889 4968 si
2926 4915 3028 4968 hoc
3073 4911 3231 4982 modo
3293 4908 3613 4982 Vertissem,

2031 4994 2116 5047 vel
2139 4993 2324 5059 potius
2369 4977 3197 5059 circumlocutuse_ssetn,_qu‘od
3233 4987 3434 5059 auctor
3483 4977 3618 5058 dicit

2033 5046 2108 5127 ὡς
2139 5046 2158 5059 ’ν
2190 5046 2442 5128 γενέσθαι
2491 5061 2604 5121 τοῖς
2659 5054 2977 5115 ἀποστόλοις
3029 5046 3442 5128 ἀπόστολοςηθέ
3495 5046 3620 5111 qui-

2035 5115 2157 5188 dem
2192 5115 2424 5189 felicius.
2444 5144 2566 5184 cum
2585 5115 2869 5190 utriusque
2896 5121 3208 5190 generissit
3238 5120 3375 5186 apud
3399 5115 3618 5170 Graecos

2033 5217 2232 5258 nomen
2287 5199 2586 5260 ἀπόστολος
2614 5197 2756 5267 quod
2785 5189 2837 5247 iu
2869 5189 3058 5267 Latina
3117 5189 3308 5267 lingua
3342 5201 3446 5240 non
3477 5199 3618 5267 con-

2276 5254 2594 5334 potuissem',
2631 5254 2878 5333 inquam,
2913 5261 3007 5341 .sic
3039 5277 3052 5314 :
3087 5268 3143 5311 ut
3167 5254 3308 5341 apud
3341 5254 3619 5341 apostolos

2037 5329 2288 5410 apo’sto'li'
2320 5349 2505 5410 partes
2537 5329 2724 5410 ageret:
2751 5351 2766 5399 ;
2809 5332 2926 5410 _sed
2969 5344 3088 5383 cum
3132 5329 3620 5410 videremIn-ostros

2039 5395 2334 5482 scriptores
2371 5410 2421 5462 id
2447 5409 2548 5463 sibi
2573 5395 2822 5482 religioni
2862 5415 2968 5482 non
2990 5408 3221 5458 vertere,
3296 5395 3441 5482 ualui
3496 5406 3620 5482 esse

2043 5462 2573 5548 tainrreligiosus,ut
2599 5462 2706 5548 hoc
2737 5486 2840 5525 non
2865 5468 3145 5548 auderem,
3171 5469 3314 5534 quod
3331 5462 3619 5548 C(lrnt‘llgs

2521 5528 2683 5618 lloqui
2729 5555 2909 5618 ausus
2945 5539 2995 5592 iu
3037 5528 3202 5618 Joan‘.‘
3230 5549 3350 5603 cap.
3389 5548 3454 5585 xx
3487 5528 3620 5618 :_E'n

2043 5599 2369 5692 Ηᾶρἇιίεῆᾇ
2409 5599 2551 5692 Iiic__a
2598 5599 2820 5692 .ICItrt'sto
2874 5610 2933 5692 ﬁt
2974 5599 3329 5692 apOstoloruth
3381 5599 3624 5692 θροεῖς)ιὲ

2041 5669 2090 5744 Ei
2104 5669 2460 5757 ὶῖνῖιῆᾖέιῖιιάέ
2489 5683 2638 5737 Unde
2674 5682 2792 5757 ipsa
2816 5669 2929 5748 post
2955 5669 3386 5757 resurrectionem
3418 5669 3625 5757 Chrifti

2043 5737 2594 5822 ain
2639 5737 2909 5822 eisiliam,
2953 5758 3001 5800 et
3054 5745 3351 5800 Massiliam
3397 5737 3626 5810 appulsa

2047 5829 2236 5884 ibidem
2265 5820 2555 5883 incolarum
2582 5824 2682 5893 fuit
2707 5820 2966 5891 apostola.
