4042 6454
385 364 492 428 635

1582 361 2079 426 THEOPHANIS
2117 363 2309 422 (ΕΒΑ
2322 361 2460 420 MEI

3530 361 3637 426 636

379 480 629 549 solymtc,
660 483 822 548 atque
849 475 1012 532 etiam
1048 473 1300 531 undecim
1349 473 1405 530 in
1432 473 1650 533 Galilaca
1682 476 1952 548 augustior

2064 471 2358 540 διαφωνίας
2387 472 2624 540 ἔμφασιν
2653 470 2934 540 ζητήσεως
2970 474 3144 540 ἄξιον,
3196 476 3276 528 ὅτι
3311 478 3337 530 6
3367 477 3468 546 μὲν
3493 481 3637 535 Λου-

379 569 523 624 visu.
571 567 706 625 illud
746 582 874 622 vero
914 567 1054 636 quod
1095 565 1449 622 dissensionis
1484 568 1726 636 speciem
1773 567 1958 634 habet,

381 661 602 728 dignum
642 667 748 722 est,
772 657 914 728 quod
949 657 1281 726 disceptetur
1310 674 1323 712 :
1355 658 1496 728 quod
1532 657 1708 713 Lucas
1743 659 1957 727 quidem

382 766 476 804 eos
511 764 756 804 reversos
793 764 858 802 ex
897 748 1158 803 Emmaus
1191 749 1461 804 invenisse
1498 751 1575 804 ait
1605 758 1959 819 congregatos

381 839 632 894 undecim
660 845 713 892 et
745 837 1002 907 reliquos,
1040 838 1284 892 dicentes
1317 855 1331 893 :
1370 855 1389 890 ι
1425 839 1564 904 Quia
1597 841 1833 896 surrexit
1861 839 1963 893 Do-

381 930 580 993 minus,
602 937 663 983 et
703 928 951 998 apparuit
978 928 1184 990 Simoni
1215 932 1295 998 ⁸¹;
1337 949 1356 984 ι
1398 931 1486 992 hic
1519 944 1648 985 vero
1679 930 1961 985 manifeste

379 1028 567 1073 narrat
597 1033 692 1072 eos
727 1034 900 1088 neque
928 1018 1280 1090 Magdalcnm,
1325 1036 1426 1076 nec
1462 1021 1672 1076 caeteris
1709 1020 1961 1075 habuisse

381 1110 564 1169 ﬁdem.
596 1111 727 1175 Quae
759 1109 928 1178 igitur
952 1112 1265 1181 apparentis
1299 1112 1582 1167 discordiae
1610 1113 1957 1168 conciliatio?

377 1218 499 1274 age,
551 1219 662 1262 rem
705 1213 961 1264 accurate
999 1213 1423 1276 perscrutemur.
1452 1205 1568 1260 Non
1600 1206 1740 1275 quod
1778 1220 1961 1259 resur-

378 1297 628 1364 rexisset,
683 1296 777 1356 sed
829 1296 974 1365 quod
1035 1297 1362 1366 biagdalenae
1416 1307 1474 1358 et
1520 1297 1767 1367 Cleoplue
1814 1297 1961 1354 visus

379 1398 545 1462 esset,
584 1403 689 1460 non
719 1387 1004 1444 credidere
1033 1388 1300 1456 discipuli.
1336 1389 1449 1458 Hoc
1499 1395 1681 1448 autem
1723 1397 1777 1442 et
1816 1389 1961 1458 ipse-

383 1489 495 1534 met
542 1479 873 1550 evangelista
911 1480 1256 1551 signiﬁcavit,
1305 1495 1425 1536 cum
1459 1481 1556 1545 ait,
1589 1480 1730 1550 quod
1773 1480 1838 1534 iis
1870 1479 1959 1547 qui

384 1569 638 1624 viderant
667 1584 790 1624 eum
843 1569 948 1639 iam
991 1571 1313 1636 redivivum,
1363 1586 1469 1628 non
1516 1570 1957 1626 crediderunt”.

383 1659 518 1719 Cum
560 1663 704 1722 enim
762 1662 983 1738 perfecti
1035 1665 1271 1718 nondum
1323 1673 1528 1728 essent,
1577 1677 1675 1718 nec
1727 1661 1961 1734 Spiritus

377 1759 607 1827 gratiam
636 1762 986 1830 recepissent,
1011 1771 1207 1830 praeter
1240 1761 1503 1814 rationem
1544 1768 1598 1813 et
1642 1758 1959 1814 incredibile

383 1849 774 1914 existimabant
831 1851 1054 1917 factum,
1107 1860 1165 1912 ut
1206 1851 1390 1918 Petro,
1440 1865 1503 1905 ac
1547 1848 1762 1922 Joanni,
1797 1858 1959 1904 caete-

380 1939 566 2008 risque
599 1955 656 1995 se
697 1940 983 1996 videndum
1028 1958 1132 1997 non
1163 1942 1326 2012 227
1358 1940 1588 2004 dederit,
1633 1938 1960 2010 Magdalenen

377 2042 506 2081 vero
543 2028 772 2098 aliisque
817 2032 1118 2088 minoribus
1147 2031 1429 2101 discipulis
1459 2031 1821 2100 apparuisset.
1855 2029 1954 2086 Ubi

378 2135 504 2176 vero
530 2125 676 2177 venit
713 2124 927 2190 Petrus,
959 2135 1013 2180 et
1039 2125 1342 2195 spectacula
1375 2125 1462 2179 illa
1499 2123 1729 2192 sepulcri
1761 2140 1955 2179 renun.

373 2211 549 2276 tiavit,
586 2222 643 2267 ut
699 2216 956 2270 nimirum
1015 2217 1327 2270 linteamina
1376 2215 1487 2269 sola
1545 2215 1790 2281 vidisset,
1830 2224 1958 2294 tunc

372 2320 509 2376 sane
572 2321 690 2360 cum
768 2308 902 2362 nihil
973 2308 1236 2366 haberent
1279 2323 1480 2374 causa},
1547 2306 1896 2376 quamobrem
1942 2303 2251 2362 testimonio
2306 2301 2450 2358 Petri
2506 2317 2612 2356 non
2667 2304 2977 2373 crederent,
3040 2307 3293 2364 dicebant
3346 2329 3358 2364 :

367 2395 608 2450 surrexit
636 2394 895 2450 Dominus
917 2412 1062 2452 vere.
1095 2416 1114 2450 ι

454 2505 474 2539 ι
523 2486 827 2544 Novissime
865 2494 1305 2550 rccutnbentibus
1341 2495 1448 2550 illis
1493 2496 1742 2550 undecim
1784 2485 1951 2564 appa-

367 2582 500 2645 ruit,
533 2589 588 2635 et
625 2584 971 2648 exprobravit
1033 2585 1462 2644 incredulitatem
1500 2592 1686 2642 e'orum
1719 2597 1774 2642 et
1802 2588 1952 2642 duri-

373 2672 504 2729 tiam
540 2675 740 2740 cordis,
764 2674 890 2743 quia
923 2675 1006 2730 his
1037 2677 1127 2746 qui
1160 2678 1408 2732 viderant
1432 2691 1554 2732 eum
1584 2679 1950 2734 resurrexisse

371 2779 476 2838 non
513 2765 878 2825 crediderunt.
931 2786 949 2818 ι
987 2766 1238 2822 Censona
1296 2777 1480 2823 narrat
1533 2769 1622 2823 hic
1673 2769 1774 2834 iis,
1829 2783 1951 2838 quae

370 2853 526 2909 divus
551 2854 724 2909 Lucas
756 2857 918 2916 habet
945 2858 1008 2910 ⁸⁸.
1040 2855 1139 2911 Hic
1163 2857 1306 2912 enim
1339 2865 1624 2928 postquam
1652 2857 1948 2926 Cleopham

371 2947 668 3021 cumsocio
693 2945 941 3010 rediisse,
969 2958 1022 3002 et
1048 2957 1240 3010 caetera
1269 2963 1388 3018 qua:
1409 2950 1474 3003 ad
1505 2948 1653 3010 illam
1677 2949 1950 3018 pertinent

311 3019 314 3024 ’
369 3019 786 3105 apparitionetn,
830 3037 1081 3106 dixisset,
1115 3040 1290 3108 inquit
1335 3058 1349 3096 :
1387 3059 1407 3092 ‹
1447 3040 1581 3095 Dum
1619 3050 1796 3109 autem
1831 3041 1948 3094 haec

2063 568 2164 629 κᾶς
2194 564 2536 641 ὑποστρέψαι
2566 565 2731 633 φησιν
2759 565 2958 625 αὐτοὺς
2987 567 3051 618 ἐκ
3084 565 3184 634 τῆς
3221 568 3521 638 Ἐμμαοὺς,
3546 575 3645 626 καὶ

2061 653 2244 722 εὑρεῖν
2279 651 2773 721 συνηθροισμένους
2822 653 2946 713 τοὺς
2993 653 3206 718 ἕνδεκα,
3245 659 3337 709 καὶ
3367 659 3494 719 τοὺς
3531 661 3642 712 λοι-

2064 744 2197 802 ποὺς
2252 744 2531 811 λέγοντας,
2583 761 2601 794 t
2651 743 2739 805 Ὠς
2768 744 2976 814 ἠγέρθη
3029 747 3057 796 6
3089 747 3312 816 Κύριος,
3347 753 3444 803 καὶ
3486 749 3642 821 ὤφθη

2062 836 2266 901 Σίμωνι
2288 849 2303 864 ⁸
2333 853 2351 884 ›
2373 827 2528 896 οὗτος
2553 834 2610 887 δὲ
2633 833 2927 906 διαρρήδην
2952 838 3070 908 βοᾷ,
3089 838 3162 899 ὡς
3178 838 3302 892 οὔτε
3325 843 3390 911 τῇ
3421 844 3644 910 Μαγδα-

2061 925 2218 994 ληνῇ,
2270 922 2398 977 ,οὔτε
2447 923 2683 988 ἐκείνοις
2735 926 3084 980 ἐπίστευσαν.
3123 929 3222 992 Τίς
3252 927 3343 984 οὖν
3375 933 3644 1002 δοκούσης

2059 1016 2354 1085 διαφωνίας
2408 1015 2698 1082 ἐπίλυσιςς
2754 1018 2910 1090 φέρε,
2985 1022 3375 1091 σκοπήσωμεν.
3422 1026 3532 1094 Οὐχ
3561 1027 3643 1079 ὅτι

2061 1109 2358 1178 ἐγήγερται
2398 1097 2720 1174 διηπίστουν
2747 1109 2796 1160 οἱ
2834 1110 3100 1179 μαθηταὶ,
3127 1111 3243 1166 ἀλλ’
3271 1114 3354 1166 ὅτι
3384 1117 3448 1184 τῇ
3485 1117 3644 1180 Μαγ-

2061 1200 2262 1270 δαληνῇ
2305 1201 2402 1254 καὶ
2434 1202 2546 1264 τοῖς
2583 1200 2713 1269 περὶ
2741 1201 2993 1256 Κλεόπαν
3024 1204 3435 1274 ἐπεςρανέρωτο.
3473 1206 3644 1260 Τοῦτο

2059 1293 2116 1346 δὲ
2149 1296 2242 1347 καὶ
2269 1295 2294 1345 ό
2323 1293 2718 1363 εὐαγγελιστὴς
2741 1295 3152 1365 ἐπεσημήνατο,
3190 1297 3273 1350 ὅτι
3306 1300 3419 1360 τοῖς
3445 1298 3645 1352 θεασα-

2066 1386 2249 1455 μένοις
2270 1385 2433 1438 αὺτδν
2460 1384 2832 1454 ἐγηγερμένον
2854 1387 2914 1438 ἐκ
2934 1388 3144 1458 νεκρῶν
3165 1389 3264 1442 οὐκ
3289 1390 3640 1445 ἐπίστευσαν.

2075 1476 2304 1538 Ἀτελεῖς
2337 1477 2448 1545 γὰρ
2506 1476 2656 1539 ὄντες
2689 1476 2791 1540 ἔτι,
2835 1477 2930 1532 καὶ
2987 1481 3152 1547 μήπω
3199 1481 3512 1550 δεδεγμένοι
3545 1485 3644 1553 τὴν

2061 1565 2221 1637 χάριν
2253 1565 2344 1618 τοῦ
2378 1565 2718 1642 Πνεῦματος,
2750 1567 3063 1636 παράλογον
3092 1570 3340 1639 ζήγοῦντο
3389 1574 3486 1626 καὶ
3518 1576 3647 1627 ἄπι-

2066 1679 2209 1726 στον,
2249 1661 2443 1732 Πέτρῳ
2494 1660 2596 1730 μὲν
2645 1661 2741 1713 καὶ
2772 1661 3016 1736 Ἰωάννῃ,
3061 1666 3152 1716 καὶ
3207 1669 3319 1726 τοῖς
3355 1668 3532 1730 ἄλλοις
3569 1670 3642 1739 μὴ

2062 1752 2494 1820 όφθῆναιαύτδν,
2524 1754 2950 1823 πεφανερῶσθαι
2975 1755 3030 1806 δὲ
3061 1759 3126 1825 τῇ
3161 1758 3496 1828 Μαγδαληνῇ
3547 1748 3640 1813 καὶ

2060 1847 2171 1905 τοῖς
2195 1845 2443 1899 ἐλάττοσι
2475 1845 2766 1914 μαθηταῖς.
2807 1846 2895 1909 Ὠς
2923 1847 2978 1899 δὲ
3031 1849 3234 1920 Πέτρος
3289 1846 3424 1921 ἧκεν
3458 1854 3642 1920 ἀπαγ-

2063 1937 2268 2006 γέλλων
2312 1937 2381 2000 τὰ
2417 1936 2476 1988 ἐν
2520 1934 2598 2004 τῷ
2629 1936 2786 2004 τάφῳ
2819 1937 3088 2004 θεάματα,
3129 1941 3275 2002 ὅπως
3330 1943 3542 2011 ἑώρακε
3573 1944 3642 1997 τὰ

2063 2027 2247 2080 ὀθόνια
2283 2027 2440 2095 μόνα,
2473 2026 2594 2079 τότε
2632 2025 2695 2094 δὴ
2730 2029 2796 2096 τῇ
2837 2028 2931 2080 τοῦ
2973 2029 3181 2098 Πέτρου
3243 2034 3519 2103 μαρτυρίᾳ
3565 2036 3639 2104 μὴ

2062 2122 2278 2190 ἔχοντες
2315 2120 2588 2186 ἀπιστεῖν,
2648 2119 2854 2188 ἔλεγον,
2905 2122 2989 2175 ὅτι
3029 2142 3046 2174 ι
3105 2126 3345 2198 Ἠγέρθη
3378 2129 3405 2179 6
3435 2128 3643 2200 Κύριος

2060 2213 2252 2275 ὅντως.
2292 2231 2310 2264 t

3421 2330 3438 2362 ι
3490 2311 3642 2376 Quod

2139 2504 2157 2537 ι
2191 2485 2464 2554 ’Ὕστερον
2501 2483 2561 2537 δὲ
2609 2484 2996 2558 ἀνακειμένοις
3046 2485 3234 2547 αὐτοῖς
3289 2490 3402 2548 τοῖς
3447 2487 3640 2544 ἕνδεκα

2057 2576 2403 2648 ἐφανερώθη,
2453 2576 2545 2630 καὶ
2585 2575 2830 2630 ὠνείδισε
2874 2577 2970 2645 τὴν
3010 2577 3269 2632 ἀπιστίαν
3320 2580 3499 2631 αὐτῶν
3544 2585 3639 2635 καὶ

2059 2665 2517 2738 σκληροκαρδίαν,
2558 2667 2642 2722 ὅτι
2664 2669 2777 2730 τοῖς
2801 2668 3163 2737 θεασαμένοις
3203 2671 3368 2724 αὑτὸν
3401 2673 3638 2740 ἐγηγερο

2059 2760 2220 2827 μένον
2251 2759 2354 2812 οὐκ
2388 2759 2739 2813 ἐπίστευσαν.
2785 2777 2804 2812 ι
2848 2761 3071 2830 Συνῳδὰ
3115 2763 3347 2816 ἐνταῦθα
3378 2764 3529 2817 λαλεὶ
3559 2767 3637 2837 τῷ

2056 2849 2188 2920 θείῳ
2215 2851 2428 2922 Λουκᾷ”
2457 2851 2551 2904 καὶ
2574 2851 2730 2914 αὐτὸς
2758 2851 2867 2922 γὰρ
2900 2853 3036 2921 μετᾲ
3061 2854 3122 2906 τὸ
3155 2855 3328 2907 ἐλθεῖν
3351 2858 3476 2918 τοὺς
3503 2860 3637 2928 περὶ

2056 2943 2333 3006 Κλεόπαν,
2366 2943 2463 2998 καὶ
2492 2942 2561 2995 τὰ
2601 2946 2699 3012 τῆς
2729 2944 3035 3012 ἐμφανείας
3068 2947 3266 3010 εἰπεῖν,
3303 2947 3448 3001 οὕτω
3479 2953 3636 3018 φησί’

2061 3052 2080 3086 t
2119 3035 2304 3087 Ταῦτα
2331 3034 2387 3086 δὲ
2419 3033 2600 3086 αὐτῶν
2635 3033 2965 3097 λαλούντων,
3002 3035 3167 3097 αὐτὸς
3203 3037 3231 3089 6
3260 3039 3470 3108 Ἰησοῦς
3503 3040 3634 3109 ἔστη

371 3127 683 3196 loqttuutur,
727 3130 873 3184 stetit
928 3127 1089 3194 Iesus
1135 3132 1187 3186 in
1239 3131 1417 3191 medio
1454 3146 1663 3188 eorum.
1703 3155 1721 3189 ι
1756 3135 1862 3192 Sed
1905 3138 1950 3194 is

2056 3126 2110 3178 ἐν
2142 3125 2292 3195 μέσῳ
2323 3123 2526 3178 αὐτῶν.
2563 3148 2580 3176 ο
2632 3124 2776 3177 Ἀλλ’
2809 3126 3021 3188 ἐκεῖνος
3083 3125 3180 3195 μὲν
3210 3126 3640 3193 ἐξεταστικώτε-

367 3220 587 3286 quidem
619 3221 987 3290 apostolorum
1019 3231 1280 3278 terrorem
1335 3234 1390 3279 et
1437 3223 1947 3284 demonstrationem

375 3309 684 3375 vulnerum,
712 3326 831 3380 quae
865 3312 918 3366 in
951 3313 1202 3369 manibus
1249 3327 1313 3369 ac
1338 3315 1566 3382 pedibus
1597 3316 1734 3372 facta
1768 3328 1945 3383 erant,

372 3408 428 3452 et
467 3384 741 3470 quomodo
776 3417 957 3456 coram
1000 3404 1131 3474 ipsis
1181 3405 1285 3460 mel
1338 3407 1733 3479 obsoniumque
1767 3426 1950 3466 come-

370 3490 533 3556 derit,
553 3490 870 3558 explicatius
895 3504 1145 3561 enarrat;
1175 3496 1263 3552 hic
1287 3512 1414 3554 vero
1437 3497 1606 3554 multa
1629 3501 1948 3570 praecidens,

373 3579 440 3633 de
511 3580 769 3637 missione
834 3583 1201 3652 apostolorum
1269 3584 1338 3639 ad
1431 3588 1831 3655 praedicandum
1897 3602 1952 3646 et

371 3670 578 3725 Christi
618 3672 669 3725 in
703 3673 896 3728 coelum
935 3677 1244 3733 reversione
1283 3678 1444 3734 verba
1488 3680 1636 3736 facit.
1666 3680 1818 3747 Quod
1851 3698 1949 3736 au-

373 3769 484 3824 tem
521 3765 587 3817 de
629 3763 911 3832 discipulis
951 3767 1080 3823 dicit
1109 3769 1254 3837 quod
1294 3757 1947 3842 recubuerint,‘apertam

368 3853 613 3908 continet
648 3856 1153 3924 reprehensionem.
1191 3860 1434 3930 chnitie
1459 3861 1864 3929 detinebantur,
1897 3875 1951 3920 et

369 3945 529 4012 quasi
585 3945 964 4014 desperatione
1021 3950 1416 4017 conciderant,
1472 3967 1593 4006 cum
1649 3953 1948 4022 praesertim

371 4035 630 4096 mulieres
667 4047 941 4107 unguenta
998 4036 1234 4094 ferentes
1288 4056 1387 4110 per
1424 4049 1591 4097 totam
1633 4053 1844 4106 noctein
1888 4045 1951 4099 li-

368 4122 564 4179 benter
623 4125 676 4180 in
736 4128 982 4198 sepulcro
1046 4140 1414 4188 versarentur.
1468 4131 1538 4187 Et
1597 4132 1736 4189 dixit
1794 4136 1874 4191 eis
1932 4153 1947 4193 :

374 4231 394 4265 ι
439 4213 642 4271 Euntes
688 4217 740 4270 in
778 4219 1038 4273 mundum
1086 4222 1400 4277 universum
1449 4225 1738 4294 praedicate
1770 4225 1951 4280 Evan-

364 4307 568 4418 gelium
598 4309 748 4364 omni
785 4321 1048 4369 creaturae
1068 4313 1134 4369 ⁵⁵.
1177 4334 1197 4367 ι
1230 4314 1348 4374 Non
1383 4318 1674 4373 committit
1710 4320 1814 4374 illis
1847 4320 1948 4377 hoc

367 4401 491 4468 loco
545 4401 787 4468 muneris
834 4404 1115 4472 apostolici
1165 4415 1401 4476 partem,
1449 4424 1626 4479 neque
1667 4421 1854 4480 gentes
1914 4428 1943 4466 a

369 4489 739 4547 Samaritanis
788 4508 855 4549 ac
911 4495 1038 4551 ﬁliis
1079 4496 1247 4558 Israel
1302 4499 1584 4568 discernit,
1641 4511 1702 4566 ut
1739 4504 1948 4563 dixerat

366 4577 519 4662 prius
557 4598 570 4635 :
611 4598 628 4632 ι
672 4579 728 4634 In
755 4582 896 4636 viam
925 4585 1163 4656 gentium
1196 4602 1265 4642 ne
1293 4589 1569 4656 abieritis;
1600 4600 1655 4645 et
1686 4592 1736 4645 in
1761 4593 1949 4647 civita-

375 4676 480 4736 tem
521 4668 988 4744 Samaritanorum
1036 4689 1103 4728 ne
1141 4676 1476 4738 intraveritis
1504 4680 1583 4744 ⁵⁸,
1622 4700 1640 4734 ι
1689 4682 1782 4738 sed
1813 4697 1950 4752 quo-

369 4760 516 4814 niam
571 4763 758 4825 mundi
815 4755 990 4826 victor
1027 4757 1340 4836 exstiterat,
1372 4780 1430 4843 et
1474 4771 1742 4841 universae
1791 4783 1948 4834 terra:

365 4855 769 4919 possessionem
803 4867 1120 4929 acceperat,
1155 4861 1309 4929 juxta
1351 4861 1480 4916 illud
1514 4863 1566 4916 in
1607 4862 1822 4919 Psalmo
1851 4865 1948 4918 de-

370 4953 650 5001 cantatum
688 4963 752 5003 ex
793 4963 1024 5019 persona
1065 4951 1256 5014 Patris
1290 4971 1304 5007 :
1355 4973 1375 5006 ‹
1432 4953 1580 5010 Dabo
1617 4954 1709 5009 tibi
1762 4965 1949 5026 gentes

363 5034 747 5105 haereditate";
779 5049 950 5105 tuam,
981 5051 1035 5104 et
1064 5042 1468 5112 possessionem
1504 5053 1650 5098 tuam
1688 5047 1950 5102 terminos

366 5133 530 5186 terrae
563 5128 631 5194 ιβ,
671 5147 690 5180 ι
739 5130 793 5184 in
824 5132 1012 5208 orbem
1053 5134 1366 5190 universum
1409 5134 1667 5205 deinceps
1711 5137 1950 5206 Evange-

366 5217 498 5295 lium
549 5220 796 5289 proferre
843 5227 1087 5281 mandat.
1130 5225 1209 5294 Ac
1255 5239 1322 5300 ne
1351 5241 1536 5302 eorum
1588 5228 1681 5299 qui
1724 5215 1949 5292 docendi

368 5319 545 5376 erant,
571 5312 1008 5383 incredulitatem
1034 5317 1454 5388 praetenderent,
1481 5317 1710 5390 salutem
1732 5332 1797 5384 ex
1823 5319 1948 5390 tide,

367 5412 420 5454 et
449 5403 862 5464 damnationem
901 5421 968 5471 ex
1004 5407 1325 5473 inﬁdelitate
1353 5419 1772 5470 consecuturam
1809 5399 1950 5478 prae?

364 5496 602 5562 nuntiat.
673 5514 693 5548 ι
744 5499 847 5562 Qui
911 5499 1204 5572 crediderit
1273 5509 1329 5556 et
1395 5502 1699 5572 baptizatus
1759 5501 1950 5578 fuerit,

363 5587 552 5658 salvus
581 5589 716 5660 erit;
745 5591 838 5664 qui
867 5606 998 5662 vero
1030 5605 1136 5664 non
1167 5591 1462 5664 crediderit
1500 5607 1600 5666 nec
1639 5591 1950 5668 baptizatus

439 5707 506 5831 "8
525 5703 663 5763 Luc.
704 5723 856 5778 xxrv,
896 5709 988 5766 51.
1098 5711 1144 5744 ⁸³
1184 5709 1319 5780 Ibid.
1351 5711 1440 5767 i5.

374 5795 442 5845 ιι,
475 5795 525 5833 δ.

1549 5711 1597 5746 ⁸³
1633 5711 1766 5770 Luc.
1811 5725 1926 5775 xw,
1969 5708 2058 5766 '56.

2053 3235 2146 3289 ρον
2169 3219 2496 3288 ἀφηγήσατο
2525 3217 2623 3286 τὴν
2653 3216 2764 3269 τῶν
2798 3218 3118 3288 ἀποστόλων
3151 3220 3365 3283 πτοίαν,
3391 3221 3488 3291 τὴν
3519 3222 3639 3275 ἐπί-

2049 3308 2214 3372 δειξιν
2233 3309 2342 3361 τῶν
2366 3311 2422 3362 ἐν
2444 3310 2599 3380 χερσὶ
2624 3309 2720 3361 καὶ
2745 3309 2900 3361 ποσὶν
2934 3307 3196 3371 ὠτειλῶν,
3222 3311 3370 3374 ὅπως
3404 3312 3636 3367 ἐνώπιον

2050 3399 2230 3452 αὐτῶν
2261 3399 2613 3470 κατεδηδόκει
2669 3399 2728 3452 τὸ
2779 3399 2902 3470 μέλι
2962 3401 3057 3453 καὶ
3086 3401 3146 3454 τὸ
3178 3401 3426 3472 ὀψάριον.
3464 3395 3633 3468 Οὗτος

2049 3490 2107 3548 δὲ
2162 3491 2230 3546 τὰ
2283 3473 2455 3565 πολλὰ
2487 3493 2800 3560 συντεμὼν,
2838 3491 2938 3564 τὴν
2973 3494 3051 3555 εἰς
3085 3494 3145 3558 τὸ
3199 3495 3462 3565 κήρυγμα
3490 3497 3636 3564 λέγει

2051 3583 2379 3654 ἀποστολὴν,
2439 3585 2533 3636 καὶ
2586 3583 2684 3638 τὴν
2712 3584 3091 3650 είςούρανοὺς
3144 3587 3526 3654 ἁναφοίτησιν.
3563 3588 3637 3640 Τὸ

2058 3677 2244 3745 μέντοι
2286 3675 2415 3746 περὶ
2472 3675 2580 3736 τῶν
2635 3676 2898 3745 μαθητῶν
2931 3679 3129 3740 εἰπεῖν,
3178 3677 3254 3739 ὡς
3289 3679 3629 3743 κατέκειντο,

2057 3766 2398 3836 κατηγορίαν
2462 3767 2719 3834 ἐμφαίνει
2757 3768 2904 3836 σαφῆ
2928 3782 2940 3796 ⁸
2990 3762 3129 3837 ἦσαν
3160 3769 3268 3838 γὰρ
3292 3769 3494 3841 νωθείᾳ
3528 3772 3638 3824 ἐνι-

2053 3858 2333 3926 σχυμένοι.
2369 3855 2460 3910 καὶ
2491 3851 2602 3909 οἷον
2634 3859 3102 3922 ἀναπεπτωκότες
3153 3860 3213 3924 ἐξ
3248 3860 3637 3928 ἀπογνώσεως,

2052 3947 2148 3999 καὶ
2180 3945 2352 3999 ταῦτα
2381 3947 2489 3998 τῶν
2528 3947 3026 4017 ἀλαϐαστροφόρων
3077 3951 3359 4017 γυναικῶν
3409 3951 3477 4004 δι’
3508 3952 3638 4022 ὅλης

2051 4037 2246 4099 νυκτὸς
2275 4037 2772 4107 ἐμφιλοχωρουσῶν
2808 4041 2864 4090 ἐν
2895 4039 2973 4108 τῷ
3011 4042 3281 4110 μνήματι.
3338 4042 3448 4093 Καὶ
3480 4038 3636 4094 εἶπεν

2051 4131 2236 4192 αὐτοῖς
2259 4145 2273 4158 ·
2310 4149 2327 4182 t
2369 4131 2740 4200 Πορευθέντες
2768 4131 2848 4194 εἰς
2888 4133 2979 4185 τὶν
3023 4134 3226 4200 κόσμον
3269 4132 3506 4199 ἅπαντα,
3539 4153 3639 4203 κη-

2054 4222 2250 4294 ρύξατε
2279 4223 2339 4275 τὸ
2371 4221 2703 4289 Εὐαγγέλιον
2728 4223 2878 4294 πάσῃ
2915 4226 2980 4293 τῇ
3012 4225 3222 4282 uiset."
3264 4245 3282 4278 ι
3322 4227 3422 4278 οὐκ
3457 4229 3637 4296 ἐγχει-

2056 4313 2194 4386 ρίζει
2227 4314 2441 4376 τούτοις
2499 4312 2808 4382 ἀποστολὴν
2869 4315 3130 4385 μερικὴν,
3171 4315 3294 4367 οὐδὲ
3329 4317 3634 4371 διαστέλλει

2049 4406 2176 4468 τοὺς
2214 4405 2462 4469 ἐθνικοὺς
2506 4407 2600 4459 καὶ
2639 4406 2990 4477 Σαμαρείτας
3026 4407 3132 4460 ἀπὸ
3163 4408 3271 4459 τῶν
3301 4410 3358 4473 ἐξ
3394 4409 3631 4481 Ἰσραήλ,

2049 4498 2123 4559 ὡς
2159 4496 2424 4565 πρότερον
2449 4495 2637 4562 ἔλεγεν
2657 4513 2669 4525 ·
2708 4516 2725 4547 ι
2761 4497 2852 4558 Et;
2883 4497 3004 4548 ὁδδν
3030 4495 3202 4550 ἐθνῶν
3235 4497 3309 4568 μὴ
3337 4501 3630 4568 ἀπέλθητε,

2049 4587 2145 4658 καὶ
2199 4590 2278 4650 εἰς
2327 4585 2479 4640 πόλιν
2531 4587 2888 4658 Σαμαρειτῶν
2947 4589 3021 4666 μὴ
3079 4588 3383 4660 εἰσέλθητε,
3441 4609 3458 4642 ι
3514 4591 3632 4645 ἀλλ’

2047 4679 2233 4750 ἐπειδὴ
2265 4678 2489 4748 νικητὴς
2516 4676 2674 4748 ὤρθη
2713 4677 2806 4730 τοῦ
2841 4680 3076 4756 κόσμον,
3108 4679 3203 4736 καὶ
3229 4681 3326 4755 τὴν
3351 4683 3628 4753 κατάσχε-

2047 4790 2132 4825 σιν
2167 4772 2381 4841 εἰλήςρει
2435 4773 2616 4842 πάσης
2648 4773 2750 4840 τῆς
2783 4773 2908 4840 γῆς,
2947 4773 3087 4826 κατὰ
3120 4775 3180 4826 τὸ
3211 4776 3550 4844 ὑμνούμενον
3573 4781 3632 4832 ἐν

2047 4862 2321 4931 Ψαλμοῖς,
2353 4861 2428 4927 ὡς
2465 4866 2527 4916 ἐκ
2557 4863 2652 4914 τοῦ
2682 4852 2897 4933 Πατρός
2923 4880 2936 4892 ο
2980 4883 2997 4914 ‹
3050 4865 3215 4917 Δώσω
3250 4883 3331 4918 σοι
3358 4867 3482 4942 ἔθνη
3534 4869 3632 4938 τὴν

2048 4951 2420 5022 κληρονομίαν
2452 4971 2570 5028 σου,
2599 4956 2692 5008 καὶ
2715 4954 2814 5022 τὴν
2843 4954 3176 5026 κατάσχεσίν
3199 4974 3292 5008 σου
3318 4957 3386 5012 τὰ
3417 4959 3633 5029 πέρατα

2048 5040 2152 5109 τῆς
2199 5043 2328 5112 γῆς·
2370 5061 2389 5095 ι
2449 5043 2597 5112 πάσῃ
2645 5047 2712 5113 τῇ
2741 5045 3038 5116 οἰκουμένῃ
3091 5047 3277 5100 λοιπὸν
3330 5051 3631 5119 προτρέπει

2051 5131 2534 5201 εὐαγγελίσασθαι.
2567 5135 2676 5186 Καὶ
2704 5135 2778 5198 ὠς
2807 5134 2874 5187 ἂν
2906 5135 2980 5205 μὴ
3008 5138 3402 5208 προϐάλλοιντο
3431 5142 3490 5194 τὸ
3522 5142 3632 5194 τῶν

2055 5224 2457 5294 διδασκομένων
2506 5227 2759 5296 ἀνήκοον,
2816 5231 3208 5300 προαναφωνεῖ
3263 5229 3361 5298 τὴν
3421 5234 3483 5286 ἐκ
3538 5233 3630 5285 τοῦ

2058 5314 2352 5372 πιστεῦσαι
2385 5318 2683 5390 σωτηρίαν,
2716 5320 2808 5372 καὶ
2838 5317 2937 5388 τὴν
2978 5319 3042 5376 ἐκ
3080 5319 3180 5387 τῆς
3225 5321 3507 5386 ἀπειθείας
3533 5342 3634 5376 καί

2056 5409 2330 5479 τάκρισιν.
2360 5428 2379 5460 t
2425 5409 2481 5463 Ὀ
2513 5410 2811 5471 πιστεύσας
2855 5414 2948 5464 καὶ
3004 5413 3324 5480 βαπτισθεὶς
3389 5415 3633 5486 σωθήσε-

2055 5516 2181 5554 ται⁶
2212 5502 2240 5554 6
2296 5501 2352 5572 δὲ
2393 5503 2702 5572 ἀπιστήσας
2734 5500 2830 5566 καὶ
2867 5502 2941 5574 μὴ
2990 5502 3308 5574 βαπτισθεὶς
3363 5525 3632 5578 κατακρι‹

2058 5591 2308 5663 θήσεται.
2344 5611 2363 5645 ι
2400 5593 2477 5646 Οὐ
2517 5593 2682 5664 μέχρι
2718 5594 2810 5654 τοῦ
2845 5595 3136 5658 πιστεῦσαι
3168 5597 3257 5649 τὸν
3285 5596 3441 5665 λόγον
3470 5599 3634 5667 έστη-

3393 5711 3440 5743 ⁵⁶
3483 5711 3624 5766 Psal.

2162 5709 2210 5743 '”
2251 5707 2416 5764 Marc.
2460 5725 2568 5776 xw,
2612 5708 2699 5764 15.
2812 5709 2858 5741 ³⁸
2901 5707 3088 5764 Matth.
3136 5726 3186 5772 κ,
3236 5709 3286 5763 5.
