4042 6466
393 414 500 478 639

1595 409 2091 469 'I‘IIEOPHANIS
2130 409 2480 470 CEliAMEI

3546 417 3656 480 640

400 531 615 597 ιιιιιιιηι,
633 543 756 583 cum
777 541 986 589 omnem
1014 540 1235 595 pravam
1259 523 1639 594 cogitationem
1665 540 1692 577 a
1721 525 1976 580 cordibus

2083 543 2248 594 ματα.
2279 527 2503 597 Αἷρουσι
2531 529 2587 581 δὲ
2605 530 2698 582 καὶ
2726 528 2903 596 ὄφεις,
2940 531 3116 584 πάντα
3139 532 3397 602 λογισμὸν
3421 536 3660 605 πονηρὸν

398 623 608 692 fugant.
637 621 704 675 Et
733 622 776 675 si
803 618 1142 674 mortiferum
1176 618 1303 686 quid
1332 617 1589 680 biberint,
1630 633 1732 670 non
1769 619 1847 672 eis
1885 634 1977 670 uo-

399 719 539 771 Cebit
565 732 580 782 ;
613 729 775 783 super
806 728 976 782 agros
1011 726 1203 765 manus
1229 711 1529 779 imponent,
1557 719 1612 763 et
1642 709 1808 779 229
1842 710 1978 764 bene

401 809 696 864 habebunt.
728 807 833 861 Per
877 821 1068 859 manus
1106 805 1362 858 virtutem
1405 804 1639 873 signavit
1683 819 1824 869 eam,
1860 819 1978 873 qua:

402 903 454 956 in
486 900 875 957 exercitatione
920 897 1208 962 consistit;
1254 911 1372 964 quae
1418 896 1632 957 quidem
1677 895 1852 948 media
1887 894 1980 947 do-

403 995 572 1048 ctrina
603 991 760 1058 :egris
792 991 990 1046 animis
1019 990 1234 1044 admota
1263 988 1624 1042 valetudinem
1659 988 1766 1043 illis
1798 986 1974 1042 aﬂ'crt.

401 1083 640 1137 Adverte
661 1083 824 1134 etiam
845 1080 1009 1149 quod,
1035 1079 1292 1148 quoniam
1317 1079 1431 1134 haec
1455 1077 1744 1148 dupliciter
1765 1083 1978 1145 oportet

403 1173 675 1243 accipere,
713 1182 766 1227 et
812 1172 988 1242 quoad
1035 1185 1098 1225 ca
1139 1187 1256 1240 qua:
1309 1181 1569 1240 apparent
1617 1171 1876 1232 exterius,
1925 1179 1975 1223 et

403 1266 581 1334 quoad
607 1280 670 1319 ea
701 1278 818 1332 qua:
849 1263 1022 1316 solum
1063 1262 1451 1330 intelliguntur,
1488 1262 1608 1316 ideo
1652 1261 1702 1314 in
1743 1261 1978 1329 quinque

401 1360 643 1411 membra
680 1357 1061 1410 miraculorum
1088 1355 1301 1410 effectio
1333 1355 1612 1423 dispertita
1637 1361 1721 1409 est
1752 1370 1767 1408 :
1807 1372 1826 1404 ι
1868 1354 1978 1407 Dte-

400 1449 582 1500 monia
627 1445 870 1517 ejicient,
920 1447 1117 1515 linguis
1161 1447 1451 1512 loquentur
1483 1445 1656 1507 novis,
1699 1454 1978 1512 serpentes

403 1539 614 1604 tollent,
668 1550 722 1594 et
773 1539 818 1594 si
874 1539 1212 1593 mortiferum
1260 1540 1387 1608 quid
1441 1539 1696 1603 biberint,
1747 1555 1852 1592 non
1899 1540 1978 1592 eis

401 1634 644 1698 nocebit,
693 1646 856 1701 super
904 1649 1076 1703 aegros
1129 1647 1319 1686 manus
1364 1632 1672 1702 imponent,
1733 1643 1787 1685 et
1843 1631 1979 1684 bene

402 1724 694 1790 habebunt,
731 1742 749 1776 ι
791 1724 992 1794 quippe
1017 1739 1139 1778 cum
1177 1733 1232 1779 et
1261 1723 1327 1778 ad
1369 1739 1587 1778 sensum
1628 1721 1978 1778 facultatibus

400 1818 641 1887 quinque
694 1817 1006 1884 pollentem,
1061 1828 1114 1872 et
1165 1819 1230 1870 ad
1283 1817 1524 1888 quinque
1561 1817 1746 1872 itidem
1808 1814 1975 1870 animi

402 1909 549 1963 vires
609 1909 960 1978 spiritualiter
1016 1908 1262 1977 operatio
1317 1923 1504 1964 eorum
1562 1910 1970 1964 accommodata

401 2000 492 2055 sit.

475 2109 495 2143 ι
544 2090 610 2144 Et
657 2092 915 2147 Dominus
965 2092 1181 2162 quidem
1233 2091 1393 2148 Jesus
1427 2103 1712 2163 postquam
1756 2094 1972 2150 locutus

402 2192 489 2237 est
521 2183 621 2250 eis,
651 2195 960 2252 assumptus
991 2195 1074 2238 est
1108 2186 1160 2238 in
1197 2185 1412 2246 coelum,
1458 2195 1512 2238 et
1539 2185 1680 2240 sedit
1706 2203 1733 2238 a
1765 2186 1975 2241 dextris

406 2275 528 2330 Dei.
570 2293 588 2327 ι
623 2275 720 2329 llic
762 2292 950 2330 rursus
979 2287 1031 2330 et
1060 2276 1236 2330 locum
1265 2277 1407 2332 unde
1444 2289 1758 2345 assumptus
1792 2291 1897 2342 est,
1922 2288 1976 2333 et

401 2365 620 2419 modum
669 2381 776 2434 quo
812 2367 863 2420 id
900 2367 1101 2421 factum
1137 2377 1237 2432 est,
1277 2369 1644 2437 praetermisit,
1684 2384 1806 2438 quae
1846 2385 1976 2422 sane

401 2457 615 2512 divinus
665 2457 840 2512 Lucas
881 2458 1194 2527 expressius
1237 2461 1600 2514 enarravit”.
1659 2461 1792 2515 Cum
1846 2476 1974 2515 vero

400 2547 554 2601 audis
577 2563 698 2600 ettm
723 2548 773 2600 in
800 2549 1021 2602 dextera
1054 2549 1144 2603 Dei
1172 2551 1505 2614 consedisse,
1531 2552 1713 2605 sedem
1739 2551 1973 2622 aliquam

401 2651 718 2705 corpoream
771 2653 837 2692 ne
880 2640 1189 2710 concipias,
1244 2649 1298 2694 et
1335 2645 1400 2696 ad
1460 2642 1820 2713 cogitationes
1870 2643 1977 2697 Deo

405 2729 598 2798 dignas
629 2731 871 2784 animum
905 2732 1070 2803 erige.
1127 2732 1336 2788 Dicitur
1364 2749 1496 2788 sane
1527 2736 1594 2789 de
1638 2735 1747 2789 Deo
1781 2743 1834 2789 et
1863 2748 1977 2789 sta-

408 2825 516 2879 tus,
551 2826 602 2870 et
635 2818 828 2872 sessio.
871 2819 1078 2873 Etenim
1120 2822 1378 2888 propheta
1411 2822 1498 2876 ille
1546 2824 1758 2891 pecoris
1795 2832 1978 2879 custos

401 2907 690 2962 Dominum
725 2909 776 2962 in
805 2911 1151 2966 adamantina
1199 2927 1354 2966 muro
1392 2922 1626 2967 stantem
1671 2915 1884 2980 vidit”,
1924 2926 1978 2968 et

403 2998 619 3051 divinus
664 2998 969 3067 Stephanus
1005 2998 1207 3066 Spiritu
1243 3010 1428 3056 sancto
1458 3002 1647 3070 plenus
1681 3004 1816 3057 vidit
1859 3005 1976 3073 glo-

399 3089 537 3144 riam
573 3090 689 3156 Dei,
719 3104 772 3144 et
822 3091 1013 3145 Filium
1047 3101 1280 3149 stantem
1339 3109 1368 3147 a
1416 3094 1622 3149 dextris
1643 3095 1707 3148 °°.
1766 3095 1978 3150 Marcus

2081 620 2191 673 ἀπὸ
2229 621 2337 673 τῶν
2369 622 2607 688 καρδιῶν
2641 623 3056 692 φυγαδεύοντες.
3103 625 3218 678 Κᾶν
3271 626 3570 696 θανάσιμόν
3605 645 3659 679 τι

2081 715 2298 779 πίωσιν,
2327 717 2388 766 οὐ
2426 713 2500 784 μὴ
2535 715 2732 778 αὐτοὺς
2769 715 2972 788 βλάψῃ·
3001 717 3095 769 ἐπὶ
3127 719 3440 789 ἀρρώστους
3470 723 3660 789 χεῖρας

2079 807 2422 878 ἐπιθήσουσι,
2452 809 2548 862 καὶ
2585 808 2766 872 καλῶς
2801 808 3002 872 ἕξουσι,
3047 811 3158 879 Τὴν
3184 811 3495 881 πρακτικὴν
3529 815 3658 880 ἁρε-

2077 900 2177 970 τὴν
2217 902 2459 970 ἐσήμαινε
2508 900 2601 954 διὰ
2647 901 2757 953 τῶν
2804 903 3027 973 χειρῶν,
3061 903 3182 972 ῆτις
3215 904 3529 956 ὲπιτεθεῖσα
3567 905 3656 958 διὰ

2077 992 2180 1059 τῆς
2212 991 2564 1056 διδασκαλίας
2613 994 2734 1056 ταῖς
2763 994 3177 1066 ἁρῤωστούσαις
3220 995 3442 1064 ψυχαῖς,
3477 1014 3657 1065 παρα-

2080 1084 2336 1160 σκευάζει
2357 1084 2562 1148 ταύτας
2595 1084 2744 1155 ἔχειν
2773 1086 2976 1149 καλῶς.
3021 1086 3225 1141 Σκόπει
3258 1085 3338 1146 δὲ,
3371 1087 3446 1148 ὡς
3469 1087 3655 1155 ἐπειδὴ

2076 1175 2279 1239 διπλῶς
2317 1176 2492 1230 ταῦτα
2525 1176 2968 1246 ὲκλαμὸάνεσθαι
3002 1180 3128 1246 χρὴ,
3175 1179 3318 1230 κατά
3339 1195 3396 1229 τε
3437 1177 3497 1228 τὸ
3527 1195 3656 1245 epat-

2077 1267 2304 1336 νόμενον
2359 1269 2452 1321 καὶ
2479 1271 2807 1339 νοούμενονξ,
2845 1269 2932 1323 διὰ
2955 1269 3115 1322 τοῦτο
3150 1271 3395 1338 πανταχῆ
3427 1267 3654 1340 διῄρησε

2076 1358 2175 1426 τὴν
2209 1359 2318 1412 τῶν
2377 1358 2674 1430 θαυμάτων
2724 1361 3009 1432 ἐνέργειαν
3038 1379 3053 1391 ·
3114 1382 3132 1414 ι
3174 1363 3441 1432 Δαιμόνια
3489 1360 3655 1413 ὲκὸα-

2075 1445 2254 1509 λοῦσι,
2300 1447 2576 1516 γλώσσαις
2624 1449 2919 1519 λαλήσουσι
2961 1455 3200 1512 καιναῖς,
3237 1452 3390 1520 ὄφεις
3434 1449 3651 1518 ἀροῦσι,

2079 1536 2181 1590 κᾶν
2220 1536 2520 1609 θανάσιμόν
2547 1557 2599 1594 τι
2631 1541 2850 1604 πίωσιν,
2873 1543 2932 1593 ού
2966 1543 3039 1612 μὴ
3070 1543 3270 1604 αὐτοὺς
3315 1541 3494 1611 βλάψῃ
3513 1555 3534 1574 ο
3561 1541 3656 1592 ἐπὶ

2077 1629 2394 1700 ἀρρώστους
2415 1635 2602 1702 χεῖρας
2628 1633 2974 1701 ἐπιθήσουσι,
3005 1637 3097 1687 καὶ
3139 1634 3319 1697 καλῶς
3352 1631 3588 1697 ἕξουσιν,
3629 1650 3648 1683 ι

2079 1722 2154 1784 ὡς
2196 1723 2607 1792 ἐνεργουμένων
2669 1724 2850 1777 αὐτῶν
2905 1725 3172 1779 καὶκατὰ
3199 1725 3296 1795 τὴν
3327 1723 3654 1793 πενταδικὴν

2082 1814 2362 1885 αἴσθησιν,
2403 1817 2498 1870 καὶ
2544 1816 2687 1871 κατὰ
2719 1817 2819 1880 τὰς
2847 1818 3010 1870 πέντε
3060 1817 3320 1888 δυνάμεις
3352 1818 3449 1887 τῆς
3478 1817 3658 1887 ψυχῆς

2081 1925 2307 1976 νοητως.

2153 2107 2174 2140 ι
2221 2090 2280 2143 ὐ
2313 2090 2410 2160 μὲν
2438 2087 2531 2140 οὖν
2566 2087 2773 2158 Κύριος
2809 2087 2946 2158 μετά
2976 2087 3036 2140 τὸ
3055 2087 3291 2158 λαλῆσαι
3322 2087 3506 2145 αὐτοῖς
3535 2087 3653 2138 ἀνε-

2079 2179 2260 2250 λήφθη
2320 2183 2398 2242 εἰς
2428 2179 2518 2232 τὸν
2578 2180 2832 2248 οὐρανὸν,
2863 2180 2958 2231 καὶ
2984 2179 3239 2232 ἐκάθισεν
3295 2180 3354 2230 ὲν
3381 2178 3530 2248 δεξιᾷ
3564 2177 3659 2230 τοῦ

2078 2269 2238 2323 Θεοῦ.
2271 2289 2290 2321 ι
2320 2269 2485 2322 Πάλιν
2511 2269 2748 2322 ἐνταῦθα
2774 2269 2865 2321 καὶ
2892 2269 2987 2322 τὸν
3009 2267 3174 2321 τόπον
3203 2268 3324 2322 ὅθεν
3355 2267 3658 2336 ἀνελήφθη,

2078 2361 2291 2414 καὶτὸν
2325 2360 2528 2431 τρόπον
2586 2361 2757 2423 ὅπως,
2815 2359 3133 2428 σεσίγηκεν,
3177 2358 3212 2412 ἂ
3268 2358 3333 2429 δὴ
3385 2359 3600 2420 Λουκᾶς
3631 2359 3660 2408 ὁ

2079 2449 2222 2512 θεῖος
2251 2449 2618 2520 ἀριδηλότατα
2647 2449 3039 2519 σεσαφήνικεν.
3081 2449 3324 2501 Ἀκούων
3347 2447 3403 2500 δὲ
3429 2448 3504 2511 ὡς
3527 2449 3660 2500 ἑκά-

2079 2540 2229 2594 θισεν
2290 2541 2350 2593 ὲν
2406 2540 2561 2611 δεξιᾷ
2595 2539 2690 2594 τοῦ
2743 2539 2900 2604 Θεοῦ,
2958 2540 3185 2610 ἐκστηθι
3216 2539 3312 2610 τὴν
3341 2540 3660 2608 σωματικὴν

2078 2634 2351 2703 καθέδραν
2393 2634 2663 2699 ὑπονοεῖν,
2699 2634 2793 2685 καὶ
2819 2631 2896 2702 τῷ
2944 2631 3193 2702 λογισμῷ
3229 2630 3496 2701 μετάϐηθι
3525 2629 3658 2699 πρὸς

2079 2728 2287 2791 ἑννοίας
2309 2728 2635 2800 θεοπρεπείς
2656 2743 2673 2759 ο
2700 2727 2918 2796 λέγεται
2947 2727 3047 2797 μὲν
3078 2727 3186 2798 γὰρ
3232 2726 3326 2780 καὶ
3353 2728 3539 2788 στάσις
3567 2725 3662 2778 καὶ

2080 2820 2316 2890 καθέδρα
2373 2821 2467 2872 ἐπὶ
2519 2819 2676 2873 Θεοῦ.
2719 2821 2781 2872 '0
2826 2819 3058 2889 μὲνγὰρ
3093 2819 3318 2882 αίπόλος
3373 2819 3661 2888 προφήτης

2079 2912 2290 2964 ἑστῶτα
2317 2913 2406 2965 τὸν
2442 2912 2575 2965 Θεὸν
2597 2907 2736 2964 εἶδεν
2762 2913 2854 2964 ἐπὶ
2885 2911 3097 2981 τείχους
3129 2911 3489 2982 ἀδαμαντίνου
3521 2924 3532 2938 ·
3567 2909 3662 2961 καὶ

2079 3001 2107 3052 6
2136 3000 2417 3062 θεσπέσιος
2443 3001 2734 3069 Στέφανος,
2761 3000 2968 3072 πλήρης
2991 3001 3130 3054 Πνεύ
3141 3019 3308 3070 ματος
3333 3001 3488 3070 ἁγίου
3508 3002 3663 3069 γενό-

2086 3109 2266 3161 μενος,
2297 3087 2404 3144 εἶδε
2437 3092 2594 3157 δόξαν
2622 3091 2780 3156 Θεοῦ,
2807 3093 3012 3147 καὶτὸν
3059 3093 3186 3146 Υίὸν
3227 3092 3438 3145 ἑστῶτα
3473 3094 3534 3145 ὲκ
3567 3093 3654 3145 δε-

403 3198 531 3236 vero
563 3183 950 3252 diviuiloquus,
998 3193 1050 3238 et
1097 3201 1326 3254 magnus
1363 3185 1579 3252 Paulus,
1621 3197 1675 3241 et
1720 3199 1846 3242 ante
1879 3190 1975 3243 hos

2086 3184 2214 3248 ξιῶν
2237 3183 2332 3238 τοῦ
2365 3184 2527 3239 Θεοῦ.
2577 3186 2633 3238 Ὁ
2665 3185 2930 3258 θεηγόρος
2962 3185 3017 3238 δὲ
3041 3185 3290 3256 Μάρκος,
3325 3185 3418 3236 καὶ
3439 3187 3466 3236 6
3488 3184 3660 3252 μέγας

401 3277 664 3346 prOpheta
689 3275 855 3329 David
886 3275 1091 3330 sedisse
1115 3275 1389 3332 Christum
1422 3278 1498 3331 ait
1529 3278 1579 3332 in
1606 3279 1828 3334 dextera
1859 3280 1975 3336 Dei.

402 3369 537 3424 Nam
572 3371 735 3424 David
769 3371 924 3434 dixit,
984 3388 1000 3421 ι
1063 3369 1208 3422 Dixit
1256 3369 1515 3425 Dominus
1576 3371 1803 3427 Domino
1837 3390 1977 3441 meo,

405 3462 548 3518 Sede
579 3477 608 3516 a
654 3462 866 3517 dextris
905 3464 1039 3518 meis
1060 3465 1137 3529 ";
1176 3470 1259 3517 iet
1303 3462 1501 3519 Paulus
1555 3481 1570 3520 :
1627 3483 1646 3516 ι
1706 3465 1868 3521 Sedet
1913 3467 1978 3522 ad

402 3556 681 3610 dexteram
709 3555 1007 3622 Majestatis
1055 3556 1104 3609 in
1137 3556 1368 3611 excelsis
1386 3558 1429 3588 ⁶²
1462 3576 1475 3611 :
1511 3577 1530 3609 ι
1566 3568 1620 3612 ει
1655 3558 1755 3614 hoc
1787 3560 1976 3616 itidem

403 3648 530 3704 loco
559 3649 886 3720 evangelista
919 3665 1042 3704 cum
1078 3651 1161 3704 his
1205 3651 1468 3706 concinit.
1508 3651 1579 3706 At
1609 3668 1711 3706 non
1745 3652 1820 3706 uti
1854 3669 1976 3708 cor-

403 3741 590 3810 poreis
621 3741 674 3795 in
717 3743 897 3806 rebus,
951 3743 1030 3797 sic
1067 3751 1121 3796 et
1174 3742 1242 3798 de
1297 3743 1596 3798 excellente
1655 3744 1743 3797 illa
1782 3752 1976 3799 natura

403 3841 606 3887 statum
641 3841 695 3888 et
734 3836 1032 3888 sessionem
1079 3835 1319 3904 cogitare
1355 3834 1436 3890 fas
1472 3845 1554 3891 est
1589 3853 1604 3892 :
1638 3853 1811 3907 neque
1837 3840 1979 3893 enim

407 3925 492 3978 vel
519 3941 640 3979 eum
669 3934 895 3990 statmn,
925 3925 1014 3994 qui
1042 3935 1225 3980 erecto
1247 3927 1470 3995 poplite,
1511 3943 1686 3998 neque
1716 3944 1836 3984 eam
1869 3944 1982 3985 ses-

404 4019 636 4084 sionem,
671 4033 791 4086 quae
823 4017 1014 4086 positis
1057 4019 1117 4072 lit
1150 4020 1562 4089 coxendicibus,
1607 4021 1754 4090 pium
1785 4031 1868 4076 est
1899 4038 1984 4076 re-

407 4118 620 4178 putare.
657 4107 762 4161 Sed
804 4123 900 4177 per
931 4117 1132 4164 statum
1169 4110 1384 4178 quidem
1409 4110 1510 4182 (2),
1543 4111 1898 4168 Stabilitatem
1928 4115 1980 4168 in

406 4200 553 4253 omni
594 4201 752 4264 bono,
784 4215 880 4269 per
912 4199 1214 4256 sessionem
1246 4216 1374 4254 vero
1404 4202 1644 4256 divinum
1677 4219 1876 4258 numen
1929 4207 1983 4258 in

408 4291 556 4344 omni
594 4290 780 4345 itidem
808 4292 950 4345 bono
979 4290 1333 4348 immobiliter
1364 4293 1711 4355 collocatum.
1737 4303 1791 4350 et
1815 4295 1986 4351 stabi-

409 4385 514 4438 lem
550 4385 603 4438 in
635 4399 699 4439 eo
728 4383 1041 4438 firmitatem
1067 4384 1318 4440 obtinere
1347 4387 1674 4442 sentiamus.

2085 3275 2318 3341 Παῦλος,
2355 3276 2448 3328 καὶ
2469 3275 2577 3344 πρό
2601 3291 2664 3342 γε
2689 3277 2896 3330 τούτων
2927 3279 2954 3329 6
2982 3277 3268 3347 προφήτης
3303 3275 3470 3329 Δαῦὶδ
3497 3291 3662 3335 κεκα-

2084 3368 2282 3440 θῆσθαί
2308 3385 2439 3437 φασι
2458 3369 2550 3423 τὸν
2574 3369 2808 3438 Χριστὸν
2831 3371 2889 3424 ὲν
2902 3371 3053 3441 δεξιᾷ
3074 3370 3166 3424 τοῦ
3183 3369 3342 3424 Θεοῦ.
3373 3371 3438 3423 Ὅ
3462 3385 3521 3422 τε
3553 3369 3660 3438 γὰρ

2083 3463 2247 3517 Δαϐίδ
2309 3479 2510 3532 φησιν·
2582 3482 2600 3515 ι
2635 3459 2804 3516 Εἶπεν
2858 3466 2886 3518 6
2935 3463 3138 3530 Κύριος
3170 3463 3249 3534 τῷ
3295 3463 3487 3532 Κυρίῳ
3517 3475 3655 3531 μου·

2085 3555 2272 3610 Κάθου
2301 3556 2368 3608 ὲκ
2391 3555 2582 3619 δεξιῶν
2614 3573 2713 3626 μου
2737 3571 2749 3586 ·
2780 3574 2798 3607 ι
2831 3555 2926 3608 καὶ
2951 3557 2978 3608 ὁ
3006 3553 3330 3615 Ἀπόστολος
3353 3568 3364 3580 ·
3401 3571 3419 3603 ι
3445 3549 3661 3603 Ἐκάθι-

2085 3665 2178 3701 σεν
2209 3649 2267 3700 ἐν
2297 3645 2449 3718 δεξιᾷ
2481 3647 2573 3700 τοῦ
2610 3647 2801 3717 θρόνου
2825 3647 2922 3716 τῆς
2951 3644 3327 3714 μεγαλοσύνης
3352 3642 3444 3696 τοῦ
3466 3639 3653 3693 Θεοῦ-ι

2086 3741 2368 3796 κάνταῦθα
2403 3741 2431 3793 ό
2483 3739 2878 3808 εὐαγγελιστὴς
2915 3736 3126 3807 συνῳδὰ
3166 3735 3379 3796 τούτοις
3421 3735 3659 3802 φθέγγε-

2082 3851 2194 3888 ται.
2245 3831 2384 3885 Ἀλλ’
2413 3832 2513 3902 οὐχ
2545 3831 2736 3901 ὥσπερ
2783 3832 2876 3882 ἐπὶ
2911 3830 3019 3882 τῶν
3049 3829 3339 3898 σωμάτιον,
3386 3827 3530 3881 οὕτω
3561 3825 3658 3879 καὶ

2085 3925 2177 3978 ἐπὶ
2209 3923 2308 3994 τῆς
2363 3919 2740 3991 ὑπερεχούσης
2781 3919 2998 3988 φύσεως
3058 3919 3158 3989 τὴν
3189 3919 3380 3972 στάσιν
3435 3918 3529 3972 καὶ
3561 3917 3662 3987 τὴν

2086 4017 2358 4087 καθέδραν
2392 4013 2591 4081 εὐαγὲς
2623 4011 2709 4080 εἴη
2738 4011 3053 4080 λογίζεσθαι
3075 4028 3088 4043 ο
3135 4010 3258 4064 οὗτε
3286 4011 3396 4080 γὰρ
3417 4011 3516 4079 τὴν
3573 4010 3662 4062 ἐπ’

2087 4110 2331 4180 ἀγκύλης
2371 4110 2586 4174 στάσιν,
2621 4107 2745 4161 οὔτε
2777 4107 2874 4178 τὴν
2915 4108 3002 4160 ἐπ’
3037 4109 3222 4176 ίσχίων
3258 4107 3527 4176 καθέδραν
3553 4121 3663 4158 πα-

2093 4202 2450 4274 ραληψόμεθα
2472 4217 2488 4233 ο
2517 4199 2653 4254 ἀλλά
2685 4199 2772 4253 διὰ
2798 4199 2896 4270 μὲν
2928 4200 3028 4268 τῆς
3059 4202 3302 4262 στάσεως
3330 4198 3390 4250 τὸ
3416 4199 3473 4250 ὲν
3501 4197 3667 4249 παντί⁹

2087 4296 2277 4366 ἀγαθῷ
2317 4295 2602 4364 στάσιμον,
2663 4292 2753 4345 διὰ
2805 4293 2863 4346 δὲ
2890 4293 2988 4358 τῆς
3040 4292 3328 4362 καθέδρας,
3361 4290 3420 4342 τὸ
3459 4291 3667 4359 ἀμετα-

2092 4388 2320 4450 πτώτως
2376 4383 2806 4456 ὲγκαθιδρὺσθαι
2845 4384 2989 4436 θεῖον
3032 4385 3088 4435 ἐν
3119 4382 3283 4434 παντὶ
3322 4379 3534 4448 ἀγαθῷ,
3570 4378 3665 4432 καὶ

2093 4478 2374 4547 σταθηρὰν
2403 4477 2545 4547 ἔχειν
2565 4476 2664 4546 τὴν
2695 4478 2751 4529 ὲν
2781 4474 2858 4544 τῷ
2890 4473 3042 4544 καλῷ
3089 4472 3450 4543 μονιμότητα.

489 4581 509 4617 ι
556 4561 632 4618 llli
667 4575 848 4619 autem
884 4562 1116 4635 profecti
1141 4563 1574 4634 praedicaverunt
1608 4566 1826 4637 ubique,
1875 4567 1980 4622 Do-

2169 4589 2188 4623 ι
2215 4572 2277 4623 Οἱ
2297 4569 2352 4622 δὲ
2376 4567 2685 4633 ἐξελθόντες
2704 4564 2980 4637 ἐκήρυξαν
3009 4563 3308 4634 πανταχοῦ,
3339 4561 3432 4616 τοῦ
3459 4559 3667 4632 Κυρίου

413 4659 563 4714 mino
615 4667 960 4726 cooperante,
1019 4667 1075 4713 et
1129 4673 1436 4714 sermonem
1487 4659 1842 4715 conﬁrmaute
1895 4677 1980 4716 se-

2095 4660 2506 4730 συνεργοῦντος,
2556 4659 2652 4713 καὶ
2707 4659 2798 4710 τὸν
2851 4657 3010 4725 λόγον
3075 4653 3419 4726 βεϐαιοῦντος
3449 4653 3538 4706 διά
3562 4651 3672 4704 τῶν

413 4747 706 4816 quentibus
760 4746 953 4818 signis.
1015 4764 1034 4798 ι
1095 4746 1416 4816 Quanquam
1471 4762 1580 4801 non
1637 4747 1821 4801 statim
1866 4758 1980 4817 post

2092 4750 2606 4806 ἐπακολουθούντων
2639 4748 2932 4820 σημείων.)
2973 4747 3034 4799 Et
3067 4746 3166 4817 μὲν
3200 4746 3298 4798 οὐκ
3335 4743 3494 4805 εὐθὺς
3531 4739 3672 4810 μετά

412 4841 792 4895 ascensionem
855 4841 921 4893 ad
973 4839 1395 4908 przedicandum
1435 4839 1685 4908 discipuli
1761 4839 1980 4907 profecti

2088 4846 2187 4916 τὴν
2215 4843 2484 4914 ἀνάληψιν
2519 4843 2746 4912 ἐξῆλθον
2776 4843 2824 4894 oi
2860 4840 3102 4911 μαθηταὶ
3128 4839 3262 4908 πρὸς
3283 4836 3344 4889 τὺ
3375 4837 3667 4906 κήρυγμα,

415 4942 567 5001 sunt,
591 4933 685 4986 sed
709 4941 995 5000 postquam
1027 4945 1123 5000 per
1149 4930 1338 5002 igneas
1367 4930 1578 5002 linguas
1607 4929 1841 4998 Spiritus
1868 4945 1980 5000 gra-

2091 4938 2228 4992 ἀλλὰ
2261 4936 2403 5008 μετά
2429 4937 2491 4989 τὸ
2520 4934 2774 4999 δέξασθαι
2808 4933 2909 5004 τὴν
2938 4931 3030 4986 διὰ
3069 4930 3177 4983 τῶν
3215 4927 3457 5000 πυρίνων
3488 4925 3670 4993 γλωσ-

419 5025 548 5078 tiam
581 5025 943 5094 accepissent,
973 5039 1096 5079 cum
1130 5023 1305 5079 induti
1348 5026 1546 5080 virtute
1577 5024 1740 5094 230
1762 5039 1828 5080 ex
1858 5025 1980 5088 alto.

2092 5031 2200 5084 σῶν
2228 5030 2391 5102 χάριν
2414 5027 2510 5082 τοῦ
2559 5027 2906 5098 Πνεύματος,
2957 5025 3047 5078 ὅτε
3083 5022 3184 5094 τὴν
3217 5023 3275 5088 ἐξ
3314 5021 3482 5091 ὕψους
3515 5033 3675 5086 περιο

417 5115 557 5171 alius
615 5118 720 5171 alio
769 5117 1011 5187 gentium
1061 5129 1158 5186 per
1218 5130 1432 5171 omnem
1497 5124 1698 5171 terram
1735 5118 1980 5187 dispersi

2089 5119 2398 5189 ζωσάμενοι
2448 5115 2701 5186 δύναμιν,
2742 5112 2903 5176 ἄλλος
2967 5109 3182 5180 ἀλλαχῆ
3241 5107 3350 5162 τῶν
3400 5103 3539 5160 κατὰ
3572 5103 3675 5170 τὴν

486 5254 534 5290 ⁸³
552 5255 668 5311 Act.
705 5271 744 5321 I,
778 5253 865 5308 Η.
939 5254 984 5287 ⁸⁸
1008 5255 1177 5309 Amos
1225 5267 1325 5318 vn,
1353 5253 1408 5308 7.
1539 5252 1585 5286 ⁶⁰
1608 5256 1731 5307 Act.
1758 5267 1876 5318 vm,
1903 5252 1973 5307 55

2108 5254 2152 5286 ⁸⁸
2177 5252 2321 5308 Psal.
2363 5267 2476 5317 clx,
2519 5251 2568 5304 l.
2647 5246 2880 5302 "Hebr.
2912 5261 2950 5312 I,
2975 5247 3030 5301 5.

1643 5389 1969 5452 Francisci
2005 5390 2216 5454 Seorsi
2251 5398 2439 5451 notas.

2102 5509 2316 5564 Noster.
2352 5507 2484 5561 Nam
2519 5507 2634 5560 sive
2664 5504 2752 5574 qui
2789 5514 2959 5570 stare,
2989 5505 3102 5561 sive
3129 5503 3220 5574 qui
3253 5503 3441 5559 sedere
3474 5514 3676 5559 numen

2102 5581 2346 5633 divinum
2389 5576 2592 5639 dicunt,
2627 5576 2759 5628 nihil
2797 5578 2938 5645 quod
2982 5576 3046 5630 ad
3091 5575 3410 5645 sententiam
3458 5575 3679 5645 attinet,

2101 5649 2420 5703 diversitate
2449 5649 2738 5700 verborum
2771 5643 2914 5699 inter
2941 5661 3000 5701 se
3028 5645 3303 5698 diﬂ‘erunt.
3336 5643 3416 5696 Illi
3451 5643 3676 5710 quidem

2101 5718 2330 5772 ﬁrmiter
2365 5728 2542 5780 stare,
2576 5718 2626 5768 hi
2663 5730 2790 5768 vero
2827 5715 3174 5769 immobiliter
3201 5713 3584 5776 constitutum,
3616 5723 3673 5768 et

2103 5791 2156 5841 in
2189 5790 2330 5842 bono
2361 5786 2637 5840 {ululatum
2669 5801 2813 5851 esse,
2845 5795 3008 5852 atque
3043 5786 3178 5837 adeo
3211 5784 3328 5853 ejus
3365 5783 3680 5836 immutabi-

2101 5859 2303 5912 litatcm
2339 5871 2432 5927 per
2457 5871 2550 5913 eas
2582 5855 2878 5913 locutiones
2903 5854 3233 5924 signiﬁcant.

423 5517 655 5583 hymnos
711 5513 852 5583 apud
909 5512 966 5568 S.
1009 5511 1410 5583 Damascenum
1463 5508 1650 5583 Graece
1702 5516 1758 5583 et
1812 5508 2003 5583 Latine

424 5576 719 5656 impressas
749 5576 809 5639 in
847 5585 977 5638 edit.
1009 5580 1150 5634 Billii
1183 5595 1412 5650 quorum
1452 5581 1543 5634 alii
1577 5579 1873 5648 τριαδικοί,
1911 5579 2001 5634 alii

424 5656 728 5797 Ϋῖἷῗκξὲα
764 5740 856 5792 per
893 5719 1368 5797 statum_quidem.
1402 5719 1648 5797 Disputat
1669 5720 1752 5797 ge
1797 5721 1901 5797 hac
1947 5733 2004 5774 re

431 5786 712 5863 Ny‘ss'euus
761 5786 925 5861 etiam
983 5786 1193 5863 longius
1249 5801 1392 5863 orat.
1445 5786 1616 5863 in'_S.
1667 5786 2000 5859 Stephanum

435 5861 748 5918 crotomart.
804 5881 817 5918 :
873 5879 938 5919 ex
987 5879 1092 5934 quo
1143 5862 1256 5917 haec
1288 5862 1475 5917 eadem
1524 5861 1636 5915 fere
1694 5870 1843 5927 sunt,
1886 5873 2004 5928 Quae
