4042 6402
305 400 416 469 641

1663 396 1995 455 ΙΙΟΜΙΙ.ΙΑ
2034 396 2254 459 XXXI.

3472 405 3580 469 642

309 512 649 585 οἰκουμένην
680 511 853 565 ἐθνῶν
880 508 1276 580 διεσπάρησαν,
1303 507 1642 578 πανταχόθεν
1663 506 1756 560 τὸν
1777 505 1888 558 διά-

1998 507 2239 575 undiqne
2293 505 2562 562 diabolum
2605 509 2653 563 vi
2691 511 2951 565 doctrina!
3006 526 3379 581 removerunt,
3428 528 3481 571 et
3510 535 3578 573 ex

307 608 474 662 δολον
511 607 597 662 διὰ
630 607 727 674 τῆς
767 603 1117 665 διδασκαλίας
1159 602 1535 673 ἀπείργοντες,
1579 600 1671 653 καὶ
1707 598 1889 667 πάσης

305 701 484 754 αὐτὸν
540 700 639 769 τῆς
696 697 1029 765 οἰκουμένης
1065 693 1507 765 ὑπερορίςοντες,
1539 692 1672 761 ἡμῖν
1710 690 1766 742 δὲ
1791 691 1889 758 τὴν

301 793 425 846 τῶν
445 792 692 862 οὐρανῶν
716 789 994 860 βασιλείαν
1016 784 1530 857 παρασκευάζοντες
1550 784 1893 837 εὐεπίϐατον·

303 878 382 953 ἧς
406 884 619 949 γένοιτο
642 880 845 941 πάντας
868 878 1015 948 ἡμᾶς
1042 877 1320 945 ἐπιτυχεῖν
1348 875 1533 943 χάριτι
1560 872 1656 926 τοῦ
1688 873 1894 942 Κυρίου

306 976 478 1045 ἡμῶν
509 972 692 1040 Ἰησοῦ
733 970 996 1040 Χριστοῦ,
1059 968 1181 1039 μεθ’
1211 964 1272 1020 οῦ
1309 968 1388 1037 τῷ
1424 968 1596 1037 Πατρῖ
1617 964 1763 1030 δόξα,
1800 966 1895 1017 καὶ

310 1067 395 1136 τῷ
418 1066 670 1133 ζωοποιῷ
707 1063 1010 1133 Πνεύματι,
1044 1061 1138 1114 νῦν
1167 1062 1258 1113 καὶ
1294 1062 1372 1122 εἰς
1403 1060 1528 1122 τοὺς
1554 1059 1752 1120 αἰῶνας
1779 1056 1889 1110 τῶν

306 1157 550 1209 αίῶνων.
599 1157 654 1207 Ἀ
666 1160 794 1224 μὴν.

898 1267 1138 1319 ΟΜΙΑΙΛ
1172 1263 1297 1319 AA'.

669 1382 774 1447 Εἰς
802 1379 868 1433 τὸ
909 1380 1190 1446 τέταρτον
1235 1378 1531 1432 Ἐωθινόν.

390 1496 615 1567 Ἐπειδὴ
650 1495 778 1566 περὶ
833 1495 932 1564 τῆς
981 1494 1334 1564 ζωοπαρόχου
1370 1492 1608 1564 Χριστοῦ
1651 1493 1889 1548 ἀναστά-

303 1604 453 1649 σεως
510 1588 537 1638 ὁ
571 1584 728 1651 λόγος
785 1585 950 1654 ἡμῶν
1013 1583 1288 1636 θιασεύειν
1342 1583 1592 1654 βούλεται
1627 1584 1887 1654 σήμερον,

299 1678 486 1741 δεῦτε,
511 1676 604 1729 καὶ
634 1676 832 1745 ἴδωμεν
864 1674 1006 1728 κατὰ
1034 1674 1125 1726 τὸν
1166 1673 1395 1726 Ἡσαΐου
1419 1675 1597 1742 λόγον,
1624 1676 1889 1741 γυναῖκας

302 1768 419 1823 ἀπὸ
450 1769 579 1831 θέας
611 1766 938 1837 ἐρχομένας,
971 1765 1067 1817 καὶ
1108 1764 1487 1835 κηρυττούσας
1536 1767 1635 1819 ὅσα
1666 1765 1889 1818 τεθὲαν-

2000 599 2148 653 omni
2210 608 2476 653 terrarum
2527 602 2660 657 orbe
2720 606 3189 675 exterminarunt;
3244 608 3401 663 nobis
3451 626 3582 667 vero

2002 689 2214 745 facilem
2242 693 2305 744 ad
2334 693 2557 749 caeleste
2593 712 2815 765 regnum
2855 702 3170 755 munierunt
3204 702 3343 755 viam
3372 720 3387 756 :
3420 705 3576 772 cujus

2002 797 2101 836 nos
2151 784 2355 837 utinam
2400 800 2589 840 omnes
2622 800 2899 857 compotes
2935 792 3234 846 clliciamur
3264 796 3434 863 gratia
3475 797 3577 848 Do-

2003 873 2133 928 mini
2170 876 2338 929 nostri
2373 873 2500 931 Jesu
2536 877 2759 944 Christi,
2787 898 3017 949 quocum
3068 881 3213 937 Patri
3266 896 3315 937 et
3348 885 3576 953 Spiritui

1998 964 2293 1018 viviﬁcanti
2332 968 2504 1037 gloria
2532 979 2615 1023 est
2648 987 2807 1037 nunc,
2832 983 2884 1025 et
2918 973 2969 1027 in
2998 976 3192 1028 saecula
3228 978 3573 1031 smculorutn.

1997 1054 2172 1110 Anien

2523 1260 2806 1317 llOlllLlA
2849 1263 3049 1320 XXXI.

2283 1346 2296 1383 ⁸
2412 1375 2481 1430 In
2510 1389 2757 1448 quartum
2798 1379 3148 1437 Hatutinum.

2066 1483 2334 1551 Quoniam
2377 1490 2442 1543 de
2491 1490 2695 1546 Christi
2743 1495 3141 1549 resurrectione
3196 1497 3359 1549 vitam
3430 1512 3573 1564 prae-

1997 1575 2159 1632 bente
2188 1580 2341 1634 nobis
2367 1582 2545 1635 oratio
2582 1584 2843 1638 hodierna
2882 1587 3043 1641 debet
3078 1588 3310 1654 institui,
3336 1606 3433 1657 age
3460 1590 3575 1659 jam

1988 1666 2148 1734 juxta
2202 1670 2353 1725 Isaiae
2389 1672 2617 1728 verba“
2649 1676 2929 1731 videamus
2976 1679 3234 1735 mulieres
3282 1696 3309 1732 a
3359 1693 3577 1749 specta-

1992 1759 2115 1813 culo
2150 1762 2450 1829 venientes,
2472 1773 2526 1818 et
2553 1780 2891 1835 quaecunque
2922 1769 3160 1824 viderint
3189 1772 3573 1838 praedicantes.

300 1875 419 1912 ται.
444 1851 617 1910 Δῦται
638 1856 695 1907 δέ
728 1856 871 1907 εἰσιν
895 1854 951 1906 αί
981 1854 1112 1922 περὶ
1145 1852 1243 1923 τὴν
1268 1852 1635 1923 Μαγδαληνὴν
1665 1852 1887 1921 Μαρίαν

1992 1850 2087 1904 Ha:
2121 1866 2252 1905 vero
2282 1864 2410 1907 sunt
2442 1855 2755 1922 Magdalena
2788 1859 3018 1927 ejusque
3046 1862 3276 1917 comites
3300 1873 3574 1934 unguenta

305 1946 797 2017 μυροκομίστριαι.
831 1944 1107 2014 Ὀπηνίκα
1140 1943 1234 1996 τοῦ
1268 1943 1464 2011 φθόνου
1490 1942 1597 1994 τῶν
1619 1941 1887 2011 μισοθέων

312 2038 593 2091 Ἰουδαίων
628 2037 1000 2106 λωφήσαντος,
1039 2035 1134 2088 καὶ
1171 2034 1264 2087 τοῦ
1297 2033 1669 2104 φθονουμένου
1699 2050 1887 2102 σωμα-

301 2130 474 2193 τικῶς
514 2132 574 2181 ἐν
596 2129 673 2199 τῷ
695 2130 855 2199 τάφῳ
884 2128 1337 2191 σαῦδατίσαντος,
1363 2128 1422 2191 ὃς
1448 2128 1514 2197 δὴ
1549 2127 1704 2197 θεῖκῇ
1737 2127 1890 2193 ἐξου-

300 2223 400 2293 ei;
423 2222 520 2275 τὸν
549 2221 684 2293 ᾅδην
726 2220 1032 2285 σκυλεύσας
1063 2221 1355 2291 ἐγήγερτο.

384 2423 401 2457 ι
437 2404 524 2474 Τῇ
556 2404 654 2475 μιᾷ
680 2403 792 2457 τῶν
825 2403 1119 2457 Σαϐϐάτων
1152 2403 1353 2474 ὄρθρου
1385 2402 1597 2475 βαθέως
1630 2402 1886 2473 ἔρχονται

297 2494 398 2547 ἐπὶ
434 2494 497 2548 τὸ
524 2495 791 2565 μνημεῖον
816 2495 1082 2566 φέρουσαι
1109 2494 1145 2548 ἆ
1174 2495 1487 2565 ἡτοίμασαν
1529 2493 1823 2567 ἀρώματα.
1860 2512 1880 2545 ι

301 2588 481 2659 Ἀλλη
509 2586 566 2641 δὲ
599 2590 737 2658 αὕτη
780 2588 1076 2643 ἐπιστασία
1106 2590 1216 2641 τῶν
1246 2588 1417 2657 λερῶν
1449 2588 1731 2656 γυναικῶν
1768 2588 1887 2641 δια-

298 2682 554 2753 φέρουσα
590 2683 837 2746 ἐκείνων,
862 2682 993 2752 περὶ
1022 2673 1100 2734 ὧν
1129 2683 1157 2733 ὁ
1179 2681 1480 2746 Ματθαῖος,
1506 2681 1602 2735 καὶ
1632 2681 1884 2752 Μάρκος,

298 2775 403 2828 καὶ
468 2773 725 2845 Ἰωάννης
783 2774 1155 2845 συνέγραψαν,
1219 2773 1295 2835 ὡς
1324 2775 1388 2827 ὲκ
1418 2775 1513 2827 τοῦ
1546 2773 1740 2845 καιροῦ
1792 2774 1887 2827 καὶ

298 2863 399 2917 τοῦ
424 2865 724 2935 προσώπου
761 2865 1180 2932 τεκμαίρεσθαι.
1216 2863 1475 2933 Ἰωάννης
1517 2865 1612 2934 μὲν
1649 2864 1759 2935 γὰρ
1786 2864 1885 2933 μό-

298 2970 404 3023 νην
465 2954 607 3023 φησὶ
661 2952 764 3025 τὴν
814 2953 1178 3024 Μαγδαληνὴν
1214 2954 1391 3007 ἐλθεῖν
1444 2956 1536 3007 ἐπὶ
1591 2955 1654 3008 τὸ
1699 2959 1886 3026 μνῆμα

298 3042 472 3114 πρωῒ,
538 3046 599 3097 ού
662 3044 808 3114 μύρα
840 3044 1197 3114 κομίζουσαν,
1257 3044 1393 3097 ἀλλὰ
1426 3044 1779 3114 βουλομένην,
1809 3046 1885 3108 ὡς

300 3137 472 3200 ἔοικε,
515 3139 584 3206 τῇ
614 3135 714 3206 θέα
745 3136 838 3189 τοῦ
870 3135 1041 3205 τάφου
1084 3136 1345 3205 κουφίσαι
1380 3137 1478 3205 τῆς
1507 3138 1792 3207 συμφορᾶς
1824 3137 1885 3189 τὸ

298 3230 494 3301 βάρος.
517 3227 677 3282 Οὕτω
702 3229 795 3281 καὶ
825 3229 853 3280 ὁ
882 3227 1160 3291 Ματθαῖος
1184 3228 1283 3298 τὴν
1304 3228 1475 3299 αὐτὴν
1495 3229 1881 3300 Μαγδαληνὴν,

296 3324 397 3374 καὶ
428 3320 532 3391 τὴν
575 3318 835 3374 Ἰακώϐου
870 3320 1113 3391 Μαρίαν,
1149 3318 1249 3388 ὀψὲ
1279 3318 1576 3373 Σαὸὅάτων
1606 3319 1756 3388 ἄγων
1790 3321 1886 3372 ἐπὶ

296 3412 363 3464 τὸ
396 3411 593 3480 μνῆμα
649 3409 727 3480 τῷ
778 3408 943 3479 λόγῳ,
998 3410 1097 3462 οὐκ
1131 3407 1406 3479 ἀρώματα
1450 3407 1697 3477 κομίζειν
1729 3406 1884 3461 εἶπεν

301 3503 508 3565 αὐτὰς,
534 3502 650 3557 ἀλλ’
680 3502 773 3555 ἐπὶ
794 3502 854 3554 τὸ
882 3500 1163 3572 θεωρῆσαι
1191 3501 1285 3554 τὸν
1306 3503 1476 3569 τάφον
1507 3502 1702 3556 ἐλθεῖν.
1738 3502 1885 3553 Koo-

301 3593 528 3662 φίζεται
577 3594 688 3664 γὰρ
747 3592 965 3663 ἡψυχὴ
1016 3591 1111 3645 τοῦ
1145 3592 1526 3663 ὲπιὸρίθοντος
1560 3592 1659 3662 τῆς
1709 3591 1886 3664 λύπης

299 3685 532 3755 βάρους,
557 3685 690 3736 ὃταν
718 3682 813 3734 τοῦ
839 3682 1177 3752 ποθουμένου
1199 3681 1290 3734 τὸν
1309 3680 1537 3751 ἔσχατον
1560 3681 1884 3750 σημαντῆρα

295 3775 397 3826 τὸν
413 3775 585 3842 τάφον
604 3774 726 3843 ὁρᾷ,
753 3789 1090 3825 συνεκκενου
1099 3772 1266 3843 μένης
1288 3775 1353 3842 τῇ
1387 3771 1487 3841 θέᾳ
1506 3771 1603 3841 τῆς
1627 3771 1882 3842 ἀθυμίας,

295 3864 400 3917 καί
455 3863 532 3925 ὡς
586 3863 784 3931 νέφους
830 3862 998 3932 ἀχλὺς
1063 3861 1603 3931 συναποθλιὸομένης
1649 3865 1759 3926 τοῖς
1794 3861 1888 3915 δά-

296 3973 493 4026 κρυσι.
546 3955 773 4024 Μάρκος
824 3953 882 4005 δὲ
931 3955 1028 4007 καὶ
1077 3953 1293 4017 Λουκᾶς
1347 3952 1885 4023 ἀρωματοφοροῦντα

294 4044 591 4112 κομίζουσι
615 4044 683 4114 τῇ
716 4042 858 4112 σορῷ
886 4043 956 4095 τὰ
984 4041 1216 4111 γύναια·
1258 4045 1353 4096 καὶ
1384 4044 1413 4096 ὁ
1446 4045 1543 4114 μὲν
1579 4044 1679 4115 τὴν
1702 4043 1886 4098 Σαλώ-

299 4134 569 4204 μην,ὁδὲ
600 4135 698 4204 τὴν
751 4134 1011 4188 Ὶωάνναν
1061 4137 1183 4199 ταῖς
1235 4136 1481 4205 Μαρίαις
1534 4138 1881 4208 συναριθμεῖ.

300 4226 449 4296 Πρὸς
472 4226 684 4288 τούτοις
712 4224 769 4277 δὲ
791 4226 1068 4290 Ματθαῖος
1094 4226 1192 4296 μὲν
1222 4228 1317 4279 καὶ
1346 4227 1573 4297 Μάρκος
1594 4228 1685 4282 ἕνα
1716 4228 1886 4300 ὀφθῆ-

295 4333 391 4369 ναι
429 4317 622 4378 αὑταῖς
668 4316 878 4385 ἔφασαν
920 4316 1011 4370 τὸν
1064 4316 1327 4386 ἄγγελον·
1393 4317 1645 4388 Ἰωάννης
1679 4319 1735 4372 δὲ
1788 4321 1883 4372 καὶ

296 4409 521 4469 Λουκᾶς
568 4406 662 4459 δύο
696 4408 1005 4478 εἰρήκασιν.
1069 4410 1135 4461 'U
1172 4408 1238 4479 δὴ
1270 4410 1363 4463 καὶ
1391 4410 1676 4481 ζητήσεως
1709 4410 1879 4477 ἄξιον,

296 4498 393 4552 διὰ
430 4497 484 4549 τί
512 4499 632 4560 ταῖς
668 4498 769 4568 μὲν
802 4493 883 4560 εἷς
915 4498 1266 4567 ἐπεφαίνετο,
1306 4502 1427 4563 ταῖς
1449 4499 1505 4552 δὲ
1547 4500 1643 4554 δύο
1698 4500 1883 4554 ὠπτά-

297 4607 481 4645 νοντο.
510 4591 643 4653 Ταῖς
675 4590 773 4660 μὲν
804 4588 894 4643 οῦν
918 4591 1197 4661 οίομέναις
1225 4587 1369 4645 εἶναι
1403 4592 1502 4661 μὲν
1531 4594 1588 4646 ὲν
1628 4593 1706 4664 τῷ
1726 4594 1883 4666 τάφῳ

294 4682 397 4733 τὸν
438 4678 666 4747 Κύριον,
722 4679 803 4732 ἐτι
840 4680 896 4731 δὲ
938 4679 1036 4732 καὶ
1092 4680 1230 4749 μετὰ
1260 4679 1473 4749 νεκρῶν
1503 4679 1884 4750 λογιζομέναις

297 4771 493 4836 αὑτὸν,
542 4766 624 4832 εἷς
673 4768 907 4839 ἄγγελος
944 4770 1274 4839 ἐπεφαίνετο
1320 4770 1562 4842 μηνυτὴς
1596 4772 1696 4841 τῆς
1725 4772 1884 4841 ἐγέρ-

298 4879 465 4924 σεως.
498 4862 631 4924 Ταῖς
659 4879 722 4930 γε
759 4863 866 4932 μὴν
912 4861 1327 4933 διαπορούσαις,
1384 4863 1476 4915 καὶ
1530 4863 1882 4932 νομιζούσαις

294 4953 411 5006 ὑπὸ
434 4953 530 5005 τοῦ
570 4953 841 5023 κλαπῆναι
870 4952 931 5005 τὸ
969 4954 1305 5006 Δεσποτικὸν
1341 4952 1521 5021 σῶμα,
1557 4953 1690 5014 δυὰς
1717 4954 1886 5021 ἀγγέ-

297 5045 415 5097 λων
447 5044 706 5113 ἐφίστατο
736 5042 1019 5109 δεικνῦσα,
1077 5042 1152 5107 ὼς
1187 5042 1456 5097 ἀδύνατον
1488 5043 1760 5111 κλαπῆναι
1791 5045 1884 5098 τὸν

296 5133 413 5189 ὑπὸ
440 5133 699 5187 τοιούτων
730 5134 988 5203 φυλάκων
1027 5134 1460 5205 φρουρούμενον.
1484 5132 1641 5187 Οὕτω
1667 5136 1732 5205 τῇ
1761 5134 1885 5188 Μα-

296 5228 402 5299 ρίᾳ
486 5228 552 5296 τῇ
611 5226 947 5297 Μαγδαληνῇ
1009 5228 1121 5288 τοῖς
1175 5226 1446 5297 μαθηταῖς
1490 5224 1743 5298 εἰπούσῃ,
1801 5226 1883 5279 ὃτι

307 5338 329 5371 ι
377 5313 565 5389 Ἥραν
594 5318 686 5371 τὸν
717 5316 923 5386 Κύριον
947 5318 1011 5369 ὲκ
1043 5316 1138 5370 τοῦ
1178 5317 1469 5386 μνημείου,
1509 5334 1529 5368 ›
1565 5317 1659 5369 δύο
1684 5319 1886 5389 λευχει-

300 5408 601 5482 μονοῦντες
633 5409 958 5481 ὡράθησαν,
993 5409 1092 5478 τῆς
1139 5408 1396 5477 τοιαύτης
1422 5408 1591 5479 αὐτὴν
1625 5409 1883 5475 ὑπονοίας

1995 1951 2293 2011 portantes.
2354 1942 2647 2015 Postquam
2713 1948 3003 2017 impiorum
3067 1948 3377 2004 Judaeorum
3433 1967 3571 2007 con-

1991 2034 2231 2105 quiesset
2265 2038 2488 2104 invidia,
2521 2051 2575 2094 et
2608 2039 2719 2103 ille,
2749 2040 2836 2094 cui
2888 2040 3250 2106 invidebatur,
3302 2044 3353 2097 in
3388 2043 3574 2112 sepul-

1991 2143 2085 2183 cro
2137 2144 2368 2198 corpore
2427 2132 2777 2199 requiescens
2842 2131 3137 2187 Sabbatum
3190 2134 3415 2203 egisset,
3478 2134 3573 2204 qui

1991 2222 2208 2289 quidem
2244 2233 2512 2292 poteState
2546 2224 2731 2278 divma
2772 2225 3002 2294 direptis
3039 2226 3340 2281 inferorum
3384 2226 3573 2297 spoliis

1989 2314 2284 2369 suscitatus
2315 2325 2398 2370 est
2415 2315 2480 2371 “.

2071 2425 2091 2458 ι
2135 2405 2252 2461 Una
2313 2404 2672 2462 Sabbatorum
2723 2408 2883 2464 valde
2926 2409 3169 2465 diluculo
3221 2412 3450 2465 veniunt
3498 2411 3566 2466 ad

1991 2506 2397 2549 monumentum
2422 2505 2723 2564 portantes,
2743 2513 2861 2565 quae
2883 2508 3230 2568 paraverant,
3252 2510 3520 2557 aromata.
3546 2519 3566 2554 ι

1988 2585 2106 2639 Alia
2157 2587 2271 2640 haec
2300 2596 2651 2650 {sanctarum
2709 2589 2999 2644 mulierum
3050 2590 3127 2660 ('5)
3170 2592 3430 2647 sedulitas
3464 2602 3569 2656 est,

1992 2686 2157 2745 atque
2191 2678 2259 2732 ab
2308 2677 2415 2732 illis
2450 2679 2706 2744 diversa,
2761 2684 2828 2735 de
2888 2681 3083 2750 quibus
3134 2681 3460 2747 Mattheus,
3517 2692 3574 2740 et

1991 2769 2229 2834 Marcus,
2286 2780 2340 2825 et
2398 2769 2639 2827 Joannes
2696 2774 3166 2843 conscripserunt,
3205 2788 3470 2846 quantum
3502 2791 3569 2830 ex

1992 2872 2238 2931 tempore
2287 2865 2353 2931 et;
2384 2877 2450 2917 ex
2498 2878 2728 2933 persona
2765 2864 2962 2933 conjici
3006 2875 3201 2935 potest.
3238 2866 3374 2921 Nam
3403 2866 3574 2924 Joan-

1989 2968 2086 3007 nes
2132 2954 2347 3022 quidem
2403 2953 2572 3009 solam
2606 2956 2818 3011 venisse
2851 2955 3219 3027 Magdalenam
3265 2958 3444 3029 inquit
3502 2962 3571 3015 ad

1991 3053 2403 3098 monumentum
2438 3061 2620 3112 mane,
2646 3063 2750 3101 non
2776 3058 3050 3118 unguenta
3086 3060 3413 3118 portantem,
3445 3052 3566 3115 sed,

1991 3142 2049 3186 ut
2080 3134 2374 3188 verisimile
2414 3146 2517 3201 est,
2552 3138 2860 3205 cupientem
2914 3147 3135 3207 aspectu
3171 3140 3405 3209 sepulcri
3440 3156 3572 3211 gra-

1994 3240 2113 3279 vem
2145 3225 2308 3278 animi
2346 3226 2719 3295 aegritudinem
2764 3228 3018 3284 allevare.
3063 3227 3142 3284 Ita
3173 3240 3226 3284 et
3261 3229 3569 3298 Matthaeus,

1992 3317 2238 3371 eamdem
2287 3317 2654 3387 Magdalenam
2704 3330 2757 3374 et
2818 3320 3042 3375 Mariam
3097 3319 3283 3378 Jacobi
3349 3335 3571 3392 vespere

1995 3407 2219 3463 Sabbati
2255 3411 2321 3463 ad
2373 3412 2684 3479 sepulcrum
2723 3427 2977 3467 sermone
3010 3414 3307 3479 deducens,
3343 3430 3448 3469 non
3476 3430 3572 3472 eas

1994 3504 2238 3550 aromata
2264 3496 2450 3552 tulisse
2480 3498 2633 3564 dicit,
2656 3501 2749 3553 sed
2778 3501 2995 3556 venisse
3026 3501 3213 3557 videre
3237 3502 3568 3571 sepulcrum.

1994 3584 2233 3639 Levatur
2263 3590 2409 3639 enim
2452 3589 2706 3643 maeroris
2735 3591 2973 3658 pondere
3000 3604 3295 3659 oppressus
3327 3594 3568 3659 animus,

1994 3694 2113 3732 cum
2147 3678 2410 3733 tumulum
2460 3680 2533 3733 uti
2584 3691 2919 3748 postremum
2968 3685 3134 3739 amati
3170 3685 3454 3756 vestigium
3490 3687 3572 3741 vi-

1994 3771 2105 3837 det,
2136 3786 2258 3824 cum
2316 3784 2381 3824 co
2434 3781 2655 3863 aspectu
2708 3771 2877 3825 animi
2908 3774 3175 3842 aegritudo
3206 3776 3478 3841 dematur,
3512 3784 3569 3831 et

1994 3860 2247 3930 lacrymis
2298 3861 2453 3929 quasi
2528 3860 2736 3915 nebula:
2786 3862 2964 3932 caligo
3018 3862 3371 3918 dissolvatur.
3423 3863 3570 3918 Mar-

1992 3966 2091 4005 cus
2133 3965 2261 4005 vero
2307 3961 2361 4005 et
2404 3948 2582 4005 Lucas
2619 3950 2875 4006 mulieres
2934 3961 3179 4007 aromata
3227 3953 3468 4008 ferentes
3498 3956 3567 4010 ad

1992 4042 2297 4109 sepulcrum
2346 4042 2585 4107 sistunt;
2621 4051 2677 4097 et
2725 4042 2817 4096 ille
2853 4043 3073 4112 quidem
3127 4044 3426 4112 Salomem,
3477 4047 3567 4102 hic

1991 4148 2120 4189 vero
2143 4131 2407 4188 Joannam
2430 4130 2619 4186 Mariis
2656 4132 3001 4188 adnumerat.
3028 4134 3107 4187 Ad
3136 4135 3252 4190 haec
3277 4133 3567 4193 Mattheus

1991 4224 2207 4295 quidem
2233 4231 2288 4278 et
2310 4223 2521 4278 Marcus
2548 4238 2714 4277 unum
2741 4223 2849 4278 illis
2868 4224 3045 4279 visum
3074 4224 3232 4295 231
3268 4234 3569 4281 memorant

1990 4319 2280 4385 angelum;
2314 4312 2554 4370 Joannes
2588 4328 2721 4370 vero
2747 4324 2798 4370 et
2827 4314 3002 4369 Lucas
3034 4317 3194 4370 duos.
3232 4317 3385 4384 Quod
3436 4333 3568 4374 sane

1991 4407 2210 4477 dignum
2238 4414 2323 4461 est
2351 4406 2493 4475 quod
2537 4405 2891 4475 exquiramus
2924 4423 2938 4460 :
2973 4406 3102 4475 quid
3134 4417 3238 4471 est,
3281 4409 3425 4477 quod
3457 4409 3565 4465 illis

1991 4499 2210 4568 quidem
2255 4511 2395 4551 unus
2442 4496 2719 4565 apparuit,
2751 4497 2839 4551 bis
2870 4512 3000 4553 vero
3032 4498 3178 4552 duo?
3202 4498 3314 4554 Illis
3341 4500 3562 4569 quidem

1989 4588 2134 4657 quod
2187 4586 2591 4640 arbitrarentur
2640 4584 2930 4641 Dominum
2983 4588 3161 4642 adhuc
3196 4587 3252 4643 in
3317 4590 3565 4658 sepulcro

1989 4693 2112 4734 esse
2140 4687 2196 4731 et
2228 4678 2282 4730 in
2314 4689 2653 4732 mortuorum
2686 4690 2912 4731 numero
2942 4685 3221 4747 putarent,
3247 4694 3387 4735 unus
3416 4680 3565 4735 visus

1982 4777 2067 4824 est
2105 4766 2351 4838 angelus,
2376 4766 2470 4836 qui
2518 4766 2973 4822 resurrectionem
3011 4768 3226 4823 doceret
3250 4786 3266 4827 :
3291 4768 3403 4824 illis
3433 4783 3564 4825 vero

1986 4863 2213 4917 incertis
2245 4859 2437 4927 animi,
2469 4868 2526 4914 et
2558 4858 2835 4914 sublatum
2868 4860 3080 4915 Domini
3128 4874 3325 4930 corpus
3366 4862 3560 4915 existi-

1982 4952 2255 5008 mantibus
2286 4953 2393 5007 duo
2423 4950 2716 5006 astiterunt
2751 4952 2954 5022 angeli,
2990 4960 3048 5006 ut
3093 4962 3276 5007 essent
3332 4952 3558 5019 indicio,

1988 5062 2095 5100 non
2131 5045 2371 5115 potuisse
2405 5043 2552 5099 furto
2583 5043 2797 5099 Domini
2833 5059 3035 5114 corpus
3066 5042 3272 5100 auferri
3303 5045 3372 5100 ah
3412 5044 3563 5112 ejus-

1988 5138 2131 5192 modi
2164 5138 2481 5193 custodibus
2510 5148 2870 5192 asservatum.
2896 5136 2969 5191 lta
3002 5136 3186 5194 Mariae
3209 5138 3562 5207 Magdalenaa,

1987 5245 2107 5299 quae
2151 5231 2431 5300 discipulis
2478 5230 2692 5286 dixerat
2723 5247 2739 5287 :
2776 5250 2795 5285 ς
2852 5231 3116 5287 Tuleruut
3173 5232 3461 5288 Dominum
3497 5231 3566 5285 de

1990 5332 2346 5377 monumento
2368 5322 2436 5389 “,
2480 5340 2500 5374 ›
2535 5322 2644 5377 duo
2674 5324 2947 5379 candidati
2983 5325 3085 5380 visi
3128 5336 3275 5390 sunt,
3305 5326 3398 5395 qui
3441 5338 3561 5377 eam

1988 5413 2056 5467 ab
2094 5411 2183 5465 illa
2223 5411 2481 5481 opinione
2523 5412 2878 5482 deducerent,
2922 5425 2979 5470 et
3029 5431 3177 5471 nunc
3227 5416 3391 5472 etiam
3428 5424 3564 5482 quo-

376 5553 549 5608 “lsa.
585 5568 753 5620 xxvii,
793 5553 878 5606 ll.
956 5550 1146 5607 “Luc.
1172 5565 1326 5617 xnv,
1353 5551 1378 5605 1
1403 5565 1555 5621 seqq.
1633 5551 1931 5623 "Joan.x,
1957 5557 2012 5611 2.

1538 5673 1856 5736 Francisci
1892 5671 2103 5737 Scorsi
2143 5677 2330 5737 notae.

373 5793 454 5866 (ὅ)
505 5794 622 5849 Alia
668 5797 775 5851 hac
826 5806 1131 5852 sanctarum
1179 5799 1483 5855 mulierum.
1538 5798 1727 5853 Patres
1776 5798 1866 5868 qui

297 5863 554 5927 diversas
578 5868 862 5926 mulierum
889 5867 1249 5939 profectiones
1274 5872 1341 5927 ad
1369 5870 1675 5942 sepulcrum
1700 5863 1870 5927 fuisse

1979 5806 2238 5864 censent,
2282 5797 2337 5852 in
2386 5812 2493 5863 qua
2545 5793 2809 5849 sententia
2857 5789 3053 5848 Noster
3102 5787 3191 5844 hic
3238 5793 3349 5849 est.
3393 5780 3555 5842 retuli

1980 5870 2129 5925 hom.
2156 5863 2249 5939 29,
2284 5877 2401 5925 not.
2428 5867 2518 5937 8t,
2545 5878 2710 5936 quam
2742 5863 2883 5919 vide.
