  <div class='ocr_page' id='page_1' title='image "/cluster/home/n/w/nwhite01/storage/ocr_20150623/132/coo.31924054870377/331.png"; bbox 0 0 4042 6424; ppageno 0'>
   <div class='ocr_carea' id='block_1_1' title="bbox 409 389 512 454">
    <p class='ocr_par' dir='ltr' id='par_1_1' title="bbox 409 389 512 454">
     <span class='ocr_line' id='line_1_1' title="bbox 409 389 512 454; baseline 0.01 -2"><span class='ocrx_word' id='word_1_1' title='bbox 409 389 512 454; x_wconf 69' lang='grc'><strong>647</strong></span> 
     </span>
    </p>
   </div>
   <div class='ocr_carea' id='block_1_2' title="bbox 1623 379 2503 442">
    <p class='ocr_par' dir='ltr' id='par_1_2' title="bbox 1623 379 2503 442">
     <span class='ocr_line' id='line_1_2' title="bbox 1623 379 2503 442; baseline -0.003 0"><span class='ocrx_word' id='word_1_2' title='bbox 1623 379 2122 442; x_wconf 81' lang='lat' dir='ltr'><strong>THEOPHANiS</strong></span> <span class='ocrx_word' id='word_1_3' title='bbox 2161 379 2503 440; x_wconf 78' lang='lat' dir='ltr'><strong>CERAMEI</strong></span> 
     </span>
    </p>
   </div>
   <div class='ocr_carea' id='block_1_3' title="bbox 3568 377 3682 436">
    <p class='ocr_par' dir='ltr' id='par_1_3' title="bbox 3568 377 3682 436">
     <span class='ocr_line' id='line_1_3' title="bbox 3568 377 3682 436; baseline 0.009 -1"><span class='ocrx_word' id='word_1_4' title='bbox 3568 377 3682 436; x_wconf 69' lang='grc'><strong>645</strong></span> 
     </span>
    </p>
   </div>
   <div class='ocr_carea' id='block_1_4' title="bbox 484 492 1997 567">
    <p class='ocr_par' dir='ltr' id='par_1_4' title="bbox 484 494 1993 565">
     <span class='ocr_line' id='line_1_4' title="bbox 484 494 1993 565; baseline -0.009 -6"><span class='ocrx_word' id='word_1_5' title='bbox 484 523 506 559; x_wconf 79' lang='grc' dir='ltr'><strong>ι</strong></span> <span class='ocrx_word' id='word_1_6' title='bbox 540 502 608 558; x_wconf 84' lang='lat' dir='ltr'><strong>Et</strong></span> <span class='ocrx_word' id='word_1_7' title='bbox 664 502 781 557; x_wconf 83' lang='lat' dir='ltr'><strong>visa</strong></span> <span class='ocrx_word' id='word_1_8' title='bbox 843 508 972 557; x_wconf 88' lang='lat' dir='ltr'><strong>sunt</strong></span> <span class='ocrx_word' id='word_1_9' title='bbox 1044 503 1171 553; x_wconf 88' lang='lat' dir='ltr'><strong>ante</strong></span> <span class='ocrx_word' id='word_1_10' title='bbox 1235 495 1360 552; x_wconf 91' lang='lat' dir='ltr'><strong>illos</strong></span> <span class='ocrx_word' id='word_1_11' title='bbox 1413 494 1569 565; x_wconf 84' lang='lat' dir='ltr'><strong>quasi</strong></span> <span class='ocrx_word' id='word_1_12' title='bbox 1632 494 1993 551; x_wconf 89' lang='lat' dir='ltr'><strong>deliramenta</strong></span> 
     </span>
    </p>
   </div>
   <div class='ocr_carea' id='block_1_5' title="bbox 2099 492 3684 567">
    <p class='ocr_par' dir='ltr' id='par_1_5' title="bbox 2174 492 3684 567">
     <span class='ocr_line' id='line_1_5' title="bbox 2174 492 3684 567; baseline 0.004 -21"><span class='ocrx_word' id='word_1_13' title='bbox 2174 495 2331 547; x_wconf 73' lang='grc' dir='ltr'>«Καὶ</span> <span class='ocrx_word' id='word_1_14' title='bbox 2386 492 2672 563; x_wconf 74' lang='grc' dir='ltr'><strong>ἐφάνησαν</strong></span> <span class='ocrx_word' id='word_1_15' title='bbox 2712 492 2947 547; x_wconf 58' lang='grc' dir='ltr'>ἐνώπιον</span> <span class='ocrx_word' id='word_1_16' title='bbox 2999 493 3178 549; x_wconf 77' lang='grc' dir='ltr'>αὐτῶν</span> <span class='ocrx_word' id='word_1_17' title='bbox 3214 494 3348 548; x_wconf 75' lang='grc' dir='ltr'>ὡσεὶ</span> <span class='ocrx_word' id='word_1_18' title='bbox 3401 494 3565 567; x_wconf 79' lang='grc' dir='ltr'>λῆρος</span> <span class='ocrx_word' id='word_1_19' title='bbox 3613 498 3684 552; x_wconf 76' lang='grc' dir='ltr'><strong>τὰ</strong></span> 
     </span>
    </p>
   </div>
   <div class='ocr_carea' id='block_1_6' title="bbox 406 585 1989 655">
    <p class='ocr_par' dir='ltr' id='par_1_6' title="bbox 406 585 1989 655">
     <span class='ocr_line' id='line_1_6' title="bbox 406 585 1989 655; baseline -0.01 -2"><span class='ocrx_word' id='word_1_20' title='bbox 406 599 575 655; x_wconf 80' lang='lat' dir='ltr'><strong>verba</strong></span> <span class='ocrx_word' id='word_1_21' title='bbox 603 596 707 651; x_wconf 89' lang='lat' dir='ltr'><strong>ista</strong></span> <span class='ocrx_word' id='word_1_22' title='bbox 735 612 750 649; x_wconf 88' lang='lat'><strong>:</strong></span> <span class='ocrx_word' id='word_1_23' title='bbox 783 601 838 646; x_wconf 88' lang='lat' dir='ltr'><strong>et</strong></span> <span class='ocrx_word' id='word_1_24' title='bbox 878 606 982 645; x_wconf 91' lang='lat' dir='ltr'><strong>non</strong></span> <span class='ocrx_word' id='word_1_25' title='bbox 1010 588 1362 644; x_wconf 89' lang='lat' dir='ltr'><strong>crediderunt</strong></span> <span class='ocrx_word' id='word_1_26' title='bbox 1420 586 1548 643; x_wconf 83' lang='lat' dir='ltr'><strong>illis.</strong></span> <span class='ocrx_word' id='word_1_27' title='bbox 1586 605 1604 640; x_wconf 75' lang='grc' dir='ltr'><strong>ι</strong></span> <span class='ocrx_word' id='word_1_28' title='bbox 1663 585 1989 654; x_wconf 85' lang='lat' dir='ltr'><strong>Tantopere,</strong></span> 
     </span>
    </p>
   </div>
   <div class='ocr_carea' id='block_1_7' title="bbox 406 678 1995 749">
    <p class='ocr_par' dir='ltr' id='par_1_7' title="bbox 406 678 1995 749">
     <span class='ocr_line' id='line_1_7' title="bbox 406 678 1995 749; baseline -0.009 -2"><span class='ocrx_word' id='word_1_29' title='bbox 406 703 468 747; x_wconf 85' lang='grc' dir='ltr'><strong>ιιι</strong></span> <span class='ocrx_word' id='word_1_30' title='bbox 508 688 741 749; x_wconf 83' lang='lat' dir='ltr'><strong>videtur,</strong></span> <span class='ocrx_word' id='word_1_31' title='bbox 789 693 949 739; x_wconf 88' lang='lat' dir='ltr'><strong>erant</strong></span> <span class='ocrx_word' id='word_1_32' title='bbox 998 681 1182 736; x_wconf 89' lang='lat' dir='ltr'><strong>animo</strong></span> <span class='ocrx_word' id='word_1_33' title='bbox 1244 680 1582 736; x_wconf 88' lang='lat' dir='ltr'><strong>consternati</strong></span> <span class='ocrx_word' id='word_1_34' title='bbox 1627 678 1905 748; x_wconf 89' lang='lat' dir='ltr'><strong>discipuli,</strong></span> <span class='ocrx_word' id='word_1_35' title='bbox 1935 687 1995 732; x_wconf 90' lang='lat' dir='ltr'><strong>ut</strong></span> 
     </span>
    </p>
   </div>
   <div class='ocr_carea' id='block_1_8' title="bbox 408 765 1991 850">
    <p class='ocr_par' dir='ltr' id='par_1_8' title="bbox 408 765 1991 850">
     <span class='ocr_line' id='line_1_8' title="bbox 408 765 1991 850; baseline -0.011 -14"><span class='ocrx_word' id='word_1_36' title='bbox 408 796 577 850; x_wconf 81' lang='lat' dir='ltr'><strong>nugas</strong></span> <span class='ocrx_word' id='word_1_37' title='bbox 609 782 893 832; x_wconf 88' lang='lat' dir='ltr'><strong>censerent</strong></span> <span class='ocrx_word' id='word_1_38' title='bbox 921 773 1130 842; x_wconf 88' lang='lat' dir='ltr'><strong>piarum</strong></span> <span class='ocrx_word' id='word_1_39' title='bbox 1189 770 1475 825; x_wconf 85' lang='lat' dir='ltr'><strong>mulierum</strong></span> <span class='ocrx_word' id='word_1_40' title='bbox 1511 778 1854 839; x_wconf 79' lang='lat' dir='ltr'><strong>argumenta.</strong></span> <span class='ocrx_word' id='word_1_41' title='bbox 1904 765 1991 821; x_wconf 87' lang='lat' dir='ltr'><strong>ln-</strong></span> 
     </span>
    </p>
   </div>
   <div class='ocr_carea' id='block_1_9' title="bbox 406 860 1993 937">
    <p class='ocr_par' dir='ltr' id='par_1_9' title="bbox 406 860 1993 937">
     <span class='ocr_line' id='line_1_9' title="bbox 406 860 1993 937; baseline -0.009 -9"><span class='ocrx_word' id='word_1_42' title='bbox 406 877 565 929; x_wconf 74' lang='lat' dir='ltr'><strong>vidize</strong></span> <span class='ocrx_word' id='word_1_43' title='bbox 594 872 803 928; x_wconf 80' lang='lat' dir='ltr'><strong>scilicet</strong></span> <span class='ocrx_word' id='word_1_44' title='bbox 829 883 923 924; x_wconf 90' lang='lat' dir='ltr'><strong>eos</strong></span> <span class='ocrx_word' id='word_1_45' title='bbox 973 865 1157 937; x_wconf 82' lang='lat' dir='ltr'><strong>passio</strong></span> <span class='ocrx_word' id='word_1_46' title='bbox 1220 863 1560 929; x_wconf 83' lang='lat' dir='ltr'><strong>stimulabat,</strong></span> <span class='ocrx_word' id='word_1_47' title='bbox 1593 863 1734 934; x_wconf 89' lang='lat' dir='ltr'><strong>quod</strong></span> <span class='ocrx_word' id='word_1_48' title='bbox 1772 860 1993 932; x_wconf 80' lang='lat' dir='ltr'><strong>postha-</strong></span> 
     </span>
    </p>
   </div>
   <div class='ocr_carea' id='block_1_10' title="bbox 410 958 1997 1024">
    <p class='ocr_par' dir='ltr' id='par_1_10' title="bbox 410 958 1997 1024">
     <span class='ocr_line' id='line_1_10' title="bbox 410 958 1997 1024; baseline -0.009 -2"><span class='ocrx_word' id='word_1_49' title='bbox 410 968 507 1022; x_wconf 76' lang='lat' dir='ltr'><strong>biti</strong></span> <span class='ocrx_word' id='word_1_50' title='bbox 553 963 872 1019; x_wconf 84' lang='lat' dir='ltr'><strong>mulieribus</strong></span> <span class='ocrx_word' id='word_1_51' title='bbox 922 969 1129 1015; x_wconf 87' lang='lat' dir='ltr'><strong>essent.</strong></span> <span class='ocrx_word' id='word_1_52' title='bbox 1200 976 1218 1010; x_wconf 79' lang='grc' dir='ltr'><strong>ι</strong></span> <span class='ocrx_word' id='word_1_53' title='bbox 1253 958 1450 1012; x_wconf 86' lang='lat' dir='ltr'><strong>Petrus</strong></span> <span class='ocrx_word' id='word_1_54' title='bbox 1526 967 1707 1009; x_wconf 89' lang='lat' dir='ltr'><strong>autem</strong></span> <span class='ocrx_word' id='word_1_55' title='bbox 1768 968 1997 1024; x_wconf 79' lang='lat' dir='ltr'><strong>surgens</strong></span> 
     </span>
    </p>
   </div>
   <div class='ocr_carea' id='block_1_11' title="bbox 405 1046 1994 1120">
    <p class='ocr_par' dir='ltr' id='par_1_11' title="bbox 405 1046 1994 1120">
     <span class='ocr_line' id='line_1_11' title="bbox 405 1046 1994 1120; baseline -0.01 -5"><span class='ocrx_word' id='word_1_56' title='bbox 405 1059 648 1115; x_wconf 89' lang='lat' dir='ltr'><strong>cucurrit</strong></span> <span class='ocrx_word' id='word_1_57' title='bbox 680 1057 748 1111; x_wconf 91' lang='lat' dir='ltr'><strong>ad</strong></span> <span class='ocrx_word' id='word_1_58' title='bbox 782 1062 1216 1117; x_wconf 85' lang='lat' dir='ltr'><strong>monumentum,</strong></span> <span class='ocrx_word' id='word_1_59' title='bbox 1238 1059 1292 1105; x_wconf 87' lang='lat' dir='ltr'><strong>et</strong></span> <span class='ocrx_word' id='word_1_60' title='bbox 1314 1049 1676 1120; x_wconf 82' lang='lat' dir='ltr'><strong>procumbens</strong></span> <span class='ocrx_word' id='word_1_61' title='bbox 1710 1047 1845 1101; x_wconf 83' lang='lat' dir='ltr'><strong>vidit</strong></span> <span class='ocrx_word' id='word_1_62' title='bbox 1889 1046 1994 1099; x_wconf 87' lang='lat' dir='ltr'><strong>lin-</strong></span> 
     </span>
    </p>
   </div>
   <div class='ocr_carea' id='block_1_12' title="bbox 411 1140 1994 1218">
    <p class='ocr_par' dir='ltr' id='par_1_12' title="bbox 411 1140 1994 1218">
     <span class='ocr_line' id='line_1_12' title="bbox 411 1140 1994 1218; baseline -0.01 -11"><span class='ocrx_word' id='word_1_63' title='bbox 411 1152 646 1207; x_wconf 89' lang='lat' dir='ltr'><strong>teamina</strong></span> <span class='ocrx_word' id='word_1_64' title='bbox 688 1150 803 1205; x_wconf 89' lang='lat' dir='ltr'><strong>sola</strong></span> <span class='ocrx_word' id='word_1_65' title='bbox 856 1145 1054 1218; x_wconf 89' lang='lat' dir='ltr'><strong>posita,</strong></span> <span class='ocrx_word' id='word_1_66' title='bbox 1090 1157 1147 1199; x_wconf 91' lang='lat' dir='ltr'><strong>et</strong></span> <span class='ocrx_word' id='word_1_67' title='bbox 1182 1143 1320 1198; x_wconf 88' lang='lat' dir='ltr'><strong>abiit</strong></span> <span class='ocrx_word' id='word_1_68' title='bbox 1347 1157 1533 1198; x_wconf 82' lang='lat' dir='ltr'><strong>secum</strong></span> <span class='ocrx_word' id='word_1_69' title='bbox 1602 1140 1809 1195; x_wconf 87' lang='lat' dir='ltr'><strong>mirans</strong></span> <span class='ocrx_word' id='word_1_70' title='bbox 1851 1140 1994 1209; x_wconf 80' lang='lat' dir='ltr'><strong>quod</strong></span> 
     </span>
    </p>
   </div>
   <div class='ocr_carea' id='block_1_13' title="bbox 407 1230 1994 1299">
    <p class='ocr_par' dir='ltr' id='par_1_13' title="bbox 407 1230 1994 1299">
     <span class='ocr_line' id='line_1_13' title="bbox 407 1230 1994 1299; baseline -0.011 0"><span class='ocrx_word' id='word_1_71' title='bbox 407 1245 607 1299; x_wconf 78' lang='lat' dir='ltr'><strong>factum</strong></span> <span class='ocrx_word' id='word_1_72' title='bbox 681 1240 880 1295; x_wconf 78' lang='lat' dir='ltr'><strong>fuerat.</strong></span> <span class='ocrx_word' id='word_1_73' title='bbox 920 1257 942 1292; x_wconf 73' lang='grc' dir='ltr'><strong>ι</strong></span> <span class='ocrx_word' id='word_1_74' title='bbox 998 1235 1146 1290; x_wconf 91' lang='lat' dir='ltr'><strong>Petri</strong></span> <span class='ocrx_word' id='word_1_75' title='bbox 1226 1250 1445 1289; x_wconf 87' lang='lat' dir='ltr'><strong>cursum</strong></span> <span class='ocrx_word' id='word_1_76' title='bbox 1509 1241 1561 1286; x_wconf 92' lang='lat' dir='ltr'><strong>et</strong></span> <span class='ocrx_word' id='word_1_77' title='bbox 1619 1230 1994 1286; x_wconf 89' lang='lat' dir='ltr'><strong>linteaminum</strong></span> 
     </span>
    </p>
   </div>
   <div class='ocr_carea' id='block_1_14' title="bbox 409 1320 1993 1406">
    <p class='ocr_par' dir='ltr' id='par_1_14' title="bbox 409 1320 1993 1406">
     <span class='ocr_line' id='line_1_14' title="bbox 409 1320 1993 1406; baseline -0.011 -15"><span class='ocrx_word' id='word_1_78' title='bbox 409 1336 802 1406; x_wconf 87' lang='lat' dir='ltr'><strong>iuspectiouem</strong></span> <span class='ocrx_word' id='word_1_79' title='bbox 832 1331 995 1385; x_wconf 82' lang='lat' dir='ltr'><strong>latius</strong></span> <span class='ocrx_word' id='word_1_80' title='bbox 1025 1325 1288 1395; x_wconf 82' lang='lat' dir='ltr'><strong>Tlteologi</strong></span> <span class='ocrx_word' id='word_1_81' title='bbox 1335 1325 1561 1379; x_wconf 87' lang='lat' dir='ltr'><strong>historia</strong></span> <span class='ocrx_word' id='word_1_82' title='bbox 1631 1320 1993 1376; x_wconf 82' lang='lat' dir='ltr'><strong>enarravit&quot;.</strong></span> 
     </span>
    </p>
   </div>
   <div class='ocr_carea' id='block_1_15' title="bbox 406 1411 1995 1489">
    <p class='ocr_par' dir='ltr' id='par_1_15' title="bbox 406 1411 1995 1489">
     <span class='ocr_line' id='line_1_15' title="bbox 406 1411 1995 1489; baseline -0.012 -5"><span class='ocrx_word' id='word_1_83' title='bbox 406 1429 569 1484; x_wconf 84' lang='lat' dir='ltr'><strong>Certe</strong></span> <span class='ocrx_word' id='word_1_84' title='bbox 624 1427 793 1489; x_wconf 89' lang='lat' dir='ltr'><strong>enim,</strong></span> <span class='ocrx_word' id='word_1_85' title='bbox 849 1437 973 1476; x_wconf 90' lang='lat' dir='ltr'><strong>cum</strong></span> <span class='ocrx_word' id='word_1_86' title='bbox 1050 1418 1218 1474; x_wconf 80' lang='lat' dir='ltr'><strong>Maria</strong></span> <span class='ocrx_word' id='word_1_87' title='bbox 1273 1416 1649 1471; x_wconf 84' lang='lat' dir='ltr'><strong>renuntiasset</strong></span> <span class='ocrx_word' id='word_1_88' title='bbox 1719 1411 1995 1468; x_wconf 89' lang='lat' dir='ltr'><strong>sublatum</strong></span> 
     </span>
    </p>
   </div>
   <div class='ocr_carea' id='block_1_16' title="bbox 408 1503 1997 1574">
    <p class='ocr_par' dir='ltr' id='par_1_16' title="bbox 408 1503 1997 1574">
     <span class='ocr_line' id='line_1_16' title="bbox 408 1503 1997 1574; baseline -0.011 1"><span class='ocrx_word' id='word_1_89' title='bbox 408 1535 530 1574; x_wconf 89' lang='lat' dir='ltr'><strong>esse</strong></span> <span class='ocrx_word' id='word_1_90' title='bbox 575 1518 859 1572; x_wconf 90' lang='lat' dir='ltr'><strong>Dominum</strong></span> <span class='ocrx_word' id='word_1_91' title='bbox 893 1531 922 1566; x_wconf 91' lang='lat' dir='ltr'><strong>a</strong></span> <span class='ocrx_word' id='word_1_92' title='bbox 984 1519 1356 1574; x_wconf 88' lang='lat' dir='ltr'><strong>monumento,</strong></span> <span class='ocrx_word' id='word_1_93' title='bbox 1414 1506 1609 1562; x_wconf 87' lang='lat' dir='ltr'><strong>Petrus</strong></span> <span class='ocrx_word' id='word_1_94' title='bbox 1658 1515 1713 1560; x_wconf 91' lang='lat' dir='ltr'><strong>et</strong></span> <span class='ocrx_word' id='word_1_95' title='bbox 1757 1503 1997 1560; x_wconf 79' lang='lat' dir='ltr'><strong>Joannes</strong></span> 
     </span>
    </p>
   </div>
   <div class='ocr_carea' id='block_1_17' title="bbox 409 1595 1997 1682">
    <p class='ocr_par' dir='ltr' id='par_1_17' title="bbox 409 1595 1997 1682">
     <span class='ocr_line' id='line_1_17' title="bbox 409 1595 1997 1682; baseline -0.01 -19"><span class='ocrx_word' id='word_1_96' title='bbox 409 1624 641 1682; x_wconf 83' lang='lat' dir='ltr'><strong>propere</strong></span> <span class='ocrx_word' id='word_1_97' title='bbox 670 1613 1044 1667; x_wconf 87' lang='lat' dir='ltr'><strong>accnrrerunt,</strong></span> <span class='ocrx_word' id='word_1_98' title='bbox 1078 1611 1132 1658; x_wconf 91' lang='lat' dir='ltr'><strong>et</strong></span> <span class='ocrx_word' id='word_1_99' title='bbox 1175 1615 1240 1655; x_wconf 81' lang='lat' dir='ltr'><strong>ex</strong></span> <span class='ocrx_word' id='word_1_100' title='bbox 1285 1599 1690 1654; x_wconf 81' lang='lat' dir='ltr'><strong>linteaminibus</strong></span> <span class='ocrx_word' id='word_1_101' title='bbox 1738 1606 1796 1652; x_wconf 88' lang='lat' dir='ltr'><strong>et</strong></span> <span class='ocrx_word' id='word_1_102' title='bbox 1835 1595 1997 1652; x_wconf 82' lang='lat' dir='ltr'><strong>suda-</strong></span> 
     </span>
    </p>
   </div>
   <div class='ocr_carea' id='block_1_18' title="bbox 409 1686 1995 1770">
    <p class='ocr_par' dir='ltr' id='par_1_18' title="bbox 409 1686 1995 1770">
     <span class='ocr_line' id='line_1_18' title="bbox 409 1686 1995 1770; baseline -0.011 -14"><span class='ocrx_word' id='word_1_103' title='bbox 409 1706 492 1756; x_wconf 90' lang='lat' dir='ltr'><strong>rio</strong></span> <span class='ocrx_word' id='word_1_104' title='bbox 539 1701 905 1770; x_wconf 86' lang='lat' dir='ltr'><strong>conjecturam</strong></span> <span class='ocrx_word' id='word_1_105' title='bbox 971 1698 1037 1750; x_wconf 92' lang='lat' dir='ltr'><strong>de</strong></span> <span class='ocrx_word' id='word_1_106' title='bbox 1092 1693 1495 1748; x_wconf 83' lang='lat' dir='ltr'><strong>resurrectione</strong></span> <span class='ocrx_word' id='word_1_107' title='bbox 1552 1697 1832 1760; x_wconf 81' lang='lat' dir='ltr'><strong>ceperunt.</strong></span> <span class='ocrx_word' id='word_1_108' title='bbox 1892 1686 1995 1742; x_wconf 81' lang='lat' dir='ltr'><strong>Mi-</strong></span> 
     </span>
    </p>
   </div>
   <div class='ocr_carea' id='block_1_19' title="bbox 409 1777 1997 1853">
    <p class='ocr_par' dir='ltr' id='par_1_19' title="bbox 409 1777 1997 1853">
     <span class='ocr_line' id='line_1_19' title="bbox 409 1777 1997 1853; baseline -0.009 -8"><span class='ocrx_word' id='word_1_109' title='bbox 409 1802 564 1845; x_wconf 83' lang='lat' dir='ltr'><strong>ratur</strong></span> <span class='ocrx_word' id='word_1_110' title='bbox 584 1800 763 1843; x_wconf 88' lang='lat' dir='ltr'><strong>autem</strong></span> <span class='ocrx_word' id='word_1_111' title='bbox 792 1785 983 1840; x_wconf 82' lang='lat' dir='ltr'><strong>Petrus</strong></span> <span class='ocrx_word' id='word_1_112' title='bbox 1012 1783 1153 1853; x_wconf 91' lang='lat' dir='ltr'><strong>quod</strong></span> <span class='ocrx_word' id='word_1_113' title='bbox 1190 1781 1392 1834; x_wconf 81' lang='lat' dir='ltr'><strong>factum</strong></span> <span class='ocrx_word' id='word_1_114' title='bbox 1447 1778 1645 1841; x_wconf 80' lang='lat' dir='ltr'><strong>fuerat,</strong></span> <span class='ocrx_word' id='word_1_115' title='bbox 1680 1777 1878 1846; x_wconf 84' lang='lat' dir='ltr'><strong>quippe</strong></span> <span class='ocrx_word' id='word_1_116' title='bbox 1902 1779 1997 1845; x_wconf 86' lang='lat' dir='ltr'><strong>qui</strong></span> 
     </span>
    </p>
   </div>
   <div class='ocr_carea' id='block_1_20' title="bbox 408 1852 2071 1944">
    <p class='ocr_par' dir='ltr' id='par_1_20' title="bbox 408 1852 2071 1944">
     <span class='ocr_line' id='line_1_20' title="bbox 408 1852 2071 1944; baseline -0.008 -7"><span class='ocrx_word' id='word_1_117' title='bbox 408 1884 609 1937; x_wconf 83' lang='lat' dir='ltr'><strong>scierat</strong></span> <span class='ocrx_word' id='word_1_118' title='bbox 664 1878 978 1934; x_wconf 85' lang='lat' dir='ltr'><strong>linteamina</strong></span> <span class='ocrx_word' id='word_1_119' title='bbox 1011 1852 1129 1930; x_wconf 79' lang='lat' dir='ltr'><strong>aloe</strong></span> <span class='ocrx_word' id='word_1_120' title='bbox 1161 1884 1216 1929; x_wconf 91' lang='lat' dir='ltr'><strong>et</strong></span> <span class='ocrx_word' id='word_1_121' title='bbox 1248 1873 1467 1944; x_wconf 82' lang='lat' dir='ltr'><strong>myrrha</strong></span> <span class='ocrx_word' id='word_1_122' title='bbox 1499 1872 1577 1942; x_wconf 89' lang='lat'><strong>(9)</strong></span> <span class='ocrx_word' id='word_1_123' title='bbox 1629 1887 1749 1926; x_wconf 91' lang='lat' dir='ltr'><strong>cum</strong></span> <span class='ocrx_word' id='word_1_124' title='bbox 1781 1870 1996 1926; x_wconf 87' lang='lat' dir='ltr'><strong>Domini</strong></span> <span class='ocrx_word' id='word_1_125' title='bbox 2030 1852 2071 1905; x_wconf 76' lang='grc' dir='ltr'><strong><em>Β</em></strong></span> 
     </span>
    </p>
   </div>
   <div class='ocr_carea' id='block_1_21' title="bbox 407 1961 1994 2044">
    <p class='ocr_par' dir='ltr' id='par_1_21' title="bbox 407 1961 1994 2044">
     <span class='ocr_line' id='line_1_21' title="bbox 407 1961 1994 2044; baseline -0.007 -15"><span class='ocrx_word' id='word_1_126' title='bbox 407 1989 637 2044; x_wconf 87' lang='lat' dir='ltr'><strong>corpore</strong></span> <span class='ocrx_word' id='word_1_127' title='bbox 686 1972 858 2026; x_wconf 81' lang='lat' dir='ltr'><strong>fuisse</strong></span> <span class='ocrx_word' id='word_1_128' title='bbox 946 1967 1347 2038; x_wconf 73' lang='lat' dir='ltr'><strong>conglutinata,</strong></span> <span class='ocrx_word' id='word_1_129' title='bbox 1399 1973 1458 2019; x_wconf 92' lang='lat' dir='ltr'><strong>ut</strong></span> <span class='ocrx_word' id='word_1_130' title='bbox 1519 1961 1756 2019; x_wconf 77' lang='lat' dir='ltr'><strong>diﬂicilis</strong></span> <span class='ocrx_word' id='word_1_131' title='bbox 1807 1977 1994 2019; x_wconf 88' lang='lat' dir='ltr'><strong>earum</strong></span> 
     </span>
    </p>
   </div>
   <div class='ocr_carea' id='block_1_22' title="bbox 406 2051 1998 2122">
    <p class='ocr_par' dir='ltr' id='par_1_22' title="bbox 406 2051 1998 2122">
     <span class='ocr_line' id='line_1_22' title="bbox 406 2051 1998 2122; baseline -0.008 -4"><span class='ocrx_word' id='word_1_132' title='bbox 406 2061 691 2118; x_wconf 74' lang='lat' dir='ltr'><strong>distractio</strong></span> <span class='ocrx_word' id='word_1_133' title='bbox 752 2058 1092 2114; x_wconf 84' lang='lat' dir='ltr'><strong>redderetur.</strong></span> <span class='ocrx_word' id='word_1_134' title='bbox 1149 2055 1304 2122; x_wconf 82' lang='lat' dir='ltr'><strong>Quod</strong></span> <span class='ocrx_word' id='word_1_135' title='bbox 1369 2054 1417 2109; x_wconf 90' lang='lat' dir='ltr'><strong>si</strong></span> <span class='ocrx_word' id='word_1_136' title='bbox 1472 2053 1580 2108; x_wconf 88' lang='lat' dir='ltr'><strong>alio</strong></span> <span class='ocrx_word' id='word_1_137' title='bbox 1631 2054 1685 2107; x_wconf 91' lang='lat' dir='ltr'><strong>in</strong></span> <span class='ocrx_word' id='word_1_138' title='bbox 1759 2052 1879 2107; x_wconf 88' lang='lat' dir='ltr'><strong>loco</strong></span> <span class='ocrx_word' id='word_1_139' title='bbox 1930 2051 1998 2106; x_wconf 88' lang='lat' dir='ltr'><strong>de</strong></span> 
     </span>
    </p>
   </div>
   <div class='ocr_carea' id='block_1_23' title="bbox 408 2144 1996 2215">
    <p class='ocr_par' dir='ltr' id='par_1_23' title="bbox 408 2144 1996 2215">
     <span class='ocr_line' id='line_1_23' title="bbox 408 2144 1996 2215; baseline -0.008 -5"><span class='ocrx_word' id='word_1_140' title='bbox 408 2157 511 2211; x_wconf 92' lang='lat' dir='ltr'><strong>hoc</strong></span> <span class='ocrx_word' id='word_1_141' title='bbox 564 2170 593 2207; x_wconf 90' lang='lat' dir='ltr'><strong>a</strong></span> <span class='ocrx_word' id='word_1_142' title='bbox 625 2167 711 2207; x_wconf 91' lang='lat' dir='ltr'><strong>me</strong></span> <span class='ocrx_word' id='word_1_143' title='bbox 741 2152 943 2206; x_wconf 90' lang='lat' dir='ltr'><strong>dictum</strong></span> <span class='ocrx_word' id='word_1_144' title='bbox 1022 2157 1127 2215; x_wconf 89' lang='lat' dir='ltr'><strong>est,</strong></span> <span class='ocrx_word' id='word_1_145' title='bbox 1173 2163 1242 2202; x_wconf 91' lang='lat' dir='ltr'><strong>ne</strong></span> <span class='ocrx_word' id='word_1_146' title='bbox 1308 2146 1621 2211; x_wconf 87' lang='lat' dir='ltr'><strong>miremini;</strong></span> <span class='ocrx_word' id='word_1_147' title='bbox 1674 2160 1795 2215; x_wconf 68' lang='lat' dir='ltr'><strong>qua:</strong></span> <span class='ocrx_word' id='word_1_148' title='bbox 1852 2144 1996 2199; x_wconf 88' lang='lat' dir='ltr'><strong>enim</strong></span> 
     </span>
    </p>
   </div>
   <div class='ocr_carea' id='block_1_24' title="bbox 410 2237 1994 2309">
    <p class='ocr_par' dir='ltr' id='par_1_24' title="bbox 410 2237 1994 2309">
     <span class='ocr_line' id='line_1_24' title="bbox 410 2237 1994 2309; baseline -0.007 -8"><span class='ocrx_word' id='word_1_149' title='bbox 410 2247 550 2302; x_wconf 81' lang='lat' dir='ltr'><strong>bona</strong></span> <span class='ocrx_word' id='word_1_150' title='bbox 577 2255 727 2309; x_wconf 89' lang='lat' dir='ltr'><strong>sunt,</strong></span> <span class='ocrx_word' id='word_1_151' title='bbox 764 2257 869 2297; x_wconf 91' lang='lat' dir='ltr'><strong>non</strong></span> <span class='ocrx_word' id='word_1_152' title='bbox 901 2239 1161 2295; x_wconf 80' lang='lat' dir='ltr'><strong>exhibent</strong></span> <span class='ocrx_word' id='word_1_153' title='bbox 1182 2238 1380 2308; x_wconf 71' lang='lat' dir='ltr'><strong>smpius</strong></span> <span class='ocrx_word' id='word_1_154' title='bbox 1409 2240 1633 2306; x_wconf 84' lang='lat' dir='ltr'><strong>repetita</strong></span> <span class='ocrx_word' id='word_1_155' title='bbox 1657 2237 1994 2303; x_wconf 86' lang='lat' dir='ltr'><strong>molestiam;</strong></span> 
     </span>
    </p>
   </div>
   <div class='ocr_carea' id='block_1_25' title="bbox 407 2326 1999 2403">
    <p class='ocr_par' dir='ltr' id='par_1_25' title="bbox 407 2326 1999 2403">
     <span class='ocr_line' id='line_1_25' title="bbox 407 2326 1999 2403; baseline -0.009 -10"><span class='ocrx_word' id='word_1_156' title='bbox 407 2347 464 2393; x_wconf 91' lang='lat' dir='ltr'><strong>et</strong></span> <span class='ocrx_word' id='word_1_157' title='bbox 507 2336 706 2403; x_wconf 88' lang='lat' dir='ltr'><strong>alioqui</strong></span> <span class='ocrx_word' id='word_1_158' title='bbox 739 2349 800 2387; x_wconf 89' lang='lat' dir='ltr'><strong>ea</strong></span> <span class='ocrx_word' id='word_1_159' title='bbox 845 2334 896 2386; x_wconf 90' lang='lat' dir='ltr'><strong>iu</strong></span> <span class='ocrx_word' id='word_1_160' title='bbox 931 2331 1127 2386; x_wconf 76' lang='lat' dir='ltr'><strong>vestris</strong></span> <span class='ocrx_word' id='word_1_161' title='bbox 1175 2328 1446 2383; x_wconf 88' lang='lat' dir='ltr'><strong>mentibus</strong></span> <span class='ocrx_word' id='word_1_162' title='bbox 1492 2328 1698 2382; x_wconf 81' lang='lat' dir='ltr'><strong>haerere</strong></span> <span class='ocrx_word' id='word_1_163' title='bbox 1728 2326 1887 2396; x_wconf 89' lang='lat' dir='ltr'><strong>cupio</strong></span> <span class='ocrx_word' id='word_1_164' title='bbox 1914 2328 1999 2380; x_wconf 90' lang='lat' dir='ltr'><strong>in-</strong></span> 
     </span>
    </p>
   </div>
   <div class='ocr_carea' id='block_1_26' title="bbox 409 2417 1995 2487">
    <p class='ocr_par' dir='ltr' id='par_1_26' title="bbox 409 2417 1995 2487">
     <span class='ocr_line' id='line_1_26' title="bbox 409 2417 1995 2487; baseline -0.007 -6"><span class='ocrx_word' id='word_1_165' title='bbox 409 2426 684 2481; x_wconf 84' lang='lat' dir='ltr'><strong>delebilia.</strong></span> <span class='ocrx_word' id='word_1_166' title='bbox 705 2423 983 2476; x_wconf 81' lang='lat' dir='ltr'><strong>Imitemur</strong></span> <span class='ocrx_word' id='word_1_167' title='bbox 1002 2429 1055 2474; x_wconf 90' lang='lat' dir='ltr'><strong>et</strong></span> <span class='ocrx_word' id='word_1_168' title='bbox 1083 2434 1180 2473; x_wconf 86' lang='lat' dir='ltr'><strong>nos</strong></span> <span class='ocrx_word' id='word_1_169' title='bbox 1202 2419 1485 2487; x_wconf 79' lang='lat' dir='ltr'><strong>religiosas</strong></span> <span class='ocrx_word' id='word_1_170' title='bbox 1521 2418 1682 2473; x_wconf 87' lang='lat' dir='ltr'><strong>hasce</strong></span> <span class='ocrx_word' id='word_1_171' title='bbox 1707 2417 1958 2472; x_wconf 90' lang='lat' dir='ltr'><strong>mulieres</strong></span> <span class='ocrx_word' id='word_1_172' title='bbox 1980 2432 1995 2482; x_wconf 89' lang='lat'>;</span> 
     </span>
    </p>
   </div>
   <div class='ocr_carea' id='block_1_27' title="bbox 407 2507 1996 2578">
    <p class='ocr_par' dir='ltr' id='par_1_27' title="bbox 407 2507 1996 2578">
     <span class='ocr_line' id='line_1_27' title="bbox 407 2507 1996 2578; baseline -0.008 -6"><span class='ocrx_word' id='word_1_173' title='bbox 407 2517 726 2572; x_wconf 67' lang='lat' dir='ltr'><strong>aemulemur</strong></span> <span class='ocrx_word' id='word_1_174' title='bbox 758 2524 810 2569; x_wconf 87' lang='lat' dir='ltr'><strong>et</strong></span> <span class='ocrx_word' id='word_1_175' title='bbox 844 2514 1038 2567; x_wconf 88' lang='lat' dir='ltr'><strong>bonam</strong></span> <span class='ocrx_word' id='word_1_176' title='bbox 1105 2510 1252 2565; x_wconf 89' lang='lat' dir='ltr'><strong>illam</strong></span> <span class='ocrx_word' id='word_1_177' title='bbox 1297 2507 1564 2563; x_wconf 82' lang='lat' dir='ltr'><strong>Joannam</strong></span> <span class='ocrx_word' id='word_1_178' title='bbox 1611 2508 1767 2578; x_wconf 87' lang='lat' dir='ltr'><strong>cujus</strong></span> <span class='ocrx_word' id='word_1_179' title='bbox 1801 2522 1996 2562; x_wconf 89' lang='lat' dir='ltr'><strong>nomen</strong></span> 
     </span>
    </p>
   </div>
   <div class='ocr_carea' id='block_1_28' title="bbox 409 2598 2001 2673">
    <p class='ocr_par' dir='ltr' id='par_1_28' title="bbox 409 2598 2001 2673">
     <span class='ocr_line' id='line_1_28' title="bbox 409 2598 2001 2673; baseline -0.006 -10"><span class='ocrx_word' id='word_1_180' title='bbox 409 2608 706 2664; x_wconf 86' lang='lat' dir='ltr'><strong>columbam</strong></span> <span class='ocrx_word' id='word_1_181' title='bbox 751 2605 1182 2673; x_wconf 88' lang='lat' dir='ltr'><strong>interpretatur;</strong></span> <span class='ocrx_word' id='word_1_182' title='bbox 1230 2615 1546 2655; x_wconf 83' lang='lat' dir='ltr'><strong>aversemur</strong></span> <span class='ocrx_word' id='word_1_183' title='bbox 1585 2598 1822 2654; x_wconf 86' lang='lat' dir='ltr'><strong>Chusam</strong></span> <span class='ocrx_word' id='word_1_184' title='bbox 1885 2615 2001 2654; x_wconf 89' lang='lat' dir='ltr'><strong>ma-</strong></span> 
     </span>
    </p>
   </div>
   <div class='ocr_carea' id='block_1_29' title="bbox 409 2689 1995 2762">
    <p class='ocr_par' dir='ltr' id='par_1_29' title="bbox 409 2689 1995 2762">
     <span class='ocr_line' id='line_1_29' title="bbox 409 2689 1995 2762; baseline -0.004 -12"><span class='ocrx_word' id='word_1_185' title='bbox 409 2699 596 2762; x_wconf 85' lang='lat' dir='ltr'><strong>ritum,</strong></span> <span class='ocrx_word' id='word_1_186' title='bbox 635 2709 846 2749; x_wconf 83' lang='lat' dir='ltr'><strong>sensum</strong></span> <span class='ocrx_word' id='word_1_187' title='bbox 873 2692 1081 2747; x_wconf 87' lang='lat' dir='ltr'><strong>scilicet</strong></span> <span class='ocrx_word' id='word_1_188' title='bbox 1107 2689 1312 2755; x_wconf 85' lang='lat' dir='ltr'><strong>carnis,</strong></span> <span class='ocrx_word' id='word_1_189' title='bbox 1353 2699 1410 2744; x_wconf 91' lang='lat' dir='ltr'><strong>et</strong></span> <span class='ocrx_word' id='word_1_190' title='bbox 1446 2705 1544 2745; x_wconf 85' lang='lat' dir='ltr'><strong>nos</strong></span> <span class='ocrx_word' id='word_1_191' title='bbox 1573 2689 1628 2744; x_wconf 91' lang='lat' dir='ltr'><strong>in</strong></span> <span class='ocrx_word' id='word_1_192' title='bbox 1654 2689 1995 2760; x_wconf 83' lang='lat' dir='ltr'><strong>disciplinam</strong></span> 
     </span>
    </p>
   </div>
   <div class='ocr_carea' id='block_1_30' title="bbox 408 2785 1997 2852">
    <p class='ocr_par' dir='ltr' id='par_1_30' title="bbox 408 2785 1997 2852">
     <span class='ocr_line' id='line_1_30' title="bbox 408 2785 1997 2852; baseline -0.002 -8"><span class='ocrx_word' id='word_1_193' title='bbox 408 2789 615 2845; x_wconf 84' lang='lat' dir='ltr'><strong>Christi</strong></span> <span class='ocrx_word' id='word_1_194' title='bbox 669 2789 986 2852; x_wconf 82' lang='lat' dir='ltr'><strong>tradamus,</strong></span> <span class='ocrx_word' id='word_1_195' title='bbox 1041 2786 1370 2841; x_wconf 79' lang='lat' dir='ltr'><strong>famulantes</strong></span> <span class='ocrx_word' id='word_1_196' title='bbox 1416 2787 1467 2841; x_wconf 89' lang='lat' dir='ltr'><strong>ei</strong></span> <span class='ocrx_word' id='word_1_197' title='bbox 1522 2801 1590 2841; x_wconf 82' lang='lat' dir='ltr'><strong>ex</strong></span> <span class='ocrx_word' id='word_1_198' title='bbox 1658 2785 1997 2841; x_wconf 84' lang='lat' dir='ltr'><strong>naturalibus</strong></span> 
     </span>
    </p>
   </div>
   <div class='ocr_carea' id='block_1_31' title="bbox 410 2876 1996 2947">
    <p class='ocr_par' dir='ltr' id='par_1_31' title="bbox 410 2876 1996 2947">
     <span class='ocr_line' id='line_1_31' title="bbox 410 2876 1996 2947; baseline -0.001 -13"><span class='ocrx_word' id='word_1_199' title='bbox 410 2880 609 2934; x_wconf 67' lang='lat' dir='ltr'><strong>animm</strong></span> <span class='ocrx_word' id='word_1_200' title='bbox 667 2886 867 2934; x_wconf 62' lang='lat' dir='ltr'><strong>nostra:</strong></span> <span class='ocrx_word' id='word_1_201' title='bbox 915 2877 1266 2933; x_wconf 76' lang='lat' dir='ltr'><strong>facultatibus</strong></span> <span class='ocrx_word' id='word_1_202' title='bbox 1314 2894 1329 2933; x_wconf 88' lang='lat'><strong>:</strong></span> <span class='ocrx_word' id='word_1_203' title='bbox 1367 2892 1578 2933; x_wconf 90' lang='lat' dir='ltr'><strong>morum</strong></span> <span class='ocrx_word' id='word_1_204' title='bbox 1645 2876 1996 2947; x_wconf 87' lang='lat' dir='ltr'><strong>simplicitate</strong></span> 
     </span>
    </p>
   </div>
   <div class='ocr_carea' id='block_1_32' title="bbox 412 2968 1997 3040">
    <p class='ocr_par' dir='ltr' id='par_1_32' title="bbox 412 2968 1997 3040">
     <span class='ocr_line' id='line_1_32' title="bbox 412 2968 1997 3040; baseline -0.003 -12"><span class='ocrx_word' id='word_1_205' title='bbox 412 2971 678 3028; x_wconf 77' lang='lat' dir='ltr'><strong>columbae</strong></span> <span class='ocrx_word' id='word_1_206' title='bbox 720 2970 928 3026; x_wconf 89' lang='lat' dir='ltr'><strong>similes</strong></span> <span class='ocrx_word' id='word_1_207' title='bbox 984 2971 1180 3037; x_wconf 87' lang='lat' dir='ltr'><strong>simus,</strong></span> <span class='ocrx_word' id='word_1_208' title='bbox 1240 2979 1300 3025; x_wconf 89' lang='lat' dir='ltr'><strong>ut</strong></span> <span class='ocrx_word' id='word_1_209' title='bbox 1369 2968 1633 3025; x_wconf 73' lang='lat' dir='ltr'><strong>columba:</strong></span> <span class='ocrx_word' id='word_1_210' title='bbox 1677 2968 1799 3039; x_wconf 87' lang='lat' dir='ltr'><strong>ejus</strong></span> <span class='ocrx_word' id='word_1_211' title='bbox 1877 2985 1997 3040; x_wconf 83' lang='lat' dir='ltr'><strong>quae</strong></span> 
     </span>
    </p>
   </div>
   <div class='ocr_carea' id='block_1_33' title="bbox 412 3061 1994 3134">
    <p class='ocr_par' dir='ltr' id='par_1_33' title="bbox 412 3061 1994 3134">
     <span class='ocr_line' id='line_1_33' title="bbox 412 3061 1994 3134; baseline -0.004 -12"><span class='ocrx_word' id='word_1_212' title='bbox 412 3068 681 3122; x_wconf 82' lang='lat' dir='ltr'><strong>devolavit</strong></span> <span class='ocrx_word' id='word_1_213' title='bbox 720 3066 774 3121; x_wconf 91' lang='lat' dir='ltr'><strong>iu</strong></span> <span class='ocrx_word' id='word_1_214' title='bbox 809 3065 1130 3131; x_wconf 79' lang='lat' dir='ltr'><strong>Jordanem,</strong></span> <span class='ocrx_word' id='word_1_215' title='bbox 1194 3064 1498 3134; x_wconf 74' lang='lat' dir='ltr'><strong>fulgoribus</strong></span> <span class='ocrx_word' id='word_1_216' title='bbox 1551 3061 1886 3118; x_wconf 90' lang='lat' dir='ltr'><strong>illustremur</strong></span> <span class='ocrx_word' id='word_1_217' title='bbox 1940 3062 1994 3116; x_wconf 91' lang='lat' dir='ltr'><strong>in</strong></span> 
     </span>
    </p>
   </div>
   <div class='ocr_carea' id='block_1_34' title="bbox 2098 584 3682 656">
    <p class='ocr_par' dir='ltr' id='par_1_34' title="bbox 2098 584 3682 656">
     <span class='ocr_line' id='line_1_34' title="bbox 2098 584 3682 656; baseline 0.001 -20"><span class='ocrx_word' id='word_1_218' title='bbox 2098 585 2322 656; x_wconf 77' lang='grc' dir='ltr'>ῥήματα</span> <span class='ocrx_word' id='word_1_219' title='bbox 2351 584 2569 648; x_wconf 77' lang='grc' dir='ltr'>αὐτῶν,</span> <span class='ocrx_word' id='word_1_220' title='bbox 2607 584 2702 638; x_wconf 74' lang='grc' dir='ltr'>καὶ</span> <span class='ocrx_word' id='word_1_221' title='bbox 2744 585 3010 655; x_wconf 74' lang='grc' dir='ltr'>ηπίστουν</span> <span class='ocrx_word' id='word_1_222' title='bbox 3049 587 3260 650; x_wconf 77' lang='grc' dir='ltr'>αὑταῖς.</span> <span class='ocrx_word' id='word_1_223' title='bbox 3296 606 3315 638; x_wconf 77' lang='grc' dir='ltr'><strong>ι</strong></span> <span class='ocrx_word' id='word_1_224' title='bbox 3366 584 3455 650; x_wconf 80' lang='grc' dir='ltr'>Ὦς</span> <span class='ocrx_word' id='word_1_225' title='bbox 3483 587 3682 653; x_wconf 78' lang='grc' dir='ltr'>ἔοικεν,</span> 
     </span>
    </p>
   </div>
   <div class='ocr_carea' id='block_1_35' title="bbox 2098 674 3681 747">
    <p class='ocr_par' dir='ltr' id='par_1_35' title="bbox 2098 674 3681 747">
     <span class='ocr_line' id='line_1_35' title="bbox 2098 674 3681 747; baseline 0.002 -20"><span class='ocrx_word' id='word_1_226' title='bbox 2098 676 2203 728; x_wconf 72' lang='grc' dir='ltr'><strong>ὑπὸ</strong></span> <span class='ocrx_word' id='word_1_227' title='bbox 2233 674 2507 746; x_wconf 83' lang='grc' dir='ltr'>τοσαύτης</span> <span class='ocrx_word' id='word_1_228' title='bbox 2553 677 2604 729; x_wconf 78' lang='lat' dir='ltr'><strong>oi</strong></span> <span class='ocrx_word' id='word_1_229' title='bbox 2637 676 2882 747; x_wconf 77' lang='grc' dir='ltr'>μαθηταὶ</span> <span class='ocrx_word' id='word_1_230' title='bbox 2916 676 3156 746; x_wconf 80' lang='grc' dir='ltr'><strong>ἀθυμίας</strong></span> <span class='ocrx_word' id='word_1_231' title='bbox 3194 676 3681 742; x_wconf 77' lang='grc' dir='ltr'>κατεϐαπτίξοντο,</span> 
     </span>
    </p>
   </div>
   <div class='ocr_carea' id='block_1_36' title="bbox 2097 767 3686 840">
    <p class='ocr_par' dir='ltr' id='par_1_36' title="bbox 2097 767 3686 840">
     <span class='ocr_line' id='line_1_36' title="bbox 2097 767 3686 840; baseline 0.001 -19"><span class='ocrx_word' id='word_1_232' title='bbox 2097 769 2171 833; x_wconf 87' lang='grc' dir='ltr'>ὡς</span> <span class='ocrx_word' id='word_1_233' title='bbox 2222 767 2508 840; x_wconf 80' lang='grc' dir='ltr'>φλήναφον</span> <span class='ocrx_word' id='word_1_234' title='bbox 2554 768 2875 837; x_wconf 86' lang='grc' dir='ltr'>λογίσασθαι</span> <span class='ocrx_word' id='word_1_235' title='bbox 2922 769 3032 824; x_wconf 87' lang='grc' dir='ltr'><strong>τῶν</strong></span> <span class='ocrx_word' id='word_1_236' title='bbox 3088 768 3355 838; x_wconf 78' lang='grc' dir='ltr'><strong>θεοφιλῶν</strong></span> <span class='ocrx_word' id='word_1_237' title='bbox 3402 768 3686 837; x_wconf 83' lang='grc' dir='ltr'>γυναικῶν</span> 
     </span>
    </p>
   </div>
   <div class='ocr_carea' id='block_1_37' title="bbox 2097 859 3684 933">
    <p class='ocr_par' dir='ltr' id='par_1_37' title="bbox 2097 859 3684 933">
     <span class='ocr_line' id='line_1_37' title="bbox 2097 859 3684 933; baseline 0.001 -20"><span class='ocrx_word' id='word_1_238' title='bbox 2097 860 2169 913; x_wconf 87' lang='grc' dir='ltr'>τὰ</span> <span class='ocrx_word' id='word_1_239' title='bbox 2209 860 2527 931; x_wconf 74' lang='grc' dir='ltr'><strong>μηνύματα.</strong></span> <span class='ocrx_word' id='word_1_240' title='bbox 2566 861 2881 928; x_wconf 84' lang='grc' dir='ltr'>Ζηλότυπον</span> <span class='ocrx_word' id='word_1_241' title='bbox 2914 861 3025 933; x_wconf 81' lang='grc' dir='ltr'>γὰρ</span> <span class='ocrx_word' id='word_1_242' title='bbox 3069 861 3271 924; x_wconf 80' lang='grc' dir='ltr'>αὐτοὺς</span> <span class='ocrx_word' id='word_1_243' title='bbox 3319 859 3492 924; x_wconf 81' lang='grc' dir='ltr'><strong>πάθος</strong></span> <span class='ocrx_word' id='word_1_244' title='bbox 3546 860 3684 915; x_wconf 79' lang='grc' dir='ltr'>ὑπέ-</span> 
     </span>
    </p>
   </div>
   <div class='ocr_carea' id='block_1_38' title="bbox 2097 949 3684 1021">
    <p class='ocr_par' dir='ltr' id='par_1_38' title="bbox 2097 949 3684 1021">
     <span class='ocr_line' id='line_1_38' title="bbox 2097 949 3684 1021; baseline 0.001 -17"><span class='ocrx_word' id='word_1_245' title='bbox 2097 950 2283 1014; x_wconf 78' lang='grc' dir='ltr'>κνιζεν</span> <span class='ocrx_word' id='word_1_246' title='bbox 2312 990 2329 1017; x_wconf 92' lang='grc'><strong>,</strong></span> <span class='ocrx_word' id='word_1_247' title='bbox 2375 950 2458 1004; x_wconf 83' lang='grc' dir='ltr'>ὅτι</span> <span class='ocrx_word' id='word_1_248' title='bbox 2500 951 2782 1019; x_wconf 86' lang='grc' dir='ltr'>γυναικῶν</span> <span class='ocrx_word' id='word_1_249' title='bbox 2824 952 3086 1020; x_wconf 81' lang='grc' dir='ltr'>γεγόνασι</span> <span class='ocrx_word' id='word_1_250' title='bbox 3116 951 3385 1021; x_wconf 89' lang='grc' dir='ltr'>δεύτεροι.</span> <span class='ocrx_word' id='word_1_251' title='bbox 3448 968 3470 1003; x_wconf 75' lang='grc' dir='ltr'><strong>ι</strong></span> <span class='ocrx_word' id='word_1_252' title='bbox 3520 949 3579 1004; x_wconf 85' lang='lat'><strong>&#39;0</strong></span> <span class='ocrx_word' id='word_1_253' title='bbox 3626 952 3684 1005; x_wconf 81' lang='grc' dir='ltr'>δὲ</span> 
     </span>
    </p>
   </div>
   <div class='ocr_carea' id='block_1_39' title="bbox 2097 1043 3655 1115">
    <p class='ocr_par' dir='ltr' id='par_1_39' title="bbox 2097 1043 3655 1115">
     <span class='ocr_line' id='line_1_39' title="bbox 2097 1043 3655 1115; baseline -0.003 -17"><span class='ocrx_word' id='word_1_254' title='bbox 2097 1046 2303 1115; x_wconf 79' lang='grc' dir='ltr'><strong>Πέτρος</strong></span> <span class='ocrx_word' id='word_1_255' title='bbox 2327 1043 2568 1107; x_wconf 82' lang='grc' dir='ltr'>ἀναστὰς</span> <span class='ocrx_word' id='word_1_256' title='bbox 2596 1043 2832 1114; x_wconf 79' lang='grc' dir='ltr'><strong>ἔδραμεν</strong></span> <span class='ocrx_word' id='word_1_257' title='bbox 2884 1045 2977 1096; x_wconf 74' lang='grc' dir='ltr'><strong>ἐπὶ</strong></span> <span class='ocrx_word' id='word_1_258' title='bbox 2997 1043 3059 1097; x_wconf 81' lang='grc' dir='ltr'>τὸ</span> <span class='ocrx_word' id='word_1_259' title='bbox 3084 1045 3352 1115; x_wconf 82' lang='grc' dir='ltr'>μνημεῖον</span> <span class='ocrx_word' id='word_1_260' title='bbox 3371 1083 3386 1109; x_wconf 91' lang='grc'><strong>,</strong></span> <span class='ocrx_word' id='word_1_261' title='bbox 3442 1043 3539 1096; x_wconf 73' lang='grc' dir='ltr'>καὶ</span> <span class='ocrx_word' id='word_1_262' title='bbox 3581 1059 3655 1094; x_wconf 73' lang='grc' dir='ltr'>πκ</span> 
     </span>
    </p>
   </div>
   <div class='ocr_carea' id='block_1_40' title="bbox 2101 1135 3685 1209">
    <p class='ocr_par' dir='ltr' id='par_1_40' title="bbox 2101 1135 3685 1209">
     <span class='ocr_line' id='line_1_40' title="bbox 2101 1135 3685 1209; baseline -0.003 -18"><span class='ocrx_word' id='word_1_263' title='bbox 2101 1137 2352 1209; x_wconf 75' lang='grc' dir='ltr'>ρακύψας</span> <span class='ocrx_word' id='word_1_264' title='bbox 2380 1136 2567 1207; x_wconf 82' lang='grc' dir='ltr'><strong>βλέπει</strong></span> <span class='ocrx_word' id='word_1_265' title='bbox 2590 1136 2660 1190; x_wconf 67' lang='grc' dir='ltr'>τὰ</span> <span class='ocrx_word' id='word_1_266' title='bbox 2689 1137 2871 1192; x_wconf 83' lang='grc' dir='ltr'>ὀθόνια</span> <span class='ocrx_word' id='word_1_267' title='bbox 2902 1137 3130 1207; x_wconf 87' lang='grc' dir='ltr'>κείμενα</span> <span class='ocrx_word' id='word_1_268' title='bbox 3162 1137 3321 1208; x_wconf 87' lang='grc' dir='ltr'>μόνα,</span> <span class='ocrx_word' id='word_1_269' title='bbox 3352 1136 3445 1190; x_wconf 76' lang='grc' dir='ltr'>καὶ</span> <span class='ocrx_word' id='word_1_270' title='bbox 3471 1135 3610 1204; x_wconf 76' lang='grc' dir='ltr'>ἀπῆῖ</span> <span class='ocrx_word' id='word_1_271' title='bbox 3624 1135 3685 1187; x_wconf 89' lang='grc' dir='ltr'><strong>θε</strong></span> 
     </span>
    </p>
   </div>
   <div class='ocr_carea' id='block_1_41' title="bbox 2099 1227 3686 1299">
    <p class='ocr_par' dir='ltr' id='par_1_41' title="bbox 2099 1227 3686 1299">
     <span class='ocr_line' id='line_1_41' title="bbox 2099 1227 3686 1299; baseline -0.002 -17"><span class='ocrx_word' id='word_1_272' title='bbox 2099 1230 2240 1299; x_wconf 82' lang='grc' dir='ltr'>πρὸς</span> <span class='ocrx_word' id='word_1_273' title='bbox 2265 1229 2459 1282; x_wconf 78' lang='grc' dir='ltr'>ἑαυτὸν</span> <span class='ocrx_word' id='word_1_274' title='bbox 2503 1227 2803 1299; x_wconf 73' lang='grc' dir='ltr'><strong>θαυμάζων</strong></span> <span class='ocrx_word' id='word_1_275' title='bbox 2824 1230 2887 1282; x_wconf 80' lang='grc' dir='ltr'>τὸ</span> <span class='ocrx_word' id='word_1_276' title='bbox 2928 1228 3178 1297; x_wconf 63' lang='grc' dir='ltr'>γεγονός.</span> <span class='ocrx_word' id='word_1_277' title='bbox 3216 1247 3236 1281; x_wconf 72' lang='grc' dir='ltr'><strong>ι</strong></span> <span class='ocrx_word' id='word_1_278' title='bbox 3269 1229 3366 1292; x_wconf 88' lang='grc' dir='ltr'>Είς</span> <span class='ocrx_word' id='word_1_279' title='bbox 3398 1227 3490 1280; x_wconf 80' lang='grc' dir='ltr'><strong>τὸν</strong></span> <span class='ocrx_word' id='word_1_280' title='bbox 3514 1228 3686 1296; x_wconf 76' lang='grc' dir='ltr'>τάφον</span> 
     </span>
    </p>
   </div>
   <div class='ocr_carea' id='block_1_42' title="bbox 2095 1318 3683 1393">
    <p class='ocr_par' dir='ltr' id='par_1_42' title="bbox 2095 1318 3683 1393">
     <span class='ocr_line' id='line_1_42' title="bbox 2095 1318 3683 1393; baseline -0.004 -18"><span class='ocrx_word' id='word_1_281' title='bbox 2095 1320 2192 1375; x_wconf 80' lang='grc' dir='ltr'><strong>τοῦ</strong></span> <span class='ocrx_word' id='word_1_282' title='bbox 2225 1322 2431 1393; x_wconf 80' lang='grc' dir='ltr'><strong>Πέτρου</strong></span> <span class='ocrx_word' id='word_1_283' title='bbox 2489 1320 2691 1392; x_wconf 86' lang='grc' dir='ltr'><strong>δρόμον</strong></span> <span class='ocrx_word' id='word_1_284' title='bbox 2784 1321 2877 1374; x_wconf 73' lang='grc' dir='ltr'>καὶ</span> <span class='ocrx_word' id='word_1_285' title='bbox 2919 1320 3028 1373; x_wconf 91' lang='grc' dir='ltr'><strong>τῶν</strong></span> <span class='ocrx_word' id='word_1_286' title='bbox 3072 1320 3297 1374; x_wconf 80' lang='grc' dir='ltr'><strong>ὀθονίων</strong></span> <span class='ocrx_word' id='word_1_287' title='bbox 3344 1320 3444 1391; x_wconf 83' lang='grc' dir='ltr'><strong>τὴν</strong></span> <span class='ocrx_word' id='word_1_288' title='bbox 3491 1318 3620 1373; x_wconf 85' lang='grc' dir='ltr'>θέαν</span> <span class='ocrx_word' id='word_1_289' title='bbox 3650 1320 3683 1388; x_wconf 75' lang='grc' dir='ltr'>ἡ</span> 
     </span>
    </p>
   </div>
   <div class='ocr_carea' id='block_1_43' title="bbox 2099 1411 3684 1485">
    <p class='ocr_par' dir='ltr' id='par_1_43' title="bbox 2099 1411 3684 1485">
     <span class='ocr_line' id='line_1_43' title="bbox 2099 1411 3684 1485; baseline -0.003 -16"><span class='ocrx_word' id='word_1_290' title='bbox 2099 1415 2384 1484; x_wconf 83' lang='grc' dir='ltr'>θεολογικὴ</span> <span class='ocrx_word' id='word_1_291' title='bbox 2412 1413 2710 1485; x_wconf 76' lang='grc' dir='ltr'>συγγραφὴ</span> <span class='ocrx_word' id='word_1_292' title='bbox 2746 1413 3088 1484; x_wconf 81' lang='grc' dir='ltr'><strong>πλατύτερον</strong></span> <span class='ocrx_word' id='word_1_293' title='bbox 3115 1414 3462 1484; x_wconf 72' lang='grc' dir='ltr'>ἀφηγήσατο.</span> <span class='ocrx_word' id='word_1_294' title='bbox 3493 1411 3684 1482; x_wconf 87' lang='grc' dir='ltr'>Ὅμως</span> 
     </span>
    </p>
   </div>
   <div class='ocr_carea' id='block_1_44' title="bbox 2097 1500 3684 1577">
    <p class='ocr_par' dir='ltr' id='par_1_44' title="bbox 2097 1500 3684 1577">
     <span class='ocr_line' id='line_1_44' title="bbox 2097 1500 3684 1577; baseline -0.003 -17"><span class='ocrx_word' id='word_1_295' title='bbox 2097 1507 2199 1575; x_wconf 78' lang='grc' dir='ltr'>τῆς</span> <span class='ocrx_word' id='word_1_296' title='bbox 2252 1506 2474 1577; x_wconf 84' lang='grc' dir='ltr'>Μαρίας</span> <span class='ocrx_word' id='word_1_297' title='bbox 2518 1504 2966 1575; x_wconf 83' lang='grc' dir='ltr'><strong>ἀπαγγειλάσης,</strong></span> <span class='ocrx_word' id='word_1_298' title='bbox 3016 1506 3096 1559; x_wconf 78' lang='grc' dir='ltr'><strong>ὅτι</strong></span> <span class='ocrx_word' id='word_1_299' title='bbox 3156 1500 3301 1576; x_wconf 81' lang='grc' dir='ltr'>ἦραν</span> <span class='ocrx_word' id='word_1_300' title='bbox 3345 1504 3435 1557; x_wconf 78' lang='grc' dir='ltr'><strong>τὸν</strong></span> <span class='ocrx_word' id='word_1_301' title='bbox 3477 1503 3684 1574; x_wconf 80' lang='grc' dir='ltr'>Κύριον</span> 
     </span>
    </p>
   </div>
   <div class='ocr_carea' id='block_1_45' title="bbox 2098 1596 3685 1670">
    <p class='ocr_par' dir='ltr' id='par_1_45' title="bbox 2098 1596 3685 1670">
     <span class='ocr_line' id='line_1_45' title="bbox 2098 1596 3685 1670; baseline -0.003 -16"><span class='ocrx_word' id='word_1_302' title='bbox 2098 1602 2165 1654; x_wconf 77' lang='grc' dir='ltr'>ἐκ</span> <span class='ocrx_word' id='word_1_303' title='bbox 2227 1599 2324 1654; x_wconf 82' lang='grc' dir='ltr'>τοῦ</span> <span class='ocrx_word' id='word_1_304' title='bbox 2384 1599 2680 1670; x_wconf 80' lang='grc' dir='ltr'><strong>μνημείου,</strong></span> <span class='ocrx_word' id='word_1_305' title='bbox 2732 1599 2939 1670; x_wconf 82' lang='grc' dir='ltr'>Πέτρος</span> <span class='ocrx_word' id='word_1_306' title='bbox 2998 1600 3093 1652; x_wconf 80' lang='grc' dir='ltr'>καὶ</span> <span class='ocrx_word' id='word_1_307' title='bbox 3164 1597 3422 1668; x_wconf 82' lang='grc' dir='ltr'><strong>Ἰωάννης</strong></span> <span class='ocrx_word' id='word_1_308' title='bbox 3479 1596 3685 1667; x_wconf 81' lang='grc' dir='ltr'>σπουδῇ</span> 
     </span>
    </p>
   </div>
   <div class='ocr_carea' id='block_1_46' title="bbox 2100 1689 3689 1763">
    <p class='ocr_par' dir='ltr' id='par_1_46' title="bbox 2100 1689 3689 1763">
     <span class='ocr_line' id='line_1_46' title="bbox 2100 1689 3689 1763; baseline -0.003 -16"><span class='ocrx_word' id='word_1_309' title='bbox 2100 1693 2518 1763; x_wconf 82' lang='grc' dir='ltr'>παραγίνονται,</span> <span class='ocrx_word' id='word_1_310' title='bbox 2573 1693 2666 1746; x_wconf 76' lang='grc' dir='ltr'>καὶ</span> <span class='ocrx_word' id='word_1_311' title='bbox 2711 1692 2801 1746; x_wconf 77' lang='grc' dir='ltr'><strong>διὰ</strong></span> <span class='ocrx_word' id='word_1_312' title='bbox 2861 1690 2971 1746; x_wconf 88' lang='grc' dir='ltr'><strong>τῶν</strong></span> <span class='ocrx_word' id='word_1_313' title='bbox 3023 1691 3246 1745; x_wconf 82' lang='grc' dir='ltr'><strong>ὀθονίων</strong></span> <span class='ocrx_word' id='word_1_314' title='bbox 3272 1690 3368 1744; x_wconf 73' lang='lat' dir='ltr'><strong>xui.</strong></span> <span class='ocrx_word' id='word_1_315' title='bbox 3402 1689 3524 1748; x_wconf 71' lang='grc' dir='ltr'><strong>τοῦΔ</strong></span> <span class='ocrx_word' id='word_1_316' title='bbox 3565 1707 3689 1743; x_wconf 78' lang='grc' dir='ltr'>σου·</span> 
     </span>
    </p>
   </div>
   <div class='ocr_carea' id='block_1_47' title="bbox 2098 1784 3689 1858">
    <p class='ocr_par' dir='ltr' id='par_1_47' title="bbox 2098 1784 3689 1858">
     <span class='ocr_line' id='line_1_47' title="bbox 2098 1784 3689 1858; baseline -0.002 -19"><span class='ocrx_word' id='word_1_317' title='bbox 2098 1786 2285 1858; x_wconf 86' lang='grc' dir='ltr'>δαρίου</span> <span class='ocrx_word' id='word_1_318' title='bbox 2339 1785 2439 1858; x_wconf 84' lang='grc' dir='ltr'>τὴν</span> <span class='ocrx_word' id='word_1_319' title='bbox 2489 1787 2791 1841; x_wconf 83' lang='grc' dir='ltr'>ἀνάστασιν</span> <span class='ocrx_word' id='word_1_320' title='bbox 2849 1786 3251 1856; x_wconf 84' lang='grc' dir='ltr'>ἐτεκμήραντο.</span> <span class='ocrx_word' id='word_1_321' title='bbox 3302 1784 3581 1855; x_wconf 79' lang='grc' dir='ltr'>Θαυμάζει</span> <span class='ocrx_word' id='word_1_322' title='bbox 3627 1784 3689 1837; x_wconf 74' lang='grc' dir='ltr'>δὲ</span> 
     </span>
    </p>
   </div>
   <div class='ocr_carea' id='block_1_48' title="bbox 2100 1875 3687 1948">
    <p class='ocr_par' dir='ltr' id='par_1_48' title="bbox 2100 1875 3687 1948">
     <span class='ocr_line' id='line_1_48' title="bbox 2100 1875 3687 1948; baseline -0.003 -17"><span class='ocrx_word' id='word_1_323' title='bbox 2100 1880 2127 1931; x_wconf 90' lang='grc' dir='ltr'><strong>ὀ</strong></span> <span class='ocrx_word' id='word_1_324' title='bbox 2149 1878 2354 1948; x_wconf 79' lang='grc' dir='ltr'>Πέτρος</span> <span class='ocrx_word' id='word_1_325' title='bbox 2375 1879 2436 1931; x_wconf 86' lang='grc' dir='ltr'>τὸ</span> <span class='ocrx_word' id='word_1_326' title='bbox 2458 1878 2707 1947; x_wconf 81' lang='grc' dir='ltr'>γεγονὸς,</span> <span class='ocrx_word' id='word_1_327' title='bbox 2737 1879 2833 1933; x_wconf 77' lang='grc' dir='ltr'>ἅτε</span> <span class='ocrx_word' id='word_1_328' title='bbox 2866 1876 3046 1942; x_wconf 81' lang='grc' dir='ltr'>εἰδὼς,</span> <span class='ocrx_word' id='word_1_329' title='bbox 3076 1877 3152 1941; x_wconf 85' lang='grc' dir='ltr'>ὡς</span> <span class='ocrx_word' id='word_1_330' title='bbox 3181 1878 3312 1947; x_wconf 83' lang='grc' dir='ltr'>ἀλόῃ</span> <span class='ocrx_word' id='word_1_331' title='bbox 3346 1876 3442 1930; x_wconf 78' lang='grc' dir='ltr'>καὶ</span> <span class='ocrx_word' id='word_1_332' title='bbox 3471 1875 3687 1947; x_wconf 83' lang='grc' dir='ltr'>σμύρνῃ</span> 
     </span>
    </p>
   </div>
   <div class='ocr_carea' id='block_1_49' title="bbox 2100 1961 3687 2039">
    <p class='ocr_par' dir='ltr' id='par_1_49' title="bbox 2100 1961 3687 2039">
     <span class='ocr_line' id='line_1_49' title="bbox 2100 1961 3687 2039; baseline -0.001 -19"><span class='ocrx_word' id='word_1_333' title='bbox 2100 1968 2166 2022; x_wconf 71' lang='grc' dir='ltr'>τὰ</span> <span class='ocrx_word' id='word_1_334' title='bbox 2194 1967 2380 2022; x_wconf 79' lang='grc' dir='ltr'>ὀθόνια</span> <span class='ocrx_word' id='word_1_335' title='bbox 2407 1968 2862 2039; x_wconf 82' lang='grc' dir='ltr'>ὲγκεκολλημένα</span> <span class='ocrx_word' id='word_1_336' title='bbox 2916 1967 2995 2037; x_wconf 83' lang='grc' dir='ltr'>τῷ</span> <span class='ocrx_word' id='word_1_337' title='bbox 3043 1966 3356 2038; x_wconf 84' lang='grc' dir='ltr'>δεσποτικῷ</span> <span class='ocrx_word' id='word_1_338' title='bbox 3407 1961 3549 2036; x_wconf 82' lang='grc' dir='ltr'>ἦσαν</span> <span class='ocrx_word' id='word_1_339' title='bbox 3578 1965 3687 2019; x_wconf 84' lang='grc' dir='ltr'><strong>σώ-</strong></span> 
     </span>
    </p>
   </div>
   <div class='ocr_carea' id='block_1_50' title="bbox 2104 2055 3687 2133">
    <p class='ocr_par' dir='ltr' id='par_1_50' title="bbox 2104 2055 3687 2133">
     <span class='ocr_line' id='line_1_50' title="bbox 2104 2055 3687 2133; baseline -0.001 -21"><span class='ocrx_word' id='word_1_340' title='bbox 2104 2076 2257 2130; x_wconf 87' lang='grc' dir='ltr'>ματι,</span> <span class='ocrx_word' id='word_1_341' title='bbox 2321 2061 2416 2113; x_wconf 73' lang='grc' dir='ltr'>καὶ</span> <span class='ocrx_word' id='word_1_342' title='bbox 2466 2055 2534 2130; x_wconf 77' lang='grc' dir='ltr'><strong>ἦν</strong></span> <span class='ocrx_word' id='word_1_343' title='bbox 2580 2060 2850 2133; x_wconf 75' lang='grc' dir='ltr'>δυσχερὴς</span> <span class='ocrx_word' id='word_1_344' title='bbox 2905 2063 2940 2132; x_wconf 76' lang='grc' dir='ltr'><strong>ἡ</strong></span> <span class='ocrx_word' id='word_1_345' title='bbox 2993 2060 3205 2114; x_wconf 87' lang='grc' dir='ltr'>τούτων</span> <span class='ocrx_word' id='word_1_346' title='bbox 3258 2059 3563 2121; x_wconf 78' lang='grc' dir='ltr'>ἀπόστασις</span> <span class='ocrx_word' id='word_1_347' title='bbox 3623 2057 3687 2111; x_wconf 75' lang='lat' dir='ltr'><strong>Ei</strong></span> 
     </span>
    </p>
   </div>
   <div class='ocr_carea' id='block_1_51' title="bbox 2098 2150 3687 2222">
    <p class='ocr_par' dir='ltr' id='par_1_51' title="bbox 2098 2150 3687 2222">
     <span class='ocr_line' id='line_1_51' title="bbox 2098 2150 3687 2222; baseline 0 -19"><span class='ocrx_word' id='word_1_348' title='bbox 2098 2150 2154 2203; x_wconf 89' lang='grc' dir='ltr'>δὲ</span> <span class='ocrx_word' id='word_1_349' title='bbox 2208 2150 2303 2204; x_wconf 79' lang='grc' dir='ltr'>καὶ</span> <span class='ocrx_word' id='word_1_350' title='bbox 2351 2150 2587 2221; x_wconf 82' lang='grc' dir='ltr'>ἀλλαχοῦ</span> <span class='ocrx_word' id='word_1_351' title='bbox 2616 2153 2746 2222; x_wconf 78' lang='grc' dir='ltr'>περὶ</span> <span class='ocrx_word' id='word_1_352' title='bbox 2798 2150 3005 2205; x_wconf 90' lang='grc' dir='ltr'>τούτων</span> <span class='ocrx_word' id='word_1_353' title='bbox 3030 2169 3120 2222; x_wconf 88' lang='grc' dir='ltr'>μοι</span> <span class='ocrx_word' id='word_1_354' title='bbox 3148 2151 3418 2216; x_wconf 77' lang='grc' dir='ltr'>λέλεκται,</span> <span class='ocrx_word' id='word_1_355' title='bbox 3456 2151 3531 2221; x_wconf 80' lang='grc' dir='ltr'><strong>μὴ</strong></span> <span class='ocrx_word' id='word_1_356' title='bbox 3559 2150 3687 2204; x_wconf 86' lang='grc' dir='ltr'>θαυ-</span> 
     </span>
    </p>
   </div>
   <div class='ocr_carea' id='block_1_52' title="bbox 2104 2237 3689 2311">
    <p class='ocr_par' dir='ltr' id='par_1_52' title="bbox 2104 2237 3689 2311">
     <span class='ocr_line' id='line_1_52' title="bbox 2104 2237 3689 2311; baseline -0.001 -19"><span class='ocrx_word' id='word_1_357' title='bbox 2104 2237 2316 2311; x_wconf 78' lang='grc' dir='ltr'>μάζητε</span> <span class='ocrx_word' id='word_1_358' title='bbox 2345 2257 2360 2272; x_wconf 78' lang='grc' dir='ltr'><strong>ο</strong></span> <span class='ocrx_word' id='word_1_359' title='bbox 2395 2240 2466 2294; x_wconf 73' lang='grc' dir='ltr'><strong>τὰ</strong></span> <span class='ocrx_word' id='word_1_360' title='bbox 2500 2240 2613 2311; x_wconf 81' lang='grc' dir='ltr'><strong>γὰρ</strong></span> <span class='ocrx_word' id='word_1_361' title='bbox 2639 2239 2781 2294; x_wconf 86' lang='grc' dir='ltr'>καλὰ</span> <span class='ocrx_word' id='word_1_362' title='bbox 2832 2241 2931 2294; x_wconf 83' lang='grc' dir='ltr'>οὐκ</span> <span class='ocrx_word' id='word_1_363' title='bbox 2954 2241 3081 2311; x_wconf 80' lang='grc' dir='ltr'>ἀνιᾷ</span> <span class='ocrx_word' id='word_1_364' title='bbox 3115 2239 3375 2301; x_wconf 82' lang='grc' dir='ltr'>πολλάκις</span> <span class='ocrx_word' id='word_1_365' title='bbox 3398 2238 3689 2309; x_wconf 75' lang='grc' dir='ltr'>λεγόμενα.</span> 
     </span>
    </p>
   </div>
   <div class='ocr_carea' id='block_1_53' title="bbox 2100 2331 3693 2404">
    <p class='ocr_par' dir='ltr' id='par_1_53' title="bbox 2100 2331 3693 2404">
     <span class='ocr_line' id='line_1_53' title="bbox 2100 2331 3693 2404; baseline -0.003 -17"><span class='ocrx_word' id='word_1_366' title='bbox 2100 2333 2212 2387; x_wconf 81' lang='grc' dir='ltr'>Καὶ</span> <span class='ocrx_word' id='word_1_367' title='bbox 2268 2332 2442 2397; x_wconf 78' lang='grc' dir='ltr'>ἄλλως</span> <span class='ocrx_word' id='word_1_368' title='bbox 2492 2333 2548 2386; x_wconf 86' lang='grc' dir='ltr'>δὲ</span> <span class='ocrx_word' id='word_1_369' title='bbox 2597 2331 2862 2404; x_wconf 82' lang='grc' dir='ltr'>βούλομαι</span> <span class='ocrx_word' id='word_1_370' title='bbox 2893 2334 3078 2404; x_wconf 87' lang='grc' dir='ltr'>μένειν</span> <span class='ocrx_word' id='word_1_371' title='bbox 3107 2334 3248 2387; x_wconf 63' lang='grc' dir='ltr'>αὐτὰ</span> <span class='ocrx_word' id='word_1_372' title='bbox 3302 2336 3422 2396; x_wconf 89' lang='grc' dir='ltr'>ταῖς</span> <span class='ocrx_word' id='word_1_373' title='bbox 3475 2331 3693 2401; x_wconf 83' lang='grc' dir='ltr'>μνείαις</span> 
     </span>
    </p>
   </div>
   <div class='ocr_carea' id='block_1_54' title="bbox 2101 2421 3692 2495">
    <p class='ocr_par' dir='ltr' id='par_1_54' title="bbox 2101 2421 3692 2495">
     <span class='ocr_line' id='line_1_54' title="bbox 2101 2421 3692 2495; baseline -0.003 -17"><span class='ocrx_word' id='word_1_374' title='bbox 2101 2424 2256 2494; x_wconf 84' lang='grc' dir='ltr'>ὑμῶν</span> <span class='ocrx_word' id='word_1_375' title='bbox 2284 2424 2668 2490; x_wconf 80' lang='grc' dir='ltr'>ἀνεξάλειπτα.</span> <span class='ocrx_word' id='word_1_376' title='bbox 2698 2423 3094 2495; x_wconf 84' lang='grc' dir='ltr'>Μιμησὼμεθα</span> <span class='ocrx_word' id='word_1_377' title='bbox 3123 2424 3217 2478; x_wconf 73' lang='grc' dir='ltr'><strong>καὶ</strong></span> <span class='ocrx_word' id='word_1_378' title='bbox 3238 2425 3401 2493; x_wconf 79' lang='grc' dir='ltr'>ἡμεῖς</span> <span class='ocrx_word' id='word_1_379' title='bbox 3431 2423 3530 2485; x_wconf 83' lang='grc' dir='ltr'><strong>τὰς</strong></span> <span class='ocrx_word' id='word_1_380' title='bbox 3570 2421 3692 2475; x_wconf 86' lang='grc' dir='ltr'>θεο-</span> 
     </span>
    </p>
   </div>
   <div class='ocr_carea' id='block_1_55' title="bbox 2101 2513 3690 2587">
    <p class='ocr_par' dir='ltr' id='par_1_55' title="bbox 2101 2513 3690 2587">
     <span class='ocr_line' id='line_1_55' title="bbox 2101 2513 3690 2587; baseline -0.002 -18"><span class='ocrx_word' id='word_1_381' title='bbox 2101 2517 2277 2584; x_wconf 81' lang='grc' dir='ltr'>φιλεῖς</span> <span class='ocrx_word' id='word_1_382' title='bbox 2327 2516 2535 2580; x_wconf 92' lang='grc' dir='ltr'>ταύτας</span> <span class='ocrx_word' id='word_1_383' title='bbox 2590 2518 2901 2586; x_wconf 80' lang='grc' dir='ltr'>γυναῖκας’</span> <span class='ocrx_word' id='word_1_384' title='bbox 2971 2514 3308 2587; x_wconf 75' lang='grc' dir='ltr'>ζηλὼσωμεν</span> <span class='ocrx_word' id='word_1_385' title='bbox 3357 2515 3459 2585; x_wconf 77' lang='grc' dir='ltr'>τὴν</span> <span class='ocrx_word' id='word_1_386' title='bbox 3516 2513 3690 2584; x_wconf 76' lang='grc' dir='ltr'>καλὴν</span> 
     </span>
    </p>
   </div>
   <div class='ocr_carea' id='block_1_56' title="bbox 2112 2604 3692 2679">
    <p class='ocr_par' dir='ltr' id='par_1_56' title="bbox 2112 2604 3692 2679">
     <span class='ocr_line' id='line_1_56' title="bbox 2112 2604 3692 2679; baseline -0.002 -18"><span class='ocrx_word' id='word_1_387' title='bbox 2112 2607 2388 2673; x_wconf 85' lang='grc' dir='ltr'>Ἰωάνναν,</span> <span class='ocrx_word' id='word_1_388' title='bbox 2408 2608 2531 2679; x_wconf 74' lang='grc' dir='ltr'>ἥτις</span> <span class='ocrx_word' id='word_1_389' title='bbox 2557 2608 2880 2676; x_wconf 78' lang='grc' dir='ltr'>περιστερὰ</span> <span class='ocrx_word' id='word_1_390' title='bbox 2901 2607 3267 2679; x_wconf 76' lang='grc' dir='ltr'>ἑρμηνεύεται</span> <span class='ocrx_word' id='word_1_391' title='bbox 3293 2621 3308 2635; x_wconf 84' lang='lat'><strong><em>°</em></strong></span> <span class='ocrx_word' id='word_1_392' title='bbox 3339 2604 3692 2677; x_wconf 71' lang='grc' dir='ltr'>ἀποστέρξωο</span> 
     </span>
    </p>
   </div>
   <div class='ocr_carea' id='block_1_57' title="bbox 2102 2696 3691 2768">
    <p class='ocr_par' dir='ltr' id='par_1_57' title="bbox 2102 2696 3691 2768">
     <span class='ocr_line' id='line_1_57' title="bbox 2102 2696 3691 2768; baseline 0.001 -18"><span class='ocrx_word' id='word_1_393' title='bbox 2102 2715 2208 2767; x_wconf 86' lang='grc' dir='ltr'><strong>μεν</strong></span> <span class='ocrx_word' id='word_1_394' title='bbox 2249 2699 2341 2752; x_wconf 77' lang='grc' dir='ltr'>τὸν</span> <span class='ocrx_word' id='word_1_395' title='bbox 2374 2699 2621 2753; x_wconf 87' lang='grc' dir='ltr'>σύνοικον</span> <span class='ocrx_word' id='word_1_396' title='bbox 2660 2699 2880 2766; x_wconf 73' lang='grc' dir='ltr'>Κουςῶ,</span> <span class='ocrx_word' id='word_1_397' title='bbox 2903 2700 2960 2763; x_wconf 85' lang='grc' dir='ltr'>ὃς</span> <span class='ocrx_word' id='word_1_398' title='bbox 2996 2700 3113 2752; x_wconf 69' lang='grc' dir='ltr'>ἐστι</span> <span class='ocrx_word' id='word_1_399' title='bbox 3160 2698 3229 2752; x_wconf 89' lang='grc' dir='ltr'>τὸ</span> <span class='ocrx_word' id='word_1_400' title='bbox 3261 2698 3539 2768; x_wconf 72' lang='grc' dir='ltr'><strong>φρόνημα</strong></span> <span class='ocrx_word' id='word_1_401' title='bbox 3575 2696 3691 2765; x_wconf 80' lang='grc' dir='ltr'>τῆς</span> 
     </span>
    </p>
   </div>
   <div class='ocr_carea' id='block_1_58' title="bbox 2099 2787 3691 2864">
    <p class='ocr_par' dir='ltr' id='par_1_58' title="bbox 2099 2787 3691 2864">
     <span class='ocr_line' id='line_1_58' title="bbox 2099 2787 3691 2864; baseline 0 -22"><span class='ocrx_word' id='word_1_402' title='bbox 2099 2788 2355 2857; x_wconf 84' lang='grc' dir='ltr'>σαρκὸς,</span> <span class='ocrx_word' id='word_1_403' title='bbox 2380 2791 2476 2844; x_wconf 81' lang='grc' dir='ltr'>καὶ</span> <span class='ocrx_word' id='word_1_404' title='bbox 2516 2789 2952 2861; x_wconf 87' lang='grc' dir='ltr'>μαθητευθῶμεν</span> <span class='ocrx_word' id='word_1_405' title='bbox 2981 2791 3060 2864; x_wconf 83' lang='grc' dir='ltr'><strong>τῷ</strong></span> <span class='ocrx_word' id='word_1_406' title='bbox 3090 2791 3337 2863; x_wconf 78' lang='grc' dir='ltr'>Χριστῷ,</span> <span class='ocrx_word' id='word_1_407' title='bbox 3372 2787 3691 2844; x_wconf 81' lang='grc' dir='ltr'>διακονοῦν-</span> 
     </span>
    </p>
   </div>
   <div class='ocr_carea' id='block_1_59' title="bbox 2099 2880 3687 2953">
    <p class='ocr_par' dir='ltr' id='par_1_59' title="bbox 2099 2880 3687 2953">
     <span class='ocr_line' id='line_1_59' title="bbox 2099 2880 3687 2953; baseline 0 -20"><span class='ocrx_word' id='word_1_408' title='bbox 2099 2897 2192 2945; x_wconf 86' lang='grc' dir='ltr'><strong>τες</strong></span> <span class='ocrx_word' id='word_1_409' title='bbox 2237 2881 2389 2951; x_wconf 84' lang='grc' dir='ltr'><strong>αὐτῷ</strong></span> <span class='ocrx_word' id='word_1_410' title='bbox 2436 2884 2502 2937; x_wconf 81' lang='grc' dir='ltr'>ὲκ</span> <span class='ocrx_word' id='word_1_411' title='bbox 2530 2882 2640 2937; x_wconf 88' lang='grc' dir='ltr'><strong>τῶν</strong></span> <span class='ocrx_word' id='word_1_412' title='bbox 2668 2884 2900 2937; x_wconf 78' lang='grc' dir='ltr'>ἐνόντων</span> <span class='ocrx_word' id='word_1_413' title='bbox 2931 2885 3064 2953; x_wconf 81' lang='grc' dir='ltr'>ἡμῖν</span> <span class='ocrx_word' id='word_1_414' title='bbox 3084 2882 3334 2952; x_wconf 77' lang='grc' dir='ltr'>φυσικῶν</span> <span class='ocrx_word' id='word_1_415' title='bbox 3359 2880 3642 2952; x_wconf 82' lang='grc' dir='ltr'>δυνάμεων</span> <span class='ocrx_word' id='word_1_416' title='bbox 3666 2894 3687 2913; x_wconf 79' lang='grc' dir='ltr'><strong>ο</strong></span> 
     </span>
    </p>
   </div>
   <div class='ocr_carea' id='block_1_60' title="bbox 2099 2972 3690 3047">
    <p class='ocr_par' dir='ltr' id='par_1_60' title="bbox 2099 2972 3690 3047">
     <span class='ocr_line' id='line_1_60' title="bbox 2099 2972 3690 3047; baseline 0 -21"><span class='ocrx_word' id='word_1_417' title='bbox 2099 2972 2392 3045; x_wconf 85' lang='grc' dir='ltr'>γενώμεθα</span> <span class='ocrx_word' id='word_1_418' title='bbox 2424 2976 2774 3047; x_wconf 82' lang='grc' dir='ltr'>περιστεραὶ,</span> <span class='ocrx_word' id='word_1_419' title='bbox 2807 2978 2873 3047; x_wconf 82' lang='grc' dir='ltr'>τῇ</span> <span class='ocrx_word' id='word_1_420' title='bbox 2904 2975 3013 3028; x_wconf 92' lang='grc' dir='ltr'><strong>τῶν</strong></span> <span class='ocrx_word' id='word_1_421' title='bbox 3053 2975 3271 3046; x_wconf 82' lang='grc' dir='ltr'>τρόπων</span> <span class='ocrx_word' id='word_1_422' title='bbox 3311 2972 3690 3044; x_wconf 83' lang='grc' dir='ltr'>ἀκεραιότητι,</span> 
     </span>
    </p>
   </div>
   <div class='ocr_carea' id='block_1_61' title="bbox 2102 3068 3690 3141">
    <p class='ocr_par' dir='ltr' id='par_1_61' title="bbox 2102 3068 3690 3141">
     <span class='ocr_line' id='line_1_61' title="bbox 2102 3068 3690 3141; baseline -0.001 -19"><span class='ocrx_word' id='word_1_423' title='bbox 2102 3068 2190 3122; x_wconf 75' lang='grc' dir='ltr'><strong>ἵνα</strong></span> <span class='ocrx_word' id='word_1_424' title='bbox 2217 3069 2319 3132; x_wconf 78' lang='grc' dir='ltr'>τὰς</span> <span class='ocrx_word' id='word_1_425' title='bbox 2368 3068 2669 3140; x_wconf 70' lang='grc' dir='ltr'>ὲλλάμψεις</span> <span class='ocrx_word' id='word_1_426' title='bbox 2695 3069 2980 3141; x_wconf 80' lang='grc' dir='ltr'>δεξώμεθα</span> <span class='ocrx_word' id='word_1_427' title='bbox 3009 3071 3110 3140; x_wconf 77' lang='grc' dir='ltr'>τῆς</span> <span class='ocrx_word' id='word_1_428' title='bbox 3140 3072 3199 3123; x_wconf 81' lang='grc' dir='ltr'><strong>ὲν</strong></span> <span class='ocrx_word' id='word_1_429' title='bbox 3245 3069 3484 3141; x_wconf 82' lang='grc' dir='ltr'>Ἰορδάνῃ</span> <span class='ocrx_word' id='word_1_430' title='bbox 3512 3086 3690 3122; x_wconf 88' lang='grc' dir='ltr'>κατα-</span> 
     </span>
    </p>
   </div>
   <div class='ocr_carea' id='block_1_62' title="bbox 411 3153 1997 3250">
    <p class='ocr_par' dir='ltr' id='par_1_62' title="bbox 411 3153 1997 3226">
     <span class='ocr_line' id='line_1_62' title="bbox 411 3153 1997 3226; baseline -0.004 -12"><span class='ocrx_word' id='word_1_431' title='bbox 411 3159 631 3214; x_wconf 85' lang='lat' dir='ltr'><strong>Christo</strong></span> <span class='ocrx_word' id='word_1_432' title='bbox 679 3157 804 3214; x_wconf 79' lang='lat' dir='ltr'><strong>Jesu</strong></span> <span class='ocrx_word' id='word_1_433' title='bbox 855 3159 1085 3213; x_wconf 91' lang='lat' dir='ltr'><strong>Domino</strong></span> <span class='ocrx_word' id='word_1_434' title='bbox 1137 3169 1328 3212; x_wconf 74' lang='lat' dir='ltr'><strong>nostro</strong></span> <span class='ocrx_word' id='word_1_435' title='bbox 1388 3170 1549 3226; x_wconf 90' lang='lat' dir='ltr'><strong>quem</strong></span> <span class='ocrx_word' id='word_1_436' title='bbox 1611 3154 1769 3210; x_wconf 86' lang='lat' dir='ltr'><strong>decet</strong></span> <span class='ocrx_word' id='word_1_437' title='bbox 1820 3153 1997 3209; x_wconf 85' lang='lat' dir='ltr'><strong>omnis</strong></span> 
     </span>
    </p>
   </div>
   <div class='ocr_carea' id='block_1_63' title="bbox 2099 3153 3689 3250">
    <p class='ocr_par' dir='ltr' id='par_1_63' title="bbox 2102 3158 3689 3250">
     <span class='ocr_line' id='line_1_63' title="bbox 2102 3158 3689 3250; baseline 0 -39"><span class='ocrx_word' id='word_1_438' title='bbox 2102 3158 2320 3230; x_wconf 84' lang='grc' dir='ltr'>πτάσης</span> <span class='ocrx_word' id='word_1_439' title='bbox 2348 3160 2695 3250; x_wconf 43' lang='grc' dir='ltr'>’περιστερᾶς</span> <span class='ocrx_word' id='word_1_440' title='bbox 2738 3160 2797 3213; x_wconf 84' lang='grc' dir='ltr'><strong>ὲν</strong></span> <span class='ocrx_word' id='word_1_441' title='bbox 2855 3160 3080 3230; x_wconf 82' lang='grc' dir='ltr'>Χριστῷ</span> <span class='ocrx_word' id='word_1_442' title='bbox 3133 3160 3309 3231; x_wconf 87' lang='grc' dir='ltr'><strong>Ἰησοῦ</strong></span> <span class='ocrx_word' id='word_1_443' title='bbox 3359 3159 3438 3231; x_wconf 86' lang='grc' dir='ltr'>τῷ</span> <span class='ocrx_word' id='word_1_444' title='bbox 3495 3159 3689 3228; x_wconf 81' lang='grc' dir='ltr'>Κυρίῳ</span> 
     </span>
    </p>
   </div>
   <div class='ocr_carea' id='block_1_64' title="bbox 411 3242 1996 3318">
    <p class='ocr_par' dir='ltr' id='par_1_64' title="bbox 411 3242 1996 3318">
     <span class='ocr_line' id='line_1_64' title="bbox 411 3242 1996 3318; baseline -0.001 -17"><span class='ocrx_word' id='word_1_445' title='bbox 411 3247 583 3318; x_wconf 72' lang='lat' dir='ltr'><strong>gloria</strong></span> <span class='ocrx_word' id='word_1_446' title='bbox 632 3264 776 3302; x_wconf 88' lang='lat' dir='ltr'><strong>nunc</strong></span> <span class='ocrx_word' id='word_1_447' title='bbox 808 3256 864 3303; x_wconf 92' lang='lat' dir='ltr'><strong>et</strong></span> <span class='ocrx_word' id='word_1_448' title='bbox 921 3261 1139 3317; x_wconf 87' lang='lat' dir='ltr'><strong>semper</strong></span> <span class='ocrx_word' id='word_1_449' title='bbox 1197 3255 1255 3302; x_wconf 89' lang='lat' dir='ltr'><strong>et</strong></span> <span class='ocrx_word' id='word_1_450' title='bbox 1301 3248 1357 3301; x_wconf 92' lang='lat' dir='ltr'><strong>in</strong></span> <span class='ocrx_word' id='word_1_451' title='bbox 1404 3244 1601 3301; x_wconf 72' lang='lat' dir='ltr'><strong>saecula</strong></span> <span class='ocrx_word' id='word_1_452' title='bbox 1650 3242 1996 3300; x_wconf 73' lang='lat' dir='ltr'><strong>saeculorum.</strong></span> 
     </span>
    </p>
   </div>
   <div class='ocr_carea' id='block_1_65' title="bbox 412 3338 607 3395">
    <p class='ocr_par' dir='ltr' id='par_1_65' title="bbox 412 3338 607 3395">
     <span class='ocr_line' id='line_1_65' title="bbox 412 3338 607 3395; baseline -0.015 1"><span class='ocrx_word' id='word_1_453' title='bbox 412 3338 607 3395; x_wconf 81' lang='lat' dir='ltr'><strong>Amen.</strong></span> 
     </span>
    </p>
   </div>
   <div class='ocr_carea' id='block_1_66' title="bbox 408 3428 1491 3486">
    <p class='ocr_par' dir='ltr' id='par_1_66' title="bbox 408 3428 1491 3486">
     <span class='ocr_line' id='line_1_66' title="bbox 408 3428 1491 3486; baseline -0.002 1"><span class='ocrx_word' id='word_1_454' title='bbox 408 3458 415 3463; x_wconf 67' lang='grc' dir='ltr'>ο</span> <span class='ocrx_word' id='word_1_455' title='bbox 927 3429 1215 3486; x_wconf 79' lang='lat' dir='ltr'><strong>HOMILIA</strong></span> <span class='ocrx_word' id='word_1_456' title='bbox 1270 3428 1491 3485; x_wconf 80' lang='lat' dir='ltr'><strong>XXXII.</strong></span> 
     </span>
    </p>
   </div>
   <div class='ocr_carea' id='block_1_67' title="bbox 2101 3241 3692 3319">
    <p class='ocr_par' dir='ltr' id='par_1_67' title="bbox 2101 3241 3692 3319">
     <span class='ocr_line' id='line_1_67' title="bbox 2101 3241 3692 3319; baseline 0.005 -18"><span class='ocrx_word' id='word_1_457' title='bbox 2101 3247 2282 3319; x_wconf 67' lang='grc' dir='ltr'>ἡμῶν,</span> <span class='ocrx_word' id='word_1_458' title='bbox 2340 3241 2386 3317; x_wconf 82' lang='grc' dir='ltr'><strong>ᾧ</strong></span> <span class='ocrx_word' id='word_1_459' title='bbox 2417 3249 2619 3319; x_wconf 81' lang='grc' dir='ltr'>πρέπει</span> <span class='ocrx_word' id='word_1_460' title='bbox 2653 3252 2806 3304; x_wconf 81' lang='grc' dir='ltr'>πᾶσα</span> <span class='ocrx_word' id='word_1_461' title='bbox 2842 3250 2969 3316; x_wconf 80' lang='grc' dir='ltr'>δόξα</span> <span class='ocrx_word' id='word_1_462' title='bbox 3002 3250 3122 3313; x_wconf 78' lang='grc' dir='ltr'>νῦν,</span> <span class='ocrx_word' id='word_1_463' title='bbox 3173 3251 3274 3303; x_wconf 69' lang='grc' dir='ltr'>καὶ</span> <span class='ocrx_word' id='word_1_464' title='bbox 3303 3250 3415 3313; x_wconf 82' lang='grc' dir='ltr'>ἀεὶ,</span> <span class='ocrx_word' id='word_1_465' title='bbox 3464 3247 3563 3303; x_wconf 67' lang='grc' dir='ltr'>καὶ</span> <span class='ocrx_word' id='word_1_466' title='bbox 3604 3249 3692 3309; x_wconf 77' lang='grc' dir='ltr'>εἰς</span> 
     </span>
    </p>
   </div>
   <div class='ocr_carea' id='block_1_68' title="bbox 2098 3336 3097 3411">
    <p class='ocr_par' dir='ltr' id='par_1_68' title="bbox 2098 3336 3097 3411">
     <span class='ocr_line' id='line_1_68' title="bbox 2098 3336 3097 3411; baseline 0.004 -19"><span class='ocrx_word' id='word_1_467' title='bbox 2098 3337 2229 3402; x_wconf 82' lang='grc' dir='ltr'>τοὺς</span> <span class='ocrx_word' id='word_1_468' title='bbox 2257 3336 2461 3403; x_wconf 73' lang='grc' dir='ltr'>αἰῶνας</span> <span class='ocrx_word' id='word_1_469' title='bbox 2485 3338 2594 3394; x_wconf 90' lang='grc' dir='ltr'><strong>τῶν</strong></span> <span class='ocrx_word' id='word_1_470' title='bbox 2616 3339 2854 3393; x_wconf 85' lang='grc' dir='ltr'>αίὼνων.</span> <span class='ocrx_word' id='word_1_471' title='bbox 2899 3340 3097 3411; x_wconf 79' lang='grc' dir='ltr'><strong>Ἀμήν.</strong></span> 
     </span>
    </p>
   </div>
   <div class='ocr_carea' id='block_1_69' title="bbox 2689 3429 3094 3486">
    <p class='ocr_par' dir='ltr' id='par_1_69' title="bbox 2689 3429 3094 3486">
     <span class='ocr_line' id='line_1_69' title="bbox 2689 3429 3094 3486; baseline 0 -1"><span class='ocrx_word' id='word_1_472' title='bbox 2689 3432 2937 3486; x_wconf 81' lang='grc' dir='ltr'><strong>ΟΜΙΛΙΑ</strong></span> <span class='ocrx_word' id='word_1_473' title='bbox 2966 3429 3094 3485; x_wconf 84' lang='lat' dir='ltr'><strong>AB’.</strong></span> 
     </span>
    </p>
   </div>
   <div class='ocr_carea' id='block_1_70' title="bbox 840 3519 1997 3592">
    <p class='ocr_par' dir='ltr' id='par_1_70' title="bbox 840 3519 1593 3592">
     <span class='ocr_line' id='line_1_70' title="bbox 840 3519 1593 3592; baseline -0.003 -17"><span class='ocrx_word' id='word_1_474' title='bbox 840 3521 905 3577; x_wconf 87' lang='lat' dir='ltr'><strong>In</strong></span> <span class='ocrx_word' id='word_1_475' title='bbox 951 3522 1194 3592; x_wconf 79' lang='lat' dir='ltr'><strong>quintum</strong></span> <span class='ocrx_word' id='word_1_476' title='bbox 1236 3519 1593 3575; x_wconf 80' lang='lat' dir='ltr'><strong>Matutinum.</strong></span> 
     </span>
    </p>
   </div>
   <div class='ocr_carea' id='block_1_71' title="bbox 2099 3519 3328 3592">
    <p class='ocr_par' dir='ltr' id='par_1_71' title="bbox 2447 3521 3328 3591">
     <span class='ocr_line' id='line_1_71' title="bbox 2447 3521 3328 3591; baseline -0.003 -14"><span class='ocrx_word' id='word_1_477' title='bbox 2447 3525 2552 3591; x_wconf 76' lang='grc' dir='ltr'><strong>Εἰς</strong></span> <span class='ocrx_word' id='word_1_478' title='bbox 2587 3523 2657 3578; x_wconf 82' lang='grc' dir='ltr'>τὸ</span> <span class='ocrx_word' id='word_1_479' title='bbox 2695 3522 2975 3591; x_wconf 74' lang='grc' dir='ltr'>πέμπτον</span> <span class='ocrx_word' id='word_1_480' title='bbox 3022 3521 3328 3577; x_wconf 79' lang='grc' dir='ltr'><strong>Ἐωθινόν.</strong></span> 
     </span>
    </p>
   </div>
   <div class='ocr_carea' id='block_1_72' title="bbox 490 3610 1997 3696">
    <p class='ocr_par' dir='ltr' id='par_1_72' title="bbox 490 3610 1997 3683">
     <span class='ocr_line' id='line_1_72' title="bbox 490 3610 1997 3683; baseline 0.002 -18"><span class='ocrx_word' id='word_1_481' title='bbox 490 3630 511 3665; x_wconf 78' lang='grc' dir='ltr'><strong>ι</strong></span> <span class='ocrx_word' id='word_1_482' title='bbox 545 3610 742 3668; x_wconf 81' lang='lat' dir='ltr'><strong>Petrus</strong></span> <span class='ocrx_word' id='word_1_483' title='bbox 780 3626 1013 3683; x_wconf 75' lang='lat' dir='ltr'><strong>surgens</strong></span> <span class='ocrx_word' id='word_1_484' title='bbox 1083 3610 1327 3666; x_wconf 91' lang='lat' dir='ltr'><strong>cucurrit</strong></span> <span class='ocrx_word' id='word_1_485' title='bbox 1362 3611 1429 3665; x_wconf 89' lang='lat' dir='ltr'><strong>ad</strong></span> <span class='ocrx_word' id='word_1_486' title='bbox 1477 3620 1910 3679; x_wconf 87' lang='lat' dir='ltr'><strong>monumentum,</strong></span> <span class='ocrx_word' id='word_1_487' title='bbox 1946 3621 1997 3668; x_wconf 90' lang='lat' dir='ltr'><strong>et</strong></span> 
     </span>
    </p>
   </div>
   <div class='ocr_carea' id='block_1_73' title="bbox 2099 3610 3688 3696">
    <p class='ocr_par' dir='ltr' id='par_1_73' title="bbox 2174 3613 3688 3696">
     <span class='ocr_line' id='line_1_73' title="bbox 2174 3613 3688 3696; baseline -0.003 -25"><span class='ocrx_word' id='word_1_488' title='bbox 2174 3638 2194 3671; x_wconf 74' lang='grc' dir='ltr'><strong>ι</strong></span> <span class='ocrx_word' id='word_1_489' title='bbox 2241 3618 2301 3673; x_wconf 89' lang='grc' dir='ltr'>Ὀ</span> <span class='ocrx_word' id='word_1_490' title='bbox 2334 3618 2545 3687; x_wconf 81' lang='grc' dir='ltr'>Πέτρος</span> <span class='ocrx_word' id='word_1_491' title='bbox 2567 3617 2820 3696; x_wconf 39' lang='grc' dir='ltr'>,ἀναστὰς</span> <span class='ocrx_word' id='word_1_492' title='bbox 2874 3615 3114 3687; x_wconf 73' lang='grc' dir='ltr'>ἔδραμεν</span> <span class='ocrx_word' id='word_1_493' title='bbox 3175 3616 3269 3668; x_wconf 74' lang='grc' dir='ltr'>ἐπὶ</span> <span class='ocrx_word' id='word_1_494' title='bbox 3298 3613 3360 3667; x_wconf 76' lang='grc' dir='ltr'>τὸ</span> <span class='ocrx_word' id='word_1_495' title='bbox 3393 3615 3688 3685; x_wconf 79' lang='grc' dir='ltr'>μνημεῖον,</span> 
     </span>
    </p>
   </div>
   <div class='ocr_carea' id='block_1_74' title="bbox 411 3699 1997 3781">
    <p class='ocr_par' dir='ltr' id='par_1_74' title="bbox 411 3699 1997 3777">
     <span class='ocr_line' id='line_1_74' title="bbox 411 3699 1997 3777; baseline -0.003 -17"><span class='ocrx_word' id='word_1_496' title='bbox 411 3705 777 3777; x_wconf 89' lang='lat' dir='ltr'><strong>procumbens</strong></span> <span class='ocrx_word' id='word_1_497' title='bbox 825 3703 965 3759; x_wconf 87' lang='lat' dir='ltr'><strong>vidit</strong></span> <span class='ocrx_word' id='word_1_498' title='bbox 993 3701 1310 3758; x_wconf 89' lang='lat' dir='ltr'><strong>linteamina</strong></span> <span class='ocrx_word' id='word_1_499' title='bbox 1353 3699 1468 3757; x_wconf 87' lang='lat' dir='ltr'><strong>sola</strong></span> <span class='ocrx_word' id='word_1_500' title='bbox 1509 3700 1708 3772; x_wconf 88' lang='lat' dir='ltr'><strong>posita,</strong></span> <span class='ocrx_word' id='word_1_501' title='bbox 1762 3712 1818 3756; x_wconf 90' lang='lat' dir='ltr'><strong>et</strong></span> <span class='ocrx_word' id='word_1_502' title='bbox 1868 3703 1997 3757; x_wconf 89' lang='lat' dir='ltr'><strong>abiit</strong></span> 
     </span>
    </p>
   </div>
   <div class='ocr_carea' id='block_1_75' title="bbox 2099 3699 3687 3781">
    <p class='ocr_par' dir='ltr' id='par_1_75' title="bbox 2099 3705 3687 3781">
     <span class='ocr_line' id='line_1_75' title="bbox 2099 3705 3687 3781; baseline -0.004 -16"><span class='ocrx_word' id='word_1_503' title='bbox 2099 3713 2191 3765; x_wconf 74' lang='grc' dir='ltr'>καὶ</span> <span class='ocrx_word' id='word_1_504' title='bbox 2237 3707 2575 3781; x_wconf 79' lang='grc' dir='ltr'>παρακύψας</span> <span class='ocrx_word' id='word_1_505' title='bbox 2631 3706 2821 3778; x_wconf 78' lang='grc' dir='ltr'>βλέπει</span> <span class='ocrx_word' id='word_1_506' title='bbox 2893 3707 2963 3760; x_wconf 85' lang='grc' dir='ltr'>τὰ</span> <span class='ocrx_word' id='word_1_507' title='bbox 3011 3705 3195 3761; x_wconf 76' lang='grc' dir='ltr'>ὀθόνια</span> <span class='ocrx_word' id='word_1_508' title='bbox 3239 3705 3469 3775; x_wconf 82' lang='grc' dir='ltr'>κείμενα</span> <span class='ocrx_word' id='word_1_509' title='bbox 3524 3706 3687 3776; x_wconf 74' lang='grc' dir='ltr'>μόνα,</span> 
     </span>
    </p>
   </div>
   <div class='ocr_carea' id='block_1_76' title="bbox 412 3792 1997 3868">
    <p class='ocr_par' dir='ltr' id='par_1_76' title="bbox 412 3792 1997 3866">
     <span class='ocr_line' id='line_1_76' title="bbox 412 3792 1997 3866; baseline -0.003 -12"><span class='ocrx_word' id='word_1_510' title='bbox 412 3812 597 3854; x_wconf 88' lang='lat' dir='ltr'><strong>secum</strong></span> <span class='ocrx_word' id='word_1_511' title='bbox 651 3798 859 3852; x_wconf 87' lang='lat' dir='ltr'><strong>mirans</strong></span> <span class='ocrx_word' id='word_1_512' title='bbox 913 3795 1059 3866; x_wconf 92' lang='lat' dir='ltr'><strong>quod</strong></span> <span class='ocrx_word' id='word_1_513' title='bbox 1095 3792 1301 3850; x_wconf 86' lang='lat' dir='ltr'><strong>factum</strong></span> <span class='ocrx_word' id='word_1_514' title='bbox 1372 3797 1572 3849; x_wconf 82' lang='lat' dir='ltr'><strong>fuerat.</strong></span> <span class='ocrx_word' id='word_1_515' title='bbox 1620 3792 1688 3849; x_wconf 87' lang='lat' dir='ltr'><strong>Et</strong></span> <span class='ocrx_word' id='word_1_516' title='bbox 1736 3807 1865 3849; x_wconf 91' lang='lat' dir='ltr'><strong>ecce</strong></span> <span class='ocrx_word' id='word_1_517' title='bbox 1893 3795 1997 3850; x_wconf 92' lang='lat' dir='ltr'><strong>duo</strong></span> 
     </span>
    </p>
   </div>
   <div class='ocr_carea' id='block_1_77' title="bbox 2099 3792 3694 3868">
    <p class='ocr_par' dir='ltr' id='par_1_77' title="bbox 2099 3794 3694 3868">
     <span class='ocr_line' id='line_1_77' title="bbox 2099 3794 3694 3868; baseline -0.004 -14"><span class='ocrx_word' id='word_1_518' title='bbox 2099 3802 2193 3854; x_wconf 70' lang='grc' dir='ltr'><strong>καὶ</strong></span> <span class='ocrx_word' id='word_1_519' title='bbox 2220 3798 2432 3868; x_wconf 83' lang='grc' dir='ltr'>ἀπῆλθε</span> <span class='ocrx_word' id='word_1_520' title='bbox 2464 3798 2601 3867; x_wconf 82' lang='grc' dir='ltr'>πρὸς</span> <span class='ocrx_word' id='word_1_521' title='bbox 2637 3797 2834 3851; x_wconf 79' lang='grc' dir='ltr'>ἑαυτὸν</span> <span class='ocrx_word' id='word_1_522' title='bbox 2864 3795 3164 3867; x_wconf 79' lang='grc' dir='ltr'>θαυμάζων</span> <span class='ocrx_word' id='word_1_523' title='bbox 3200 3795 3262 3849; x_wconf 83' lang='grc' dir='ltr'>τὸ</span> <span class='ocrx_word' id='word_1_524' title='bbox 3303 3797 3550 3865; x_wconf 83' lang='grc' dir='ltr'><strong>γεγονός.</strong></span> <span class='ocrx_word' id='word_1_525' title='bbox 3576 3794 3694 3849; x_wconf 75' lang='grc' dir='ltr'>Καὶ</span> 
     </span>
    </p>
   </div>
   <div class='ocr_carea' id='block_1_78' title="bbox 411 3881 1997 3960">
    <p class='ocr_par' dir='ltr' id='par_1_78' title="bbox 411 3885 1997 3960">
     <span class='ocr_line' id='line_1_78' title="bbox 411 3885 1997 3960; baseline -0.004 -13"><span class='ocrx_word' id='word_1_526' title='bbox 411 3905 481 3947; x_wconf 81' lang='lat' dir='ltr'><strong>ex</strong></span> <span class='ocrx_word' id='word_1_527' title='bbox 512 3888 619 3945; x_wconf 89' lang='lat' dir='ltr'><strong>illis</strong></span> <span class='ocrx_word' id='word_1_528' title='bbox 650 3889 801 3944; x_wconf 87' lang='lat' dir='ltr'><strong>ibant</strong></span> <span class='ocrx_word' id='word_1_529' title='bbox 851 3889 968 3960; x_wconf 92' lang='lat' dir='ltr'><strong>ipso</strong></span> <span class='ocrx_word' id='word_1_530' title='bbox 1020 3889 1111 3943; x_wconf 89' lang='lat' dir='ltr'><strong>die</strong></span> <span class='ocrx_word' id='word_1_531' title='bbox 1152 3888 1206 3942; x_wconf 93' lang='lat' dir='ltr'><strong>in</strong></span> <span class='ocrx_word' id='word_1_532' title='bbox 1251 3885 1557 3951; x_wconf 84' lang='lat' dir='ltr'><strong>castellum,</strong></span> <span class='ocrx_word' id='word_1_533' title='bbox 1590 3886 1732 3955; x_wconf 88' lang='lat' dir='ltr'><strong>quod</strong></span> <span class='ocrx_word' id='word_1_534' title='bbox 1789 3893 1908 3941; x_wconf 81' lang='lat' dir='ltr'><strong>erat</strong></span> <span class='ocrx_word' id='word_1_535' title='bbox 1943 3885 1997 3940; x_wconf 91' lang='lat' dir='ltr'><strong>in</strong></span> 
     </span>
    </p>
   </div>
   <div class='ocr_carea' id='block_1_79' title="bbox 2099 3881 3690 3960">
    <p class='ocr_par' dir='ltr' id='par_1_79' title="bbox 2102 3881 3690 3955">
     <span class='ocr_line' id='line_1_79' title="bbox 2102 3881 3690 3955; baseline -0.006 -12"><span class='ocrx_word' id='word_1_536' title='bbox 2102 3890 2213 3943; x_wconf 76' lang='grc' dir='ltr'>ἰδοὺ</span> <span class='ocrx_word' id='word_1_537' title='bbox 2247 3887 2342 3942; x_wconf 91' lang='grc' dir='ltr'><strong>δύο</strong></span> <span class='ocrx_word' id='word_1_538' title='bbox 2375 3886 2433 3954; x_wconf 72' lang='grc' dir='ltr'><strong>ἐξ</strong></span> <span class='ocrx_word' id='word_1_539' title='bbox 2486 3885 2665 3940; x_wconf 85' lang='grc' dir='ltr'>αὐτῶν</span> <span class='ocrx_word' id='word_1_540' title='bbox 2705 3881 2848 3955; x_wconf 77' lang='grc' dir='ltr'>ἦσαν</span> <span class='ocrx_word' id='word_1_541' title='bbox 2903 3884 3264 3955; x_wconf 81' lang='grc' dir='ltr'>πορευόμενοι</span> <span class='ocrx_word' id='word_1_542' title='bbox 3314 3883 3374 3938; x_wconf 76' lang='grc' dir='ltr'><strong>ὲν</strong></span> <span class='ocrx_word' id='word_1_543' title='bbox 3428 3883 3567 3954; x_wconf 75' lang='grc' dir='ltr'>αὐτῇ</span> <span class='ocrx_word' id='word_1_544' title='bbox 3616 3883 3690 3954; x_wconf 79' lang='grc' dir='ltr'>τῇ</span> 
     </span>
    </p>
   </div>
   <div class='ocr_carea' id='block_1_80' title="bbox 413 3974 1997 4052">
    <p class='ocr_par' dir='ltr' id='par_1_80' title="bbox 413 3974 1997 4052">
     <span class='ocr_line' id='line_1_80' title="bbox 413 3974 1997 4052; baseline -0.004 -15"><span class='ocrx_word' id='word_1_545' title='bbox 413 3982 589 4052; x_wconf 87' lang='lat' dir='ltr'><strong>spatio</strong></span> <span class='ocrx_word' id='word_1_546' title='bbox 641 3981 942 4035; x_wconf 89' lang='lat' dir='ltr'><strong>stadiorum</strong></span> <span class='ocrx_word' id='word_1_547' title='bbox 1008 3977 1290 4048; x_wconf 76' lang='lat' dir='ltr'><strong>sexaginta</strong></span> <span class='ocrx_word' id='word_1_548' title='bbox 1348 3976 1417 4033; x_wconf 85' lang='lat' dir='ltr'><strong>ab</strong></span> <span class='ocrx_word' id='word_1_549' title='bbox 1446 3974 1751 4032; x_wconf 84' lang='lat' dir='ltr'><strong>Jerusalem</strong></span> <span class='ocrx_word' id='word_1_550' title='bbox 1780 3975 1997 4032; x_wconf 89' lang='lat' dir='ltr'><strong>nomine</strong></span> 
     </span>
    </p>
   </div>
   <div class='ocr_carea' id='block_1_81' title="bbox 2099 3974 3695 4052">
    <p class='ocr_par' dir='ltr' id='par_1_81' title="bbox 2099 3974 3695 4051">
     <span class='ocr_line' id='line_1_81' title="bbox 2099 3974 3695 4051; baseline -0.004 -18"><span class='ocrx_word' id='word_1_551' title='bbox 2099 3981 2286 4051; x_wconf 77' lang='grc' dir='ltr'>ἡμέρᾳ</span> <span class='ocrx_word' id='word_1_552' title='bbox 2353 3980 2435 4042; x_wconf 83' lang='grc' dir='ltr'><strong>είς</strong></span> <span class='ocrx_word' id='word_1_553' title='bbox 2488 3977 2685 4048; x_wconf 86' lang='grc' dir='ltr'>κώμην</span> <span class='ocrx_word' id='word_1_554' title='bbox 2744 3976 3058 4048; x_wconf 80' lang='grc' dir='ltr'>ἀπέχουσαν</span> <span class='ocrx_word' id='word_1_555' title='bbox 3117 3975 3368 4039; x_wconf 87' lang='grc' dir='ltr'>σταδίους</span> <span class='ocrx_word' id='word_1_556' title='bbox 3424 3974 3695 4047; x_wconf 80' lang='grc' dir='ltr'>ἑξήκοντα</span> 
     </span>
    </p>
   </div>
   <div class='ocr_carea' id='block_1_82' title="bbox 413 4061 1997 4142">
    <p class='ocr_par' dir='ltr' id='par_1_82' title="bbox 413 4073 1994 4133">
     <span class='ocr_line' id='line_1_82' title="bbox 413 4073 1994 4133; baseline -0.003 -1"><span class='ocrx_word' id='word_1_557' title='bbox 413 4076 675 4133; x_wconf 86' lang='lat' dir='ltr'><strong>Emmaus</strong></span> <span class='ocrx_word' id='word_1_558' title='bbox 708 4077 777 4131; x_wconf 78' lang='grc'><strong>⁸⁸.</strong></span> <span class='ocrx_word' id='word_1_559' title='bbox 819 4095 839 4130; x_wconf 74' lang='grc' dir='ltr'><strong>ι</strong></span> <span class='ocrx_word' id='word_1_560' title='bbox 879 4076 1105 4130; x_wconf 78' lang='lat' dir='ltr'><strong>Viriliea</strong></span> <span class='ocrx_word' id='word_1_561' title='bbox 1179 4073 1384 4129; x_wconf 87' lang='lat' dir='ltr'><strong>Christi</strong></span> <span class='ocrx_word' id='word_1_562' title='bbox 1466 4074 1796 4129; x_wconf 88' lang='lat' dir='ltr'><strong>resurrectio</strong></span> <span class='ocrx_word' id='word_1_563' title='bbox 1885 4087 1994 4128; x_wconf 91' lang='lat' dir='ltr'><strong>non</strong></span> 
     </span>
    </p>
   </div>
   <div class='ocr_carea' id='block_1_83' title="bbox 2099 4061 3698 4142">
    <p class='ocr_par' dir='ltr' id='par_1_83' title="bbox 2105 4061 3698 4142">
     <span class='ocr_line' id='line_1_83' title="bbox 2105 4061 3698 4142; baseline -0.005 -15"><span class='ocrx_word' id='word_1_564' title='bbox 2105 4072 2217 4128; x_wconf 81' lang='grc' dir='ltr'>ἀπὸ</span> <span class='ocrx_word' id='word_1_565' title='bbox 2255 4069 2638 4141; x_wconf 77' lang='grc' dir='ltr'>Ἰερουσαλὴμ,</span> <span class='ocrx_word' id='word_1_566' title='bbox 2760 4068 2934 4138; x_wconf 77' lang='grc' dir='ltr'>ὄνομα</span> <span class='ocrx_word' id='word_1_567' title='bbox 2981 4067 3284 4139; x_wconf 84' lang='grc' dir='ltr'>Ἐμμαούς.</span> <span class='ocrx_word' id='word_1_568' title='bbox 3317 4087 3337 4122; x_wconf 71' lang='grc' dir='ltr'><strong>ο</strong></span> <span class='ocrx_word' id='word_1_569' title='bbox 3376 4068 3444 4121; x_wconf 86' lang='grc' dir='ltr'><strong><em>Ἦ</em></strong></span> <span class='ocrx_word' id='word_1_570' title='bbox 3471 4065 3698 4137; x_wconf 81' lang='grc' dir='ltr'>ζωηφό-</span> 
     </span>
    </p>
   </div>
   <div class='ocr_carea' id='block_1_84' title="bbox 413 4159 1997 4237">
    <p class='ocr_par' dir='ltr' id='par_1_84' title="bbox 413 4162 1997 4236">
     <span class='ocr_line' id='line_1_84' title="bbox 413 4162 1997 4236; baseline -0.003 -14"><span class='ocrx_word' id='word_1_571' title='bbox 413 4170 673 4224; x_wconf 89' lang='lat' dir='ltr'><strong>continuo</strong></span> <span class='ocrx_word' id='word_1_572' title='bbox 718 4168 906 4223; x_wconf 90' lang='lat' dir='ltr'><strong>electis</strong></span> <span class='ocrx_word' id='word_1_573' title='bbox 957 4165 1242 4236; x_wconf 90' lang='lat' dir='ltr'><strong>discipulis</strong></span> <span class='ocrx_word' id='word_1_574' title='bbox 1290 4163 1531 4220; x_wconf 86' lang='lat' dir='ltr'><strong>indicata</strong></span> <span class='ocrx_word' id='word_1_575' title='bbox 1557 4170 1686 4231; x_wconf 88' lang='lat' dir='ltr'><strong>est,</strong></span> <span class='ocrx_word' id='word_1_576' title='bbox 1715 4162 1810 4219; x_wconf 86' lang='lat' dir='ltr'><strong>sed</strong></span> <span class='ocrx_word' id='word_1_577' title='bbox 1845 4163 1997 4234; x_wconf 88' lang='lat' dir='ltr'><strong>prius</strong></span> 
     </span>
    </p>
   </div>
   <div class='ocr_carea' id='block_1_85' title="bbox 2099 4159 3692 4237">
    <p class='ocr_par' dir='ltr' id='par_1_85' title="bbox 2105 4159 3692 4237">
     <span class='ocr_line' id='line_1_85' title="bbox 2105 4159 3692 4237; baseline -0.001 -20"><span class='ocrx_word' id='word_1_578' title='bbox 2105 4181 2200 4237; x_wconf 87' lang='grc' dir='ltr'><strong>ρος</strong></span> <span class='ocrx_word' id='word_1_579' title='bbox 2251 4162 2347 4217; x_wconf 82' lang='grc' dir='ltr'>τοῦ</span> <span class='ocrx_word' id='word_1_580' title='bbox 2400 4163 2611 4234; x_wconf 83' lang='grc' dir='ltr'>Κυρίου</span> <span class='ocrx_word' id='word_1_581' title='bbox 2660 4160 2955 4225; x_wconf 86' lang='grc' dir='ltr'>ἀνάστασις</span> <span class='ocrx_word' id='word_1_582' title='bbox 2989 4161 3092 4215; x_wconf 84' lang='grc' dir='ltr'>οὐκ</span> <span class='ocrx_word' id='word_1_583' title='bbox 3133 4161 3358 4216; x_wconf 75' lang='grc' dir='ltr'>αὐτόθεν</span> <span class='ocrx_word' id='word_1_584' title='bbox 3413 4159 3692 4215; x_wconf 82' lang='grc' dir='ltr'>δέδεικται</span> 
     </span>
    </p>
   </div>
   <div class='ocr_carea' id='block_1_86' title="bbox 413 4252 1997 4331">
    <p class='ocr_par' dir='ltr' id='par_1_86' title="bbox 413 4256 1997 4331">
     <span class='ocr_line' id='line_1_86' title="bbox 413 4256 1997 4331; baseline -0.001 -18"><span class='ocrx_word' id='word_1_585' title='bbox 413 4261 633 4328; x_wconf 87' lang='lat' dir='ltr'><strong>quidem</strong></span> <span class='ocrx_word' id='word_1_586' title='bbox 644 4261 761 4331; x_wconf 88' lang='lat' dir='ltr'><strong>ejus</strong></span> <span class='ocrx_word' id='word_1_587' title='bbox 780 4258 944 4331; x_wconf 66' lang='grc'><strong>234</strong></span> <span class='ocrx_word' id='word_1_588' title='bbox 958 4257 1247 4327; x_wconf 84' lang='lat' dir='ltr'><strong>spectaculi</strong></span> <span class='ocrx_word' id='word_1_589' title='bbox 1263 4257 1499 4312; x_wconf 83' lang='lat' dir='ltr'><strong>consciae</strong></span> <span class='ocrx_word' id='word_1_590' title='bbox 1518 4256 1674 4312; x_wconf 72' lang='lat' dir='ltr'><strong>factae</strong></span> <span class='ocrx_word' id='word_1_591' title='bbox 1690 4267 1816 4311; x_wconf 88' lang='lat' dir='ltr'><strong>sunt</strong></span> <span class='ocrx_word' id='word_1_592' title='bbox 1831 4256 1997 4312; x_wconf 82' lang='lat' dir='ltr'><strong>disci—</strong></span> 
     </span>
    </p>
   </div>
   <div class='ocr_carea' id='block_1_87' title="bbox 2099 4252 3694 4331">
    <p class='ocr_par' dir='ltr' id='par_1_87' title="bbox 2103 4252 3694 4328">
     <span class='ocr_line' id='line_1_87' title="bbox 2103 4252 3694 4328; baseline -0.003 -18"><span class='ocrx_word' id='word_1_593' title='bbox 2103 4258 2216 4320; x_wconf 84' lang='grc' dir='ltr'>τοῖς</span> <span class='ocrx_word' id='word_1_594' title='bbox 2246 4254 2565 4328; x_wconf 83' lang='grc' dir='ltr'>προκρίτοις</span> <span class='ocrx_word' id='word_1_595' title='bbox 2613 4254 2724 4309; x_wconf 88' lang='grc' dir='ltr'><strong>τῶν</strong></span> <span class='ocrx_word' id='word_1_596' title='bbox 2771 4253 3056 4325; x_wconf 86' lang='grc' dir='ltr'>μαθητῶν,</span> <span class='ocrx_word' id='word_1_597' title='bbox 3101 4253 3239 4308; x_wconf 84' lang='grc' dir='ltr'>ἀλλὰ</span> <span class='ocrx_word' id='word_1_598' title='bbox 3291 4253 3556 4324; x_wconf 83' lang='grc' dir='ltr'>πρότερον</span> <span class='ocrx_word' id='word_1_599' title='bbox 3588 4252 3694 4321; x_wconf 82' lang='grc' dir='ltr'><strong>μὲν</strong></span> 
     </span>
    </p>
   </div>
   <div class='ocr_carea' id='block_1_88' title="bbox 416 4343 1997 4419">
    <p class='ocr_par' dir='ltr' id='par_1_88' title="bbox 416 4343 1997 4416">
     <span class='ocr_line' id='line_1_88' title="bbox 416 4343 1997 4416; baseline 0.001 -16"><span class='ocrx_word' id='word_1_600' title='bbox 416 4347 556 4416; x_wconf 67' lang='lat' dir='ltr'><strong>pulte</strong></span> <span class='ocrx_word' id='word_1_601' title='bbox 593 4347 1001 4402; x_wconf 79' lang='lat' dir='ltr'><strong>alabastril’erae.</strong></span> <span class='ocrx_word' id='word_1_602' title='bbox 1058 4344 1187 4401; x_wconf 89' lang='lat' dir='ltr'><strong>Post</strong></span> <span class='ocrx_word' id='word_1_603' title='bbox 1234 4351 1334 4400; x_wconf 83' lang='lat' dir='ltr'><strong>bas</strong></span> <span class='ocrx_word' id='word_1_604' title='bbox 1369 4359 1496 4400; x_wconf 80' lang='lat' dir='ltr'><strong>vero</strong></span> <span class='ocrx_word' id='word_1_605' title='bbox 1531 4343 1647 4416; x_wconf 81' lang='lat' dir='ltr'><strong>(l0)</strong></span> <span class='ocrx_word' id='word_1_606' title='bbox 1700 4344 1997 4416; x_wconf 87' lang='lat' dir='ltr'><strong>discipulo-</strong></span> 
     </span>
    </p>
   </div>
   <div class='ocr_carea' id='block_1_89' title="bbox 2099 4343 3691 4419">
    <p class='ocr_par' dir='ltr' id='par_1_89' title="bbox 2101 4343 3691 4419">
     <span class='ocr_line' id='line_1_89' title="bbox 2101 4343 3691 4419; baseline 0 -18"><span class='ocrx_word' id='word_1_607' title='bbox 2101 4347 2204 4419; x_wconf 83' lang='grc' dir='ltr'>τῆς</span> <span class='ocrx_word' id='word_1_608' title='bbox 2263 4347 2393 4412; x_wconf 90' lang='grc' dir='ltr'>θέας</span> <span class='ocrx_word' id='word_1_609' title='bbox 2446 4347 2653 4418; x_wconf 88' lang='grc' dir='ltr'>ταύτης</span> <span class='ocrx_word' id='word_1_610' title='bbox 2687 4345 2994 4417; x_wconf 72' lang='grc' dir='ltr'>ὴξιώθησαν</span> <span class='ocrx_word' id='word_1_611' title='bbox 3055 4347 3114 4400; x_wconf 83' lang='grc' dir='ltr'>αἱ</span> <span class='ocrx_word' id='word_1_612' title='bbox 3174 4343 3691 4416; x_wconf 76' lang='grc' dir='ltr'>ἀλαϐαστροφόροι.</span> 
     </span>
    </p>
   </div>
   <div class='ocr_carea' id='block_1_90' title="bbox 487 4487 1749 4560">
    <p class='ocr_par' dir='ltr' id='par_1_90' title="bbox 487 4487 1749 4560">
     <span class='ocr_line' id='line_1_90' title="bbox 487 4487 1749 4560; baseline -0.002 -15"><span class='ocrx_word' id='word_1_613' title='bbox 487 4491 532 4525; x_wconf 77' lang='grc'><strong>⁸⁷</strong></span> <span class='ocrx_word' id='word_1_614' title='bbox 576 4488 734 4545; x_wconf 80' lang='lat' dir='ltr'><strong>Joan.</strong></span> <span class='ocrx_word' id='word_1_615' title='bbox 776 4504 868 4556; x_wconf 76' lang='lat' dir='ltr'><strong>xx,</strong></span> <span class='ocrx_word' id='word_1_616' title='bbox 892 4488 947 4544; x_wconf 78' lang='grc'><strong>5.</strong></span> <span class='ocrx_word' id='word_1_617' title='bbox 1024 4487 1071 4521; x_wconf 82' lang='grc'><strong><em>⁸⁸</em></strong></span> <span class='ocrx_word' id='word_1_618' title='bbox 1119 4487 1253 4544; x_wconf 86' lang='lat' dir='ltr'><strong>Luc.</strong></span> <span class='ocrx_word' id='word_1_619' title='bbox 1290 4503 1443 4556; x_wconf 77' lang='lat' dir='ltr'><strong>utv,</strong></span> <span class='ocrx_word' id='word_1_620' title='bbox 1482 4489 1555 4545; x_wconf 76' lang='grc'><strong>12</strong></span> <span class='ocrx_word' id='word_1_621' title='bbox 1593 4504 1749 4560; x_wconf 84' lang='lat' dir='ltr'><strong>seqq.</strong></span> 
     </span>
    </p>
   </div>
   <div class='ocr_carea' id='block_1_91' title="bbox 1653 4612 2450 4680">
    <p class='ocr_par' dir='ltr' id='par_1_91' title="bbox 1653 4612 2450 4680">
     <span class='ocr_line' id='line_1_91' title="bbox 1653 4612 2450 4680; baseline 0.005 -7"><span class='ocrx_word' id='word_1_622' title='bbox 1653 4612 1982 4677; x_wconf 86' lang='lat' dir='ltr'><strong>Francisci</strong></span> <span class='ocrx_word' id='word_1_623' title='bbox 2014 4614 2228 4680; x_wconf 87' lang='lat' dir='ltr'><strong>Scorsi</strong></span> <span class='ocrx_word' id='word_1_624' title='bbox 2260 4621 2450 4677; x_wconf 66' lang='lat' dir='ltr'><strong>notua.</strong></span> 
     </span>
    </p>
   </div>
   <div class='ocr_carea' id='block_1_92' title="bbox 414 4722 3683 4807">
    <p class='ocr_par' dir='ltr' id='par_1_92' title="bbox 414 4722 3683 4807">
     <span class='ocr_line' id='line_1_92' title="bbox 414 4722 3683 4807; baseline 0.001 -29"><span class='ocrx_word' id='word_1_625' title='bbox 414 4738 466 4807; x_wconf 58' lang='lat' dir='ltr'><strong>et</strong></span> <span class='ocrx_word' id='word_1_626' title='bbox 512 4723 739 4807; x_wconf 58' lang='lat' dir='ltr'><strong>Titulle,</strong></span> <span class='ocrx_word' id='word_1_627' title='bbox 770 4731 834 4807; x_wconf 74' lang='lat' dir='ltr'><strong>ut</strong></span> <span class='ocrx_word' id='word_1_628' title='bbox 859 4722 1026 4807; x_wconf 68' lang='lat' dir='ltr'><strong>ait_$.</strong></span> <span class='ocrx_word' id='word_1_629' title='bbox 1067 4724 1545 4807; x_wconf 25' lang='lat' dir='ltr'><strong>Hieronymus,“</strong></span> <span class='ocrx_word' id='word_1_630' title='bbox 1589 4733 1703 4807; x_wconf 73' lang='lat' dir='ltr'><strong>tota</strong></span> <span class='ocrx_word' id='word_1_631' title='bbox 1739 4726 1999 4807; x_wconf 56' lang='lat' dir='ltr'><strong>baptyati</strong></span> <span class='ocrx_word' id='word_1_632' title='bbox 2031 4729 2075 4784; x_wconf 89' lang='lat' dir='ltr'><strong>D</strong></span> <span class='ocrx_word' id='word_1_633' title='bbox 2103 4729 2332 4784; x_wconf 82' lang='lat' dir='ltr'><strong>careeris</strong></span> <span class='ocrx_word' id='word_1_634' title='bbox 2359 4728 2462 4784; x_wconf 84' lang='lat' dir='ltr'><strong>sibi</strong></span> <span class='ocrx_word' id='word_1_635' title='bbox 2491 4727 2813 4807; x_wconf 66' lang='lat' dir='ltr'><strong>conciliarit,</strong></span> <span class='ocrx_word' id='word_1_636' title='bbox 2849 4736 2907 4782; x_wconf 88' lang='lat' dir='ltr'><strong>ut</strong></span> <span class='ocrx_word' id='word_1_637' title='bbox 2952 4726 3181 4807; x_wconf 78' lang='lat' dir='ltr'><strong>Paulum</strong></span> <span class='ocrx_word' id='word_1_638' title='bbox 3211 4733 3399 4807; x_wconf 66' lang='lat' dir='ltr'><strong>posset</strong></span> <span class='ocrx_word' id='word_1_639' title='bbox 3435 4725 3683 4807; x_wconf 60' lang='lat' dir='ltr'><strong>invisere,</strong></span> 
     </span>
    </p>
   </div>
   <div class='ocr_carea' id='block_1_93' title="bbox 417 4793 3688 4871">
    <p class='ocr_par' dir='ltr' id='par_1_93' title="bbox 417 4793 3688 4871">
     <span class='ocr_line' id='line_1_93' title="bbox 417 4793 3688 4871; baseline 0 -22"><span class='ocrx_word' id='word_1_640' title='bbox 417 4793 605 4871; x_wconf 78' lang='lat' dir='ltr'><strong>Leonis</strong></span> <span class='ocrx_word' id='word_1_641' title='bbox 633 4794 825 4871; x_wconf 71' lang='lat' dir='ltr'><strong>fabula</strong></span> <span class='ocrx_word' id='word_1_642' title='bbox 846 4795 1203 4871; x_wconf 62' lang='lat' dir='ltr'><strong>continentur,</strong></span> <span class='ocrx_word' id='word_1_643' title='bbox 1232 4793 1689 4871; x_wconf 48' lang='lat' dir='ltr'><strong>apocrypllusint,</strong></span> <span class='ocrx_word' id='word_1_644' title='bbox 1717 4793 1836 4867; x_wconf 68' lang='lat' dir='ltr'><strong>quae</strong></span> <span class='ocrx_word' id='word_1_645' title='bbox 1862 4799 1997 4855; x_wconf 89' lang='lat' dir='ltr'><strong>Ter—</strong></span> <span class='ocrx_word' id='word_1_646' title='bbox 2098 4812 2397 4871; x_wconf 72' lang='lat' dir='ltr'><strong>cwteraque</strong></span> <span class='ocrx_word' id='word_1_647' title='bbox 2418 4814 2536 4871; x_wconf 66' lang='lat' dir='ltr'><strong>quae</strong></span> <span class='ocrx_word' id='word_1_648' title='bbox 2554 4800 2618 4871; x_wconf 78' lang='lat' dir='ltr'><strong>de</strong></span> <span class='ocrx_word' id='word_1_649' title='bbox 2636 4798 2752 4867; x_wconf 82' lang='lat' dir='ltr'><strong>ejus</strong></span> <span class='ocrx_word' id='word_1_650' title='bbox 2769 4793 3052 4853; x_wconf 78' lang='lat' dir='ltr'><strong>certamine</strong></span> <span class='ocrx_word' id='word_1_651' title='bbox 3066 4811 3184 4850; x_wconf 86' lang='lat' dir='ltr'><strong>cum</strong></span> <span class='ocrx_word' id='word_1_652' title='bbox 3205 4793 3415 4871; x_wconf 72' lang='lat' dir='ltr'><strong>belluis,</strong></span> <span class='ocrx_word' id='word_1_653' title='bbox 3446 4796 3688 4871; x_wconf 83' lang='lat' dir='ltr'><strong>a_quibus</strong></span> 
     </span>
    </p>
   </div>
   <div class='ocr_carea' id='block_1_94' title="bbox 419 4863 3686 4946">
    <p class='ocr_par' dir='ltr' id='par_1_94' title="bbox 419 4863 3686 4946">
     <span class='ocr_line' id='line_1_94' title="bbox 419 4863 3686 4946; baseline -0 -28"><span class='ocrx_word' id='word_1_654' title='bbox 419 4863 700 4946; x_wconf 76' lang='lat' dir='ltr'><strong>tullianus,</strong></span> <span class='ocrx_word' id='word_1_655' title='bbox 728 4874 782 4946; x_wconf 84' lang='lat' dir='ltr'><strong>et</strong></span> <span class='ocrx_word' id='word_1_656' title='bbox 813 4865 930 4946; x_wconf 76' lang='lat' dir='ltr'><strong>ipse</strong></span> <span class='ocrx_word' id='word_1_657' title='bbox 958 4863 1347 4946; x_wconf 60' lang='lat' dir='ltr'><strong>iiieronymus,</strong></span> <span class='ocrx_word' id='word_1_658' title='bbox 1375 4863 1439 4922; x_wconf 62' lang='lat' dir='ltr'><strong>et</strong></span> <span class='ocrx_word' id='word_1_659' title='bbox 1458 4864 1709 4946; x_wconf 81' lang='lat' dir='ltr'><strong>Gelasius</strong></span> <span class='ocrx_word' id='word_1_660' title='bbox 1736 4863 1906 4938; x_wconf 82' lang='lat' dir='ltr'><strong>papa,</strong></span> <span class='ocrx_word' id='word_1_661' title='bbox 1937 4879 1999 4924; x_wconf 85' lang='lat' dir='ltr'><strong>ut</strong></span> <span class='ocrx_word' id='word_1_662' title='bbox 2098 4870 2262 4940; x_wconf 74' lang='lat' dir='ltr'><strong>fuerit</strong></span> <span class='ocrx_word' id='word_1_663' title='bbox 2289 4863 2543 4946; x_wconf 59' lang='lat' dir='ltr'><strong>diuinitus</strong></span> <span class='ocrx_word' id='word_1_664' title='bbox 2569 4863 2818 4946; x_wconf 76' lang='lat' dir='ltr'><strong>liberata,</strong></span> <span class='ocrx_word' id='word_1_665' title='bbox 2851 4876 3205 4946; x_wconf 69' lang='lat' dir='ltr'><strong>recensentur,</strong></span> <span class='ocrx_word' id='word_1_666' title='bbox 3230 4865 3686 4946; x_wconf 67' lang='lat' dir='ltr'><strong>_multis_Patrum</strong></span> 
     </span>
    </p>
   </div>
   <div class='ocr_carea' id='block_1_95' title="bbox 418 4936 3683 5007">
    <p class='ocr_par' dir='ltr' id='par_1_95' title="bbox 418 4936 3683 5007">
     <span class='ocr_line' id='line_1_95' title="bbox 418 4936 3683 5007; baseline 0 -19"><span class='ocrx_word' id='word_1_667' title='bbox 418 4936 621 5007; x_wconf 87' lang='lat' dir='ltr'><strong>nullius</strong></span> <span class='ocrx_word' id='word_1_668' title='bbox 661 4936 1004 5007; x_wconf 74' lang='lat' dir='ltr'><strong>auctoritatis</strong></span> <span class='ocrx_word' id='word_1_669' title='bbox 1043 4936 1378 5007; x_wconf 75' lang='lat' dir='ltr'><strong>reiecerunt;</strong></span> <span class='ocrx_word' id='word_1_670' title='bbox 1415 4950 1521 4990; x_wconf 84' lang='lat' dir='ltr'><strong>non</strong></span> <span class='ocrx_word' id='word_1_671' title='bbox 1556 4938 1736 4991; x_wconf 87' lang='lat' dir='ltr'><strong>omnia</strong></span> <span class='ocrx_word' id='word_1_672' title='bbox 1772 4936 1954 4993; x_wconf 72' lang='lat' dir='ltr'><strong>tamen</strong></span> <span class='ocrx_word' id='word_1_673' title='bbox 1974 4979 1990 5005; x_wconf 94' lang='lat'><strong>,</strong></span> <span class='ocrx_word' id='word_1_674' title='bbox 2095 4936 2501 4994; x_wconf 74' lang='lat' dir='ltr'><strong>auctoritatibus</strong></span> <span class='ocrx_word' id='word_1_675' title='bbox 2527 4941 2963 5007; x_wconf 81' lang='lat' dir='ltr'><strong>comprobantur,</strong></span> <span class='ocrx_word' id='word_1_676' title='bbox 2987 4951 3125 5007; x_wconf 86' lang='lat' dir='ltr'><strong>quas</strong></span> <span class='ocrx_word' id='word_1_677' title='bbox 3155 4938 3279 5007; x_wconf 80' lang='lat' dir='ltr'><strong>vide</strong></span> <span class='ocrx_word' id='word_1_678' title='bbox 3311 4936 3448 5007; x_wconf 76' lang='lat' dir='ltr'><strong>apud</strong></span> <span class='ocrx_word' id='word_1_679' title='bbox 3478 4936 3683 5007; x_wconf 75' lang='lat' dir='ltr'><strong>ipsum.</strong></span> 
     </span>
    </p>
   </div>
   <div class='ocr_carea' id='block_1_96' title="bbox 419 5002 3689 5083">
    <p class='ocr_par' dir='ltr' id='par_1_96' title="bbox 419 5002 3689 5083">
     <span class='ocr_line' id='line_1_96' title="bbox 419 5002 3689 5083; baseline 0 -26"><span class='ocrx_word' id='word_1_680' title='bbox 419 5019 539 5083; x_wconf 71' lang='lat' dir='ltr'><strong>quae</strong></span> <span class='ocrx_word' id='word_1_681' title='bbox 580 5006 645 5058; x_wconf 86' lang='lat' dir='ltr'><strong>de</strong></span> <span class='ocrx_word' id='word_1_682' title='bbox 665 5004 724 5059; x_wconf 81' lang='lat' dir='ltr'><strong>S.</strong></span> <span class='ocrx_word' id='word_1_683' title='bbox 754 5002 954 5083; x_wconf 58' lang='lat' dir='ltr'><strong>Thecla</strong></span> <span class='ocrx_word' id='word_1_684' title='bbox 992 5005 1195 5075; x_wconf 86' lang='lat' dir='ltr'><strong>scripta</strong></span> <span class='ocrx_word' id='word_1_685' title='bbox 1228 5008 1808 5083; x_wconf 78' lang='lat' dir='ltr'><strong>reperiuntur,_eadem</strong></span> <span class='ocrx_word' id='word_1_686' title='bbox 1832 5002 1999 5078; x_wconf 79' lang='lat' dir='ltr'><strong>opera</strong></span> <span class='ocrx_word' id='word_1_687' title='bbox 2098 5008 2178 5063; x_wconf 68' lang='grc' dir='ltr'><strong>ΕΣ</strong></span> <span class='ocrx_word' id='word_1_688' title='bbox 2199 5024 2264 5063; x_wconf 92' lang='lat' dir='ltr'><strong>eo</strong></span> <span class='ocrx_word' id='word_1_689' title='bbox 2295 5009 2462 5083; x_wconf 73' lang='lat' dir='ltr'><strong>igitur</strong></span> <span class='ocrx_word' id='word_1_690' title='bbox 2474 5011 2619 5083; x_wconf 89' lang='lat' dir='ltr'><strong>quod</strong></span> <span class='ocrx_word' id='word_1_691' title='bbox 2640 5002 2795 5083; x_wconf 28' lang='lat' dir='ltr'><strong>Pauli.</strong></span> <span class='ocrx_word' id='word_1_692' title='bbox 2820 5002 2983 5062; x_wconf 78' lang='lat' dir='ltr'><strong>fuerit</strong></span> <span class='ocrx_word' id='word_1_693' title='bbox 3002 5002 3283 5083; x_wconf 54' lang='lat' dir='ltr'><strong>:sectatrit&#39;r</strong></span> <span class='ocrx_word' id='word_1_694' title='bbox 3309 5002 3367 5061; x_wconf 58' lang='lat' dir='ltr'><strong>S&#39;.</strong></span> <span class='ocrx_word' id='word_1_695' title='bbox 3399 5002 3689 5083; x_wconf 70' lang='lat' dir='ltr'><strong>Theclaet</strong></span> 
     </span>
    </p>
   </div>
   <div class='ocr_carea' id='block_1_97' title="bbox 418 5075 3693 5153">
    <p class='ocr_par' dir='ltr' id='par_1_97' title="bbox 418 5075 3693 5153">
     <span class='ocr_line' id='line_1_97' title="bbox 418 5075 3693 5153; baseline 0.001 -27"><span class='ocrx_word' id='word_1_696' title='bbox 418 5075 825 5153; x_wconf 66' lang='lat' dir='ltr'><strong>adnumeranda</strong></span> <span class='ocrx_word' id='word_1_697' title='bbox 873 5075 1015 5153; x_wconf 75' lang='lat' dir='ltr'><strong>inter</strong></span> <span class='ocrx_word' id='word_1_698' title='bbox 1061 5079 1370 5153; x_wconf 82' lang='lat' dir='ltr'><strong>apocrypha</strong></span> <span class='ocrx_word' id='word_1_699' title='bbox 1400 5089 1483 5153; x_wconf 87' lang='lat' dir='ltr'><strong>_ac</strong></span> <span class='ocrx_word' id='word_1_700' title='bbox 1530 5076 1825 5153; x_wconf 77' lang='lat' dir='ltr'><strong>rejicieuda</strong></span> <span class='ocrx_word' id='word_1_701' title='bbox 1871 5075 2000 5132; x_wconf 78' lang='lat' dir='ltr'><strong>esse</strong></span> <span class='ocrx_word' id='word_1_702' title='bbox 2103 5075 2401 5153; x_wconf 64' lang='lat' dir='ltr'><strong>apostolica</strong></span> <span class='ocrx_word' id='word_1_703' title='bbox 2433 5075 2647 5153; x_wconf 76' lang='lat' dir='ltr'><strong>dicatur</strong></span> <span class='ocrx_word' id='word_1_704' title='bbox 2674 5078 2975 5153; x_wconf 65' lang='lat' dir='ltr'><strong>lentiua,et</strong></span> <span class='ocrx_word' id='word_1_705' title='bbox 3002 5075 3360 5153; x_wconf 64' lang='grc' dir='ltr'>ίσαπέστολος</span> <span class='ocrx_word' id='word_1_706' title='bbox 3387 5075 3693 5153; x_wconf 75' lang='lat' dir='ltr'><strong>etcOncio-</strong></span> 
     </span>
    </p>
   </div>
   <div class='ocr_carea' id='block_1_98' title="bbox 419 5142 3675 5215">
    <p class='ocr_par' dir='ltr' id='par_1_98' title="bbox 419 5142 3675 5215">
     <span class='ocr_line' id='line_1_98' title="bbox 419 5142 3675 5215; baseline -0 -19"><span class='ocrx_word' id='word_1_707' title='bbox 419 5155 599 5215; x_wconf 86' lang='lat' dir='ltr'><strong>monet</strong></span> <span class='ocrx_word' id='word_1_708' title='bbox 631 5142 891 5215; x_wconf 83' lang='lat' dir='ltr'><strong>Barouius</strong></span> <span class='ocrx_word' id='word_1_709' title='bbox 918 5142 1111 5198; x_wconf 81' lang='lat' dir='ltr'><strong>eodem</strong></span> <span class='ocrx_word' id='word_1_710' title='bbox 1142 5142 1289 5209; x_wconf 69' lang='lat' dir='ltr'><strong>loco;</strong></span> <span class='ocrx_word' id='word_1_711' title='bbox 1321 5144 1417 5215; x_wconf 74' lang='lat' dir='ltr'><strong>sed</strong></span> <span class='ocrx_word' id='word_1_712' title='bbox 1448 5142 1780 5200; x_wconf 86' lang='lat' dir='ltr'><strong>secernenda</strong></span> <span class='ocrx_word' id='word_1_713' title='bbox 1812 5161 1932 5202; x_wconf 88' lang='lat' dir='ltr'><strong>esse</strong></span> <span class='ocrx_word' id='word_1_714' title='bbox 1961 5162 1994 5201; x_wconf 84' lang='lat' dir='ltr'><strong>a</strong></span> <span class='ocrx_word' id='word_1_715' title='bbox 2104 5142 2285 5213; x_wconf 73' lang='lat' dir='ltr'><strong>nasse,</strong></span> <span class='ocrx_word' id='word_1_716' title='bbox 2316 5149 2484 5203; x_wconf 75' lang='lat' dir='ltr'><strong>fuisse</strong></span> <span class='ocrx_word' id='word_1_717' title='bbox 2513 5150 2678 5202; x_wconf 88' lang='lat' dir='ltr'><strong>etiam</strong></span> <span class='ocrx_word' id='word_1_718' title='bbox 2712 5147 2773 5201; x_wconf 91' lang='lat' dir='ltr'><strong>S.</strong></span> <span class='ocrx_word' id='word_1_719' title='bbox 2799 5145 2970 5200; x_wconf 88' lang='lat' dir='ltr'><strong>Paulo</strong></span> <span class='ocrx_word' id='word_1_720' title='bbox 3003 5145 3331 5215; x_wconf 64' lang='lat' dir='ltr'><strong>praedicandi</strong></span> <span class='ocrx_word' id='word_1_721' title='bbox 3367 5145 3675 5199; x_wconf 85' lang='lat' dir='ltr'><strong>ministram</strong></span> 
     </span>
    </p>
   </div>
   <div class='ocr_carea' id='block_1_99' title="bbox 419 5212 3681 5300">
    <p class='ocr_par' dir='ltr' id='par_1_99' title="bbox 419 5212 3681 5300">
     <span class='ocr_line' id='line_1_99' title="bbox 419 5212 3681 5300; baseline -0 -33"><span class='ocrx_word' id='word_1_722' title='bbox 419 5214 586 5300; x_wconf 69' lang='lat' dir='ltr'><strong>certis</strong></span> <span class='ocrx_word' id='word_1_723' title='bbox 616 5214 887 5300; x_wconf 60' lang='lat' dir='ltr'><strong>atttbigtta,</strong></span> <span class='ocrx_word' id='word_1_724' title='bbox 915 5228 946 5267; x_wconf 90' lang='lat' dir='ltr'><strong>a</strong></span> <span class='ocrx_word' id='word_1_725' title='bbox 974 5216 1117 5269; x_wconf 86' lang='lat' dir='ltr'><strong>veris</strong></span> <span class='ocrx_word' id='word_1_726' title='bbox 1154 5215 1288 5268; x_wconf 84' lang='lat' dir='ltr'><strong>l‘alsa</strong></span> <span class='ocrx_word' id='word_1_727' title='bbox 1322 5233 1336 5268; x_wconf 87' lang='lat'><strong>:</strong></span> <span class='ocrx_word' id='word_1_728' title='bbox 1368 5212 1427 5300; x_wconf 59' lang='lat' dir='ltr'><strong>Si</strong></span> <span class='ocrx_word' id='word_1_729' title='bbox 1445 5217 1573 5300; x_wconf 46' lang='lat' dir='ltr'><strong>[ortis</strong></span> <span class='ocrx_word' id='word_1_730' title='bbox 1601 5219 1739 5270; x_wconf 86' lang='lat' dir='ltr'><strong>enim</strong></span> <span class='ocrx_word' id='word_1_731' title='bbox 1768 5233 1831 5270; x_wconf 87' lang='lat' dir='ltr'><strong>ea</strong></span> <span class='ocrx_word' id='word_1_732' title='bbox 1856 5218 1993 5300; x_wconf 45' lang='lat' dir='ltr'><strong>inae:</strong></span> <span class='ocrx_word' id='word_1_733' title='bbox 2101 5212 2466 5300; x_wconf 72' lang='lat' dir='ltr'><strong>Theophanes</strong></span> <span class='ocrx_word' id='word_1_734' title='bbox 2513 5220 2622 5300; x_wconf 82' lang='lat' dir='ltr'><strong>hie_</strong></span> <span class='ocrx_word' id='word_1_735' title='bbox 2646 5218 2838 5298; x_wconf 74' lang='lat' dir='ltr'><strong>saltem</strong></span> <span class='ocrx_word' id='word_1_736' title='bbox 2883 5212 3194 5295; x_wconf 72' lang='lat' dir='ltr'><strong>popularem</strong></span> <span class='ocrx_word' id='word_1_737' title='bbox 3237 5216 3545 5300; x_wconf 74' lang='lat' dir='ltr'><strong>opinionem</strong></span> <span class='ocrx_word' id='word_1_738' title='bbox 3570 5227 3681 5300; x_wconf 52' lang='lat' dir='ltr'><strong>.se-</strong></span> 
     </span>
    </p>
   </div>
   <div class='ocr_carea' id='block_1_100' title="bbox 416 5282 3683 5358">
    <p class='ocr_par' dir='ltr' id='par_1_100' title="bbox 416 5282 3683 5358">
     <span class='ocr_line' id='line_1_100' title="bbox 416 5282 3683 5358; baseline 0.001 -23"><span class='ocrx_word' id='word_1_739' title='bbox 416 5284 589 5358; x_wconf 53' lang='lat' dir='ltr'><strong>eliget.</strong></span> <span class='ocrx_word' id='word_1_740' title='bbox 620 5283 1080 5358; x_wconf 64' lang='lat' dir='ltr'><strong>iuq_uit_i|le,_qute</strong></span> <span class='ocrx_word' id='word_1_741' title='bbox 1108 5296 1217 5337; x_wconf 73' lang='lat' dir='ltr'><strong>tum</strong></span> <span class='ocrx_word' id='word_1_742' title='bbox 1266 5285 1407 5358; x_wconf 85' lang='lat' dir='ltr'><strong>apud</strong></span> <span class='ocrx_word' id='word_1_743' title='bbox 1441 5282 1672 5350; x_wconf 64' lang='grc' dir='ltr'>(ἐι-ωεστ,</span> <span class='ocrx_word' id='word_1_744' title='bbox 1706 5295 1816 5358; x_wconf 77' lang='lat' dir='ltr'><strong>tum</strong></span> <span class='ocrx_word' id='word_1_745' title='bbox 1850 5289 1993 5358; x_wconf 82' lang='lat' dir='ltr'><strong>apud</strong></span> <span class='ocrx_word' id='word_1_746' title='bbox 2098 5282 2275 5357; x_wconf 80' lang='lat' dir='ltr'><strong>quens</strong></span> <span class='ocrx_word' id='word_1_747' title='bbox 2301 5289 2450 5355; x_wconf 91' lang='lat' dir='ltr'><strong>dicit,</strong></span> <span class='ocrx_word' id='word_1_748' title='bbox 2479 5288 2624 5358; x_wconf 90' lang='lat' dir='ltr'><strong>quod</strong></span> <span class='ocrx_word' id='word_1_749' title='bbox 2654 5301 2777 5358; x_wconf 90' lang='lat' dir='ltr'><strong>non_</strong></span> <span class='ocrx_word' id='word_1_750' title='bbox 2809 5282 3405 5358; x_wconf 30' lang='lat' dir='ltr'><strong>inconvenienter,‘_nec</strong></span> <span class='ocrx_word' id='word_1_751' title='bbox 3441 5282 3683 5358; x_wconf 70' lang='lat' dir='ltr'><strong>indebita</strong></span> 
     </span>
    </p>
   </div>
   <div class='ocr_carea' id='block_1_101' title="bbox 417 5350 3680 5426">
    <p class='ocr_par' dir='ltr' id='par_1_101' title="bbox 417 5350 3680 5426">
     <span class='ocr_line' id='line_1_101' title="bbox 417 5350 3680 5426; baseline -0 -20"><span class='ocrx_word' id='word_1_752' title='bbox 417 5350 641 5406; x_wconf 82' lang='lat' dir='ltr'><strong>Latinos</strong></span> <span class='ocrx_word' id='word_1_753' title='bbox 687 5350 763 5426; x_wconf 82' lang='lat' dir='ltr'><strong>de</strong></span> <span class='ocrx_word' id='word_1_754' title='bbox 792 5350 850 5426; x_wconf 88' lang='lat' dir='ltr'><strong>S_.</strong></span> <span class='ocrx_word' id='word_1_755' title='bbox 890 5351 1093 5426; x_wconf 66' lang='lat' dir='ltr'><strong>Thecla:</strong></span> <span class='ocrx_word' id='word_1_756' title='bbox 1131 5350 1386 5423; x_wconf 75' lang='lat' dir='ltr'><strong>martyrio</strong></span> <span class='ocrx_word' id='word_1_757' title='bbox 1413 5362 1644 5420; x_wconf 71' lang='lat' dir='ltr'><strong>exstant,</strong></span> <span class='ocrx_word' id='word_1_758' title='bbox 1676 5356 1808 5408; x_wconf 84' lang='lat' dir='ltr'><strong>nihil</strong></span> <span class='ocrx_word' id='word_1_759' title='bbox 1840 5350 1895 5408; x_wconf 76' lang='lat' dir='ltr'><strong>in</strong></span> <span class='ocrx_word' id='word_1_760' title='bbox 1920 5359 1995 5411; x_wconf 80' lang='lat' dir='ltr'><strong>eis</strong></span> <span class='ocrx_word' id='word_1_761' title='bbox 2101 5350 2402 5413; x_wconf 75' lang='lat' dir='ltr'><strong>factitatum</strong></span> <span class='ocrx_word' id='word_1_762' title='bbox 2438 5350 2511 5412; x_wconf 53' lang='lat' dir='ltr'><strong>ab&quot;</strong></span> <span class='ocrx_word' id='word_1_763' title='bbox 2537 5372 2624 5424; x_wconf 88' lang='lat' dir='ltr'><strong>eo,</strong></span> <span class='ocrx_word' id='word_1_764' title='bbox 2670 5367 2729 5410; x_wconf 88' lang='lat' dir='ltr'><strong>ut</strong></span> <span class='ocrx_word' id='word_1_765' title='bbox 2760 5355 2869 5426; x_wconf 88' lang='lat' dir='ltr'><strong>jam</strong></span> <span class='ocrx_word' id='word_1_766' title='bbox 2902 5370 2972 5411; x_wconf 75' lang='lat' dir='ltr'><strong>ex</strong></span> <span class='ocrx_word' id='word_1_767' title='bbox 3002 5354 3237 5410; x_wconf 83' lang='lat' dir='ltr'><strong>Barouio</strong></span> <span class='ocrx_word' id='word_1_768' title='bbox 3272 5354 3531 5417; x_wconf 84' lang='lat' dir='ltr'><strong>diximus,</strong></span> <span class='ocrx_word' id='word_1_769' title='bbox 3561 5354 3680 5405; x_wconf 76' lang='lat' dir='ltr'><strong>esi-</strong></span> 
     </span>
    </p>
   </div>
   <div class='ocr_carea' id='block_1_102' title="bbox 416 5422 2566 5498">
    <p class='ocr_par' dir='ltr' id='par_1_102' title="bbox 416 5422 2566 5498">
     <span class='ocr_line' id='line_1_102' title="bbox 416 5422 2566 5498; baseline 0.003 -24"><span class='ocrx_word' id='word_1_770' title='bbox 416 5437 658 5498; x_wconf 72' lang='lat' dir='ltr'><strong>prorsu_s,</strong></span> <span class='ocrx_word' id='word_1_771' title='bbox 688 5425 764 5498; x_wconf 76' lang='lat' dir='ltr'><strong>rel</strong></span> <span class='ocrx_word' id='word_1_772' title='bbox 795 5422 1017 5498; x_wconf 70' lang='lat' dir='ltr'><strong>docendi</strong></span> <span class='ocrx_word' id='word_1_773' title='bbox 1042 5422 1997 5498; x_wconf 39' lang='lat' dir='ltr'><strong>munere,autbaptizandiministea</strong></span> <span class='ocrx_word' id='word_1_774' title='bbox 2098 5427 2430 5498; x_wconf 81' lang='lat' dir='ltr'><strong>stimaudum</strong></span> <span class='ocrx_word' id='word_1_775' title='bbox 2464 5436 2566 5481; x_wconf 85' lang='lat' dir='ltr'><strong>est.</strong></span> 
     </span>
    </p>
   </div>
   <div class='ocr_carea' id='block_1_103' title="bbox 418 5489 3683 5573">
    <p class='ocr_par' dir='ltr' id='par_1_103' title="bbox 418 5489 3683 5573">
     <span class='ocr_line' id='line_1_103' title="bbox 418 5489 3683 5573; baseline 0 -28"><span class='ocrx_word' id='word_1_776' title='bbox 418 5489 500 5573; x_wconf 72' lang='lat' dir='ltr'><strong>rio</strong></span> <span class='ocrx_word' id='word_1_777' title='bbox 533 5510 564 5544; x_wconf 92' lang='lat' dir='ltr'><strong>a</strong></span> <span class='ocrx_word' id='word_1_778' title='bbox 593 5489 786 5573; x_wconf 61' lang='lat' dir='ltr'><strong>Thecla</strong></span> <span class='ocrx_word' id='word_1_779' title='bbox 808 5492 1376 5573; x_wconf 59' lang='grc' dir='ltr'>ἱηᾴσὸξιεύειιιςραεορι</span> <span class='ocrx_word' id='word_1_780' title='bbox 1395 5489 1590 5573; x_wconf 73' lang='lat' dir='ltr'><strong>injuste</strong></span> <span class='ocrx_word' id='word_1_781' title='bbox 1611 5495 1999 5573; x_wconf 63' lang='lat' dir='ltr'><strong>eiudipoto,_oel</strong></span> <span class='ocrx_word' id='word_1_782' title='bbox 2123 5569 2134 5573; x_wconf 86' lang='lat'>_</span> <span class='ocrx_word' id='word_1_783' title='bbox 2171 5497 2247 5573; x_wconf 65' lang='lat'><strong>(9)</strong></span> <span class='ocrx_word' id='word_1_784' title='bbox 2288 5500 2416 5552; x_wconf 83' lang='lat' dir='ltr'><strong>Alae</strong></span> <span class='ocrx_word' id='word_1_785' title='bbox 2446 5494 2771 5573; x_wconf 74' lang='lat' dir='ltr'><strong>et__myrrlra.</strong></span> <span class='ocrx_word' id='word_1_786' title='bbox 2807 5493 3030 5573; x_wconf 75' lang='lat' dir='ltr'><strong>Egitde</strong></span> <span class='ocrx_word' id='word_1_787' title='bbox 3067 5495 3170 5573; x_wconf 69' lang='lat' dir='ltr'><strong>hac</strong></span> <span class='ocrx_word' id='word_1_788' title='bbox 3206 5507 3270 5573; x_wconf 60' lang='lat' dir='ltr'><strong>re</strong></span> <span class='ocrx_word' id='word_1_789' title='bbox 3303 5501 3495 5573; x_wconf 87' lang='lat' dir='ltr'><strong>auctor</strong></span> <span class='ocrx_word' id='word_1_790' title='bbox 3533 5492 3683 5573; x_wconf 82' lang='lat' dir='ltr'><strong>hom.</strong></span> 
     </span>
    </p>
   </div>
   <div class='ocr_carea' id='block_1_104' title="bbox 418 5560 3681 5632">
    <p class='ocr_par' dir='ltr' id='par_1_104' title="bbox 418 5560 3681 5632">
     <span class='ocr_line' id='line_1_104' title="bbox 418 5560 3681 5632; baseline -0 -17"><span class='ocrx_word' id='word_1_791' title='bbox 418 5561 579 5632; x_wconf 79' lang='lat' dir='ltr'><strong>etiam</strong></span> <span class='ocrx_word' id='word_1_792' title='bbox 620 5563 684 5614; x_wconf 85' lang='lat' dir='ltr'><strong>de</strong></span> <span class='ocrx_word' id='word_1_793' title='bbox 728 5560 987 5630; x_wconf 68' lang='lat' dir='ltr'><strong>baptizati</strong></span> <span class='ocrx_word' id='word_1_794' title='bbox 1029 5560 1218 5632; x_wconf 69' lang='lat' dir='ltr'><strong>Leonis</strong></span> <span class='ocrx_word' id='word_1_795' title='bbox 1260 5560 1459 5631; x_wconf 67' lang='lat' dir='ltr'><strong>fabula&#39;</strong></span> <span class='ocrx_word' id='word_1_796' title='bbox 1492 5580 1713 5632; x_wconf 79' lang='lat' dir='ltr'><strong>usquam</strong></span> <span class='ocrx_word' id='word_1_797' title='bbox 1747 5565 1994 5621; x_wconf 78' lang='lat' dir='ltr'><strong>inveniet.</strong></span> <span class='ocrx_word' id='word_1_798' title='bbox 2102 5560 2407 5622; x_wconf 59' lang='lat' dir='ltr'><strong>de&#39;Lazaro</strong></span> <span class='ocrx_word' id='word_1_799' title='bbox 2430 5560 2695 5629; x_wconf 73' lang='lat' dir='ltr'><strong>redivivo,</strong></span> <span class='ocrx_word' id='word_1_800' title='bbox 2721 5560 2956 5632; x_wconf 52' lang='lat' dir='ltr'><strong>qiue&#39;est</strong></span> <span class='ocrx_word' id='word_1_801' title='bbox 2981 5564 3174 5618; x_wconf 90' lang='lat' dir='ltr'><strong>ordine</strong></span> <span class='ocrx_word' id='word_1_802' title='bbox 3204 5562 3303 5628; x_wconf 76' lang='lat'><strong>15;</strong></span> <span class='ocrx_word' id='word_1_803' title='bbox 3331 5571 3387 5616; x_wconf 88' lang='lat' dir='ltr'><strong>et</strong></span> <span class='ocrx_word' id='word_1_804' title='bbox 3418 5570 3681 5631; x_wconf 84' lang='lat' dir='ltr'><strong>praeterea</strong></span> 
     </span>
    </p>
   </div>
   <div class='ocr_carea' id='block_1_105' title="bbox 421 5628 3685 5701">
    <p class='ocr_par' dir='ltr' id='par_1_105' title="bbox 421 5628 3685 5701">
     <span class='ocr_line' id='line_1_105' title="bbox 421 5628 3685 5701; baseline 0 -18"><span class='ocrx_word' id='word_1_805' title='bbox 421 5631 578 5701; x_wconf 73' lang='lat' dir='ltr'><strong>Quod</strong></span> <span class='ocrx_word' id='word_1_806' title='bbox 625 5628 805 5701; x_wconf 75' lang='lat' dir='ltr'><strong>autem</strong></span> <span class='ocrx_word' id='word_1_807' title='bbox 845 5647 906 5685; x_wconf 89' lang='lat' dir='ltr'><strong>ea</strong></span> <span class='ocrx_word' id='word_1_808' title='bbox 963 5632 1025 5686; x_wconf 79' lang='lat' dir='ltr'><strong>S.</strong></span> <span class='ocrx_word' id='word_1_809' title='bbox 1074 5628 1237 5685; x_wconf 82' lang='lat' dir='ltr'><strong>Pauli</strong></span> <span class='ocrx_word' id='word_1_810' title='bbox 1261 5628 1270 5631; x_wconf 71' lang='grc'><strong><em>“</em></strong></span> <span class='ocrx_word' id='word_1_811' title='bbox 1296 5628 1669 5698; x_wconf 78' lang='lat' dir='ltr'><strong>prtedicatione</strong></span> <span class='ocrx_word' id='word_1_812' title='bbox 1721 5637 1791 5687; x_wconf 82' lang='lat' dir='ltr'><strong>ad</strong></span> <span class='ocrx_word' id='word_1_813' title='bbox 1837 5636 1995 5701; x_wconf 76' lang='lat' dir='ltr'><strong>ﬁdem</strong></span> <span class='ocrx_word' id='word_1_814' title='bbox 2106 5637 2258 5691; x_wconf 90' lang='lat' dir='ltr'><strong>locus</strong></span> <span class='ocrx_word' id='word_1_815' title='bbox 2288 5636 2394 5690; x_wconf 87' lang='lat' dir='ltr'><strong>erit</strong></span> <span class='ocrx_word' id='word_1_816' title='bbox 2425 5636 2642 5691; x_wconf 90' lang='lat' dir='ltr'><strong>dicendi</strong></span> <span class='ocrx_word' id='word_1_817' title='bbox 2673 5628 2814 5691; x_wconf 78' lang='lat' dir='ltr'><strong>infra</strong></span> <span class='ocrx_word' id='word_1_818' title='bbox 2846 5636 2994 5689; x_wconf 87' lang='lat' dir='ltr'><strong>hom.</strong></span> <span class='ocrx_word' id='word_1_819' title='bbox 3018 5633 3091 5689; x_wconf 73' lang='lat'><strong>23</strong></span> <span class='ocrx_word' id='word_1_820' title='bbox 3111 5671 3127 5697; x_wconf 90' lang='lat'><strong>,</strong></span> <span class='ocrx_word' id='word_1_821' title='bbox 3155 5634 3244 5688; x_wconf 89' lang='lat' dir='ltr'><strong>ubi</strong></span> <span class='ocrx_word' id='word_1_822' title='bbox 3277 5631 3399 5686; x_wconf 80' lang='lat' dir='ltr'><strong>vide</strong></span> <span class='ocrx_word' id='word_1_823' title='bbox 3419 5628 3553 5701; x_wconf 72' lang='lat' dir='ltr'><strong>qua:</strong></span> <span class='ocrx_word' id='word_1_824' title='bbox 3581 5634 3685 5685; x_wconf 82' lang='lat' dir='ltr'><strong>ad-</strong></span> 
     </span>
    </p>
   </div>
   <div class='ocr_carea' id='block_1_106' title="bbox 418 5700 2704 5778">
    <p class='ocr_par' dir='ltr' id='par_1_106' title="bbox 418 5700 2704 5778">
     <span class='ocr_line' id='line_1_106' title="bbox 418 5700 2704 5778; baseline 0.005 -28"><span class='ocrx_word' id='word_1_825' title='bbox 418 5700 653 5778; x_wconf 75' lang='lat' dir='ltr'><strong>adducta</strong></span> <span class='ocrx_word' id='word_1_826' title='bbox 686 5700 868 5778; x_wconf 67' lang='lat' dir='ltr'><strong>fuerit,</strong></span> <span class='ocrx_word' id='word_1_827' title='bbox 902 5701 1140 5778; x_wconf 76' lang='lat' dir='ltr'><strong>quodque</strong></span> <span class='ocrx_word' id='word_1_828' title='bbox 1172 5714 1355 5765; x_wconf 83' lang='lat' dir='ltr'><strong>sponte</strong></span> <span class='ocrx_word' id='word_1_829' title='bbox 1385 5706 1639 5770; x_wconf 80' lang='lat' dir='ltr'><strong>primario</strong></span> <span class='ocrx_word' id='word_1_830' title='bbox 1673 5700 1994 5778; x_wconf 73' lang='lat' dir='ltr'><strong>adolescenti</strong></span> <span class='ocrx_word' id='word_1_831' title='bbox 2102 5708 2704 5778; x_wconf 82' lang='lat' dir='ltr'><strong>nutanda_censuimus.</strong></span> 
     </span>
    </p>
   </div>
   <div class='ocr_carea' id='block_1_107' title="bbox 418 5771 3687 5846">
    <p class='ocr_par' dir='ltr' id='par_1_107' title="bbox 418 5771 3687 5846">
     <span class='ocr_line' id='line_1_107' title="bbox 418 5771 3687 5846; baseline 0.004 -29"><span class='ocrx_word' id='word_1_832' title='bbox 418 5771 660 5846; x_wconf 56' lang='lat' dir='ltr'><strong>nuntium</strong></span> <span class='ocrx_word' id='word_1_833' title='bbox 686 5771 966 5846; x_wconf 67' lang='lat' dir='ltr'><strong>remiserit,</strong></span> <span class='ocrx_word' id='word_1_834' title='bbox 995 5771 1133 5840; x_wconf 84' lang='lat' dir='ltr'><strong>quod</strong></span> <span class='ocrx_word' id='word_1_835' title='bbox 1161 5784 1489 5846; x_wconf 58' lang='lat' dir='ltr'><strong>gemmas,“</strong></span> <span class='ocrx_word' id='word_1_836' title='bbox 1524 5773 1778 5846; x_wconf 73' lang='lat' dir='ltr'><strong>mundum</strong></span> <span class='ocrx_word' id='word_1_837' title='bbox 1810 5772 1996 5827; x_wconf 79' lang='lat' dir='ltr'><strong>ntulte-</strong></span> <span class='ocrx_word' id='word_1_838' title='bbox 2171 5776 2286 5846; x_wconf 70' lang='lat'><strong>(10)</strong></span> <span class='ocrx_word' id='word_1_839' title='bbox 2341 5773 2471 5830; x_wconf 75' lang='lat' dir='ltr'><strong>Post</strong></span> <span class='ocrx_word' id='word_1_840' title='bbox 2513 5778 2610 5831; x_wconf 77' lang='lat' dir='ltr'><strong>has</strong></span> <span class='ocrx_word' id='word_1_841' title='bbox 2657 5790 2811 5846; x_wconf 69' lang='lat' dir='ltr'><strong>vero.</strong></span> <span class='ocrx_word' id='word_1_842' title='bbox 2833 5772 3000 5846; x_wconf 72' lang='lat' dir='ltr'><strong>Atqui</strong></span> <span class='ocrx_word' id='word_1_843' title='bbox 3146 5771 3308 5846; x_wconf 61' lang='lat' dir='ltr'><strong>Petro</strong></span> <span class='ocrx_word' id='word_1_844' title='bbox 3357 5779 3687 5846; x_wconf 58' lang='grc' dir='ltr'>θρρδτυετᾳι</span> 
     </span>
    </p>
   </div>
   <div class='ocr_carea' id='block_1_108' title="bbox 418 5838 3685 5937">
    <p class='ocr_par' dir='ltr' id='par_1_108' title="bbox 418 5838 3685 5937">
     <span class='ocr_line' id='line_1_108' title="bbox 418 5838 3685 5937; baseline 0.005 -49"><span class='ocrx_word' id='word_1_845' title='bbox 418 5849 566 5902; x_wconf 57' lang='lat' dir='ltr'><strong>bram</strong></span> <span class='ocrx_word' id='word_1_846' title='bbox 595 5838 897 5909; x_wconf 69' lang='grc' dir='ltr'>άιεεὶματὲι,</span> <span class='ocrx_word' id='word_1_847' title='bbox 929 5838 1213 5913; x_wconf 67' lang='lat' dir='ltr'><strong>coactoque</strong></span> <span class='ocrx_word' id='word_1_848' title='bbox 1251 5857 1325 5937; x_wconf 35' lang='lat' dir='ltr'><strong>ex.</strong></span> <span class='ocrx_word' id='word_1_849' title='bbox 1355 5840 1462 5898; x_wconf 82' lang='lat' dir='ltr'><strong>illis</strong></span> <span class='ocrx_word' id='word_1_850' title='bbox 1495 5844 1716 5914; x_wconf 78' lang='lat' dir='ltr'><strong>pecunia</strong></span> <span class='ocrx_word' id='word_1_851' title='bbox 1751 5851 1995 5902; x_wconf 74' lang='lat' dir='ltr'><strong>custodes</strong></span> <span class='ocrx_word' id='word_1_852' title='bbox 2101 5838 2383 5917; x_wconf 76' lang='lat' dir='ltr'><strong>Christus,</strong></span> <span class='ocrx_word' id='word_1_853' title='bbox 2437 5857 2729 5919; x_wconf 82' lang='lat' dir='ltr'><strong>antequam</strong></span> <span class='ocrx_word' id='word_1_854' title='bbox 2783 5838 2995 5904; x_wconf 69' lang='lat' dir='ltr'><strong>duobus</strong></span> <span class='ocrx_word' id='word_1_855' title='bbox 3048 5841 3329 5914; x_wconf 79' lang='lat' dir='ltr'><strong>discipulis</strong></span> <span class='ocrx_word' id='word_1_856' title='bbox 3379 5838 3685 5912; x_wconf 71' lang='lat' dir='ltr'><strong>peregrinis</strong></span> 
     </span>
    </p>
   </div>
  </div>
