4042 6416
372 339 496 407 “Gal

392 494 627 552 peregre
664 477 911 541 veniens,
947 488 1173 545 seseque
1228 473 1479 529 comitem
1530 474 1637 527 illis
1690 472 1965 543 adjniigen

2093 447 2303 515 ξενικὸς
2336 448 2518 518 ὁδίτης

396 589 502 628 una
534 572 871 627 ambulabat.

474 685 491 717 ι
526 666 592 719 Ει
643 667 755 735 ipse
797 663 955 719 Jesus
978 662 1417 733 appropinquans
1456 659 1568 715 ibat
1619 674 1741 713 cuni
1789 658 1916 721 illis,
1958 675 1977 708 ι

393 769 447 812 et
480 758 636 828 quasi
690 757 904 811 nescius
966 770 1187 811 causam
1250 753 1489 809 tristitiae
1544 750 1927 806 sciscitabatur
1964 793 1977 806 .

398 870 416 903 ι
452 850 553 916 Qui
587 859 713 902 sunt
746 848 800 901 hi
848 862 1131 901 sermones
1169 860 1303 913 quos
1332 843 1595 898 confertis
1631 843 1697 896 ad
1724 842 1980 904 invicem,

386 952 443 996 et
492 942 622 997 estis
660 925 911 995 tristes?
945 958 964 992 ι
1030 938 1109 993 11Ιί
1144 952 1296 1003 vero,
1364 952 1433 993 ex
1492 949 1625 991 voce
1684 934 1981 1003 habituque

393 1033 947 1104 Hierosolymitanum
1000 1031 1274 1085 hominem
1337 1029 1526 1084 videre
1582 1042 1642 1083 se
1699 1027 1824 1091 rati,
1857 1042 1979 1080 eum

390 1134 645 1196 arguunt,
692 1125 836 1195 quod
871 1122 1006 1178 adeo
1036 1122 1267 1177 stolidus
1316 1130 1485 1187 esset,
1544 1128 1604 1174 ut
1657 1132 1722 1172 ea
1765 1119 1982 1186 ignora-

380 1227 494 1282 ret,
533 1232 653 1287 quae
718 1215 970 1270 omnibus
1031 1222 1309 1283 comperta
1383 1221 1591 1267 essent.
1633 1208 1786 1262 Alter
1851 1222 1982 1262 sane

378 1321 576 1362 eorum
630 1304 863 1376 Cleopas
902 1313 1126 1358 vocatus
1174 1302 1653 1373 reprehensionem
1690 1314 1982 1371 aggressus

387 1410 471 1453 est
506 1396 645 1469 (l8),
696 1410 858 1466 quem
916 1395 1304 1450 consobrinum
1375 1392 1593 1447 Domini
1639 1392 1753 1459 (i9)
1813 1392 1983 1446 fuisse

390 1489 685 1561 Epiplianii
741 1487 975 1541 Panaria
1037 1496 1327 1542 testantur.
1378 1485 1474 1541 Hic
1513 1486 1681 1557 igitur
1708 1498 1897 1539 severo
1928 1484 1979 1538 in

376 1600 512 1639 cuin
550 1586 769 1636 intuens
854 1581 1006 1635 vultu
1038 1596 1052 1634 :
1086 1598 1105 1630 ι
1144 1578 1223 1633 Tu
1277 1578 1446 1644 solus,
1503 1578 1699 1648 inquit,
1740 1576 1981 1646 peregri-

390 1689 491 1729 nus
525 1688 586 1727 es
612 1672 662 1726 in
698 1669 997 1726 Jerusalem
1049 1683 1105 1725 et
1146 1684 1254 1724 non
1289 1668 1613 1737 cognovisti,
1664 1684 1785 1737 quae
1840 1667 1981 1721 facta

386 1772 514 1819 sunt
541 1766 594 1819 in
626 1764 717 1818 illa
760 1763 847 1818 his
874 1763 1104 1818 diebus?
1130 1781 1149 1813 ι
1177 1762 1293 1816 Νοιι
1313 1761 1475 1832 235
1497 1762 1597 1816 hoc
1626 1761 1835 1816 scilicet
1856 1760 1933 1814 ait
1963 1776 1978 1813 :

1608 341 2107 403 TIlEOPHANlS
2146 341 2487 401 CERAMEI
3090 308 3095 313 ’
3573 346 3680 412 652

2550 446 2863 519 πλησιάσας
2895 447 3066 518 ἀγχοῦ
3095 450 3431 516 συνεϐἁδιζε.

2165 647 2184 680 ι
2217 628 2322 682 Καὶ
2350 628 2516 691 αὐτὸς
2554 628 2584 679 ὁ
2627 626 2837 699 Ἰησοῦς
2889 627 3115 696 ἐγγίσας
3167 628 3560 700 συνεπορεύετο
3584 630 3679 680 αὑ-

2085 722 2221 787 τοῖς,
2251 739 2270 773 ι
2326 721 2420 774 καὶ
2441 719 2515 784 ὠς
2548 720 2761 786 ἀγνοῶν
2785 719 3018 773 ἐπύθετο
3056 720 3157 792 τὴν
3188 720 3389 785 αἰτίαν,
3419 721 3520 791 τῆς
3544 739 3678 772 σκυ-

2087 813 2442 885 θρωπότητος
2473 829 2487 844 ·
2518 830 2537 864 ι
2572 812 2731 875 Τίνες
2761 814 2810 865 oi
2845 813 2997 881 λόγοι
3028 806 3197 877 οὗτοι,
3221 807 3301 877 οἷς
3326 815 3679 869 ἀντιϐάλλετε

2086 906 2225 977 πρὸς
2278 904 2582 977 ἀλλήλους,
2648 904 2743 958 καὶ
2791 906 2914 958 ἐστὲ
2954 906 3310 977 σκυθρωποί;
3370 907 3434 960 0i
3477 907 3532 960 δὲ
3573 908 3682 961 ἀπὸ

2089 1002 2191 1071 τῆς
2216 1003 2399 1070 φωνῆς
2434 998 2529 1053 καὶ
2573 998 2668 1053 τοῦ
2700 1001 2981 1071 σχήματος
3027 1001 3467 1073 Ἱεροσολυμίτην
3509 1004 3679 1074 ἄνδρα.

2082 1094 2362 1166 οἰηθέντες
2381 1095 2536 1165 όρᾷν,
2557 1092 2985 1163 ὲπιπλήττουσιν
3011 1093 3184 1160 οὕτως
3204 1097 3332 1149 ὅντα
3354 1114 3495 1167 μαργ
3506 1098 3584 1161 ὸν,
3605 1098 3682 1160 ὡς

2085 1186 2304 1254 ἀγνοεῖν
2322 1188 2388 1238 τὰ
2407 1186 2541 1238 πᾶσι
2565 1185 2824 1256 προφανῆ
2848 1185 2943 1240 καὶ
2964 1186 3271 1256 κατάδηλα*
3297 1186 3384 1239 ἒτε
3393 1204 3484 1259 ρος
3508 1186 3563 1239 δὲ
3585 1188 3683 1239 αὺ-

2082 1278 2192 1331 τῶν
2221 1279 2250 1330 ὁ
2276 1277 2532 1341 Κλεόπας
2578 1276 2876 1346 ἐποιήσατο
2915 1278 3017 1349 τὴν
3062 1275 3377 1347 ἐπίπληξιν,
3408 1278 3466 1331 ὃν
3491 1278 3555 1348 δὴ
3582 1277 3679 1330 καὶ

2082 1371 2303 1440 ἀνεψιὸν
2328 1370 2422 1424 τοῦ
2453 1371 2663 1441 Κυρίου
2695 1370 3057 1443 μαρτυρεῖτὰ
3086 1371 3181 1424 τοῦ
3218 1370 3537 1439 Ἐπιφανίου
3567 1371 3678 1423 llat-

2084 1466 2270 1533 νάρια.
2289 1458 2459 1528 Οὗτος
2484 1462 2578 1519 οὖν
2604 1462 2868 1535 βλοσυρὶν
2896 1462 3106 1519 ἀπιδών
3129 1479 3141 1494 ·
3168 1482 3186 1515 t
3218 1464 3289 1517 Σὺ
3310 1464 3493 1531 μόνος,
3518 1464 3677 1533 φησὶ,

2082 1558 2372 1626 παροικεῖς
2398 1557 2457 1609 ὲν
2492 1555 2852 1627 Ἰερουσαλὴμ
2872 1557 2966 1610 καὶ
2986 1557 3088 1610 οὐκ
3115 1556 3287 1627 ἔγνως
3308 1558 3377 1609 τὰ
3401 1558 3677 1627 γενόμενα

2083 1651 2142 1702 ἐν
2169 1650 2308 1721 αὐτῇ
2351 1651 2409 1702 ὲν
2430 1650 2551 1711 ταῖς
2581 1648 2822 1719 ἡμέραις
2843 1649 3069 1712 ταύταις
3100 1666 3115 1716 ;
3146 1668 3164 1701 ι
3194 1650 3269 1703 Οὐ
3299 1648 3457 1702 τοῦτό
3487 1666 3676 1719 φησιν,

2082 1747 2193 1800 ὅτι(
2226 1746 2501 1817 Πάροικος
2530 1742 2581 1800 si
2605 1745 2667 1810 ἐξ
2694 1746 3007 1817 ἀλλοδαπῆς
3039 1744 3235 1811 ὲλθὼν,
3274 1747 3370 1799 καὶ
3390 1746 3487 1816 τὴν
3519 1746 3677 1799 πόλιν

388 1858 467 1911 Τιι
490 1858 710 1913 advena
740 1871 823 1923 es,
855 1870 922 1911 ex
974 1855 1081 1913 alio
1132 1854 1250 1911 solo
1280 1831 1585 1926 profectus,
1622 1863 1676 1908 et
1702 1852 1965 1907 civitatem

2081 1839 2282 1894 οἰκῶν·
2321 1858 2339 1892 i
2390 1842 2450 1893 οὐ
2511 1842 2621 1910 γὰρ
2685 1840 2992 1911 πάροικον,
3042 1840 3179 1896 ἀλλὰ
3231 1842 3459 1911 πολίτην
3513 1839 3674 1893 αὑτὸν

387 1950 579 2005 incolis
611 1957 876 2003 nostram.
904 1946 1089 2018 Neque
1115 1947 1260 2003 enim
1299 1948 1644 2017 inquilinum,
1675 1946 1771 2000 sed
1805 1944 1976 1999 civem

367 2058 509 2098 seum
533 2042 903 2098 existimabat.
932 2041 1043 2098 Sed
1077 2042 1152 2097 ita
1177 2042 1481 2096 ordinanda
1535 2041 1697 2096 lectio
1742 2049 1856 2096 est:
1904 2040 1977 2093 Σὺ

391 2133 552 2202 μόνος
571 2131 729 2205 παρὰ
750 2135 818 2203 τῇ
881 2131 1246 2203 Ἰερουσαλὴμ
1296 2133 1488 2195 οἰκεῖς.
1533 2149 1551 2183 ι
1588 2131 1669 2185 Τιι
1720 2133 1866 2186 solus
1926 2131 1979 2184 iii

387 2224 685 2280 Jerusalem
732 2224 847 2296 (ΞΟ)
904 2225 1135 2289 habitas,
1193 2234 1248 2279 et
1276 2239 1397 2294 qua:
1457 2225 1510 2277 in
1572 2240 1633 2277 ea
1662 2223 1802 2278 facta
1826 2231 1978 2290 sunt,

384 2317 653 2386 ignoras?
693 2335 713 2369 ι
754 2315 859 2371 Sed
901 2316 1138 2372 fortasse
1196 2317 1404 2370 advena
1457 2326 1612 2382 erat,
1665 2316 1807 2386 quod
1869 2330 1984 2371 caa-

380 2420 521 2477 ieste
554 2409 887 2465 domicilium
940 2409 992 2462 in
1032 2420 1190 2463 terra:
1236 2408 1393 2477 hujus
1423 2408 1792 2463 habitaculum
1831 2423 1983 2463 coni-

385 2511 643 2567 mutarat,
697 2512 758 2556 ut
814 2502 1028 2557 scilicet
1074 2512 1323 2555 naturain
1378 2512 1623 2555 nostrum
1664 2502 1718 2555 in
1749 2500 1981 2571 patriam

384 2593 532 2645 illam
586 2593 753 2646 Isdem
783 2594 1097 2657 reduceret,
1137 2605 1259 2661 qua:
1286 2592 1428 2646 male
1461 2591 1651 2647 aiIeeta
1697 2592 1785 2647 hic
1810 2606 1978 2647 com-

2085 1931 2432 2000 ὒπετόπαζεν
2460 1949 2475 1964 ⁸
2506 1934 2622 1989 ἀλλ’
2654 1934 2687 2005 ὴ
2716 1934 2862 2000 λέξις
2888 1933 3146 2005 τοιαύτην
3179 1934 3294 2005 ἔχει
3333 1935 3430 2002 τὴν
3476 1933 3676 1986 σύντα-

2084 2027 2169 2094 ξιν
2204 2046 2219 2060 ·
2261 2045 2279 2079 t
2319 2027 2392 2080 Σὺ
2448 2027 2609 2098 μόνος
2664 2027 2817 2096 παρὰ
2845 2028 2914 2097 τῇ
2956 2026 3325 2097 Ἰερουσαλὴμ
3359 2027 3551 2089 οἰκεῖς,
3581 2027 3677 2078 καὶ

2083 2121 2301 2188 ἀγνοεῖς
2342 2119 2411 2174 τὰ
2460 2122 2519 2173 ὲν
2566 2119 2708 2190 αὐτῇ
2730 2118 3042 2188 γινόμενα;
3086 2138 3105 2169 ι
3148 2119 3301 2189 Τάχα
3350 2119 3407 2172 δὲ
3457 2122 3538 2172 ὅτι
3580 2119 3675 2172 καὶ

2085 2215 2353 2284 πάροικος
2400 2206 2471 2283 ἦν
2526 2211 2626 2281 τῆς
2693 2211 2941 2281 οὐρανῶν
2999 2213 3285 2276 κατοικίας
3335 2212 3436 2283 τὴν
3488 2216 3548 2266 ἐν
3601 2215 3670 2283 γῇ

2081 2306 2380 2377 παροικίαν
2435 2304 2951 2375 ἀνταλλαξάμενος,
3007 2305 3095 2360 ἵνα
3144 2305 3244 2375 τὴν
3306 2305 3469 2374 φύσιν
3516 2307 3677 2377 ἡμῶν

2080 2400 2159 2463 είς
2188 2398 2286 2470 τὴν
2310 2399 2409 2467 τῆς
2456 2398 2618 2469 Ἐδξμ
2652 2398 2902 2469 ὲπανάξῂ
2941 2398 3204 2469 πατρίδα,
3227 2396 3464 2452 ἐνταῦθα
3491 2400 3675 2462 κακῶς

2080 2492 2527 2562 παροικήσασαν,
2582 2492 2679 2544 καὶ
2737 2490 3150 2561 ὀλοφυρομένην
3194 2492 3263 2544 τὰ
3320 2490 3416 2545 τοῦ
3463 2491 3627 2543 Δαὸίδ
3656 2509 3668 2521 ο

2083 2604 2103 2638 ε
2138 2585 2401 2654 Οίμοιὸτι
2432 2584 2758 2656 ήπαροικία
2787 2602 2889 2656 μου
2920 2585 3267 2656 ὲμακρύνθη.
3309 2603 3328 2637 ι

380 2698 651 2750 moratur,
706 2688 1008 2753 eademque
1072 2688 1339 2756 deplorat,
1404 2700 1524 2755 quae
1565 2686 1732 2740 David
1767 2703 1783 2740 :
1821 2703 1839 2737 ι
1878 2684 1977 2739 liei
2018 2681 2149 2736 niilii
2190 2680 2316 2749 quia
2352 2680 2620 2735 incolatus
2672 2696 2824 2736 ineus
2875 2681 3231 2750 prolongatus
3268 2689 3353 2735 est
3433 2696 3459 2733 ι

454 2796 473 2829 ι
506 2776 729 2831 Etdixit
764 2777 870 2830 illis
903 2794 917 2830 :
946 2776 1079 2843 Quae
1104 2778 1126 2830 ’ἶ
1154 2778 1216 2831 Et
1237 2777 1493 2832 dixerunt
1527 2796 1543 2833 :
1580 2779 1656 2831 De
1701 2776 1827 2833 Jesu
1879 2776 1986 2831 Na-

383 2884 613 2935 zarene,
648 2869 740 2938 qui
775 2868 878 2923 fuit
913 2869 999 2924 vir
1052 2868 1365 2940 prophetaa
1404 2868 1499 2924 Ille
1529 2869 1745 2938 quidem
1774 2868 1973 2923 etiam-

380 2976 508 3016 num
543 2966 795 3030 ignorare
855 2973 914 3014 se
943 2956 1209 3013 simulans
1270 2969 1621 3027 percontatus
1652 2968 1761 3022 est,
1809 2958 1981 3024 Quae?

374 3052 649 3122 Cleophas
704 3065 835 3106 vero
871 3050 1243 3105 narrationem
1279 3064 1532 3112 exorsus,
1568 3049 1760 3105 ordine
1790 3064 1981 3105 recen-

2163 2791 2182 2825 ι
2214 2775 2327 2828 Καὶ
2357 2770 2511 2827 εἶπεν
2542 2773 2725 2837 αὐτοῖς
2752 2791 2765 2804 °
2798 2773 2970 2839 licia;
2996 2773 3059 2827 Οί
3088 2773 3143 2826 δὲ
3175 2768 3327 2826 εἷπον
3353 2772 3502 2842 αὑτῷ
3535 2790 3548 2805 ·
3587 2772 3668 2827 Τὰ

2085 2865 2335 2935 περὶτοῦ
2378 2865 2729 2936 Ναζωραίου,
2777 2863 2835 2928 ὃς
2883 2865 3102 2933 ἐγένετο
3129 2866 3269 2936 ἀνὴρ
3293 2867 3601 2936 προφήτης.
3643 2884 3662 2916 ι

2099 2957 2159 3010 Ὀ
2186 2957 2287 3027 μὲν
2316 2957 2395 3009 ἔτι
2428 2957 2899 3027 προσποιούμενος
2926 2959 3141 3026 ἀγνοεῖν
3173 2958 3460 3029 ἀντήρετο,
3490 2960 3622 3011 Ποῖα
3647 2975 3665 3026 ς

2092 3049 2153 3103 ’0
2174 3049 2232 3103 δὲ
2256 3050 2512 3111 Κλεόπας
2540 3052 2637 3120 τῆς
2684 3049 2994 3118 διηγήσεως
3024 3051 3274 3119 ἄρχεται,
3317 3050 3413 3103 καὶ
3446 3051 3665 3104 ἅπαντα

377 3155 459 3201 set
490 3144 694 3211 omnia,
735 3157 856 3213 qua:
887 3144 953 3197 de
976 3158 1042 3198 eo
1088 3143 1460 3199 existimabat.
1497 3140 1623 3195 «Vir
1652 3142 1965 3212 propheta.i

2082 3141 2401 3210 καταλέγει,
2436 3141 2558 3193 καθ’
2602 3141 2669 3212 ἣν
2715 3135 2866 3211 εἶχον
2898 3141 3204 3212 ὑπόληψιν·
3248 3161 3264 3193 ι
3322 3142 3487 3212 Ἀνὴρ
3531 3160 3666 3211 προ-

378 3234 491 3289 lloc
520 3234 664 3289 enim
715 3232 998 3302 putabant,
1062 3248 1185 3287 cum
1243 3234 1309 3287 ad
1369 3234 1742 3289 sublimiorem
1784 3235 1851 3290 de
1901 3251 1967 3291 eo

372 3325 686 3395 opinionem
716 3324 953 3379 nonduin
986 3325 1380 3394 pervenissent.
1420 3342 1438 3376 ι
1478 3323 1679 3379 Potens
1718 3325 1769 3378 in
1799 3342 1963 3395 opere

374 3425 431 3470 ct
461 3430 737 3471 sermone.
770 3434 789 3468 ›
837 3413 936 3470 His
966 3414 1146 3470 verbis
1186 3425 1239 3469 et
1274 3416 1328 3469 in
1383 3415 1682 3487 proﬁtenda
1718 3418 1964 3473 doctrina

374 3509 701 3573 libertatem,
754 3508 891 3563 etin
935 3507 1158 3563 edendis
1192 3510 1465 3562 miraculis
1501 3508 1752 3563 virtutem
1778 3520 1964 3565 osten-

372 3600 471 3653 dit.
528 3600 741 3653 Etenim
774 3599 827 3653 in
875 3598 1078 3654 Christi
1127 3599 1474 3655 sermonibus
1518 3601 1694 3656 dulcis
1717 3602 1960 3669 quaedam

373 3692 540 3745 suada
578 3692 870 3748 sessitaliat
899 3691 1036 3764 (21),
1083 3704 1190 3765 qua
1223 3691 1443 3750 Scribas
1504 3694 1722 3763 quidem
1780 3695 1961 3750 revin-

444 3826 491 3860 ⁸⁸
516 3825 662 3883 Psal.
705 3843 857 3895 cnx,
907 3828 962 3883 5.

2078 3235 2259 3305 φήτης
2285 3248 2331 3285 'i
2364 3233 2525 3287 τοῦτο
2556 3236 2665 3304 γὰρ
2699 3234 2976 3304 ἐνόμιζον,
3011 3237 3108 3303 τῆς
3136 3235 3475 3305 ὑψηλοτέρας
3506 3237 3664 3305 δόξης

2070 3324 2173 3377 οὐκ
2245 3323 2638 3393 ἐφαπτόμενοι.
2693 3341 2709 3374 ι
2737 3323 2972 3385 Δυνατὺς
3019 3324 3078 3377 ὲν
3117 3322 3264 3393 ἔργῳ
3295 3326 3403 3390 ,καὶ
3431 3322 3604 3393 λόγῳ·
3639 3342 3659 3373 ι

2073 3417 2310 3471 ἐνταῦθα
2342 3418 2436 3471 καὶ
2461 3416 2522 3469 τὸ
2556 3417 2654 3485 τῆς
2699 3416 3051 3477 διδασκαλίας
3102 3416 3251 3483 λέγει
3281 3417 3664 3485 πεπαρῤησια-

2072 3510 2294 3580 σμένον,
2326 3510 2423 3563 καὶ
2455 3508 2564 3563 τῶν
2601 3508 2900 3578 Θαυμάτων
2950 3511 3048 3580 τὴν
3090 3508 3341 3578 δύναμιν.
3390 3510 3513 3570 Τοῖς
3550 3508 3659 3577 γὰρ

2069 3602 2250 3671 λόγοις
2294 3601 2535 3674 Χριστοῦ
2565 3601 2796 3669 γλυκεῖα
2840 3602 3013 3657 πειθὼ
3041 3600 3373 3672 ἐπεκάθητο,
3402 3601 3527 3663 τοὺς
3559 3598 3660 3670 μὲν

2069 3694 2433 3768 Γραμματεῖς
2485 3693 2887 3766 ὲξελέγχουσα,
2958 3694 3085 3757 τοὺς
3155 3692 3213 3746 δὲ
3263 3692 3455 3764 ὄχλους
3502 3691 3658 3759 ὑφέλ-

1610 3922 1940 3985 Francisci
1982 3922 2196 3986 Scorsi
2237 3930 2428 3985 notae.

438 4048 555 4119 (18)
592 4046 1056 4119 Reprehensionem
1106 4062 1403 4119 aggressus.
1452 4046 1629 4119 Aliqui
1665 4063 1729 4119 ex
1780 4047 1955 4103 inter-

367 4117 1048 4192 pretibus_excu_sationeui
1084 4118 1351 4192 contineri
1383 4118 1434 4171 in
1470 4118 1555 4171 his
1586 4118 1767 4192 verbis
1797 4127 1958 4192 autut

368 4186 520 4245 inant
554 4206 568 4242 :
602 4187 679 4241 Tu
709 4186 853 4242 solus
901 4189 1204 4256 peregrinus
1235 4203 1309 4250 es,
1354 4199 1483 4253 etc.,
1531 4187 1754 4256 perinde
1803 4188 1956 4256 quasi

367 4276 475 4315 non
510 4259 670 4312 fuerit
700 4257 893 4311 mirum
926 4271 986 4310 ea
1018 4272 1137 4325 quae
1169 4268 1316 4326 gesta
1351 4256 1739 4327 Hierosolymis
1767 4259 1953 4326 paucis

369 4342 495 4384 ante
531 4329 723 4382 diebus
758 4327 992 4397 fuerant,
1024 4328 1258 4396 ignorari
1307 4342 1347 4397 a7
1374 4329 1698 4397 peregrino;
1730 4330 1817 4381 alii
1868 4344 1953 4381 re-

366 4398 813 4471 prehensionem,
843 4396 987 4465 quod
1025 4397 1208 4471 magis
1236 4396 1517 4466 probatur,
1548 4399 1768 4471 perinde
1798 4400 1952 4471 quasi

2128 4048 2259 4125 (l_9)_
2290 4046 2459 4113 Quem
2505 4044 2881 4125 consobrinum
2918 4046 3154 4125 Domini.
3214 4048 3291 4125 [Ex
3337 4054 3652 4125 geiiealogia

2055 4115 2283 4193 (Elii-isti,
2317 4132 2479 4193 quam
2530 4132 2606 4193 e_x_
2648 4115 2749 4193 S_S.
2802 4117 3075 4193 ΜιιιιιιειεοΔ
3115 4130 3168 4193 et
3216 4115 3364 4175 Luca
3392 4115 3655 4193 disponit

2055 4186 2343 4261 Cornelius
2373 4203 2416 4261 a_
2440 4187 2658 4261 Lapiile
2689 4188 2739 4240 in
2779 4202 2895 4261 cap.
2931 4204 2991 4242 iit
3043 4189 3102 4244 S.
3144 4188 3324 4261 Lucae,
3376 4186 3649 4261 Cleo'plias

2054 4259 2221 4330 frater
2254 4257 2355 4311 fuit
2386 4258 2445 4311 ὃ.
2476 4257 2677 4330 ξοεθριι
2716 4272 2781 4312 ex
2812 4257 3017 4311 Jacobo
3048 4260 3330 4330 utriusque
3381 4257 3644 4330 parente:

2051 4328 2217 4398 Jacob
2247 4336 2428 4381 autem
2471 4325 2529 4381 S.
2568 4330 2739 4381 Anna:
2786 4330 3026 4395 parentis
3075 4325 3313 4398 [λείβει-ιιι
3347 4325 3514 4386 frater
3545 4335 3649 4391 fuit

2054 4414 2120 4471 ex
2159 4396 2692 4471 _ll_i_atlian,_sdeoque
2740 4399 3051 4471 consobrini
3101 4396 3256 4471 fuere
3291 4399 3558 4471 Cleoplins
3591 4418 3645 4459 et

370 4464 564 4553 iiiirnin
596 4470 799 4558 dicant,
834 4464 895 4521 ea
929 4464 1127 4522 nesciri
1161 4464 1354 4558 ab‘eo,
1387 4482 1506 4537 quae
1529 4464 1630 4558 iita
1652 4538 1659 4547 .
1681 4467 1733 4547 iii
1764 4468 1954 4548 cogni-
1988 4503 2031 4558 Β
2159 4465 2339 4547 Virgo.
2384 4464 2545 4558 pndis
2584 4464 2714 4549 qua_
2737 4468 3361 4558 COgllllPliOlNEEICOPlHIS
3405 4464 3648 4544 attigerit

368 4543 516 4595 tione
562 4548 615 4593 et
666 4554 759 4591 ore
798 4553 1038 4592 omnium
1083 4548 1452 4602 versarentur,
1488 4546 1548 4589 ut
1579 4537 1750 4590 cuivis
1784 4537 1949 4591 etiam

368 4615 590 4664 advena:
626 4618 750 4663 nota
780 4622 897 4661 esse
924 4616 1165 4676 possent.
1198 4607 1349 4676 iluiic
1375 4607 1807 4675 reprehendendi
1836 4623 1951 4661 nio-

365 4684 490 4733 duiii
528 4679 774 4746 intelligit
805 4679 889 4730 hic
928 4674 1156 4731 Noster.
1194 4674 1299 4730 Sed
1332 4674 1458 4729 illud
1493 4679 1544 4730 in
1579 4692 1642 4731 eo
1676 4680 1866 4729 durum
1900 4688 1953 4731 et

365 4751 545 4805 minus
582 4748 879 4818 probabile,
936 4748 1080 4816 quod
1109 4748 1184 4799 ait
1213 4747 1485 4802 Christum
1528 4762 1630 4799 non
1662 4746 1952 4818 ii:_d_ipO:icov,

365 4823 459 4874 sed
497 4815 745 4888 πολίτην,
801 4832 906 4871 non
941 4815 1286 4884 inquilinum,
1328 4817 1419 4888 sed
1467 4818 1639 4870 civem
1694 4815 1953 4870 Hieroso-

364 4891 521 4960 lyma}
558 4905 586 4941 a
618 4887 916 4960 viatoribus
950 4888 1229 4960 discipulis
1269 4887 1661 4960 existimatum,
1710 4890 1951 4960 adeoque

361 4956 424 5011 τὸ
457 4960 739 5027 παροικεῖς
791 4957 1149 5027 disjniigeiido
1177 4956 1434 5027 explicat,
1472 4957 1535 5009 σὺ
1586 4958 1747 5027 μόνος
1796 4959 1951 5025 παρᾶ

373 5016 739 5099 Ἰερουσαλὴμ
773 5016 1082 5099 οίκέῐς·”Τιι
1125 5016 1279 5099 solui
1300 5016 1441 5099 apud
1472 5016 1767 5079 Jerusalem
1802 5016 1953 5079 habi-

287 5110 318 5168 ξ
361 5096 465 5151 ιαιζ
516 5099 619 5153 Sed
658 5096 903 5168 quamvis
949 5101 1001 5150 in
1034 5096 1350 5151 Grateanica
1400 5098 1581 5168 lingua
1618 5099 1735 5168 ΙιοοΔ
1753 5099 1825 5150 sit
1864 5112 1950 5151 re-

296 5153 321 5245 ξ
360 5178 601 5245 ceptum.
629 5153 1127 5245 uipraepositiones
1158 5168 1324 5221 verbo
1356 5153 1621 5245 adjuiictw
1650 5165 1952 5245 referantur

298 5235 321 5261 θ’
361 5235 441 5293 ad
467 5256 660 5293 nomen
696 5235 857 5305 idque
890 5245 1108 5307 regant;
1146 5247 1323 5290 tamen
1362 5235 1415 5289 id
1453 5239 1553 5289 hoc
1586 5246 1707 5307 loco
1740 5240 1952 5292 videtur

359 5324 481 5361 esse
511 5312 780 5363 detortum
823 5316 877 5360 et
920 5306 1088 5375 gratis
1121 5308 1328 5362 lictum.
1356 5307 1495 5371 Quid
1522 5308 1664 5359 enim
1698 5306 1946 5373 ἰιιψειΙίι,

360 5382 650 5447 quominus
676 5390 731 5431 nt
764 5380 1051 5446 πάροικος,
1094 5378 1437 5445 peregrinus,
1470 5387 1715 5443 cognitus
1749 5375 1950 5429 luerit?

361 5466 544 5502 annon
576 5448 767 5503 fuisset
800 5447 1204 5515 reprehensioni
1237 5461 1409 5506 locus,
1461 5447 1560 5499 IIiSl
1590 5448 1760 5497 CiVelti
1788 5448 1949 5499 Cliri-

357 5530 501 5573 sttiui
533 5536 653 5573 esse
700 5520 938 5572 viatores
982 5518 1054 5569 illi
1097 5517 1414 5583 putassent?
1444 5520 1535 5568 sed
1572 5516 1684 5569 haec
1719 5516 1817 5569 fuit
1852 5532 1949 5569 ευ·

357 5603 478 5643 ruin
525 5591 831 5651 admiratio,
866 5587 1008 5654 quod
1056 5590 1257 5641 atrocis
1310 5586 1385 5638 rei
1448 5600 1567 5653 qua:
1618 5591 1944 5654 Contigerat,

352 5660 466 5727 jam
537 5674 631 5726 per
676 5676 866 5712 otnnes
917 5657 1184 5725 vulgatam
1259 5656 1479 5719 faniam,
1535 5657 1750 5709 etiamsi
1804 5668 1948 5711 chet

354 5730 697 5796 peregrinus,
732 5745 836 5780 non
871 5732 1191 5793 accepis'sel,
1222 5741 1343 5779 cuin
1398 5727 1666 5779 neminem
1700 5728 1947 5796 quamvis

356 5810 584 5864 peregre
619 5801 922 5854 venientem
953 5811 1015 5854 ea
1053 5800 1219 5853 latere
1256 5798 1549 5852 debuisset.

2056 4538 2358 4608 Qhristnin,
2382 4537 2541 4591 facile
2569 4539 2746 4606 quivis
2765 4539 2999 4608 colliget.
3025 4539 3194 4592 All'ert
3220 4537 3478 4607 praeterea
3501 4537 3641 4598 i'dein

2057 4607 2366 4682 Qurnelius,
2397 4609 2452 4661 in
2497 4622 2617 4682 cap.
2652 4624 2800 4682 χχιιι-
2830 4607 3022 4682 Lucae,
3057 4624 3121 4663 ex
3158 4608 3360 4682 llelica_
3389 4616 3643 4682 episcopo

2056 4676 2645 4747 Caesaraugustauoin
2700 4678 2868 4734 addit.
2920 4680 2983 4731 ad
3030 4682 3284 4733 tilironic.
3338 4676 3642 4740 L.'Deuiri

2058 4747 2223 4815 (quod
2272 4759 2449 4799 tamen
2486 4748 2885 4817 supposititiiim
2924 4750 3161 4801 nonnulli
3195 4751 3336 4804 docti
3391 4752 3641 4809 homines

2055 4817 2387 4890 existimant)
2414 4828 2466 4890 et
2485 4816 2559 4871 M.
2583 4817 2796 4890 Maximi
2821 4818 3000 4871 locum
3022 4820 3329 4887 liujusnioili
3356 4840 3369 4875 :
3395 4824 3641 4890 Alpini-iis

2053 4887 2144 4957 qui
2176 4895 2224 4938 et
2244 4885 2536 4959 plegp/tas,
2577 4903 2712 4941 unus
2758 4888 2822 4941 de
2865 4885 3205 4959 septuaginta
3252 4885 3547 4957 discipulis,
3583 4905 3638 4946 ut

2054 4955 2204 5028 docet
2234 4956 2293 5011 S.
2330 4955 2710 5028 Hieronymus,
2735 4966 2783 5009 et
2811 4955 2978 5028 frater
3002 4955 3199 5027 Ioseph
3220 4955 3394 5027 δρωιεί
3420 4960 3484 5015 Β.
3524 4963 3641 5016 Vir-

2053 5027 2190 5096 ginis
2223 5029 2283 5097 i'n_
2303 5027 2522 5081 castello
2557 5027 2811 5080 Emmaus
2836 5044 2935 5097 pro
2968 5028 3181 5083 Christo
3205 5046 3235 5080 α
3265 5029 3473 5084 Jndwss
3501 5034 3641 5086 occi-

2054 5095 2221 5171 ditur.
2261 5095 2367 5151 Sed
2399 5098 2487 5150 ubi
2522 5100 2623 5153 hoc
2662 5098 2721 5152 S.
2753 5095 3085 5167 Epiphanius
3120 5101 3175 5153 in
3203 5098 3439 5154 Pumm'o
3472 5104 3636 5171 dicat,

2054 5170 2294 5220 nonduin
2330 5172 2593 5234 comperi.

2125 5235 2239 5306 (20)
2276 5235 2353 5289 Τιι
2385 5240 2525 5289 solus
2555 5240 2604 5290 iii
2636 5237 2957 5292 Jerusalem.
2984 5236 3058 5292 De
3087 5236 3191 5293 hac
3240 5237 3469 5297 lectione
3514 5242 3636 5297 vide

2052 5320 2171 5374 qua:
2202 5308 2359 5375 paulo
2391 5322 2554 5375 supra
2586 5309 2823 5361 dixnnus
2859 5321 2969 5361 llOl.
3014 5308 3101 5361 18.

2129 5378 2255 5449 (21)-
2279 5376 2458 5429 Dulcis
2504 5383 2745 5449 quwdum
2777 5379 2966 5430 suada.
2998 5376 3285 5449 Eleganter
3314 5390 3367 5433 et
3398 5383 3635 5436 oratorie

2052 5444 2410 5521 Theophanes
2440 5444 2528 5499 hic
2561 5451 2610 5499 in
2645 5444 2848 5501 Christi
2883 5444 3225 5505 sermonibus
3255 5466 3473 5503 suavem
3507 5468 3634 5521 per-

2051 5517 2312 5589 suadendi
2366 5519 2798 5589 viiii_sessita.~se
2849 5522 3004 5583 dixit,
3041 5523 3105 5573 de
3145 5536 3252 5589 quo
3301 5524 3437 5586 ..θυι
3484 5517 3633 5586 inv,

2051 5587 2149 5661 qui
2174 5589 2443 5661 c0iii_i_i_ini_ii
2471 5585 2695 5661 _Pati'um
2728 5592 3083 5661 consensione
3114 5585 3519 5661 epithalamium
3551 5585 3632 5646 est

2054 5656 2221 5729 ipsius
2279 5656 2480 5729 Christi
2539 5671 2591 5711 et
2666 5673 2878 5725 sponsa:
2933 5656 3222 5724 Ecclesiae,
3279 5666 3636 5729 praecinuerat

2055 5727 2267 5801 liavidw:
2305 5726 2511 5801 Di/fusa
2550 5739 2627 5781 es!
2658 5730 2835 5798 gratia
2870 5730 2923 5780 in
2958 5730 3109 5782 labiis
3144 5726 3431 5784 tuisfilac
3462 5736 3634 5801 gratia

2056 5797 2285 5865 γλυκεῖα
2311 5797 2505 5867 πειθώ,
2533 5797 2702 5854 dulcis
2725 5801 2890 5854 suada
2914 5800 3212 5869 appellatur
3234 5822 3261 5871 a
3287 5797 3633 5873 'l'lieoiili:iiie,
