4042 6440
323 397 433 463 659

773 506 837 560 In
878 515 1077 562 sextum
1120 505 1460 562 Matutinum.

325 598 561 654 llomilia
582 598 794 666 eadem,
831 612 950 668 qure
980 607 1064 652 est
1099 597 1152 651 in
1171 599 1468 654 salutarem
1503 601 1914 657 Ascensionem.

883 690 1103 760 (Homil.
1139 691 1354 760 χχχιχ).

845 801 1133 860 HOMILIA
1185 804 1422 860 XXXIII.

719 896 785 951 In
843 899 1118 965 septimum
1162 897 1511 954 Matutinum.

405 1009 633 1078 Quando
665 1019 877 1067 natura
916 1020 1116 1066 nostrae
1163 1011 1391 1066 insidias
1429 1012 1770 1069 detestabilis
1813 1012 1918 1067 ini-

335 1105 507 1161 micus
542 1107 610 1160 ab
641 1106 800 1162 initio
830 1106 1176 1162 machinatus
1227 1119 1331 1174 est,
1368 1119 1620 1178 serpente
1679 1125 1811 1164 usus
1855 1119 1916 1164 ut

333 1202 718 1264 instrumento,
774 1216 897 1255 cum
930 1201 1080 1271 prius
1123 1201 1178 1256 in
1239 1203 1484 1258 mulieris
1528 1203 1802 1273 ingenium
1860 1209 1920 1256 ut

328 1293 632 1362 simplicius
654 1309 776 1349 sese
823 1293 1175 1361 insinuasset,
1210 1311 1308 1366 per
1349 1297 1522 1364 ipsam
1547 1297 1709 1350 etiam
1741 1297 1914 1351 virum

327 1384 556 1440 devicit.
608 1383 747 1440 Huic
787 1385 950 1454 igitur
978 1386 1119 1442 cladi
1178 1398 1237 1442 ut
1265 1388 1542 1444 contraria
1576 1389 1785 1445 ratione
1816 1391 1920 1444 Do-

333 1476 515 1532 minus
547 1477 882 1542 mederetur,
933 1477 1022 1532 uhi
1071 1492 1101 1532 e
1148 1478 1398 1547 sepulcro
1427 1479 1700 1535 redivivus
1726 1483 1918 1546 evasit,

332 1567 651 1622 mulieribus
681 1569 831 1638 prius
884 1582 943 1625 se
996 1569 1283 1624 videndum
1323 1571 1489 1642 239
1539 1572 1786 1642 praebuit,
1863 1584 1922 1627 ut

1535 394 2027 476 THEOPHANIS
2068 399 2409 461 CERUIEI

1936 513 1989 572 Δ

3483 397 3593 463 660

2429 511 2533 576 Εἰς
2565 511 2628 564 τὸ
2661 510 2847 567 ἕκτον
2888 511 3188 567 Ἐωθινόν.

2135 603 2351 672 Ὀμιλία
2385 606 2417 674 η
2450 601 2587 656 αὐτῇ
2624 606 2702 668 εἰς
2735 605 2834 675 τὴν
2863 604 3136 677 σωτήριον
3180 600 3497 675 Ἀνάληψιν.

2593 805 2846 858 ΟΜΙΛΙΑ
2890 804 2993 858 ΛΓθ

2405 901 2505 964 Εὶς
2539 899 2606 951 τὸ
2632 898 2890 969 ἕϐδομον
2935 901 3234 956 Ἐωθινόν.

2092 1014 2223 1066 Ὅτε
2277 1014 2376 1081 τὴν
2427 1012 2571 1066 κατά
2613 1013 2716 1083 τῆς
2754 1013 3036 1085 ἡμετέρας
3093 1015 3311 1086 φύσεως
3368 1011 3610 1084 ἀρχῆθεν

2021 1107 2322 1177 ἐπιϐουλὴν
2372 1108 2401 1159 δ
2460 1106 2812 1176 παλαμναῖος
2869 1107 3070 1180 ἐχθρὸς
3130 1107 3486 1179 ἐμελέτησεν,
3533 1106 3609 1170 ὡς

2019 1200 2238 1271 ὀργάνῳ
2264 1196 2343 1270 τῷ
2375 1197 2500 1268 ὄφει
2552 1200 2923 1270 χρησάμενος,
2973 1199 3244 1270 πρότερον
3273 1199 3334 1252 τὸ
3380 1200 3482 1269 τῆς
3514 1215 3612 1266 γυ-

2019 1294 2208 1356 ναικὸς
2243 1287 2377 1364 ἦθος
2428 1292 2635 1357 εἰσδὺς,
2677 1294 2752 1357 ὡς
2787 1290 3182 1364 ἁπλούστερον,
3223 1293 3290 1346 δι’
3317 1293 3489 1360 αὐτῆς
3515 1291 3613 1345 καὶ

2018 1386 2112 1438 τὸν
2144 1383 2313 1454 ἄνδρα
2345 1383 2886 1453 κατεστρατήγησεν.
2920 1380 3144 1454 Ταύτην
3177 1377 3274 1436 οὖν
3298 1383 3403 1453 τὴν
3437 1375 3612 1452 ἧτταν

2021 1474 2112 1528 διὰ
2143 1475 2255 1530 τῶν
2283 1474 2548 1529 ἐναντίων
2589 1476 2618 1528 ό
2649 1475 2933 1544 Δεσπότης
2963 1474 3216 1546 ἰώμενος,
3249 1473 3490 1538 ἀναστὰς
3516 1469 3611 1526 τοῦ

2020 1566 2220 1636 τάφου,
2241 1568 2362 1630 ταῖς
2393 1565 2610 1635 γυναιξὶ
2637 1565 2858 1637 πρῶτος
2892 1564 3214 1629 όπτάνεται,
3255 1564 3332 1626 ὡς
3363 1563 3431 1619 ἂν
3457 1565 3491 1635 ἡ
3515 1561 3612 1616 ἀπ’

331 1674 454 1729 quae
482 1675 512 1714 a
546 1659 817 1730 principio
861 1660 972 1728 (2‘5)
1017 1660 1194 1716 fuerat
1251 1661 1433 1732 lapsus
1500 1678 1686 1732 causa,
1727 1665 1916 1720 eadem

2028 1662 2200 1734 ἀρχῆς
2233 1660 2504 1731 γενομένη
2546 1658 2696 1713 αἰτία
2721 1658 2816 1713 τοῦ
2847 1658 3166 1730 πτώματος,
3199 1660 3234 1730 ἡ
3264 1658 3404 1730 αύτὴ
3447 1657 3614 1711 πάλιν

332 1760 478 1806 esset
524 1755 714 1806 nuntia
787 1753 1170 1810 restitutionis.
1227 1757 1470 1826 Apparet
1521 1758 1690 1828 igitur
1735 1757 1918 1813 Maria

2028 1757 2181 1811 ἐσται
2226 1756 2324 1825 τῆς
2360 1753 2792 1825 ἐπανορθώσεως
2828 1752 3086 1823 ἄγγελος.
3121 1753 3379 1807 Φαίνεται
3426 1753 3613 1806 τοίνυν

329 1840 680 1912 Magdalenae,
711 1853 764 1898 et
794 1857 889 1913 per
910 1845 1048 1899 hanc
1071 1847 1471 1916 apparitionem
1507 1861 1627 1902 eam
1667 1864 1916 1916 magnam

2028 1848 2216 1922 Mapfqt
2247 1851 2314 1920 τῇ
2362 1848 2724 1919 Μαγδαληνῇ,
2760 1846 2852 1901 διὰ
2883 1847 2988 1918 τῆς
3032 1847 3336 1920 ἐμφανείας
3372 1846 3614 1918 μεγαλύ-

329 1933 484 1988 facit.
525 1933 836 2004 Magdalena
876 1937 1078 2007 quippe
1100 1937 1213 2009 (26)
1241 1939 1637 2009 interpretatur
1669 1942 1919 2013 magniﬁ-

330 2035 472 2089 sata,
509 2039 685 2094 eoque
721 2027 838 2096 ipso
889 2030 1114 2084 nomine
1154 2031 1478 2097 ostenditur,
1512 2046 1622 2102 quo
1674 2033 1920 2099 magniﬁ-

332 2116 523 2170 centiae
548 2121 876 2185 pervenerit,
906 2135 1025 2174 cum
1057 2124 1124 2175 ad
1155 2123 1431 2192 apostolos
1460 2124 1690 2193 apostoli
1723 2141 1921 2183 munus

334 2208 592 2263 obiverit.
629 2209 732 2264 Sed
764 2212 940 2279 qualis
971 2214 1113 2270 inter
1155 2215 1456 2286 discipulos
1519 2215 1760 2272 Thomas
1820 2218 1923 2275 fuit

333 2314 536 2369 anceps
583 2303 774 2368 animi,
802 2304 1032 2373 etjuxta
1087 2307 1189 2362 hoc
1226 2307 1488 2379 Didymus
1545 2309 1660 2380 (27)
1719 2311 1918 2378 dictus,

334 2392 462 2446 talis
489 2402 545 2447 et
621 2394 762 2449 inter
813 2398 1067 2453 mulieres
1128 2401 1534 2470 unguentiferas
1583 2403 1917 2474 Magdalene.

332 2483 444 2539 Etsi
488 2488 633 2540 enim
684 2487 918 2546 fortasse
947 2492 1178 2546 aliarum
1235 2494 1624 2566 discipularum
1700 2498 1920 2554 visaest

329 2578 731 2642 ardentissima,
767 2597 875 2636 non
909 2591 1090 2654 tamen
1111 2585 1438 2654 simpliciter
1467 2587 1627 2642 dictis
1653 2587 1923 2659 factisque

331 2669 624 2739 credebat,
706 2675 798 2727 sed
873 2661 1146 2731 evidentia
1210 2679 1488 2746 quaerebat
1559 2691 1917 2751 argumenta,

330 2763 654 2830 exquisitius
699 2781 785 2819 res
826 2775 1195 2835 perscrutans,
1241 2778 1296 2824 et
1357 2784 1464 2825 una
1495 2786 1620 2827 cum
1676 2772 1796 2830 aliis
1853 2774 1921 2829 ad

330 2857 609 2913 vivificnm
669 2862 981 2931 sepulcrum
1068 2878 1384 2929 accurrcns,
1435 2876 1490 2921 et
1541 2868 1684 2938 apud
1744 2869 1919 2938 ipsum

330 2949 447 3005 sola
479 2953 724 3008 studiose
753 2970 1094 3022 permanens.
1117 2957 1183 3012 Et
1213 2973 1434 3026 vespere
1451 2961 1667 3028 quidem
1699 2960 1922 3018 Sabbati

333 3059 438 3096 una
501 3059 621 3098 cum
701 3047 806 3101 alia
872 3047 1039 3103 Maria
1100 3049 1227 3105 illuc
1275 3053 1538 3122 profecta,
1604 3068 1709 3109 non
1763 3055 1923 3110 modo

332 3135 578 3204 angelico
632 3150 851 3206 aspectu
907 3142 1525 3215 colloquioquedignata
1563 3154 1670 3212 est,
1701 3147 1795 3202 sed
1867 3156 1924 3203 et

2021 1957 2130 1996 νων
2157 1939 2330 2010 αὐτήν
2350 1953 2364 1969 ⁸
2395 1939 2755 2010 Μαγδαληνὴ,
2791 1939 2898 2010 γὰρ
2926 1939 3392 2009 μεταλυνομένη
3439 1939 3615 2009 ἐρμη-

2022 2033 2238 2088 νεύεται
2291 2030 2671 2104 προδηλούσης
2694 2031 2792 2101 τῆς
2814 2030 3061 2102 κλήσεως
3088 2031 3150 2084 τὸ
3192 2031 3504 2101 μεγαλεῖον,
3535 2030 3616 2091 είς

2023 2125 2052 2178 ὃ
2084 2123 2412 2193 ἐπεφθάκει,
2455 2122 2717 2191 γεγονυῖα
2762 2123 2876 2184 τοῖς
2923 2119 3248 2183 ἀποστόλοις
3288 2118 3613 2174 ἀπόστολος.

2037 2217 2182 2270 Ἀλλ’
2208 2219 2349 2287 ὅπερ
2376 2212 2444 2288 ἦν
2471 2215 2531 2268 ἐν
2565 2215 2680 2278 τοῖς
2728 2213 3004 2285 μαθηταῖς
3051 2214 3079 2266 ὁ
3109 2213 3337 2283 Θωμᾶς,
3369 2211 3614 2283 ἀμφιτά-

2023 2307 2218 2372 λαντος
2273 2306 2374 2378 τὴν
2429 2305 2699 2370 διάνοιαν,
2759 2305 2855 2358 καὶ
2907 2303 3054 2357 κατά
3105 2303 3266 2357 τοῦτο
3315 2303 3613 2373 λεγόμενος

2024 2399 2276 2468 Δίδυμος,
2320 2396 2480 2450 τοῦτο
2515 2397 2570 2450 δέ
2611 2396 2670 2449 ἐν
2703 2397 2825 2460 ταῖς
2862 2395 3251 2466 μυροφόροιςή
3280 2392 3617 2463 Μαγδαληνὴ

2024 2491 2214 2563 Μαρία
2244 2489 2565 2560 ἐτύγχανεν.
2602 2489 2666 2542 Ei
2703 2489 2811 2559 γὰρ
2843 2489 2939 2542 καὶ
2971 2489 3112 2559 τάχα
3149 2488 3387 2557 μάλιστα
3417 2486 3616 2556 θερμο-
3717 2478 3726 2482 ”

2024 2585 2160 2656 τέρα
2184 2584 2291 2636 τῶν
2331 2584 2509 2638 ἄλλων
2545 2581 2869 2652 μαθητριῶν
2913 2580 3338 2649 καταφαίνεται,
3371 2578 3487 2632 ἀλλ’
3517 2579 3616 2649 οὐχ

2027 2676 2214 2740 ἁπλῶς
2242 2678 2356 2741 τοῖς
2373 2676 2687 2745 λεγομένοις
2709 2676 2805 2729 καὶ⁸
2832 2674 3141 2745 γινομένοις
3165 2673 3469 2737 ἐπίστευεν,
3499 2671 3616 2725 ἀλλ’

2026 2772 2282 2842 ἐναργεῖς
2346 2769 2532 2840 ἐζήτει
2585 2769 2686 2832 τὰς
2738 2766 3068 2832 ἀποδείξεις,
3110 2765 3613 2834 ἐξεταστικώτερον

2028 2859 2570 2933 πολυπραγμονοῦσα
2619 2861 2689 2914 τὰ
2726 2860 3061 2932 πράγματα,
3109 2859 3206 2913 καὶ
3257 2859 3380 2921 ταῖς
3426 2857 3614 2918 ἄλλαις

2027 2958 2111 3018 είς
2165 2955 2258 3008 τὸν
2311 2953 2598 3025 ζωηφόρον
2657 2954 2832 3022 τάφον
2889 2951 3285 3022 συντρέχουσα,
3347 2949 3444 3004 καὶ
3489 2948 3614 3003 καθ’

2028 3047 2231 3118 ἑαυτὴν
2279 3043 2732 3116 ἐμφιλοχωροῦσα
2773 3043 2853 3114 τῷ
2889 3044 3155 3116 μνήματι.
3209 3043 3321 3097 Καὶ
3367 3041 3468 3112 ὀψὲ
3515 3041 3618 3112 μὲν

2029 3136 2313 3192 Σαϐϐάτου
2370 3134 2508 3206 μετά
2553 3137 2656 3204 τῆς
2697 3132 2875 3202 ἄλλης
2927 3134 3145 3203 Μαρίας
3203 3132 3517 3202 ἐληλυθυῖα,
3552 3130 3616 3186 οὐ

331 3223 526 3282 faciem
575 3228 709 3297 ejus,
745 3247 904 3300 quem
937 3234 1367 3303 desideraverat,
1401 3237 1637 3302 vidit,.et
1657 3239 1921 3294 amabiles

2034 3229 2197 3298 μόνον
2222 3227 2322 3298 τῆς
2368 3205 2674 3296 ἀγγελικῆς
2705 3226 2981 3289 ὀπτασίας
3008 3227 3105 3280 καὶ
3143 3225 3361 3296 ὁμιλίας
3393 3225 3615 3296 ἠξίωτο,

334 3318 510 3375 tenuit
578 3320 765 3388 pedes,
825 3333 879 3374 et
946 3338 1137 3378 vocem
1199 3341 1416 3380 suavem
1472 3329 1696 3382 audivit.
1756 3329 1926 3383 Valde

335 3408 574 3465 diluculo
607 3412 883 3480 profectas
939 3415 1063 3470 illnc
1120 3418 1378 3474 mulieres
1421 3421 1678 3473 comitata
1722 3430 1824 3481 est.
1873 3429 1928 3475 et

333 3499 532 3555 iterum
582 3520 742 3560 mane
773 3504 1016 3568 festinat,
1066 3518 1120 3564 et
1175 3510 1284 3564 sola
1346 3523 1752 3566 monumentum
1809 3514 1932 3582 ipso

337 3599 756 3654 resurrectionis
801 3601 890 3656 die
935 3602 1266 3672 frequentat.
1301 3601 1409 3659 Sed
1435 3603 1607 3672 ipsam
1637 3605 1924 3660 lectionem

334 3687 610 3762 Evangeiii
635 3706 1063 3751 commemorare
1091 3695 1281 3752 melius
1318 3706 1400 3753 est
1432 3697 1477 3730 τ’

408 3980 432 4013 ι
479 3959 596 4016 Una
629 3962 976 4018 sabbatorum
1017 3963 1184 4017 Maria
1219 3963 1531 4036 Magdalene
1560 3967 1710 4020 venit
1736 3982 1916 4035 mane,

2031 3323 2171 3378 ἀλλά
2220 3321 2317 3376 καὶ
2359 3321 2455 3374 τοῦ
2496 3320 2846 3390 ποθουμένου
2896 3313 3003 3372 εἶδε
3040 3319 3102 3372 τὸ
3153 3319 3470 3389 πρόσωπον,
3519 3314 3617 3369 καὶ

2028 3415 2158 3478 τοὺς
2211 3412 2452 3484 ὡραίους
2507 3411 2676 3474 πόδας
2721 3411 3014 3483 ἐκράτησε,
3063 3412 3159 3464 καὶ
3209 3409 3308 3478 τῆς
3357 3407 3618 3478 γλυκείας

2029 3507 2328 3580 ἠκουτίσθη
2363 3506 2574 3575 φωνῆς.
2602 3505 2741 3576 "Ope
2753 3521 2846 3575 pou
2872 3503 3081 3574 βαθέως
3106 3505 3226 3566 ταῖς
3249 3502 3617 3565 ἀπελθούσαις

2031 3597 2189 3664 αὖθις
2231 3599 2558 3654 συνείπετοο
2601 3599 2698 3653 καὶ
2732 3597 2896 3652 πάλιν
2947 3598 3271 3667 ἐπιταχύνει
3321 3595 3487 3666 πρωῒ,
3521 3596 3618 3648 καὶ

2033 3695 2172 3766 μόνη
2213 3693 2353 3764 πρὸς
2388 3693 2483 3747 τὸν
2514 3691 2686 3762 τάφον
2722 3690 2886 3760 φοιτᾷ
2924 3691 3046 3743 κατ’
3081 3690 3254 3749 αὐτὴν
3283 3690 3382 3757 τὴν
3403 3687 3632 3758 ἡμέραν·

2029 3787 2131 3856 τῆς
2174 3785 2547 3848 ἀναστάσεως.
2597 3782 2820 3837 Βέλτιον
2867 3782 2926 3836 δὲ
2985 3782 3158 3852 αὐτῆς
3213 3781 3618 3852 ἐπιμνησθῆναι

2029 3879 2130 3948 τῆς
2167 3877 2408 3942 λέξεως.

2126 3988 2144 4020 ι
2195 3970 2276 4040 Τῇ
2339 3969 2437 4039 μιᾷ
2495 3967 2604 4022 τῶν
2669 3967 2968 4022 Σαδδάτων
3036 3965 3228 4036 Μαρία
3287 3968 3322 4036 ἡ
3389 3964 3619 4034 Μαγδα-

331 4071 454 4109 cum
510 4054 693 4109 adhuc
750 4055 992 4109 tenebrae
1044 4067 1254 4122 essent,
1300 4059 1366 4110 ad
1421 4068 1856 4114 monumentum.
1892 4079 1912 4113 ι

2028 4062 2156 4133 inqvit
2211 4060 2436 4131 ἔρχεται
2489 4057 2670 4131 πρωῒ,
2726 4060 2952 4124 σκοτίας
3015 4059 3099 4113 ἐτι
3152 4057 3344 4129 οὔσης,
3412 4059 3496 4122 είς
3547 4057 3611 4110 τὸ

334 4148 567 4216 Signare
593 4148 815 4218 quidem
843 4148 962 4204 vult
991 4150 1172 4205 noctis
1201 4163 1266 4204 ac
1295 4150 1403 4204 diei
1429 4153 1752 4218 confinium,
1774 4153 1918 4222 quod

334 4245 578 4315 σκιόφως
617 4245 819 4300 dicitur
859 4246 996 4318 (28).
1029 4244 1417 4302 Verumtamen
1459 4263 1556 4317 per
1595 4263 1656 4304 ea
1682 4265 1803 4321 qua:
1831 4266 1917 4306 se-

413 4390 452 4424 τ³
488 4388 646 4445 Joan.
689 4404 784 4456 xx,
817 4387 842 4442 1
871 4402 1032 4458 seqq.

2021 4158 2314 4228 μνημεῖον.
2348 4175 2369 4210 ι
2421 4155 2684 4210 Βούλεται
2732 4155 2831 4227 μὲν
2871 4154 3116 4228 δηλῶσαι
3159 4154 3220 4208 τὸ
3270 4157 3372 4224 τῆς
3414 4151 3612 4216 νυκτὸς

2027 4251 2123 4304 καὶ
2149 4249 2366 4324 ἡμέρας
2389 4248 2738 4321 μεταίχμιον,
2760 4248 2788 4302 ὅ
2815 4249 3084 4318 σκιόφως
3102 4247 3440 4317 ὠνόμασται.
3466 4245 3616 4315 Πλὴν

1573 4489 1892 4549 Francisci
1927 4488 2142 4550 Scorsi
2176 4495 2361 4557 notas.

401 4613 516 4684 (‘25)
539 4612 610 4668 Ut
632 4630 752 4684 qua
769 4630 802 4667 a
827 4613 1105 4681 principio.
1126 4613 1258 4667 Vide
1280 4627 1440 4681 supra
1461 4614 1607 4668 hom.
1644 4614 1707 4669 ’51
1745 4624 1859 4670 not.
1882 4616 1916 4670 4

2029 4613 2089 4670 S.
2121 4613 2377 4680 Joannes,
2407 4613 2644 4682 aliquam
2681 4612 2801 4682 ejus
2833 4610 3209 4667 excellentiam
3238 4607 3423 4682 Graeci
3448 4606 3622 4682 inter-

333 4677 590 4756 Eamd'em
628 4677 910 4755 mysticam
946 4677 1212 4739 rationem
1237 4677 1410 4754 taniit
1442 4684 1673 4755 Nyssen.
1709 4695 1847 4740 orat.
1866 4686 1918 4750 1,
1955 4688 2000 4744 D
2028 4695 2211 4756 pretes
2232 4677 2436 4756 signari
2460 4677 2757 4756 volantum
2777 4683 2996 4756 quidem
3019 4681 3161 4756 quod
3184 4679 3249 4756 ad
3274 4677 3499 4733 Joannis
3525 4693 3619 4756 χιι,

334 4757 398 4811 de
432 4754 728 4811 Resurrect.

405 4807 880 4896 iﬂopd'alena
927 4825 1140 4896 quippe.
1187 4824 1232 4879 Α
1279 4821 1495 4896 verbo,
1525 4807 1622 4886 ’τω
1672 4841 1925 4894 magnum

332 4897 635 4964 essequod
665 4898 719 4950 in
753 4895 968 4964 conjuq.
1002 4896 1114 4950 Piel
1155 4903 1237 4950 est
1282 4895 1670 4964 magniﬁcare;
1704 4898 1846 4951 unde
1874 4909 1928 4952 et

333 4983 436 5023 vox
480 4965 630 5027 ‘71:}:
655 4967 855 5029 turris,
913 4980 942 5019 a
992 4980 1098 5035 qua
1136 4981 1333 5021 nomen
1385 4965 1756 5035 Magdalentn,
1806 4981 1926 5036 qua

332 5039 541 5092 castelli
572 5037 847 5091 Bethania:
882 5046 1002 5091 erat
1035 5037 1277 5090 domina.

392 5108 518 5232 ($27)
555 5107 836 5177 Didymus.
870 5106 986 5161 Non
1023 5121 1143 5162 esse
1191 5107 1294 5161 hoc
1339 5120 1638 5175 cognomen
1667 5103 1912 5169 Thomas,

477 5180 712 5232 nominis
747 5177 1293 5232 interpretamentum
1340 5189 1532 5230 omnes
1579 5185 1799 5232 norunt.
1829 5180 1912 5232 uni

328 5177 424 5233 sed
477 5177 712 5233 nominis
747 5177 1293 5246 interpretamentum
1340 5189 1546 5246 omnes
1579 5185 1799 5236 norunt,
1829 5179 1920 5246 qni

332 5250 541 5317 linguas
570 5255 797 5312 norunt,
830 5245 1139 5316 quanquam
1177 5248 1231 5302 id
1269 5246 1492 5317 Nonnus
1521 5245 1920 5314 Panopolita'in

328 5316 660 5386 Metaphrasi
707 5319 878 5372 sancti
914 5317 1140 5372 Joannis
1173 5319 1418 5372 videatur
1446 5316 1647 5380 dicere,
1683 5317 1923 5370 Εἰσαῖων

328 5389 386 5458 δὲ
438 5389 713 5458 διώνυμος
767 5388 958 5458 ἐννεπέ
1009 5386 1234 5458 Θωμᾶς
1275 5388 1510 5458 Audiens
1563 5388 1926 5458 autemidixit

333 5457 559 5514 Thomas
592 5459 874 5514 binomiua.
911 5457 978 5512 Et
1017 5457 1200 5511 itidem
1249 5458 1398 5511 alibi.
1431 5457 1702 5526 Pagninus
1748 5457 1801 5510 in
1841 5459 1923 5510 in-

333 5529 1069 5600 tel’pretaliongnominalus
1102 5530 1236 5600 ditas
1268 5527 1386 5600 ejus
1423 5527 1659 5600 nominis
1695 5528 1927 5600 notatio-

333 5596 434 5654 nes
459 5600 620 5655 affert
648 5615 662 5655 :
690 5598 922 5653 Thomas
947 5611 1024 5651 est
1048 5598 1305 5666 geminus,
1334 5599 1440 5651 sive
1466 5596 1750 5664 gemellus;
1773 5597 1828 5650 id
1849 5607 1925 5651 est

327 5672 505 5724 ecdem
535 5679 694 5739 partu
722 5670 919 5724 editus.
951 5676 1157 5727 amrin
1174 5669 1318 5739 enim
1351 5667 1738 5739 suntgcmclli,
1770 5669 1925 5736 quasi

332 5737 640 5808 conjunctis
677 5741 1034 5808 corporibus;
1069 5747 1161 5792 aut
1189 5737 1328 5792 idem
1360 5738 1503 5804 quod
1539 5737 1782 5806 abyssi“,
1812 5739 1927 5792 sive

332 5825 544 5875 uorago,
598 5825 719 5877 qua:
746 5810 911 5865 Hebr.
943 5818 1116 5868 man.
1172 5808 1326 5874 Quod
1359 5815 1538 5860 autem
1569 5808 1790 5862 Thomas
1826 5823 1923 5861 nec

335 5877 498 5929 mlius
533 5878 672 5958 alius
720 5894 788 5958 ex
843 5880 1101 5960 apostolis
1160 5894 1356 5935 nomen
1414 5879 1486 5933 sit
1540 5878 1929 5948 interpretatus

2029 4748 2116 4809 ubi
2153 4756 2203 4809 id
2231 4748 2623 4822 interpretatur
2647 4748 2874 4823 (fecerat
2900 4748 3046 4823 enim
3089 4751 3138 4823 id
3168 4750 3334 4823 etiam
3367 4762 3488 4816 cap.
3509 4748 3622 4823 fit),

2029 4835 2178 4879 recte
2221 4817 2504 4879 Cornelius
2553 4817 2782 4890 primam
2839 4821 3252 4893 etymologiam,
3290 4819 3404 4873 sive
3455 4817 3616 4893 etiam

2028 4897 2320 4950 secum‘lam
2345 4887 2639 4950 convenire
2666 4893 2743 4947 illi
2771 4887 2924 4951 dicit,
2946 4887 3097 4961 quod
3115 4890 3383 4961 geminus.
3408 4887 3618 4961 varius,

2029 4980 2248 5034 anceps,
2301 4964 2351 5018 in
2401 4964 2668 5018 credenda
2720 4963 2922 5034 Christi
2965 4957 3382 5034 resurrectione
3432 4957 3616 5034 fuerit.

2031 5027 2180 5089 Hanc
2211 5036 2387 5088 innuit
2418 5045 2602 5089 noster
2637 5037 2738 5087 hoc
2770 5033 2907 5090 loco.
2943 5049 3064 5085 cum
3102 5032 3176 5083 ait
3203 5048 3214 5082 :
3251 5027 3622 5097 Ἀμφιτάλαν-

2029 5123 2122 5168 τος
2151 5106 2250 5174 τὴν
2280 5106 2538 5158 διάνοιαν.
2577 5103 2640 5156 Et
2686 5104 2847 5166 infra,
2882 5100 3216 5174 Οὐχ-ἀτελῶς
3244 5094 3354 5174 τοὶς
3375 5094 3626 5174 λεγομέτ

2027 5165 2138 5240 νοις
2185 5165 2280 5228 διαὶ
2306 5175 2614 5244 γινομένοις
2637 5165 3265 5244 ἐπίστευσενξίιιίρηιψιρ
3292 5165 3622 5244 _'l‘h_eophyl.,

2028 5238 2216 5300 nostro
2251 5238 2520 5315 posterior
2550 5265 2563 5296 :
2597 5241 2812 5302 Merito.
2859 5243 3048 5315 inquit.
3089 5240 3325 5315 meminit
3369 5238 3623 5315 interpre:

2031 5306 2265 5369 talionis.
2298 5316 2411 5385 ejus
2447 5315 2784 5385 nominiyut
2819 5306 3061 5385 ostendat
3093 5308 3437 5385 nauigat-tori
3466 5306 3624 5385 dubi.

2031 5396 2173 5439 (ator
2199 5378 2413 5457 quidam
2445 5390 2532 5451 sit,
2568 5392 2617 5437 et
2662 5384 2714 5435 id
2761 5385 2873 5435 vitii
2908 5399 2939 5433 a
2975 5380 3233 5450 principio
3261 5378 3529 5440 habuerit,
3563 5385 3619 5427 ut

2029 5474 2216 5510 nomen
2259 5457 2482 5509 indicat.

2102 5527 2212 5595 (28)
2248 5526 2401 5590 Quod
2420 5526 2689 5595 σκιόφῳς
2708 5523 2924 5574 dicirur.
2965 5520 3130 5595 liuius
3166 5518 3312 5595 vocis
3344 5515 3614 5595 neminem

2031 5585 2206 5651 alium,
2239 5585 2516 5650 auctorem
2548 5585 2740 5657 habeo,
2779 5607 2940 5660 quam
2976 5593 3148 5658 ipsum
3183 5591 3326 5660 hunc
3373 5585 3620 5654 λογοδαί-

2028 5667 2187 5721 δαλον
2216 5666 2601 5734 Theophanem
2630 5682 2642 5716 :
2670 5659 2812 5731 quod
2847 5671 3025 5734 autem
3059 5661 3131 5734 sit
3159 5659 3276 5727 ejus
3302 5667 3520 5734 ety_mon
3547 5669 3616 5708 ex

2033 5738 2144 5801 ipsa
2179 5725 2567 5804 corttpositiOIIe
2601 5725 2747 5802 patet
2777 5751 2790 5787 :
2821 5730 2970 5792 σκιά,
3002 5725 3198 5804 umbra
3214 5739 3298 5782 est
3328 5725 3465 5795 φ’ὦς,
3498 5725 3615 5804 ltus.

2034 5796 2225 5875 Signat
2248 5796 2411 5876 igitur
2441 5805 2567 5858 illud
2601 5796 2814 5876 tempus
2857 5801 3202 5876 matutinum,
3232 5813 3351 5876 quo
3368 5812 3464 5852 aer
3486 5796 3615 5850 sub-

2035 5868 2223 5934 lustris
2253 5868 2357 5944 (ἵει,
2413 5886 2466 5933 et
2497 5876 2584 5931 lux
2619 5868 2879 5944 maligna,
2914 5881 2973 5926 ut
3020 5871 3263 5940 loquitur
3292 5868 3465 5939 Virg.,
3496 5880 3614 5922 cre-
