4042 6412
370 366 476 430 067

1581 375 2076 441 THEOPHANIS
2115 381 2455 444 CERAMEI

3547 395 3652 457 (ΥΒ

369 485 492 535 (ίθηι
537 476 738 534 habere
781 485 1061 533 externam
1111 475 1531 553 philosophiam,
1579 489 1677 542 sed
1727 489 1940 544 amicun

2074 491 2181 562 μὲν
2227 488 2372 547 εἶναι
2401 497 2470 567 τῇ
2513 495 2806 568 φιλοσοφίᾳ
2840 500 2906 570 τῇ
2963 498 3228 570 θύραθεν,
3281 503 3437 571 φίλον
3481 506 3538 559 δὲ
3575 509 3654 580 τῷ

364 587 489 627 esse
524 571 689 626 verbo
739 572 1010 624 veritatis.
1042 571 1160 625 Alia
1207 573 1374 628 etiam
1435 576 1649 631 ratione
1702 593 1802 648 per
1857 581 1957 636 hos

365 663 662 732 discipulos
708 663 1021 717 indicantur
1072 666 1304 720 actionis
1366 669 1958 743 contemplationisque

364 757 746 825 proprietates.
775 755 990 810 Etenim
1024 755 1220 812 Petrus
1238 758 1460 828 quidem
1487 764 1740 832 negavit,
1773 764 1956 822 Joan-

369 858 466 900 nes
525 861 654 899 vero
715 848 912 900 mansit
986 847 1268 903 immotus.
1317 848 1492 905 Homo
1554 853 1698 908 enim
1762 856 1955 911 activae

365 938 579 992 deditus
612 938 738 992 vitaa
779 948 887 1006 est,
929 955 1052 994 cum
1096 955 1127 995 a
1171 953 1320 996 recto
1350 943 1590 1012 labatur,
1621 945 1702 1002 vel
1736 957 1956 1018 propter

360 1030 607 1096 corporis
633 1030 1031 1100 inﬁrmitatem,
1060 1033 1142 1089 vel
1167 1032 1306 1090 forte
1335 1036 1499 1090 etiam
1531 1047 1954 1110 proptersuper-

359 1120 501 1174 hiam
529 1124 750 1178 mentis:
775 1124 1074 1193 etquidem
1101 1134 1183 1180 tcr
1207 1127 1497 1182 Dominum
1518 1142 1700 1199 negat,
1727 1132 1948 1190 veleum

357 1228 613 1269 sermone
644 1228 1029 1285 contemnens,
1059 1218 1146 1275 vel
1193 1221 1273 1274 ira
1305 1221 1502 1288 victus,
1534 1224 1617 1279 vel
1665 1225 1950 1284 inhonesta

358 1306 542 1377 aliqua
573 1310 873 1378 cupiditate
906 1312 1190 1368 subactus.
1221 1315 1301 1369 Ad
1335 1326 1457 1384 qua:
1485 1317 1665 1385 gallus
1694 1331 1947 1388 cantans,

352 1402 582 1471 pervigil
612 1404 824 1458 scilicet
884 1407 1234 1470 conscientia
1264 1411 1532 1475 custodia,
1568 1427 1691 1467 eum
1725 1417 1948 1481 excitat,

354 1504 412 1547 ut
437 1496 637 1550 sentiat
670 1511 791 1566 qua:
818 1512 1102 1569 perperam
1145 1500 1288 1556 facta
1325 1515 1474 1558 sunt.
1515 1503 1626 1570 Qui
1658 1521 1794 1562 vero
1828 1518 1949 1577 post

353 1590 623 1646 actionem
643 1594 1126 1664 contemplationis
1147 1595 1268 1652 luce
1305 1597 1617 1654 illustratur
1648 1601 1700 1655 in
1737 1603 1947 1668 anima,

352 1693 408 1735 et
437 1684 634 1740 divina
662 1686 927 1742 doctrina:
967 1689 1132 1752 ﬁlius,
1167 1689 1328 1744 sicuti
1373 1690 1516 1746 [ilius
1564 1694 1792 1747 touitrui
1827 1695 1947 1748 eilia

350 1775 495 1828 citur
512 1776 584 1840 δ’,
616 1794 890 1847 nunquam
923 1789 1200 1836 avertatur
1222 1794 1249 1834 α
1283 1792 1434 1839 recto
1468 1783 1604 1857 (36).
1633 1785 1738 1841 Sed
1768 1787 1945 1843 Evan-

347 1867 474 1936 gelii
508 1871 671 1925 verba
710 1871 910 1927 iterum
939 1887 1312 1931 resumatnus.

425 2072 446 2106 ι
496 2037 706 2110 Etcum
740 2070 800 2112 se
827 2055 1169 2126 inclinasset,
1202 2059 1338 2114 vidit
1376 2059 1698 2116 linteamina
1747 2065 1945 2132 posita,

345 2160 452 2199 non
500 2155 681 2200 tamen
737 2147 984 2204 introivit
1011 2149 1079 2204 ⁸¹.
1113 2168 1131 2201 ι
1170 2149 1333 2223 242
1389 2150 1757 2209 Praecucurrit
1806 2171 1942 2211 sane

345 2238 583 2296 Joannes
631 2241 873 2296 velocior
922 2245 1187 2312 pedibus;
1221 2261 1328 2300 non
1390 2256 1572 2302 tamen
1630 2263 1751 2317 quae
1805 2250 1947 2304 intra

347 2334 659 2400 sepulcrum
689 2337 986 2404 spectanda
1020 2349 1178 2392 erant
1211 2341 1619 2410 contemplatus
1659 2351 1762 2397 est.
1799 2343 1947 2399 Pone

343 2439 477 2486 vero
519 2442 868 2495 consequens
916 2428 1134 2496 Petrus,
1174 2431 1550 2503 anhelansque
1584 2436 1947 2503 pervenit;et

344 2517 398 2571 in
455 2521 692 2588 sepulcri
756 2522 918 2591 adyta
978 2524 1368 2594 introgressus,
1402 2542 1523 2596 quae
1577 2529 1712 2584 inibi
1781 2538 1946 2584 erant

344 2613 626 2680 mysteria,
672 2614 856 2679 videt;
915 2627 1036 2685 post
1075 2614 1243 2672 hunc
1300 2635 1431 2674 vero
1471 2621 1640 2676 etiam
1694 2620 1942 2679 Joannes

343 2703 669 2773 ingreditur.
709 2707 784 2761 Ita
815 2716 870 2763 et
898 2708 952 2764 in
987 2709 1294 2768 Tiberiadis
1322 2722 1515 2786 stagno
1540 2716 1692 2785 prior
1721 2717 1943 2787 quidem

340 2796 567 2863 agnovit
601 2799 914 2866 Dominum,
941 2811 994 2856 et
1037 2801 1201 2858 Petro
1243 2805 1543 2861 indicavit:
1578 2809 1675 2863 scd
1721 2806 1940 2877 Petrus,

345 2907 468 2947 cum
503 2905 804 2960 enatasset,
839 2895 989 2964 prior
1013 2895 1304 2953 Dominum
1333 2901 1586 2956 convenit
1614 2901 1681 2954 θ’.

418 3004 437 3038 ι
487 2984 800 3056 Venitergo
834 2987 1024 3043 Simon
1065 2989 1260 3046 Petrus
1306 3007 1545 3062 sequens
1579 3010 1729 3060 eum,
1769 2995 1936 3050 etin-

341 3073 527 3127 troivit
557 3073 608 3127 in
641 3089 1082 3146 monumentum,
1118 3088 1173 3136 et
1202 3081 1340 3136 vidit
1368 3082 1688 3138 linteamina
1740 3088 1935 3155 posita,

338 3173 394 3218 et
442 3166 750 3234 sudarium,
801 3170 945 3238 quod
1001 3171 1179 3226 fuerat
1230 3189 1394 3244 super
1431 3186 1596 3243 caput
1637 3177 1778 3245 ejus,
1832 3194 1936 3233 non

339 3271 461 3310 cum
494 3257 907 3317 linteaminibus
951 3263 1217 3331 positum,
1255 3267 1348 3322 sed
1387 3267 1679 3334 separatim
1730 3269 1941 3324 involu-

339 3357 454 3402 tum
515 3349 567 3403 in
625 3367 789 3406 unum
842 3353 1076 3410 locum.)
1119 3355 1526 3413 Linteaminum
1566 3363 1937 3429 spectaculum

339 3442 566 3496 evidens
606 3453 722 3497 erat
751 3447 1171 3503 resurrectionis
1201 3449 1462 3505 indicium
1497 3452 1636 3524 (57).
1670 3453 1934 3520 Quoniam

340 3532 486 3586 cnim
539 3535 758 3605 myrrha
801 3544 858 3592 et
903 3537 1024 3596 aloe
1075 3541 1446 3612 conglutinata
1499 3542 1721 3598 fueram
1771 3546 1934 3602 lintea

341 3641 466 3680 cum
493 3625 706 3684 Domini
730 3645 962 3700 corpore
989 3633 1119 3706 (vim
1155 3635 1372 3692 scilicet
1395 3637 1486 3693 illa
1518 3639 1718 3694 habent
1747 3641 1936 3697 adlue-

336 3717 612 3782 rescendi,
650 3733 717 3775 ac
771 3721 989 3778 diﬂicile
1041 3725 1472 3798 distrahuntur),
1510 3728 1712 3786 divinae
1765 3732 1936 3788 solius

338 3818 457 3860 crat
499 3810 720 3866 virtutis
754 3827 818 3868 ea
862 3813 1021 3871 facile
1047 3830 1336 3874 secernere
1369 3834 1399 3874 a
1429 3833 1682 3892 corpore.
1715 3821 1849 3878 Nam
1887 3826 1933 3880 si

337 3896 489 3953 fures
515 3900 976 3977 insidiatoresque
1029 3911 1282 3965 nocturni
1307 3927 1505 3984 corpus
1528 3914 1691 3972 furati
1725 3926 1932 3984 essent,

336 4006 445 4044 non
468 4000 674 4048 tantum
702 3995 1025 4054 habuissent
1052 4002 1168 4069 otii,
1195 4013 1257 4058 ut
1288 4017 1510 4074 possent
1541 4008 1694 4077 prius
1726 4012 1935 4068 nudare

338 4084 596 4151 cadaver,
639 4101 766 4142 cum
808 4093 1118 4158 praesertim
1179 4080 1403 4166 myrrha
1455 4101 1734 4156 conditura
1786 4113 1933 4159 esset

340 4181 504 4241 atque
551 4186 890 4244 concretum,
928 4177 984 4235 e't
1023 4185 1268 4240 custodia
1326 4187 1457 4242 illud
1507 4204 1842 4261 asservaret,
1879 4204 1934 4250 et

342 4271 452 4315 tam
486 4263 676 4334 ingens
722 4283 912 4325 saxum
960 4287 1377 4334 monumentum
1411 4281 1746 4338 Obstrueret.
1777 4286 1931 4354 Quod

338 4351 384 4406 si
421 4356 796 4424 sepulcrorqu
820 4361 1130 4431 ell‘ossores,
1153 4368 1239 4423 vel
1277 4382 1621 4441 grassatores
1658 4375 1763 4431 tale
1791 4379 1928 4434 faci-

2067 584 2266 655 ἀληθεῖ
2289 585 2434 655 λόγῳ
2460 585 2562 657 τῆς
2591 588 2851 652 πίστεως.
2886 591 2999 643 Καὶ
3031 591 3209 657 ἄλλως
3239 594 3296 649 δὲ
3329 595 3419 648 διὰ
3444 598 3656 655 τούτων

2064 676 2174 730 τῶν
2223 678 2485 750 μαθητῶν
2517 681 2614 733 καὶ
2661 681 2764 751 τῆς
2814 682 3070 753 πράξεως
3121 686 3217 738 καὶ
3265 688 3370 756 τῆς
3416 689 3654 761 θεωρίας

2066 769 2333 842 ἰδιότητες
2359 772 2693 828 δείκνυνται.
2737 775 2796 829 '0
2831 775 2932 845 μὲν
2962 777 3074 847 γὰρ
3109 778 3315 848 Πέτρος
3347 783 3650 853 ἠρνήσατο,

2063 857 2322 932 Ἰωάννης
2362 863 2439 932 δὲξ
2468 863 2770 934 ἀκλόνητος
2822 867 3064 937 ἔμεινεν.
3109 869 3170 924 Ὀ
3218 871 3318 940 μὲν
3350 874 3460 942 γὰρ
3509 891 3654 944 πρα-

2061 951 2253 1016 κτικὸς
2270 953 2410 1023 ἀνήρ
2434 954 2606 1020 ἐστιν,
2623 955 2713 1018 ὅτε
2741 956 3120 1011 ἀπολισθαίνει
3143 956 3238 1012 τοῦ
3259 959 3494 1024 εἰκότος,
3520 960 3554 1030 ἤ
3578 961 3648 1014 δι’

2060 1042 2353 1097 ἀσθένειαν
2400 1044 2678 1116 σώματος,
2712 1046 2745 1117 ἢ
2777 1047 2867 1102 διά
2900 1048 3184 1119 λογισμῶν
3219 1050 3350 1113 ἴσως
3380 1052 3651 1122 χαυνότη-

2058 1151 2128 1188 τα
2159 1153 2172 1166 ·
2206 1136 2302 1190 καὶ
2326 1138 2451 1208 τρὶς
2481 1139 2734 1209 ἀρνεῖται
2763 1140 2858 1194 τὸν
2883 1140 3114 1211 Κύριον,
3142 1141 3174 1213 ἢ
3209 1142 3354 1198 κατά
3378 1142 3469 1196 τὸν
3492 1143 3653 1212 λόγον

2058 1225 2226 1280 αὑτὸν
2263 1227 2562 1300 ἀθετήσας,
2611 1231 2645 1302 ἢ
2705 1231 2864 1305 θυμῷ
2923 1230 3100 1300 εἴξας,
3144 1234 3177 1304 ἢ
3229 1234 3498 1306 ἐπιθυμίᾳ
3543 1235 3653 1289 τινὶ

2057 1321 2303 1391 ἀπρεπεῖ
2331 1323 2800 1396 δουλαγωγηθείς.
2850 1325 2969 1395 Ἐφ’
3007 1321 3091 1391 οἷς
3123 1327 3152 1380 ὀ
3181 1327 3433 1399 ἀλέκτωρ
3465 1329 3652 1399 ςωνήξ

2058 1427 2179 1474 σας,
2210 1412 2269 1476 ὅς
2296 1415 2411 1466 ἐστι
2445 1414 2540 1468 τοῦ
2577 1414 2886 1479 συνειδότος
2916 1418 2946 1470 ὁ
2993 1416 3275 1487 ἄγρυπνος
3321 1415 3522 1484 φύλαξ,
3567 1419 3652 1479 εἰς

2057 1501 2314 1577 αἴσθησιν
2344 1506 2509 1559 αὐτὸν
2543 1506 2826 1578 διεγείρει,
2861 1499 2936 1562 ὧν
2976 1507 3431 1579 ἐπλημμέλησεν.
3486 1510 3545 1561 Ὀ
3592 1509 3650 1562 δέ

2060 1597 2200 1668 μετά
2240 1599 2344 1668 τὴν
2380 1599 2581 1666 πρᾶξιν
2626 1599 2705 1670 τῷ
2752 1601 2896 1669 φωτὶ
2941 1599 3042 1668 τῆς
3078 1600 3318 1670 θεωρίας
3369 1616 3652 1661 καταυγα-

2057 1689 2208 1754 elisi;
2263 1691 2366 1762 τὴν
2420 1691 2624 1762 ψυχὴν,
2684 1691 2782 1745 καί¹
2846 1694 2963 1756 υἱὸς
3010 1691 3321 1760 θεολογίας,
3369 1694 3446 1760 ὡς
3492 1695 3519 1747 ὁ
3551 1692 3652 1763 τῆς

2058 1782 2291 1854 βροντῆς
2329 1785 2445 1848 υίὸς
2491 1784 2757 1852 γεγονὼς,
2820 1785 3088 1839 οὐδέποτε
3113 1785 3211 1840 τοῦ
3246 1785 3435 1848 εὐθέος
3467 1804 3652 1856 παραο

1982 1863 2024 1921 Β
2055 1877 2429 1943 τραπήσεται.
2493 1874 2661 1928 Ἀλλὰ
2711 1875 2810 1945 τὴν
2879 1874 3252 1947 εύαγγελικὴν
3297 1875 3448 1943 λέξιν
3494 1875 3652 1940 αὖθις

2056 1966 2520 2037 ἐπαναλάϐωμεν.
3697 2019 3701 2050 ᾗ

2130 2078 2148 2110 ι
2192 2062 2304 2114 Καὶ
2331 2059 2674 2132 παρακύψας
2716 2062 2908 2132 βλέπει
2937 2063 3011 2117 τὰ
3053 2063 3242 2119 ὀθόνια
3288 2064 3540 2135 κείμενα,
3587 2065 3649 2116 οὐ

2056 2152 2244 2222 μέντοι
2275 2153 2548 2222 εἰσῆλθεν.
2623 2175 2640 2207 ι
2724 2155 3053 2228 Προέδραμε
3130 2157 3231 2226 μὲν
3300 2161 3329 2210 ὁ
3388 2157 3701 2221 Ἰωάννης“

2051 2247 2478 2316 κραιπνοτέροις
2529 2249 2683 2313 ποσὶ,
2719 2251 2782 2302 οὐ
2818 2250 3007 2319 μέντοι
3032 2250 3144 2304 τῶν
3172 2250 3321 2304 ἔνδον
3356 2249 3653 2318 θεαμάτων

2050 2337 2264 2404 γίνεται
2282 2337 2512 2408 θεωρός.
2531 2340 2991 2409 Ὀπισθουραγῶν
3009 2342 3068 2395 δὲ
3090 2341 3299 2412 Πέτρος
3327 2342 3650 2412 ἀσθμαίνων

2049 2429 2319 2483 κατέλαϐε
2373 2447 2387 2461 θ
2422 2431 2518 2484 καὶ
2567 2431 2703 2484 εῐσω
2773 2433 3074 2503 γενόμενος
3129 2433 3241 2487 τῶν
3295 2433 3504 2488 ἀδύτων
3553 2432 3648 2486 τοῦ

2051 2518 2364 2589 μνήματος,
2395 2520 2500 2592 ὁρᾷ
2529 2521 2596 2575 τά
2630 2521 2852 2576 κάκεῖθι
2906 2525 3212 2595 μυστήρια.
3255 2524 3414 2578 Μετά
3457 2521 3649 2576 τοῦτον

2045 2609 2102 2663 δὲ
2133 2612 2228 2664 καί
2258 2613 2519 2682 Ἰωάννης
2544 2613 2882 2685 εἰσέρχεται.
2915 2614 3074 2669 Οὕτω
3099 2617 3205 2669 κάν
3230 2617 3298 2687 τῇ
3325 2611 3646 2686 Τιϐεριάδος

2043 2703 2213 2774 λίμνῃ
2273 2705 2493 2775 πρῶτος
2563 2705 2665 2774 μὲν
2706 2708 2924 2775 ἐπέγνω
2973 2709 3066 2762 τδν
3132 2709 3362 2778 Κύριον,
3420 2711 3516 2761 καὶ
3566 2709 3647 2778 τῷ

2045 2797 2242 2867 Πέτρῳ
2303 2800 2627 2870 μεμήνυκεν
2684 2817 2698 2831 ο
2757 2803 2898 2856 ἀλλὰ
2947 2801 3159 2874 Πέτρος
3219 2803 3645 2875 διανηξάμενος,

2048 2890 2269 2958 πρῶτος
2303 2889 2383 2960 τῷ
2413 2875 2666 2966 Δεσπότῃ
2689 2894 2964 2964 ἐνέτυχεν.

2126 2999 2144 3033 ι
2188 2983 2454 3052 Ἔρχεται
2485 2983 2581 3038 οὖν
2631 2985 2818 3054 Σίμων
2865 2988 3077 3057 Πέτρος
3104 2987 3416 3042 ἀκολουθῶν
3466 2986 3640 3058 αὐτῷ,

2046 3072 2144 3126 καὶ
2169 3073 2425 3142 εἰσῆλθεν
2450 3075 2530 3138 είς
2554 3077 2615 3128 τὸ
2651 3074 2944 3146 μνημεῖον,
2990 3079 3087 3132 καλ¹
3127 3078 3328 3149 θεωρεῖ
3357 3079 3426 3134 τὰ
3457 3079 3641 3132 ὀθόνια
3677 3095 3680 3098 ’

2046 3163 2298 3235 κείμενα,
2329 3167 2431 3220 nati.
2456 3167 2520 3220 τὸ
2549 3167 2873 3240 σουδάριον,
2912 3170 2940 3223 ὃ
2974 3167 3043 3241 ἧν
3092 3172 3187 3224 ἐπὶ
3233 3175 3333 3242 τῆς
3389 3171 3644 3242 κεφαλῆς

2042 3259 2234 3324 αὐτοῦ,
2266 3261 2327 3314 ού
2358 3261 2498 3332 μετά
2527 3263 2638 3315 τῶν
2683 3263 2915 3317 ὀθονίων
2965 3265 3242 3335 κείμενον,
3276 3266 3416 3321 ἀλλά
3467 3267 3641 3337 χωρὶς

2041 3353 2502 3424 ἐντετυλιγμένον
2559 3356 2643 3420 εἰς
2692 3356 2790 3410 ἕνα
2822 3357 3012 3412 τόπον.
3051 3377 3070 3410 ι
3129 3360 3196 3432 ᾘ
3251 3361 3360 3414 τῶν
3417 3359 3640 3414 ὀθονίων

2041 3442 2139 3498 θέα
2175 3445 2420 3517 ἐναργὴς
2465 3440 2536 3518 ἦν
2569 3446 2669 3517 τῆς
2719 3447 3081 3512 ἀναστάσεως
3121 3447 3371 3514 ἔνδειξις.
3421 3449 3640 3519 Ἐπειδὴ

2039 3538 2150 3609 γὰρ
2207 3538 2423 3611 σμύρνῃ
2485 3539 2580 3593 καὶ
2638 3539 2775 3611 ἀλόῃ
2840 3540 3296 3611 ἐγκεκολλημένα
3367 3538 3511 3613 ἦσαν
3560 3541 3640 3611 τῷ

2039 3630 2364 3700 Δεσποτικῷ
2398 3629 2618 3701 σώματι
2644 3632 2714 3685 τὰ
2745 3630 2932 3687 ὀθόνια
2975 3631 3301 3706 [κολλητικὰ
3355 3634 3413 3688 δὲ
3460 3633 3638 3688 ταῦτα

2040 3723 2135 3776 καὶ
2190 3723 2626 3797 δυσαπόστατα],
2669 3723 2823 3790 θείας
2883 3726 3172 3798 δυνάμεως
3232 3727 3404 3799 μόνης
3457 3721 3526 3798 ἦν
3577 3726 3639 3779 τὸ

2022 3816 2288 3870 τοιοῦτον
2325 3817 2526 3888 ῥᾳδίως
2559 3817 2704 3873 αὐτὰ
2731 3818 2828 3874 τοῦ
2861 3819 3124 3892 σώματος
3157 3822 3386 3888 ἐξελεῖν.
3433 3824 3493 3877 El
3526 3823 3637 3894 γὰρ

2040 3908 2224 3981 φῶρες
2243 3909 2339 3964 καὶ
2355 3911 2676 3984 νυκτολόχοι
2699 3911 2762 3966 τὸ
2784 3913 2947 3985 σῶμα
2967 3914 3261 3988 ἐσύλησαν,
3281 3918 3344 3969 ού
3363 3917 3637 3986 τοσαύτην

2037 3996 2188 4071 εἶχον
2217 4001 2438 4074 σχολὴν,
2473 4002 2550 4067 ὡς
2573 4003 2932 4076 ἀπογυμνοῦν
2965 4007 3239 4079 πρότερον
3280 4009 3374 4062 τὸν
3417 4009 3636 4081 νεκρὸν,

2037 4096 2134 4149 καὶ
2167 4095 2346 4150 ταῦτα
2393 4097 2845 4169 ἐσμυρνισμένου
2897 4098 2994 4154 τοῦ
3046 4100 3325 4172 σώματος,
3383 4103 3479 4156 καὶ
3509 4103 3637 4170 ,τῆς

2036 4188 2379 4253 κουστωδίας
2437 4190 2816 4263 φρουρούσηςν
2870 4193 2971 4246 καὶ
3020 4193 3115 4248 τοῦ
3170 4195 3322 4248 Λίθου
3376 4194 3634 4250 τοσούτου

2035 4281 2393 4351 ἐπικειμένου
2423 4282 2504 4355 τῷ
2537 4284 2806 4356 μνήματι.
2841 4285 2906 4339 Ei
2939 4285 2996 4339 δὲ
3021 4286 3411 4358 τυμϐωρύχοι,
3459 4289 3492 4360 ἢ
3521 4288 3629 4342 λω-

2035 4372 2267 4428 ποδύται
2284 4375 2346 4428 τὸ
2361 4375 2606 4431 τοιοῦτον
2624 4377 2960 4448 εἰργάσαντο
2985 4379 3264 4452 τόλμημα,
3302 4379 3634 4450 μεταθέντες

337 4459 445 4501 nus
498 4453 618 4504 ausi
673 4465 882 4519 essent,
949 4461 1157 4516 omisso
1215 4477 1447 4534 corpore
1506 4469 1820 4537 rapuissent
1865 4486 1925 4526 ea

2045 4466 2104 4521 iv
2131 4469 2192 4521 τδ
2226 4469 2408 4538 σῶμα,
2450 4471 2715 4543 ἥρπασαν
2767 4473 3008 4544 μάλιστα
3049 4473 3118 4528 τὰ
3154 4475 3410 4544 ἐντάφια.
3449 4475 3522 4528 Τὸ
3573 4475 3634 4530 δὲ

337 4537 574 4594 maxime
604 4557 726 4611 quae
757 4545 808 4598 in
851 4547 1104 4617 sepulcro
1131 4561 1313 4609 erant.
1344 4552 1419 4609 Ea
1455 4571 1585 4610 vero
1617 4558 1924 4629 relinquere

337 4633 445 4680 tam
477 4627 733 4687 decenter
769 4639 1100 4708 composita,
1129 4649 1186 4696 et
1214 4655 1244 4696 a
1272 4643 1489 4699 caeteris
1537 4644 1721 4700 linteis
1761 4627 1925 4703 suda-

335 4718 478 4772 rium
525 4725 854 4796 seiungere,
909 4729 1075 4801 idque
1125 4731 1434 4797 involutum
1493 4745 1646 4793 certo
1693 4738 1747 4792 in
1805 4739 1925 4796 loco

333 4823 619 4884 seponere,
654 4819 780 4887 quis
826 4820 1129 4879 arbitretur
1173 4841 1361 4882 eorum
1415 4826 1584 4885 fuisse
1623 4832 1924 4900 negotium,

2033 4558 2179 4614 οὕτω
2210 4563 2354 4617 κατά
2385 4562 2594 4636 κόσμον
2639 4566 2807 4621 ἐᾶσαι
2840 4565 2980 4620 αὐτὰ
3002 4608 3016 4634 ,
3057 4567 3257 4621 διελεῖν
3284 4586 3344 4621 τε
3373 4569 3482 4622 ἀπὸ
3521 4561 3635 4622 τῶν

2037 4653 2250 4707 λοιπῶν
2295 4654 2358 4708 τὸ
2413 4657 2721 4730 σουδάριον,
2779 4660 2876 4714 καὶ
2933 4661 3386 4731 ἐντετυλιγμένον
3439 4665 3493 4716 ἐν
3545 4661 3632 4716 ἐνὶ

2012 4743 2216 4800 θεῖναι
2250 4746 2436 4820 τόπῳ,
2483 4749 2570 4814 τίς
2618 4749 2685 4804 ἂν
2734 4753 3081 4823 νεκροσύλων
3126 4753 3291 4826 ἔργον
3321 4756 3627 4825 ήγήσαιτο;

2041 4837 2108 4892 Ἀ
2141 4837 2207 4906 δὴ
2241 4840 2421 4895 πάντα
2442 4842 2494 4896 οἱ
2521 4842 2768 4914 μαθηταὶ
2802 4845 3158 4918 λογισάμενοι
3196 4847 3552 4902 ἐπίστευσαν.

332 4911 428 4978 qui
464 4924 675 4969 llltll‘llla
709 4931 938 4988 corpora
976 4937 1172 4993 rapere
1195 4927 1600 4982 consuessent?
1629 4927 1762 4996 Qua:
1793 4944 1927 4986 sane
1965 4935 2148 4990 omnia
2185 4947 2506 5007 reputantes
2543 4940 2796 5012 discipuli
2837 4944 3210 5001 crediderunt.

405 5051 453 5084 ⁸ο
489 5051 659 5112 Marc.
697 5075 780 5125 ut,
816 5059 902 5115 l7.
981 5062 1025 5095 ⁸⁸
1058 5062 1219 5120 Joan.
1253 5082 1347 5136 xx,
1372 5067 1428 5123 5.
1504 5067 1550 5102 ⁸⁸
1576 5068 1736 5127 Joan.
1765 5089 1878 5140 xxi,
1909 5073 1962 5139 7,
1987 5073 2041 5130 8.

1574 5187 1903 5252 Francisci
1948 5191 2157 5254 Scorsi
2191 5201 2378 5256 notas.

408 5276 520 5346 (36)
565 5277 858 5350 Nunquam
901 5294 1171 5340 avertatur
1221 5302 1255 5340 a
1311 5298 1474 5342 recto.
1529 5287 1633 5343 Per
1672 5291 1917 5346 ausesim

331 5350 636 5428 oratoriam
660 5351 866 5428 dictum
905 5355 1167 5426 intellige,
1212 5358 1496 5425 nimirum,
1530 5368 1591 5413 ut
1618 5361 1917 5428 plurimum

331 5421 710 5495 usuvenitLut
742 5425 833 5492 qui
869 5421 1321 5495 contemplationi
1370 5421 1640 5484 intentum
1672 5433 1918 5486 animum

331 5490 797 5571 puritadiﬂirilius
835 5490 1254 5571 multo‘labatur
1289 5500 1342 5571 in
1392 5511 1706 5571 peccatum,
1754 5518 1920 5571 quam

331 5561 420 5627 qui
459 5562 754 5638 distractus
781 5566 958 5622 solum
1014 5567 1067 5621 in
1127 5569 1339 5636 agendo
1374 5561 1406 5624 τ’
1437 5569 1556 5638 ejus
1580 5561 1726 5627 enim
1773 5561 1924 5628 'sunt

332 5631 690 5704 procliviora
717 5636 919 5704 lapsus.

404 5701 519 5768 (37)
567 5701 793 5758 Erirlens
846 5720 958 5762 erat
994 5712 1396 5765 resurrectionis
1448 5713 1729 5768 indicium.
1775 5714 1915 5770 Tuta

333 5769 449 5820 lucc
478 5773 826 5856 ratiocinatio
853 5779 1138 5856 desumpta
1168 5790 1252 5835 est
1279 5797 1308 5835 e
1353 5781 1616 5856 Gregorio
1651 5769 1916 5856 Nyssvﬂbs

333 5851 366 5890 ο
403 5848 480 5890 at.
527 5839 582 5904 2,
621 5840 693 5895 De
752 5845 961 5906 Rcsnrr.
1029 5839 1331 5924 cadentque
1380 5839 1916 5926 Clt'r'ysoston'icst,

2029 5295 2192 5368 cujus
2224 5298 2344 5368 haec
2373 5298 2535 5352 verha
2565 5299 2633 5355 de
2664 5301 2904 5357 inventis
2942 5303 3356 5361 linteaminibus
3386 5308 3617 5363 seorsim
3679 5323 3727 5368 \

2029 5367 2224 5441 positis
2263 5385 2276 5421 :
2313 5366 2535 5441 Signum
2581 5371 2679 5424 hoc
2723 5375 3131 5429 resurrectionis
3160 5387 3309 5441 erat;
3341 5395 3449 5433 non
3479 5383 3620 5434 enim

2029 5436 2076 5489 si
2109 5439 2503 5492 tt'anstttlissent
2539 5457 2730 5509 corpus
2756 5483 2769 5506 ,
2822 5445 3148 5509 nudassent,
3197 5436 3300 5502 nec
3345 5451 3394 5502 si
3441 5463 3617 5503 essent

2029 5509 2217 5575 furati,
2247 5510 2311 5560 de
2343 5509 2441 5563 hoc
2472 5511 2694 5576 fuissent
2727 5513 2978 5577 solliciti,
3031 5528 3086 5569 ut
3127 5521 3408 5572 sudarium
3438 5520 3617 5574 invol-

2028 5589 2227 5656 verent,
2265 5589 2314 5632 et
2343 5582 2846 5656 seorsimgpunerent
2880 5601 2900 5639 :
2948 5586 3066 5640 ideo
3096 5587 3332 5644 Joannes
3358 5591 3618 5656 prwmisit

2027 5651 2290 5724 sepultum
2332 5667 2450 5702 cum
2483 5653 2724 5724 myrrha,
2765 5671 2883 5723 qua!
2909 5659 3242 5724 conglutina!
3272 5651 3480 5723 corpori
3507 5661 3617 5715 lin-

2027 5720 2374 5792 teamina,iut
2409 5737 2471 5774 ne
2500 5720 2811 5788 decipercris
2847 5744 2879 5778 a
2910 5720 3204 5780 dicentibus
3242 5720 3385 5792 furto
3424 5732 3615 5784 subla-

2025 5797 2134 5912 ;ugt
2175 5791 2337 5896 :quis)
2381 5792 2518 5844 enim
2567 5793 2655 5862 fur
2709 5797 2851 5851 circa
2882 5815 2986 5853 rem
3041 5791 3368 5868 superﬂuam
3404 5811 3614 5858 tantum

2045 5876 2077 5912 a
2117 5872 2325 5912 oraret.

2045 5872 2325 5916 ηοω-ατειέ
