2021 3196
169 175 225 206 6ῖ3

835 166 1001 197 HOMILIA
1031 166 1164 198 XXXIV.

1758 168 1814 200 ΘΗ

170 228 403 269 ἑμφιλοχωροῦσα
409 227 448 264 τῷ
458 228 592 264 μνήματι,
602 225 649 254 καὶ
658 224 828 269 περιενόστει
836 224 969 257 ἀλύουσα,

1028 224 1095 250 circa
1111 223 1177 250 illud
1203 222 1320 252 libenter
1346 223 1491 252 immorata
1516 224 1699 259 pet-lustrabat
1721 228 1812 253 otnnia

170 267 222 305 καὶ
233 276 345 307 λιϐάδας
359 274 488 309 δακρύων
501 273 681 306 ιι-ιστάζουσα,
695 267 731 307 ῗιῇ
743 270 866 306 ἐπιμόνῳ
879 279 967 305 προσ.

172 322 253 358 εδρίᾳ
274 320 444 356 ὑψηλότερά-ν
465 329 492 345 τι
516 318 708 354 κνραδεκοῦσα
738 317 846 352 μαθεῖν.
874 316 918 347 Ὠς
939 316 967 342 δὲ

171 367 412 404 παραθαρρύνασα
438 365 550 401 ἑαυτὴν,
579 365 645 391 εἵσω
661 364 707 391 τοῦ
727 364 851 398 θεοδὸχου
879 363 969 397 παρέ-

171 415 243 450 κυψε
264 416 417 450 μνήματος,
435 412 570 448 ἀγγελικὴ
585 412 703 438 ὀπτασία
716 410 861 436 ἐπιπίπτει
875 409 967 440 εὐθύς.

171 461 227 488 Δύο
242 460 297 497 γὰρ
312 461 382 495 αὐτῇ
400 458 642 494 λευχειμονοῦντες
658 457 798 492 ἐφάνησαν
811 455 922 489 ἄγγελοι
939 455 968 480 ὲν

171 507 250 543 αὐτῷ
265 507 305 542 τῷ
324 506 401 542 τόπῳ
419 507 483 532 ἔνθα
498 505 529 532 τὸ
544 505 616 531 θεῖον
638 505 728 530 ἔκειτο
744 503 824 537 σῶμα
847 501 893 528 τοῦ
915 500 969 535 ’1η-

172 552 238 579 σοῦ.
267 552 322 578 Καὶ
343 550 438 586 ἐπειδὴ
465 550 493 576 τὺ
516 550 660 584 σουδάριον
677 549 731 575 τῶν
748 547 850 574 λοιπῶν
864 546 969 582 ἐκεχὼι

173 607 264 635 puto,
280 598 378 634 ἅτερος
395 599 444 632 μὲν
458 598 619 632 ἐμφανίζων
633 597 701 632 πρὶς
717 596 767 631 τὴν
785 594 909 629 κεφαλὴν
922 594 969 620 καὶ

169 645 266 680 τηρῶν
281 646 311 671 τὸ
327 645 479 680 σουδάριον,
492 644 589 678 ἅτερος
603 644 631 670 δὲ
645 644 712 678 πρὸς
726 644 783 673 τοῖς
798 642 872 674 ποσὶ,
885 650 970 676 φρου-

173 691 232 725 ρῶν
246 691 281 717 τὰ
301 690 405 716 ὀθάνια.
424 690 510 716 Τοῦτο
530 689 558 715 δὲ
581 687 613 724 ἦν
630 689 683 723 ἄρα
705 687 840 722 σύμϐολον
855 687 910 712 τῶν
924 685 971 711 ἐπὶ

172 737 295 772 Χριστοῦ
318 736 366 762 δύο
390 735 516 770 φύσεων·
539 734 656 766 εἰκόνιζε
681 734 733 768 γὰρ
754 734 769 767 ἡ
798 733 847 767 μὲν
865 731 970 765 κεφαλὴ

172 782 224 817 τὴν
251 782 381 817 θεότητα,
408 782 433 808 ol
458 781 486 808 δὲ
525 781 605 812 πόδες
628 781 658 806 τὸ
684 780 864 814 πρόσλημμα.
884 778 971 804 Ἐπεὶ

172 827 240 862 γοῦν
253 828 439 855 κατατεθεῑσα
452 828 469 862 ἡ
483 827 529 853 τοῦ
544 827 632 861 Λόγου
651 826 719 861 σὰρξ
742 827 771 852 ἐν
790 826 827 860 τῷ
848 825 970 860 μνήματι

171 874 229 900 τῶν
244 874 295 908 τῆς
320 874 449 908 θεότητος
467 873 636 908 αὐχημάτων
653 873 778 908 ὑπῆρχεν
803 871 969 907 ἀχώριστος,

1021 277 1140 297 manens
1154 276 1180 297 ct
1197 269 1326 306 lacrymis
1351 278 1484 302 manans,
1504 271 1696 306 constantique
1720 280 1815 307 perseo

1026 317 1149 343 verantia
1166 317 1230 342 dum
1246 317 1389 344 sublimius
1406 317 1508 351 aliquid
1526 323 1714 353 cognosceret,
1732 326 1814 353 oppe-

1019 363 1150 390 riebatur.
1171 362 1220 389 Ubi
1238 370 1302 389 vero
1320 363 1370 389 sibi
1392 363 1442 397 ipsi
1462 363 1568 390 animos
1591 364 1694 391 addens
1711 364 1737 390 in
1755 372 1814 391 mo~

1020 413 1178 434 numentum
1193 408 1258 435 illud
1271 408 1424 436 divinitatis
1435 410 1583 443 hospitium
1597 410 1770 443 introspexit,
1787 411 1813 437 in

1020 454 1178 488 angelotum
1197 459 1370 487 conspectum
1387 454 1477 481 subito
1493 455 1599 481 incidit.
1619 456 1674 481 Duo
1688 456 1760 482 enitn
1776 455 1815 482 illi

1024 498 1162 525 candidati
1180 498 1229 525 visi
1245 504 1307 524 sunt
1323 498 1410 532 angeli
1427 500 1520 526 eodem
1541 500 1565 526 itt
1588 499 1662 532 loco,
1680 500 1724 526 ubi
1743 501 1817 534 posi-

1022 550 1077 571 tutn
1100 544 1188 571 fuerat
1206 552 1305 578 corpus
1321 544 1396 571 Jesn.
1424 544 1457 571 Et
1480 545 1607 578 quoniam
1636 545 1774 572 sudarium
1801 554 1816 571 a

1021 591 1130 619 Cteleris
1153 591 1359 617 linteaminibus
1375 590 1527 624 sejunctum
1544 596 1613 622 erat,
1629 591 1695 617 alter
1707 592 1816 625 quidem

1022 639 1055 663 ad
1081 640 1163 671 caput
1193 636 1267 662 visus
1287 635 1430 662 sudarium
1447 643 1560 662 servans
1573 655 1580 667 ,
1602 635 1671 662 alter
1686 636 1718 661 ad
1736 636 1817 670 pedes

1023 685 1179 712 custodiens
1195 684 1362 710 linteamina.
1384 682 1440 711 lloc
1452 691 1517 711 vero
1534 684 1649 711 fortasse
1662 684 1775 711 domum
1790 685 1817 711 in

1022 730 1131 758 Christo
1148 735 1308 756 naturartnu
1324 730 1475 765 symbolum
1493 735 1548 757 erat
1562 738 1568 762 ;
1587 738 1648 756 nam
1665 735 1745 764 caput
1759 731 1820 764 qui-

1023 777 1083 803 dem
1105 776 1289 807 divinitatem,
1308 777 1389 809 pedes
1411 783 1476 802 vero
1500 780 1666 810 assutrplam
1682 776 1820 810 signiﬁca-

1024 824 1087 849 bant
1102 830 1224 849 carnem.
1242 822 1375 855 Quoniam
1394 822 1475 857 igitur
1498 822 1523 848 in
1546 827 1724 850 munumento
1738 823 1821 857 dcpo~

1024 869 1170 896 sitaVcrbi
1195 877 1259 896 caro
1285 877 1299 894 a
1326 868 1408 903 gloria
1438 868 1589 895 divinitatis
1614 869 1736 902 seiuncta
1766 876 1819 895 non

173 919 222 946 Iro-3
240 921 379 947 Δεσπότου
395 920 440 946 τὸν
458 921 541 947 τόπον
553 918 596 947 οἷα
609 919 733 946 παστάδα
754 918 971 953 περιεφρούρουν

1028 915 1182 946 :Xsistebat,
1200 914 1232 940 ad
1248 914 1352 941 Domini
1374 914 1475 945 locum,
1500 914 1583 940 veluti
1606 914 1640 940 ad
1670 914 1819 940 thalamum

172 966 199 991 οὶ
223 963 348 998 ἄγγελοι,
375 964 532 994 δεικνύντες
556 965 590 998 τῇ
613 963 773 998 μυροερόρῳ,
795 962 836 988 ὅτι
851 961 888 996 μὴ
906 961 972 996 ψιλὴ

162 1001 246 1046 ’σὰρξ
275 1012 303 1037 ἐν
320 1010 358 1046 τῷ
382 1011 461 1046 τάφῳ
487 1009 633 1042 ἐτέθαπτο,
658 1008 811 1042 ὑποστῆναι
834 1006 972 1042 δυναμένη

175 1058 291 1093 κλοπήν.
307 1057 363 1084 Καί
378 1066 423 1092 μοι
439 1056 486 1083 τοῦ
505 1056 671 1091 πράγματος
687 1054 824 1088 ἁγάσθητι
839 1054 870 1080 ea
883 1053 975 1088 παρά-

174 1102 252 1135 δοξον
264 1111 272 1118 ’
293 1104 351 1134 πῶς
367 1104 463 1139 Πέτρῳ
481 1103 530 1138 μὲν
548 1103 595 1128 καὶ
615 1102 727 1136 Ἰωάννῃ
746 1101 807 1126 κατ’
826 1099 910 1135 αὐτὴν
925 1100 973 1134 τὴν

174 1147 253 1184 ὤραν
278 1149 462 1184 προεφιστᾶσι
489 1148 559 1183 μόνα
583 1146 731 1181 ὡράθησαν
754 1145 788 1171 τὰ
817 1145 919 1177 ὀθόνια,
938 1144 974 1175 ὡς

175 1194 276 1226 ἐδόκει,
292 1195 358 1230 παρ’
374 1193 480 1225 οὐδενὸς
495 1193 703 1228 φυλαττόμενα;
717 1192 749 1218 Οί
761 1191 815 1225 γὰρ
824 1191 892 1226 ἱεροὶ
904 1191 973 1221 νόες,

176 1241 268 1268 καίτοι
296 1241 443 1275 παρόντες,
481 1237 553 1275 ἦσαν
580 1239 718 1266 ἀθέατοι·
742 1239 774 1273 τῇ
806 1238 833 1264 δὲ
863 1238 975 1271 γυνα;κὶ

175 1288 275 1322 γέγονε
292 1288 327 1313 τὰ
339 1287 388 1322 τῆς
404 1287 538 1318 ὀπτασίας
557 1286 735 1320 ἀντίστροιρα.
756 1285 795 1311 Τὰ
814 1286 866 1319 γὰρ
880 1284 974 1310 ὀθόνια

175 1333 387 1369 ὑπεκρύὸησαν,
406 1334 431 1359 οι
447 1332 475 1359 δὲ
498 1332 608 1367 ἄγγελοι
631 1331 774 1367 ὤφθησαν.
792 1331 868 1357 Διατί
884 1340 890 1364 ;
915 1331 976 1356 Ὅτι

174 1379 235 1410 τοῖς
252 1378 303 1414 μὲν
316 1378 453 1414 μαθηταῖς
469 1378 594 1412 μείζονος
609 1375 669 1403 οὖσι
696 1377 875 1412 φρονήματος
894 1376 976 1411 ἱκανὴ

176 1426 248 1462 πρὸς
274 1426 464 1462 πληροφορίαν
486 1423 520 1460 ἦν
542 1424 597 1450 τῶν
623 1423 738 1450 ὀθονίων
758 1424 772 1458 ἡ
799 1423 861 1449 θέον
880 1423 928 1457 τῆς
949 1422 977 1448 δὲ

175 1472 311 1508 γυναικὸς
341 1472 389 1507 τὴν
422 1471 569 1498 ἀσθένειαν
603 1470 682 1505 μόλις
717 1469 749 1496 ἂν
780 1468 890 1495 ἔπεισεν
917 1467 979 1503 ὄψις

177 1518 327 1554 ἁγγελικὴ,
344 1517 393 1544 καὶ
405 1517 475 1552 αὑτὴ
486 1516 533 1543 τοῦ
552 1516 639 1552 Ἰησοῦ
657 1517 673 1550 ἡ
694 1515 841 1550 ἐμφάνεια.
859 1515 939 1545 Ἴσως
950 1514 979 1540 δὲ

176 1564 229 1592 καὶ
247 1565 273 1590 οί
298 1563 435 1599 μαθηταὶ,
457 1564 481 1589 εὶ
508 1562 557 1598 τὴν
584 1562 751 1597 προσεδρίαν
772 1563 822 1596 τῆς
847 1560 978 1594 γυναικὸς

175 1611 363 1646 ἐμιμήσαντο,
378 1609 426 1645 τῆς
437 1609 499 1643 ἴσης
516 1609 549 1635 ἂν
563 1608 763 1642 ἀποκαλύψεως
779 1607 887 1643 ἔτυχον.

1024 963 1196 989 exeubabant
1220 961 1325 995 angeli;
1345 966 1373 987 ut
1392 961 1520 987 nimirum
1544 960 1650 987 mulieri
1675 961 1821 996 unguenti-

1026 1008 1089 1035 ἴοι-ω
1105 1007 1268 1037 iudicarint.
1294 1015 1347 1033 non
1369 1006 1467 1034 nudam
1491 1014 1601 1034 carnem
1627 1007 1652 1033 in
1669 1015 1701 1034 eo
1718 1008 1821 1034 tumulo

1026 1054 1110 1081 luisse
1128 1054 1273 1088 sepultam,
1301 1053 1337 1080 ita
1354 1057 1383 1079 ut
1398 1053 1530 1087 rapientis
1546 1053 1680 1080 violenti-.e
1695 1053 1822 1088 subjace—

1027 1104 1077 1127 ret.
1092 1100 1125 1126 Et
1139 1108 1204 1127 vero
1221 1099 1285 1126 illud
1308 1099 1334 1126 in
1353 1099 1404 1126 hoc
1427 1099 1498 1126 facto
1515 1099 1704 1125 admirandum
1732 1099 1823 1126 cousi-

1026 1147 1089 1172 dera
1108 1154 1114 1171 :
1130 1145 1174 1179 qui
1191 1146 1263 1172 enim
1277 1144 1359 1172 Petro
1385 1152 1417 1172 ac
1448 1143 1548 1171 Joauni
1563 1164 1570 1176 ,
1588 1147 1632 1179 qui
1651 1145 1745 1172 eadem
1765 1145 1822 1179 ipsa

1028 1193 1092 1219 hora
1110 1194 1143 1218 ad
1159 1192 1313 1226 sepulcrum
1329 1190 1484 1223 adfuerant,
1502 1191 1561 1218 sola
1576 1191 1658 1218 lintea
1672 1192 1729 1218 visa
1747 1196 1822 1222 sunt,

1027 1246 1042 1265 a
1063 1237 1182 1269 neruiue,
1198 1243 1226 1264 ut
1243 1237 1396 1269 videbatur,
1409 1237 1571 1264 asservata?
1592 1237 1701 1265 Sancta:
1718 1238 1824 1265 scilicet

1029 1290 1133 1310 mentes
1148 1284 1273 1317 quamvis
1289 1288 1439 1317 praesentes
1456 1287 1544 1314 erant,
1561 1283 1648 1310 oculis
1668 1289 1758 1310 tamen
1770 1278 1823 1310 non

1028 1330 1228 1363 objiciehantur
1243 1338 1250 1356 :
1274 1335 1303 1356 at
1316 1337 1379 1356 vero
1392 1329 1497 1356 mulieri
1521 1329 1633 1356 visionis
1648 1329 1719 1356 ratio
1735 1329 1824 1356 otnnis

1029 1384 1070 1404 est
1084 1381 1263 1403 commutata.
1280 1375 1318 1402 llli
1335 1375 1407 1402 enim
1422 1375 1582 1402 linteamina
1598 1376 1707 1409 quidem
1724 1375 1824 1407 invisa,

1030 1423 1118 1457 angeli
1131 1430 1196 1449 vero
1212 1422 1261 1449 visi
1283 1422 1404 1449 fuerunt.
1424 1421 1494 1454 Quid
1512 1421 1580 1448 hoc?
1598 1420 1733 1447 Nimirum
1753 1421 1826 1455 quod

1031 1468 1171 1502 discipulis
1186 1472 1279 1502 utpote
1292 1466 1505 1501 sapientioribus
1519 1466 1587 1494 satis
1603 1466 1636 1493 ad
1650 1473 1752 1494 certam
1768 1465 1822 1501 ple-

1031 1521 1150 1548 namque
1167 1513 1380 1541 resurrectionis
1407 1513 1485 1540 iidem
1503 1512 1657 1541 faciendam
1682 1517 1741 1539 erat
1763 1519 1827 1546 spe-

1032 1565 1121 1588 ctasse
1137 1560 1310 1593 linteamina;
1328 1559 1482 1586 inlirmitati
1502 1567 1566 1587 vero
1579 1560 1701 1588 mulieris
1717 1558 1761 1587 vix
1775 1566 1828 1588 an-

993 1603 1014 1631 C
1032 1607 1153 1642 gelorum
1164 1606 1246 1639 visio,
1264 1607 1359 1641 etipsa
1376 1605 1440 1633 Jesu
1456 1606 1591 1641 apparitio
1611 1607 1644 1633 ad
1655 1608 1826 1634 suadendum

176 1658 258 1686 satis.
272 1656 354 1694 245
370 1656 500 1684 Fortasse
512 1663 575 1696 vero
588 1656 670 1683 etiam
683 1654 807 1690 discipuli
835 1655 857 1682 si
891 1653 1013 1682 mulieris
1032 1654 1263 1689 persevcrantiam
1280 1653 1379 1680 imitati
1396 1652 1523 1686 fuissent,
1535 1652 1654 1686 ejusdem
1666 1654 1749 1681 etiam
1764 1661 1827 1689 par-

176 1705 276 1738 ticipes
293 1704 407 1731 visionis
420 1703 546 1730 fuissent.

218 1751 252 1777 Ἦ
267 1750 318 1785 μὲν
332 1749 379 1777 οὖν
395 1749 501 1786 Μαρία,
514 1749 686 1783 ἐκπλαγεῖσα
701 1750 734 1785 τῇ
755 1750 846 1784 μορφῇ
861 1748 916 1775 τῶν
929 1749 979 1783 ἀγ-

176 1797 266 1831 γέλων
290 1797 337 1823 καὶ
363 1794 429 1828 αὖος
454 1797 596 1830 γεγονυῖα,
628 1795 667 1830 τῷ
688 1794 834 1830 παραδόξῳ
861 1794 978 1829 θεάματι

177 1843 334 1878 ὑπότρομος
350 1843 455 1869 ἵστατο·
471 1843 495 1869 oi
511 1842 539 1869 δὲ
559 1842 682 1876 ἄγγελοι,
699 1841 808 1873 λύοντες
823 1840 909 1876 αὐτὴν
925 1840 977 1875 τῆς

177 1890 322 1924 ἀγωνίας,
348 1889 559 1925 φιὶιοπευστοῦσι
590 1889 670 1924 δῆθεν
700 1890 750 1924 τὴν
768 1889 823 1914 τῶν
850 1887 977 1923 δακρύων

178 1936 273 1963 αἰτίαν
293 1936 400 1971 μαθεῖν,
426 1935 470 1962 διὰ
494 1936 543 1970 τῆς
567 1935 719 1970 ἐμφανείας
745 1934 792 1960 καὶ
817 1933 867 1968 τῆς
883 1933 976 1968 φωνῆς

178 1982 335 2016 ἀπάγοντες
350 1981 436 2016 αὐτὴν
452 1980 500 2007 τοῦ
511 1980 619 2008 οἴεσθαι
636 1979 775 2014 κλαπῆναι
795 1979 840 2006 τὸν
856 1978 958 2013 Κύριον
969 1997 977 2005 .

181 2038 192 2055 ε
207 2027 305 2060 Γύναι,
325 2027 351 2054 τί
364 2028 489 2060 κλαίει;;
509 2036 518 2053 ι
538 2026 571 2053 Τί
585 2025 710 2062 νομίζεις
734 2025 840 2061 κλοπὴν
858 2025 979 2060 ὑποστῆ-

178 2082 226 2102 ναι
240 2076 287 2102 τὸν
303 2073 356 2100 ὑπὸ
365 2073 496 2100 τοιούτων
506 2072 636 2107 φυλάκων
654 2072 875 2108 φρουρούμενον;
893 2072 977 2107 Ὁρᾷς

179 2120 316 2155 ἀγγέλους
344 2119 539 2155 δφεξομένους,
564 2119 612 2145 ’ἐνα
643 2119 712 2154 πρὸς
733 2120 768 2153 τῇ
792 2118 910 2153 κεφαλῇ,
932 2117 980 2144 καὶ

179 2166 230 2194 ἕνα
243 2166 313 2202 πρὸς
325 2167 381 2199 τοῖς
397 2166 473 2198 ποσὶ,
491 2165 540 2192 καὶ
560 2165 711 2200 συληθῆναι
724 2164 845 2199 νομίζεις
859 2164 904 2191 τὸν
925 2164 978 2198 θη-

181 2210 302 2248 σαυρόνς
320 2212 378 2239 Καὶ
401 2212 444 2244 τίς
464 2207 542 2243 οὗτος
558 2211 726 2247 νεκροσύλης
742 2210 864 2246 ἀναιδὴς,
882 2210 980 2245 ἢτυμ-

181 2256 308 2293 δωρὺχΟς
337 2255 459 2292 θρασὺς,
483 2256 521 2288 ὡς
547 2255 663 2291 βασιλέα
694 2255 793 2290 κλέψαι
823 2255 978 2290 παρατάξει

1066 1748 1149 1775 Maria
1162 1748 1245 1783 igitur
1261 1747 1420 1782 angelorqu
1438 1748 1529 1783 specie
1544 1748 1706 1783 stupefacta,
1724 1754 1750 1776 et
1767 1749 1826 1776 ino-

1029 1793 1121 1828 pinato
1140 1793 1185 1820 illo
1201 1793 1369 1827 spectaculo,
1397 1793 1511 1821 horrore
1539 1801 1571 1821 ac
1588 1796 1716 1828 {tremore
1744 1802 1827 1821 occu-

1029 1845 1091 1874 pata
1111 1839 1211 1867 stabat.
1224 1840 1259 1866 At
1272 1846 1336 1866 vero
1348 1839 1447 1874 angeli,
1462 1844 1492 1866 ut
1506 1847 1566 1867 eam
1583 1840 1617 1867 ab
1631 1840 1675 1867 illa
1688 1841 1826 1868 anxietate

1029 1885 1188 1917 liberarent,
1206 1885 1383 1913 sciscitantur
1411 1885 1492 1912 veluti
1520 1886 1611 1920 cupidi
1639 1887 1826 1922 cognoscendi

1029 1931 1062 1958 de
1073 1938 1154 1958 causa
1167 1931 1350 1966 lacrymarum
1364 1940 1371 1957 :
1386 1935 1414 1957 ut
1426 1936 1538 1966 aspectu
1550 1931 1631 1959 simul
1655 1939 1686 1959 ac
1699 1940 1826 1960 sermone

1029 1978 1064 2005 ab
1079 1986 1110 2005 ea
1127 1978 1199 2005 illam
1217 1977 1344 2012 opinione
1360 1978 1535 2011 deducerent,
1563 1979 1633 2013 quod
1657 1979 1731 2006 illinc
1754 1985 1828 2007 esset

1030 2025 1102 2051 furto
1118 2023 1242 2052 sublatus
1267 2024 1411 2050 Dominus.
1438 2034 1447 2049 ι
1466 2023 1574 2058 Mulier,
1600 2025 1663 2059 quid
1689 2025 1824 2059 ploras?»

1031 2069 1100 2102 Quid
1132 2069 1203 2096 reris
1228 2069 1375 2096 obnoxium
1403 2068 1476 2096 furto
1504 2069 1589 2097 fuisse
1611 2077 1693 2102 eum,
1721 2070 1766 2105 qui
1792 2070 1827 2097 ab

1034 2115 1190 2150 hujusmodi
1207 2115 1414 2142 excubitoribus
1430 2115 1603 2142 custoditur?
1625 2116 1702 2143 vides
1716 2117 1827 2150 angelos

1035 2170 1118 2189 unum
1139 2162 1170 2189 ad
1188 2166 1280 2196 caput,
1299 2162 1331 2188 ad
1351 2162 1433 2196 pedes
1446 2162 1563 2189 alterum
1587 2162 1771 2194 eonsidentes,
1798 2166 1827 2190 ct

1034 2208 1171 2236 sublatum
1187 2208 1344 2234 thesaurum
1361 2207 1525 2234 existimas?
1539 2207 1606 2240 Quis
1619 2215 1683 2234 vero
1703 2212 1757 2234 tam
1773 2207 1827 2234 im-

1034 2255 1139 2289 pudens
1157 2261 1324 2280 mortuorum
1339 2258 1442 2288 raptor,
1459 2258 1485 2281 et
1512 2254 1677 2281 tumulorum
1701 2253 1825 2285 elIossor,

181 2304 319 2339 ἁγγελικῇ
333 2303 555 2338 φυλαττόμενονς
583 2302 653 2329 Ἀλλ’
666 2299 701 2337 ἦν
716 2302 796 2338 ἄραὴ
811 2302 975 2337 Μαγδαληνὴ

1034 2304 1064 2326 ut
1092 2306 1183 2334 regem
1211 2303 1318 2333 raperet
1347 2299 1505 2332 angelorum
1528 2298 1587 2325 acie
1606 2299 1828 2326 communitum?

181 2350 311 2377 τοσοῦτον
325 2349 440 2385 ἠλίθιος,
455 2350 494 2382 ὼς
507 2349 594 2385 μηδέν
607 2357 634 2376 τι
649 2349 703 2375 τῶν
723 2349 809 2375 ὄντων
828 2349 860 2375 ὲκ
882 2347 978 2375 τούτου

182 2396 459 2431 καταστοχάσασθαι·
490 2395 531 2422 ἔτι
554 2396 610 2430 γὰρ
633 2396 684 2430 τῆς
710 2394 798 2430 αὐτῆς
817 2393 981 2430 ὑπολήψεως

182 2443 284 2477 εἴχετο,
299 2441 347 2468 καί
361 2450 428 2478 φησι
445 2449 453 2457 ·
477 2450 486 2467 ι
506 2439 600 2477 Ἦραν
616 2441 661 2467 τὸν
677 2441 780 2476 Κύριον
800 2449 862 2475 μου,
876 2441 922 2467 καὶ
930 2441 982 2467 οὐκ

182 2485 243 2513 οἶδα
259 2487 312 2514 ποῦ
325 2487 429 2524 ἔθηκαν
449 2487 542 2515 αὐτόν.
562 2496 572 2513 ι
599 2487 632 2515 Ὃ
649 2487 783 2522 πρότερον
799 2484 861 2513 εἶπε
884 2486 982 2522 Πέτρῳ

184 2533 234 2560 καὶ
259 2533 380 2570 Ἰωάννῃ,
397 2534 477 2562 τοῦτο
491 2535 539 2561 καὶ
558 2535 615 2566 τοῖς
638 2534 766 2568 ἀγγέλοις
791 2533 877 2560 λαλεῖ.
896 2533 979 2566 Ἀλλ’,

183 2579 208 2606 ὦ
220 2579 270 2615 τῆς
282 2570 369 2615 καλῆς
385 2580 552 2615 καρτερίαςςι
568 2579 591 2606 ὣ
610 2580 659 2614 τῆς
671 2579 819 2614 ὲπαινετῆς
828 2579 981 2614 [πολυπρα-

182 2625 340 2662 γμοσύνηςί
362 2626 394 2653 οὐ
421 2627 553 2662 παρεῖδεν
579 2625 666 2662 αὐτὴν
688 2626 702 2652 ὁ
723 2625 894 2660 ποθούμενος
908 2633 915 2640 ·
931 2626 981 2651 οὐκ

1029 2346 1082 2373 Sed
1094 2351 1153 2373 erat
1171 2346 1264 2380 utique
1278 2351 1330 2372 tam
1344 2344 1427 2372 hebes
1449 2340 1616 2380 Nlagdalenu,
1634 2349 1661 2371 ut
1686 2345 1752 2372 nihil
1768 2345 1827 2378 ejus

1031 2392 1102 2426 quod
1116 2399 1159 2418 res
1174 2396 1243 2423 erat,
1257 2398 1303 2426 ex_
1319 2391 1368 2418 hoc
1392 2395 1503 2424 caperet
1528 2389 1692 2424 argumenti.
1721 2389 1748 2416 In
1776 2397 1825 2417 sua

1031 2437 1103 2465 enim
1115 2437 1244 2473 opinione
1256 2437 1403 2464 etiamnum
1418 2436 1593 2471 persistebat,
1609 2442 1636 2463 et
1657 2446 1665 2462 ι
1683 2436 1824 2469 Tulerunt,

1033 2483 1134 2517 inquit,
1162 2482 1306 2510 Dominum
1331 2490 1431 2513 meum.
1456 2486 1483 2510 et
1499 2481 1592 2509 nescio
1615 2482 1659 2510 ubi
1678 2488 1827 2517 posuerunt

1033 2537 1107 2557 eum.
1138 2539 1148 2555 ι
1179 2529 1254 2563 Quod
1279 2534 1357 2557 antea
1382 2529 1464 2556 Petro
1488 2536 1520 2556 ac
1533 2528 1643 2562 Joanni,
1661 2529 1732 2556 idem
1755 2537 1828 2557 nunc

1035 2579 1137 2614 angelis
1151 2578 1228 2607 dicit.
1245 2578 1359 2611 Verum,
1383 2585 1400 2605 ο
1423 2577 1582 2612 praeclaram
1597 2579 1789 2612 constantiam,
1810 2586 1828 2606 ο

1036 2624 1199 2652 laudabilem
1217 2623 1420 2652 curiositatem!
1440 2631 1493 2651 non
1514 2631 1574 2651 eam
1598 2624 1715 2660 neglexit
1738 2626 1760 2652 is
1780 2626 1826 2659 qui

803 2693 967 2725 Francisci
986 2694 1092 2725 Scorsi
1110 2697 1203 2724 noue.

184 2766 244 2795 lam
258 2773 323 2794 vero
338 2765 360 2793 si
377 2764 441 2800 quid
457 2772 490 2792 ex
506 2762 628 2799 profanis
646 2763 767 2800 fontibus
782 2762 815 2789 ad
833 2763 903 2800 hanc
921 2771 976 2790 rem

183 2798 424 2832 Itauri‘enduunret
441 2800 492 2834 ipsi
508 2798 634 2826 dicebant
656 2799 759 2825 amicos
783 2806 847 2825 suos
864 2798 935 2825 ferre
952 2800 977 2834 in

183 2837 282 2868 oeulis,
307 2837 334 2870 in
355 2843 384 2870 se
409 2833 578 2870 sic’locutns
602 2834 635 2866 Ω.
660 2834 756 2870 Cicero
779 2834 805 2870 in
835 2834 918 2870 epist.
945 2833 980 2860 ad

184 2867 315 2898 T-ronem
328 2880 336 2898 :
351 2869 396 2903 1'3,
415 2875 443 2896 ιιι
459 2869 526 2902 diri,
544 2869 599 2903 fero
616 2869 644 2895 in
660 2869 753 2895 oculis.
778 2867 813 2894 M.
832 2869 928 2903 Cicero
945 2870 978 2895 ad

185 2908 275 2942 ipsum
285 2902 445 2942 Quinctum,
455 2903 567 2932 Balbum
578 2905 603 2931 in
615 2905 698 2932 oculis
710 2905 777 2939 fero,
790 2909 817 2932 et
827 2902 903 2939 Ten,
914 2909 980 2936 τις..

1031 2762 1156 2791 Eunuch.
1177 2763 1232 2791 Rea:
1246 2769 1270 2790 te
1282 2772 1343 2798 ergo
1359 2763 1385 2790 in
1403 2764 1488 2791 oculis
1499 2765 1512 2792 .9
1525 2762 1601 2790 Orat.
1613 2770 1661 2798 pro
1678 2761 1774 2789 Planc.
1791 2760 1826 2798 dc

1032 2799 1065 2825 iis
1087 2799 1135 2834 qui
1151 2800 1236 2825 amari
1254 2797 1359 2831 volunt,
1379 2800 1448 2826 dixit
1471 2798 1506 2825 M.
1527 2797 1632 2825 Tullius
1649 2798 1731 2834 idem,
1749 2797 1827 2834 habi-

1032 2832 1136 2895 turle'in
1152 2835 1236 2862 oculis
1263 2842 1364 2868 eorum,
1385 2843 1451 2869 quas
1471 2835 1499 2862 in
1520 2841 1636 2861 amarem
1659 2833 1699 2860 sui
1721 2832 1826 2859 trahere

1033 2877 1063 2896 ca
1078 2874 1134 2896 unt.

1841 162 1858 171 ς
