4042 6404
395 337 526 421 'o'zs

1631 345 2130 407 THEOPHANIS
2171 346 2516 406 CERAMEI

3592 339 3698 404 676

420 479 542 524 erat
579 485 633 523 ιιι
691 467 1002 532 desiderio;
1056 477 1155 518 nec
1201 460 1453 532 permisit
1497 460 1552 515 in
1608 461 2004 516 incredulitatis

2116 462 2298 532 ἀφῆκε
2329 464 2395 532 τῇ
2426 459 2658 530 ἀπιστίᾳ
2706 457 3028 530 βυθίζεσθαι
3069 458 3098 511 ὀ
3140 457 3475 530 ζητούμενος
3505 475 3519 489 ·
3565 461 3699 514 ἀ)λά

423 566 531 617 ἰιιιο
563 562 800 630 demergi
837 562 883 614 is
912 558 1000 627 qui
1033 564 1151 611 erat
1187 554 1238 607 in
1273 554 1594 624 quaeStione,
1617 554 1709 608 sed
1736 552 2002 607 fervidum

422 654 750 712 desiderium
782 652 968 705 videns
989 649 1129 703 ultro
1152 647 1228 701 illi
1254 648 1434 702 adest.
1490 665 1507 698 ι
1537 645 1812 701 Conversa
1861 646 2005 700 enim

422 758 592 811 retro,
643 745 787 798 videt
831 741 1017 796 Jesutn
1069 748 1339 795 stantem:
1373 748 1428 794 et
1480 753 1587 793 non
1624 739 1831 794 sciebat
1879 738 2006 807 quia

420 840 579 894 .lesus
631 844 734 890 est.
774 853 793 886 ι
850 833 991 900 Quid
1048 849 1177 889 vero
1215 833 1360 888 illam
1419 831 1663 897 adduxit,
1711 840 1770 886 ut
1815 833 2007 885 initum

419 942 544 984 cum
593 925 797 995 angelis
831 923 1160 993 colloquium
1199 923 1570 986 intercideret,
1599 930 1655 977 et
1705 930 2007 976 retrorsum

419 1034 541 1076 sese
596 1016 981 1071 converteret?
1028 1014 1107 1069 Ex
1159 1015 1278 1086 ipso
1311 1021 1532 1084 aspectu
1574 1012 1871 1081 habituque
1901 1026 1998 1064 an-

415 1111 662 1183 gelorum
697 1110 989 1180 quemdam
1045 1106 1149 1162 sibi
1213 1106 1378 1160 dorso
1407 1105 1778 1159 imminentem
1814 1101 2006 1158 sensit.

414 1204 725 1260 Accedente
746 1202 892 1258 enim
915 1201 1142 1256 Domino
1161 1198 1336 1270 angeli
1359 1199 1539 1254 statim
1567 1204 2005 1261 assurrexerunt,

417 1296 727 1351 indicantes
789 1304 1045 1364 aspectus
1101 1293 1436 1358 mutatione,
1495 1289 1620 1360 quis
1677 1290 2004 1343 advenisset.

418 1388 540 1456 Quo
567 1402 700 1444 sane
727 1387 845 1442 viso
879 1383 1045 1440 Maria
1077 1393 1132 1440 et
1159 1383 1276 1454 ipsa
1304 1386 1578 1439 convertit
1609 1381 1877 1445 obtutum,
1909 1392 2008 1433 nec

421 1497 556 1538 vero
607 1480 849 1550 agnovit,
882 1479 1006 1549 quis
1053 1485 1218 1542 esset,
1274 1476 1367 1546 qui
1421 1490 1540 1529 eam
1599 1473 2005 1540 interrogabat:

425 1591 444 1624 ι
483 1571 701 1637 Mulier,
733 1569 864 1642 quid
901 1569 1118 1641 ploras?
1156 1582 1318 1638 quem
1365 1567 1608 1636 quaeris?
1642 1585 1661 1618 ι
1700 1567 1793 1620 Vel
1838 1565 2009 1619 nimio

417 1664 526 1720 diei
575 1663 882 1734 splendore,
926 1661 1010 1717 vel
1039 1661 1331 1715 ﬂuentibus
1359 1658 1566 1712 aﬂ'atim
1618 1658 1872 1729 laerymis
1913 1655 2009 1711 ob-

421 1767 541 1811 tusa
576 1755 855 1810 oculorum
887 1755 1036 1818 acie;
1090 1767 1186 1807 seu
1219 1751 1402 1822 potius
1437 1751 1635 1805 factum
1685 1751 1738 1804 id
1791 1759 1876 1804 est
1927 1749 2008 1803 di-

2109 554 2200 604 τὸν
2263 552 2455 616 ζέοντα
2517 550 2683 604 πόθον
2761 550 2924 614 ἰδὼν,
2987 549 3316 620 αὐτομάτως
3387 550 3696 618 ἐφίσταται.

2115 662 2134 694 ι
2172 644 2484 713 Στραφεῖσα
2517 643 2627 713 γὰρ
2651 641 2852 706 ὀπίσω,
2881 641 3068 712 βλέπει
3095 641 3189 694 τὸν
3220 641 3432 712 Ἰησοῦν
3462 641 3698 707 ἑστῶτα,

2110 738 2205 789 καὶ
2238 737 2336 788 οὐκ
2365 735 2480 806 ᾔδει
2506 736 2589 788 ὅτι
2633 735 2842 806 Ἰησοῦς
2870 738 3009 789 ἐστι.
3040 753 3059 786 ι
3095 735 3163 787 Τί
3201 735 3258 789 δέ
3279 736 3342 788 τὸ
3378 737 3573 789 πεῖσαν
3602 737 3706 790 αύ-

2109 828 2210 898 τὴν
2260 827 2590 896 καταλεῖψαι
2643 828 2744 900 τὴν
2795 827 2914 898 μετ’
2973 827 3228 896 ἀγγέλων
3272 827 3548 895 διάλεξιν,
3603 832 3703 883 καὶ

2112 920 2460 993 ὑποστρέψαι
2506 925 2587 984 είς
2624 922 2692 976 τά
2737 922 2944 986 ὀπίσω;
2994 923 3092 975 Ἐκ
3153 924 3255 992 τῆς
3297 920 3406 974 τῶν
3444 921 3702 990 ἀγγέλων

2110 1007 2288 1077 ὅψεως
2327 1009 2549 1064 καὶτοῦ
2591 1012 2870 1081 σχήματος
2907 1011 3106 1082 ᾔσθετό
3147 1029 3294 1073 τινος
3339 1013 3702 1064 ἐπισκιάσανυ

2110 1118 2200 1165 τος
2240 1102 2379 1174 αὐτῇ
2415 1103 2478 1156 τὸ
2521 1103 2888 1173 μετάφρενον.
2925 1103 3282 1167 Ἐπιστάντος
3322 1103 3432 1174 γὰρ
3459 1102 3555 1156 τοῦ
3589 1105 3706 1157 Κυ-

2113 1193 2256 1265 ρίου,
2293 1195 2348 1246 οἱ
2388 1195 2610 1263 ἄγγελοι
2644 1195 2807 1259 εὐθὺς
2861 1195 2962 1267 τῆς
2993 1195 3266 1266 καθέδρας
3315 1195 3600 1268 ἀνέθορον,
3629 1199 3701 1269 τῇ

2117 1287 2400 1359 μεταϐολῇ
2438 1291 2539 1358 τῆς
2573 1288 2750 1358 ὂψεως
2779 1289 2872 1342 τὸν
2905 1289 3208 1343 ἐπιστάντα
3235 1287 3600 1358 δηλώσαντες.
3632 1289 3700 1342 ⁸0

2112 1379 2177 1449 δὴ
2210 1380 2403 1452 Μαρία
2449 1381 2769 1452 θεασαμένη
2807 1381 2910 1452 τὴν
2937 1381 3061 1452 δψιν
3097 1379 3440 1452 ὑπέστρεψεν
3469 1396 3483 1411 ⁸
3506 1381 3569 1434 οὐ
3594 1379 3709 1452 μὴν

2111 1469 2348 1539 ἐπέγνω,
2380 1471 2462 1536 τίς
2495 1467 2565 1543 ἦν
2605 1475 2634 1526 ὁ
2667 1467 2986 1542 πυθόμενος
3012 1486 3028 1501 ’
3073 1489 3092 1524 ι
3144 1470 3331 1536 Γύναι,
3363 1470 3416 1525 τί
3457 1470 3703 1536 κλαίεις;

2110 1564 2235 1617 τίνα
2294 1564 2507 1635 ζητεῖςς
2549 1585 2568 1617 ι
2605 1565 2720 1635 Τῆς
2772 1583 2832 1620 τε
2871 1566 3088 1636 ἡμέρας
3135 1563 3568 1636 διαυγαζούσης,
3608 1565 3710 1617 καὶ

2111 1655 2213 1724 τῆς
2266 1657 2446 1726 ὅψεως
2498 1659 2566 1728 τῇ
2625 1659 2724 1728 ῥοῇ
2773 1657 2884 1709 τῶν
2942 1656 3201 1728 δακρύων
3256 1657 3705 1727 ἀμϐλυνομένης,

2118 1747 2321 1817 μᾶλλον
2367 1747 2425 1801 δέ
2479 1749 2582 1819 τῆς
2627 1749 2782 1812 θείας
2833 1749 3120 1820 δυνάμεως
3177 1749 3339 1803 τοῦτο
3397 1749 3708 1818 οἰκονομία.

421 1849 559 1901 vinze
608 1847 864 1917 potentiae
888 1842 1267 1914 dispositione.
1307 1859 1326 1893 ι
1367 1840 1586 1907 Mulier,
1618 1840 1745 1911 quid
1789 1839 2004 1910 ploras?

2120 1857 2139 1891 ι
2171 1838 2360 1903 Γύναι,
2392 1838 2446 1891 τί
2499 1837 2749 1906 κλαίεις;
2792 1839 2916 1892 τίνα
2960 1838 3177 1909 ζητεῖς;
3212 1857 3231 1888 ι
3282 1838 3711 1909 ἐπιπλήττοντός

418 1955 580 2008 quem
612 1937 883 2010 qumris?»
915 1935 1370 2006 reprehendentis
1389 1935 1551 1990 verba
1576 1944 1722 2001 sunt,
1751 1945 1806 1989 et
1836 1935 2010 1989 incre-

417 2031 698 2085 dulitatem
729 2028 1112 2099 exprobrantis
1141 2043 1154 2080 :
1195 2027 1277 2082 sic
1315 2026 1461 2082 enim
1497 2027 1647 2080 visus
1675 2034 1761 2080 est
1787 2025 2006 2081 dicere:

415 2121 553 2176 Cum
599 2138 684 2188 tnc
715 2135 817 2172 una
848 2134 970 2173 cunt
1011 2117 1116 2170 a‘lia
1145 2115 1316 2171 Maria
1363 2115 1568 2171 videris
1597 2114 1728 2186 (40),
1758 2127 1811 2170 et
1843 2117 2010 2185 pedes

416 2212 591 2268 fueris
617 2211 946 2283 amplexata,
974 2211 1140 2265 etiam
1175 2223 1318 2264 nunc
1347 2211 1399 2263 in
1437 2208 1696 2279 ambiguo
1724 2205 2010 2262 versaris?

419 2303 528 2360 Sed
588 2319 766 2374 neque
816 2301 1295 2371 reprehensionem
1331 2299 1534 2366 sensit,
1582 2312 1683 2354 nec
1716 2297 1891 2367 ipsum
1931 2297 2011 2352 lo-

415 2408 673 2468 quentem
707 2397 969 2465 agnovit;
1004 2393 1330 2448 existimans
1359 2407 1492 2448 vero
1523 2391 1669 2446 illius
1702 2391 1846 2446 horti
1887 2404 2009 2447 esse

415 2490 584 2563 246
612 2500 946 2553 curatorem,
997 2487 1074 2540 ait
1121 2485 1243 2540 illi:
1299 2502 1318 2537 t
1361 2483 1418 2538 Si
1446 2494 1504 2539 tu
1535 2483 1804 2539 sustulisti
1855 2497 2006 2550 eum,

417 2587 585 2638 dicito
638 2582 788 2648 mihi,
843 2581 932 2634 ubi
983 2579 1216 2648 posuisti
1253 2592 1414 2643 eum,
1468 2585 1523 2630 et
1579 2590 1678 2647 ego
1723 2590 1847 2630 eum
1905 2575 2008 2630 tolo

414 2675 546 2729 iam.
581 2692 598 2725 ι
634 2674 780 2728 Bene
810 2673 987 2744 ipsum
1026 2671 1293 2742 reputavit
1321 2669 1463 2726 horti
1494 2668 1761 2724 cultorem
1793 2685 1806 2722 :
1832 2682 2006 2724 novus

412 2766 619 2837 quippe
663 2772 784 2819 erat
815 2765 1008 2829 Adam,
1056 2764 1148 2834 qui
1185 2763 1420 2833 primum
1454 2761 1602 2817 illum
1637 2761 1781 2817 horti
1829 2762 2006 2817 culto-

420 2874 558 2923 rem,
617 2869 780 2926 atque
835 2857 1116 2912 custodem
1154 2857 1320 2920 illius,
1373 2855 1620 2925 inquam,
1655 2854 1798 2910 Itorti
1837 2853 2001 2909 Edent

423 2962 595 3007 totum
647 2954 699 3005 in
741 2967 798 3006 se
827 2959 1143 3020 receperat:
1193 2959 1250 3004 et
1299 2949 1350 3003 in
1379 2949 1542 3003 horto
1576 2949 1806 3003 traditus
1837 2957 1891 3003 et
1947 2948 2003 3002 in

418 3045 578 3098 horto
608 3045 851 3114 sepultus
883 3043 1080 3110 fuerat,
1113 3051 1171 3096 ut
1197 3042 1457 3096 nimirum
1494 3041 1731 3112 paradisi
1784 3042 1999 3096 hortum

417 3135 618 3190 iterum
652 3137 860 3188 Adamo
909 3134 1221 3205 largiretur.
1282 3151 1301 3184 ι
1334 3132 1394 3187 Si
1440 3145 1492 3186 tu
1525 3133 1796 3188 sustulisti
1853 3149 2000 3198 eum,

421 3229 588 3284 dicito
619 3229 772 3294 mihi,
817 3229 904 3283 ubi
955 3227 1185 3297 posuisti
1240 3241 1388 3281 eum.
1452 3243 1470 3277 ι
1512 3225 1651 3292 Quid
1709 3234 2002 3291 mortuum,

423 3323 636 3392 inquit,
711 3322 834 3375 hinc
893 3320 1261 3375 transtulisti?
1313 3335 1380 3372 an
1451 3319 1755 3398 abhorrens
1804 3319 2003 3388 ipsum,

420 3429 523 3468 nec
575 3415 627 3467 in
676 3423 766 3467 tuo
802 3413 949 3466 illum
994 3411 1152 3466 horto
1194 3411 1383 3481 jacere
1437 3408 1600 3464 facile
1631 3424 1848 3478 passus,
1912 3423 2009 3476 per

424 3520 804 3579 contemptum
851 3517 907 3563 et
963 3507 1228 3562 incuriam
1281 3521 1403 3560 eum
1463 3505 1713 3574 abiecisti
1767 3504 2008 3574 insepul-

423 3600 577 3655 tum?
630 3600 718 3655 die
781 3599 911 3654 mihi
977 3612 1086 3668 quo
1141 3613 1264 3654 eum
1312 3595 1720 3665 transposuisti,
1771 3605 1829 3651 ut
1868 3611 2006 3651 onus

411 3695 544 3759 hoc,
577 3695 719 3763 quod
748 3692 909 3747 facile
937 3691 1222 3761 complecti
1274 3690 1433 3756 ulnis;
1460 3699 1514 3743 et
1540 3701 1754 3760 gestare
1793 3699 2002 3758 potero,

406 3800 530 3855 quo
563 3785 784 3840 voluero
819 3784 936 3853 ipsa
971 3793 1267 3853 reportent.
1321 3782 1462 3849 Quid
1513 3782 1677 3851 igitur
1715 3780 2007 3835 Salvator?

419 3876 592 3932 Tanta
643 3893 763 3932 eam
801 3875 999 3930 mentis
1031 3875 1290 3931 tarditate
1321 3875 1518 3937 teneri,
1571 3887 1673 3928 nec
1701 3874 2003 3942 quidquam

417 3973 486 4024 de
542 3973 946 4025 resurrectione
997 3969 1238 4040 cogitare
1296 3968 1504 4033 videns,
1556 3968 1672 4021 sola
1720 3967 2007 4036 compella-

419 4067 564 4118 tione
599 4079 718 4117 eam
761 4065 966 4117 excitat
997 4064 1064 4115 ad
1120 4063 1257 4116 bene
1284 4061 1648 4116 sentiendum.
1691 4079 1709 4112 ι
1744 4059 1937 4125 Maria,
1975 4078 1992 4110 ι

422 4171 687 4210 conversa
724 4171 942 4210 suavem
977 4154 1123 4208 illam
1152 4169 1337 4208 vocem
1371 4154 1611 4224 agnovit,
1647 4161 1702 4209 et
1749 4153 2003 4208 omnibus

418 4248 693 4302 cumulata
727 4246 926 4302 lastitiis
959 4247 1257 4317 respondit,
1296 4264 1314 4298 ι
1349 4245 1625 4316 Magister.
1661 4265 1679 4298 ι
1711 4244 1846 4300 Cum
1881 4243 2001 4314 pri-

421 4354 572 4394 mum
625 4347 939 4393 consuetam
999 4344 1218 4409 agnovit
1279 4339 1690 4402 salutationem,
1743 4340 2003 4393 contimto

418 4425 798 4481 inmaculatos
863 4426 986 4481 illos
1047 4427 1209 4496 pedes
1260 4436 1444 4482 tenere
1517 4428 1829 4492 festinavit,
1906 4429 2001 4484 sed

2115 1932 2232 1985 ἐστι
2264 1933 2326 1986 τὸ
2371 1931 2555 2003 ῥῆμα,
2589 1933 2687 1986 καὶ
2727 1933 2828 2004 τὴν
2882 1934 3147 1987 ἀπιστίαν
3197 1933 3662 1998 κατονειδίζοντος
3689 1950 3704 1966 ·

2113 2022 2261 2078 ἔοικε
2293 2022 2403 2094 γὰρ
2446 2022 2607 2078 τοῦτο
2661 2024 2846 2078 λαλεῖν
2879 2043 2894 2056 ο
2943 2025 3102 2079 Μετὰ
3145 2029 3244 2096 τῆς
3276 2024 3442 2096 ἄλλης
3485 2025 3710 2097 Μαρίας

2116 2113 2438 2184 θεασαμένη
2503 2132 2596 2186 με,
2660 2117 2758 2169 καὶ
2817 2117 2944 2179 τοὺς
2999 2117 3168 2181 πόδας
3216 2119 3563 2189 κρατήσασα,
3623 2117 3707 2172 ἔτι

2115 2205 2304 2277 μένεις
2361 2206 2696 2277 ἀμφίϐολοςς
2787 2207 2932 2261 Ἀλλ’
3003 2209 3128 2261 οὔτε
3198 2210 3299 2280 τῆς
3361 2209 3708 2281 ἐπιπλήξεως

2111 2296 2330 2370 ¹ᾔσθετο,
2386 2296 2511 2352 οὔτε
2580 2299 2744 2353 αὐτὸν
2802 2301 3020 2369 ἐπέγνω
3083 2302 3175 2355 τὸν
3235 2303 3465 2371 λέγοντα
3506 2319 3520 2335 ο
3581 2305 3707 2375 οίηο

2081 2391 2268 2444 θεῖσα
2299 2392 2358 2446 δὲ
2403 2391 2497 2447 τὸν
2554 2393 2648 2447 τοῦ
2705 2395 2886 2447 ἐκεῖσε
2937 2395 3120 2465 κήπου
3183 2393 3325 2450 εἶναι
3376 2396 3704 2468 μελεδωνὸν,

2111 2483 2265 2554 λέγει
2333 2485 2486 2557 αύτῷ
2543 2502 2557 2516 ’
2610 2505 2627 2538 ι
2689 2488 2752 2540 Ei
2824 2488 2890 2542 σὺ
2941 2486 3254 2554 ἐϐάστασας
3309 2491 3517 2557 αὑτὸν,
3579 2490 3708 2545 είπέ

2117 2596 2209 2648 μοι
2280 2578 2382 2634 ποῦ
2469 2579 2674 2650 ἔθηκας
2745 2581 2950 2646 αὐτὸν,
3033 2581 3189 2652 κάγὼ
3260 2584 3426 2638 αὐτὸν
3495 2583 3636 2655 ἀρῶ.
3680 2601 3698 2636 ι

2113 2668 2317 2732 Καλῶς
2363 2669 2531 2723 αὐτὸν
2577 2671 2860 2742 κηπουρὸν
2909 2673 3256 2728 ύπετόπασεν
3283 2689 3297 2704 ο
3330 2675 3450 2738 νέος
3484 2674 3594 2746 γὰρ
3633 2669 3705 2746 ἦν

2123 2761 2317 2832 ’Δδάμ,
2366 2761 2460 2815 τὸν
2493 2764 2716 2833 πρῶτον
2745 2765 3030 2835 κηπουρὸν
3079 2767 3175 2820 καὶ
3206 2764 3450 2834 φύλακα,
3479 2766 3574 2820 τὸν
3599 2767 3702 2836 τῆς

2121 2856 2284 2924 Ἐδέμ
2321 2856 2501 2927 κήπου
2548 2855 2669 2909 ὅλον
2717 2855 3157 2926 ἀναδεξάμενος·
3185 2858 3282 2911 καὶ
3316 2859 3375 2910 ἐν
3411 2858 3573 2930 κήπῳ
3598 2873 3706 2910 πα-

2114 2947 2385 3018 ραδοθεὶς,
2418 2948 2516 3002 καὶ
2562 2948 2622 3002 ἐν
2659 2951 2825 3020 κήπῳ
2881 2951 3228 3018 κατατεθεὶς,
3276 2951 3364 3005 ἵνα
3397 2951 3490 3006 τὸν
3524 2951 3705 3021 κῆπον

2104 3040 2200 3094 τοῦ
2231 3041 2565 3113 παραδείσου
2597 3042 2677 3114 τῷ
2722 3043 2902 3114 Ἀδὰμ
2933 3043 3092 3107 αὖθις
3122 3045 3446 3116 χαρίσηται.
3479 3065 3498 3097 ι
3537 3046 3598 3098 Εἰ
3634 3049 3700 3102 σὺ

2108 3135 2420 3198 ἐϐάστασας
2451 3136 2637 3204 αὑτὸν,
2671 3136 2794 3189 εἰπέ
2821 3154 2936 3208 μοι,
2974 3137 3078 3190 ποῦ
3105 3137 3313 3208 ἔθηκας
3334 3140 3528 3194 αὐτόν.
3568 3158 3586 3192 ι
3633 3141 3700 3193 Τί

2114 3227 2451 3298 μετέθηκας,
2489 3230 2644 3299 φησὶ,
2678 3230 2770 3282 τὸν
2802 3230 3032 3302 νεκρόν;
3080 3230 3506 3304 βδελυττόμενος
3543 3233 3698 3298 ῖσως,

2110 3321 2206 3373 καὶ
2238 3323 2314 3391 μὴ
2345 3321 2518 3375 θέλων
2548 3325 2607 3376 ἐν
2637 3321 2714 3392 τῷ
2762 3323 2927 3393 κήπῳ
2959 3321 3078 3376 σου’
3105 3324 3328 3378 κεῖσθαι
3377 3325 3582 3390 αύτὸν,’
3603 3329 3700 3380 καὶ

2111 3414 2396 3485 ὀλιγώρως
2447 3417 2542 3467 καὶ
2595 3415 2813 3485 ἀκηδῶς
2863 3415 3097 3488 ἔρριψας
3143 3415 3386 3486 Magaw;
3424 3417 3546 3472 εἰπέ
3583 3435 3698 3487 μοι,

2109 3509 2213 3562 ποῦ
2238 3509 2428 3561 τοῦτον
2464 3508 2796 3579 μετέθηκας,
2827 3508 2914 3561 ἵνα
2939 3507 3078 3579 αὑτὴ
3113 3508 3174 3560 τὸ
3207 3509 3515 3576 εὐάγκαλον
3535 3511 3698 3565 τοῦτο

2110 3596 2332 3668 φορτίον
2365 3595 2713 3666 βαστάσασα,
2739 3597 3108 3666 μετακομίσω
3152 3596 3282 3650 ἔνθα
3309 3598 3373 3669 δὴ
3410 3598 3697 3670 βούλομαι.

2109 3691 2174 3742 Τί
2227 3689 2320 3743 οῦν
2371 3691 2400 3743 ὁ
2450 3689 2686 3760 Σωτήρ;
2745 3689 3001 3764 Τοσαύτῃ
3074 3690 3276 3762 νωθείτξ⁴
3330 3692 3699 3764 ἐνισχυμένην

2107 3785 2276 3856 ὁρῶν,
2319 3786 2414 3837 καὶ
2450 3784 2656 3854 μηδένα
2702 3784 2964 3855 λογισμὸν
3006 3785 3106 3856 τῆς
3155 3786 3510 3851 ἀναστάσεως
3543 3787 3700 3858 ἔχου-

2110 3894 2231 3940 σαν,
2275 3876 2364 3929 διὰ
2421 3876 2594 3946 μόνης
2642 3875 2746 3946 τῆς
2793 3876 3042 3947 κλήσεως
3091 3880 3360 3947 ἐπανάγει
3410 3881 3584 3950 αὐτὴν
3617 3882 3699 3944 είς

2110 3969 2490 4038 συναίσθησιν.
2549 3986 2568 4020 ι
2615 3968 2848 4039 Μαρία·
2898 3988 2918 4022 ι
2977 3973 3282 4041 στραφεῖσα
3333 3972 3548 4040 ἐπέγνω
3599 3973 3698 4046 τὴν

2107 4060 2371 4130 γλυκεῖαν
2421 4058 2630 4130 φωνήν,
2683 4061 2776 4112 καὶ
2815 4061 2880 4114 ἐκ
2916 4063 3248 4132 περιχαρίας
3290 4062 3440 4131 μάλα
3495 4063 3699 4134 πολλῆς

2106 4152 2384 4224 ἀπεκρίθη
2411 4168 2424 4180 ·
2482 4170 2500 4203 ι
2537 4151 2838 4207 Διδάσκαλε
2871 4169 2886 4183 ο
2923 4171 2944 4205 δ
2998 4152 3303 4224 ἐπιγνοῦσα
3347 4155 3408 4208 τὸ
3465 4155 3698 4228 σύνηθες

2108 4245 2430 4316 πρόσρημα,
2475 4245 2571 4299 καὶ
2615 4246 2733 4316 ἅμα
2766 4245 3000 4318 ὥρμησε
3055 4247 3166 4301 τῶν
3208 4248 3502 4319 άχράντων
3529 4248 3695 4302 αὐτοῦ

2107 4334 2373 4390 λαϐέσθαι
2403 4335 2583 4389 ποδῶν
2611 4353 2626 4370 ο
2661 4337 2800 4391 ἀλλά
2851 4339 2951 4407 τῆς
3001 4340 3375 4410 ἐγχειρήσεως
3419 4339 3696 4411 εἴργεται,

2109 4429 2206 4482 καὶ
2253 4427 2448 4482 ἀκούει
2478 4444 2492 4458 ·
2543 4448 2562 4481 ι
2601 4431 2693 4500 Μή
2735 4447 2835 4502 μου
2867 4430 3069 4488 ἆπτ⁰⁰⁹
3110 4451 3129 4484 ³
3171 4431 3264 4503 Μὴ
3292 4435 3694 4506 προσεγγίσῃῇ

419 4519 491 4570 ab
557 4517 649 4571 illo
703 4526 900 4572 conatu
962 4517 1304 4588 prohibetur,
1356 4529 1408 4573 et
1461 4519 1654 4573 audit:
1717 4537 1736 4569 ι
1769 4518 1886 4573 Noli
1921 4536 2004 4576 me

2113 4521 2270 4590 φησι,
2310 4521 2446 4593 μηδέ
2500 4521 2743 4592 ἅψασθαι
2777 4525 3050 4596 πειραθῇς
3073 4540 3088 4556 ·
3144 4525 3207 4577 οὐ
3228 4525 3337 4596 γάρ
3367 4525 3450 4580 έτι
3492 4527 3697 4598 σαρκὸς

419 4616 662 4676 tangere,
703 4627 722 4660 l
793 4607 871 4663 Ne
943 4612 1369 4680 appropinques,
1441 4610 1634 4679 inquit,
1691 4623 1867 4679 neque
1919 4626 2008 4666 me

417 4708 642 4772 tangere
693 4711 972 4770 attentes;
1028 4717 1139 4759 non
1195 4705 1340 4759 enim
1390 4703 1553 4758 etiam
1613 4718 1759 4757 nunc
1816 4705 1998 4759 carnis

2105 4613 2355 4684 ἐπιφέρω
2384 4613 2704 4685 παχύτητα,
2741 4615 2819 4680 ὡς
2850 4617 3015 4685 ἀφαῖς
3045 4617 3375 4671 ὑποκεῖσθαι
3395 4619 3517 4682 ταῖς
3549 4620 3694 4683 σαῖς.

2102 4704 2226 4761 Κᾶν
2245 4705 2436 4778 τρόπῳ
2475 4709 2948 4778 συγκαταϐἀσεως
2981 4709 3087 4782 πρὸ
3119 4709 3320 4782 μικροῦ
3348 4710 3495 4774 τοὺς
3519 4710 3692 4780 ἐμοὺς

1657 4855 1984 4919 Francisci
2015 4857 2224 4921 Scorsi
2257 4867 2449 4923 noue.

488 4977 607 5050 (40)
652 4975 787 5050 Cum
824 4991 928 5050 me,
960 4993 1071 5050 ang
1115 4993 1235 5032 cum
1285 4979 1395 5033 alia
1431 4977 1611 5034 Maria
1665 4981 1873 5035 videris.
1929 4981 2005 5036 ita

417 5047 710 5118 distinguit
735 5048 853 5103 ha’c
882 5049 998 5102 visa
1029 5047 1416 5118 Theophanes,
1450 5063 1558 5103 non
1603 5050 1724 5105 sine
1772 5051 2004 5105 aliorum

417 5116 672 5190 veterum
696 5116 914 5190 Patrum
943 5116 1309 5190 auctoritate;
1351 5121 1431 5190 de
1463 5122 1677 5190 quibus
1704 5121 1827 5175 vide
1861 5123 2004 5176 dicta

420 5189 571 5242 boni.
592 5188 706 5254 νέξ),
735 5200 848 5242 ιιοι.
878 5189 936 5260 2,
969 5189 1022 5253 5,
1056 5200 1112 5242 ut
1148 5188 1609 5260 censeatMai-iam
1630 5189 2003 5260 Magdalenam

418 5273 527 5330 una
551 5274 674 5312 cum
698 5262 870 5313 altera
896 5259 1064 5330 Maria
1094 5274 1320 5328 vespere
1352 5259 1577 5324 Sabbati
1602 5259 1779 5330 primo
1804 5262 2002 5328 exisse,

417 5329 594 5397 iisque
637 5331 990 5384 redeuntibus
1030 5329 1311 5384 Christum
1366 5329 1613 5384 oblatum
1661 5333 1711 5384 in
1769 5332 1876 5383 via.
1929 5331 2006 5385 De

417 5413 526 5466 qua
567 5399 775 5453 visione
806 5398 1000 5452 Matth.
1032 5413 1152 5468 cap.
1193 5400 1289 5452 ult.
1328 5400 1530 5454 Deinde
1563 5401 1778 5456 venisse
1813 5417 1998 5468 mane,

417 5479 477 5522 ut
529 5471 605 5522 ait
651 5468 810 5524 Joan.
859 5483 979 5536 cap.
1024 5484 1116 5531 xx,
1167 5477 1224 5522 et
1270 5481 1396 5523 tunc
1443 5472 1509 5522 ad
1567 5482 1998 5535 monumentum,

417 5540 662 5593 secundo
703 5542 874 5592 visunt
927 5543 995 5593 ab
1028 5553 1089 5592 ea
1123 5538 1403 5608 Christum
1459 5541 1798 5604 redivivum,
1839 5551 2002 5608 atque

419 5609 490 5680 ita
525 5611 769 5676 procedit
807 5610 1082 5680 sententia
1124 5606 1290 5680 hujus
1335 5609 1459 5674 loci,
1510 5625 1616 5678 quo
1656 5606 1998 5680 objurgatam

420 5675 508 5731 his
530 5675 718 5732 verbis
767 5693 797 5730 ε
851 5677 1074 5732 Christo
1121 5677 1492 5746 Magdalenant
1527 5675 1666 5734 dicit
1699 5675 1881 5734 {Cu'm
1919 5697 2002 5733 nte

421 5763 528 5820 tina
574 5765 690 5799 cum
730 5750 840 5801 alia
893 5748 1068 5820 Maria
1102 5748 1317 5814 videris,
1359 5760 1467 5804 etc.
1517 5750 1712 5804 Verum
1739 5753 1997 5820 probabi-

424 5812 527 5868 lius
583 5820 814 5883 videtur,
865 5819 1007 5887 quod
1051 5812 1421 5875 ceuseutalii
1473 5812 1842 5891 Magdaleuam
1893 5835 1998 5875 una

2107 4996 2232 5039 eum
2284 4986 2499 5041 caeteris
2551 4985 2871 5059 mulieribus
2910 4987 3126 5044 venisse
3172 4988 3406 5059 primum
3456 4988 3520 5042 ad
3570 5003 3691 5043 mo-

2109 5067 2456 5128 numentum,
2508 5066 2564 5111 et
2607 5056 2830 5114 invento
2882 5073 3056 5114 vacuo
3107 5056 3390 5128 sepulcro,
3447 5059 3691 5127 visisque

2106 5127 2316 5197 angelis
2343 5129 2571 5182 rediisse
2619 5131 2926 5184 nuntiatum
2969 5129 3402 5197 discipulisqua:
3441 5130 3692 5184 viderant

2107 5205 2159 5247 et
2195 5194 2479 5248 audierant
2513 5212 2528 5250 :
2562 5198 2753 5250 deinde
2784 5214 2908 5252 cum
2955 5194 3121 5253 Petro
3144 5208 3198 5258 et
3244 5194 3450 5254 Joanne
3481 5215 3573 5252 eas
3604 5214 3692 5254 re-

2106 5277 2292 5333 versas
2315 5268 2554 5320 secundo
2576 5269 2640 5319 ad
2679 5279 3110 5333 monumentum,
3132 5277 3187 5323 et
3213 5284 3334 5322 cum
3367 5269 3497 5324 visis
3531 5270 3694 5322 modo

2109 5331 2519 5406 linteaminibus
2563 5351 2822 5406 regressae
2853 5339 2976 5392 alite
3004 5331 3126 5392 cum
3160 5340 3443 5406 discipulis
3479 5349 3688 5402 essent,

2102 5404 2375 5458 rcsutisse
2413 5404 2805 5476 Magdalenam,
2840 5416 2898 5462 ut
2936 5419 3125 5461 narrat
3155 5404 3419 5476 Joannes,
3485 5409 3688 5464 vidisse

2101 5476 2332 5542 primam
2391 5479 2632 5528 Otlttttltnt
2699 5477 3019 5542 Christum,
3083 5488 3138 5532 et
3191 5480 3462 5534 concitato
3511 5481 3685 5546 gradu

2099 5554 2409 5597 assecutam
2463 5557 2690 5600 caeteras
2736 5547 2788 5598 in
2843 5551 2926 5602 via
2975 5551 3183 5602 tardius
3238 5550 3574 5611 incedentes,
3625 5559 3681 5602 et

2100 5615 2344 5667 secundo
2376 5630 2476 5666 una
2515 5631 2635 5669 cntn
2669 5621 2882 5671 crs-teris
2912 5620 3111 5672 vidisse
3140 5619 3413 5672 Christum
3447 5629 3500 5671 et
3531 5621 3686 5671 Aeeta

2101 5686 2169 5756 ab
2200 5684 2292 5735 illo
2323 5687 2622 5756 accepisse,
2668 5698 2719 5741 et
2775 5700 2993 5752 caetera,
3046 5691 3120 5742 uti
3152 5702 3340 5743 narrat
3375 5687 3682 5742 Matthaens.

2100 5751 2278 5832 duque
2330 5751 2675 5811 ltmc'brevis
2725 5772 2935 5832 summa
2982 5751 3152 5826 hujus
3207 5762 3448 5832 historiae
3515 5775 3679 5828 quam

2099 5824 2316 5891 plenius
2353 5836 2755 5896 persequuntur
2789 5824 3134 5900 interpretes,
3168 5845 3304 5898 quos
3334 5831 3474 5884 vide.
