4042 6408
409 365 513 427 679

1616 353 2114 416 THEOPIIANIS
2149 335 2493 415 CERAMEI

3558 350 3666 416 (80

406 481 563 535 vabis
599 477 1011 533 accommodare
1043 473 1248 538 volens,
1300 485 1452 527 meos
1494 467 1659 540 pedes
1703 483 1809 522 una
1863 482 1984 520 cum

2107 467 2258 520 Ἐπεὶ
2284 461 2377 520 οὖν
2410 465 2502 518 καὶ
2533 462 2837 534 ὀφθαλμοῖς
2895 461 3105 527 ἰδοῦσα,
3141 462 3236 516 καὶ
3283 462 3470 534 φωνῆς
3501 461 3663 515 άκου·

409 575 513 626 alia
549 572 716 625 Maria
753 569 1015 633 tenueris,
1065 568 1159 622 sed
1211 565 1342 619 illud
1394 561 1798 632 dispensatione
1855 574 1986 628 qua-

410 667 572 729 dam,
632 672 686 716 et
750 663 815 715 ad
881 656 1313 714 conﬁrmandam
1381 651 1838 709 resurrectionem
1905 656 1988 703 est

410 757 636 811 factum.
699 753 962 819 Quoniam
1020 750 1186 820 igitur
1240 764 1364 803 cum
1427 744 1600 800 oculis
1658 743 1880 808 videris,
1933 749 1988 794 et

407 847 648 903 audieris
701 845 946 908 auribus,
999 853 1053 897 et
1101 841 1350 896 manibus
1411 836 1755 899 tractaveris,
1813 833 1988 888 adhuc

407 940 615 992 incerta
647 951 726 1000 es,
758 944 812 989 et
858 933 1013 1002 quasi
1059 941 1334 985 mortuum
1369 943 1586 982 reversa
1638 925 1858 994 quaeris,
1919 937 1989 978 ne

410 1044 496 1081 mc
521 1038 732 1097 tangas,
764 1033 914 1079 tanto
939 1019 1338 1078 incredulitatis
1364 1018 1478 1089 (45)
1505 1017 1736 1086 caligine
1757 1015 1989 1069 circum-

409 1121 566 1187 fusa;
605 1119 689 1174 vel
720 1117 970 1172 fortassis
1004 1115 1132 1168 illud
1170 1131 1183 1166 :
1226 1132 1244 1165 ι
1277 1110 1397 1166 Noli
1436 1125 1521 1165 me
1555 1119 1776 1177 tangere
1811 1123 1828 1156 ι
1876 1103 1989 1173 spi-

405 1213 660 1266 ritualem
689 1207 962 1279 signiﬁcat
992 1216 1191 1261 tactum
1215 1222 1229 1272 ;
1253 1203 1469 1259 volebat
1492 1203 1634 1255 enim
1664 1198 1988 1267 investigare

411 1318 516 1372 qua
559 1302 772 1355 ratione
799 1295 1212 1352 resurrectionis
1240 1293 1558 1364 mysterium
1590 1298 1735 1345 esset
1757 1286 1990 1358 disposi-

411 1405 547 1448 tum.
593 1393 760 1462 Igitur
809 1405 927 1444 eam
959 1389 1026 1444 ab
1066 1386 1371 1458 huiusmodi
1403 1383 1790 1454 qntrstionibus
1821 1380 1988 1434 attin-

409 1486 604 1558 gendis
634 1482 900 1545 retrahit,
932 1491 1096 1549 atque
1150 1479 1268 1534 ait:
1321 1476 1399 1531 Ne
1445 1476 1608 1546 igitur
1658 1489 1775 1541 qua:
1827 1487 1989 1540 supra

419 1587 474 1631 te
528 1583 656 1628 sunt
726 1571 995 1625 curiosius
1047 1584 1188 1622 nunc
1241 1567 1502 1635 inquiras.
1546 1563 1795 1618 Nondum
1846 1563 1990 1616 enim

413 1665 723 1735 hnjusmodi
761 1662 1004 1731 mysterii
1057 1659 1356 1714 doctrinam
1393 1670 1589 1726 capere
1621 1666 1808 1724 potes;
1856 1668 1992 1722 quo-

411 1759 562 1818 δρᾶςωι
606 1775 623 1806 t
656 1753 902 1808 Nondum
936 1751 1159 1806 ascendi
1193 1751 1258 1805 ad
1283 1748 1502 1803 Patrem
1537 1763 1738 1814 meum,
1781 1765 1799 1796 ›
1841 1755 1897 1800 ut
1924 1745 1988 1798 ad

2085 559 2356 622 τισθεῖσα,
2405 558 2502 610 καὶ
2540 557 2702 627 χερσὶ
2756 557 3130 627 κατασχοῦσα,
3180 555 3262 608 ἔτι
3309 554 3494 624 μένεις
3533 553 3667 607 ἀϐέ-

2087 652 2266 716 ϐαιος,
2313 650 2410 705 καὶ
2457 649 2532 713 ὡς
2580 649 2772 720 νεκρὸν
2824 649 3092 704 νοστοῦσα
3148 647 3354 720 ζητεῖς,
3401 667 3421 700 t
3458 650 3532 720 μή
3563 665 3667 719 μου

2089 745 2303 809 ἅπτου,
2352 760 2371 794 s
2419 741 2693 810 τοσαύτης
2743 740 3007 803 ἀπιστίας
3056 738 3422 811 περικειμένη
3475 740 3666 810 ἀχλύν.

2091 837 2168 891 Ἢ
2215 835 2358 905 τάχα
2389 835 2474 900 τὸ,
2525 852 2542 885 t
2581 834 2673 903 Μή
2714 850 2817 904 μου
2856 834 3052 898 ἅπτου,
3087 849 3106 884 ι
3142 833 3237 886 καὶ
3283 831 3483 902 νοητὴν
3517 816 3671 901 δηλοῖ

2089 927 2307 998 ἐπαφήν
2336 942 2350 957 ι
2380 924 2634 978 ἐϐούλετο
2687 925 2797 994 γὰρ
2837 925 3135 994 ἐρευνῆσαι
3185 923 3302 982 πῶς
3347 922 3673 992 ᾠκονόμητο

2089 1019 2191 1088 τῆς
2243 1017 2597 1081 ἀναστάσεως
2638 1017 2700 1070 τὸ
2743 1017 3068 1087 μυστήριον.
3130 1013 3489 1069 Ἀποσπεύδει
3535 1013 3670 1078 γοῦν

2091 1107 2260 1178 αὐτὴν
2290 1105 2552 1160 τοιούτων
2581 1106 2955 1177 ἐρωτημάτων
2983 1105 3344 1174 ἐφάπτεσθαι,
3377 1103 3472 1158 καί
3496 1119 3631 1171 φησι
3653 1116 3668 1131 ·

2089 1202 2183 1274 Μὴ
2214 1201 2670 1272 πολυπραγμόνει
2713 1199 2781 1252 τὰ
2823 1199 2970 1270 ὑπὲρ
3012 1200 3094 1264 σὲ,
3137 1197 3292 1252 οὔπω
3339 1199 3450 1266 γὰρ
3478 1194 3671 1263 ἐφικέ-

2094 1296 2218 1349 σθαι
2243 1295 2472 1348 δύνασαι
2507 1291 2898 1363 μυσταγωγίας
2919 1290 3178 1362 τοιαύτης
3203 1308 3215 1322 ·
3241 1289 3430 1360 ἐπειδὴ
3459 1307 3478 1340 t
3501 1288 3672 1341 Οθπω

2091 1386 2412 1456 ἀναϐέϐηκα
2432 1386 2567 1456 πρὸς
2583 1385 2675 1437 τὸν
2704 1382 2920 1452 Πατέρα
2941 1400 3063 1454 μου,
3089 1401 3108 1436 ι
3141 1381 3282 1435 ὥστε
3308 1382 3446 1450 πρὸς
3474 1378 3672 1448 ὑψηλοέ

2090 1480 2256 1548 τέρας
2281 1478 2514 1549 Θεωρίας
2544 1475 2771 1530 ἐκλῦσαι
2809 1475 2951 1545 ὑμᾶς
2993 1473 3084 1527 διὰ
3108 1474 3207 1544 τῆς
3236 1472 3330 1526 τοῦ
3379 1469 3673 1541 Παρακλή-

2091 1587 2186 1623 του
2209 1569 2538 1636 ἀποστολῆς.
2573 1569 2682 1620 Καὶ
2713 1567 2857 1636 τάχα
2881 1566 3020 1634 πρὸς
3044 1565 3204 1618 τοῦτο
3232 1563 3463 1634 ἐφέρετο
3491 1562 3520 1614 ὃ
3541 1561 3671 1632 πρό-

2092 1677 2251 1732 τερον
2279 1661 2466 1728 ἔλεγεν
2497 1675 2510 1690 ·
2554 1680 2570 1709 ι
2598 1659 2768 1713 Ὅταν
2801 1655 3022 1727 ὑψωθῶ,
3051 1656 3262 1720 πάντας
3294 1653 3510 1707 ἑλκύσω
3536 1653 3674 1722 πρὸς

2094 1757 2332 1827 ἐμαυτόν
2372 1773 2387 1787 ο
2433 1775 2450 1806 ι
2517 1754 2726 1824 ὕψωσιν
2775 1753 2954 1820 λέγων
3004 1751 3106 1822 τὴν
3143 1751 3282 1821 πρὸς
3308 1748 3401 1804 τὸν
3451 1746 3675 1818 Πατέρα

407 1853 629 1907 altiores
678 1846 1172 1916 conteriiplationcs
1205 1842 1371 1897 misso
1417 1841 1621 1910 Spiritu
1670 1849 1860 1894 sancto
1899 1853 1990 1892 vos

2107 1849 2378 1904 ivdGaow.
2425 1847 2567 1917 Ἐγὼ
2621 1847 2720 1916 μὲν
2746 1845 2861 1912 οὖν,
2904 1845 3061 1916 φησὶ,
3097 1842 3374 1898 ἀναϐαίνω
3419 1839 3556 1911 πρὸς
3584 1838 3676 1892 τὸν

411 1941 642 1994 traham.
697 1939 762 1992 Et
818 1936 1054 1991 fortasse
1110 1935 1274 1988 etiam
1323 1933 1431 1986 huc
1488 1930 1791 2000 spectabat,
1848 1929 1992 1997 quod

410 2042 535 2085 ante
564 2031 774 2084 dixerat
805 2043 816 2078 :
852 2045 871 2078 ι
910 2027 1047 2081 Cum
1072 2023 1344 2078 exaltatus
1376 2021 1552 2087 luero,
1567 2020 1749 2074 omnia
1781 2020 1992 2073 traham

407 2125 478 2178 ad
525 2138 610 2178 me
664 2124 838 2191 ipsum
869 2119 939 2184 ⁸⁸,
997 2116 1383 2173 exaltationcm
1450 2127 1651 2168 vocans
1714 2111 1995 2168 ascensio-

411 2232 536 2271 nem
561 2216 627 2269 ad
661 2213 896 2268 Patrem.
921 2209 1084 2281 247
1104 2207 1218 2278 Ego
1243 2206 1430 2278 igitur,
1457 2203 1650 2274 inquit,
1672 2201 1906 2258 ascendo
1929 2203 1996 2256 ad

409 2307 628 2362 Patrem
656 2321 858 2371 meum,
887 2305 1049 2357 etiam
1084 2315 1210 2356 cum
1240 2313 1467 2368 corpore
1498 2311 1617 2349 cum
1643 2295 1734 2349 illo
1760 2293 1994 2348 futurus.

412 2399 492 2452 Tu
528 2413 654 2452 vero
675 2397 787 2462 abi,
811 2406 863 2450 et
891 2397 1028 2448 hanc
1051 2392 1425 2447 ascensionem
1455 2386 1737 2457 discipulis
1768 2385 1953 2439 nuntia
1980 2402 1993 2438 :

419 2510 440 2543 ι
477 2489 724 2546 Ascendo
759 2490 827 2544 ad
869 2488 1086 2542 Patrem
1123 2499 1308 2540 meum
1347 2493 1403 2540 et
1459 2481 1677 2537 Patrem
1729 2491 1995 2546 vestrum,

418 2583 590 2638 Deum
628 2597 805 2636 meum
844 2591 900 2634 et
929 2581 1095 2633 Deum
1122 2589 1384 2633 vestrum.
1418 2594 1437 2628 ι
1478 2575 1592 2630 Non
1627 2582 1840 2645 oportet
1871 2586 2001 2627 vero

412 2673 618 2728 offendi
650 2687 766 2735 eos,
811 2670 904 2740 qui
940 2685 1129 2724 sat-ras
1156 2669 1395 2723 Litteras
1428 2667 1628 2733 sciunt,
1669 2666 1714 2720 si
1737 2662 2001 2734 quidquid

417 2765 565 2834 quod
604 2765 810 2820 homini
841 2765 1153 2826 conveniat,
1179 2769 1402 2831 propter
1437 2769 1772 2826 assumptain
1811 2757 2004 2810 [iunia--

410 2860 644 2912 nitatem
669 2859 937 2924 loquatur.
961 2854 1134 2910 Deum
1156 2856 1298 2910 enim
1334 2867 1491 2908 suum
1525 2851 1738 2906 vocavit
1763 2851 2002 2916 Patrem,

421 2960 478 3002 ut
507 2951 597 3018 qui
630 2959 882 3003 naturam
904 2958 1142 3002 creatam
1167 2952 1542 3016 assumpscrat
1561 2942 1850 2998 :‘eumdem
1877 2954 2006 2996 vero

420 3040 972 3106 nominavitPatrem,
991 3049 1048 3094 ut
1069 3040 1159 3109 qui
1183 3039 1423 3109 ejusdem
1442 3046 1560 3092 erat
1578 3036 1827 3091 essentiae
1847 3043 1901 3088 et
1915 3047 2008 3087 na-

421 3145 574 3187 turae.
613 3132 711 3186 Est
743 3133 903 3201 igitur
919 3131 1063 3201 ejus,
1085 3131 1380 3184 secundum
1417 3128 1656 3182 divinam
1687 3126 2006 3190 essentiam,

2097 1942 2342 2014 Πατέρα,
2363 1942 2733 2010 συνεσόμενος
2774 1938 2948 2008 αὐτῷ,
2978 1939 3072 1991 καὶ
3104 1935 3244 2008 μετά
3275 1934 3370 1989 τοῦ
3400 1932 3676 2004 σώματος.

2094 2035 2168 2088 Σὺ
2212 2033 2271 2087 δὲ
2318 2033 2497 2098 ἄπιθι,
2542 2033 2638 2085 καὶ
2686 2029 3054 2100 εὐαγγελίζου
3104 2031 3216 2092 τοῖς
3284 2026 3555 2098 μαθηταῖς
3577 2025 3679 2096 τὴν

2096 2125 2364 2196 ἀνάληψιν
2391 2141 2403 2156 ·
2443 2143 2462 2176 t
2510 2122 2813 2176 Ἀναϐαίνω
2845 2121 2983 2192 πρὸς
3011 2121 3106 2174 τὸν
3142 2119 3365 2191 Πατέρα
3406 2134 3532 2188 μου,
3582 2115 3680 2169 καὶ

2098 2218 2322 2286 Πατέρα
2347 2215 2527 2285 ὑμῶν,
2558 2216 2654 2268 καὶ
2683 2215 2817 2268 Θεόν
2854 2231 2979 2284 μου,
3012 2214 3107 2267 καὶ
3145 2211 3280 2265 Θεὸν
3314 2209 3492 2280 ὑμῶν.
3530 2233 3548 2260 ι
3588 2208 3683 2259 Δεῖ

2096 2310 2153 2364 δὲ
2176 2311 2251 2380 μὴ
2271 2308 2722 2372 σκανδαλίζεσθαι
2745 2308 2870 2372 τοὺς
2893 2305 3004 2360 τῶν
3026 2304 3184 2358 θείων
3201 2301 3434 2373 Γραφῶν
3457 2299 3683 2368 ἐπιστή-

2102 2418 2296 2472 μονας,
2318 2401 2372 2453 εἰ
2392 2417 2445 2452 τι
2469 2399 2578 2453 τῶν
2603 2397 3094 2469 άνΘρωποπρεπῶν
3125 2395 3215 2448 διὰ
3240 2393 3339 2463 τὴν
3367 2389 3684 2459 οἰκονομίαν

2099 2493 2250 2562 λέγει
2288 2493 2554 2564 Χριστός.
2585 2490 2718 2544 Θεὸν
2748 2491 2846 2561 μὲν
2883 2489 2995 2558 γάρ
3016 2488 3109 2541 τὸν
3147 2486 3370 2556 Πατέρα
3399 2483 3682 2548 ἐκάλεσεν,

2100 2584 2178 2648 ὡς
2205 2582 2306 2654 τὴν
2342 2579 2570 2651 κτιστὴν
2602 2581 2766 2651 φύσιν
2797 2578 3085 2633 ἀναλαϐών
3112 2596 3125 2609 ·
3157 2579 3248 2631 τὸν
3274 2575 3437 2631 αὐτὸν
3483 2573 3540 2626 δὲ
3573 2575 3685 2628 Παι

2101 2674 2238 2746 τέρα
2283 2673 2596 2742 ὠνόμασεν,
2630 2671 2707 2735 ὡς
2750 2671 2851 2740 τῆς
2889 2669 3063 2741 αὐτῆς
3097 2667 3172 2724 ὢν
3211 2667 3403 2730 οὐσίας
3451 2665 3550 2720 καὶ
3579 2664 3684 2734 φύ-

2104 2786 2264 2831 σεως.
2286 2767 2445 2822 Ἔστι
2471 2766 2570 2836 μὲν
2586 2759 2682 2818 οὖν
2701 2764 2936 2829 ἐκείνου,
2963 2762 3105 2816 κατὰ
3125 2760 3226 2830 τὴν
3253 2757 3440 2829 θεϊκὴν
3467 2757 3683 2820 οὐσίαν,

2105 2860 2270 2929 φύσει
2323 2856 2536 2928 Πατὴρ,
2572 2855 2732 2927 ἡμῶν
2780 2854 2836 2908 δὲ
2896 2853 3080 2924 χάριτι
3140 2849 3331 2923 Πατὴρ
3377 2849 3444 2904 δι’
3487 2846 3661 2902 αὑτοῦ

2107 2949 2218 3021 Οἴῳ
2241 2951 2298 3003 δὲ
2328 2947 2516 3019 τρόπῳ
2542 2946 2726 3016 φαμὲν
2755 2945 3012 3014 γενέσθαι
3038 2944 3131 2997 τὸν
3157 2942 3396 3014 Χριστὸν
3429 2940 3566 3011 μετά
3587 2939 3686 3012 τὴν

2106 3043 2411 3097 ἀνάστασιν
2464 3038 2836 3109 ἀνθρωπίναις
2873 3038 3041 3106 ἁφαῖς
3076 3036 3138 3088 ού
3168 3033 3397 3106 ληπτὸν,
3440 3030 3689 3102 άνιχνεύ·

2112 3149 2322 3201 σωμεν,
2367 3132 2442 3194 ὼς
2488 3129 2556 3185 ἂν
2613 3130 2941 3200 δυνηθῶμεν
3004 3128 3145 3199 μετὰ
3204 3126 3417 3182 Παύλου
3468 3126 3684 3178 εἰπεῖν·

420 3224 745 3278 naturaliter
768 3224 962 3289 Pater;
1005 3232 1194 3277 noster
1211 3236 1338 3274 vero
1370 3234 1466 3288 per
1505 3221 1680 3288 ipsum
1705 3218 2000 3274 secundum

2115 3244 2134 3279 ι
2177 3194 2241 3279 ΠΙ
2277 3194 2372 3278 καὶ
2401 3194 2905 3295 ἐγνώκαμενκατά
2927 3194 3108 3290 σάρκα
3138 3217 3398 3290 Χριστὸν,
3429 3217 3567 3272 ἀλλὰ
3592 3217 3689 3272 νῦν

411 3312 673 3382 gratiam.
691 3311 808 3377 Quo
825 3327 950 3366 vero
965 3311 1122 3364 modo
1138 3312 1378 3364 dii-amns
1393 3309 1671 3364 Christum
1688 3318 1812 3378 post
1827 3323 2007 3363 resur-

423 3403 723 3456 rectionem
746 3417 856 3455 non
881 3403 1119 3469 potuisse
1145 3401 1348 3471 percipi
1369 3401 1481 3470 (44)
1506 3401 1741 3455 humano
1754 3407 2005 3455 contactu

425 3493 838 3561 investigemtts,
873 3502 929 3544 ut
957 3493 1138 3546 dicere
1163 3507 1282 3545 cum
1322 3491 1485 3546 Paulo
1507 3491 1807 3560 possimus:
1834 3508 1853 3542 ι
1881 3491 2008 3548 Etsi

426 3583 674 3636 novimus
702 3582 999 3637 secundum
1031 3597 1248 3638 carnem
1277 3581 1554 3638 Christum
1573 3582 1712 3652 (45),
1740 3583 1835 3638 sed
1866 3598 2010 3638 nunc

417 3672 439 3741 j
463 3688 531 3724 im
549 3687 651 3726 non
677 3674 926 3728 novimus
941 3674 1039 3729 ⁸⁸.»
1059 3674 1191 3729 Cum
1209 3675 1367 3742 primi
1393 3673 2010 3744 parentistransgressio

425 3765 732 3818 crassitiem
758 3766 939 3820 carnis
968 3767 1125 3820 nobis
1157 3765 1429 3820 induxerit
1458 3763 1595 3836 (46),
1619 3777 1784 3834 quam
1823 3778 2007 3821 sermo

499 3900 548 3932 ⁸⁸
573 3898 730 3956 Joan.
765 3916 866 3968 xu,
901 3901 993 3958 52.
1067 3902 1114 3934 ⁸⁸
1145 3900 1190 3957 ιι
1218 3900 1346 3958 Cor.
1385 3917 1440 3968 ν,
1467 3902 1558 3956 l6.

2111 3315 2214 3369 οὐκ
2251 3315 2333 3368 ἔτι
2365 3315 2715 3384 γινώσκομεν
2753 3329 2765 3343 ·
2807 3331 2826 3366 ι
2866 3314 2968 3382 τῆς
2999 3310 3094 3365 τοῦ
3128 3309 3480 3382 προπάτορος
3510 3325 3690 3378 παρα-

2112 3407 2328 3470 ϐάσεως
2355 3405 2417 3459 τὸ
2450 3405 2626 3475 πάχος
2649 3405 2710 3458 τὸ
2737 3404 2838 3476 τῆς
2870 3401 3073 3476 σαρκὸς
3100 3401 3512 3474 προξενησάσης
3536 3402 3689 3473 ἡμῖν,

2111 3499 2251 3570 ὅπερ
2289 3497 2606 3569 ήθεολογία
2657 3495 3022 3570 δερματίνους
3066 3495 3306 3566 χιτῶνας
3338 3495 3617 3558 ἐκάλεσεν,
3660 3494 3691 3546 ὁ

2111 3583 2282 3638 ἐλθὼν
2323 3582 2420 3636 ἐπὶ
2454 3584 2516 3635 τὸ
2554 3581 2655 3651 τὴν
2713 3582 2881 3650 φύσιν
2941 3581 3450 3652 ἐπανορθώσασθαι,
3497 3578 3692 3648 γέγονε

2115 3673 2217 3744 μὲν
2249 3674 2389 3743 ὅπερ
2416 3668 2485 3744 ἦν
2517 3674 2547 3726 ὁ
2592 3672 2764 3742 Ἀδάμ
2801 3671 2939 3742 μετὰ
2971 3671 3070 3742 τὴν
3098 3669 3412 3741 παράϐασιν
3441 3685 3457 3702 ·
3501 3666 3694 3722 παθὼν

2110 3763 2170 3816 δὲ
2216 3765 2311 3818 καὶ
2341 3764 2602 3831 ἀναστὰς,
2644 3761 3097 3834 μετεστοιχείωσε
3134 3763 3234 3830 τὴν
3261 3761 3424 3832 φύσιν
3453 3763 3534 3825 είς
3555 3763 3696 3832 ὅπερ

1657 4023 1988 4085 Francisei
2025 4023 2239 4086 Scorsi
2267 4032 2457 4086 notia.

428 4149 738 4202 necessitate
783 4157 1014 4220 natur-te,
1045 4161 1096 4202 et
1147 4149 1347 4220 alioqui
1392 4150 1549 4204 liabet
1595 4149 1770 4204 dotem
1812 4153 2016 4206 subtili-

429 4222 605 4271 tatis:
667 4222 805 4270 unde
840 4219 1020 4291 litat,
1059 4222 1104 4273 si
1146 4222 1293 4282 velit,
1342 4223 1507 4287 possit
1557 4223 2010 4291 resisteretactui,

428 4305 592 4357 neque
643 4302 735 4354 per
796 4288 1079 4358 qualitates
1116 4290 1461 4344 elementares
1501 4291 1634 4344 illud
1705 4288 2011 4356 immutare,

429 4373 478 4411 et
540 4362 656 4410 ideo
707 4358 752 4410 si
797 4359 1044 4422 noluerit,
1111 4375 1213 4414 non
1263 4363 1450 4424 poterit
1511 4363 1746 4428 palpari.
1813 4363 2014 4416 Deinde

427 4435 592 4497 potest
629 4428 675 4481 si
732 4427 853 4480 velit
901 4445 1000 4481 sua
1039 4431 1337 4498 quantitate
1411 4427 1655 4485 resistere
1714 4430 1871 4485 alteri
1896 4449 2012 4485 cor-

429 4514 544 4562 porr
578 4513 684 4550 non
720 4502 911 4551 utendo
954 4499 1076 4552 dote
1106 4500 1439 4563 subtilitatis,
1485 4517 1574 4553 nec
1609 4517 1664 4555 se
1683 4504 2006 4570 penetrando

427 4584 550 4621 cum
591 4581 672 4630 eo,
720 4585 884 4637 neque
928 4570 1004 4621 illi
1053 4570 1285 4624 cedendo
1325 4584 1344 4632 ,'

433 4640 648 4710 cereuin
687 4639 836 4690 aliud
901 4653 1115 4706 corpus,
1178 4657 1339 4710 neque
1399 4657 1492 4710 per
1543 4657 1670 4694 suas
1716 4639 2011 4710 qualitates

435 4707 641 4760 tactiles
696 4709 830 4760 illud
885 4707 1374 4775 itittnutartdo,'aut
1400 4707 1628 4779 speciem
1679 4707 2010 4766 intentioua-

429 4779 533 4830 lem
567 4779 935 4855 imprimendo,
977 4780 1101 4848 quia
1129 4782 1240 4832 Ita'c
1288 4780 1453 4842 actio,
1486 4792 1539 4855 ut
1579 4781 1712 4855 dixi,
1738 4793 1812 4834 est
1840 4785 2011 4836 libera

432 4851 637 4914 corpori
664 4849 914 4917 glorioso,
963 4863 1007 4902 et
1038 4861 1231 4902 nonest
1266 4852 1560 4904 necessaria
1586 4853 1868 4918 conjuncta
1889 4869 2008 4906 cum

431 4932 605 4992 priore
659 4921 1001 4992 resistentia;
1050 4929 1206 4986 atque
1259 4922 1378 4992 ltoc
1415 4927 1566 4973 modo
1599 4931 1766 4988 potest
1819 4939 2010 4992 corpus

433 4985 723 5066 gloriosum
777 4989 1040 5066 resistere,
1077 5001 1121 5041 et
1154 5006 1256 5042 non
1291 4991 1503 5058 palpari
1530 4985 1606 5042 atl'
1633 5008 1752 5044 eum
1796 4985 2010 5046 modum

437 5071 537 5125 quo
569 5059 622 5106 id
665 5069 833 5124 posset
879 5061 1177 5128 contingere
1205 5063 1256 5111 in
1285 5075 1500 5129 coipore
1539 5061 1752 5117 cia/esti.
1832 5062 2010 5116 Potest

437 5138 612 5179 cutem
671 5144 860 5195 corpus
903 5130 1190 5197 gloriosum
1237 5146 1331 5183 suo
1386 5131 1547 5182 etiam
1609 5131 1826 5186 arbitrio
1877 5135 2012 5186 resi-

433 5207 573 5270 stere
599 5199 793 5270 tactui,
819 5200 1152 5252 intntutamlo
1196 5199 1329 5252 illud
1359 5217 1450 5268 per
1473 5203 1763 5270 qualitates
1789 5202 2014 5256 sensibi-

434 5267 533 5348 les,
578 5280 740 5348 atque
777 5269 870 5320 lior
927 5276 1110 5348 modo.
1139 5281 1307 5348 potest
1333 5267 1581 5348 palptiri._
1606 5270 1720 5348 __Est
1773 5289 1896 5340 ergo
1957 5281 2011 5325 ut

436 5340 514 5389 ita
545 5340 754 5409 _d_icam,
813 5355 999 5406 corpus
1057 5340 1350 5408 gloriosum
1396 5343 1664 5409 palpabile
1720 5346 2016 5396 voluntarie

437 5415 486 5458 et
535 5405 718 5473 libere,
754 5425 856 5461 non
901 5405 966 5462 ea:
1017 5405 1346 5463 nécessitme.
1396 5405 1525 5463 itare
1566 5428 1631 5464 ex
1687 5412 1884 5467 Suario
1923 5430 2020 5466 ex-

437 5477 665 5544 scripsi,
717 5487 778 5550 nt
827 5481 1294 5533 animadverteres
1324 5495 1482 5548 quam
1535 5480 1863 5550 θεολογικῶς
1912 5500 2014 5537 uo-

437 5556 547 5600 ster
573 5549 760 5614 paucis
800 5551 981 5603 verbis
1011 5552 1150 5602 idem
1179 5552 1526 5616 expresserit,
1552 5567 1674 5603 cum
1706 5549 1900 5606 ithcit:
1931 5553 2006 5606 Ού

436 5617 549 5686 γὰρ
573 5617 658 5690 έτι
689 5619 893 5688 σαρκὸς
942 5621 1190 5690 επιξέρω
1257 5621 1544 5690 παχύτητα
1575 5620 1649 5684 ὠς
1681 5624 1847 5690 ἀραῖς
1881 5627 2014 5677 ὐπο-

438 5687 659 5762 κεῖσθαι
714 5687 834 5752 ταῖς
898 5693 1057 5751 σαίςο
1118 5687 1245 5742 Non
1293 5687 1432 5742 enim
1460 5687 1631 5743 etiam
1675 5687 1811 5746 nunc
1837 5695 2013 5747 carnis

441 5769 739 5838 frasstttem
780 5762 1016 5838 profero,
1046 5776 1286 5838 qumque
1314 5764 1694 5838 conlaetuiluo
1717 5763 2012 5831 subjaceat.

440 5823 510 5878 ﬁt
545 5823 788 5896 idipsum'
838 5823 999 5900 paulo
1045 5823 1360 5890 inl‘ra'cum
1410 5830 1678 5908 ait:_Per
1732 5823 2012 5890 dispensa-

2119 4153 2318 4206 tionem
2369 4152 2592 4222 factum,
2629 4161 2684 4205 ut
2720 4169 2755 4204 a
2810 4151 3120 4222 mulieribus
3184 4147 3317 4222 aliis
3365 4157 3695 4218 tangeretur.

2118 4220 2386 4277 Nimirum
2409 4223 2536 4291 quia
2575 4226 2648 4276 ita
2691 4222 2861 4275 voluit
2893 4225 2958 4275 ad
2984 4220 3414 4275 conﬁrmandum
3452 4233 3700 4275 resurre-

2116 4293 2317 4364 Ctionis
2345 4293 2700 4364 mysterium.

2190 4363 2300 4432 (45)
2335 4358 2762 4417 Incredutitatis.
2815 4362 2951 4416 Tres
2992 4359 3300 4432 explicandi
3328 4358 3539 4423 modos,
3561 4373 3700 4428 quos

2116 4429 2396 4487 all'ert'hic
2425 4443 2615 4486 auctor
2644 4435 2790 4487 circa
2836 4434 2925 4486 illa
2953 4429 3118 4486 verba
3147 4448 3163 4484 :
3196 4429 3321 4484 Noli
3357 4445 3439 4482 me
3462 4440 3697 4497 tangere,

2116 4519 2237 4572 qua:
2289 4504 2624 4557 multimodis
2677 4506 2746 4558 ab
2777 4503 3164 4571 interpretibus
3210 4510 3264 4556 et
3323 4500 3572 4572 Patribus
3599 4500 3688 4572 de-

1399 4580 1448 4623 et
1496 4569 1849 4625 tanten’niliil
1881 4574 2004 4640 ei'ﬁ-
2042 4574 2086 4629 D
2118 4569 2420 4638 clarantur,
2486 4575 2720 4641 primum
2750 4575 2820 4627 ob
2875 4569 3228 4626 subtilitatem
3277 4569 3526 4641 corporis
3584 4570 3702 4637 glo-

2123 4645 2276 4709 riosi,
2331 4639 2626 4697 secundum
2677 4645 2746 4697 ob
2808 4642 3050 4696 mulieris
3097 4639 3561 4709 incredulitatem,
3593 4651 3704 4692 ter-

2121 4707 2355 4767 tium-de
2387 4713 2620 4783 spiritali
2655 4723 2825 4774 tactu,
2875 4711 3112 4766 alierum
3138 4711 3416 4783 Aeliam}.
3448 4707 3701 4783 lustinus

2123 4783 2334 4854 Martyr
2384 4776 2577 4854 quaest.
2627 4783 2697 4838 ad
2755 4784 3046 4854 orthodox.
3094 4779 3186 4854 48,
3221 4791 3278 4835 et
3307 4776 3410 4854 .S._
3445 4777 3699 4854 Cy_rillus,

2123 4855 2218 4924 lib.
2247 4846 2322 4908 in
2357 4846 2419 4907 iri
2449 4853 2612 4907 Joan.
2641 4871 2660 4919 ;
2694 4852 3053 4924 S.Cbt'ysost.
3080 4853 3239 4924 hom.
3282 4848 3346 4924 de
3493 4846 3703 4924 Joanne

2125 4923 2418 4992 Baptista;
2476 4923 2536 4979 S.
2584 4917 2840 4978 Ambros.
2877 4917 3044 4992 Serm.
3076 4921 3188 4992 583
3220 4929 3276 4973 et
3313 4920 3363 4972 in
3389 4917 3534 4971 Psal.
3573 4931 3701 4983 ην,

2122 5004 2177 5047 et
2209 4989 2322 5048 'tib.
2374 4995 2588 5050 Comm.
2625 4995 2678 5048 in
2720 4994 2850 5047 Luc.
2887 5008 2960 5058 x;
3007 4991 3067 5046 S.
3125 4989 3444 5060 Hierony‘m.
3493 4995 3702 5060 quaest.

2124 5074 2178 5124 5,
2223 5063 2548 5127 chidiatn;
2606 5063 2666 5117 S.
2697 5064 2922 5132 August.
2985 5064 3144 5131 epist.
3176 5060 3243 5113 58
3466 5059 3699 5128 Gregor.

2121 5132 2280 5256 ςγδι).
2311 5145 2454 5188 orat.
2486 5133 2542 5197 2,
2591 5138 2653 5188 de
2683 5128 2986 5188 llesitrrect.
3023 5128 3178 5187 citati
3214 5145 3243 5183 a
3281 5128 3595 5183 Maldonato
3649 5131 3704 5180 in

2163 5221 2286 5256 oatt.
2330 5220 2449 5256 can.
2485 5219 2578 5256 xx.

2163 5221 2286 5256 oatt.
2330 5220 2449 5259 ('30.
2485 5219 2578 5259 xx.

2194 5221 2306 5343 (14,2)
2476 5220 2705 5342 riguisse
2722 5273 2940 5344 percipi.
2961 5271 3039 5325 Ex
3065 5270 3390 5326 necessitate
3410 5269 3710 5344 scilicet_ut

2125 5346 2178 5398 in
2203 5340 2681 5412 ‘co'rpure'adhuc
2725 5340 2944 5398 mortali
2996 5346 3270 5406 usuvenit,
3328 5344 3471 5410 quod
3527 5340 3708 5408 posito

2128 5424 2379 5468 contactu
2438 5415 2664 5468 alterius
2723 5419 2968 5482 corporis
3023 5413 3332 5466 necessario
3363 5426 3524 5466 sensu
3581 5427 3712 5482 per-

2125 5488 2348 5552 cipitur,
2392 5494 2452 5538 ut
2495 5481 2831 5552 explicatum
2873 5495 2958 5540 est
2990 5493 3102 5537 not.
3165 5498 3415 5551 proxuma
3442 5481 3479 5552 4
3509 5481 3632 5535 et5.

2197 5555 2310 5626 (45)
2341 5553 2414 5608 Et
2449 5554 2497 5606 si
2534 5550 2770 5609 novimus
2833 5554 3122 5608 secundum
3161 5550 3375 5626 cantent
3412 5550 3707 5607 Christum.

2124 5623 2304 5679 Sensu
2348 5627 2460 5694 jam
2497 5629 2762 5692 explicato
2805 5627 2966 5695 paulo
2990 5641 3154 5691 supra
3186 5639 3297 5695 not.
3331 5624 3421 5678 42.

2201 5695 2313 5765 (ιο)
2345 5693 2652 5749 Crassitiem
2683 5693 2830 5750 nobis
2863 5699 3151 5749 induxerit.
3211 5693 3363 5760 Eam,
3417 5710 3535 5762 qua:
3566 5693 3715 5748 dicta

2129 5779 2218 5892 es:
2267 5781 2433 5892 διέξιθι
2494 5773 2610 5838 not.
2677 5767 2766 5832 42,
2835 5779 2888 5823 et
2941 5768 3243 5836 ιιιαιδοιυιη
3293 5769 3357 5820 ad
3403 5769 3550 5820 hun.
3617 5765 3717 5831 Si,

2129 5852 2194 5892 nu
2227 5875 2240 5891 .
2376 5875 2390 5890 .

2124 5847 2240 5893 not.
2301 5838 2390 5892 59.
