4042 6390
376 396 484 461 (81

1699 391 2033 452 HOMILIA
2075 390 2304 450 XXXV.

3545 385 3656 449 63?.

373 511 447 586 ἦν
480 517 508 566 ὁ
541 509 825 583 ἄνθρωπος
857 508 960 578 πρὸ
987 509 1083 575 τῆς
1112 505 1501 576 παραϐάσεως,
1532 503 1658 566 τοὺς
1691 507 1968 572 προῦφαν-

2079 500 2290 553 divinus
2324 496 2576 566 pelliceas
2614 494 2844 563 appellat
2873 494 3082 548 tunicas
3107 493 3242 564 (47),
3296 497 3385 565 qui
3420 497 3486 551 ad
3545 507 3662 552 na-

370 605 576 664 θέντας
626 599 867 671 χιτῶνας
921 595 1399 664 ἀπεκδυσάμενος.
1468 593 1793 656 Ἀνάστασις
1855 594 1961 662 γάρ

372 695 528 746 ἐστιν
583 692 616 762 ή
663 691 745 754 είς
793 687 857 740 τὸ
909 689 1139 758 ἀρχαῖον
1185 685 1638 747 ἀποκατάστασις
1681 699 1695 712 ·
1755 684 1824 753 ἢν
1871 684 1966 736 καὶ

374 782 542 851 ἡμεῖς
573 775 993 848 ἀπεκδεχόμεθα
1026 779 1082 829 ὲν
1107 778 1172 846 τῇ
1209 774 1606 844 παλιγγενεσία
1631 773 1841 838 λαϐεῖν,
1866 773 1966 844 χά-

376 888 488 939 ριτι
526 869 622 924 τοῦ
652 867 1248 940 μεταστοιχειώσαντος
1279 868 1350 921 δι’
1382 866 1578 920 ἑαυτοῦ
1621 867 1719 919 καὶ
1746 865 1964 935 ἀφθαρ-

370 963 631 1026 τίσαντος
664 961 766 1033 τὴν
814 961 980 1030 φύσιν
1009 961 1189 1032 ἡμῶν,
1231 958 1327 1012 τοῦ
1383 959 1616 1030 Κυρίου,
1665 957 1759 1010 καὶ
1802 957 1961 1022 Θεοῦ,

373 1056 476 1108 καὶ
521 1057 775 1124 Σωτῆρος
805 1053 966 1123 ἡμῶν
1013 1053 1188 1123 Ἰησοῦ
1236 1050 1502 1123 Χριστοῦ,
1557 1045 1600 1117 ᾧ
1643 1051 1676 1120 ἡ
1719 1049 1849 1116 δόξα
1881 1050 1964 1113 εἰς

331 1121 504 1215 frob;
545 1146 751 1210 αἰῶνας
781 1145 889 1198 τῶν
917 1145 1154 1200 αἰώνων.
1198 1145 1392 1214 Ἀμήν.

2077 601 2252 644 turam
2282 599 2526 643 nostram
2561 587 2956 641 restituendam
2989 587 3158 651 venit,
3213 586 3386 642 factus
3427 600 3513 644 est
3541 591 3662 659 qui-

2076 685 2198 738 dem
2248 681 2391 750 quod
2436 679 2606 734 Adam
2638 687 2757 749 post
2788 679 3280 748 transgressionem
3313 681 3426 752 (48)
3462 698 3475 735 :
3512 693 3655 750 post-

2073 787 2234 841 quam
2269 785 2461 836 passus
2492 776 2596 834 est,
2632 777 2686 823 et
2715 769 3020 824 resurrexit
3052 769 3367 824 reformavit
3409 781 3658 825 naturam

2076 865 2190 936 (49)
2221 865 2288 917 ad
2320 863 2394 928 id,
2447 864 2589 931 quod
2623 871 2742 916 erat
2790 862 2950 917 homo
2991 872 3118 917 ante
3169 865 3659 932 transgressionem

2072 971 2278 1009 exuens
2302 956 2514 1007 tunicas
2543 954 2685 1018 ﬂante
2716 963 3017 1008 contextas.
3043 953 3391 1008 Resurrcetio
3422 955 3567 1007 enim
3605 955 3658 1008 in
3717 1018 3725 1025 _

2072 1047 2364 1116 pristinum
2391 1053 2596 1100 statum
2623 1054 2706 1099 est
2733 1047 3005 1100 restitutio
3037 1065 3050 1100 :
3078 1061 3237 1115 quam
3260 1047 3395 1101 etin
3429 1063 3659 1118 regene-

2076 1139 2285 1192 ratioue
2312 1137 2568 1206 consequi
2593 1147 2991 1205 exspectamus,
3022 1138 3192 1206 gratia
3211 1139 3325 1203 ejus
3355 1141 3444 1208 qui
3479 1155 3572 1208 per
3601 1155 3662 1193 se

371 1240 551 1306 ipsum
593 1239 932 1304 reformavit,
970 1247 1024 1294 et
1073 1239 1478 1306 incorruptione
1543 1237 1763 1292 donavit
1803 1244 2056 1290 naturam
2113 1242 2375 1300 nostram,
2423 1231 2660 1297 Domini,
2711 1239 2765 1286 et
2824 1231 2918 1286 Dei
2960 1232 3259 1288 Salvatoris
3314 1235 3488 1290 nostri
3527 1233 3660 1290 Iesu

369 1335 602 1402 Christi,
645 1335 733 1390 cui
769 1333 937 1405 gloria
977 1336 1028 1388 iu
1058 1334 1251 1390 smcula
1285 1334 1631 1389 saeculorum.
1671 1333 1864 1388 Amen.

960 1449 1201 1504 OMIAIA
1239 1447 1364 1504 AE'.

767 1568 872 1632 Εὶς
906 1564 970 1618 τό
1009 1565 1269 1618 ἔννατον
1301 1563 1570 1616 ἑωθινόν.

451 1702 471 1734 ι
510 1680 689 1748 Οῦσης
711 1680 872 1750 ὀψίας
901 1683 966 1751 τῇ
1005 1679 1194 1751 ἡμέρᾳ
1226 1679 1431 1750 ἐκείνῃ.
1463 1681 1530 1748 τῇ
1560 1679 1659 1748 μιᾷ
1689 1677 1796 1732 τῶν
1827 1676 1966 1730 Σαϐ-

365 1776 588 1840 εάτων,
623 1775 714 1826 καὶ
741 1775 854 1826 τῶν
882 1773 1065 1844 θυρῶν
1096 1772 1510 1841 κεκλεισμένων
1529 1815 1542 1837 ,
1578 1771 1713 1823 ὅπου
1747 1765 1886 1841 ἦσαν
1917 1770 1966 1821 οἱ

2592 1442 2879 1500 ΗΟΜΞῌΑ
2919 1444 3137 1500 XXXV.

2528 1559 2593 1612 In
2627 1576 2820 1614 nonum
2857 1562 3206 1616 matutinum.

2142 1697 2163 1729 ‹
2212 1679 2344 1732 Cum
2384 1690 2509 1732 sero
2543 1685 2691 1731 esset
2717 1675 2804 1729 die
2839 1675 2929 1728 illa
2956 1716 2970 1738 ,
3029 1691 3138 1730 una
3175 1677 3576 1747 Sabbatorum,
3610 1693 3665 1738 et

2074 1774 2223 1830 fores
2279 1781 2465 1828 essent
2517 1772 2758 1834 clausae,
2811 1771 2901 1825 ubi
2936 1783 3093 1825 erant
3130 1774 3380 1843 discipuli
3431 1791 3662 1846 congre-

371 1867 622 1938 μαθηταὶ
654 1863 1008 1936 συνηγμένοι,
1041 1885 1060 1916 ι
1097 1864 1368 1934 Ζητητέον
1399 1865 1512 1925 τοῖς
1541 1862 1649 1915 τῶν
1679 1861 1842 1932 ἱερῶν
1861 1863 1967 1914 Λο-

2079 1867 2184 1935 gati
2220 1867 2288 1920 ⁸⁷.
2329 1884 2348 1918 ›
2391 1865 2756 1932 Qumreudum
2809 1865 3025 1919 videtur
3056 1865 3124 1919 iis
3177 1867 3269 1935 qui
3319 1883 3477 1923 sacra
3512 1885 3666 1924 scru-

371 1961 513 2027 γίων
540 1959 874 2038 ἐξετασταῖς,
900 1958 988 2012 διὰ
1015 1958 1067 2010 τί
1098 1960 1217 2020 ταῖς
1249 1957 1346 2027 μὲν
1376 1957 1611 2024 γυναιξὶ,
1645 1954 1965 2009 ἀνατείλανο

371 2071 469 2116 τος
507 2055 601 2106 τοῦ
649 2053 837 2122 ἡλίου,
887 2051 982 2106 καὶ
1031 2051 1234 2122 ὄρθρου
1287 2049 1477 2119 βαθέος
1525 2049 1682 2118 ὤφθη
1729 2047 1967 2119 Χριστὸς

373 2145 519 2215 μετὰ
546 2144 642 2216 τὴν
669 2143 986 2208 ἀνάστασιν,
1033 2143 1147 2203 τοῖς
1193 2141 1248 2193 δὲ
1301 2139 1592 2210 μαθηταῖς,
1637 2137 1818 2208 πέρας
1863 2135 1966 2204 ἥδη

369 2236 632 2299 λαϐόντος
669 2237 762 2288 τοῦ
804 2233 1066 2305 ἠμερινοῦ
1106 2232 1496 2302 διαστήματος.
1536 2231 1646 2283 Καί
1684 2231 1828 2282 κατὰ
1869 2226 1968 2297 μὲν

372 2329 441 2382 τὸ
470 2330 568 2398 τῆς
606 2329 848 2400 ἱστορίας
885 2324 1199 2391 ἀκόλουθον,
1238 2324 1534 2394 ἐπειδήπερ
1567 2321 1710 2382 εἰκὸς
1743 2317 1810 2390 ἦν
1843 2319 1968 2381 τοὺς

374 2420 654 2488 μαθητὰς,
686 2420 898 2490 ἡμέρας
937 2418 1038 2489 μὲν
1070 2417 1228 2471 ἄλλον
1259 2415 1496 2486 ἀλλαχοῦ
1531 2411 1964 2473 διασκίδνασθαι,

366 2512 451 2576 ὡς
469 2512 586 2565 ἐστι
614 2511 1016 2583 τεκμαίρεσθαι
1045 2511 1153 2563 ἀπὸ
1182 2509 1291 2562 τῶν
1324 2506 1702 2578 πορευθέντων
1726 2507 1805 2568 εἰς
1834 2505 1967 2572 Ἐμ-

373 2603 552 2674 μαούς
578 2618 592 2633 ⁶
633 2606 712 2667 εἰς
745 2603 803 2656 ἓν
851 2603 908 2656 δὲ
944 2603 1142 2666 αὐτοὺς
1178 2601 1412 2671 συνῆγεν
1449 2603 1480 2670 ἡ
1518 2600 1614 2664 νύξ
1638 2617 1652 2629 ”
1688 2599 1776 2652 διὰ
1809 2597 1968 2650 τοῦτο

366 2697 539 2767 ὀψίας
572 2697 756 2758 αὐτοῖς
790 2696 1157 2763 ἐπιφαίνεται.
1192 2693 1406 2756 Νυκτὸς
1439 2694 1548 2763 γὰρ
1584 2691 1970 2762 συνηγείροντο

368 2791 432 2844 ὲν
463 2794 531 2861 τῇ
567 2790 715 2862 οἰκίᾳ
746 2790 916 2853 Σιὼν,
951 2790 1045 2844 καὶ
1082 2791 1147 2860 τῇ
1173 2789 1311 2860 ,περὶ
1339 2786 1432 2839 τοῦ
1455 2784 1787 2839 Διδασκάλου
1821 2782 1967 2853 λύπῃ

368 2883 768 2952 ἀσχάλλοντες,
803 2883 896 2936 καὶ
930 2881 1008 2951 τῷ
1040 2881 1148 2934 τῶν
1191 2880 1458 2934 Ἰουδαίων
1495 2877 1646 2948 φόϐῳ
1681 2877 1966 2939 ἀλύοντες,

372 2978 460 3040 είς
503 2975 562 3029 ἓν
599 2977 870 3039 συνιόντες
912 2974 1289 3029 ἀνεκοινοῦντο
1321 2974 1381 3027 τὸ
1425 2972 1631 3035 πάθος,
1667 2973 1788 3033 ταῖς
1829 2986 1970 3040 χρη-

371 3069 537 3129 σταῖς
567 3065 663 3118 τοῦ
704 3066 958 3136 Σωτῆρος
999 3063 1349 3133 ἐπαγγελίαις
1401 3063 1496 3126 τὰς
1533 3062 1714 3132 ψυχὰς
1760 3060 1971 3132 ριπιζόο

371 3177 556 3230 μενοι.
594 3159 908 3228 Ἐφίσταται
961 3159 1093 3226 γοῦν
1141 3158 1301 3227 ὀψίας
1349 3158 1556 3222 αὐτοῖς,
1604 3157 1700 3209 καὶ
1753 3155 1970 3208 ἵσταται

2080 1965 2266 2012 tantur
2298 1956 2525 2024 Eloquia
2554 1996 2569 2022 ,
2607 1955 2739 2024 quid
2776 1955 2849 2008 sit
2877 1957 3019 2023 quod
3054 1955 3376 2012 mulieribus
3403 1969 3525 2014 orto
3550 1963 3662 2028 jam

2077 2051 2223 2115 sole,
2255 2060 2306 2105 et
2340 2049 2502 2105 valde
2559 2049 2797 2103 diluculo
2828 2058 2947 2117 post
2989 2051 3447 2107 resurrectionem
3498 2069 3668 2124 appa.

2079 2145 2253 2199 ruerit
2280 2143 2562 2209 Dominus,
2595 2141 2880 2210 discipulis
2910 2157 3062 2204 vero,
3099 2157 3223 2197 cum
3251 2143 3510 2199 diurnum
3537 2163 3664 2216 sna-

2082 2237 2215 2292 tium
2248 2237 2361 2307 jatn
2393 2244 2615 2306 caperet
2665 2237 2849 2289 tinem.
2888 2233 2954 2289 Et
2996 2235 3222 2306 quidem
3259 2237 3304 2290 si
3332 2240 3488 2306 juxta
3530 2255 3666 2295 con-

2081 2339 2370 2399 gruentem
2401 2328 2645 2382 historiae
2703 2342 2922 2382 sensum
2962 2328 3012 2382 id
3046 2329 3457 2386 consideremus
3479 2375 3493 2397 ,
3531 2348 3667 2402 quo-

2078 2422 2223 2474 niam
2288 2419 2589 2475 verisimile
2643 2429 2748 2484 est,
2798 2421 3030 2474 interdiu
3080 2421 3186 2475 alio
3230 2423 3366 2477 alios
3418 2425 3664 2495 dilapsos

2076 2526 2218 2576 esse,
2261 2512 2581 2582 discipulos,
2613 2520 2672 2565 ut
2720 2528 2786 2567 ex
2834 2513 3158 2568 abeuntibus
3191 2515 3246 2569 in
3281 2515 3662 2572 Emmauntem

2077 2607 2350 2677 conjicere
2424 2615 2532 2661 est.
2593 2607 2666 2659 At
2717 2621 2845 2660 vero
2904 2606 3070 2678 248
3121 2609 3173 2661 in
3214 2625 3381 2663 unum
3419 2627 3525 2667 nox
3570 2629 3666 2669 eos

2078 2699 2304 2771 cogebat
2357 2717 2372 2753 :
2422 2699 2542 2754 ideo
2615 2714 2738 2752 cum
2801 2714 2926 2754 sero
2987 2708 3167 2764 esset,
3249 2702 3378 2757 illis-
3418 2717 3664 2774 apparet.

2080 2792 2216 2846 Cum
2256 2799 2662 2857 vesperasceret
2694 2789 2837 2842 enim
2883 2789 2937 2844 in
2977 2790 3194 2844 domum
3227 2790 3407 2848 Sionis
3435 2809 3662 2866 congre-

2081 2883 2390 2951 gabantur;
2445 2882 2597 2936 etde
2652 2881 2899 2949 Magistri
2968 2895 3096 2936 casu
3150 2883 3336 2939 dolore
3367 2885 3579 2954 afﬂicti,
3615 2902 3667 2943 ει

2086 2969 2396 3025 Judmorum
2429 2981 2574 3025 metu
2629 2972 2926 3026 exanimati
2983 2974 3038 3027 in
3076 2989 3240 3027 unum
3283 2978 3668 3034 convenientes

2083 3063 2338 3119 affectum
2378 3063 2581 3126 animi,
2628 3063 2769 3117 alter
2807 3079 2928 3118 cum
2963 3065 3140 3119 altero
3169 3068 3666 3133 communicabant,

2082 3165 2135 3209 et
2165 3154 2323 3209 bonis
2349 3153 2650 3208 Salvatoris
2675 3152 3127 3223 promissionibus
3171 3157 3477 3211 animorum
3527 3159 3667 3228 igni-

373 3221 570 3322 μέσον,
604 3221 691 3306 ἵνα
725 3253 952 3320 γένηται
973 3221 1120 3305 ⁷πᾶσι
1157 3221 1496 3320 καταφανής.
1529 3247 1879 3318 ⁹Υψη).οτέρῳ
1915 3247 1968 3300 δὲ

2080 3249 2234 3302 culos
2265 3247 2604 3302 excitabant.
2656 3221 2793 3302 Sero
2848 3247 3014 3317 igitur
3050 3247 3158 3302 illis
3205 3251 3400 3316 adest,
3451 3263 3502 3306 et
3538 3221 3667 3307 etni-

370 3347 566 3418 τρόπῳ
586 3387 600 3412 ,
634 3345 764 3415 ὀψία
797 3342 864 3418 ἦν
894 3348 1006 3408 τοῖς
1045 3346 1317 3417 μαθηταῖς
1343 3362 1357 3376 ο
1389 3341 1531 3416 ἦσαν
1566 3342 1678 3414 γὰρ
1706 3344 1771 3414 τῇ
1808 3341 1970 3412 ἀχλύῖ

455 3503 500 3534 ⁸⁷
530 3501 686 3559 Joan.
726 3521 831 3569 xx,
872 3503 938 3558 t9
973 3516 1127 3572 seqq.
1181 3569 1188 3573 _

2080 3342 2224 3397 sistit
2248 3341 2302 3396 in
2332 3341 2531 3408 medio,
2553 3351 2610 3395 ut
2633 3341 2886 3398 omnibus
2914 3342 3242 3413 conspicuus
3272 3353 3435 3400 esset.
3463 3346 3669 3403 Altiore

1619 3615 1948 3679 Francisei
1987 3620 2196 3681 Seorsi
2229 3626 2415 3681 notae.

457 3761 571 3831 (47)
610 3760 872 3816 Pelliceas
906 3761 1133 3815 tunicas.
1164 3761 1370 3816 Alludit
1409 3760 1474 3814 ad
1532 3759 1658 3814 illud
1692 3760 1826 3816 Geu.
1863 3778 1961 3816 tu:

387 3832 541 3886 Fecit
590 3849 794 3900 quoque
846 3832 1104 3886 Dominus
1157 3831 1297 3885 Deus
1332 3831 1484 3894 Λάαν,
1532 3841 1579 3884 et
1633 3833 1787 3885 uxori
1854 3835 1967 3901 ejus

376 3905 591 3956 tunicas
620 3902 898 3974 pelliceas:
945 3903 1120 3958 Graec.
1174 3901 1354 3974 LXX:
1403 3901 1659 3965 Χιτῶνας
1706 3903 1968 3974 δερματί-

382 3991 534 4038 νους,
586 3989 724 4041 quas
765 3973 825 4027 S.
859 3972 1156 4041 Gregorius
1214 3973 1478 4028 Nazianz.
1507 3989 1667 4042 quem
1703 3972 1886 4028 uoster
1913 3984 1972 4029 ut

381 4059 530 4112 saepe
578 4045 630 4096 iu
684 4045 766 4098 bis
817 4054 1125 4098 assectatur
1183 4059 1279 4112 pro
1311 4045 1564 4099 crassitie
1620 4043 1702 4096 vel
1766 4055 1970 4098 morta-

384 4117 544 4168 litate
593 4115 842 4177 corporis
888 4114 1280 4183 interpretatur
1313 4126 1452 4169 orat.
1502 4115 1594 4174 58,
1642 4124 1798 4179 prout
1856 4117 1968 4170 dis—

388 4195 594 4238 sertum
632 4194 716 4237 est
745 4185 978 4250 longius.
994 4187 1059 4237 ad
1084 4188 1229 4238 boui.
1268 4184 1358 4250 25,
1388 4197 1501 4240 not.
1547 4184 1638 4238 00.
1661 4184 1727 4238 Et
1749 4187 1968 4254 quidem

386 4259 621 4322 mystica
671 4255 936 4309 Nazianz.
983 4259 1360 4323 interpretatio
1420 4257 1761 4324 accipienda,
1819 4257 1971 4310 salvo

387 4340 554 4378 sensu
614 4326 830 4380 litterali
887 4336 938 4380 et
975 4326 1256 4390 historico,
1318 4328 1460 4395 quod
1497 4326 1730 4380 Jacobus
1781 4327 1971 4382 Billius

386 4395 498 4465 alio
550 4396 603 4448 in
667 4397 784 4450 loco
834 4397 1078 4464 ejusdem
1139 4408 1280 4451 orat.
1357 4398 1768 4452 animadvertit.
1829 4397 1974 4465 Lege

386 4463 686 4530 Pereriutu,
718 4467 813 4520 lib.
868 4463 919 4522 iv
964 4465 1250 4521 Commen.
1292 4469 1341 4520 in
1375 4467 1537 4531 Gen.,
1568 4469 1659 4536 qui
1706 4463 1970 4521 Naziaua.

391 4550 494 4603 pro
529 4553 592 4590 ea
621 4538 892 4592 sententia
951 4537 1158 4603 laudat,
1214 4553 1334 4606 qua:
1373 4554 1529 4590 veras
1567 4539 1780 4591 tunicas
1799 4537 1972 4592 fuisse

2075 3763 2438 3834 ἀνθρωπίνης
2492 3763 2713 3834 φύσεως
2773 3763 3068 3834 ἰδιώματα,
3112 3767 3242 3818 τάτε
3289 3767 3520 3832 φυσικὰ,
3572 3772 3666 3823 καὶ

2075 3833 2399 3905 ἀδιάϐλητα
2426 3835 2620 3905 πάθηέ
2658 3833 2800 3886 Ναηι
2851 3835 2962 3901 ipse
2995 3842 3197 3887 tantum
3232 3835 3494 3890 hominem
3530 3856 3663 3901 pro-

2073 3917 2189 3974 pter
2251 3904 2489 3958 nostram
2535 3904 2758 3958 salutem
2805 3906 3115 3972 assumpsit,
3167 3906 3407 3958 animam
3465 3909 3665 3962 scilicet

2074 3975 2478 4040 intellectivam,
2516 3985 2562 4029 et
2613 3991 2825 4048 corpus,
2884 3986 2930 4029 et
2967 3977 3217 4029 humana:
3273 3989 3481 4030 natura:
3535 3996 3662 4048 pro-

2074 4049 2352 4115 prietates,
2403 4058 2448 4100 et
2500 4047 2794 4111 naturales,
2832 4058 2878 4098 et
2911 4047 3169 4100 innocuas
3202 4049 3494 4114 passiones.

2151 4117 2264 4186 (49)
2302 4114 2631 4185 Reformavit
2684 4127 2952 4171 naturam.
2982 4116 3182 4171 Natura
3214 4120 3445 4171 humana
3482 4119 3663 4175 adhuc

2079 4189 2350 4242 innocens
2405 4202 2503 4241 nec
2547 4197 2770 4255 experta
2828 4198 3133 4256 peccatum,
3188 4197 3386 4250 morte,
3439 4199 3493 4242 et
3541 4206 3664 4243 cor-

2079 4260 2351 4328 ruptione,
2407 4270 2461 4312 et
2491 4258 2706 4311 caeteris
2749 4259 2978 4320 morbis,
3030 4269 3083 4313 et
3116 4260 3665 4326 passiouibusdimo-

2082 4330 2340 4384 ventihus
2375 4344 2497 4382 cum
2552 4343 2579 4380 a
2625 4329 2857 4382 naturali
2898 4329 3256 4397 dispositione
3300 4341 3418 4383 erat
3466 4331 3666 4384 immu-

2085 4401 2208 4466 nis;
2262 4399 2314 4452 id
2380 4399 2520 4468 quod
2575 4399 2814 4453 habebat
2872 4399 3136 4453 beuelicio
3199 4400 3329 4464 ligni
3369 4403 3514 4464 vitm,
3581 4403 3664 4456 vel

2083 4473 2266 4540 aliquo
2309 4469 2415 4523 alio
2463 4471 2604 4523 dono
2642 4469 3018 4538 super-addito,
3061 4477 3119 4540 ut
3175 4471 3447 4538 explicant
3507 4473 3664 4525 theo-

2083 4539 2212 4610 logi,
2263 4556 2562 4608 eorumque
2600 4542 2918 4610 ceryphmus
2970 4541 3026 4593 S.
3055 4539 3314 4601 Thomas,
3350 4543 3656 4606 prmsertim

390 4619 580 4679 censet
610 4623 725 4679 eas,
759 4609 954 4675 quibus
997 4611 1135 4662 Deus
1164 4610 1368 4676 primo's
1400 4609 1641 4662 anticivit
1671 4619 1924 4679 parentes
1953 4625 1968 4674 ;
2010 4615 2051 4669 D
2083 4628 2136 4679 p.
2172 4628 2213 4677 ι,
2264 4619 2461 4679 quaest.
2496 4610 2584 4675 97,
2632 4609 2867 4678 incorp.
2905 4612 3066 4678 idque
3100 4625 3195 4677 pro
3239 4618 3384 4661 Statu
3421 4611 3569 4664 vitae.
3607 4623 3664 4665 et

393 4677 448 4746 in
518 4678 875 4746 eamdemque
937 4682 1264 4734 sententiain
1345 4677 1698 4732 adducendus
1762 4690 1968 4744 noster,

391 4744 664 4814 Gregorii,
701 4759 757 4800 ut
792 4744 928 4815 dixi,
965 4749 1195 4803 assecla.
1234 4749 1294 4804 S.
1325 4749 1685 4812 Athanasius,
1718 4749 1790 4802 De
1813 4749 1966 4802 I’sal.
2011 4795 2019 4808 ,

391 4826 443 4869 et
504 4817 696 4881 Cruce,
770 4829 1064 4888 utrumque
1116 4834 1337 4874 sensum
1420 4829 1476 4873 et
1547 4821 1864 4882 litteralem,
1919 4828 1974 4874 et

393 4891 686 4957 mysticum
735 4904 996 4958 expresse
1048 4889 1252 4944 docuit.
1288 4891 1342 4942 ld
1375 4906 1497 4943 cum
1531 4889 1776 4944 facturus
1803 4900 1967 4954 esset,

389 4961 630 5012 exuebat
686 4963 1008 5014 vestimenta
1069 4975 1201 5025 sua;
1242 4963 1471 5014 decebat
1521 4961 1667 5014 enim
1707 4977 1827 5012 euut
1871 4961 1968 5014 h0-

395 5029 597 5082 rninem
653 5030 1022 5086 introduceret
1064 5030 1118 5082 iit
1154 5029 1467 5099 paradisum
1499 5046 1705 5084 extitere
1731 5031 1966 5096 tunicas,

390 5114 532 5165 quas
561 5100 734 5154 Adam
761 5111 1066 5168 acceperat,
1105 5117 1226 5154 eum
1270 5117 1301 5155 ι
1359 5103 1615 5170 paradiso
1650 5101 1964 5170 ejiceretur.

388 5169 528 5221 Cum
593 5171 739 5224 enim
797 5171 884 5226 ille
943 5180 1244 5238 peccasset,
1296 5169 1370 5225 ac
1417 5173 1612 5225 deinde
1667 5169 1966 5227 moriturus

390 5248 559 5312 esset,
615 5244 826 5312 accepit
859 5243 1108 5312 pelliceas
1180 5243 1389 5296 tunicas
1424 5255 1490 5295 ex
1536 5241 1971 5296 mortieiuisaui-

391 5311 618 5364 ntalium
669 5310 1126 5381 factas‘iusigue,
1187 5321 1488 5379 notamque
1522 5311 1870 5366 mortalitatis
1897 5315 1967 5366 ob

389 5389 674 5504 recentum
723 5383 826 5437 sibi
878 5384 1117 5437 inﬂictas.
1181 5381 1448 5437 Caeterum
1507 5384 1550 5437 si
1607 5382 1700 5452 qui
1745 5383 1835 5434 alii
1899 5399 1964 5436 ex

414 5452 668 5504 ‘atribus.
696 5455 789 5504 oui
826 5457 981 5504 nauci
1031 5461 1180 5504 sunt.
1229 5469 1325 5504 eas
1359 5454 1587 5504 littltl‘ale
1605 5463 1662 5504 et
1689 5455 1964 5504 metapho-

414 5452 668 5524 ‘_atribu5,
696 5455 789 5522 qui
826 5457 982 5524 pauci
1031 5461 1180 5517 sunt,
1229 5469 1325 5507 eas
1359 5454 1587 5521 figurate
1605 5463 1662 5506 et
1689 5455 1970 5522 metapho-

391 5521 506 5574 rice
533 5521 1141 5596 tantuminielligendas
1167 5529 1480 5596 opinentur,
1527 5540 1637 5596 nam
1693 5521 1846 5577 sunt
1876 5540 1966 5578 se-

389 5592 616 5659 quendi,
653 5604 711 5646 ut
742 5594 883 5648 idem
927 5592 1178 5650 l‘crerius
1210 5598 1284 5647 ait
1329 5595 1446 5647 loco
1490 5595 1583 5649 cit.

466 5664 578 5731 (ιε)
616 5661 976 5726 Quod-Adam
1007 5677 1123 5734 post
1158 5667 1648 5733 transgressionem.
1699 5662 1774 5717 Eo
1807 5663 1968 5719 modo

393 5737 782 5805 quoexplicuit
812 5734 870 5789 S.
895 5735 1286 5801 Datnasceuus,
1312 5738 1403 5789 lib.
1432 5751 1447 5788 ι
1475 5736 1548 5788 De
1571 5737 1693 5803 ﬁde,
1715 5751 1835 5805 cap.
1865 5737 1962 5791 l4:

391 5804 567 5868 Αὐτὸς
591 5806 701 5873 γὰρ
718 5807 899 5878 πάντα
938 5807 1031 5859 τὸν
1061 5806 1352 5876 ἄνθρωπον
1376 5808 1474 5874 τὴν
1494 5807 1768 5878 ἡμετέραν
1784 5804 1967 5877 σωτη-

386 5878 514 5953 ρίαν
546 5877 836 5943 ἀνεδέξατο
858 5877 1040 5949 ψυχὴν
1059 5879 1275 5946 γοερὰν,
1304 5880 1398 5930 καὶ
1421 5878 1604 5946 σῶμα,
1631 5879 1724 5930 καὶ
1767 5879 1836 5931 τὰ
1869 5880 1963 5948 τῆς

711 5975 986 6036 Pyrum“
1030 5976 1145 6035 GR.
1188 5971 1476 6034 CXXXII.

2083 4697 2254 4750 usque
2307 4683 2374 4734 ad
2422 4681 2871 4750 determinatutu
2905 4691 3118 4748 tempus
3173 4679 3500 4750 obtinebat;
3555 4697 3664 4750 quo

2080 4749 2236 4806 linito
2282 4755 2445 4805 homo
2505 4751 2804 4805 translatus
2849 4749 3044 4804 fuisset
3074 4750 3141 4802 ad
3176 4749 3520 4819 spiritualem
3575 4749 3654 4804 ivi-

2081 4831 2213 4888 tam,
2275 4823 2393 4875 sive
2455 4823 2522 4875 ad
2576 4831 2779 4875 statum
2833 4821 3038 4890 gloriaa.
3094 4821 3167 4875 De
3221 4830 3452 4890 utroque
3497 4821 3666 4890 igitur

2079 4904 2248 4955 Statu,
2303 4890 2652 4961 perfectaque
2703 4889 3088 4946 retoriuatioue
3116 4889 3530 4959 intelligendum
3555 4904 3661 4959 est,

2080 4965 2221 5031 quod
2246 4963 2325 5017 ait
2367 4963 2750 5030 Theophanes,
2786 4962 3060 5016 Christum
3094 4975 3191 5015 sua
3252 4964 3664 5017 resurrectione

2082 5034 2386 5088 restituisse
2418 5041 2668 5085 naturam
2701 5033 2766 5086 ad
2801 5032 2851 5085 id
2883 5032 3028 5101 quod
3051 5041 3322 5086 eratante
3353 5045 3660 5102 peccatum:

2081 5105 2339 5158 nimirum
2395 5103 2461 5155 ad
2509 5102 3001 5169 immortalitatem,
3050 5112 3105 5156 et
3163 5102 3663 5171 incorruptionem,

2074 5185 2130 5228 et
2182 5175 2249 5228 ad
2280 5188 2342 5228 ea
2374 5174 2596 5240 insuper
2630 5186 2752 5240 quae
2803 5182 2933 5228 sunt
2962 5174 3180 5242 propria
3221 5172 3366 5228 beati
3397 5177 3654 5239 corporis

2076 5249 2220 5314 quod
2277 5245 2329 5297 in
2384 5246 2824 5312 regeneratione,
2869 5254 2925 5298 ut
2963 5241 3110 5297 infra
3159 5244 3236 5298 ait
3289 5245 3429 5298 idem
3477 5244 3660 5298 Theo-

2079 5317 2308 5384 phanes,
2359 5314 2606 5368 obtinere
2641 5329 2946 5384 speramus.
3009 5314 3277 5368 Caeterum
3313 5316 3456 5367 enim
3478 5314 3664 5368 differt

2077 5384 2462 5440 immortalitas
2497 5385 2704 5453 glorias,
2735 5400 2855 5453 quas
2889 5384 3228 5454 promittitur
3255 5386 3308 5438 in
3343 5385 3659 5452 prmmium,

2077 5456 2254 5524 inquit
2307 5455 2367 5511 S.
2398 5455 2664 5518 Thomas,
2708 5467 2905 5524 qua-st.
2943 5456 3112 5519 dicta,
3163 5457 3228 5508 ad
3283 5469 3358 5517 tv,
3425 5454 3495 5505 ab
3556 5457 3663 5524 iut—

2077 5523 2412 5580 mortalitate
2455 5541 2574 5594 quae
2612 5523 2736 5579 fuit
2795 5527 3010 5580 homini
3058 5525 3249 5580 collata
3302 5524 3355 5576 in
3398 5523 3662 5594 statuin-

2075 5597 2342 5650 nocentiae
2373 5592 2487 5662 ;et_
2515 5597 2769 5650 similiter
2801 5597 2906 5650 alia
2955 5606 3076 5649 erat
3126 5593 3482 5662 incorruptio,
3522 5592 3662 5645 alia-

2071 5681 2178 5734 que
2208 5659 2583 5736 impatibilitas
2633 5677 2793 5736 atque
2833 5667 2904 5720 ab
2963 5665 3069 5718 alia
3119 5677 3286 5736 causa
3320 5659 3562 5736 profecta
3599 5674 3663 5736 et

2073 5732 2177 5791 non
2214 5732 2300 5792 ea'
2329 5752 2452 5806 qua:
2504 5752 2570 5791 ex
2623 5732 2842 5792 dotibus
2895 5737 3036 5792 beati
3066 5734 3335 5800 corporis,
3370 5743 3424 5787 et
3477 5732 3650 5802 gloria

2076 5807 2252 5864 allecti
2288 5809 2732 5878 proﬁciscuntur.

3176 5969 3255 6027 22
