4042 6444
349 399 460 464 683

1570 394 2069 461 THEOPHANIS
2105 397 2451 459 CERAMEI

3518 393 3628 461 681

352 528 487 570 vero
518 527 680 570 sensu
705 526 902 583 vesper
928 506 1208 580 discipulis
1237 514 1353 562 erat
1376 524 1391 574 ;
1414 519 1573 563 erant
1600 511 1744 564 eui-,u
1779 525 1935 565 men-
1966 558 1972 572 ,

2048 510 2136 578 τῆς
2170 510 2348 578 λύπης
2379 505 2718 578 ὲζοφωμένοι
2750 504 2842 560 τὸν
2868 503 3153 577 λογισμὸν,
3184 503 3355 578 ᾤοντο
3382 507 3493 578 γὰρ
3523 509 3632 561 ὑπὸ

353 617 436 662 tes
471 621 662 662 eorum
704 602 958 659 Inmroris
982 600 1260 655 oﬂ'uscata:
1293 599 1550 671 caligine,
1581 603 1783 672 quippe
1810 618 1931 657 cum

353 698 534 753 adhuc
562 697 665 752 sub
718 705 862 751 terra
896 692 1078 749 Solem
1126 691 1356 762 iustitiae
1403 692 1782 747 absconditum
1811 707 1936 747 es~e

352 789 754 843 existimarent.
806 781 965 837 Venit
1010 780 1176 852 igitur
1222 789 1276 835 et
1323 779 1505 834 divina
1543 794 1675 835 usus
1710 781 1932 843 virtute,

283 915 300 931 .
353 880 539 952 januis
573 878 779 932 clausis
810 873 1138 946 ingreditur,
1171 882 1230 925 ut
1270 872 1371 926 hoc
1418 872 1592 942 ipsmu
1628 870 1827 925 indicio
1858 869 1937 923 fa-

357 981 504 1029 ceret
524 1010 543 1038 ,
575 986 641 1024 ne
672 967 973 1023 secundum
1007 980 1227 1020 carnem
1261 963 1330 1019 de
1358 964 1474 1035 ejus
1506 971 1700 1018 natura
1734 962 1938 1018 intelli-

355 1072 572 1136 gerent,
607 1077 723 1131 qua?
748 1060 1052 1131 perfectius
1080 1059 1356 1128 particeps
1383 1068 1529 1112 esset
1565 1057 1771 1127 gloriae,
1796 1057 1938 1111 divi-

357 1153 545 1209 nitatis
590 1153 705 1225 jam
754 1149 1170 1219 incorruptione
1222 1150 1443 1203 donata.
1481 1147 1732 1204 Ostendit
1774 1150 1936 1202 etiam

360 1249 553 1305 eodem
601 1249 762 1303 modo
818 1262 877 1302 se
925 1246 993 1301 de
1026 1256 1181 1300 utero
1231 1246 1501 1299 exsiliisse
1526 1244 1766 1315 virgineo
1801 1245 1937 1314 (5.0),

361 1357 417 1397 et
446 1356 509 1395 ex
546 1341 833 1407 obsignato
861 1337 1197 1392 monumenti
1222 1336 1402 1405 lapide
1426 1352 1546 1391 esse
1573 1352 1937 1408 progressum.

358 1434 548 1503 Neque
595 1434 741 1488 enim
795 1433 1036 1502 virginea
1092 1430 1326 1484 clattStra
1357 1470 1374 1495 ,
1423 1445 1544 1483 cum
1597 1442 1940 1495 nasceretur,

357 1542 535 1598 neque
582 1542 706 1582 cum
742 1526 1132 1587 revivisceret,
1181 1522 1416 1592 sepulcri
1465 1523 1642 1592 sigilla
1676 1522 1939 1590 violavit;

357 1636 540 1691 neque
588 1619 806 1690 aperuit
853 1617 1054 1687 januas
1099 1630 1221 1669 cum
1259 1614 1542 1684 discipulis
1585 1624 1872 1684 appareret
1924 1632 1938 1669 :

363 1735 383 1766 ε
423 1712 607 1768 Gavisi
654 1720 777 1766 sunt
829 1724 960 1780 ergo
1009 1706 1285 1775 discipuli,
1328 1708 1447 1761 viso
1479 1705 1733 1761 Domino.
1771 1726 1790 1759 ι
1831 1705 1944 1762 Hoc

360 1805 496 1862 illud
529 1804 766 1857 fortasse
789 1799 1049 1871 gaudium
1079 1798 1204 1861 fuit,
1238 1799 1305 1851 de
1326 1812 1435 1866 quo
1467 1806 1592 1851 ante
1620 1795 1939 1853 Passionem

359 1900 574 1953 dixerat
617 1895 743 1958 illis,
777 1891 950 1964 quod,
992 1909 1011 1943 ι
1052 1890 1246 1944 Iterum
1281 1906 1366 1945 me
1396 1890 1672 1954 videbitis,
1713 1901 1768 1944 et
1812 1905 1940 1960 gan-
1978 1865 2020 1920 Β

361 1985 513 2040 debit
537 1998 633 2039 cor
656 1990 900 2036 vestrum
932 1981 1001 2033 ⁵⁸.
1039 1996 1061 2032 ι
1087 1977 1273 2034 Gavisi
1305 1988 1432 2033 sunt
1465 1980 1629 2050 igitur
1663 1994 1786 2034 cum
1817 1995 1940 2035 eum

354 2075 703 2139 redivivum,
756 2082 813 2127 et
868 2071 1137 2141 promissa
1185 2079 1537 2141 prmstantem
1569 2070 1853 2126 viderent:
1892 2080 1947 2125 et

361 2167 525 2223 sicuti
556 2177 873 2236 emergente
904 2164 1053 2231 sole,
1106 2165 1282 2219 noctis
1320 2163 1557 2220 tenebrm
1586 2164 1944 2235 dissipantur,

357 2260 440 2318 sic
470 2259 749 2328 iucundos
789 2257 1008 2315 Domini
1053 2256 1143 2312 ille
1188 2267 1513 2323 conSpectus
1545 2258 1799 2314 mmroris
1846 2272 1944 2312 ne-

356 2354 518 2410 bulas
541 2355 612 2409 ab
635 2354 835 2408 animis
855 2350 1252 2421 discipulorum
1274 2351 1495 2405 exemit.
1519 2347 1674 2415 Quod
1702 2349 1747 2405 si
1771 2348 1946 2403 Lucas

358 2447 507 2502 lianc
548 2446 946 2515 appar-itionem
1002 2456 1238 2497 narrans
1266 2442 1343 2496 ait
1376 2455 1474 2496 eos
1508 2439 1676 2497 fuisse
1726 2453 1948 2497 contur-

357 2539 522 2595 batos
545 2579 563 2607 ,
599 2547 654 2594 ct
695 2538 946 2607 spiritum
999 2535 1103 2590 sibi
1131 2533 1318 2589 videre
1346 2534 1494 2588 visos
1521 2532 1601 2600 ⁸⁸,
1648 2534 1735 2588 hic
1765 2546 1942 2589 autem

356 2630 577 2701 gavisos
617 2628 779 2693 dicit,
819 2642 926 2683 non
957 2627 1060 2680 hoc
1096 2625 1242 2680 inter
1278 2639 1339 2680 se
1399 2624 1717 2694 discrepare
1759 2625 1949 2679 existi—

361 2723 622 2778 mandqu
653 2728 758 2776 est.
786 2718 946 2774 Credi
971 2718 1118 2773 enim
1152 2732 1252 2786 par
1275 2725 1359 2772 est
1397 2731 1493 2772 eos
1522 2716 1691 2772 fuisse
1720 2727 1946 2771 contur-

258 2864 265 2877 ,
359 2815 521 2869 batos
545 2826 669 2867 cum
693 2808 1136 2882 primumjauuis
1159 2807 1362 2863 clausis
1389 2822 1514 2862 eum
1547 2823 1608 2863 se
1645 2810 1949 2864 insinuasse

357 2904 649 2968 vidissent,
682 2911 869 2973 postea
915 2916 1043 2956 vero
1076 2900 1292 2971 gavisos
1313 2939 1329 2964 ,
1373 2899 1465 2955 ubi
1493 2915 1619 2954 eum
1646 2915 1713 2955 ex
1748 2901 1949 2955 saluta-

358 2996 545 3061 tione,
579 3002 635 3047 et
683 2991 971 3062 plagarum
1030 2989 1347 3045 ostensione
1400 2989 1771 3059 agnovissent.
1823 2991 1949 3046 Ideo

358 3086 504 3142 enim
533 3085 701 3141 etiam
731 3083 1006 3154 duplicem
1038 3082 1146 3137 illis
1176 3082 1393 3137 nuntiat
1425 3096 1660 3152 pacem,
1697 3092 1754 3137 et
1789 3093 1947 3137 ante-

357 3194 521 3250 quam
556 3178 783 3232 vulnera
830 3175 1170 3241 ostenderet,
1194 3185 1248 3230 et
1270 3175 1336 3230 iis
1373 3175 1611 3231 ostensls
1632 3215 1649 3239 ,
1674 3185 1731 3229 ut
1755 3186 1811 3232 et
1842 3178 1944 3231 du-

357 3271 486 3339 plci
515 3284 614 3325 eos
639 3268 923 3324 anxietate
953 3267 1238 3331 liberaret,
1262 3276 1316 3321 et
1345 3266 1463 3336 ejus
1487 3283 1605 3336 qua:
1631 3267 1942 3324 Judaeorum

354 3377 421 3415 ex
461 3360 628 3427 metu,
653 3369 707 3413 et
738 3359 856 3429 ejus
884 3372 1008 3436 qua:
1029 3372 1094 3411 ex
1125 3357 1213 3411 illa
1245 3359 1503 3429 Opinione
1535 3362 1778 3429 profecta
1802 3374 1942 3427 erat,

357 3452 501 3521 quod
546 3452 802 3522 spiritum
864 3450 1131 3504 viderent.
1195 3447 1519 3520 Significare
1566 3452 1729 3505 eti.un
1798 3451 1942 3507 aliud

360 3541 621 3613 quiddam
651 3548 834 3612 posset
880 3539 1078 3610 duplex
1124 3540 1349 3593 nuntius
1389 3541 1561 3609 pacis.
1599 3539 1718 3596 Non
1766 3544 1940 3597 solum

358 3634 509 3690 enim
557 3648 621 3688 ea
682 3647 801 3702 quae
851 3632 905 3685 in
964 3630 1146 3695 terris,
1198 3628 1294 3684 sed
1338 3630 1501 3683 etiam
1551 3644 1673 3701 qua:
1705 3632 1756 3685 in
1787 3634 1942 3689 uelis

358 3738 525 3796 sunt,
578 3728 887 3783 conciliavit
942 3725 1219 3783 Christus.
1282 3727 1463 3796 Atque
1524 3727 1628 3783 hoc
1693 3729 1934 3797 Apostoli
1975 3746 2164 3788 sermo
2202 3733 2465 3800 declarat,
2513 3751 2635 3789 cum
2689 3739 2765 3790 ait

2041 602 2148 672 γῆν
2181 602 2259 656 ἔτι
2284 599 2592 674 κεκρύφθαι
2625 600 2723 669 τῆς
2757 597 3108 667 δικαιοσύνης
3142 597 3233 654 τὸν
3252 598 3465 653 Ἥλιον.
3498 599 3632 670 "Ep-

2039 712 2199 765 χεται
2243 689 2358 758 οὖν,
2407 694 2502 746 καὶ
2553 692 2782 745 εἴσεισιν
2822 692 2968 761 ἀλκῇ
3015 692 3170 761 θεῖκῇ
3227 691 3636 762 κεκλεισμένων

2038 788 2148 841 τῶν
2179 786 2388 856 θυρῶν,
2425 787 2650 855 σημεῖον
2678 784 2835 837 τοῦτο
2869 782 3075 847 τιθεὶς,
3115 781 3310 854 μηκέτι
3339 783 3441 853 τήν
3467 781 3633 836 αὐτοῦ

2043 878 2207 946 φύσιν
2236 876 2377 931 κατὰ
2407 877 2590 947 σάρκα
2610 879 2755 929 νοεῖν
2778 918 2793 941 ,
2816 875 2926 928 τῶν
2950 874 3152 929 θεῖκῶν
3178 872 3517 946 αὐχημάτων
3545 890 3635 925 τεο

2041 969 2307 1040 λεώτερον
2341 967 2719 1040 μετασχοῦσαν
2752 970 2819 1038 τῇ
2861 965 3164 1038 ἀφθαρσίᾳ.
3199 966 3453 1019 Δείκνυσι
3487 964 3532 1017 δ’
3553 965 3636 1018 ὅτι

2043 1061 2141 1114 καὶ
2174 1061 2360 1132 τρόπῳ
2393 1059 2625 1131 τοιούτῳ
2658 1060 2756 1128 τῆς
2794 1059 3132 1130 παρθενικῆς
3165 1058 3359 1128 νηδύος
3392 1058 3635 1126 ἐξέθορε,

2043 1155 2138 1207 καὶ
2168 1154 2261 1207 τοῦ
2298 1151 2783 1223 ἑνσεσημασμένου
2817 1151 2967 1203 λίθου
3000 1150 3097 1203 τοῦ
3137 1151 3421 1222 μνήματος
3452 1150 3643 1220 ἐξελή·

2044 1247 2224 1301 λυθεν.
2272 1245 2411 1300 Οὔτε
2454 1247 2564 1316 γὰρ
2602 1245 2703 1307 τὰς
2747 1245 3089 1315 παρθενικάς
3136 1243 3286 1306 κλεῖς
3332 1242 3642 1312 ἐλυμήνατο

2048 1336 2355 1408 γεννηθεὶς,
2382 1336 2508 1389 οὕτε
2535 1336 2633 1399 τὰς
2663 1335 2965 1405 σφραγῖδας
2990 1335 3086 1387 τοῦ
3113 1334 3286 1401 τάφου
3314 1332 3641 1399 ἐξαναστὰς,

2044 1427 2169 1482 οὔτε
2219 1428 2317 1490 τὰς
2377 1427 2545 1497 θύρας
2604 1426 2805 1496 ἀνέῳξε
2859 1426 2974 1487 τοῖς
3027 1424 3356 1487 ἀποστόλοις
3431 1422 3641 1493 ὀφθείς.

2053 1538 2072 1570 ι
2116 1518 2427 1590 Ἐχάρησαν
2457 1518 2551 1571 οὖν
2584 1519 2632 1571 οἱ
2678 1517 2949 1589 μαθηταὶ,
2985 1516 3184 1579 ἰδόντες
3220 1516 3313 1569 τὸν
3352 1515 3576 1586 Κύριον.
3618 1535 3637 1568 ι

2047 1605 2204 1676 Τάχα
2237 1603 2304 1676 ἦν
2342 1609 2376 1678 ἡ
2417 1606 2585 1678 χαρὰ,
2621 1607 2689 1678 ἢν
2724 1606 2833 1679 πρὸ
2864 1605 2973 1679 τοῦ,
2997 1606 3206 1669 πάθους
3243 1602 3399 1659 εἶπεν
3437 1608 3645 1673 αὐτιῖς,

2045 1696 2121 1758 ὡς
2154 1716 2172 1748 ι
2211 1697 2383 1750 Πάλιν
2412 1696 2611 1765 ὄψεσθέ
2652 1713 2750 1765 με,
2784 1697 2879 1750 καὶ
2910 1696 3218 1767 χαρήσεται
3253 1695 3408 1764 ὑμῶν
3439 1696 3472 1763 ή
3508 1712 3646 1764 mp-

2047 1789 2158 1843 δία.
2199 1807 2219 1840 ι
2260 1789 2567 1860 Ἑχαρησαν
2605 1785 2699 1843 οὖν
2742 1791 3055 1844 ἀναστάντα
3095 1788 3421 1850 τεθεακότες
3462 1786 3648 1853 αὑτὸν,

2047 1882 2144 1936 καὶ
2188 1882 2286 1953 τήν
2335 1881 2673 1950 ἐπαγγελίαν
2716 1883 3128 1955 πληρώσαντα·
3177 1882 3274 1935 καὶ
3319 1881 3508 1951 ὥσπερ
3550 1885 3650 1950 τῆς

2055 1977 2252 2038 νυκτὸς
2284 1975 2523 2044 ζοφῶδες
2544 1976 2901 2029 σκεδάννυται
2927 1974 3081 2044 ήλίου
3111 1974 3449 2046 ἀνίσχοντος,
3478 1972 3654 2037 οὕτως

2048 2067 2085 2137 ή
2113 2066 2344 2135 γλυκεῖα
2370 2064 2466 2119 τοῦ
2507 2067 2713 2136 Κυρίου
2751 2067 3024 2136 ὲμφάνεια
3054 2066 3114 2119 τὺ
3146 2067 3243 2135 τῆς
3275 2065 3455 2134 λύπης
3490 2066 3653 2133 νέφος

2049 2161 2279 2230 περιῇρε
2324 2158 2434 2211 τῶν
2485 2157 2768 2230 μαθητῶν.
2818 2160 2879 2212 Εἰ
2929 2158 2988 2212 δὲ
3034 2159 3131 2211 καὶ
3179 2160 3400 2221 Λουκᾶς
3447 2158 3654 2224 ταύτην

2048 2249 2432 2321 ἀφηγούμενος
2460 2252 2561 2321 τὴν
2589 2252 2918 2322 ἐμφάνειαν,
2948 2251 3287 2323 τεταράχθαι
3319 2251 3519 2314 αὐτούς
3551 2267 3652 2320 φη-

2051 2358 2158 2408 σιν,
2183 2345 2275 2395 καὶ
2298 2342 2447 2409 δόξαι
2478 2342 2699 2413 πνεῦμα
2725 2345 2883 2413 ὁρᾷν,
2914 2344 3077 2408 αὐτὸς
3106 2344 3165 2397 δέ
3198 2361 3388 2415 φησιν,
3416 2344 3501 2396 ὅτι
3529 2343 3644 2413 ἐχά-

2050 2451 2263 2507 ρησαν,
2306 2436 2369 2489 οὐ
2414 2435 2522 2507 χρὴ
2562 2435 2723 2492 τοῦτο
2764 2436 3068 2505 διαφωνίαν
3106 2437 3445 2505 λογίζεσθαι.
3494 2436 3655 2501 Εἰκὸς

2048 2527 2159 2599 γάρ
2187 2528 2455 2601 πρότερον
2484 2528 2585 2599 μὲν
2611 2529 3044 2602 διαταραχθῆναι
3078 2533 3220 2599 σφᾶς
3249 2528 3491 2601 ὁρῶντας
3523 2530 3659 2582 εἵσω

2048 2620 2419 2691 παρεισδύντα
2454 2623 2866 2692 κεκλεισμένων
2905 2623 3015 2676 τῶν
3055 2621 3238 2694 θυρῶν
3265 2641 3279 2655 ·
3322 2623 3563 2694 χαρῆναι
3598 2621 3656 2674 δι

2048 2710 2277 2784 ὕστερον
2317 2714 2644 2782 ὲπιγνόντας
2689 2715 2855 2768 αὐτὸν
2906 2717 2970 2769 ὲκ
3012 2716 3112 2787 τῆς
3152 2715 3519 2787 προρρήσεως
3561 2715 3655 2767 καὶ

2049 2805 2148 2877 τῆς
2174 2807 2286 2859 τῶν
2314 2805 2493 2876 μελῶν
2522 2806 2863 2873 ἐπιδείξεως.
2891 2808 2989 2862 Διά
3016 2808 3177 2862 τοῦτο
3203 2810 3312 2880 γὰρ
3345 2810 3437 2862 καὶ
3468 2808 3655 2878 διττὴν

2051 2899 2278 2971 εἰρήνην
2305 2899 2494 2962 αὐτοῖς
2528 2902 2816 2970 ὲπιφωνεί,
2848 2902 2956 2973 πρὸ
2984 2903 3085 2972 τῆς
3112 2901 3223 2954 τῶν
3251 2901 3499 2956 ὼτειλῶν
3530 2904 3655 2954 ἑπι-

2050 2988 2302 3057 δείξεως,
2333 2992 2429 3045 καὶ
2466 2993 2605 3062 μετὰ
2630 2994 2731 3063 τὴν
2760 2994 3056 3060 ἐπίδειξιν,
3087 2994 3176 3048 ἵνα
3206 2994 3303 3050 καὶ
3329 2997 3429 3064 τῆς
3462 2994 3653 3063 διττῆς

2059 3081 2306 3150 ἀγωνίας
2335 3083 2623 3158 ἀπαλλάξῃ
2649 3085 2847 3149 αὐτούς
2868 3101 2886 3120 ⁸
2917 3086 3074 3140 τοῦτε
3108 3086 3215 3140 τῶν
3250 3085 3519 3139 Ἰουδαίων
3553 3084 3656 3154 φό-

2055 3175 2172 3241 ϐου,
2203 3177 2298 3228 καὶ
2324 3175 2419 3229 τοῦ
2450 3174 2660 3231 οἴεσθαι
2692 3177 2916 3249 πνεῦμα
2947 3179 3194 3248 θεωρεῖν,
3221 3178 3577 3248 ἐπισημαίνοι
3607 3177 3656 3230 δ’

2049 3268 2117 3322 ἂν
2158 3269 2252 3321 καὶ
2291 3268 2481 3341 ἕτερον
2515 3272 2551 3343 ή
2592 3271 2757 3343 διπλῆ
2795 3273 2896 3342 τῆς
2939 3273 3166 3344 εἰρήνης
3208 3272 3381 3343 φωνή.
3424 3271 3499 3324 Οὐ
3541 3272 3655 3341 γὰρ

2053 3358 2193 3425 μόνα
2218 3357 2288 3411 τὰ
2320 3362 2411 3412 ἐπὶ
2437 3361 2561 3431 γῆς,
2589 3361 2726 3415 ἀλλά
2758 3364 2852 3415 καὶ
2878 3361 2946 3413 τά
2975 3363 3034 3414 ὲν
3061 3364 3315 3433 οὐρανοῖς
3343 3360 3657 3432 εἰρηνοποι-

2049 3468 2182 3522 ησεν
2222 3454 2252 3507 ὁ
2304 3454 2564 3522 Χριστός.
2608 3456 2715 3507 Kal
2754 3454 2915 3508 τοῦτο
2964 3457 2999 3525 ή
3048 3455 3384 3523 ἁποστολικὴ
3432 3453 3655 3522 γλῶττα

2047 3541 2330 3614 διατρανοῖ
2350 3561 2364 3575 ο
2401 3564 2419 3597 ι
2453 3545 2893 3617 Είρηνοποιήσας
2919 3547 3003 3600 διὰ
3028 3547 3121 3601 τοῦ
3149 3549 3377 3619 αἵματος
3402 3548 3495 3600 τοῦ
3522 3545 3655 3598 λ’ίοῦ

2048 3634 2217 3688 αὑτοῦ
2248 3636 2317 3690 τά
2346 3638 2404 3689 ὲν
2434 3638 2650 3710 οὐρανῷ
2680 3640 2773 3692 καὶ
2802 3639 2870 3693 τὰ
2896 3641 2955 3692 ἐν
2987 3643 3051 3711 τῇ
3086 3643 3180 3711 γῇ,
3221 3659 3239 3692 ι

2807 3753 2822 3792 :
2869 3756 2887 3789 ι
2924 3736 3231 3795 Pacificans
3264 3752 3364 3811 per
3421 3739 3651 3811 sangui-

357 3840 480 3879 nem
517 3825 683 3897 249
719 3822 838 3878 Filii
873 3827 955 3877 sui
985 3865 1000 3890 ,
1046 3838 1167 3892 quae
1219 3825 1273 3878 in
1303 3823 1463 3879 cmlis
1486 3863 1507 3890 ,
1534 3832 1590 3879 et
1634 3840 1753 3894 quae
1785 3826 1836 3880 in
1866 3837 2010 3881 terra
2047 3837 2176 3882 sunt
2203 3828 2270 3880 ’°.
2313 3847 2332 3881 ι

433 3937 454 3972 ι
503 3919 569 3974 Ει
603 3935 726 3975 cum
767 3919 880 3972 bam
921 3914 1186 3980 dixisset,
1246 3917 1488 3971 ostendit
1532 3917 1614 3973 eis
1656 3933 1851 3974 manus
1893 3930 1948 3973 et

357 4014 550 4069 latus.»
587 4012 838 4069 Ostendit
862 4028 890 4065 a
917 4012 1087 4066 clavis
1127 4010 1266 4065 facta
1300 4008 1595 4076 foramina,
1628 4013 1793 4067 etiam
1833 4023 1945 4068 tum

361 4108 414 4161 in
467 4105 726 4162 membris
785 4107 1144 4174 apparentia,
1191 4119 1250 4162 ut
1299 4124 1367 4163 ex
1418 4109 1552 4179 ipsis
1600 4109 1947 4167 cicatricibus

361 4199 731 4252 edocerentur
764 4212 870 4251 non
904 4198 1052 4253 aliud
1085 4199 1347 4255 revixisse
1390 4216 1595 4270 corpus
1623 4241 1638 4265 ,
1679 4204 1772 4257 sed
1801 4203 1943 4257 idem

363 4289 511 4360 quod
563 4303 781 4360 passum
830 4298 969 4343 erat.
1016 4288 1209 4345 Manus
1246 4292 1517 4358 ostendit,
1565 4295 1763 4361 quibus
1796 4294 1948 4363 prius

364 4384 601 4435 tinxerat
633 4380 849 4448 Adam;
886 4391 941 4437 et
971 4382 1182 4454 lapsum
1214 4395 1398 4456 postea
1446 4387 1738 4442 refecerat.
1774 4387 1943 4445 Latus

362 4471 604 4527 ostendit
633 4510 650 4538 ,
701 4485 769 4527 ex
799 4486 905 4541 qua
952 4472 1060 4527 Eva
1108 4488 1174 4529 ex
1224 4476 1394 4530 latere
1449 4475 1730 4532 eﬂ'ormata
1774 4478 1940 4531 vitam

2127 3939 2147 3972 ι
2187 3921 2295 3974 Καὶ
2322 3920 2484 3975 τοῦτο
2512 3924 2707 3986 simila,
2739 3924 2941 3991 ἔδειξεν
2994 3929 3180 3993 αὐτοῖς
3206 3929 3308 3995 τὰς
3338 3933 3529 4003 χεῖρας
3556 3930 3657 3987 καὶ

2048 4010 2148 4081 τὴν
2176 4011 2442 4085 πλευράν.
2485 4033 2505 4066 ι
2542 4016 2796 4070 Δείκνυσι
2826 4021 2922 4083 τὰς
2954 4022 3016 4075 ἑκ
3045 4021 3155 4075 τῶν
3183 4024 3333 4095 ἥλων
3356 4027 3653 4101 ἀντιτορή-

2050 4118 2166 4165 σεις
2212 4101 2293 4157 ἔτι
2343 4105 2679 4175 φαινομένας
2723 4110 2833 4171 τοῖς
2887 4110 3143 4180 μέλεσιν,
3192 4115 3268 4179 ὠς
3312 4114 3379 4170 ἂν
3425 4117 3492 4169 ὲκ
3541 4118 3656 4174 τῶν

2047 4193 2288 4249 ὠτειλῶν
2326 4196 2671 4267 διδαχθῶσιν,
2714 4200 2796 4254 ὅτι
2841 4202 2916 4272 μὴ
2954 4202 3086 4257 ἄλλο
3125 4205 3284 4275 σῶμα
3324 4207 3652 4281 ἐγήγερται,

2045 4285 2163 4339 ἀλλ’
2184 4286 2317 4340 αὐτὸ
2342 4288 2402 4341 τὸ
2433 4289 2607 4344 παθόν
2629 4308 2643 4321 ·
2673 4290 2916 4348 δείκνυσι
2946 4297 3043 4359 τάς
3075 4298 3289 4368 χεῖρας,
3315 4298 3382 4352 δι’
3407 4295 3482 4355 ὧν
3513 4303 3656 4372 πρό-

2045 4393 2206 4446 τερον
2255 4378 2462 4434 ἔπλασε
2510 4382 2604 4434 τὸν
2640 4381 2835 4454 Ἀδὰμ,
2884 4387 2977 4440 καὶ
3028 4390 3266 4460 πεσόντα
3314 4391 3477 4446 πάλιν
3522 4395 3657 4448 ἀνέ-

2045 4471 2247 4527 πλασε.
2283 4473 2536 4528 Δείκνυσι
2570 4477 2671 4544 τὴν
2709 4476 2971 4550 πλευράν,
3010 4480 3069 4546 ἐξ
3107 4477 3177 4554 ἦς
3217 4486 3251 4554 ή
3293 4485 3359 4539 ὲκ
3404 4486 3652 4559 πλευρᾶς

361 4563 575 4631 accepit
623 4561 853 4618 liberata
918 4579 1014 4633 per
1061 4567 1421 4634 sanguinem,
1481 4577 1533 4621 et
1576 4568 1792 4637 expiata
1846 4582 1943 4637 per

2052 4563 2358 4619 πλασοείσα
2394 4563 2509 4620 Εὗα
2543 4566 2743 4640 εὕρατο
2777 4571 2875 4643 τὴν
2909 4571 3056 4644 ζωὴν
3087 4575 3520 4648 ὲλευθερωθεῖσα
3553 4579 3650 4634 διὰ

360 4668 585 4723 aquam.
618 4652 874 4709 Ostendit
898 4654 980 4708 eis
1019 4670 1214 4711 manus
1245 4668 1301 4711 et
1339 4657 1500 4724 latus,
1538 4666 1594 4710 ut
1620 4658 1846 4727 mystice
1875 4655 1944 4712 de

359 4748 705 4818 perfectione
739 4760 833 4802 eos
870 4747 1220 4804 institueret:
1248 4751 1521 4806 virtutem
1555 4764 1697 4814 eam,
1735 4765 1856 4819 qua:
1889 4750 1944 4805 in

362 4838 762 4913 exercitatione
801 4839 976 4907 posita
1031 4848 1151 4906 est,
1206 4855 1303 4909 per
1335 4823 1574 4906 manus;
1624 4841 1781 4893 fidem
1816 4855 1945 4894 vero

362 4945 460 4999 per
492 4928 636 4983 latus
666 4928 1007 4996 ostendens,
1055 4943 1120 4985 ex
1170 4944 1277 4999 quo
1327 4927 1557 4998 duplicis
1605 4930 1946 4999 baptismatis

358 5034 522 5093 typus
555 5022 817 5076 manavit.

446 5223 466 5258 ι
512 5205 580 5260 Ει
611 5222 732 5261 cum
760 5206 861 5262 hoc
890 5206 1159 5272 dixisset,
1197 5204 1487 5261 insufﬂat'it
1513 5244 1529 5269 ,
1570 5214 1624 5260 et
1651 5205 1787 5261 dixit
1816 5206 1893 5260 eis
1919 5226 1932 5262 :

367 5298 637 5368 «Accipite
683 5297 941 5368 Spiritum
1000 5307 1274 5353 sanctum.
1307 5314 1325 5347 ›
1365 5294 1468 5350 Per
1521 5295 1937 5353 iusufllatiouem

359 5405 608 5447 naturam
642 5391 926 5457 reformat,
955 5391 1237 5461 antiquum
1286 5388 1414 5445 illud
1445 5388 1713 5444 charisma
1744 5390 1943 5460 imper-

2044 4658 2140 4712 τοῦ
2170 4659 2422 4729 αἵματος,
2448 4661 2545 4715 καὶ
2569 4663 2710 4716 καθα
2720 4681 2751 4735 ρ
2765 4663 2921 4719 θεῖσα
2947 4667 3037 4720 διὰ
3059 4668 3153 4722 τοῦ
3182 4669 3394 4734 ὓδατος.
3423 4672 3653 4724 Δείκνυ-

2046 4763 2133 4800 σιν
2164 4749 2350 4813 αὐτοῖς
2379 4750 2478 4814 τὰς
2515 4754 2706 4824 χεῖρας
2745 4754 2840 4808 καὶ
2868 4755 2966 4827 τὴν
2998 4756 3277 4828 πλευρὰν,
3308 4762 3409 4830 τὴν
3438 4762 3650 4817 τελειόο

2044 4855 2184 4908 τήτα
2229 4841 2511 4908 μυστικῶς
2545 4843 2816 4899 διδάσκων
2852 4847 3052 4912 αὐτούς
3077 4865 3090 4878 ·
3129 4849 3228 4922 τὴν
3267 4852 3368 4920 μὲν
3406 4869 3651 4924 πρακτι-

2046 4929 2150 5002 κὴν
2187 4932 2390 5004 ἀρετὴν
2425 4933 2514 4987 διὰ
2552 4933 2660 4988 τῶν
2702 4938 2925 5010 χειρῶν,
2967 4938 3066 5008 τὴν
3108 4940 3165 4995 δὲ
3209 4941 3395 4997 πίστιν
3436 4945 3500 4996 ἐκ
3538 4946 3646 5014 τῆς

2044 5022 2311 5093 πλευρᾶς,
2356 5023 2418 5090 ἐξ
2464 5019 2533 5097 ἧς
2578 5029 2607 5080 ὁ
2648 5028 2747 5081 τοῦ
2792 5029 2979 5084 δισσοῦ
3032 5032 3415 5104 βαπτίσματος
3462 5036 3643 5100 τύπος

2046 5115 2335 5170 ἁνέϐλυσε.

2123 5224 2143 5259 ι
2178 5209 2288 5262 Kal
2309 5209 2466 5263 τοῦτο
2491 5211 2682 5278 είπὼν,
2710 5213 3048 5285 ἐνεφύσησεν
3072 5219 3278 5285 αὐτοῖς,
3303 5219 3400 5273 καὶ
3446 5220 3594 5291 λέγει
3616 5240 3635 5254 ο

2047 5297 2254 5352 Λάϐετε
2293 5301 2516 5371 Πνεῦμα
2550 5302 2724 5373 ἅγιον.
2762 5324 2781 5358 ι
2816 5307 2915 5358 Διὰ
2942 5307 3035 5361 τοῦ
3071 5311 3467 5382 ἐμφυσήματος
3502 5316 3639 5368 ἀνα-

2051 5394 2309 5462 στοιχειοῖ
2346 5392 2446 5464 τήν
2485 5393 2671 5466 φύσιν,
2716 5398 3034 5467 μεταδιδοὺς
3079 5402 3218 5474 αὐτῇ
3260 5404 3353 5458 τοῦ
3399 5405 3637 5479 ἀρχαίου

431 5533 477 5566 ⁸⁸
506 5533 665 5593 Joan.
712 5550 820 5603 xtl,
855 5533 948 5591 57.
1023 5532 1069 5565 "
1101 5530 1235 5588 Luc.
1268 5547 1431 5601 xxiv,
1462 5532 1550 5587 57‘.
1627 5534 1673 5565 ⁹⁰
1721 5533 1934 5590 Coloss.
1978 5551 2030 5600 ι,
2079 5533 2172 5589 20.

1589 5651 1910 5714 Fraucisci
1949 5652 2159 5714 Scorsi
2196 5663 2387 5718 noras.
2896 5634 2901 5643 λ
3237 5681 3263 5700 -

432 5770 817 5862 piatam
834 5768 1384 5862 επιὶίιίξξεεῌυίςρξιιες.
1416 5769 1493 5825 lta
1535 5770 1590 5827 S.
1630 5772 2003 5845 Cltrysostomi
2045 5776 2193 5832 hom.
2251 5778 2319 5833 de
2356 5776 2579 5838 Thorte
2618 5781 2998 5841 incredulitate
3029 5827 3045 5857 ,
3081 5797 3137 5844 et
3175 5786 3236 5845 S.
3282 5789 3514 5862 August.
3569 5790 3630 5851 in

364 5851 529 5893 tract.
566 5842 659 5894 1-21
691 5846 745 5896 in
769 5841 932 5899 Joan.
962 5840 1055 5909 IX,
1087 5853 1138 5897 ct
1173 5842 1375 5898 caeteri.
