4042 6390
451 358 567 421 635

1800 359 1962 419 ΗΟΜ
1974 358 2133 419 ILIA
2172 359 2399 421 XXXV.

3620 363 3731 428 686

457 472 832 544 χαρίσματος,
866 460 926 522 οὗ
959 466 1048 521 διὰ
1079 468 1179 537 τῆς
1216 468 1500 538 παρακοῆς
1537 468 1897 540 ἀπεστέρητο.
1932 471 2046 522 Πα-

2166 472 2292 527 ieus
2322 473 2458 544 (5i),
2508 488 2615 544 quo
2664 479 2873 544 privata
2926 492 3022 547 per
3057 478 3476 536 inobedientian‘i
3530 482 3682 539 lucra
3718 525 3734 540 .

462 559 721 631 ραγαγὼν
754 562 863 632 γὰρ
900 559 1144 632 ἀρχῆθεν
1177 560 1268 615 τὸν
1304 561 1615 632 ἄνθρωπον,
1651 565 1713 633 τῇ
1755 563 2044 632 μεταδόσει

456 655 553 708 τοῦ
593 655 910 725 Πνεῦματος
944 655 1107 708 αὐτὸν
1145 656 1566 722 κατεκὰλλυνεν,
1604 656 1927 726 ἐμφυσήσεις
1965 657 2045 716 εἰς

457 749 622 802 αὐτὸν
654 748 824 819 πνοὴν
857 747 1005 818 ζωῆς
1025 791 1037 809 ,
1070 749 1210 820 ὅπερ
1238 744 1308 820 ἦν
1338 749 1432 801 τοῦ
1465 750 1622 816 ἀγίου
1658 748 1980 818 Πνεύματος
2011 750 2043 819 ἡ

460 841 769 912 μετάδοσις.
803 841 1022 910 Ταύτης
1054 837 1148 894 οὖν
1181 841 1553 914 ἀμϐλυθείσης
1587 841 1694 894 ὑπὸ
1725 844 1824 913 τῆς
1861 843 2045 911 ἁμαρ-

456 934 598 997 τίας,
645 934 811 986 πάλιν
856 934 1025 1003 αὐτὴν
1066 933 1154 986 διὰ
1196 934 1291 986 τοῦ
1336 935 1729 1005 ὲμφυσήματος
1773 934 2043 1003 νεουργεῖ,

457 1026 712 1096 καθάπερ
738 1026 846 1078 ἀπὸ
874 1026 1056 1095 πηγῆς
1081 1025 1174 1078 τοῦ
1203 1025 1333 1078 ίόίου
1366 1026 1731 1096 πληρώματος
1756 1025 2046 1096 ἐμπλήσας

404 1110 415 1133 ⁹
456 1117 584 1179 τοὺς
632 1118 909 1188 μαθητὰς,
954 1120 1045 1171 καὶ
1088 1118 1522 1189 δεκτικωτέρους
1568 1118 1765 1180 αὐτοὺς
1811 1118 2046 1188 ποιήσας

456 1212 677 1265 πάντων
694 1211 803 1263 τῶν
832 1212 1195 1281 χαρισμάτων
1222 1211 1314 1264 τοῦ
1347 1212 1483 1264 Πνεύ
1494 1228 1683 1281 ματος,
1719 1205 1793 1264 ὧν
1822 1209 2046 1281 ἔμελλον

457 1305 742 1372 ὑποδοχείς
783 1306 1041 1372 γενέσθαι
1075 1307 1141 1375 τῇ
1180 1306 1340 1375 ἐορτῇ
1376 1304 1477 1373 τῆς
1514 1305 1918 1374 Πεντηκοστῆς.
1950 1306 2047 1356 Ἓν

456 1397 567 1467 γὰρ
608 1397 768 1466 μόνον
801 1396 859 1448 ἔν
893 1413 956 1463 γε
992 1396 1069 1467 τῷ
1102 1397 1238 1460 τέως
1271 1396 1359 1450 διὰ
1395 1397 1487 1450 τοῦ
1524 1397 1926 1467 ὲμφυσήματος
1962 1397 2043 1450 δέ-

456 1489 632 1541 δωκεν
655 1486 794 1550 εἶδος
818 1488 1182 1559 χαρίσματος,
1203 1488 1263 1540 τὸ
1283 1488 1502 1557 ἀφιέναι
1527 1490 1827 1559 ἁμαρτίας.
1855 1508 1872 1539 ι
1901 1489 2049 1541 Καθ-

448 1578 534 1643 ὼς
570 1580 888 1633 ἀπέσταλκε
934 1597 1000 1647 με
1043 1581 1070 1631 ὁ
1115 1578 1338 1649 Πατὴρ,
1377 1578 1534 1647 κάγὼ
1569 1580 1775 1650 πέμπω
1812 1580 1977 1649 ὑμᾶς.
2023 1598 2041 1630 ι

454 1674 532 1725 Οὐ
571 1672 715 1725 κατὰ
743 1672 840 1742 τὴν
869 1671 1026 1735 ἀξίαν
1060 1672 1183 1742 ἴσην
1214 1666 1355 1724 εἷναί
1391 1688 1555 1743 φησι,
1587 1672 1684 1740 τὴν
1714 1672 1987 1742 ἀποστολὴ
2000 1691 2048 1725 ν.

468 1766 529 1818 ’0
570 1767 668 1836 μὲν
697 1765 806 1834 γὰρ
842 1765 1064 1834 Πατὴρ,
1096 1765 1173 1828 ὼς
1207 1765 1496 1833 όμοούσιον
1530 1767 1623 1818 καὶ
1653 1764 1915 1835 ὁμότιμον
1946 1765 2045 1817 πέ-

2150 566 2281 618 Cum
2307 568 2451 621 enim
2484 586 2511 620 ιι
2566 570 2831 640 principio
2864 571 3140 627 hominem
3175 577 3539 643 produxisset,
3579 596 3729 633 com-

2152 660 2407 713 munione
2465 658 2700 730 Spiritus
2768 663 2945 732 ipsum
3008 668 3253 733 ornavit,
3299 685 3364 725 ac
3441 673 3728 741 pulchrum

2149 747 2361 817 effecit,
2417 753 2692 822 inspirans
2752 756 2803 809 in
2849 772 2972 811 eum
3017 761 3351 829 Spiraculum
3396 765 3558 830 vita},
3591 769 3733 834 quod

2149 852 2269 896 erat
2302 841 2540 911 Spiritus
2573 848 2751 902 sancti
2790 853 3229 908 connnnnicatio.
3267 854 3399 909 Cum
3426 858 3537 912 haec
3572 860 3724 930 igitu.

2149 930 2345 987 fuisset
2394 950 2489 1001 per
2535 948 2817 1005 peccatum
2842 942 2850 1007 ἶ
2877 940 3177 1013 deformata
3205 985 3219 1011 ,
3256 961 3375 1000 eam
3424 949 3493 1004 de
3526 951 3737 1021 integro

2151 1041 2249 1096 per
2280 1025 2698 1084 insumationcm
2750 1031 3060 1099 instaurat,
3100 1037 3264 1091 veluti
3313 1055 3341 1091 a
3384 1039 3537 1095 fonte
3567 1044 3737 1111 pleni-

2154 1120 2357 1174 tudinis
2404 1137 2513 1177 sum
2544 1123 2842 1194 discipulos
2894 1127 3161 1197 implens;
3197 1141 3249 1185 et
3288 1134 3460 1204 magis
3493 1150 3587 1191 eos
3618 1137 3738 1192 ido-

2154 1220 2285 1260 neos
2329 1208 2563 1264 reddens
2591 1212 2657 1265 ad
2708 1211 2945 1282 Spiritus
2998 1216 3085 1270 illa
3123 1220 3449 1276 charismata
3479 1264 3494 1289 ,
3525 1241 3648 1295 quae
3682 1228 3736 1282 in

2155 1299 2292 1354 festo
2328 1302 2678 1360 Pentecostes
2709 1306 2795 1362 die
2829 1311 3104 1378 accepturi
3132 1323 3308 1369 erant.
3351 1317 3559 1373 «Unam
3591 1322 3736 1375 enim

2156 1395 2371 1449 interim
2403 1397 2575 1451 solam
2609 1399 2957 1457 charismatis
2998 1406 3237 1473 speciem
3276 1423 3372 1478 per
3419 1411 3741 1469 iusulllatio-

2153 1488 2355 1541 tionem
2390 1488 2693 1558 impertiit,
2734 1494 3045 1550 remittentli
3081 1508 3302 1567 peccata
3338 1501 3473 1572 (52).
3532 1524 3550 1556 ι
3590 1505 3742 1562 Sicut

2154 1580 2300 1633 misit
2333 1596 2418 1637 me
2448 1580 2635 1647 Pater,
2673 1596 2725 1638 et
2756 1600 2858 1655 ego
2888 1588 3048 1642 mitto
3079 1604 3197 1645 vos.
3239 1612 3258 1643 ι
3292 1591 3413 1649 Νοιι
3441 1600 3738 1652 secundum

2153 1673 2475 1743 dignitatem
2526 1678 2789 1745 aequalem
2838 1696 2960 1735 esse
3013 1683 3328 1740 missionem
3376 1690 3527 1744 dicit.
3583 1690 3745 1747 PalCt‘

2155 1764 2299 1817 enim
2320 1804 2335 1828 ,
2368 1775 2430 1819 ut
2462 1769 2986 1824 consubstantialem
3024 1784 3077 1826 et
3111 1775 3317 1831 honore
3360 1781 3623 1848 aqualem
3656 1783 3743 1838 Fi-

456 1876 645 1929 πομφε
672 1860 766 1911 τον
800 1858 926 1911 my
948 1874 964 1889 °
997 1861 1025 1912 ὁ
1059 1858 1296 1928 Χριστὸς
1326 1858 1383 1911 δὲ
1413 1860 1539 1921 τοὺς
1572 1858 1904 1921 ἀποστόλους
1926 1897 1940 1921 ,
1971 1856 2046 1923 ὡς

2175 1858 2283 1911 ium
2314 1860 2501 1925 misit;
2534 1861 2783 1917 Christus
2812 1880 2940 1919 vero
2978 1867 3053 1921 uti
3089 1875 3306 1936 servos,
3358 1883 3412 1926 et
3446 1876 3743 1945 discipulos

451 1952 676 2014 δούλους
707 1953 915 2022 πέμπει
946 1954 1041 2005 καὶ
1075 1951 1348 2023 μαθητάς.
1388 1950 1527 2003 Ἀλλ’
1552 1952 1580 2004 ὃ
1610 1951 1778 2019 λέγει,
1808 1950 2048 2004 τοιοῦτόν

459 2047 575 2098 ἐστι
597 2063 611 2078 ·
644 2046 844 2109 Καθὼς
872 2046 972 2115 ὲμὲ
999 2044 1345 2098 ἀπέσταλκεν
1370 2045 1397 2097 ὁ
1424 2045 1616 2115 Πατὴρ
1646 2046 1731 2098 ἐπ’
1756 2044 2051 2114 εὐεργεσίᾳ

462 2143 557 2209 τῆς
582 2139 691 2192 τῶν
719 2138 1024 2209 ἀνθρώπων
1050 2137 1288 2206 φύσεως,
1313 2136 1458 2190 οὕτω
1483 2136 1639 2205 κάγὼ
1668 2137 1874 2206 πέμπω
1905 2137 2051 2205 ὑμᾶς

462 2232 556 2304 τὴν
589 2232 867 2303 σωτηρίαν
900 2234 1014 2295 τοῖς
1045 2229 1355 2300 ἀνθρώποις
1387 2229 1876 2297 εὐαγγελίσασθαι.
1910 2229 2050 2282 Teti-

464 2344 573 2390 τοις
602 2325 697 2380 οὖν
726 2326 924 2388 αὐτοὺς
963 2326 1413 2394 πιστωσάμενος,
1449 2323 1792 2394 παραχρῆμα
1826 2322 2053 2391 γέγονεν

461 2418 695 2486 ἀφανὴς,
740 2417 955 2480 δεικνὺς
1000 2415 1301 2470 κάντεῦθεν
1345 2414 1443 2485 τὴν
1488 2417 1567 2477 είς
1612 2415 1674 2467 τὸ
1719 2414 2057 2485 ὑψηλότερον

462 2511 553 2563 αὖ
588 2512 842 2580 σώματος
874 2510 1309 2580 μετακόσμησιν.

536 2624 556 2656 ι
592 2604 797 2673 Θωμᾶς
823 2603 880 2655 δὲ
911 2596 992 2666 εἷς
1019 2601 1129 2655 τῶν
1157 2600 1388 2664 δώδεκα,
1417 2602 1445 2653 ὁ
1475 2600 1770 2669 λεγόμενος
1800 2598 2054 2669 Δίδυμος,

461 2698 562 2751 sint
590 2692 658 2768 ἦν
696 2695 816 2767 μετ’
841 2696 1043 2761 αὐτῶν,
1074 2696 1163 2748 ὅτε
1196 2690 1362 2765 ἦλθεν
1394 2695 1422 2747 ό
1458 2693 1681 2765 Κύριος.
1717 2712 1737 2744 ι
1776 2689 1869 2746 Ἐκ
1903 2693 2058 2757 θείας

462 2792 780 2860 δίκονομίας
818 2784 887 2859 ἦν
921 2786 1017 2841 τοῦ
1059 2787 1234 2857 Θωμᾶ
1273 2790 1307 2857 ἡ
1348 2787 1635 2856 ἀπόλειψις
1659 2802 1673 2817 ⁸
1711 2786 1799 2839 ἴνα
1838 2786 1928 2839 aia
1959 2785 2058 2855 τῆς

462 2886 967 2951 ὶξεταστικωτέρας
1003 2881 1264 2953 ἐρεύνης,
1302 2880 1660 2951 ἐκδηλότερον
1694 2878 2057 2950 ἀνακαλυφθῇ

468 2980 563 3049 τῆς
607 2976 960 3039 ἀναστάσεως
1000 2975 1060 3027 τὸ
1104 2974 1428 3045 μυστήριον.
1471 2974 1670 3027 Σκόπει
1708 2973 1765 3026 δὲ
1806 2972 1926 3035 πῶς
1968 2975 2083 3025 καὶ·

468 3073 564 3142 τὴν
591 3072 782 3141 κλῆσιν
811 3064 926 3140 εἶχε
952 3069 1045 3121 τοῦ
1074 3068 1277 3140 τρόπου
1307 3068 1667 3139 κατάλληλον.
1695 3067 1898 3136 Θωμᾶς
1926 3064 2057 3136 γὰρ,

2156 1948 2325 2003 mittit
2372 1952 2669 2020 apostolos.
2709 1952 2821 2010 lluc
2855 1966 3038 2010 autem
3090 1974 3184 2028 per
3219 1962 3334 2016 hmc
3367 1967 3532 2021 verba
3568 1969 3743 2037 signi-

2159 2041 2285 2096 ﬁcat
2314 2044 2540 2112 :;Sicuti
2570 2062 2655 2100 me
2683 2045 2845 2102 Pater
2880 2051 2946 2104 ad
2989 2052 3241 2110 humanae
3282 2067 3491 2113 naturae
3538 2061 3745 2117 benefi-

2157 2137 2301 2191 cium
2337 2136 2507 2201 misit,
2537 2138 2617 2193 sic
2648 2147 2703 2193 et
2732 2155 2831 2209 ego
2866 2157 2961 2197 vos
2999 2145 3174 2210 mitto,
3211 2154 3269 2200 ut
3300 2148 3529 2205 salutem
3563 2153 3746 2209 homi-

2167 2231 2328 2284 nibus
2356 2230 2684 2299 prmdicetis.
2724 2233 2820 2288 llis
2851 2234 3015 2303 igitur
3044 2238 3131 2291 ubi
3166 2253 3262 2294 eos
3309 2241 3364 2295 in
3400 2242 3503 2299 lide
3550 2247 3747 2300 contir-

2163 2323 2371 2389 mavit,
2403 2323 2589 2377 statim
2638 2325 2707 2379 ab
2754 2327 2927 2382 oculis
2978 2344 3168 2385 eorum
3221 2336 3483 2400 evanuit,
3527 2348 3583 2391 ut
3622 2340 3749 2393 hinc

2160 2413 2323 2469 etiam
2356 2416 2670 2469 ostenderet
2695 2456 2711 2482 ,
2746 2418 2811 2472 ad
2842 2418 3088 2475 altiorem
3116 2432 3321 2479 statum
3363 2440 3561 2497 corpus
3588 2446 3746 2485 suum

2162 2502 2332 2558 fuisse
2372 2516 2713 2559 renovatum.

2240 2614 2259 2647 ι
2301 2596 2541 2652 Thomas
2574 2608 2755 2653 autem
2806 2616 2943 2656 unus
2973 2617 3038 2658 ex
3069 2604 3379 2673 duodecim,
3410 2610 3501 2679 qui
3548 2613 3747 2668 dicitur

2163 2687 2425 2759 Didymus
2448 2731 2465 2756 ,
2499 2705 2605 2745 non
2637 2701 2755 2746 erat
2786 2707 2907 2746 cum
2947 2696 3026 2749 eis
3058 2699 3275 2765 quando
3325 2702 3473 2756 venit
3503 2702 3683 2761 Jesus.
3721 2727 3739 2758 s

2163 2781 2354 2837 Divina
2388 2784 2797 2853 dispensatione
2830 2784 3033 2841 factum
3064 2801 3150 2844 est
3174 2829 3189 2853 ,
3234 2801 3289 2846 ut
3321 2791 3561 2851 Thomas
3593 2798 3748 2853 abes-

2160 2887 2281 2943 set,
2314 2887 2374 2931 ut
2404 2892 2469 2932 eo
2501 2877 2755 2933 subtilius
2792 2879 3121 2949 inquirente,
3162 2884 3597 2943 Resurrectiouis
3629 2907 3747 2963 my-

2163 2974 2391 3026 sterium
2420 2971 2576 3025 tit-ret
2606 2972 2970 3027 manifestius.
2997 2973 3295 3031 Considera
3316 2994 3443 3035 vero
3473 2982 3660 3049 etiam,
3692 2994 3750 3038 ut

2164 3080 2363 3119 nomen
2392 3065 2635 3119 moribus
2666 3068 3001 3134 respondens
3036 3068 3307 3124 habuerit.
3345 3071 3582 3129 Thomas
3604 3079 3752 3134 enim

462 3126 741 3229 ὖὲυσσος
779 3126 1159 3231 καὶῧδίδιεμός
1194 3126 1587 3231 ἑρμηνεύεται,
1618 3160 1737 3230 ἦτοι
1773 3126 2055 3211 iuraturi;

2166 3152 2413 3224 abyssum
2449 3152 2588 3225 (53),
2622 3164 2676 3209 et
2724 3126 3008 3226 Didymum
3036 3198 3051 3223 ,
3094 3159 3206 3214 sive
3256 3161 3420 3232 250
3444 3126 3754 3237 ualuit-iii;

464 3261 563 3323 κός
583 3277 597 3289 ·
625 3258 818 3328 ἔμελλε
843 3259 954 3327 γὰρ
979 3256 1232 3309 διστάσαι
1262 3258 1390 3326 περὶ
1413 3255 1512 3327 τὴν
1537 3253 1776 3307 Musa»
1798 3252 1897 3323 τῆς
1924 3253 2056 3306 ἀνα-

465 3354 732 3415 στάεεως.

2168 3260 2363 3316 Sonat;
2405 3250 2694 3319 ambiguus
2729 3250 2929 3321 quippe
2960 3250 3028 3305 de
3076 3249 3515 3314 Resurrectionis
3554 3259 3751 3333 abysso

2168 3342 2384 3398 futurus
2416 3352 2559 3399 erat.

1713 3504 2037 3569 Francisci
2070 3504 2279 3569 Scorsi
2319 3510 2505 3566 notae.
2594 3579 2601 3587 η

544 3661 657 3728 (5|)
689 3660 981 3729 Antiquam
1011 3659 1147 3712 illud
1183 3659 1795 3727 charismaimpertieus.
1824 3660 1900 3713 lla
1926 3676 2060 3713 non-

471 3735 604 3789 nulli
643 3732 833 3785 Patres
861 3730 1137 3796 accipiunt
1180 3730 1309 3782 illud
1341 3730 1478 3785 Gen.
1512 3745 1524 3779 :
1577 3729 1640 3781 Et
1678 3731 1955 3797 inspiravit
2002 3735 2059 3785 in

476 3807 664 3867 [aciem
717 3802 832 3868 ejus
873 3802 1201 3869 spiraculum
1238 3805 1376 3853 vitta.
1422 3803 1480 3856 S.
1524 3800 1761 3869 Cyrillus
1791 3802 1945 3854 Alex.
2004 3803 2059 3854 iit

469 3876 635 3928 Jaan.
682 3873 773 3926 lib.
815 3889 911 3933 xu,
944 3886 1063 3938 cap.
1125 3871 1191 3923 5t}
1225 3887 1238 3922 :
1282 3872 1419 3925 Deus
1452 3871 1593 3924 enim
1629 3870 1792 3924 Pater
1824 3887 1915 3937 per
1935 3889 2059 3937 pro-

472 3948 649 4012 prium
707 3942 916 3997 verbum
961 3945 1023 3994 de
1061 3943 1184 3994 limo
1209 3950 1387 4003 ιρι-ταν,
1414 3954 1468 3995 ut
1499 3942 1765 4003 scribitur,
1791 3941 2057 3995 hominem

472 4016 745 4084 (mutavit,
792 4014 974 4066 anima
1004 4013 1291 4084 deciiravit,
1322 4023 1368 4063 et
1394 4016 1477 4066 sui
1510 4013 1735 4077 spiritus
1764 4014 2058 4084 participia-

473 4082 618 4139 tione
671 4088 930 4137 utuiiivit:
1004 4102 1022 4131 ι
1058 4082 1353 4151 lusu/[lavit
1406 4084 1545 4136 enim
1595 4084 1649 4133 in
1712 4084 1901 4151 [aciem
1947 4083 2063 4149 eius

475 4156 803 4222 spiraculum
854 4157 990 4208 vita'.
1027 4172 1045 4204 ι
1106 4151 1295 4206 Verum
1346 4155 1597 4221 quoniam
1622 4152 1677 4204 in
1712 4164 1955 4209 mortem,
2001 4169 2065 4205 ea:

476 4226 829 4280 irrobediemia
864 4226 1073 4286 cecidit,
1106 4234 1153 4274 et
1205 4225 1439 4287 priscum
1477 4223 1636 4275 decus
1672 4226 1825 4276 homo
1860 4224 2062 4286 amisit,

472 4298 727 4367 formavit
764 4298 938 4359 ipsum
994 4310 1180 4367 rugas
1238 4294 1379 4347 Deus
1422 4293 1583 4367 Pater
1611 4310 1642 4367 ;_
1676 4306 1721 4345 et
1758 4293 1829 4367 in
1876 4311 2065 4367 novam

478 4362 689 4423 reduxit
713 4368 900 4429 vitam,
927 4380 1020 4431 per
1057 4362 1259 4417 Filium
1300 4380 1474 4416 suum.
1516 4365 1574 4416 S.
1605 4364 1865 4433 prrian.
1894 4364 2063 4430 Epist.

478 4442 545 4492 ad
596 4437 789 4506 Pomp.
842 4434 1109 4488 fratrem:
1166 4434 1336 4486 Porro
1370 4446 1547 4486 autem
1592 4450 1693 4487 non
1739 4451 1834 4506 per
1876 4450 2066 4487 manus

478 4505 869 4583 impositionem
902 4506 1019 4583 quis
1043 4506 1304 4583 nascitur,
1331 4507 1546 4583 quando
1573 4506 1776 4583 accipit
1802 4505 2064 4573 Spiritum

480 4573 747 4642 sanctum,
778 4579 867 4630 sed
915 4573 970 4628 in
1003 4575 1284 4641 baptismo,
1340 4586 1395 4627 ut
1439 4573 1701 4643 Spiritum
1746 4574 1865 4642 jam
1914 4586 2072 4628 natus

480 4650 732 4717 accipiat,
766 4650 904 4701 sicut
938 4648 989 4699 in
1044 4647 1215 4714 primo
1262 4646 1468 4698 homine
1498 4644 1672 4697 Adam
1733 4648 1933 4713 factum
1972 4658 2070 4699 cst.

480 4723 612 4771 Ante
652 4723 790 4771 enim
846 4717 985 4770 Deus
1038 4733 1154 4769 eum
1196 4717 1499 4781 plasmauit,
1564 4727 1609 4767 et
1642 4729 1765 4769 tunc
1790 4717 2073 4785 insit/ﬂuvit

478 4790 535 4842 in
582 4789 771 4857 {acrem
803 4792 917 4855 ejus
951 4789 1139 4857 ﬂatum
1170 4788 1289 4839 vita:
1313 4803 1336 4849 ;
1384 4801 1476 4838 nec
1528 4787 1661 4837 enim
1699 4796 1868 4857 potest
1902 4788 2073 4853 accipi

480 4854 717 4925 spiritus,
758 4854 863 4912 nisi
899 4854 1052 4925 prius
1106 4857 1289 4924 fuerit,
1334 4858 1423 4927 qui
1467 4857 1720 4923 accipiat.
1752 4854 1810 4909 S.
1842 4857 2074 4910 Basilius

483 4929 577 4983 lib.
622 4930 696 4982 De
740 4929 949 4999 Spiritu
977 4938 1185 4993 sancto,
1245 4944 1362 4997 cap.
1390 4928 1489 4981 16:
1532 4927 1790 4980 Dominus
1825 4928 1960 4980 enim
1980 4928 2073 4998 qui

481 4999 767 5053 renovabat
801 5000 1095 5063 hominem,
1146 5001 1295 5064 eique
1341 4999 1590 5051 reddebat
1625 4999 1878 5065 gratiam,
1914 5014 2074 5067 quam

480 5086 548 5123 ea:
579 5071 761 5140 aﬂialu
803 5070 900 5123 Dei
939 5080 1210 5138 acceptam
1244 5070 1519 5131 amiserat,
1562 5070 1852 5140 inspiravit
1877 5070 1932 5120 in
1993 5070 2076 5135 [a-

479 5137 1072 5211 ciem—discipulorum,
1105 5140 1297 5208 quibus
1334 5141 1460 5211 ait:
1491 5158 1509 5190 t
1550 5137 2075 5211 AccipiteSpiritum

482 5221 747 5277 sanctum,
781 5208 809 5263 ἰ
844 5221 951 5264 etc.
1011 5210 1155 5263 ldent
1212 5211 1271 5264 S.
1304 5210 1560 5263 Ambros.
1606 5222 1636 5260 a
1689 5208 1890 5263 Basilio
1922 5224 2077 5264 acce-

484 5293 661 5348 ptum,
709 5276 788 5336 uti
841 5280 1330 5345 notatCornelius,
1371 5282 1571 5334 citatus
1606 5276 1851 5347 ejusdem
1886 5280 2073 5335 Basilii

487 5347 639 5407 lucus
669 5368 699 5407 a
740 5354 805 5407 P.
831 5352 1130 5406 Francisco
1156 5352 1342 5415 Arias,
1376 5360 1539 5405 tract.
1569 5366 1619 5402 ιί
1656 5350 1733 5403 De
1767 5347 2075 5405 Imitatioue

486 5422 708 5491 Christi,
759 5439 882 5492 cap.
951 5424 1005 5485 1,
1050 5436 1116 5474 ex
1158 5422 1297 5490 psal.
1339 5436 1530 5482 xum.
1575 5422 1670 5473 sed
1746 5437 1851 5475 non
1897 5423 1966 5473 ibi
2009 5425 2075 5476 de

486 5498 660 5561 gratia
718 5493 778 5547 S.
814 5494 1075 5563 Spiritus,
1127 5492 1695 5563 sensupernaturali,
1724 5495 1817 5544 sed
1861 5492 1928 5544 de
1975 5508 2075 5544 na-

491 5568 671 5631 turali,
711 5567 813 5619 hoc
847 5561 933 5619 est
970 5563 1063 5617 Dei
1117 5561 1472 5616 similitudine
1492 5576 1713 5630 accepta
1744 5562 1891 5630 loqui
1924 5563 2076 5615 vide-

487 5646 595 5688 tur.
633 5636 834 5691 Locum
882 5649 1043 5704 quem
1078 5633 1189 5701 jam
1238 5647 1584 5701 paraveram,
1622 5649 1689 5686 ne
1750 5632 1960 5704 longius
2020 5634 2073 5688 in

488 5709 591 5760 hac
625 5707 761 5759 Nota
807 5702 1121 5767 excurrant,
1177 5704 1453 5757 ascribere
1490 5705 1705 5757 omitto.
1766 5702 1965 5755 Verum
2014 5704 2073 5756 δ.

486 5789 717 5840 August.
761 5777 853 5830 lib.
894 5790 994 5828 xm
1053 5774 1129 5826 De
1177 5774 1335 5826 Civil.
1383 5790 1505 5843 cap.
1552 5775 1647 5835 24,
1678 5776 1730 5825 in
1772 5772 1875 5825 alia
1896 5776 2075 5826 omnia

490 5850 645 5916 abit;
682 5851 875 5904 refellit
906 5845 1051 5901 enim
1100 5855 1211 5900 toto
1240 5861 1305 5900 eo
1365 5848 1543 5914 Capite
1599 5860 1694 5901 eos
1726 5845 1815 5914 qui
1885 5852 2079 5913 putant

2166 3661 2309 3714 idem
2343 3658 2542 3713 factum
2577 3658 2641 3731 in
2692 3660 2874 3731 prima
2935 3659 3317 3726 inspiratione,
3359 3664 3503 3731 quod
3563 3666 3615 3719 in
3667 3682 3758 3721 sc-

2165 3732 2381 3795 cumla;
2423 3743 2487 3782 ac
2565 3730 2797 3797 primam
2865 3730 3281 3798 inspiratioueiu
3328 3730 3453 3785 vita:
3496 3739 3753 3791 animalis

2168 3801 2581 3873 intelligendum
2628 3800 2899 3873 plurimus
2935 3801 3148 3873 probat
3191 3818 3257 3856 ex
3290 3803 3381 3855 illo
3418 3801 3436 3854 Ι
3473 3805 3599 3861 Cor.
3660 3826 3755 3873 xv,

2164 3872 2269 3925 45:
2311 3868 2509 3923 Factus
2556 3881 2630 3923 est
2664 3870 2869 3941 primus
2910 3870 3081 3923 Adam
3118 3873 3172 3924 in
3201 3874 3439 3925 animam
3473 3868 3753 3941 viventem,

2168 3943 2480 3995 novissimus
2533 3941 2704 3993 Adam
2728 3941 2781 3992 iu
2823 3939 3081 4009 Spiritum
3118 3944 3513 4009 viviﬁcantem;
3557 3956 3613 3999 et
3647 3939 3753 4001 cm?

2169 4014 2302 4067 teris
2356 4026 2480 4079 quae
2509 4021 2837 4080 sequuntur.
2908 4008 3060 4065 Unde
3109 4028 3217 4066 non
3272 4015 3392 4067 sine
3439 4008 3604 4070 causa
3664 4020 3761 4071 atl-

2172 4087 2342 4135 miror
2394 4097 2517 4135 cmn
2556 4082 2864 4134 Maldonato
2899 4081 2951 4133 in
2993 4084 3136 4135 hunc
3166 4082 3394 4138 Joannis
3427 4085 3605 4139 locum
3631 4102 3660 4141 a
3695 4088 3755 4141 S.

2172 4152 2481 4227 Philastrio
2534 4153 2793 4227 episcopo
2830 4152 3096 4227 Brixie‘nsi
3140 4153 3281 4227 inter
3321 4154 3580 4227 haereses
3631 4160 3761 4227 poni

2173 4239 2295 4295 eam
2334 4223 2759 4295 explicationem
2785 4238 2906 4291 quae
2937 4224 3403 4295 spiraculumvitw
3440 4242 3548 4295 pro
3577 4223 3759 4283 anima

2174 4294 2447 4361 accipiat;
2515 4295 2794 4347 centendit
2844 4294 2989 4347 enim
3051 4294 3315 4363 Spiritum
3370 4294 3622 4350 sanctum
3686 4300 3759 4353 ibi

2174 4364 2613 4432 intelligendum.
2664 4363 2768 4417 Sed
2808 4364 2999 4435 melius
3058 4365 3117 4418 S.
3158 4365 3495 4435 Epiphanius
3548 4368 3622 4420 De
3651 4371 3763 4422 Ιιαν-

2174 4435 2375 4507 ρξδὶίηιδ
2412 4436 2656 4501 scripsit,
2698 4435 2873 4504 inquit
2897 4433 3262 4489 Bellarminns
3289 4452 3434 4488 anno
3468 4438 3573 4491 580
3597 4456 3761 4507 quam

2108 4527 2150 4582 ο
2179 4503 2540 4582 Philasttjus;
2564 4520 2732 4582 quare
2768 4507 2983 4582 videtur
3006 4507 3231 4582 omnino
3267 4503 3760 4582 prohaliiliorisen-

2184 4576 2353 4629 tentia
2395 4575 2454 4629 S.
2500 4574 2812 4642 Augustini,
2872 4590 3032 4640 quam
3076 4577 3243 4629 etiam
3278 4578 3565 4630 Cornelius
3622 4580 3761 4631 idem

2181 4655 2368 4699 noster
2428 4645 2479 4697 in
2514 4660 2633 4711 cap.
2684 4659 2741 4697 ιιι
2780 4645 2916 4698 Gen.
2977 4646 3145 4698 solam
3212 4648 3475 4708 admittit,
3526 4647 3653 4701 licet
3708 4650 3761 4701 itt

2177 4715 2491 4769 Comment.
2532 4715 2595 4785 in,
2645 4714 2851 4782 Evang.
2903 4717 3095 4775 ultimo
3138 4718 3359 4785 scriptis
3410 4728 3634 4771 censeat
3697 4722 3765 4772 de

2180 4797 2414 4858 utroque
2451 4784 2661 4858 spiritu
2694 4801 2854 4853 posse
2898 4786 3077 4839 locum
3129 4784 3279 4841 illum
3331 4787 3533 4841 (lenes.
3588 4788 3766 4858 expli-

2179 4857 2315 4928 cari,
2343 4867 2397 4909 et
2421 4857 2495 4928 de
2520 4858 2756 4928 naturali
2780 4866 2833 4910 et
2874 4860 2939 4909 de
2991 4859 3395 4925 super-naturali
3423 4875 3435 4909 :
3466 4857 3765 4928 utrumque

2179 4927 2391 4980 scilicet
2418 4927 2708 4995 inspiravit
2741 4926 2903 4991 Deus,
2935 4929 3174 4982 animam
3210 4932 3357 4982 enim
3390 4929 3564 4997 gratia
3589 4926 3763 4983 salicti

2180 4998 2419 5069 Spiritus
2468 5008 2717 5051 ornatam
2760 5000 2988 5061 creavit,
3038 5000 3203 5068 idque
3262 5012 3487 5069 propter
3517 5004 3763 5053 auctori-

2182 5079 2349 5121 tatem
2374 5068 2617 5140 Patrum,
2644 5084 2783 5137 quos
2814 5070 2995 5131 retuli,
3026 5068 3277 5140 quosque
3303 5078 3526 5126 secutus
3553 5081 3637 5125 est
3670 5088 3765 5124 no-

2178 5148 2311 5199 ster,
2352 5138 2479 5207 mihi
2517 5141 2753 5191 maxime
2788 5138 3070 5207 probatur.

2251 5209 2366 5278 (5‘2)
2402 5206 2718 5284 Remittemti
2752 5206 2988 5284 peccata.
3034 5210 3113 5267 Ita
3148 5210 3205 5266 S.
3240 5212 3527 5284 Chrysqst.
3557 5213 3767 5269 etallcr

2179 5280 2369 5354 itidem
2427 5280 2890 5354 aurei_sermonis
2915 5281 3086 5354 ii’ater
3115 5280 3396 5354 Chrysoh,
3433 5282 3763 5352 The0pnyl.,

2181 5351 2436 5424 Euthym.
2482 5360 2537 5403 et
2574 5348 2876 5419 Bupertus.
2912 5353 2977 5406 Et
3009 5348 3543 5424 longius-Cornelius
3578 5348 3767 5407 nositer

2180 5422 2326 5475 hunc
2368 5422 2546 5474 locum
2583 5433 2739 5490 urget
2770 5426 3037 5478 adversus
3089 5422 3399 5487 liwreticos,
3458 5441 3521 5478 ex
3588 5440 3763 5491 eoque

2183 5492 2379 5564 probat
2437 5492 2861 5564 institutionem,
2932 5506 2987 5550 et
3037 5504 3368 5564 praeceptum
3437 5496 3766 5549 sacramenti

2180 5562 2545 5632 pteuitenjize,
2588 5578 2747 5630 quem
2782 5564 2927 5619 vide.

2253 5632 2368 5702 (55)
2410 5629 2639 5706 Thomas
2670 5636 2809 5706 enim
2841 5638 3112 5705 abyssum.
3158 5634 3459 5706 Utramque
3527 5636 3767 5691 notatio-

2182 5721 2304 5757 nem
2343 5702 2577 5756 uominis
2602 5702 2695 5755 τοῦ
2751 5702 2980 5772 Thonia,
3035 5709 3123 5762 hic
3158 5702 3545 5775 complectitur
3584 5710 3768 5763 Theu-

2183 5777 2432 5841 phanes:
2470 5788 2703 5843 eamque
2735 5789 2833 5827 nos
2889 5778 3052 5829 simul
3111 5779 3454 5835 ostendimus
3493 5794 3559 5835 ex
3620 5782 3769 5835 fonte

2184 5844 2452 5899 llcbi‘aico
2478 5844 2545 5899 ad
2579 5847 2723 5901 hom.
2759 5844 2846 5911 55,
2891 5856 3003 5902 ιιοι.
3037 5848 3128 5905 27.
