4042 6474
260 371 365 435 687

264 582 495 635 minum.
529 573 623 632 llle
652 587 827 631 autem
863 576 996 631 dixit
1028 578 1147 630 eis:
1184 568 1295 627 Nisi
1341 570 1526 629 videro
1574 575 1624 629 iu
1662 575 1834 628 mani,

258 675 362 728 bus
398 674 515 743 ejus
550 672 771 741 figuram
799 667 1096 723 clavorum.
1128 686 1147 713 ι
1182 666 1295 720 Non
1324 667 1388 721 de
1428 667 1831 721 resurrectione
1878 718 1908 731 ί

267 766 522 818 dubitare
570 763 783 816 videtur
841 758 997 828 (54),
1051 756 1145 811 scd
1186 757 1357 811 solum
1413 757 1551 811 velle
1580 757 1835 811 subtilius

262 856 624 924 investigare,
664 868 728 905 an
782 852 923 904 idem
970 851 1271 905 surrexerit
1321 866 1540 920 corpus.
1588 848 1643 905 Si
1690 850 1834 903 enim

260 956 327 1003 de
353 947 745 1002 rcsurrectione
771 942 958 996 fuisset
994 941 1325 1004 incredulus,
1352 942 1575 995 dixisset
1612 942 1789 1009 potius
1817 957 1831 994 :

260 1039 373 1095 Nisi
409 1039 582 1105 ipsum
631 1035 813 1089 videro
868 1033 1151 1086 Dominum
1182 1074 1197 1094 ,
1251 1048 1357 1086 non
1412 1035 1649 1087 credam.
1684 1029 1837 1086 Nune

258 1147 387 1183 τιτι-υ
421 1130 581 1193 latus,
611 1139 663 1180 et
696 1140 887 1179 manus
935 1133 1274 1179 eontrcctare
1314 1140 1433 1176 cum
1470 1122 1735 1192 postulet,
1774 1124 1838 1178 de

260 1234 489 1288 corpore
533 1234 656 1272 eniti
708 1217 984 1285 ambigere
1023 1216 1370 1270 manifestum
1419 1227 1522 1269 est.
1571 1217 1835 1282 Quoniam

259 1315 404 1368 enim
441 1328 469 1365 a
525 1310 807 1378 discipulis
856 1320 1179 1378 acceperat,
1235 1321 1357 1360 eum
1406 1308 1589 1378 januis
1639 1308 1839 1362 clausis

258 1408 560 1477 ingressum
624 1404 678 1457 iu
736 1408 856 1456 eam
913 1402 1097 1455 venire
1159 1399 1467 1469 Opinionem
1506 1401 1677 1469 potui:
1728 1398 1838 1467 jam

264 1497 579 1568 deposuisse
628 1508 828 1563 corpus
854 1535 868 1557 ,
921 1502 975 1548 et
1006 1493 1253 1562 spiritum
1292 1492 1618 1546 remansisse
1647 1508 1661 1545 :
1697 1490 1837 1559 quod

258 1601 314 1647 et
348 1591 469 1645 aliis
487 1589 717 1658 contigit
747 1587 1050 1657 discipulis,
1074 1587 1162 1655 qui
1190 1584 1839 1653 existimaruntspiritum

244 1691 321 1739 ‘se
353 1683 558 1735 videre.
615 1678 769 1745 Quod
802 1678 945 1731 enim
998 1694 1196 1746 corpus
1249 1693 1412 1731 carne
1443 1686 1700 1730 censtaus
1733 1676 1843 1741 spi-

265 1774 463 1830 rituale
509 1772 868 1827 resnrrexerit
891 1810 906 1832 ,
940 1784 1097 1821 nemo
1131 1779 1307 1838 negat.
1340 1769 1455 1834 Quo
1502 1768 1646 1821 enim
1683 1777 1839 1834 parte

261 1868 441 1939 ianuae
475 1864 673 1919 clausae
708 1860 897 1916 molem
928 1860 1171 1928 corporis
1198 1859 1579 1926 excepissent?
1614 1854 1836 1912 Verum-

266 1970 447 2014 tamen
497 1971 604 2011 non
654 1955 706 2008 in
757 1968 868 2007 rem
918 1954 1160 2006 materiae
1194 1959 1508 2021 expertem,
1558 1965 1732 2018 neque
1787 1950 1841 2004 in

262 2060 513 2107 naturam
540 2045 758 2101 deitatis
784 2051 1202 2099 transmutatum
1227 2054 1331 2109 est,
1361 2046 1453 2098 sed
1481 2044 1677 2114 ipsum,
1702 2044 1846 2114 quod

262 2158 480 2215 passum
506 2139 682 2196 fuerat
701 2153 901 2208 corpus
925 2136 1222 2191 divinitatis
1242 2137 1480 2207 potentia
1506 2147 1846 2202 renovatum,

264 2247 316 2291 et
354 2235 656 2291 subtilitate
706 2230 927 2300 spiritus
988 2238 1238 2283 ornatum
1290 2239 1374 2283 est
1395 2228 1434 2282 ἐ
1486 2236 1667 2282 manet
1714 2241 1846 2282 vero

1454 367 1946 429 THEOPHANIS
1985 368 2327 428 CERAMEI

340 508 358 539 ι
411 486 670 541 Dicebant
707 500 833 554 ergo
875 485 921 540 ei
977 484 1063 538 alii
1116 483 1410 552 discipuli:
1446 482 1691 538 Vidimus
1731 483 1833 537 Do-
1872 497 1915 550 Α

2025 502 2041 535 ι
2079 484 2307 552 Ἔλεγον
2340 477 2432 536 οὖν
2468 484 2616 553 αὐτῷ
2649 485 2697 537 οἱ
2732 485 2880 540 ἄλλοι
2916 484 3160 556 μαθηταί
3184 505 3199 518 '
3239 487 3527 557 Ἑωράκα-

1945 592 2044 646 μεν
2077 575 2167 627 τὸν
2205 576 2430 646 Κύριον.
2468 576 2528 628 '0
2564 576 2619 629 δὲ
2654 573 2808 630 εἶπεν
2840 578 3026 641 αὐτοῖς
3050 596 3062 611 ·
3095 580 3193 632 Ἂν
3230 580 3304 650 μὴ
3340 580 3433 634 ἴδω
3467 584 3528 634 ὲν

1940 667 2057 728 ταῖς
2096 665 2286 735 χερσὶν
2321 664 2488 719 αὑτοῦ
2527 667 2617 718 τὸν
2657 667 2826 721 τύπον
2858 669 2964 722 τῶν
2994 670 3163 740 ἥλων.
3203 689 3223 722 ι
3258 673 3417 724 Δοκεῖ
3452 672 3530 742 μὴ

1941 759 2040 828 τὴν
2085 759 2385 812 ἀνάστασιν
2429 761 2700 827 άπιστεῖν,
2746 761 2884 814 ἀλλὰ
2926 763 3434 833 πολυπραγμονεῖν,
3476 766 3525 817 εξ

1942 849 2073 903 αὐτὸ
2104 849 2163 901 τὸ
2199 850 2357 919 σῶμα
2395 851 2716 920 ἐγήγερται.
2752 853 2815 904 Εἰ
2848 852 2958 922 γάρ
2989 854 3212 923 ἠπίστει
3241 854 3339 924 τὴν
3367 854 3527 924 ἔγερ-

1944 959 2050 1006 σιν,
2083 938 2234 994 εἶπεν
2266 943 2329 995 ἃν
2364 943 2589 1013 μᾶλλον,
2634 943 2763 997 Ἐὰν
2785 946 2971 1017 mtas.
3000 947 3162 999 αὐτὸν
3181 947 3269 999 τὸν
3301 947 3527 1017 Κύριον,
3600 984 3608 993 α

1942 1033 2004 1086 οῦ
2041 1034 2114 1104 μὴ
2149 1034 2452 1088 πιστεύσω.
2486 1034 2601 1087 Νῦν
2630 1035 2686 1087 δὲ
2721 1036 2821 1106 τὴν
2882 1036 3124 1106 πλευρὰν
3164 1039 3260 1095 καὶ
3287 1037 3380 1101 τὰς
3413 1042 3530 1108 χεῖ·
3599 1050 3606 1060 ‘

1948 1141 2045 1195 ρας
2073 1124 2397 1195 ψηλαιρῆσαι
2427 1125 2627 1194 ζητῶν,
2653 1126 2810 1195 δῆλός
2840 1128 2957 1180 ὲστι
2990 1130 3119 1200 περὶ
3145 1129 3239 1181 τοῦ
3272 1130 3528 1198 σώματος

1942 1213 2206 1287 διχόνους.
2241 1217 2457 1287 Ἐπειδὴ
2485 1217 2594 1285 γὰρ
2624 1218 2915 1286 ἠκούτιστο
2944 1222 3078 1290 πρὸς
3106 1222 3215 1273 τῶν
3244 1221 3528 1293 μαθητῶν,

1943 1308 2025 1360 ὅτι
2047 1307 2452 1376 κεκλεισμένων
2478 1308 2696 1378 εἰσῆλθε
2720 1310 2828 1362 τῶν
2856 1311 3057 1382 θυρῶν,
3086 1312 3264 1383 ᾠήθη,
3292 1313 3367 1375 ὡς
3395 1313 3531 1366 ἀπέ-

1945 1400 2070 1453 θετο
2098 1399 2158 1452 τὸ
2190 1399 2371 1469 σῶμα,
2405 1400 2498 1452 καὶ
2533 1402 2811 1473 μεμένηκε
2843 1403 3082 1473 πνεῦμα.
3117 1405 3289 1458 Τοῦτό
3321 1423 3401 1457 τοι
3435 1406 3530 1457 καὶ

1943 1492 1991 1544 οἱ
2025 1490 2171 1543 ἄλλοι
2202 1491 2509 1544 πεπόνθασι
2544 1493 2805 1565 μαθηταὶ,
2837 1495 3090 1561 δόξαντες
3122 1496 3341 1565 πνεῦμα
3374 1497 3528 1567 ὀρᾷν.

1945 1584 2069 1636 Ὅτι
2101 1584 2200 1654 μὲν
2226 1586 2337 1655 γάρ
2360 1584 2420 1638 τὸ
2448 1586 2611 1656 σῶμα
2638 1587 2696 1639 τὸ
2724 1587 2990 1657 σαρκικὸν
3010 1628 3024 1652 ,
3053 1589 3253 1658 ἀνέστη
3285 1606 3533 1658 πνευμα-

1942 1677 2119 1743 τικὸν,
2151 1676 2328 1741 οὐδεὶς
2369 1678 2589 1748 ἀντερεῖ
2615 1695 2630 1712 ⁸
2655 1680 2772 1741 πῶς
2793 1681 2902 1751 γὰρ
2941 1681 3329 1751 κεκλεισμέναι
3371 1679 3534 1750 Θύραι

1947 1769 2105 1838 σῶμα
2137 1769 2375 1838 όγκηρὺν
2412 1770 2767 1842 ὑπεδέχοντος
2798 1770 2874 1826 Oti
2908 1772 3013 1843 μὴν
3043 1775 3123 1835 εἰς
3149 1773 3340 1826 ἁῦλῐαν
3375 1789 3534 1842 μετε-

1948 1860 2144 1932 ϐλήθη,
2178 1860 2284 1913 οὐδ’
2311 1864 2389 1925 εἰς
2420 1862 2580 1931 φύσιν
2616 1862 2891 1932 θεότητος,
2925 1864 3040 1917 ἀλλ’
3069 1865 3201 1917 αὐτὸ
3229 1864 3293 1917 τὸ
3321 1881 3528 1917 πεπον-

1950 1953 2041 2017 θὸς
2074 1954 2234 2024 σῶμα
2267 1955 2655 2027 μετεκοσμήθη
2685 1955 2915 2027 δυνάμει
2947 1958 3197 2027 θεότητος
3228 1961 3304 2021 εἰς
3337 1958 3534 2010 λεπτό-

1950 2063 2087 2117 τητα
2145 2046 2478 2116 πνεύματος.
2529 2050 2698 2102 Μένει
2748 2066 2813 2118 γε
2867 2050 2975 2120 μὴν
3030 2051 3189 2120 σῶμα
3240 2049 3363 2120 θείᾳ
3410 2048 3537 2119 δόξῃ

1955 2136 2444 2208 μετηγλαῖσμένον.
2475 2139 2585 2192 Καὶ
2614 2138 2759 2194 οὕτω
2784 2142 3124 2212 γινώσκομεν
3145 2142 3389 2214 ἄσαρκον
3413 2142 3538 2211 μὲν,

1951 2228 2052 2281 οὐκ
2082 2227 2378 2295 ἀσώματον
2405 2229 2483 2282 δέ.

268 2341 467 2396 corpus
509 2324 690 2379 divina
743 2318 1016 2391 refulgens
1066 2319 1260 2390 gloria.
1321 2319 1496 2389 Atque
1544 2319 1616 2373 ita
1671 2319 2048 2389 cognoscimus
2117 2320 2268 2375 illum
2347 2320 2527 2376 carnis
2561 2320 2820 2392 quidem,
2871 2338 2974 2377 non
3043 2323 3290 2393 corporis
3343 2332 3523 2379 tamen

265 2430 544 2492 espertcm
582 2419 716 2491 (55).

346 2534 364 2567 ι
410 2515 607 2569 Etnisi
656 2514 867 2568 mittam
921 2527 1137 2566 manmn
1194 2527 1369 2566 meam
1422 2511 1476 2565 in
1535 2510 1683 2567 la'us
1710 2509 1849 2580 ejus,

266 2625 372 2666 ιιοιι
407 2607 646 2663 credam.
688 2625 707 2659 ι
744 2605 862 2660 Non
895 2606 947 2661 in
973 2605 1195 2660 Thema:
1226 2604 1660 2660 incredulitatem
1691 2602 1853 2659 modo

268 2711 504 2756 tuentem
542 2700 816 2761 intendas,
855 2698 1293 2762 sedilrmitatem
1326 2696 1466 2769 eius,
1500 2697 1853 2765 studiumque

271 2792 549 2865 quaarcndi
582 2791 889 2847 considera.
920 2790 1185 2857 Quoiliam
1228 2791 1372 2846 enim
1421 2790 1663 2846 futurum
1710 2798 1851 2855 erat,

266 2897 327 2939 ut
375 2883 632 2954 publice,
686 2892 741 2936 et
801 2884 1062 2936 audacter
1121 2881 1577 2938 resurrectionem
1638 2880 1852 2935 Domini

270 2979 593 3046 przcdicaret
619 3019 633 3043 ,
666 2986 720 3029 et
750 2992 868 3028 cum
915 2972 1119 3029 Joanne
1169 2976 1467 3030 clamaret:
1506 2993 1524 3026 ι
1559 2973 1713 3051 Quod
1749 2988 1849 3028 au-

277 3072 534 3129 divimus,
564 3070 704 3137 quod
736 3067 986 3129 vidimus.
1018 3078 1071 3122 et
1097 3084 1289 3123 manus
1316 3078 1513 3122 nostrae
1543 3075 1850 3123 contrecta-

270 3174 467 3217 verunt
495 3161 541 3195 ”
569 3178 583 3216 :
629 3178 649 3213 ι
690 3160 1023 3215 conveniens
1076 3160 1179 3214 fuit
1202 3200 1218 3223 ,
1254 3169 1310 3213 ut
1344 3161 1415 3214 ita
1448 3159 1736 3230 diligenter
1765 3159 1851 3214 in-

270 3254 592 3322 vestigaret,
615 3259 669 3309 et
691 3265 785 3322 per
806 3250 1074 3307 curiosam
1101 3250 1240 3306 hanc
1262 3248 1665 3322 inquisitionem
1685 3249 1848 3306 etiam

276 3347 413 3401 alios
442 3345 816 3399 confirmaret.
853 3344 914 3397 Et
946 3344 989 3398 si
1028 3343 1168 3397 enim
1206 3343 1353 3397 solus
1399 3341 1637 3397 Thomas
1676 3344 1851 3397 incre-

274 3438 435 3490 dulus
483 3435 650 3490 fuisse
693 3435 914 3499 dicitur,
950 3444 1128 3487 tamen
1164 3435 1327 3488 etiam
1380 3430 1576 3501 reliqui
1625 3448 1691 3489 eo
1732 3434 1849 3488 viso

272 3530 690 3583 \‘at'lllth'l'unl.
747 3525 1032 3581 Matthacus
1078 3525 1340 3594 siquidem
1391 3525 1565 3601 dicit:
1603 3543 1621 3576 ι
1668 3524 1848 3594 Aliqui

270 3636 400 3675 vero
433 3620 823 3675 dubitaverunt
857 3618 938 3685 9",
967 3637 993 3669 ι»
1044 3615 1218 3671 Lucas
1252 3619 1413 3681 vero,‘
1435 3618 1579 3688 quod
1614 3637 1631 3668 ι
1663 3618 1848 3671 existi-

277 3707 497 3760 mabant
533 3706 780 3775 spiritum
832 3721 891 3761 se
931 3705 1115 3761 Videre
1154 3706 1237 3772 ⁹³;
1289 3723 1308 3758 ι
1348 3722 1540 3763 omnes
1590 3707 1755 3776 igitttr
1779 3722 1846 3760 ex

272 3798 495 3853 Thnnitc
532 3808 780 3853 contactu
813 3797 1226 3853 confirmantur.

351 3907 368 3938 ι
420 3888 485 3943 Ει
545 3899 665 3958 post
716 3889 831 3944 dics
877 3898 999 3945 octo
1047 3901 1203 3943 erant
1257 3890 1401 3946 intus
1448 3891 1736 3962 discipuli,
1794 3905 1849 3949 et

271 3978 515 4035 Thomas
564 3996 684 4035 cum
733 3979 833 4033 eis.
864 3979 1025 4034 Venit
1073 3979 1253 4044 Jesus,
1301 3980 1483 4048 januis
1536 3982 1762 4047 clausis,
1793 3992 1849 4037 et

275 4075 427 4128 stetit
480 4073 535 4126 in
601 4072 803 4127 medio.
863 4091 883 4123 ι
945 4071 1210 4126 Convenit
1276 4073 1471 4126 iterum
1507 4073 1629 4128 illos
1656 4075 1847 4129 eodem

270 4167 431 4221 modo
458 4183 472 4232 ;
502 4174 557 4219 et
586 4165 786 4234 quippe
814 4165 905 4234 qui
939 4163 1355 4233 intelligibiliter
1385 4180 1622 4234 praesens
1644 4167 1846 4237 fuerat,

271 4274 396 4312 cum
431 4259 521 4311 illa
558 4256 896 4310 infidelitatis
927 4258 1089 4309 verba
1117 4255 1355 4310 Thomas
1385 4257 1685 4323 effuderat,
1720 4275 1845 4327 per-

265 4348 437 4400 mittit
491 4346 541 4401 ei
601 4344 954 4408 facultatem,
1011 4354 1068 4397 nt
1116 4352 1376 4411 quantum
1426 4345 1555 4399 libet
1595 4358 1843 4401 contactu

270 4438 505 4493 satietur
537 4458 549 4491 :
593 4453 612 4488 ι
647 4435 794 4490 lnfer
819 4435 1044 4504 digitum
1077 4444 1224 4489 tuum
1255 4437 1377 4503 huc,
1410 4447 1461 4490 et
1487 4440 1614 4492 vide
1654 4454 1847 4495 manus

269 4545 456 4594 meas,
489 4536 543 4583 et
592 4526 726 4584 atl'er
756 4544 972 4582 manum
1029 4527 1189 4599 251
1230 4538 1421 4593 tuam,
1472 4537 1527 4584 et
1582 4532 1737 4586 mitte
1789 4531 1842 4585 in

266 4619 410 4675 latus
445 4635 642 4674 lucum.
682 4636 700 4670 ι
749 4619 859 4689 Age
891 4633 1019 4673 vero
1043 4659 1059 4684 ,
1090 4619 1304 4687 inquit,
1334 4633 1367 4673 ο
1390 4616 1613 4690 Didyme
1633 4659 1647 4684 ,
1685 4628 1845 4689 tange

267 4711 435 4775 latus,
464 4722 625 4781 tange
656 4725 867 4775 manus,
893 4707 1036 4764 infer
1058 4711 1308 4780 digitum,
1325 4721 1377 4765 et
1402 4724 1468 4765 eo
1496 4711 1646 4765 illato
1662 4714 1844 4767 crede.

268 4802 347 4857 Ειι
380 4804 461 4856 bis
491 4803 656 4857 etiam
689 4801 869 4855 verbis
899 4801 1177 4871 plagarum
1233 4802 1659 4873 magnitudinem
1707 4802 1848 4856 indi-

267 4907 355 4950 cat
402 4913 415 4949 :
464 4911 721 4950 manuum
759 4895 968 4951 scilicet
1009 4894 1273 4949 foramina
1317 4909 1486 4963 usque
1513 4895 1647 4947 adeo
1679 4894 1847 4950 clavis

267 4987 487 5042 dilatata
536 4988 787 5053 fuerant,
823 4998 881 5041 ut
923 4988 1149 5056 digitum
1186 4986 1326 5039 intra
1371 5000 1431 5040 se
1478 5001 1675 5057 capere
1720 5001 1846 5057 pos-

341 5125 433 5177 "l
472 5122 631 5178 Joan.
669 5138 710 5190 ι,
747 5123 798 5178 1.
886 5124 932 5154 ⁸⁸
969 5121 1155 5177 Matth.
1197 5137 1402 5188 xxvm,
1448 5122 1533 5175 i7.

2029 2529 2048 2563 ι
2091 2512 2203 2565 Καὶ
2242 2511 2422 2582 βάλλω
2454 2511 2555 2584 τὴν
2585 2512 2745 2584 χεῖρά
2782 2530 2882 2584 μου
2921 2513 3002 2577 εἷς
3032 2512 3131 2583 τὴν
3163 2512 3407 2583 πλευρὰν
3441 2514 3531 2568 αῦ-

1948 2603 2077 2669 τοῦ,
2112 2606 2173 2658 οὐ
2214 2605 2289 2677 μὴ
2326 2605 2624 2663 πιστεύσω.
2670 2626 2687 2659 ι
2725 2608 2814 2676 Μὴ
2851 2607 2986 2674 πρὸς
3018 2606 3116 2677 τὴν
3148 2607 3410 2661 ἀπιστίαν
3442 2607 3539 2661 τοῦ

1950 2691 2123 2764 Θωμᾶ
2153 2695 2317 2764 μόνον
2344 2696 2636 2768 ἐπερείσῃς
2661 2697 2752 2750 τὸν
2778 2696 2905 2750 νοῦν
2926 2737 2941 2757 ,
2970 2696 3084 2750 ἀλλ’
3108 2699 3210 2769 ὂρσ.
3238 2698 3295 2750 τὸ
3324 2699 3540 2768 ἑδραῖον

1950 2782 2045 2835 τοῦ
2096 2780 2368 2854 μαθητοῦ,
2419 2785 2516 2838 καὶ
2568 2786 2882 2856 ζητητικόν.
2923 2786 3142 2858 Ἐπειδὴ
3192 2787 3296 2859 γάρ
3344 2787 3537 2858 ἔμελλε

1952 2876 2247 2948 κηρύττειν
2278 2877 2565 2949 παρρησίᾳ
2597 2877 2691 2931 τοῦ
2727 2878 2932 2948 Κυρίου
2963 2877 3061 2951 τὴν
3092 2879 3409 2945 ἀνάστασιν,
3444 2881 3537 2934 καὶ

1954 2968 2152 3039 βοῆσαι
2193 2969 2334 3040 μετὰ
2370 2970 2619 3022 Ἰωάννου
2648 2986 2663 3002 ο
2705 2989 2722 3020 ι
2758 2971 2822 3023 Ὃ
2855 2958 3211 3041 ἀκηκόαμεν,
3246 2970 3275 3024 ὃ
3312 2970 3539 3025 ἐθεασά-

1956 3060 2118 3131 μεθα,
2159 3062 2254 3115 καὶ
2295 3063 2349 3114 αἱ
2393 3064 2578 3129 χεῖρες
2619 3063 2777 3133 ἡμῶν
2812 3062 3169 3133 ἐψηλάφησαν
3196 3080 3209 3094 ·
3238 3081 3256 3114 ι
3312 3064 3538 3126 εἰκότως

1953 3152 2428 3223 πολυπραγμονεῖ,
2455 3152 2544 3205 διὰ
2570 3152 2669 3221 τῆς
2700 3151 2996 3222 περιέργου
3022 3152 3268 3224 ἐρεύνης.
3297 3152 3393 3206 καὶ
3415 3152 3538 3216 τοὺς

1953 3240 2146 3306 ἄλλους
2185 3242 2562 3311 πιστούμενος.
2599 3241 2661 3295 Ei
2699 3242 2809 3312 γὰρ
2846 3240 2941 3295 καὶ
2977 3241 3140 3311 μόνος
3177 3242 3378 3311 Θωμᾶς
3412 3244 3536 3294 ἁπι-

1959 3336 2158 3407 στῆσαι
2189 3338 2430 3406 λέγεται,
2464 3336 2600 3390 ἀλλά
2638 3338 2732 3389 καὶ
2767 3336 2816 3388 οἱ
2848 3335 3027 3389 λοιποὶ
3063 3339 3125 3407 τῇ
3164 3335 3262 3405 θέᾳ
3298 3335 3527 3405 ὑπεκρα-

1955 3428 2248 3500 δάνθησαν.
2283 3429 2560 3492 Ματθαίος
2594 3428 2693 3498 μὲν
2721 3428 2828 3498 γάρ
2859 3443 3057 3498 φησιν’
3095 3447 3113 3480 ι
3152 3428 3214 3479 Οἱ
3245 3426 3300 3480 δὲ
3333 3429 3536 3480 ἐδίσταο

1958 3537 2076 3575 σαν.
2115 3539 2133 3572 ι
2167 3522 2382 3585 Λουκᾶς
2411 3520 2486 3584 δὲ,
2519 3522 2601 3573 ὅτι
2633 3539 2652 3571 ι
2694 3521 2942 3574 Ἐδόκουν
2977 3520 3197 3589 Πνεῦμα
3233 3520 3476 3589 θεωρεῖν.
3515 3538 3537 3572 ι

1956 3613 2314 3667 Βεὸαιοῦνται
2354 3616 2488 3684 γοῦν
2518 3614 2757 3676 ἅπαντες
2797 3615 2859 3666 ὲκ
2892 3616 2989 3685 τῆς
3020 3611 3111 3666 τοῦ
3151 3613 3322 3682 Θωμᾶ
3360 3612 3538 3683 ψηλαη

1956 3705 2201 3776 φήσεως.

1954 3886 1959 3895 ’
2007 3901 2053 3953 ,ι
2106 3883 2214 3937 Καὶ
2256 3883 2376 3952 μεθ’
2405 3882 2620 3952 ἡμέρας
2663 3882 2807 3936 ὀκτὼ
2848 3878 2991 3954 ἦσαν
3033 3884 3141 3937 ἔσω
3179 3885 3229 3936 οἱ
3275 3880 3540 3954 μαθηταὶ,

1955 3979 2049 4030 καὶ
2065 3976 2265 4044 Θωμᾶς
2291 3975 2408 4044 μετ’
2434 3974 2638 4027 αὐτῶν.
2669 3976 2930 4043 Ἔρχεται
2963 3976 2992 4026 ὁ
3026 3974 3259 4046 Ἰησοῦς,
3293 3973 3402 4027 τῶν
3437 3975 3535 4026 θυ-

1957 4069 2067 4140 ρῶν
2110 4067 2536 4137 κεκλεισμένων,
2582 4069 2674 4119 καὶ
2720 4067 2849 4138 ἔστη
2893 4067 2973 4128 εἰς
3014 4067 3073 4120 τδ
3116 4067 3301 4138 μέσον.
3346 4086 3364 4119 ι
3407 4066 3540 4135 Ἐφ-

1961 4163 2173 4216 ίστοιται
2222 4163 2383 4215 πάλιν
2426 4162 2799 4233 ὁμοιοτρόπως
2824 4164 3039 4229 αὐτοξ,
3082 4166 3176 4216 καὶ
3219 4164 3315 4218 ἅτε
3362 4161 3538 4215 συνὼν

1952 4254 2189 4322 νοερῶς,
2219 4256 2307 4307 ὅτε
2337 4254 2439 4323 τῆς
2475 4254 2732 4316 ἀπιστίας
2763 4254 2958 4322 λόγους
2990 4256 3205 4325 ἐξέχεεν
3235 4256 3266 4307 ὁ
3300 4254 3536 4323 Θωμᾶς,

1955 4349 2256 4418 προτρέπει
2303 4347 2420 4417 μετ’
2451 4347 2699 4414 ἐξουσίας
2742 4348 3102 4418 ἐμφορεῖσθαι
3145 4347 3243 4418 τῆς
3283 4347 3539 4419 ψηλαφή-

1956 4456 2092 4503 σεω,
2117 4457 2131 4471 θ
2172 4458 2191 4490 ι
2222 4438 2357 4510 Φέρε
2383 4439 2473 4491 τὸν
2499 4439 2763 4493 δάκτυλόν
2793 4455 2885 4492 σου
2914 4432 3038 4504 ὦδε,
3071 4439 3169 4491 καὶ
3202 4439 3275 4491 ἴδε
3304 4447 3403 4501 τας
3431 4439 3539 4507 χεῖ-

1957 4530 2057 4601 ράς
2093 4548 2230 4600 μου,
2262 4530 2354 4583 καὶ
2390 4531 2522 4600 φέρε
2550 4531 2650 4601 τὴν
2681 4531 2845 4601 χεῖρά
2880 4548 3007 4596 σου,
3041 4532 3134 4584 καὶ
3167 4530 3297 4608 βάλε
3328 4531 3408 4593 εἰς
3439 4531 3539 4600 τὴν

1951 4623 2192 4693 πλευράν
2220 4640 2342 4692 μου.
2376 4642 2393 4673 ι
2419 4625 2576 4691 Ἀγε,
2597 4626 2784 4693 φησὶν,
2805 4618 2849 4677 ὦ
2868 4623 3086 4692 Δίδυμε,
3115 4622 3252 4691 ἅψαι
3277 4622 3539 4693 πλευρᾶς,

1951 4712 2069 4779 θίγε
2101 4712 2326 4784 χειρῶν,
2360 4712 2487 4783 βάλε
2520 4714 2803 4780 δάκτυλον,
2842 4714 3020 4784 βαλὼν
3051 4717 3361 4768 πίστευσον.
3399 4714 3535 4781 Ἐμ-

1952 4805 2200 4874 (petiverat
2233 4805 2289 4857 δὲ
2325 4809 2388 4857 ὲκ
2420 4804 2628 4859 τούτων
2658 4807 2719 4859 τὸ
2758 4806 2988 4875 μέγεθος
3021 4805 3129 4858 τῶν
3166 4804 3393 4875 πληγῶν
3419 4820 3434 4835 ·
3469 4805 3528 4856 αἱ

1955 4898 2055 4968 μὲν
2091 4899 2201 4966 γάρ
2233 4897 2343 4948 τῶν
2377 4897 2576 4967 χειρῶν
2606 4899 2826 4971 τρήσεις
2853 4898 3109 4951 τοσοῦτον
3145 4900 3209 4950 ἐκ
3244 4898 3354 4949 τῶν
3391 4896 3536 4965 ἧὶων

1952 4987 2284 5058 ηὐρύνοντο,
2315 4987 2389 5051 ὡς
2425 4988 2685 5041 δύνασθαι
2716 4990 2806 5043 τὸν
2835 4987 3096 5041 δάκτυλον
3129 4988 3259 5040 εἴσω
3296 4988 3494 5057 χωρεῖν
3521 5000 3535 5014 '

1608 5123 1655 5155 ⁸³
1687 5122 1813 5177 Luc.
1853 5138 2008 5190 utv,
2052 5123 2141 5178 37.

1500 5241 1821 5302 Franuisei
1859 5240 2073 5303 Scorsi
2106 5247 2292 5305 notae.

345 5343 459 5415 (51)
503 5341 624 5398 Non
656 5346 719 5397 de
747 5342 1151 5415 Resurrectione
1196 5343 1442 5396 dubitare
1481 5342 1850 5415 videtur.__Si-

274 5412 476 5471 utiliter
535 5415 594 5469 δ.
632 5415 863 5483 August.
919 5429 1088 5467 sertn.
1125 5414 1199 5465 De
1228 5424 1460 5479 tempore
1524 5413 1670 5468 158:
1714 5412 1850 5476 Vox,

273 5488 473 5553 inquit,
523 5486 646 5550 ista,
691 5485 1006 5552 inquirentis
1033 5494 1131 5553 est,
1158 5499 1260 5536 non
1297 5485 1557 5551 negantis.
1596 5483 1732 5536 Dum
1756 5488 1852 5536 hoc

273 5552 425 5621 dicit,
461 5557 636 5620 doceri
681 5555 865 5609 volmt.
916 5552 1225 5611 conﬁrmari
1281 5553 1619 5606 desideravit.
1673 5555 1736 5605 Et
1792 5556 1850 5607 S.

282 5629 535 5680 Ambros.
564 5624 657 5677 ιιι).
689 5640 719 5677 x
773 5626 826 5676 in
860 5623 988 5677 Luc.
1023 5638 1146 5691 cap.
1196 5636 1325 5675 xxw
1364 5641 1377 5675 :
1414 5621 1690 5685 Quomodo
1731 5641 1852 5687 ergo

278 5693 525 5760 Thomas,
550 5711 669 5748 cum
696 5696 868 5748 adhuc
891 5710 992 5747 non
1027 5695 1283 5756 crederet,
1308 5694 1474 5760 tetigit
1495 5703 1671 5751 tamen
1700 5692 1852 5747 Chri-

276 5774 414 5816 stum
442 5768 469 5821 ?
500 5772 589 5817 sed
622 5765 712 5817 ille
745 5781 847 5816 non
875 5766 939 5817 de
972 5763 1374 5817 Resurrectione
1408 5764 1642 5825 Domini,
1676 5766 1763 5815 sed
1791 5769 1855 5815 de

279 5832 694 5888 [ieeurrectionis
729 5836 930 5888 videtur
964 5837 1219 5905 qnaiitnte
1263 5831 1555 5901 dubitasse.
1616 5833 1854 5903 Cyrillus

1960 5343 2170 5409 itidem,
2232 5343 2432 5409 aliique
2479 5340 2703 5394 Thema)
2765 5339 2928 5394 verba
2975 5340 3028 5394 in
3093 5341 3237 5394 hunc
3286 5338 3523 5392 aliumve

1960 5414 2195 5466 similem
2247 5427 2472 5467 sensum
2533 5421 2810 5478 torquent.
2882 5411 2986 5464 Sed
3026 5413 3209 5463 verius
3238 5421 3321 5463 est
3354 5409 3531 5477 ipsum

1958 5499 2066 5535 non
2121 5483 2424 5537 credidisse
2450 5481 2776 5547 simpliciter
2805 5498 2821 5547 ;
2864 5482 3004 5533 unde
3038 5497 3064 5533 a
3091 5481 3311 5533 tthristo
3346 5495 3533 5547 repre-

1958 5552 2009 5606 Ιιι
2034 5553 2258 5606 nditur:
2296 5549 2425 5604 Noli
2473 5566 2586 5604 esse
2616 5550 2942 5611 incredulus,
2987 5554 3075 5605 sel
3104 5550 3296 5619 ﬁdelis.

2032 5624 2143 5691 (55)
2178 5622 2370 5677 Carnis
2392 5622 2620 5690 quidem,
2660 5637 2761 5672 non
2778 5621 3010 5685 corporis
3045 5631 3220 5674 tamen
3244 5627 3528 5687 expertem.

1958 5693 2037 5748 En
2086 5696 2244 5747 tundo
2285 5710 2392 5759 qun
2438 5692 2797 5757 explicuimus
2853 5707 3014 5760 supra
3069 5693 3214 5746 ltuttt.
3276 5691 3366 5755 54,
3415 5696 3531 5744 uol.

1962 5765 2051 5829 41,
2088 5781 2157 5832 qu
2184 5782 2251 5816 νιιι
2291 5763 2489 5816 recole.
