4042 6408
325 339 425 403 691

841 452 1125 510 HOSIILIA
1165 448 1405 505 XXXVI.

754 548 819 602 In
852 547 1107 601 decimum
1136 544 1478 599 matutinum.
1500 542 1503 543 ⁷

404 643 484 698 Ad
542 638 849 696 Tiberiadis
901 647 1148 707 stagnum
1198 651 1323 692 cum
1376 635 1580 691 sanctis
1629 635 1907 705 discipuiis

330 749 430 788 nos
458 732 623 787 etiam
674 730 832 786 hodie
881 743 1132 784 sermone
1180 727 1531 783 accedamus.
1582 725 1781 782 Petrus
1825 727 1907 781 si-

328 833 547 902 quidem
579 831 669 886 ille
714 829 1033 901 coryphtcus
1072 828 1218 883 omni
1265 827 1476 897 abiecta
1517 841 1613 897 spe
1645 842 1770 883 cum
1807 828 1908 881 Do-

331 924 501 988 mino,
530 931 590 977 ιιι
618 928 778 988 ante,
811 920 1092 985 versandi,
1113 928 1435 974 consuetum
1464 919 1663 989 repetit
1693 918 1908 973 institu-

332 1025 473 1079 tum,
506 1014 904 1083 consiliumque
933 1026 1090 1068 suum
1122 1026 1245 1067 cum
1291 1009 1521 1082 Didyme
1572 1008 1780 1064 Thoma
1808 1047 1824 1073 ,
1856 1016 1911 1062 et

328 1107 573 1163 Zebedaei
607 1106 753 1172 ﬁliis,
786 1114 842 1160 et
871 1105 1080 1161 duobus
1106 1103 1230 1159 aliis
1255 1118 1325 1158 ex
1355 1103 1634 1172 discipulis
1658 1104 1907 1158 commu-

329 1200 498 1263 nicat,
540 1207 595 1254 et
624 1199 736 1253 ait:
773 1216 792 1250 ι
824 1195 978 1251 Vade
1010 1196 1317 1266 piscari)“:
1351 1194 1434 1250 Illi
1469 1210 1596 1250 vero
1628 1195 1911 1251 charitatis

327 1291 550 1346 vinculo
579 1290 863 1360 colligati,
901 1297 957 1344 et
999 1288 1388 1358 discipulorum
1442 1287 1695 1357 prmcipui
1743 1287 1906 1342 disci-

328 1383 474 1439 dium
507 1397 614 1437 non
653 1382 990 1438 sustinentes
1024 1380 1181 1452 (satis
1208 1381 1353 1435 enim
1388 1380 1641 1434 maeroris
1671 1377 1911 1449 Magistri

330 1476 567 1546 privatio
621 1474 731 1530 illis
805 1472 1083 1544 attulerat)
1157 1473 1419 1527 voluntati
1510 1481 1914 1540 assequuntur,

327 1577 403 1632 et,
452 1567 765 1632 sYenimus,
803 1584 824 1618 ι
858 1565 1043 1621 dicunt
1074 1606 1090 1631 ,
1127 1582 1147 1616 ι
1179 1573 1233 1620 et
1291 1578 1391 1620 nos
1441 1573 1640 1620 tecum.
1680 1583 1699 1617 ι
1734 1563 1916 1629 Quare

329 1668 515 1715 autem
570 1669 626 1715 et
674 1658 858 1714 caeteri
925 1657 1173 1728 discipuli
1235 1671 1341 1713 non
1405 1665 1533 1711 sunt
1597 1656 1917 1711 consecuti?

329 1754 468 1808 Nam
523 1754 589 1808 ad
645 1752 960 1824 piscandum
1009 1751 1098 1806 alii
1154 1764 1262 1805 non
1319 1750 1453 1806 satis
1500 1758 1657 1805 erant
1710 1748 1909 1803 idonei.

329 1845 618 1903 Matthmus
673 1846 942 1915 siquidem
995 1843 1322 1914 publicanus
1375 1853 1531 1908 erat,
1582 1851 1636 1899 et
1700 1841 1911 1898 mariti-

336 1955 549 1997 morum
585 1939 831 1995 laborum
890 1938 1116 1994 omnino
1144 1935 1329 2002 rudis,
1358 1933 1551 2004 reliqui
1613 1948 1744 1990 vero
1808 1948 1915 1988 me-

330 2030 626 2089 diterranei
656 2070 673 2097 ,
732 2045 834 2086 nec
888 2029 1169 2084 maritima
1215 2028 1334 2083 loca
1384 2025 1736 2093 incolebant;
1790 2024 1912 2080 ideo

329 2122 505 2178 solum
541 2119 763 2177 Petrum
797 2121 1131 2176 comitantur
1157 2118 1257 2174 soli
1285 2116 1528 2188 piscandi
1560 2116 1697 2170 artis
1731 2112 1910 2184 periti.

330 2214 622 2285 Navigium
652 2213 797 2270 enim
824 2253 840 2281 ,
872 2221 926 2267 et
954 2211 1091 2267 remi
1146 2220 1202 2267 et
1232 2209 1388 2276 retia,
1437 2218 1638 2279 etquae
1691 2208 1796 2263 hoc
1825 2207 1911 2261 in-

330 2315 636 2364 strumento
682 2305 976 2376 capiuntur
1026 2318 1131 2359 non
1174 2304 1310 2358 satis
1353 2307 1661 2370 congruunt
1705 2298 1774 2353 iis
1820 2298 1912 2368 qui

331 2398 730 2453 mediterranea
763 2395 1002 2461 habent,
1049 2393 1145 2450 sed
1174 2393 1373 2463 quibus
1413 2393 1465 2447 in
1522 2390 1658 2444 mari
1702 2389 1914 2444 exerci-

332 2488 488 2556 tatio,
520 2498 577 2544 et
604 2487 783 2542 victus
812 2486 1085 2556 quaerendi
1134 2483 1277 2539 ratio
1310 2484 1363 2538 in
1414 2481 1704 2537 venatione
1750 2478 1916 2535 mari-

334 2583 461 2636 tima
495 2580 670 2653 posita
697 2588 802 2634 est.
835 2576 1134 2633 Considera
1176 2576 1341 2631 etiam
1371 2587 1565 2629 omnes
1608 2570 1775 2627 fuisse
1804 2570 1914 2626 Ga-

332 2671 506 2727 lilmos
564 2670 880 2735 ﬁnitimum,
913 2667 1424 2735 conterminumque
1469 2662 1774 2720 Tiberiadis
1805 2672 1919 2718 sta-

336 2775 504 2831 gnum
539 2759 828 2815 habentes.
867 2755 1023 2814 Unde
1048 2759 1155 2813 duo
1179 2756 1254 2812 illi
1288 2756 1379 2825 qui
1406 2769 1513 2810 non
1538 2754 1912 2821 nominantur,

339 2854 589 2908 Andreas
617 2860 673 2906 ct
718 2850 1000 2920 Philippus
1032 2848 1171 2923 (57),
1202 2863 1320 2904 mea
1365 2847 1587 2918 quidem
1621 2846 1913 2913 sententia,

339 2953 531 3011 erant,
574 2959 699 3000 cum
751 2941 852 3012 ipsi
903 2941 1091 2998 itidem
1122 2939 1373 3006 Galilmi,
1425 2947 1573 2995 etex
1626 2936 1915 2993 Bcthsaida

334 3046 539 3093 essent.
593 3036 837 3102 Quorum
860 3035 1018 3091 .alter
1050 3033 1283 3105 iquidem
1330 3031 1556 3087 fratrem
1612 3044 1769 3085 suum
1816 3027 1919 3084 Pe-

1493 333 1987 395 THEOPHANIS
2025 334 2367 398 CERAMEI

1932 460 1980 515 Α

1938 1801 1987 1862 Β

3473 335 3590 400 692-

2589 452 2835 506 OMIAIA
2871 450 3011 518 Acr.

2398 547 2492 612 Et;
2533 545 2600 599 τὸ
2640 545 2895 600 δέκατον
2928 542 3196 600 ἑωθινόν.

2090 640 2217 695 Ἐπὶ
2259 642 2359 711 τὴν
2400 638 2716 709 Τιϐεριάδος
2762 636 2961 708 λίμνην
3005 635 3250 706 σήμερον
3293 634 3386 687 καὶ
3429 633 3606 710 ἡμεῖς⁵

2006 734 2086 806 τῷ
2112 734 2256 805 λόγῳ
2279 735 2393 796 τοῖς
2423 733 2588 803 ἱεροῖς
2621 730 2893 801 μαθηταῖς
2923 726 3372 797 συμϐαδίσωμεν.
3403 722 3469 777 '0
3488 724 3600 795 γὰρ

2008 827 2307 898 κορυφαῖος
2338 825 2544 896 Πέτρος
2572 821 2651 893 τῷ
2684 818 3004 876 συνέσεσθαι
3029 818 3109 889 τῷ
3135 816 3461 887 διδασκάλῳ,
3493 832 3596 869 κα-

2011 919 2120 982 θὼς
2148 918 2447 989 πρότερον,
2481 916 2835 970 παντάπασιν
2861 913 3138 982 ἀπογνοὺς
3158 950 3174 975 ,
3203 905 3599 979 έπαναλαμϐά·

2010 1028 2092 1064 νει
2122 1010 2183 1064 τδ
2217 1009 2448 1081 σύνηθες
2483 1007 2825 1078 ἐπιτήδευμα
2844 1047 2858 1070 ,
2890 1005 2986 1058 καὶ
3016 1002 3094 1074 τῷ
3123 1003 3344 1072 Διδύμῳ
3383 1001 3596 1071 Θωμᾷ,

2011 1103 2107 1158 καὶ
2135 1105 2247 1165 τοῖς
2272 1100 2568 1156 Ζεϐεδαίου
2594 1099 2806 1165 παισὶν,
2835 1098 3016 1161 ἄλλοις
3044 1113 3106 1149 τε
3137 1095 3289 1149 δυσὶν
3316 1094 3426 1149 τῶν
3459 1110 3599 1164 συμ-

2015 1193 2291 1265 φοιτητῶν
2331 1192 2717 1247 ἀνακοινοῦται
2760 1189 2823 1243 τὸ
2876 1188 3174 1260 βούλευμα,
3229 1185 3327 1239 καί
3378 1200 3546 1255 φησιν
3577 1196 3596 1215 ο

2019 1308 2038 1340 ι
2059 1285 2294 1355 Ὑπάγω
2325 1285 2617 1339 (hiisdem:
2657 1283 2721 1336 Οἱ
2747 1282 2805 1336 δέ
2834 1280 2912 1352 τῷ
2939 1282 3040 1352 τῆς
3063 1278 3289 1349 ἀγάπης
3309 1278 3599 1348 συνδέσμῳ

2015 1380 2389 1451 συνδούμενοι,
2435 1379 2531 1433 καὶ
2574 1377 2655 1449 τῷ
2707 1374 2970 1447 χωρισμῷ
3026 1372 3120 1428 τοῦ
3178 1370 3476 1443 προκρίτου
3520 1369 3600 1442 μὴ

2018 1474 2307 1544 στέγοντες
2338 1471 2566 1544 (ἱκανῶς
2601 1470 2710 1541 γὰρ
2740 1467 2941 1532 αὐτοὺς
2976 1465 3165 1520 ἐλύπει
3195 1463 3292 1518 τοῦ
3320 1461 3601 1517 Διδασκά·

2015 1568 2110 1622 λου
2142 1569 2176 1639 ἡ
2206 1565 2486 1638 στέρησις)
2536 1565 2839 1633 ἐφέπονται
2870 1559 2950 1631 τῷ
2983 1557 3337 1630 βουλεύματι,
3365 1554 3461 1609 καί
3491 1571 3601 1622 φα·-

2017 1676 2103 1714 σιν
2126 1675 2142 1690 ο
2168 1677 2187 1712 ι
2227 1656 2535 1728 Ἐρχόμεθα
2565 1654 2661 1709 καὶ
2696 1654 2856 1724 ἡμεῖς
2889 1650 2986 1704 σύν
3011 1666 3119 1703 σοι.
3154 1667 3174 1702 ι
3203 1645 3302 1701 Διά
3330 1645 3383 1701 τί
3416 1644 3473 1699 δὲ
3504 1643 3601 1698 καὶ

2016 1754 2067 1806 ot
2095 1751 2278 1805 λοιπολ⁵
2331 1747 2572 1820 μαθηταὶ
2600 1747 2702 1803 οὐκ
2734 1743 3156 1816 ἠκολούθησανς
3192 1741 3317 1793 Ὅτι
3364 1755 3451 1792 τοι
3493 1737 3599 1791 οὐκ

2016 1842 2344 1913 ἐπιτηδείως
2370 1836 2519 1911 εἶχον
2541 1841 2621 1903 εἰς
2650 1840 2708 1892 τὸ
2730 1836 2974 1892 ἁλιεύειν
3007 1834 3059 1887 ot
3084 1832 3286 1904 ἕτεροι.
3320 1829 3601 1892 Ματθαῖος

2017 1936 2117 2006 μέν
2145 1933 2253 2005 γὰρ
2283 1930 2524 2002 τελώνης
2544 1926 2634 2001 ἦν,
2665 1926 2761 1981 καὶ
2785 1926 2892 1980 τῶν
2926 1921 3237 1978 θαλασσίων
3263 1918 3441 1972 πόνων
3463 1931 3600 1970 παν-

2014 2028 2255 2083 τάπασιν
2296 2024 2464 2094 ἀδαής
2493 2039 2509 2056 ο
2550 2022 2601 2075 οἱ
2650 2020 2830 2074 λοιποὶ
2866 2016 2924 2071 δέ
2972 2012 3309 2087 ὴπειρῶται,
3360 2009 3461 2064 καὶ
3496 2007 3603 2062 οὐκ

2013 2113 2273 2184 ἀγχίαλον
2296 2109 2554 2182 λαχόντες
2582 2107 2682 2178 τὴν
2716 2104 2936 2175 οἴκησιν
2962 2118 2978 2135 ⁶
3025 2101 3114 2156 διά
3142 2099 3304 2154 τοῦτο
3336 2099 3487 2170 μόνοι
3520 2094 3603 2167 τῷ

2015 2208 2210 2278 Πέτρῳ
2245 2205 2541 2275 ἐφέπονται
2565 2201 2615 2253 οἱ
2646 2200 2744 2268 τῆς
2782 2196 3105 2266 ἁλιευτικῆς
3144 2194 3342 2264 τέχνης
3376 2191 3602 2260 εἰδήμο-

2023 2318 2211 2372 μονες.
2260 2297 2450 2351 Πλοῖον
2476 2296 2609 2365 γὰρ,
2641 2293 2736 2347 καὶ
2784 2290 2996 2356 κῶπαι,
3025 2288 3121 2343 καὶ
3164 2287 3381 2350 δίκτυα,
3408 2283 3503 2339 καὶ
3529 2281 3603 2337 τά

2015 2394 2107 2448 διὰ
2152 2391 2357 2446 τούτων
2407 2387 2726 2459 θηρώμενα,
2760 2383 2964 2454 πρέποι
3004 2383 3070 2436 ἂν
3114 2380 3216 2433 οὐκ
3255 2376 3602 2447 ὴπειρώταις

2017 2484 2247 2555 ἀνδράσι
2286 2479 2513 2552 μᾶλλον,
2550 2476 2667 2532 ἀλλ’
2696 2473 2778 2539 οἷς
2801 2474 2869 2529 ἂν
2891 2474 2979 2543 εἴη
3008 2470 3070 2526 τὸ
3105 2469 3471 2541 ἐπιτήδευμα,
3502 2465 3602 2520 καὶ

2015 2580 2044 2634 ὁ
2073 2577 2169 2631 τοῦ
2215 2575 2331 2647 βίου
2365 2570 2566 2635 σκοπὸς
2601 2570 2871 2635 θάλασσα,
2908 2566 3004 2620 καὶ
3032 2563 3103 2619 τά
3135 2563 3194 2617 ἐν
3223 2563 3390 2632 αὐτῇ.
3452 2560 3601 2630 Ὅρα

2017 2671 2074 2725 δὲ
2099 2671 2179 2726 ὅτι
2212 2668 2309 2723 καὶ
2332 2665 2608 2720 Γαλιλαῖοι
2636 2662 2842 2724 πάντες
2869 2660 3197 2731 ἐτύγχανον,
3214 2655 3418 2726 ὅμορον
3444 2652 3601 2723 ἔχον-

2017 2781 2108 2824 τες
2134 2762 2232 2834 τὴν
2259 2760 2458 2830 λίμνην
2485 2754 2826 2827 Τιϐεριάδος,
2853 2753 2946 2807 καὶ
2963 2749 3365 2821 ἀγχιτέρμονα.
3402 2743 3602 2834 ’ξνθεν

2016 2872 2101 2910 τοι
2135 2830 2227 2907 καὶ
2256 2852 2307 2905 οἱ
2359 2849 2454 2903 δύο
2511 2847 2792 2916 ἀνώνυμοι
2849 2841 3118 2915 μαθηταὶ,
3166 2840 3244 2903 ὡς
3294 2839 3376 2906 ἐγ*
3423 2830 3598 2907 ᾧμαι,

2029 2944 2290 3019 Ἀνδρέας
2335 2943 2583 3013 ὑπῆρχον
2633 2940 2729 2994 καὶ
2772 2937 3063 3001 Φίλιππος,
3116 2932 3397 2988 Γαλιλαῖοι
3445 2929 3603 2992 ὄντες

2019 3042 2114 3097 καὶ
2140 3037 2316 3106 αὐτοὶ,
2352 3037 2447 3091 καὶ
2479 3032 2858 3105 Βηθσαῖδϊται.
2898 3022 3002 3085 Ὧν
3029 3032 3059 3084 ό
3092 3027 3194 3099 μὲν
3230 3023 3306 3096 τῷ
3328 3021 3596 3094 όμαίμονι

338 3140 480 3184 trum
501 3168 518 3195 ,
541 3127 822 3198 Philippus
845 3140 974 3183 vero
994 3124 1385 3181 Nathanaelem
1409 3124 1645 3178 amicum
1674 3132 1908 3177 veterem

2021 3133 2212 3202 Πέτρῳ
2240 3131 2522 3199 ἐφείπετο,
2553 3127 2818 3188 Φίλιππος
2842 3124 2900 3177 δέ
2927 3122 3005 3194 τῷ
3047 3119 3293 3193 ἀρχῆθεν
3320 3115 3461 3188 φίλῳ
3486 3114 3605 3207 Nat:

338 3224 722 3279 comitabatur.
746 3221 1017 3278 Caeterum
1041 3220 1206 3286 retia,
1230 3228 1285 3275 et
1315 3217 1614 3289 navigium,
1646 3225 1703 3272 et
1733 3229 1916 3272 susce-

337 3326 463 3385 ptus
491 3330 587 3386 per
616 3322 786 3370 totam
824 3322 1036 3368 noctem
1063 3312 1218 3368 labor
1246 3311 1448 3367 frustra
1475 3309 1732 3365 fuerunt:
1772 3326 1791 3359 ι
1821 3307 1915 3362 llla

338 3410 486 3463 enim
538 3418 733 3474 nocte,
787 3406 1002 3476 inquit,
1040 3405 1175 3460 nihil
1220 3403 1647 3475 prendiderunt:
1688 3419 1708 3455 ι
1755 3415 1918 3454 mane

337 3509 519 3556 autem
563 3500 740 3565 facto,
773 3515 895 3555 cum
938 3497 1143 3555 scilicet
1196 3496 1421 3566 iustitiae
1463 3494 1555 3552 Sol
1601 3492 1910 3563 esepulcro

343 3605 603 3664 tanquam
659 3593 728 3648 ab
777 3592 988 3647 oriente
1042 3603 1102 3645 se
1152 3589 1387 3645 efferens
1447 3588 1705 3643 attulerat
1751 3584 1917 3649 diem,

339 3687 492 3743 venit
523 3685 707 3741 suavis
736 3683 843 3748 ille,
877 3682 1046 3738 Dator
1087 3682 1175 3737 ille
1205 3682 1343 3737 lucis
1363 3720 1379 3746 ,
1417 3689 1471 3736 et
1503 3679 1769 3734 accedens
1810 3689 1916 3730 non

342 3778 649 3848 ingreditur
705 3790 856 3831 mare
877 3815 893 3837 .
941 3790 1046 3830 nec
1072 3774 1237 3843 pedes
1268 3787 1432 3843 super
1464 3771 1638 3826 undas
1668 3769 1916 3837 incedit;

340 3871 484 3939 quod
520 3868 839 3924 miraculum
868 3875 995 3923 ante
1016 3864 1328 3921 Passionem
1357 3864 1632 3928 ellecerat,
1654 3878 1773 3917 cum
1800 3859 1921 3929 ejus

338 3962 540 4034 plantis
573 3958 1061 4035 aquzelsupert‘tcies
1078 3956 1237 4028 253
1261 3957 1433 4011 instar
1455 3965 1614 4010 terrae
1642 3961 1920 4009 constrata

348 4056 643 4119 videretur,
691 4061 747 4109 et
786 4065 978 4106 secura
1010 4051 1208 4107 duritie
1241 4047 1423 4103 divina
1471 4046 1699 4118 vestigia
1732 4043 1920 4101 sumul-

344 4147 519 4211 ciret,
551 4147 646 4199 sed
687 4157 754 4198 eo
819 4142 908 4197 ubi
943 4141 1108 4207 venit,
1145 4141 1297 4195 stetit
1326 4139 1384 4194 in
1410 4140 1593 4195 littore
1615 4180 1630 4206 ,
1677 4138 1783 4194 hoc
1811 4137 1923 4192 l‘or-

321 4250 496 4304 .tasse
524 4244 582 4291 ut
611 4235 947 4298 ostenderet,
979 4242 1318 4301 assumptum
1356 4246 1577 4287 carnem
1613 4245 1710 4300 per
1744 4246 1923 4286 resur-

344 4328 641 4382 rectionem
704 4324 816 4394 jam
866 4322 1275 4379 immortalitate
1328 4321 1586 4377 donatam
1642 4336 1706 4375 ex
1761 4321 1922 4391 hujus

2021 3223 2253 3294 θαναήλ.
2274 3221 2358 3276 Τὰ
2380 3220 2512 3290 γοῦν
2538 3208 2793 3272 ἐντεῦθέν
2821 3215 3016 3269 δίκτυα
3042 3213 3142 3268 καὶ
3168 3211 3380 3276 πλοῖον,
3412 3208 3505 3261 καὶ
3529 3202 3603 3260 δι’

2019 3320 2150 3389 ὅλης
2178 3318 2278 3382 τῆς
2309 3316 2502 3378 νυκτὸς
2524 3314 2695 3376 κόπος
2718 3312 3013 3380 ἀνήνυτος.
3051 3326 3068 3358 ι
3108 3305 3203 3360 Ἐν
3243 3302 3434 3373 ἐκείνῃ
3458 3300 3594 3370 γάρ,

2022 3412 2178 3483 φησὶ,
2210 3411 2278 3480 τῇ
2305 3409 2463 3461 νυκτὶ
2483 3405 2724 3460 ἐπίασαν
2751 3402 2932 3457 οὐδέν.
2968 3419 2989 3453 ι
3029 3398 3258 3472 Πρωῖας
3292 3395 3351 3450 δὲ
3372 3390 3607 3483 γενομέο

2019 3482 2140 3571 νηός,
2174 3501 2263 3554 ὅτε
2296 3498 2398 3569 τῆς
2424 3494 2779 3565 δικαιοσύνης
2803 3495 2832 3548 ό
2860 3492 3080 3558 Ἥλιος,
3109 3488 3187 3552 ὡς
3221 3485 3283 3553 ἐξ
3311 3482 3602 3554 ἀνατολῆς,

2019 3592 2115 3648 τοῦ
2155 3594 2333 3664 τάφου
2388 3590 2681 3653 ἀνατείλας
2725 3586 2944 3659 πρωίαν
2995 3583 3315 3655 εἰργάσατο,
3368 3573 3535 3649 ἦλθεν
3573 3575 3607 3628 ὁ

2021 3686 2251 3757 γλυκὺς,
2284 3683 2458 3754 ἐφάνη
2488 3683 2517 3736 ό
2547 3681 2785 3752 πάροχος
2807 3676 2904 3759 τού
2932 3675 3133 3745 φωτὸς,
3166 3674 3262 3728 καὶ
3296 3670 3472 3726 ἐλθὼν
3502 3668 3608 3723 οὐκ

2022 3778 2250 3832 εἴσεισιν
2282 3776 2364 3838 είς
2411 3773 2510 3843 τὴν
2550 3771 2855 3830 θάλασσαν,
2890 3767 3017 3822 οὐδὲ
3058 3763 3287 3831 πεζεύει
3335 3760 3480 3816 κατά
3506 3777 3609 3814 κυ-

2025 3872 2233 3942 μάτων,
2259 3867 2287 3921 ὃ
2320 3866 2428 3936 πρὸ
2445 3863 2543 3919 τοῦ
2567 3863 2776 3926 πάθους
2801 3857 3346 3929 ἐθαυματούργησεν,
3368 3855 3611 3924 ἀποχερ-

2024 3963 2297 4032 σωθείσης
2331 3964 2398 4033 τῇ
2437 3960 2593 4031 βάσει
2638 3957 2740 4027 τῆς
2770 3954 3081 4025 ἐμφανείας
3121 3949 3218 4005 τοῦ
3264 3949 3481 4011 ὓδατος,
3508 3944 3610 3998 καὶ

2021 4057 2113 4111 διὰ
2138 4056 2235 4126 τῆς
2266 4050 2547 4122 ἀσφαλοῦς
2583 4047 2908 4109 ἀντιτυπίας
2938 4044 2999 4098 τὸ
3032 4042 3175 4096 θεῖον
3207 4040 3356 4110 ἴχνος
3388 4039 3612 4106 ἐπερει-

2023 4150 2245 4219 δούσης.
2304 4145 2446 4202 Ἀλλ’
2477 4142 2650 4198 ἐλθὼν
2701 4141 2834 4210 ἔστη
2886 4141 2969 4201 εἰς
3016 4137 3106 4191 τὸν
3140 4130 3423 4219 αἰγιαλὸν,
3462 4126 3611 4219 τάχα

2025 4215 2188 4293 τοῦτο
2223 4235 2461 4299 δεικνὺς,
2499 4232 2577 4295 ὡς
2608 4226 3045 4284 ἀποθανατισθέν
3079 4224 3180 4293 ἤδη
3218 4220 3280 4273 τὸ
3318 4215 3611 4291 πρόσλημ-

2030 4351 2107 4404 μα
2137 4332 2227 4385 διὰ
2253 4329 2355 4397 τῆς
2376 4325 2752 4388 ἀναστάσεως,
2781 4319 2886 4386 ἔξω
2904 4321 3005 4388 τῆς
3035 4313 3297 4389 βιωτικῆς
3329 4310 3612 4404 θαλάσσης

345 4422 467 4478 vita:
495 4420 633 4475 mari
663 4418 925 4481 evasisse,
957 4431 1058 4470 nec
1093 4414 1325 4484 amplius
1358 4413 1768 4468 inﬁrmitatibus
1797 4427 1916 4467 car-

2026 4400 2266 4492 ἐγένετο,
2310 4419 2497 4475 οὐκέτι
2554 4418 2676 4481 ταῖς
2728 4415 2828 4484 τῆς
2887 4410 3091 4482 σαρκὸς
3147 4405 3480 4468 ἀσθενείαις,
3527 4400 3609 4466 ὡς

344 4513 432 4569 nis
480 4512 624 4567 velut
670 4511 829 4565 undis
866 4507 1196 4572 obnoxiam,
1254 4506 1349 4560 sed
1378 4505 1433 4563 in
1490 4503 1916 4575 incorruptionis

2030 4487 2240 4582 κύμασι
2258 4487 2657 4578 συνεχόμενον,
2682 4501 2796 4557 ἀλλ’
2822 4502 2880 4554 ἐν
2907 4499 2987 4571 τῷ
3009 4497 3243 4568 αἰγιαλῷ
3266 4495 3367 4566 τῆς
3384 4492 3606 4562 ἀφθαρ-

340 4609 528 4664 littore
556 4605 932 4661 constitutam.

435 4725 455 4759 ε
485 4701 631 4757 Dixit
660 4712 788 4768 ergo
820 4698 900 4754 eis
929 4695 1087 4752 Jesus
1127 4693 1351 4760 :Pueri,
1376 4690 1643 4762 numquid
1679 4688 1926 4760 pulmen-

342 4796 543 4852 tarium
597 4789 851 4848 habetis?
887 4807 906 4841 ι
953 4786 1284 4857 Simpliciter
1327 4784 1545 4855 quidem
1600 4797 1696 4838 eos
1737 4781 1925 4835 inter-

346 4902 540 4960 rogare
567 4886 801 4947 videtur,
832 4881 926 4937 sed
956 4880 1195 4949 ’oblique
1237 4887 1418 4933 tamen
1450 4874 1922 4946 imperfectiouem

345 4996 557 5044 eorum,
619 4985 674 5033 et
732 4975 986 5047 pusillum
1022 4975 1525 5040 inconstantemque
1549 4970 1790 5025 animum
1824 4982 1923 5022 ex-

346 5073 618 5149 probrat:
663 5090 681 5124 ι
717 5070 905 5134 Pueri,
956 5066 1221 5137 numquid
1276 5064 1701 5136 pulmentarium
1763 5062 1926 5119 habe-

424 5220 470 5252 “
497 5219 651 5275 Joan.
684 5234 775 5273 xm
798 5261 813 5284 ,
860 5218 893 5272 5
924 5229 1074 5285 seqq.

2034 4604 2157 4665 σίας
2188 4601 2311 4654 ίστά
2319 4615 2500 4670 μενον.

2110 4710 2128 4743 ι
2162 4691 2325 4759 Λέγει
2353 4684 2447 4742 οὖν
2479 4688 2661 4749 αὐτοῖς
2685 4687 2712 4738 ὁ
2756 4682 2964 4753 Ἰησοῦς
2997 4698 3011 4714 ·
3033 4678 3253 4741 Παιδία,
3275 4679 3404 4747 μήτι
3432 4691 3612 4747 προσ-

2033 4786 2229 4855 φάγιον
2287 4781 2482 4852 ἔχετες
2557 4797 2578 4831 ι
2647 4775 2953 4837 Ἀπλοῖκῶς
3004 4773 3103 4842 μὲν
3159 4770 3239 4841 τῷ
3301 4786 3367 4839 γε
3427 4768 3612 4822 δοκεῖν

2031 4877 2179 4928 ποιεῖ
2224 4874 2322 4945 τὴν
2368 4871 2662 4944 ἐρώτησιν,
2717 4866 3056 4922 καθάπτεται
3084 4881 3149 4933 γε
3197 4861 3306 4935 μὴν
3361 4858 3614 4929 πλαγίως

2032 4971 2095 5025 τὸ
2120 4968 2309 5033 ἀτελὲς
2334 4966 2518 5020 αὐτῶν
2539 4962 2837 5027 ὀνειδὲζων,
2862 4959 2958 5014 καὶ
2983 4956 3264 5022 ἀϐέϐαιον,
3297 4954 3392 5009 καὶ
3416 4968 3613 5021 νηπιο-

2034 5061 2265 5132 πρεπές.
2314 5056 2563 5121 (Παιδία,
2610 5056 2742 5127 μήτι
2775 5051 3121 5125 προσφάγιον
3153 5047 3307 5120 ἔχετε
3336 5064 3352 5117 ;
3387 5064 3408 5099 ι
3464 5045 3616 5115 Ὅρα

1583 5303 1907 5368 Francisci
1940 5303 2147 5365 Scorsi
2187 5305 2375 5361 natm.

429 5454 539 5529 (57)
571 5455 813 5529 Andreas
857 5449 1218 5529 «Philippus.
1270 5447 1568 5529 Probabilis
1622 5460 1753 5529 sane
1782 5460 1916 5529 con-

350 5517 589 5592 iectura.
623 5526 677 5578 in
701 5537 862 5592 quam
895 5522 1058 5574 etiam
1081 5520 1417 5592 Maldonatus
1453 5528 1638 5573 noster
1660 5517 1916 5592 induirtus

352 5584 419 5655 ex
448 5613 514 5651 eo
544 5584 686 5666 quod
721 5584 1034 5666 'Betltsaidte
1089 5590 1289 5666 fut-rint
1332 5593 1722 5666 _An_tl_rea_s,_et
1786 5584 1916 5666 [flii—

310 5728 315 5737 ε
356 5655 646 5737 lippum-et
679 5662 952 5737 locus‘Uhi
973 5670 1097 5737 tunc
1130 5660 1185 5714 hi
1214 5659 1459 5737 discipuli
1497 5658 1563 5712 ad
1594 5655 1915 5737 piscantium

310 5725 583 5805 :prol‘ec‘ti
633 5742 789 5805 erant
843 5731 1173 5805 BBlllS:_|iti1l:
1236 5731 1309 5785 ibi
1352 5725 1508 5805 enim
1571 5725 1915 5805 piscatoriam

358 5798 705 5871 exercebant.
738 5802 909 5859 Favet
959 5802 1122 5857 etiam
1175 5811 1414 5868 etymum
1470 5798 1773 5854 Bcthsaida:
1813 5802 1919 5854 nt:
1992 5853 1996 5857 ι

2021 5450 2157 5500 τινες
2213 5439 2408 5492 Dom",
2482 5435 2792 5495 venationis,
2852 5429 3110 5487 nimirum
3165 5423 3612 5500 [viscatorige,_sic

2024 5497 2168 5565 ἐιίιὶἷη
2223 5508 2546 5577 Eutltymius
2599 5524 2614 5577 ι
2660 5503 2904 5577 Domum
2937 5501 3267 5577 piscatiouis,
3304 5499 3486 5560 vertit,
3511 5497 3613 5548 hoc

2025 5596 2097 5635 est
2153 5581 2239 5634 ubi
2295 5571 2475 5633 venari
2539 5575 2774 5629 solebant
2827 5574 3015 5638 pisces,
3074 5571 3251 5636 sicque
3286 5579 3476 5638 vocatu
3528 5573 3613 5617 est

2026 5654 2199 5716 pnzria
2242 5649 2383 5705 Petri
2426 5658 2471 5702 et
2495 5646 2717 5699 Androm
2741 5661 2759 5709 ;
2784 5637 2935 5697 erant
2974 5642 3110 5696 enim
3147 5638 3218 5695 ibi
3243 5638 3395 5693 multi
3426 5637 3610 5704 pisca-

2029 5733 2165 5776 (Oi't‘5
2176 5764 2187 5777 .
