4042 6448
411 325 526 389 (il-3

417 438 540 498 πῶς

413 529 611 599 saucii)
662 528 898 598 παιδικῷ
957 529 1298 599 στοιχοῦντες
1357 529 1694 597 φρονήματι,
1732 524 1875 578 οὕτω
1903 525 2004 592 τῆς

414 622 765 690 Δεσποτικῆς
789 621 1145 686 διδασκαλίας
1187 621 1596 692 ἐπιλαθόμενοι,
1640 619 1736 673 ἐπὶ
1783 618 1846 672 τὸ
1878 616 2005 668 σύν-

413 714 548 782 ηθες
597 712 1030 783 ἑπαλινόστησαν
1083 713 1444 786 ἐπιτήδευμα.
1494 713 1559 766 Τί
1616 713 1763 782 γὰρ,
1816 714 2002 781 φησὶν,

415 805 717 859 ἀώνασθε
769 806 870 876 τῆς
927 806 1169 876 ματαίας
1203 807 1442 876 σπουδῆς
1469 825 1483 874 ;
1509 806 1601 876 Μὴ
1632 807 1741 876 γὰρ
1778 806 2007 875 exegit}-

417 895 554 948 σατέ
583 913 635 949 τι
669 899 1216 972 ματαιοπονήσαντες
1254 897 1322 951 δι’
1366 899 1492 966 ὅλης
1526 896 1761 964 νυκτός;
1811 897 1876 948 Τί
1911 891 2005 949 οὖν

414 991 470 1041 οἱ
508 989 790 1057 μαθηταίς
853 991 1208 1060 Ὁμολογοῦσι
1255 991 1316 1044 τὸ
1365 990 1584 1061 ἀληθὲς,
1623 991 1717 1044 καὶ
1769 991 1829 1042 τὸ
1861 989 2004 1058 ἔχειν

415 1098 472 1134 τι
541 1082 812 1152 άγρευθὲν
880 1083 1296 1138 ἀπαναίνονται.
1368 1083 1707 1153 ’Δναμνῆσαι
1755 1083 1849 1137 οὖν
1915 1083 2006 1136 τὶν

417 1174 630 1244 Πέτρον
679 1175 1026 1246 βουλόμενος,
1079 1176 1155 1238 ὡς
1192 1176 1357 1239 αὐτὸς
1389 1179 1476 1246 εἴη
1511 1179 1539 1230 6
1583 1177 1840 1246 ἁπαρχῆς
1903 1176 2005 1246 τῆς

419 1266 739 1334 μαθήσεως,
777 1269 860 1329 εἰς
889 1268 948 1320 τδ
996 1269 1183 1321 πλοῖον
1219 1269 1385 1323 αὑτοῦ
1441 1269 1723 1334 εἰσελθὼν,
1777 1269 1868 1322 καὶ
1919 1286 2008 1322 κε-

414 1356 620 1421 λεύσας
676 1361 1049 1428 ἐπαναγαγεῖν
1079 1363 1144 1415 ἐκ
1177 1362 1275 1432 τῆς
1318 1362 1446 1430 γῆς,
1506 1364 1601 1415 καὶ
1656 1363 1892 1434 χαλάσαι
1944 1362 2006 1416 τὺ

412 1451 657 1510 δίκτυον,
686 1451 784 1504 καὶ
816 1452 1106 1505 συλλαϐεῖν
1146 1453 1350 1521 πλῆθος
1406 1453 1605 1524 ἰχθύων
1647 1453 1782 1507 πολύ
1811 1469 1826 1483 ’
1878 1454 2005 1506 ἐπι-

414 1543 605 1596 τάττει
641 1544 861 1612 βάλλειν
901 1545 992 1597 ἐπὶ
1049 1547 1117 1599 τὰ
1170 1545 1320 1611 δεξιὰ
1367 1547 1507 1618 μέρη
1553 1547 1648 1600 τοῦ
1706 1547 1892 1601 πλοίου
1945 1546 2006 1599 τὸ

411 1634 637 1688 δίκτυον
662 1653 676 1667 ο
708 1637 806 1706 οὐχ
837 1638 918 1690 ὅτι
945 1638 1191 1706 ἐπέγνων
1212 1638 1296 1700 τίς
1315 1634 1381 1710 ἦν
1413 1641 1440 1692 6
1469 1641 1772 1694 ἐπιτάττων
1798 1641 2003 1706 αὐτοῖς,

413 1727 536 1779 ἀλλ’
581 1728 662 1780 ὅτι
696 1728 815 1781 θεία
841 1747 923 1791 τις
952 1729 1180 1801 δύναμις
1214 1733 1330 1794 τοῖς
1379 1731 1474 1784 τοῦ
1511 1733 1768 1803 Σωτῆρος
1824 1733 2004 1800 λόγοις

413 1819 678 1887 ἐφείπετο
703 1822 908 1892 ἔρωτα,
959 1824 1052 1876 καὶ
1080 1824 1255 1877 πειθὼ
1300 1826 1422 1889 ταῖς
1467 1826 1701 1893 ἀγαθαῖς
1731 1826 2004 1878 ὲντιθεῖσα

411 1910 642 1979 ψυχαῖς.
705 1932 724 1965 ι
763 1914 1029 1968 Ἐὅαλλον
1084 1913 1178 1969 οὖν
1217 1916 1297 1980 είς
1355 1917 1423 1971 τὰ
1478 1917 1629 1981 δεξιὰ
1683 1918 1846 1988 μέρη,
1908 1919 2004 1970 καὶ

413 2006 602 2058 οὐκέτι
636 2006 768 2059 αὐτὸ
801 2007 1034 2062 έλκῦσαι
1075 2010 1304 2080 ἴσχυσαν
1335 2011 1444 2064 ἀπὸ
1473 2010 1568 2064 τοῦ
1605 2011 1847 2082 πλήθους
1893 2013 2003 2064 τῶν

417 2095 640 2164 ἰχθύων.
681 2117 700 2150 ι
748 2099 812 2150 Ὢ
854 2097 947 2152 τοῦ⁹
973 2097 1254 2170 θαύματος
1288 2101 1384 2155 καὶ⁸
1416 2103 1513 2173 τῆς
1559 2102 1791 2172 ἀπείρου
1845 2103 2006 2157 δυνά-

413 2205 570 2257 μεως
609 2191 706 2244 τοῦ
738 2191 1097 2256 κελεύσαντος
1127 2195 1140 2247 l
1198 2196 1248 2248 οί
1293 2193 1362 2248 δι’
1396 2194 1526 2263 ὅλης
1557 2197 1656 2265 τῆς
1686 2195 1881 2258 νυκτὸς
1911 2214 2005 2250 κο-

415 2281 738 2348 πιάσαντες,
800 2285 896 2337 καὶ
945 2286 1114 2356 μηδὲν
1159 2287 1220 2340 τὸ
1274 2289 1543 2359 παράπαν
1611 2290 2005 2361 ἀγρεύσαντες,

410 2373 532 2429 οὐδ’
557 2375 790 2430 έλκῦσαι
818 2377 879 2430 τὸ
905 2377 1124 2431 δίκτυον
1147 2381 1212 2434 ἐκ
1246 2379 1342 2434 τοῦ
1380 2380 1621 2452 πλήθους
1657 2383 1768 2436 τῶν
1800 2385 2004 2455 ἀγρευ-

411 2467 623 2521 θέντων
677 2471 948 2541 ἑξίσχυον.
994 2472 1167 2527 Τοῦτο
1229 2474 1289 2526 τὸ
1336 2473 1530 2543 μέλλον
1573 2475 1860 2546 ᾐνίττετο,
1908 2478 2004 2532 καὶ

409 2555 482 2609 τά
532 2558 769 2627 ἐσόμενα
799 2561 1180 2631 προεικόνιζεο
1220 2562 1466 2618 θάλασσα
1510 2563 1611 2634 μὲν
1662 2565 1772 2636 γὰρ
1825 2569 1852 2620 6
1891 2566 2007 2636 βίος

409 2643 571 2712 οὗτός
615 2653 784 2715 ἐστιν,
838 2655 866 2706 6
899 2657 1013 2716 τοῖς
1059 2653 1490 2726 ἀλλεπαλλήλοις
1524 2661 1853 2730 πειρασμοῖς
1908 2677 2007 2713 κυ-

412 2741 760 2810 ματούμενος
789 2761 803 2775 υ
860 2744 956 2811 νὺξ
1013 2747 1092 2810 δὲ,
1144 2748 1265 2800 καθ’
1301 2747 1368 2818 ἢν
1408 2748 1682 2818 ἄπρακτοι
1714 2751 2007 2818 γεγόνασιν

411 2833 779 2900 ἀγρεύοντες,
839 2837 866 2887 6
923 2835 1031 2906 πρὸ
1087 2837 1184 2906 τῆς
1244 2838 1543 2907 ἐπιδημίας
1600 2838 1697 2894 τοῦ
1752 2842 2007 2912 Σωτῆρος

411 2925 630 2994 καιρὸς,
691 2927 814 2980 καθ’
861 2927 929 2997 ἢν
986 2927 1160 2982 πολλὰ
1214 2929 1486 2992 κοπιάσας
1541 2931 1651 2984 τῶν
1704 2933 2004 3001 προφητῶν

408 3019 439 3065 ὁ
473 3017 798 3086 κατάλογος,
833 3018 930 3072 καὶ
962 3019 1052 3072 τὸν
1085 3022 1184 3091 τῆς
1225 3019 1580 3085 διδασκαλίας
1624 3021 1770 3076 λῖνον
1799 3023 2002 3093 χαλῶν,

1720 321 2052 383 ΠΟΜΙΙᾸΛ
2093 322 2358 388 XXXVI.

611 435 1048 506 κεκαλυμμὲνως
1117 436 1482 506 ἐπιπλήττει,
1544 435 1735 488 παιδία
1807 433 2004 495 καλῶν,

2117 432 2218 488 iis?
2259 455 2276 486 ι
2327 434 2458 492 Vide
2489 435 2650 507 quam
2685 450 2829 495 recte
2890 444 3272 512 reprehendat,
3309 458 3431 497 cum
3484 456 3685 510 pueros

3579 327 3686 392 694

2112 539 2286 592 vocet,
2328 530 2586 598 quoniam
2619 534 2810 602 puerili
2842 535 3076 602 quodam
3122 550 3286 592 sensu
3334 535 3481 589 ducti
3513 549 3686 602 usque

2107 618 2245 674 adeo
2275 620 2534 676 doctrina:
2566 622 2778 678 Domini
2811 625 2960 681 olditi
2998 625 3236 693 fuerant,
3278 635 3337 682 ιιι
3366 636 3686 680 consuetum

2107 713 2346 768 studium
2381 722 2436 769 ct
2456 716 2904 773 exercitationem
2955 729 3279 789 repeterent.
3321 721 3458 786 Quid
3517 721 3686 780 cnim.

2110 805 2305 874 inquit,
2333 821 2397 862 ex
2431 823 2570 862 vano
2600 810 2702 867 hoc
2753 812 2934 866 studio
2977 801 3323 882 proiecistis?
3353 814 3434 866 An
3481 812 3686 880 aliquid

2110 898 2246 953 lucri
2306 913 2372 954 ex
2406 899 2564 954 irrito
2589 903 2762 958 noctis
2799 905 2967 958 totius
3027 905 3212 960 latiore
3257 903 3506 959 fecistis?
3549 904 3688 971 Quid

2107 991 2277 1059 igitur
2306 992 2596 1062 discipuli?
2628 993 2688 1048 ιιι
2724 995 2866 1064 quod
2895 1011 2984 1050 res
3005 1007 3142 1062 erat,
3194 997 3467 1060 fatentur;
3501 1009 3558 1052 et
3590 996 3690 1048 ali-

2109 1083 2238 1152 quid
2275 1097 2396 1138 esse
2421 1098 2480 1138 se
2509 1085 2822 1154 etipiscatos
2851 1098 3069 1156 negant.
3105 1087 3274 1156 Igitur
3303 1098 3362 1141 ut
3393 1087 3444 1140 in
3479 1103 3688 1140 lttcmo—

2115 1175 2248 1227 riam
2280 1174 2440 1230 Petro
2499 1188 2804 1242 revocaret,
2834 1194 2954 1234 esse
2980 1194 3039 1235 se
3087 1180 3235 1234 illttm
3265 1181 3538 1242 eumdem,
3593 1178 3686 1247 qui

2103 1267 2214 1336 jam
2273 1267 2340 1321 ab
2390 1267 2568 1333 initio,
2609 1285 2732 1324 cum
2779 1271 3072 1341 discipulos
3127 1272 3404 1341 elegisset.
3457 1271 3510 1323 ίη
3567 1271 3688 1336 (δίκε

2109 1359 2414 1416 naviculam
2447 1372 2591 1416 esset
2620 1364 2918 1433 ingressus,
2955 1374 3008 1420 et
3044 1376 3188 1428 terra
3234 1366 3513 1426 reducere,
3547 1374 3601 1418 et
3633 1365 3685 1417 in

2107 1463 2390 1522 capturam
2430 1456 2567 1510 retia
2615 1456 2804 1512 laxare
2843 1455 3121 1524 iussisset,
3158 1468 3322 1526 atque
3370 1457 3441 1509 ita
3478 1456 3688 1524 ct-[isse

2108 1563 2204 1600 eos
2236 1548 2466 1615 piscium
2501 1548 2902 1602 multitudinem
2937 1550 3238 1618 cepiosam,
3275 1547 3529 1618 prteccpit
3561 1547 3688 1600 mit-

2112 1647 2222 1691 tere
2279 1639 2335 1691 in
2389 1641 2670 1693 dexteram
2739 1641 2937 1709 navigii
2986 1649 3134 1707 rete;
3189 1656 3296 1694 non
3353 1639 3518 1710 quod,
3569 1638 3691 1707 quis

2109 1738 2277 1794 esset,
2334 1729 2426 1796 qui
2483 1730 2532 1784 id
2576 1729 2894 1799 praeciperet
2939 1733 3340 1802 cognovissent,
3398 1731 3494 1784 sed
3548 1728 3690 1797 quod

2039 1799 2080 1852 Β
2109 1821 2292 1876 divina
2325 1823 2571 1892 quaedam
2602 1823 2654 1877 itt
2687 1822 2901 1877 Domini
2937 1838 3193 1879 sermone
3225 1823 3305 1877 vis
3340 1823 3538 1888 inerat,
3570 1837 3693 1892 qua:

2107 1931 2349 1970 amorem
2379 1914 2542 1969 simul
2573 1924 2627 1969 et
2679 1917 3086 1986 persuasionem
3130 1916 3290 1969 bonis
3333 1915 3532 1969 animis
3569 1915 3694 1983 inji-

2108 2008 2284 2062 cicbat
2327 2026 2341 2062 :
2386 2027 2404 2060 ι
2447 2007 2709 2062 Miserunt
2738 2024 2868 2077 ergo
2901 2009 2952 2061 in
3001 2007 3282 2062 dexteram
3329 2007 3554 2076 navigii,
3594 2021 3694 2062 nec

2105 2099 2216 2169 jam
2282 2101 2534 2154 valebant
2579 2100 2712 2155 illud
2769 2103 2987 2156 trahere
3041 2116 3150 2171 pra:
3206 2099 3556 2154 multitudine
3611 2098 3695 2166 pi-

2107 2191 2305 2244 St-inm.
2345 2209 2362 2242 ι
2399 2191 2442 2246 Ο
2473 2191 2818 2256 miraculum,
2844 2207 2876 2246 ο
2905 2192 3150 2262 jnhcntis
3178 2190 3385 2246 inﬁnita
3410 2190 3688 2261 potentia!

2109 2283 2202 2351 qui
2248 2297 2370 2336 cum
2439 2291 2550 2337 tota
2607 2294 2764 2339 nocte
2808 2298 2865 2338 se
2893 2283 3235 2354 fatigassent,
3279 2283 3417 2337 nihil
3467 2283 3694 2337 omnino

2108 2372 2373 2442 piscando
2424 2385 2708 2442 ceperant,
2751 2393 2818 2430 ne
2869 2378 3088 2430 trahere
3140 2374 3361 2446 quidem
3413 2384 3530 2429 rete
3582 2387 3701 2441 prae

2109 2475 2390 2534 captorum
2445 2467 2675 2536 piscium
2712 2469 3057 2523 multitudine
3088 2469 3362 2524 valebant.
3395 2465 3508 2521 lloc
3553 2465 3695 2520 anti-

2109 2567 2290 2628 gmate
2337 2560 2820 2630 praesiguilicatnm
2858 2571 2964 2623 εει,
3003 2561 3146 2629 quod
3173 2569 3406 2614 venturo
3452 2567 3698 2626 tempom

2109 2649 2351 2705 futurum
2391 2663 2531 2707 erat.
2577 2651 2724 2708 Mare
2759 2655 2902 2708 enim
2952 2655 3065 2708 hasc
3101 2651 3206 2706 vita
3254 2650 3377 2706 aliis
3408 2659 3531 2719 post
3560 2651 3696 2704 alias

2110 2746 2474 2800 tentationum
2529 2744 2787 2801 fluctibus
2846 2746 3088 2816 agitata;
3135 2761 3238 2798 nox
3295 2759 3446 2810 vero,
3502 2742 3694 2811 inqua

2109 2839 2421 2906 piscatores
2477 2840 2688 2895 irritatn
2739 2829 2964 2909 opéram
3018 2841 3410 2905 contulerunt,
3482 2847 3699 2908 tempus

2110 2927 2413 2986 Salvatoris
2453 2933 2750 2987 adventum
2807 2934 3144 3003 praecedens,
3173 2933 3226 2987 in
3252 2949 3358 3003 qua
3407 2948 3528 2986 cum
3557 2932 3697 2986 mul—

2113 3033 2227 3075 tum
2261 3021 2572 3079 laborasset
2621 3025 3010 3094 prophetarum
3048 3023 3458 3079 sucu-edentinm
3499 3023 3698 3089 series,

404 3111 608 3163 οὐδένα
674 3108 822 3182 εἶχεν
880 3113 1233 3183 πειθόμενον.
1302 3115 1442 3185 Ἤδη
1500 3114 1560 3167 δὲ
1629 3117 1730 3186 τῆς
1790 3118 2004 3186 πρωτας

2111 3127 2167 3171 et
2197 3115 2460 3170 doctrinae
2491 3119 2622 3171 retia
2673 3117 3002 3180 demisisset,
3049 3115 3260 3172 ﬁdelem
3311 3116 3550 3170 habuere
3599 3130 3702 3168 ne-

411 3203 708 3272 ἐνστάσης,
741 3204 830 3256 ὅτε
858 3206 990 3274 ἡμῖν
1020 3206 1268 3277 ἐπεφάνη
1294 3206 1370 3270 ὡς
1401 3207 1460 3271 ἐξ
1508 3207 1779 3278 ἀνατολῆς
1824 3210 2001 3278 τάφου

410 3296 655 3364 ἀνίσχων
690 3296 789 3365 τῆς
845 3297 1201 3369 δικαιοσύνης
1235 3301 1262 3353 6
1303 3299 1520 3365 Ἥλιος,
1552 3298 1616 3353 τὸ
1645 3301 2009 3370 εὖαγγελικὸν

405 3394 631 3470 δίκτυον
661 3395 713 3446 οί
757 3395 1001 3466 μαθηταὶ
1039 3395 1497 3464 ὕφαπλὼσαντες,
1527 3396 1628 3469 τὴν
1677 3399 2008 3470 οἰκουμένην

411 3463 597 3540 πᾶσαν
632 3463 1034 3558 ἐσαγήνευσαν,
1060 3490 1128 3560 ἣν
1160 3490 1189 3541 6
1221 3488 1458 3560 ἀριθμὸς
1482 3463 1596 3543 τῶν
1625 3463 2010 3560 ἀγρευθέντων

414 3581 619 3650 ἰχθύων
654 3581 982 3648 αἰνίττεται,
1040 3583 1122 3646 είς
1169 3582 1296 3650 τρία
1347 3582 1442 3635 καὶ
1503 3585 1865 3654 πεντήκοντα,
1914 3585 2009 3638 καὶ

410 3675 611 3728 ἑκατὸν
665 3675 1103 3744 κορυφούμενος.
1147 3675 1208 3729 Ὀ
1237 3675 1348 3746 γὰρ
1383 3676 1582 3730 ἑκατὸν
1619 3677 1876 3748 ἀριθμὸς,
1915 3680 2012 3734 καὶ

409 3767 762 3836 τετράγωνος
793 3766 892 3833 ὢν,
928 3772 1024 3820 καὶ
1074 3766 1480 3838 πληρέστατος,
1532 3768 1608 3832 ὡς
1653 3770 1754 3840 τῆς
1783 3770 2010 3835 δεκάδος

412 3860 494 3917 εἰς
548 3857 720 3929 αὐτὴν
771 3857 1174 3929 κυκλουμένης,
1231 3859 1292 3912 τὸ
1342 3859 1623 3931 πλήρωμα
1674 3861 1784 3915 τῶν
1838 3861 2009 3916 ἐθνῶν

411 3950 476 4003 τὸ
529 3953 592 4004 ἐκ
646 3951 932 4024 τεσσάρων
981 3952 1084 4022 τῆς
1146 3952 1478 4023 οἰκουμένης
1541 3954 1796 4025 περάτων
1847 3974 2010 4009 πεπι-

410 4043 644 4105 στευκὸς
676 4044 1081 4114 προῦπέφαινε.
1127 4043 1210 4096 Τὰ
1252 4043 1308 4095 δὲ
1368 4045 1737 4116 πεντήκοντα,
1785 4049 1913 4110 τοὺς
1945 4047 2010 4100 ὲκ

417 4135 727 4206 περιτομῆς
760 4135 1166 4198 πιστεύσαντας
1193 4136 1594 4207 προεικόνιζεν,
1639 4137 1715 4200 ὡς
1759 4140 1857 4208 τὴν
1903 4157 2009 4207 φυ-

396 4227 588 4298 ’λακὴν
631 4229 727 4299 τὴν
783 4229 936 4284 θείαν
981 4228 1218 4292 Δεκάδος
1271 4229 1381 4282 τῶν
1438 4229 1669 4282 ἐντολῶν
1733 4232 2009 4302 αἰσθητῶς

414 4320 886 4389 ὲκλαμὸάνοντας.
945 4321 1377 4392 Δεκαπλουμένη
1428 4323 1542 4392 γὰρ
1601 4324 1634 4392 ἡ
1686 4326 1908 4391 πεντὰς,
1974 4326 2007 4394 ἢ

417 4411 872 4482 πενταπλουμένη
925 4410 1198 4465 ἀνάπαλιν
1247 4413 1280 4480 ἡ
1335 4413 1499 4475 δεκὰς
1543 4416 1712 4484 γεννᾷ
1749 4415 1841 4466 τὸν
1878 4431 2007 4468 πεν-

2115 3208 2315 3262 minem
2363 3206 2501 3278 (58).
2549 3206 2815 3263 Matutino
2886 3210 2978 3264 sed
3036 3211 3179 3264 enim
3233 3221 3477 3280 tempore
3530 3213 3700 3264 adve-

2112 3301 2317 3365 niente,
2353 3315 2475 3354 cum
2510 3315 2542 3356 e
2572 3302 2778 3356 tumulo
2801 3301 2948 3356 velut
2981 3318 3048 3358 ex
3093 3303 3307 3358 oriente
3347 3302 3571 3370 iustitiae
3605 3301 3704 3358 Sol

2109 3400 2334 3446 exortus
2373 3391 2530 3446 nobis
2559 3394 2832 3463 apparuit,
2859 3394 3113 3464 discipuli
3160 3405 3273 3450 rete
3319 3393 3706 3464 evangelicum

2110 3483 2470 3552 extilicantes,
2523 3500 2739 3541 omnem
2787 3496 2984 3540 terram
3036 3503 3232 3557 sagena
3291 3495 3714 3556 pertraxerunt,

2111 3594 2273 3646 qttam
2493 3592 2626 3633 sane
2654 3587 2936 3646 Captorttm
2965 3580 3194 3649 piscium
3227 3595 3511 3644 nutncrtts,
3544 3578 3712 3648 quasi

2111 3668 2345 3738 quodam
2385 3670 2634 3738 symbolo
2676 3671 2937 3736 insinuat,
2973 3673 3038 3724 ad
3093 3670 3258 3725 triunt
3311 3680 3366 3726 et
3415 3671 3705 3741 quinqua-

2111 3762 2260 3831 ginta
2284 3777 2447 3830 supra
2477 3770 2694 3815 ccntnm
2719 3777 2990 3814 summam
3024 3765 3306 3817 redactus.
3338 3761 3703 3816 Ccntenarius

2111 3857 2256 3909 enim
2313 3870 2576 3908 numerus
2625 3870 2748 3908 cum
2787 3864 2842 3908 et
2884 3863 3202 3924 tetragonns
3247 3864 3302 3908 et
3352 3854 3706 3923 plenissimus

2111 3949 2183 4003 sit
2215 3948 2349 4017 (59),
2407 3957 2595 4017 utpote
2628 3964 2790 4017 quem
2850 3949 3014 4004 ducas
3043 3949 3099 4003 in
3152 3964 3211 4003 se
3262 3948 3431 4019 ipsam
3465 3949 3720 4003 cirrum.—-

2109 4042 2290 4096 voluta
2322 4041 2598 4108 conﬁciat,
2636 4041 2876 4108 gentium
2933 4041 3321 4110 plenitudinem
3365 4057 3430 4096 ex
3467 4051 3722 4110 quatuor-

2115 4142 2272 4187 terrte
2311 4133 2476 4186 totius
2512 4133 2708 4187 linihus
2764 4133 2830 4186 ad
2887 4132 3042 4187 fidem
3091 4133 3380 4188 adductam
3431 4147 3720 4202 ιιιτιιιιιοιιιι.

2112 4224 2329 4278 stravit.
2363 4223 2877 4292 Quinquagenarius
2906 4237 3037 4276 vero
3065 4237 3159 4276 cos
3186 4222 3278 4292 qui
3309 4237 3379 4276 ex.
3407 4219 3718 4277 circumei-.

2116 4317 2269 4372 sione
2301 4316 2674 4382 crediderunt,
2733 4316 3125 4384 prmliguravit,
3171 4315 3261 4382 qui
3305 4322 3721 4383 praceptorum.

2117 4407 2366 4474 Decalogi
2424 4407 2726 4461 custodiant
2782 4421 2811 4458 a
2881 4406 2992 4459 Deo
3043 4404 3396 4460 commissam
3454 4399 3701 4456 sensihili

412 4504 678 4574 τήκοντα,
708 4504 1048 4573 σημαίνοντα
1097 4505 1198 4574 τὴν
1238 4505 1476 4558 πεντάδα
1527 4505 1637 4559 τῶν
1664 4507 1998 4577 αἰσθήσεων,

2116 4497 2276 4551 modo
2313 4506 2666 4565 acceperunt.
2720 4494 2972 4563 Quinque
3024 4496 3171 4548 cnim
3233 4493 3416 4548 decies
3449 4489 3710 4558 multipli-

415 4595 513 4645 καὶ
544 4595 642 4662 τὴν
680 4594 882 4647 δεκάδα
927 4595 1038 4648 τῶν
1078 4595 1331 4649 ἐντολῶν.
1374 4595 1456 4648 Τὰ
1493 4596 1621 4665 τρία
1661 4596 1739 4661 δὲ,
1787 4597 1887 4667 τὴν
1921 4598 2003 4660 εἰς

415 4685 517 4754 τὴν
564 4685 774 4750 Τριάδα
839 4687 1025 4739 πίστιν
1080 4687 1269 4755 δηλοῖ,
1327 4688 1451 4758 ἥτις
1511 4689 1880 4760 ένοποιήσασα
1937 4689 2006 4743 τὰ

414 4778 702 4841 διεστῶτα,
745 4779 825 4841 είς
858 4778 989 4847 μίαν
1028 4777 1359 4848 Ἐκκλησίαν
1411 4778 1622 4842 πάντας
1674 4782 2005 4848 συνήγαγεν.

417 4866 542 4918 Ὅτι
593 4865 650 4918 δὲ
702 4867 730 4918 6
791 4864 1027 4933 ἀριθμὸς
1083 4865 1192 4918 τῶν
1228 4867 1612 4933 ἁγρευθέντων
1664 4868 1865 4940 ἰχθύων
1911 4870 2005 4922 τον

418 4957 538 5009 ὅλον
587 4957 688 5027 τῆς
731 4956 1065 5026 Ἐκκλησίας
1119 4957 1442 5026 πληθυσμδν
1505 4961 1845 5030 προεμήνυε,
1908 4961 2002 5013 καὶ

417 5049 484 5102 ὲκ
523 5049 622 5121 τῆς
649 5050 793 5104 κατά
823 5050 923 5122 τὴν
984 5049 1288 5104 Ῥεϐέκκαν
1341 5051 1587 5122 ἱστορίας
1633 5051 1748 5104 ἔστι
1781 5053 1999 5123 μαθεῖν,

2114 4595 2245 4658 cati,
2273 4602 2327 4646 et
2357 4607 2568 4644 rursum
2604 4589 2789 4642 decem
2834 4588 3150 4656 quinquies,
3183 4583 3577 4656 quinquaginta
3620 4583 3718 4654 εἰς.

2113 4695 2306 4752 guunt,
2359 4683 2450 4751 qui
2494 4695 2754 4736 numerus
2790 4679 2988 4748 quinos
3019 4693 3232 4742 sensus,
3283 4685 3338 4732 et
3370 4677 3508 4730 dena
3564 4690 3702 4742 pra:-

2115 4785 2266 4844 ccpta
2301 4773 2592 4836 significat.
2620 4771 2916 4825 Ternarius
2947 4785 3074 4822 vero
3109 4768 3266 4822 lidem
3293 4769 3345 4821 in
3373 4765 3699 4820 Trinitatem

2113 4866 2374 4929 ostendit,
2409 4881 2531 4933 qqu
2560 4879 2690 4920 sane
2715 4864 2904 4917 dissita
2934 4862 2986 4915 in
3013 4877 3179 4914 unmn
3210 4875 3430 4930 cogens,
3457 4858 3510 4911 in
3535 4871 3716 4911 unam.

2114 4975 2305 5013 omnes
2338 4956 3040 5026 Et-clesiantcongregavit.
3089 4954 3241 5021 Quod
3277 4967 3405 5008 vero
3454 4952 3542 5006 hic
3607 4966 3701 5006 cn-

2115 5064 2329 5122 ptornm
2393 5049 2620 5118 piscium
2685 5062 2946 5103 numerus
3001 5045 3407 5100 multitudinem
3437 5041 3702 5098 Ecclesia:

1657 5169 1988 5232 Francisci
2023 5166 2234 5230 Scorsi
2273 5173 2460 5228 notae.

490 5295 604 5366 (58)
651 5294 879 5348 Fidelem
918 5293 1148 5366 habuere
1195 5296 1470 5350 norninant.
1513 5295 1761 5362 Quamvis
1810 5299 1994 5361 enim,

417 5365 596 5434 inquit
615 5366 1058 5435 Theophylactus
1079 5365 1132 5418 in
1159 5366 1296 5420 hunc
1315 5366 1512 5429 locum,
1537 5383 1601 5421 ex
1617 5383 1724 5435 quo
1744 5368 1994 5421 eatutlem

413 5439 569 5492 ciixit
607 5437 719 5505 ipse
751 5437 1087 5504 allegoriam.
1134 5451 1200 5492 ac
1234 5437 1428 5490 mirum
1458 5438 1515 5492 ni
1545 5455 1572 5492 a
1606 5449 1813 5504 nostro,
1848 5439 2000 5502 cujus

419 5523 552 5563 n-ss.
588 5508 729 5575 apud
766 5521 826 5561 se
862 5507 1143 5578 habuerit.
1174 5508 1534 5576 desumptam,
1575 5523 1696 5562 eum
1728 5511 2000 5578 posterius

416 5595 442 5632 s
482 5579 730 5644 ripserit,
795 5583 854 5630 ttt
914 5592 978 5630 ex
1049 5576 1282 5631 Prooem.
1348 5578 1635 5644 v,disput.
1695 5576 1929 5632 constat.
1985 5600 2000 5634 :

417 5650 672 5709 (luamvis
692 5649 876 5715 igitur,
904 5664 1058 5700 unam
1084 5657 1285 5716 gentem
1308 5647 1661 5702 Israelitica»:
1679 5649 2001 5703 conclusisse

413 5722 469 5775 in
522 5735 717 5786 sugena
764 5717 1097 5778 ridebantur,
1137 5731 1311 5772 tamen
1352 5720 1478 5788 quia
1520 5727 1570 5771 et
1619 5719 1728 5772 liazc
1773 5721 1997 5773 subinde

417 5792 489 5843 ad
545 5789 908 5844 idololatriam
965 5788 1206 5856 redibat,
1257 5790 1394 5847 nihil
1447 5790 1582 5851 forte
1633 5792 1992 5855 apprehende-

2105 5306 2250 5352 riunt.

2180 5368 2295 5438 (59)
2337 5367 2471 5423 Cum
2507 5379 2555 5422 et
2605 5375 2946 5436 telragouus,
2987 5374 3035 5418 et
3073 5364 3413 5438 plenissimus
3457 5363 3544 5414 sit.
3586 5359 3716 5424 Qua-

2111 5434 2321 5511 ratione
2349 5439 2704 5511 centenarius
2730 5434 2990 5511 numerus
3025 5445 3338 5511 tetragonus
3355 5434 3705 5511 λίξςειιιιςοτιξ-

2117 5509 2467 5564 tiocinatione
2499 5507 2718 5575 colliges
2744 5523 2807 5562 ex
2863 5507 3009 5561 hom.
3054 5497 3304 5577 Ἡλιοιἶ
3350 5501 3476 5577 οιιο,
3516 5499 3602 5552 ubi
3635 5497 3710 5577 de

2114 5595 2342 5634 numero
2367 5579 2585 5634 senario
2614 5571 2860 5646 egimus;
2895 5592 2991 5644 par
3013 5576 3157 5649 enim
3181 5573 3344 5649 estin
3373 5571 3475 5649 hac
3496 5571 3704 5649 consti:

2111 5651 2310 5722 tuenda
2348 5650 2536 5722 littora
2584 5639 2722 5703 ratvio
2770 5639 3071 5722 centenarii
3099 5683 3126 5722 ,Δ
3164 5652 3228 5722 et_
3277 5642 3328 5693 itt
3373 5639 3518 5722 hunc
3555 5639 3704 5718 cadit

2107 5721 2295 5774 eadem
2328 5707 2598 5786 delinitio,
2626 5734 2788 5790 quant
2824 5733 2886 5775 ex
2920 5715 3183 5778 Euclidis,
3215 5711 3250 5767 Ι.
3284 5725 3376 5776 vn,
3413 5707 3487 5764 ibi
3517 5708 3703 5780 posui-

2105 5805 2247 5846 tuus.
