4042 6456
288 336 396 404 70!

1616 345 1947 408 HOMILIA
1985 349 2258 412 XXXVI.

3474 351 3577 413 7οΞ

290 453 489 523 μάτων
536 451 932 520 μεταχωρῆσαι
976 450 1054 511 εἰς
1083 449 1246 518 φύσιν
1279 450 1569 521 θεότητος·
1600 453 1720 506 ἀλλ’
1771 455 1862 506 ἐστ

1994 457 2162 528 tingat
2201 457 2418 528 corpori
2459 457 2525 512 de
2568 469 2710 514 terra
2740 468 2977 527 sumpto,
3023 469 3074 516 et
3104 459 3363 530 quidquid
3409 461 3575 517 etiam

288 549 396 619 μὲν
415 547 586 611 θεῖον,
619 546 809 616 ἐπειδὴ
837 544 974 598 Θεοῦ
1001 545 1162 616 σῶμά
1187 549 1358 599 ἐστιν·
1379 548 1438 600 ού
1463 549 1570 617 μὴν
1597 548 1696 620 τὴν
1724 550 1889 617 φύσιν

287 640 624 711 μετέϐαλεν.
662 637 867 708 Ἰχθύος
894 639 949 691 δὲ
973 639 1174 709 τρόπον
1204 641 1261 692 ὲν
1287 642 1352 711 τῇ
1380 641 1471 694 τοῦ
1498 642 1614 712 βίου
1641 643 1886 712 θαλάσσῃ

279 734 688 786 ἐπολιτεύσατο
749 733 852 802 τῆς
925 733 1180 802 ἁλμυρᾶς
1254 734 1533 804 ἁμαρτίας
1600 735 1889 805 διαμεῖναν

277 825 582 894 ἀμέτοχον.
657 824 747 875 Ἐν
799 823 981 893 καιρῷ
1033 825 1092 876 δὲ
1145 824 1242 877 τοῦ
1322 824 1533 887 πάθους
1597 826 1886 895 δεχόμενος

273 917 354 968 tit
384 916 557 985 μύρια
591 915 712 980 εἴδη
745 915 856 967 τῶν
891 915 1126 986 ὕϐρεων,
1161 917 1374 984 ἄφωνος
1404 913 1492 988 ἦν,
1525 918 1625 972 οὐκ
1664 919 1882 986 ἐρίζων,

268 1004 408 1056 οὐδ’τ
426 1003 752 1069 ἀντιλέγων,
781 1003 888 1055 οὐδ’
936 1005 1300 1074 ἀμυνόμενος,
1341 1006 1461 1058 οὐδὲ
1491 1007 1661 1068 ἀνείς.
1700 1007 1885 1058 ’Ἑτοι-

278 1112 390 1165 μος
421 1097 614 1167 ἄρτος,
648 1095 709 1147 ὃν
735 1094 858 1147 οὔτε
890 1096 1106 1164 ἄροσις,
1141 1095 1266 1148 οὔτε
1308 1098 1486 1168 σπορά
1517 1096 1834 1167 ὲγεώργησε
1867 1113 1882 1128 ·

278 1190 436 1257 μόνῳ
468 1187 524 1238 δὲ
578 1186 836 1256 παρήχθη
881 1185 958 1256 τῷ
987 1187 1082 1239 τοῦ
1118 1188 1380 1252 τάξαντος
1422 1186 1674 1257 νεύματι.
1714 1189 1885 1240 Αὑτὸν

274 1281 500 1331 ἐκεῖνον
529 1279 724 1342 ἐδήλου
751 1279 847 1331 τὸν
894 1279 1150 1348 οὐράνιον
1195 1282 1381 1353 ἄρτον,
1418 1282 1510 1334 τὸν
1537 1281 1748 1335 ἄνωθεν
1785 1283 1884 1352 μὲν

271 1370 646 1430 κατελθόντα,
702 1371 762 1422 ἐν
812 1373 876 1440 τῇ
909 1374 977 1442 γῇ
1011 1372 1067 1424 δὲ
1107 1376 1426 1440 γενόμενον,
1468 1375 1586 1445 ὃνὴ
1625 1375 1884 1442 ἁσπόρως

274 1460 384 1513 καὶ
407 1461 680 1529 ἀνήροτος
721 1461 821 1530 τῆς
846 1461 1126 1532 Παρθένου
1151 1464 1314 1532 νηδὺς
1341 1463 1702 1536 ἀγεώργητος
1732 1465 1883 1518 ἐϐλάα

271 1568 507 1619 στησεν.
541 1550 701 1604 Οὕτω
735 1551 834 1620 μὲν
860 1547 952 1605 οῦν
987 1553 1151 1605 αὐτὸν
1179 1556 1388 1607 ἐκεῖνον
1420 1554 1488 1608 τὰ
1528 1556 1882 1626 παραχθέντα

270 1641 574 1705 εῖκόνιζον.
624 1641 763 1694 Καθ’
806 1642 995 1712 ἕτερον
1027 1645 1082 1696 δὲ
1106 1644 1264 1712 λόγον
1290 1663 1304 1676 ο
1354 1647 1542 1716 ἐπειδὴ
1590 1647 1880 1716 ἐξαγαγεῖν

269 1737 482 1799 αὐτοὺς
517 1734 776 1788 ἐϐούλετο
811 1734 946 1803 πρὸς
986 1735 1046 1787 τὸ
1077 1739 1363 1805 κήρυγμα,
1395 1737 1462 1789 τὰ
1489 1738 1588 1804 τῆς
1622 1737 1878 1790 διδασκα-

267 1829 401 1892 λίας
446 1829 636 1890 αὐτοῖς
681 1827 928 1880 δείκνυσι
965 1829 1232 1896 σύμϐολα.
1274 1829 1333 1882 Ὀ
1361 1829 1470 1900 γὰρ
1518 1830 1879 1898 εὐαγγελικὸς

267 1920 463 1987 λόγος,
494 1920 610 1982 τοῖς
644 1918 742 1988 μὲν
775 1920 987 1987 γίνεται
1035 1919 1182 1990 ἠὗρ’
1219 1921 1355 1989 φησὶ
1383 1921 1493 1992 γὰρ
1552 1925 1579 1974 ὁ
1631 1921 1837 1992 Κύριος
1860 1938 1874 1952 ⁶

275 2029 296 2062 ι
341 2011 468 2079 Πῦρ
523 2005 689 2080 ἦλθον
721 2008 938 2078 βάλλειν
969 2012 1063 2062 ἐπὶ
1091 2010 1191 2077 τῆς
1215 2011 1318 2080 γῆς
1348 2028 1363 2044 ·
1405 2031 1423 2063 ι
1457 2013 1571 2076 τοῖς
1602 2013 1656 2065 δὲ
1692 2013 1878 2084 ἄρτος,

268 2106 389 2166 τοῖς
421 2103 478 2155 δὲ
514 2103 687 2172 ἰχθὺς,
719 2101 796 2172 τῷ
827 2103 1099 2154 πολυειδεῖ
1124 2106 1218 2173 τῆς
1255 2105 1549 2173 ποιότητος
1596 2108 1738 2159 κατὰ
1779 2106 1880 2168 τὰς

267 2195 388 2246 τῶν
416 2194 727 2262 δεχομένων
767 2193 1251 2265 ὲπιτηδειότητας,
1287 2194 1744 2261 συνεξαλλάσσων
1776 2195 1877 2266 τὴν

266 2286 528 2357 δύναμιν
558 2286 632 2346 ὡς
669 2286 770 2355 μὲν
799 2283 891 2339 οὖν
931 2286 1042 2356 πῦρ
1101 2287 1198 2350 τὰς
1229 2287 1505 2358 ἁμαρτίας
1540 2290 1871 2360 ἀποτεφροῖ,

267 2381 348 2442 ὡς
382 2379 552 2449 ἄρτος
581 2381 772 2449 τρέφει
803 2380 903 2439 τὰς
961 2379 1072 2432 τῶν
1111 2379 1418 2449 δεχομένων
1455 2380 1635 2450 ψυχάς
1664 2396 1678 2412 ⁸
1716 2381 1789 2446 ὡς
1815 2381 1872 2435 δὲ

265 2472 525 2541 ὀψάριον,
550 2474 664 2533 τοῖς
697 2471 925 2535 ἁπαλοῖς
954 2471 1036 2524 ἔτι
1071 2471 1273 2524 δίδοται
1305 2472 1400 2525 καὶ
1430 2473 1596 2542 μήπω
1631 2472 1872 2542 φθάσασι

268 2564 412 2632 πρὸς
465 2563 528 2615 τὸ
583 2563 812 2628 τέλειον,
870 2564 947 2626 ὡς
993 2563 1236 2617 διδάσκει
1297 2566 1330 2617 ὅ
1384 2565 1546 2628 καλὸς
1596 2566 1866 2636 ἑστιάτωρ

268 2656 489 2718 Παῦλος
538 2658 566 2709 ὁ
609 2656 752 2720 θεῖος
798 2656 1121 2720 ἀπόστολος,
1160 2659 1188 2708 ὁ
1215 2658 1328 2719 τοῖς
1356 2657 1715 2729 τελειοτέροις
1768 2657 1868 2726 μὲν

269 2750 666 2819 στερεώτερον,
716 2749 814 2801 καὶ
844 2749 1056 2820 κρεώδη
1097 2748 1298 2818 βρῶσιν
1327 2750 1418 2803 τὸν
1464 2751 1621 2820 λόγον
1671 2751 1863 2804 ποιῶν.

266 2843 499 2910 Λάχανα
536 2840 594 2893 θὲ
627 2843 738 2904 τοῖς
765 2841 1205 2914 ἀσθενεστέροις.
1242 2843 1337 2896 και)⁸
1363 2841 1504 2910 γάλα
1527 2845 1640 2905 τοῖς
1664 2843 1865 2913 νηπιά-

267 2947 364 2995 gon
375 2950 455 2986 σι.

1993 559 2234 603 creatum
2265 560 2346 604 est
2377 550 2494 604 ﬁeri
2525 551 2712 605 itidem
2763 565 2869 606 non
2904 559 3104 620 potest,
3143 562 3200 606 ut
3226 553 3278 607 iu
3325 563 3574 608 naturam

1993 642 2292 697 divinitatis
2320 652 2582 698 transeat.
2617 643 2725 698 Sed
2757 644 3004 698 divinum
3048 655 3152 710 est,
3185 647 3445 715 quoniam
3482 646 3574 700 Dei

1992 750 2188 803 corpus
2242 745 2358 802 est;
2423 745 2671 790 naturam
2722 750 2853 791 vero
2903 752 3006 791 non
3066 740 3328 804 mutavit;
3412 749 3575 808 atque

1993 827 2166 879 instar
2221 827 2384 896 piscis
2415 827 2525 898 (66)
2558 829 2609 882 in
2675 828 2831 896 hujus
2881 832 3003 884 vita:
3056 831 3192 883 mari
3246 831 3575 884 versabatur

1989 918 2286 988 salsugine,
2313 921 2521 990 peccati
2567 936 2793 975 manens
2828 921 3108 974 immunis.
3140 917 3416 974 Passionis
3444 935 3575 973 vero

1991 1019 2232 1080 tempore
2281 1026 2402 1065 cum
2459 1024 2716 1065 sexcenta
2767 1012 3182 1081 opprobriorum
3235 1026 3434 1082 genera
3479 1027 3572 1066 ac-

1989 1104 2240 1170 cepisset,
2278 1105 2450 1157 instar
2478 1104 2663 1171 piscis,
2696 1112 2879 1156 mutus
2925 1103 3047 1167 fuit,
3075 1117 3180 1156 non
3211 1103 3571 1167 contendens,

1989 1209 2162 1263 neque
2215 1197 2564 1263 redarguens,
2617 1210 2791 1264 neque
2840 1195 3133 1258 ulciscens,
3167 1209 3339 1262 neque
3383 1195 3572 1248 remit-

1991 1296 2132 1343 tens.
2179 1285 2408 1340 Paratus
2456 1288 2630 1354 panis,
2672 1302 2834 1356 quem
2885 1300 3060 1356 neque
3111 1288 3306 1351 aratio,
3354 1301 3455 1340 nec
3484 1301 3566 1341 se-

1987 1377 2187 1429 mentis
2219 1377 2536 1440 elaboravit,
2571 1378 2664 1432 sed
2718 1377 2834 1430 solo
2887 1376 3206 1446 imperantis
3253 1385 3386 1430 nutu
3440 1392 3571 1447 pro-
3666 1415 3689 1430 .

1987 1470 2203 1522 ductus.
2237 1469 2390 1523 illum
2443 1471 2621 1537 ipsum
2656 1468 2942 1524 caelestem
2976 1484 3174 1538 panem
3225 1470 3570 1539 signiﬁcavit,

1986 1560 2073 1627 qui
2107 1562 2382 1615 descendit
2405 1562 2624 1632 quidem
2656 1576 2686 1615 e
2719 1561 2879 1625 cmlo,
2914 1561 2967 1615 in
2994 1571 3136 1616 terra
3167 1576 3295 1614 vero
3341 1561 3571 1626 exstitit,

1985 1665 2142 1718 quem
2179 1652 2413 1722 Virginis
2438 1663 2623 1708 uterus
2651 1654 2793 1707 nulla
2845 1653 3116 1718 aratione,
3151 1652 3234 1708 vel
3271 1663 3391 1706 satu
3445 1652 3570 1719 sub-

1985 1752 2139 1797 actus
2197 1745 2354 1813 quasi
2382 1761 2604 1813 germen
2638 1745 2837 1799 emisit.
2869 1746 2957 1799 Sic
2983 1745 3148 1813 igitur
3183 1745 3330 1798 illum
3359 1744 3568 1814 ipsum.

1981 1848 2100 1902 qua:
2131 1845 2432 1902 praeparata
2490 1835 2557 1887 ab
2611 1848 2674 1887 eo
2709 1831 2948 1899 fuerant,
3003 1834 3407 1903 signiﬁcabant.
3455 1833 3565 1887 Sed

1979 1923 2272 1977 secundum
2319 1923 2477 1976 aliam
2516 1924 2799 1989 rationem,
2841 1925 3094 1993 quoniam
3121 1941 3214 1979 eos
3263 1928 3326 1978 ad
3367 1925 3568 1994 βιωᾱί-

1977 2013 2210 2066 caudum
2265 2013 2542 2068 missurus
2605 2023 2744 2077 erat,
2801 2013 3122 2082 quibusdam
3157 2014 3421 2082 symbolis
3479 2029 3566 2068 ra-

1984 2107 2183 2160 tionem
2241 2105 2507 2161 doctrinae
2579 2107 2935 2160 demoustrat.
2994 2104 3354 2176 Evangelicus
3416 2106 3563 2161 enim

1976 2211 2156 2252 sermo
2181 2196 2304 2251 aliis
2339 2197 2558 2266 quidem
2591 2196 2735 2266 ignis
2763 2196 3001 2251 efﬁcitur
3029 2214 3043 2264 ;
3097 2198 3174 2251 ait
3225 2197 3424 2267 quippe
3452 2198 3564 2252 Do-

1975 2289 2158 2343 minus
2191 2306 2205 2342 :
2243 2308 2261 2342 ‹
2301 2289 2485 2358 Ignem
2517 2289 2636 2343 veni
2671 2291 2888 2343 mittere
2923 2290 2975 2342 in
3031 2299 3230 2344 terram
3251 2290 3336 2350 9’;
3376 2307 3395 2341 ι
3443 2290 3565 2347 aliis

1976 2395 2108 2435 vero
2140 2380 2316 2450 panis,
2351 2379 2474 2434 aliis
2511 2379 2700 2446 piscis,
2730 2378 3016 2447 multiplici
3056 2378 3336 2447 qualitatis
3365 2393 3565 2449 genere

1971 2473 2077 2525 vim
2131 2486 2282 2526 suam
2338 2473 2656 2536 immutans,
2687 2480 2741 2525 et
2773 2472 2839 2526 ad
2871 2487 3061 2526 eorum
3117 2471 3208 2538 qui
3242 2485 3366 2524 eum
3413 2470 3563 2524 acci-

1971 2566 2123 2635 piunt
2157 2564 2533 2631 aptitudinem,
2579 2573 2632 2617 et
2654 2573 2869 2629 captum
2924 2565 3366 2617 accommodans.
3393 2561 3562 2631 Igitur

1973 2666 2032 2710 ut
2061 2656 2200 2725 ignis
2250 2667 2470 2726 peccata
2504 2656 2811 2721 consumit,
2875 2664 2929 2707 ut
2961 2655 3126 2724 panis"
3160 2655 3369 2708 animas
3419 2652 3560 2707 acci-

1970 2750 2233 2822 pientium
2267 2749 2456 2811 nutrit,
2485 2758 2542 2801 ut
2577 2747 2997 2823 pulmentarium
3033 2745 3231 2802 teneris
3261 2746 3560 2800 etiamnum

1971 2845 2152 2905 datur,
2205 2841 2298 2909 qui
2359 2840 2599 2894 nondum
2656 2839 3046 2906 perfectionem
3109 2838 3348 2892 assecuti
3406 2844 3558 2902 sunt,

1971 2935 2126 2989 sicuti
2170 2935 2329 2989 docet
2363 2934 2658 3004 praeclarus
2691 2931 2779 2986 ille
2822 2932 3184 2997 convivator,
3237 2938 3293 2984 et
3342 2931 3561 2987 divinus

267 3029 554 3096 aposmlus
615 3027 728 3099 (67)
790 3027 1010 3092 Paulus,
1071 3029 1160 3099 qui
1227 3029 1650 3099 perfectioribus
1706 3031 1922 3099 quidem
1960 3033 2186 3089 solidius
2215 3042 2271 3086 et
2321 3047 2387 3087 cx
2460 3046 2627 3087 carne
2677 3029 2982 3086 coniectum
3029 3031 3299 3083 ministrat
3337 3028 3559 3083 alimen-

267 3133 382 3177 tum
417 3123 486 3187 θ’,
554 3122 702 3176 olera
751 3138 880 3177 vero
940 3123 1366 3192 inﬁrmioribus,
1429 3136 1483 3180 et
1533 3118 1636 3180 lac'
1671 3127 2056 3186 infantibus".

336 3218 468 3280 Πῶς
494 3215 608 3280 οὖν,
645 3215 780 3285 φαίη
820 3232 926 3282 τις,
972 3220 1408 3287 παρασκευάσας
1438 3222 1550 3284 τοῖς
1583 3219 1854 3290 μαθηταῖς

2033 3224 2144 3289 Qua
2177 3239 2304 3280 vero
2336 3238 2524 3288 causa,
2574 3221 2774 3276 dixerit
2820 3219 3106 3290 quispiam,
3141 3217 3186 3271 is
3221 3217 3312 3287 qui
3359 3216 3556 3287 mySIi-

265 3309 327 3361 τδ
368 3309 647 3378 ,μυστικὸν
689 3307 853 3362 τοῦτο
910 3309 1153 3378 ἄριστον,
1189 3311 1249 3362 ού
1301 3313 1626 3383 παρήγαγεν
1678 3313 1862 3376 αὐτοῖς

266 3402 364 3452 καὶ
409 3399 615 3461 ποτόν;
653 3398 798 3452 κατά
855 3400 954 3469 μὲν
993 3401 1054 3454 τὸ
1085 3401 1186 3468 τῆς
1243 3402 1488 3473 ἱστορίας
1542 3404 1866 3472 σωματικώο

263 3509 451 3561 τερον,
510 3493 593 3545 ὅτι
639 3493 822 3563 παρῆν
873 3494 1059 3558 αὐτοῖς
1105 3496 1138 3564 ἡ
1170 3494 1360 3564 λίμνη,
1414 3495 1578 3549 ποτὸν
1627 3495 1862 3568 ἄφθονον

266 3589 385 3648 τοῖς
458 3584 810 3656 βουλομένοις
874 3587 1218 3656 παρέχουσα.
1273 3583 1385 3640 Ἦν
1446 3583 1539 3640 οὖν
1596 3587 1879 3658 περιττῆς,

265 3677 588 3747 φιλοτιμίας
643 3680 702 3730 ὲν
754 3679 866 3740 τοῖς
908 3677 983 3748 μὴ
1033 3680 1354 3746 ἀναγκαίοις
1391 3679 1857 3749 θαυματουργεῖν.

263 3773 378 3824 Καὶ
436 3771 568 3840 γὰρ,
603 3769 652 3822 οῖ
709 3769 768 3822 ἐν
817 3771 883 3839 τῇ
941 3771 1135 3840 ὲρήμῳ
1192 3769 1440 3840 δαψιλῶς
1491 3771 1862 3841 εὐωχηθέντες

263 3861 730 3930 πεντακισχίλιοι,
794 3862 892 3914 καὶ
945 3857 1103 3924 αὖθις
1163 3861 1617 3932 τετρακισχίλιοι,
1673 3861 1860 3934 ἄρτοις

264 3955 367 4024 μὲν
390 3955 486 4007 καὶ
516 3953 727 4023 ἰχθύσιν
755 3953 1098 4025 ἐτράφησαν,
1130 3954 1191 4006 οῦ
1228 3955 1334 4024 μὴν
1358 3956 1455 4008 καὶ
1481 3955 1644 4007 ποτὸν
1676 3955 1860 4017 αὐτοῖς

262 4047 623 4116 παραχθῆναι
683 4048 991 4117 ἱστόρηται.
1050 4047 1306 4100 Διδάσκει
1355 4048 1412 4100 δὲ
1448 4048 1546 4101 καὶ
1573 4047 1783 4115 νοητῶς
1831 4049 1860 4101 ὁ

262 4139 448 4206 λόγος,
474 4137 547 4200 ὡς
571 4137 759 4207 ἐπειδὴ
788 4137 1052 4208 βρῶσιςή
1087 4139 1367 4208 πρακτικὴ
1403 4137 1624 4205 λέγεται
1659 4137 1856 4208 ἀρετὴ,

259 4231 352 4284 διὰ
388 4232 450 4283 τὸ
494 4229 732 4301 σκληρὸν
775 4230 870 4283 καὶ
922 4231 1550 4300 δυσκατεργαστότερον,
1613 4233 1771 4294 πόσις
1801 4230 1858 4283 δὲ

263 4323 298 4392 ὴ
354 4321 562 4391 θεωρία
615 4324 708 4375 καὶ
763 4323 796 4391 ή
846 4320 1147 4386 ἄπταιστος
1186 4323 1410 4390 γνῶσις,
1463 4322 1702 4376 ἐνταῦθα
1759 4321 1859 4393 μὲν

263 4415 632 4485 κατορθοῦται
669 4416 801 4486 ἡμῖν
832 4417 863 4484 ἡ
901 4415 990 4470 διὰ
1024 4415 1134 4468 τῶν
1171 4414 1348 4484 ἔργων
1378 4415 1576 4486 τροφὴ,
1613 4417 1670 4468 ὲν
1700 4415 1858 4485 δὲτῷ

265 4509 520 4578 μέλλοντι
569 4509 774 4561 δίδοται
821 4506 883 4560 τὸ
923 4507 1076 4575 πόμα
1125 4507 1225 4578 τῆς
1256 4505 1535 4575 γνώσεως.
1569 4505 1858 4576 Λαϐούσης

262 4603 373 4671 γὰρ
422 4599 604 4670 πέρας
649 4599 883 4652 ἐνταῦθα
927 4601 1026 4669 τῆς
1079 4600 1411 4670 πρακτικῆς,
1457 4601 1490 4670 ὴ
1545 4600 1874 4673 θεωρητικὴ,

266 4695 408 4765 μόνη
456 4693 552 4747 ἐπὶ
579 4694 674 4748 τοῦ
708 4693 1001 4762 μέλλοντος
1033 4693 1404 4759 πολιτεύεται,
1458 4693 1624 4765 ἡνίκα
1676 4692 1856 4746 πίνειν

333 4838 384 4870 "'
414 4834 552 4891 Luc.
589 4852 687 4904 xu,
717 4833 808 4890 49.

1888 4565 1934 4621 1)

886 4835 982 4889 ⁸⁸1
1026 4836 1152 4891 Cor.
1188 4833 1274 4901 m’,
1320 4835 1377 4891 2.
1429 4835 1496 4869 ¹⁹⁹
1540 4833 1707 4891 Hebr.
1744 4851 1832 4899 xv,
1877 4834 1966 4891 15.

1969 3330 2090 3368 cum
2130 3315 2230 3369 hoc
2266 3315 2551 3383 prandium
2590 3311 2872 3381 discipulis
2901 3309 3203 3378 apparavit,
3245 3322 3351 3361 non
3383 3307 3556 3362 etiam

1965 3407 2249 3478 preposuit
2281 3405 2508 3476 potum?
2559 3403 2722 3470 Sane,
2765 3403 2920 3471 juxta
2965 3401 3138 3471 magis
3179 3412 3424 3471 apertam
3471 3417 3556 3456 ra-

1968 3499 2166 3552 tionem
2196 3499 2262 3551 ab
2296 3497 2520 3550 historia
2558 3497 2802 3560 ductam,
2835 3495 2996 3566 257
3031 3495 3082 3549 id
3115 3509 3180 3550 eo
3203 3493 3404 3549 factum
3441 3502 3549 3557 est,

1964 3589 2106 3658 quod
2140 3599 2336 3658 praesto
2395 3588 2500 3642 illis
2527 3587 2987 3656 stagnum,_,quod
3020 3595 3205 3656 potum
3235 3585 3546 3654 petentibus

1964 3682 2173 3737 abunde
2211 3683 2600 3751 suppeditaret.
2636 3679 2954 3733 Miraculum
2996 3694 3152 3745 vero,
3187 3679 3276 3732 ubi
3313 3679 3558 3733 necessi-

1965 3784 2047 3829 tas
2096 3789 2202 3827 non
2258 3772 2310 3827 id
2369 3771 2627 3842 postulat,
2677 3771 2886 3836 moliri,
2923 3770 3238 3825 ambitionis
3303 3769 3550 3837 majoris,

1963 3881 2121 3934 quam
2173 3881 2272 3935 par
2304 3873 2409 3926 est,
2441 3877 2564 3918 esse
2604 3863 2841 3917 videtur.
2894 3859 3028 3914 Nam
3063 3871 3116 3916 et
3170 3861 3258 3914 illa
3312 3859 3555 3930 quinque

1964 3959 2241 4015 hominum
2321 3955 2484 4010 millia
2529 3995 2545 4020 ,
2631 3969 2752 4025 quae
2835 3957 2888 4008 in
2970 3953 3262 4009 solitudine
3345 3953 3550 4008 aﬂ'atim

1962 4049 2152 4103 satiata
2185 4055 2312 4102 sunt
2337 4047 2376 4110 ⁸,
2408 4056 2463 4102 et
2483 4045 2589 4099 alia
2619 4059 2803 4098 rursus
2832 4051 3071 4112 quatuor
3099 4043 3265 4098 millia
3301 4044 3548 4113 panibus,

1962 4141 2308 4209 piscibusque
2335 4148 2461 4193 sunt
2488 4138 2667 4204 alta”;
2708 4153 2814 4191 non
2856 4153 2984 4190 vero
3017 4147 3200 4204 potum
3232 4135 3340 4189 illis
3368 4135 3550 4189 datum

1963 4242 2236 4287 narratur.
2284 4231 2537 4285 Doctrina
2595 4244 2724 4284 vero
2771 4230 2933 4284 etiam
2990 4239 3043 4282 et
3109 4227 3409 4298 Spiritualis
3464 4226 3552 4280 hic

1962 4327 2102 4380 ratio
2135 4325 2278 4379 inest
2314 4341 2328 4378 :
2364 4324 2504 4392 quod
2534 4323 2794 4392 quoniam
2835 4323 3011 4378 virtus
3055 4323 3106 4376 in
3158 4319 3552 4375 exercitatione

1961 4417 2136 4487 p0sita
2189 4416 2389 4470 dicitur
2435 4416 2616 4479 cibus,
2670 4417 2814 4483 quod
2848 4415 2983 4467 dura
3031 4413 3123 4476 sit,
3174 4424 3231 4467 et
3261 4409 3552 4466 dilﬁculter

1962 4517 2302 4576 exerceatur,
2384 4507 2592 4562 tbeoria
2653 4522 2818 4571 vero,
2873 4515 2928 4560 et
2989 4503 3258 4559 inoffensa
3321 4503 3548 4558 scientia

1967 4606 2155 4665 potus;
2190 4597 2242 4650 in
2290 4596 2389 4649 hac
2423 4593 2669 4666 proiecto
2701 4595 2810 4648 vita
2891 4603 3180 4663 praestatur
3250 4593 3406 4647 nobis
3454 4607 3552 4662 per

1966 4705 2134 4761 opera
2188 4689 2372 4756 cibus;
2422 4689 2476 4742 in
2515 4686 2697 4743 futura
2743 4703 2872 4742 vero
2917 4685 3244 4758 cognitionis
3277 4685 3551 4756 ‘poculum

2044 4833 2061 4864 ¹
2090 4830 2250 4888 Joan.
2289 4846 2362 4898 Vl,
2399 4830 2486 4886 10.
2564 4833 2584 4864 ⁸
2621 4830 2788 4886 Marc.
2815 4847 2936 4899 Vill,
2969 4831 3022 4886 9.

1501 4950 1825 5013 Fraucisci
1860 4949 2073 5012 Scorsi
2108 4955 2292 5012 notze.

333 5079 448 5149 (66)
480 5079 643 5150 Atque
690 5081 858 5134 instar
887 5081 1066 5148 piscis.
1101 5080 1234 5152 Haec,
1259 5080 1364 5134 duo
1398 5081 1638 5152 symbolo
1679 5079 1844 5152 piscis

261 5165 313 5207 cl
367 5149 702 5221 pauis,qu:e
744 5161 930 5205 noster
962 5152 1122 5206 latius
1171 5149 1448 5218 aliquanto
1485 5151 1742 5218 explicat,
1782 5149 1841 5204 S.

260 5221 596 5291 Augustinus
647 5221 882 5286 brevius,
940 5231 992 5275 et
1016 5221 1316 5292 elegantius
1391 5221 1703 5282 complexus
1763 5230 1846 5272 est

259 5305 422 5348 tract.
454 5305 622 5346 cum
652 5307 666 5344 :
708 5292 881 5345 Piscis
906 5308 1076 5352 auus,
1113 5294 1207 5352 ait,
1239 5302 1311 5344 es!
1353 5292 1591 5345 Christus
1613 5307 1800 5354 passus
1827 5304 1846 5342 :

211 5388 220 5396 -
262 5367 377 5431 ipse
425 5373 499 5416 est
544 5361 722 5429 panis,
752 5363 842 5429 qui
871 5364 934 5415 de
957 5362 1083 5415 calo
1108 5360 1394 5415 descendit.
1423 5361 1568 5415 Idem
1601 5361 1742 5413 Beda
1779 5375 1845 5412 ex

261 5438 454 5486 eodem
488 5431 549 5486 S.
584 5432 889 5500 Augustino
937 5442 1235 5500 sumptum.
1274 5432 1416 5486 Idem
1448 5441 1501 5485 et
1545 5445 1847 5500 anonymus

259 5509 313 5559 in
345 5503 464 5558 Cal.
501 5502 712 5557 Graeca.

335 5572 450 5640 (67)
487 5572 552 5625 Et
597 5573 804 5626 divinus
858 5570 1080 5626 Paulus.
1119 5571 1199 5625 Ad
1233 5573 1368 5625 duos
1413 5571 1472 5625 Ι).
1525 5569 1672 5624 Pauli
1702 5569 1847 5623 locos
1907 5625 1911 5628 ,

211 5665 214 5672 ·
261 5646 353 5699 hic
377 5643 740 5708 TheOphanes
771 5642 1010 5708 respicit,
1029 5643 1258 5696 alterum
1297 5657 1312 5694 1
1343 5642 1467 5694 Cor.
1491 5657 1540 5694 c.
1563 5656 1618 5694 111
1657 5659 1668 5693 :
1701 5641 1846 5692 Γάλα

211 5726 220 5738 ·
262 5715 410 5780 ὑμᾶς
438 5714 796 5774 ὲπότισα,καὶ
818 5714 878 5767 ού
912 5713 1110 5784 βρῶμα
1134 5731 1149 5745 ·
1177 5709 1284 5784 an
1321 5711 1461 5764 vobis
1481 5721 1661 5784 potum
1701 5712 1845 5784 dedi,

263 5802 365 5840 non
427 5801 633 5850 escaria;
684 5795 741 5839 et
798 5780 1141 5840 θηρὶ-11111⁷³1]
1185 5780 1461 5849 llebrzeos,
1515 5782 1622 5835 Καὶ
1670 5780 1845 5850 γεγὸς

1951 5097 2078 5134 νατε
2136 5078 2326 5148 χρείαν
2381 5075 2597 5144 ἔχοντες
2662 5075 2956 5148 γάλακτος,
3005 5073 3099 5124 καὶ
3179 5069 3243 5148 οῦ
3314 5068 3545 5139 στερεᾶς

1950 5142 2206 5217 τροφῆξλ
2238 5152 2306 5202 Et
2327 5142 2454 5220 {uc—li
2482 5149 2630 5220 estis,
2662 5142 2848 5220 quibus
2876 5147 3012 5220 (ηερε
3044 5160 3173 5220 opus
3197 5142 3288 5205 sit,
3323 5155 3427 5220 non
3451 5156 3548 5192 so-

1950 5215 2070 5274 lido
2098 5215 2231 5272 cibo.
2259 5219 2464 5284 Quibus
2489 5219 2620 5269 locis
2648 5219 2747 5269 tria
2778 5216 2926 5282 ponit
2945 5215 3234 5284 Aposlolu_s
3283 5215 3541 5284 nomina:

1953 5291 2115 5356 γάλα,
2177 5281 2391 5359 βρῶμα,
2449 5289 2679 5359 στερεὰν
2738 5281 3134 5359 τροφὴνίίιιιίη
3174 5281 3544 5359 Theophanes

1953 5350 2041 5414 hic
2091 5350 2346 5427 explicat.
2378 5350 2385 5353 '
2417 5367 2470 5412 et
2525 5350 2810 5427 distinguit
2851 5350 3048 5410 ordine
3081 5372 3094 5408 :
3134 5363 3191 5427 ut
3231 5350 3372 5427 γάλα
3405 5364 3542 5402 cou~

1955 5431 2136 5500 veniat
2165 5419 2508 5500 duiuntibns,
2544 5419 2790 5500 βρῶμα,
2814 5439 3086 5500 ,ρι-οᾼψιο
3152 5419 3538 5500 ἰρεὸηλάχανα,

1957 5499 2056 5554 hoc
2089 5509 2174 5552 est
2229 5499 2375 5552 olcra
2406 5493 2617 5565 posuit,
2648 5496 3076 5567 proﬁcientibus,
3140 5493 3397 5568 et_adhuc
3431 5493 3537 5568 im-

1957 5568 2361 5630 becillioribus;
2408 5564 2881 5637 στερεάπροιρὴ,
2963 5580 3122 5634 quam
3197 5564 3308 5637 ipse
3371 5564 3542 5637 ειιιειη

1957 5639 2195 5709 κρεώδη,
2246 5626 2643 5706 appellat,'boc
2677 5626 2757 5694 est
2788 5626 3052 5694 ex'car'ne
3085 5626 3388 5690 conlectum
3429 5626 3539 5684 al'h

1958 5708 2218 5775 utentum,
2247 5708 2518 5780 perfectis.
