4042 6444
330 459 442 524 71'}

1628 452 1957 515 HUMILIA
1999 452 2298 512 XXXVII.

3502 452 3608 511 7H

330 577 492 646 αὐτῷ
516 574 577 627 τὸ
603 572 811 642 τρίτον,
866 591 883 622 ι
922 571 1101 632 Φιλεῖς
1141 587 1206 639 με
1241 585 1256 634 ;
1296 587 1314 620 ι
1351 569 1425 621 Τὸ
1448 570 1652 621 πεῖσαν
1697 568 1790 620 τὸν
1823 566 1925 618 Πέ-

2034 564 2110 618 xit
2132 565 2180 618 ei
2211 565 2368 619 tertio
2392 580 2403 614 :
2431 565 2594 618 Amas
2627 564 2745 617 mc?
2775 584 2792 614 ι
2823 564 2972 630 Quod
2995 565 3210 620 Petrum
3239 565 3306 620 ad
3337 567 3608 622 tristitiam

325 687 464 740 τρον
517 665 853 736 λυπηθῆναι,
907 665 940 735 ἡ
985 666 1050 716 ὲκ
1083 663 1268 734 τρίτου
1303 662 1536 732 ἄρνησις
1576 657 1664 732 ἦν,
1721 661 1817 714 καὶ
1865 661 1926 712 τὸ

325 757 800 832 παρηλλαγμένον
837 757 938 825 τῆς
986 757 1333 826 ἐρωτήσεως.
1370 753 1468 806 Διὰ
1512 755 1622 823 γὰρ
1658 752 1752 805 τοῦ
1791 753 1929 822 ἐρω-

323 856 588 924 τηθῆναι,
624 853 705 914 είς
739 850 1047 919 ἀνάμνησιν
1069 849 1168 918 τῆς
1199 848 1389 917 τρίτης
1420 843 1585 916 ἦλθεν
1617 845 1923 915 ἀρνήσεως.

323 949 432 1002 Διά
461 949 517 999 δὲ
545 946 639 999 τοῦ
675 945 894 1016 πρῶτον
946 943 1046 1011 μὲν
1090 941 1184 995 καὶ
1234 939 1488 1010 δεύτερον
1536 938 1832 1006 ἐτασθῆναι
1877 938 1927 989 εξ

321 1039 597 1110 ἀγαπῴη,
630 1038 692 1090 τὸ
725 1036 908 1107 τρίτον
940 1034 996 1088 δὲ
1047 1033 1360 1101 εἰ.φιλοίη,
1411 1033 1550 1102 ὅπερ
1576 1035 1675 1100 τῆς
1707 1030 1928 1098 ἀγάπης

323 1131 560 1183 ἔλαττον
591 1125 677 1198 ἦν,
709 1125 954 1196 ἐλυπήθη
984 1140 998 1152 ⁸
1033 1122 1359 1194 θορυϐηθεὶς
1389 1122 1487 1192 μὲν
1513 1121 1585 1191 μή
1619 1139 1736 1184 πως
1763 1118 1929 1183 αὐτὸς

322 1224 508 1274 οἴεται
553 1219 754 1289 φιλεῖν,
790 1215 988 1287 καιροῦ
1017 1215 1074 1268 δὲ
1105 1217 1200 1266 καὶ
1233 1214 1578 1284 πραγμάτων
1605 1211 1930 1282 περίστασις

322 1314 548 1380 ἐλέγξει
573 1312 785 1373 τοῦτον,
814 1310 889 1373 ὡς
918 1309 978 1362 οὐ
1006 1309 1172 1376 φιλεῖ.
1219 1305 1568 1376 ’Δνατίθησιν
1592 1299 1684 1358 οὖν
1711 1304 1930 1358 ἅπαντα

325 1401 487 1470 αὐτῷ
515 1400 595 1470 τῷ
630 1399 797 1451 εἰδότι
829 1396 898 1449 τὰ
927 1396 1160 1466 κρύφια,
1197 1395 1292 1448 καί
1323 1411 1460 1463 φησι
1493 1411 1506 1424 ·
1567 1412 1588 1445 ι
1623 1395 1820 1465 Κύριε,
1863 1395 1929 1446 σὺ

326 1491 517 1542 πάντα
543 1484 716 1553 οἶδας,
744 1488 810 1541 σὺ
837 1487 1134 1556 γινώσκεις
1157 1487 1239 1540 ὅτι
1263 1485 1404 1554 φιλῶ
1439 1503 1522 1539 σε.
1553 1503 1571 1536 ι
1606 1486 1702 1548 Σὺ,
1738 1487 1927 1555 φησὶν,

326 1573 380 1632 ὧ
416 1579 684 1643 Δέσποτα,
719 1577 920 1649 ἐπίσης
962 1577 1041 1647 τῷ
1077 1577 1437 1648 παρῳχηκότι
1473 1577 1536 1631 τὸ
1573 1578 1767 1649 μέλλον
1810 1577 1932 1630 ἐπί-

330 1689 566 1737 στασαι,
605 1671 670 1725 σὺ
709 1671 810 1724 οὐκ
841 1673 1060 1739 ἀγνοεῖς
1099 1673 1200 1742 τῆς
1229 1672 1471 1735 διανοίας
1509 1671 1572 1724 τὸ
1597 1670 1884 1741 πρόθυμον
1915 1687 1928 1704 ·

328 1764 456 1816 ἀλλ’
489 1761 660 1829 οἶδας,
699 1762 774 1827 ὡς
809 1765 935 1817 ὅσον
987 1765 1070 1828 είς
1122 1765 1276 1835 ἰσχὺν
1315 1759 1455 1837 ἦκεν
1501 1763 1642 1835 ἐμὴν
1695 1763 1796 1833 τῆς
1830 1763 1930 1833 σῆς
1969 1832 1975 1837 _

329 1854 526 1922 φιλίας
579 1853 891 1926 ὲξήρτημαι
920 1873 934 1887 ·
974 1857 1024 1907 εἰ
1060 1853 1108 1908 δ’
1139 1855 1221 1908 ἔτι
1275 1855 1438 1910 πάλιν
1489 1857 1587 1908 καὶ
1647 1853 1928 1924 σύμφυτος

2034 656 2276 720 adduxit,
2317 657 2456 709 trina
2504 656 2717 725 negatio
2745 666 2800 710 et
2835 659 3040 712 variam
3083 659 3433 727 interrogatio
3467 659 3610 721 fuit;

2031 761 2126 816 per
2158 747 2633 816 interrogationem
2659 748 2854 817 quippe
2879 749 2930 801 in
2964 750 3268 817 negationis
3294 752 3611 806 memoriam

2031 850 2321 894 revocmus
2367 849 2467 896 est.
2497 841 2650 906 Quod
2690 858 2816 896 vero
2851 843 3026 910 primo
3083 852 3137 897 et
3181 845 3422 898 secundo
3465 845 3608 906 loco,

2032 942 2210 985 utrum
2252 932 2522 1001 diligeret,
2575 933 2733 986 tertio
2785 947 2944 996 γυνθ,
2977 944 3156 986 utrum
3196 944 3426 1002 amaret,
3469 939 3610 1002 quod

2029 1032 2115 1078 est
2145 1023 2435 1078 dileCtione
2477 1024 2655 1078 minus
2690 1024 2827 1093 ('76),
2858 1025 3110 1079 subtilius
3133 1026 3200 1079 ab
3230 1041 3294 1081 eo
3324 1027 3610 1095 qumsitum

2031 1125 2134 1182 est,
2170 1131 2292 1170 eum
2319 1129 2555 1169 maerore
2584 1113 2762 1170 all‘ecit
2785 1133 2799 1182 ;
2825 1131 3000 1184 eoque
3023 1117 3378 1172 conturbatus
3405 1128 3510 1184 est,
3546 1136 3612 1172 ne

2032 1212 2209 1280 aliqua
2254 1213 2464 1265 ratione
2500 1211 2612 1278 ipse
2642 1226 2826 1266 amare
2866 1223 3166 1280 putaretur,
3195 1213 3454 1282 temporis
3484 1229 3611 1268 vero

2033 1304 2146 1374 (Π)
2172 1319 2463 1373 rerumque
2511 1303 2932 1358 circumstantes
2966 1319 3126 1358 casus
3155 1315 3461 1373 arguerent,
3487 1321 3610 1360 eum

2033 1412 2062 1450 a
2096 1398 2368 1466 diligendo
2403 1397 2656 1450 deﬁcere.
2689 1393 2962 1449 Permittit
2999 1397 3162 1465 igitur
3192 1395 3269 1449 illi
3293 1398 3493 1462 omnia,
3519 1397 3613 1466 qui

2031 1490 2242 1544 occulta
2271 1489 2557 1558 pernovit,
2587 1497 2639 1542 et
2668 1487 2745 1540 ait
2771 1503 2784 1538 :
2825 1505 2843 1538 ι
2880 1487 3126 1552 Domine,
3155 1494 3212 1541 tu
3235 1489 3418 1542 omnia
3447 1489 3612 1556 nosti,

2035 1591 2088 1634 tu
2120 1580 2229 1636 scis
2262 1581 2388 1648 quia
2417 1595 2540 1634 amo
2563 1587 2636 1632 te.
2669 1596 2688 1630 ι
2728 1575 2832 1642 'Iu,
2873 1579 3066 1646 inquit,
3099 1579 3346 1644 Domine,
3382 1595 3501 1648 qua:
3533 1579 3617 1633 fu-

2034 1683 2152 1725 tura
2200 1681 2329 1725 sunt
2362 1685 2516 1740 mque
2561 1669 2671 1725 scis
2716 1685 2776 1724 ac
2811 1671 3103 1739 printerita,
3141 1679 3197 1724 tu
3237 1671 3618 1740 promptitudi-

2032 1778 2154 1818 nem
2185 1763 2352 1816 animi
2384 1777 2488 1817 non
2515 1763 2753 1833 ignoras,
2779 1761 2877 1816 sed
2914 1777 3041 1816 vero
3069 1764 3230 1816 etiam
3271 1763 3412 1818 nosti
3445 1763 3632 1834 quod,-

2035 1862 2297 1922 quautum
2339 1868 2468 1907 meae
2497 1853 2641 1907 vires
2689 1853 2950 1917 tulerunt,
2999 1853 3074 1905 tui
3115 1869 3302 1908 amore
3329 1853 3617 1910 devinctus

329 1916 1143 2020 άσθένειαηπερικραδανθῇ,
1202 1949 1300 2002 καὶ
1373 1946 1534 2002 τοῦτό
1613 1916 1733 2000 σοι.
1776 1916 1928 2018 μόνῳ

2035 1948 2129 2001 fui.
2179 1947 2334 2013 Quod
2377 1947 2424 2002 si
2472 1947 2668 2000 iterum
2727 1947 2910 2001 innata
2955 1945 3246 2002 inﬁrmitas
3307 1963 3429 2002 inea
3478 1963 3617 2003 con»

326 2057 450 2110 γνω
458 2040 598 2094 στὸν.

416 2243 436 2276 ι
474 2225 638 2293 Λέγει
671 2222 820 2292 αύτῷ
841 2224 869 2275 ὁ
905 2221 1114 2293 Ἰησοῦς
1135 2239 1149 2254 ο
1184 2242 1202 2274 ι
1247 2222 1440 2292 Ἀμὴν,
1475 2221 1623 2290 ἀμὴν
1649 2221 1794 2288 λέγω
1824 2238 1926 2281 σοι,

329 2318 428 2370 ὅτε
458 2310 524 2386 ἦς
554 2315 842 2386 νεώτερος,
877 2314 1146 2378 ἐζώννυες
1180 2313 1426 2374 σεαυτὸν,
1451 2313 1544 2365 καὶ
1575 2313 1932 2381 περιεπάτεις

329 2411 471 2463 ὅπου
504 2408 695 2478 ἤθελες
721 2424 736 2438 ο
780 2409 910 2462 ὅταν
937 2407 994 2460 δὲ
1021 2408 1294 2478 γηράσῃς,
1331 2407 1571 2470 ἐκτενεῖς
1600 2406 1698 2467 τὰς
1739 2407 1930 2475 χεῖράς

333 2518 462 2564 σου,
493 2502 587 2554 καὶ
627 2499 787 2563 ἄλλος
819 2516 878 2552 σε
918 2498 1104 2564 ζώσει.
1145 2517 1164 2549 ι
1225 2498 1553 2551 Ἀνακτᾶται
1600 2496 1701 2566 τῆς
1749 2497 1930 2568 λύπης

333 2595 435 2647 καὶ
469 2593 666 2655 πτοίας
693 2593 785 2645 τὸν
824 2593 1098 2662 μαθητὴν,
1130 2591 1226 2648 καὶ
1255 2593 1646 2662 προαναφωνεῖ
1665 2590 1813 2661 αύτῷ
1838 2593 1929 2645 τὸν

335 2686 600 2756 σταυρδν,
657 2686 752 2738 καὶ
798 2685 1058 2756 προλέγει
1092 2685 1183 2737 τὸν
1229 2685 1484 2739 θάνατον.
1529 2687 1594 2737 Ὃ
1625 2685 1733 2752 γὰρ
1782 2679 1926 2748 εἷπε,

333 2777 582 2829 τοιοῦτόν
635 2778 751 2830 ἔστι
783 2794 796 2808 ·
853 2777 943 2846 Μὴ
1001 2777 1170 2845 φόϐου
1216 2777 1312 2828 καὶ
1369 2775 1599 2846 θορύϐου
1651 2777 1926 2847 πλησθῇς,

333 2866 528 2928 δεδιὼς
567 2868 640 2936 μὴ
671 2866 780 2937 ἄρα
809 2870 984 2938 φανῇς
1015 2867 1076 2919 οὑ
1105 2865 1296 2934 φιλῶν.
1341 2866 1438 2928 Et;
1468 2864 1721 2919 τοσοῦτον
1750 2867 1857 2935 γὰρ
1895 2867 1926 2934 ἡ

336 2961 422 3020 είς
454 2960 553 3028 ὲμέ
583 2975 675 3011 σου
708 2958 899 3028 ἀγάπη
939 2958 1331 3028 ὲκταθήσεται,
1369 2957 1445 3020 ὡς
1476 2957 1808 3026 κοινωνῆσαί
1836 2973 1926 3025 μοι

336 3052 437 3104 τοῦ
469 3050 695 3114 πάθους,
734 3049 951 3114 καὶτὰς
987 3052 1178 3121 χεῖρας
1213 3051 1480 3116 ἐκτεῖναι,
1517 3051 1612 3104 καὶ
1637 3050 1928 3103 ἁνασκολο·

339 3142 606 3212 πισθῆναι
639 3141 878 3212 σταυρῷ.
914 3160 932 3192 ι
962 3141 1094 3194 Ὅτε
1126 3137 1194 3212 ἦς
1222 3140 1512 3210 νεώτερος,
1545 3140 1811 3205 ἐζώννυες
1839 3157 1929 3192 σε-

2033 2038 2284 2092 cutieuda
2344 2053 2408 2093 ac
2445 2037 2816 2094 labefactanda
2873 2040 2979 2105 sit,
3037 2039 3136 2095 tibi
3185 2043 3350 2095 etiam
3401 2041 3452 2095 id
3511 2058 3614 2096 no-

2036 2142 2149 2185 tum
2182 2139 2284 2185 est.

2115 2241 2134 2275 ι
2167 2223 2258 2278 Ait
2291 2223 2368 2278 illi
2391 2222 2546 2278 Jesus
2572 2239 2585 2276 :
2610 2225 2802 2291 Amen,
2833 2239 2988 2279 amen
3016 2224 3136 2281 dico
3174 2225 3288 2292 tibi,
3315 2240 3438 2280 cum
3464 2241 3617 2282 esses

2029 2317 2236 2384 junior,
2271 2317 2526 2386 cingebas
2561 2327 2612 2372 te
2655 2327 2709 2372 et
2737 2318 3053 2374 ambulabas
3087 2319 3174 2372 ubi
3209 2320 3462 2388 volebas;
3491 2335 3615 2374 cum

2041 2421 2223 2465 autem
2257 2410 2524 2473 scuueiis,
2559 2411 2818 2465 extendes
2852 2426 3044 2484 manus
3077 2419 3216 2473 tuas,
3259 2419 3308 2464 et
3338 2409 3477 2463 alius
3503 2411 3619 2463 ciu-

2033 2513 2121 2570 gct
2161 2508 2234 2554 te.
2263 2518 2281 2551 ι
2321 2501 2360 2553 Α
2395 2515 2628 2554 κατι-οτι)
2659 2515 2724 2554 ac
2763 2511 2905 2553 metu
2941 2499 3260 2568 discipulum
3299 2510 3534 2564 revocat,
3562 2511 3619 2554 et

2033 2603 2252 2642 crucem
2312 2588 2396 2642 illi.
2453 2599 2790 2659 mortemque
2840 2589 3190 2658 praenuntiat.
3261 2589 3412 2656 Quod
3468 2591 3614 2644 enim

2034 2681 2185 2741 dixit.
2233 2681 2339 2736 tale
2384 2689 2511 2735 est:
2548 2681 2624 2734 Ne
2657 2683 2850 2734 timore
2881 2695 2945 2734 ac
2983 2681 3272 2737 formidine
3315 2682 3615 2752 implearis,

2033 2786 2283 2828 nrt-tuens
2333 2788 2400 2827 ne
2453 2773 2744 2842 aliquando
2788 2773 2970 2827 minus
3016 2788 3206 2828 amans
3243 2773 3494 2828 ridearis.
3539 2773 3616 2828 Eo

2031 2865 2175 2918 enim
2221 2875 2308 2919 tua
2344 2866 2393 2916 in
2453 2881 2538 2919 me
2583 2865 2824 2919 charitas
2864 2875 3180 2932 excrescet,
3229 2877 3286 2919 ut
3338 2865 3616 2921 Passionis

2033 2974 2167 3011 meae
2202 2959 2382 3011 socius
2427 2967 2480 3011 et
2519 2957 2788 3027 particeps
2816 2957 2892 3010 sis
2924 2957 3157 3022 futurus,
3194 2967 3246 3012 et
3279 2973 3472 3012 manus
3514 2975 3615 3016 ex-

2034 3062 2304 3116 tensurus,
2341 3059 2398 3104 ut
2429 3051 2574 3103 croci
2609 3051 2970 3118 configantur.
3009 3069 3025 3101 ι
3064 3049 3198 3103 Cum
3231 3065 3382 3105 esses
3407 3051 3614 3121 junior.

2031 3149 2290 3212 cingebas
2341 3155 2429 3212 te,
2483 3156 2537 3200 et
2589 3146 2906 3201 ambulabas
2941 3147 3027 3202 tibi
3075 3146 3311 3202 volebas.
3360 3167 3377 3198 ι
3415 3148 3492 3203 Ex
3529 3149 3615 3204 his

340 3233 532 3296 αυτὸν,
587 3235 683 3287 καὶ
727 3235 1092 3302 περιεπάτεις
1141 3233 1278 3286 ὅπου
1304 3233 1497 3306 ἤθελες
1524 3252 1540 3266 ·
1579 3251 1598 3284 ι
1657 3233 1805 3286 ἐστιν
1859 3234 1924 3286 ὲκ

2034 3239 2214 3294 verbis
2267 3238 2536 3307 conjicere
2596 3239 2758 3304 licet,
2809 3255 2986 3309 neque
3037 3251 3164 3294 tunc
3217 3240 3615 3296 adolescentem

339 3323 549 3378 τούτων
573 3325 978 3396 τεκμήρασθαι,
1014 3325 1092 3389 ὼς
1121 3324 1248 3378 οὔτε
1292 3325 1414 3388 νέος
1454 3321 1523 3397 ἦν
1555 3326 1678 3379 καθ’
1713 3325 1928 3396 ἡλικίαν

338 3414 466 3468 τότε
494 3417 522 3467 ὁ
549 3415 779 3484 Πέτρος,
809 3412 935 3467 οὗτε
963 3413 1320 3486 γεγηρακὼς,
1345 3413 1462 3467 ἀλλ’
1493 3413 1802 3484 ύπηνήτης,
1836 3411 1930 3464 καὶ

340 3507 472 3578 περὶ
500 3505 564 3560 τὺ
605 3509 705 3578 τῆς
742 3505 884 3578 ἥϐης
923 3506 1276 3576 μεσαίτατον.
1331 3505 1474 3558 Ἀλλ’
1519 3506 1654 3576 ἡμῖν
1706 3521 1768 3572 γε
1816 3506 1932 3568 τοῖς

340 3599 604 3673 κεχηνόσι
649 3599 854 3668 μᾶλλον
901 3599 1039 3670 πρὸς
1074 3600 1134 3652 τὸ
1155 3600 1251 3654 τοῦ
1281 3599 1444 3668 λόγου
1478 3597 1931 3669 πνευματικώτε-

341 3709 440 3762 ρον
469 3692 702 3764 ἐροῦμεν
735 3692 796 3744 τὸ
833 3691 1267 3765 μυστικώτερον.

413 3784 701 3856 Νεώτερον
734 3786 901 3840 αὑτὸν
943 3783 1087 3840 εἶναι
1117 3785 1294 3853 λέγει,
1340 3785 1429 3838 ὅτε
1464 3783 1562 3854 τὴν
1591 3783 1735 3838 κατά
1766 3782 1931 3854 νόμον

342 3877 442 3946 ἔζη
469 3877 643 3947 ζωὴν,
672 3879 730 3931 ὲν
759 3880 875 3942 τοῖς
899 3880 1150 3948 νομικοῖς
1174 3877 1440 3948 ἡϐάσκων
1464 3875 1761 3946 παρα-ξηρή
1774 3891 1928 3944 μασι.

342 3965 482 4021 Τότε
514 3970 624 4040 γὰρ
658 3968 928 4034 ἐζώννυεν
961 3969 1128 4023 αὐτὸν
1151 3969 1253 4039 τὴν
1293 3967 1474 4039 ζώνην
1503 3968 1614 4021 τῶν
1657 3967 1889 4020 ἐντολῶν
1913 3980 1928 3996 ⁸

341 4061 523 4132 γῆρας
557 4061 614 4115 δὲ
655 4063 812 4116 καλεῖ
853 4062 956 4130 τὴν
1000 4061 1379 4131 Εὐαγγελικὴν
1421 4060 1764 4130 τελειότητα,
1807 4058 1930 4112 καθ’

340 4155 410 4224 ἣν
435 4154 648 4225 πλήρης
679 4155 863 4208 καλῶν
900 4155 1126 4225 ἡμερῶν
1170 4157 1198 4207 ό
1250 4156 1458 4225 Πέτρος
1488 4155 1804 4223 γενόμενος,
1833 4154 1931 4206 αύ-

339 4248 436 4309 τός
473 4246 574 4316 μὲν
603 4250 702 4318 τῆς
728 4248 1047 4318 πρακτικῆς
1070 4247 1274 4318 ἀρετῆς
1306 4247 1402 4310 τὰς
1428 4249 1619 4318 χεῖρας
1641 4245 1929 4310 ἐξέτεινεν,

341 4338 502 4401 ἄλλος
534 4339 590 4392 δὲ
638 4340 803 4392 αὐτὸν
837 4339 1064 4403 ἔζωσεν,
1106 4342 1133 4392 ὁ
1184 4339 1550 4407 Παράκλητος
1591 4337 1816 4407 δηλαδὴ,
1860 4339 1928 4406 τῇ

340 4430 453 4484 τῶν
476 4433 835 4502 χαρισμάτων
856 4431 1087 4501 δυνάμει
1110 4431 1427 4502 περιζώσας
1447 4429 1614 4483 αὑτοῦ
1637 4429 1735 4499 τὴν
1757 4429 1930 4497 ὀσφὺν

342 4523 447 4589 τῆς
474 4522 677 4593 ψυχῆς,
711 4520 856 4575 ὥστε
881 4521 973 4576 τὸν
1001 4525 1098 4591 ⁸τῆς
1123 4521 1434 4589 ἀποστολῆς
1467 4521 1668 4590 δρόμον
1701 4521 1928 4592 δραμεῖν

2036 3342 2199 3387 actate
2231 3330 2450 3387 Petrum
2483 3331 2671 3394 fuisse,
2726 3346 2823 3386 nec
2852 3346 3062 3396 seuera,
3097 3334 3190 3386 sed
3233 3331 3457 3386 barbam
3483 3333 3618 3386 emi-

2035 3425 2173 3479 sissc
2210 3425 2354 3493 jam,
2404 3435 2460 3480 et
2499 3425 2732 3478 mediam
2769 3425 2836 3477 ad
2871 3435 3086 3478 anatein
3134 3435 3468 3494 provectum.
3509 3423 3617 3479 Sed

2035 3515 2176 3568 enim
2213 3515 2366 3569 vobis
2414 3525 2584 3578 certe,
2637 3515 2730 3584 qui
2769 3515 2833 3570 ad
2871 3516 3044 3584 magis
3081 3515 3391 3583 spirituales
3425 3533 3617 3572 sensus

2034 3608 2273 3662 maxime
2335 3607 2592 3672 initiatis,
2641 3607 2975 3662 reconditum
3031 3609 3285 3675 quiddam
3343 3620 3396 3665 et
3446 3611 3618 3680 magis

1933 3743 1938 3748 .
2035 3700 2326 3770 mysticum
2360 3699 2655 3769 proferam.

2105 3791 2379 3846 Juniorem
2402 3806 2525 3846 eum
2553 3791 2710 3861 261
2732 3790 2900 3845 fuisse
2919 3792 3066 3855 dicit,
3089 3806 3216 3847 tunc
3237 3807 3356 3848 cum
3382 3795 3503 3849 vitae
3527 3812 3616 3850 ra-

2035 3884 2235 3938 tionem
2271 3898 2336 3936 ex
2371 3882 2508 3952 legis
2553 3885 2877 3952 prmscripto
2909 3883 3248 3950 instituerat,
3282 3887 3525 3952 adeoque
3562 3887 3615 3940 in

2033 3973 2505 4030 observationibus
2535 3972 2796 4041 legalibus
2837 3970 3246 4039 juvenescebat.
3282 3972 3436 4027 Tunc
3467 3974 3613 4029 enim

2035 4077 2428 4137 praeceptorum
2461 4080 2521 4120 se
2575 4079 2713 4118 zona
2761 4064 3030 4132 cingebat.
3089 4063 3435 4120 Senectutem
3486 4082 3616 4122 vero

2037 4158 2421 4229 perfectionem
2453 4156 2820 4227 evangelicam
2842 4166 3021 4220 vocat,
3045 4156 3197 4226 juxta
3230 4173 3392 4225 quam
3425 4157 3618 4213 Petrus

2034 4253 2299 4307 bonorum
2325 4247 2438 4318 jam
2485 4249 2678 4319 plenus
2699 4249 2934 4313 dierum,
2985 4249 3099 4315 ipse
3140 4250 3354 4318 quidem
3394 4252 3460 4304 ad
3493 4267 3620 4320 pra—

2033 4346 2187 4399 cticae
2252 4342 2478 4395 virtutis
2529 4341 2983 4396 exercitationem
3034 4343 3188 4412 quasi
3254 4358 3448 4398 manus
3499 4359 3622 4413 por-

2033 4439 2194 4497 rexit.
2211 4437 2350 4490 alius
2367 4449 2494 4489 vero
2508 4433 2659 4488 illurn
2675 4434 2838 4488 cinxit
2852 4473 2867 4499 ,
2883 4432 3193 4490 Paracletus
3209 4435 3462 4489 nimirqu
3481 4435 3590 4489 lum
3607 4463 3622 4474 -

2035 4531 2130 4582 bos
2147 4527 2263 4595 ejus
2283 4525 2678 4582 charismatum
2700 4525 2898 4578 virtute
2929 4528 3272 4593 succingens,
3310 4534 3367 4578 ιιι
3396 4535 3616 4592 ap03to--

343 4613 644 4680 εὐσταλῶς,
681 4614 776 4666 καὶ
808 4613 962 4676 τέλος
1014 4616 1258 4666 ἐκτεῖναι
1299 4615 1398 4676 τὰς
1439 4617 1649 4684 χεῖρας,
1685 4615 1778 4666 καὶ
1823 4613 1928 4666 ὑπὸ

2036 4621 2174 4674 latus
2187 4635 2406 4674 cursum
2428 4633 2647 4672 currere
2664 4617 2912 4687 expedite
2929 4626 3132 4683 posset,
3151 4626 3202 4671 et
3224 4617 3290 4670 ad
3311 4627 3612 4674 extremum

343 4705 522 4759 ἄλλων
573 4706 636 4758 τὸ
690 4706 885 4775 ζῶσμα
932 4706 994 4759 τὸ
1022 4706 1184 4776 ἐντῷ
1221 4705 1444 4778 σταυρῷ
1497 4706 1924 4770 καταδέξασθαι.

347 4797 473 4850 ’Ὁτι
496 4798 605 4868 γὰρ
635 4797 727 4851 τὸν
750 4795 839 4851 διὰ
875 4797 1110 4866 σταυροῦ
1138 4797 1361 4869 ᾐνίξατο
1395 4799 1644 4862 θάνατον,
1679 4802 1737 4851 ὲν
1762 4793 1807 4867 ᾧ
1836 4817 1929 4867 γε-

345 4887 627 4956 νόμενοςό
659 4888 867 4958 Πέτρος
904 4888 1124 4953 ὲδόξασε
1165 4889 1256 4940 τὸν
1299 4889 1455 4953 Θεὸν,
1492 4891 1748 4952 κοινωνὸς
1777 4890 1928 4960 αὐτῷ

345 4979 441 5031 τοῦ
473 4981 678 5044 πάθους
705 4981 1024 5050 γενόμενος,
1057 4980 1246 5048 σαφῶς
1293 4982 1428 5050 ἡμῖν
1474 4982 1501 5032 ό
1536 4981 1931 5052 εύαγγελιστὴς

348 5071 643 5141 ἑρμηνεύει
674 5072 736 5126 τὸ
759 5073 989 5143 αῐνιγμα
1016 5089 1030 5104 ο
1074 5093 1091 5124 ι
1122 5071 1293 5126 Τοῦτο
1319 5072 1427 5144 γάρ
1465 5069 1798 5143 εἷπε,“φησὶ,
1834 5091 1931 5146 ση-

353 5170 562 5239 μαίνων
596 5172 738 5242 ποίῳ
776 5170 992 5241 θανάτῳ
1016 5171 1229 5236 δοξάσει
1259 5171 1347 5225 τὸν
1378 5173 1533 5227 Θεόν.
1567 5192 1585 5225 ›
1621 5172 1779 5226 Οὕτω
1821 5174 1930 5243 γὰρ

345 5260 443 5314 τοῦ
473 5261 870 5330 εὐαγγελιστοῦ
921 5263 983 5316 τὸ
1031 5263 1196 5332 ῥητὸν
1252 5262 1713 5333 ἐρμηνεύσαντος,
1752 5264 1925 5332 θρασὺ

2039 4727 2229 4766 manus
2257 4713 2570 4774 extendere,
2599 4720 2652 4763 et
2678 4713 2744 4762 ab
2768 4709 2888 4763 aliis
2914 4709 3362 4778 vincula,quibus
3381 4710 3434 4763 in
3454 4725 3619 4764 cruce

2037 4803 2389 4872 deligaretur,
2422 4802 2690 4870 accipere.
2727 4799 2876 4865 Quod
2911 4801 3053 4853 enim
3079 4814 3228 4853 mors
3268 4814 3363 4867 per
3401 4815 3616 4852 crucem

2039 4896 2320 4950 subeunda
2342 4895 2425 4948 his
2460 4894 2639 4948 verbis
2659 4892 2961 4963 significata
2996 4892 3176 4981 sit,\in
3199 4908 3359 4959 quant
3380 4887 3620 4945 sublatus

2042 4989 2232 5042 Petrus
2259 4987 2426 5058 gloria
2461 4986 2624 5040 Deum
2656 4986 2826 5047 auxit,
2859 4986 3163 5054 passionem
3191 5000 3312 5039 cum
3349 4983 3436 5037 illo
3468 4997 3621 5038 com-

2045 5096 2258 5134 munem
2293 5080 2518 5142 habens,
2543 5088 2727 5146 aperte
2757 5080 2911 5132 nobis
2937 5079 3327 5146 interpretatur
3349 5079 3624 5142 cvaugelh

2036 5185 2136 5234 sra,
2161 5174 2303 5242 quod
2326 5172 2604 5225 involucro
2621 5171 2711 5224 illo
2731 5171 3015 5224 verborum
3035 5169 3416 5223 continebatur
3436 5185 3449 5222 ε
3473 5187 3493 5219 ς
3509 5168 3620 5222 lluc

2031 5266 2175 5319 enim
2205 5266 2362 5330 dixit,
2381 5266 2478 5329 ait,
2499 5263 2834 5330 significans,
2871 5277 2976 5331 qua
3002 5271 3175 5317 morte
3217 5261 3616 5317 clarificaturus

1582 5375 1904 5439 Francisci
1935 5376 2143 5438 Scorsi
2187 5393 2373 5439 norm.

425 5502 534 5574 (76)
583 5501 738 5574 Quod
776 5511 857 5574 est
890 5501 1167 5556 dilectione
1196 5507 1388 5558 minus.
1438 5503 1572 5559 Vide
1601 5512 1717 5559 not.
1753 5505 1842 5571 τὶ,
1879 5507 1931 5561 in

348 5591 453 5642 qua
483 5571 526 5626 a'
549 5573 705 5626 nobis
739 5571 1005 5642 explicata
1047 5584 1129 5626 est
1173 5589 1327 5628 mens
1362 5575 1602 5629 auctoris
1631 5577 1778 5630 circa
1814 5577 1930 5631 haec

351 5645 572 5698 nomina
637 5643 790 5713 φιλία
854 5641 950 5694 καὶ
985 5643 1220 5713 -ἁγάπη,
1258 5660 1380 5711 quae
1444 5661 1578 5698 sane
1637 5647 1928 5713 explicatio

351 5722 576 5782 apparet
609 5712 814 5784 liquido
867 5727 930 5765 ex
979 5711 1068 5780 his
1125 5716 1324 5777 verbis,
1359 5715 1451 5769 ubi
1495 5717 1572 5769 ait
1599 5711 1776 5784 φιλεῖν
1807 5733 1928 5771 esse

351 5777 530 5838 minus
573 5777 676 5836 τοῦ
698 5783 942 5853 ἀγαπᾷν,
972 5777 1117 5850 Quod
1147 5787 1211 5835 de
1237 5787 1423 5839 eadem
1457 5777 1726 5840 t'hat'it:ite
1754 5787 1928 5840 mino-

351 5870 408 5909 re
434 5870 497 5908 εισι
531 5853 762 5924 majore,
794 5853 1108 5922 imperfecta
1149 5856 1500 5924 perfectaque
1525 5857 1919 5923 accipiendum.

423 5925 532 5996 (TI)
577 5921 1032 5991 Temporis’vero,
1087 5921 1193 5978 etc.
1237 5923 1310 5978 Ita
1344 5921 1601 5982 Leontius
1630 5921 1831 5996 Chrys.
1869 5939 1923 5982 et

679 6018 950 6079 Ριτιιοι.
985 6017 1102 6078 (in.
1131 6017 1425 6082 CXXXII.

2030 5503 2320 5574 Theophil.
2373 5505 2512 5572 apud
2564 5503 2878 5558 Cornelium
2916 5521 2928 5555 :
2960 5502 3321 5558 Coutristatns
3369 5510 3482 5574 est,
3527 5499 3610 5574 in-

2027 5571 2249 5642 quiunt,
2279 5571 2472 5629 Petrus
2507 5576 2630 5641 quia
2657 5591 2722 5628 ea:
2746 5585 2824 5626 ter
2857 5575 3050 5628 iterata
3082 5573 3490 5638 interrogatione
3515 5571 3615 5642 sibi

2029 5641 2302 5699 uidebatur
2345 5645 2559 5700 Christo
2587 5645 2652 5697 de
2689 5661 2871 5698 amore
2894 5653 3186 5711 suspectus.
3230 5651 3324 5694 aut
3367 5651 3502 5692 certe
3539 5641 3613 5692 tio

2027 5718 2224 5774 mebat.
2255 5732 2318 5769 ne
2349 5717 2448 5769 sibi
2483 5717 2830 5785 contingeret.
2856 5715 2995 5784 quod
3035 5715 3089 5766 in
3115 5711 3404 5773 Passionci
3437 5711 3614 5785 εερές-

2026 5795 2081 5836 ut
2129 5795 2240 5839 tum
2283 5787 2513 5857 negavit,
2557 5788 2631 5840 sic
2667 5779 2716 5840 Et
2755 5779 3041 5854 aliquando
3077 5797 3184 5836 non
3218 5789 3420 5835 nutaret
3457 5779 3613 5834 Chri-

2020 5863 2184 5910 unm.

3227 6014 3305 6076 ‘23
