4042 6392
419 416 526 480 715

1623 409 2118 472 TIIEOPIIANIS
2158 411 2500 471 CERAMEI

3587 406 3696 470 7l6

415 542 562 587 esset
599 530 820 583 Deum.»
853 527 1016 596 Atqui
1040 527 1141 581 hoc
1173 525 1330 580 modo
1351 526 1682 595 evangelista
1708 527 1991 596 eXpIii-anti

2119 527 2325 596 νομίζω
2359 530 2453 580 καὶ
2499 526 2791 598 τολμηρὸν,
2831 527 2996 597 ἀλλην
3038 527 3186 595 αὑτῷ
3232 525 3524 580 διαπλάσαι
3559 528 3694 578 ὑπὸ·

417 624 560 693 quod
581 623 780 676 dictum
803 627 907 684 est,
928 621 1104 673 audax
1154 627 1207 672 et
1230 619 1582 673 temerarium
1615 633 1810 673 remeo
1835 617 1996 671 alium

417 715 492 770 illi
534 727 748 768 sensum
789 710 1066 780 aﬂingcre.
1104 710 1174 763 At
1202 710 1344 765 enim
1381 725 1502 764 cum
1546 711 1721 765 sancti
1751 709 1999 763 homines

417 805 604 859 sitiant
663 802 838 871 potius
881 815 976 870 pro
1025 799 1244 854 Christo
1288 807 1518 852 mortem
1565 810 1841 867 oppetere,
1893 811 1998 866 quo

415 907 573 966 pacto
605 895 863 949 Dominus
896 893 1048 959 dicit,
1095 893 1314 947 l‘etrum
1363 891 1592 945 invitum
1638 890 1752 944 fore
1782 889 2000 944 cruciﬁ-

414 985 686 1057 gendum?
728 1003 746 1036 ι
787 983 1058 1038 Exteudes
1103 997 1294 1034 manus
1328 989 1480 1038 tuas.
1533 988 1588 1032 et;
1628 979 1767 1031 alius
1819 977 2000 1043 cinget

420 1089 495 1142 te,
525 1087 580 1131 et
609 1077 768 1132 ducet
804 1090 910 1144 quo
959 1083 1013 1127 tu
1059 1089 1163 1127 non
1202 1073 1304 1127 vis.
1353 1090 1372 1122 ι
1413 1070 1509 1123 llic
1549 1084 1682 1123 sane
1717 1077 1769 1121 et
1813 1067 1999 1122 volun-

418 1171 546 1225 tatis
576 1168 1084 1238 promptitudiuem,
1126 1178 1180 1220 et
1210 1166 1392 1219 carnis
1434 1163 1805 1218 inﬁrmitatem
1843 1170 1998 1214 nuta-

417 1263 512 1317 vit.
547 1261 701 1328 Quod
733 1260 879 1315 enim
911 1270 1104 1329 sponte
1137 1271 1328 1311 manus
1361 1265 1708 1310 extensurum
1743 1253 1899 1318 dixit,
1932 1251 1998 1304 li-

416 1354 562 1410 benti
594 1351 776 1407 animo
809 1351 958 1405 illum
1003 1359 1234 1404 mortem
1262 1350 1414 1402 adire
1447 1344 1816 1418 signiﬁcavit;
1853 1342 1996 1414 quod

415 1456 624 1511 autem,
661 1462 680 1496 ι
720 1443 911 1511 Dueet,
941 1455 1050 1512 quo
1088 1451 1146 1496 tu
1182 1455 1286 1496 non
1329 1441 1432 1505 vis,
1471 1457 1492 1490 ι
1519 1436 1701 1492 carnis
1743 1435 1996 1490 timorem

415 1537 678 1600 Ostendit.
712 1535 980 1602 Quoniam
1001 1534 1149 1589 enim
1197 1540 1392 1603 praeter
1442 1541 1648 1585 natura:
1688 1527 1999 1598 propensio-

418 1638 541 1684 nem
577 1642 727 1682 mors
781 1626 1005 1682 intravit
1052 1625 1104 1679 in
1138 1625 1419 1688 mundum,
1470 1622 1590 1677 ideo
1619 1636 1740 1675 eam
1787 1619 1876 1674 illa
1911 1634 2000 1675 re-

417 1721 546 1788 fugit
585 1737 598 1774 :
639 1734 947 1789 quanquam
1005 1717 1180 1772 sancti
1209 1717 1309 1771 viri
1341 1715 1557 1772 fervore
1584 1714 1706 1770 ﬁdei
1739 1711 1996 1768 allectum

421 1823 624 1866 natura:
641 1809 974 1880 preculccnt.

491 1923 510 1957 ι
553 1905 618 1960 Ει
643 1919 764 1958 eum
798 1904 901 1958 hoc
924 1903 1171 1966 dixisSet,
1219 1899 1352 1955 dicit
1383 1901 1472 1954 ei:
1527 1897 1770 1968 Sequere
1823 1915 1932 1954 me.
1973 1916 1992 1950 ι
2030 1895 2074 1951 Β

419 1998 706 2067 Postquam
739 1997 1044 2063 negationis
1084 1994 1294 2064 lapsum
1331 1993 1675 2048 coafessioue
1699 1992 1998 2060 reparavit,

414 2099 471 2142 et
529 2097 713 2158 pastor
762 2087 976 2156 primus
1027 2095 1112 2140 est
1170 2086 1526 2150 constitutus,
1560 2095 1617 2139 et
1670 2083 1737 2138 de
1767 2085 1834 2138 iis
1879 2101 2000 2154 quae

419 2197 679 2250 passurus
715 2191 857 2240 erat,
883 2182 1129 2243 edouus,
1164 2194 1230 2231 ne
1273 2192 1333 2232 se
1384 2179 1534 2232 omni
1579 2192 1642 2230 ex
1683 2186 1835 2246 parte
1871 2192 1998 2244 per-

416 2274 619 2325 l’eclum
653 2283 776 2325 εεδθ
815 2269 1178 2332 existimaret,
1204 2266 1444 2320 insinuat
1479 2265 1549 2319 illi
1581 2266 1775 2319 iterum
1812 2279 1996 2319 vocem

419 2365 564 2416 illam
616 2361 1007 2430 incipientibus
1039 2368 1455 2428 congruentem,
1497 2375 1514 2408 ι
1555 2359 1798 2426 Sequere
1833 2369 1938 2409 me.
1970 2373 1988 2406 ›

419 2455 532 2511 lloc
556 2454 830 2522 enimjam
882 2451 1010 2506 inde
1057 2468 1084 2505 a
1131 2450 1398 2522 principio
1431 2452 1479 2503 ei
1515 2451 1744 2513 dixerat,
1787 2463 1908 2502 eum
1942 2447 1995 2501 in

418 2547 759 2617 disciplinam
796 2545 946 2599 illum
982 2558 1134 2598 suam
1173 2544 1406 2596 vocavit.
1450 2540 1549 2607 Ne,
1589 2541 1781 2610 inquit,
1811 2540 1998 2594 existi-

420 2657 532 2697 mes
557 2656 679 2695 esse
717 2638 991 2708 perfectus
1035 2651 1050 2688 :
1106 2651 1253 2691 nunc
1289 2635 1456 2701 enim,
1485 2642 1544 2687 ut
1577 2647 1699 2687 cum
1737 2633 1994 2695 maxime,

417 2735 568 2805 sequi
634 2744 686 2787 te
738 2730 1032 2796 c0nvenit,
1088 2737 1144 2784 et
1188 2739 1309 2798 post
1359 2738 1638 2798 pastorum
1690 2724 1995 2794 Principem

416 2842 514 2900 per
559 2825 916 2881 imitationem
970 2823 1248 2877 incedere.
1304 2819 1595 2890 Sequelam
1657 2833 1818 2888 porro
1862 2818 1999 2871 dixit

415 2935 576 2984 eam,
630 2933 751 2989 qua:
805 2932 901 2988 per
951 2931 1169 2972 crucem
1207 2915 1387 2969 futura
1443 2924 1587 2976 erat,
1645 2925 1996 2966 consumma-

415 3025 640 3067 ιιοιιθιιι.

493 3122 510 3155 ι
547 3101 856 3158 Cenvcrsus
888 3097 1079 3155 Petrus
1098 3097 1262 3169 262
1299 3096 1431 3151 vidit
1461 3097 1610 3152 illum
1647 3100 1991 3169 discipulum,

2107 620 2278 674 θεσιν.
2327 620 2491 673 Ἂλλὰ
2543 620 2682 688 πῶς,
2718 622 2826 674 τῶν
2864 623 3036 688 ἁγίων
3083 622 3454 691 δεδιψηκότων
3490 621 3694 691 μᾶλλον
3725 675 3728 678 .

2107 715 2407 767 ἀποθανεῖν
2467 715 2608 785 ὑπὲρ
2664 715 2758 768 τοῦ
2792 716 3054 786 Χριστοῦ,
3097 715 3297 768 ἄκοντα
3343 715 3435 768 τὸν
3489 715 3696 785 Πέτρον

2106 809 2487 880 ἐσταυρῶσθαι
2511 810 2660 878 λέγει
2685 812 2712 862 ὁ
2745 810 2946 882 Κύριος
2973 827 2987 875 ;
3027 830 3046 861 ι
3090 811 3362 873 Ἐκτενεῖς
3383 811 3481 872 τὰς
3505 809 3694 878 χεῖράς

2109 919 2225 968 σου,
2253 905 2349 956 καὶ
2377 904 2537 965 ἄλλος
2566 920 2626 954 σε
2655 903 2842 969 ζώσει,
2886 903 2979 956 καὶ
3020 905 3144 976 οἴσῃ
3177 903 3310 955 ὅπου
3335 902 3395 954 οὐ
3429 900 3626 962 θέλεις.
3669 918 3686 950 ι

2118 996 2404 1060 Ἐνταῦθα,
2435 998 2528 1049 καὶ
2562 997 2664 1064 τῆς
2699 993 2929 1067 γνώμης
2973 996 3032 1048 τὸ
3064 996 3345 1064 πρόωμον
3373 992 3564 1058 ἔδειξε,
3598 993 3695 1046 καὶ

2105 1091 2202 1158 τῆς
2230 1088 2432 1158 σαρκὸς
2459 1086 2558 1156 τὴν
2585 1086 2896 1140 ἀσθένειαν.
2924 1085 3026 1139 Διά
3047 1085 3155 1154 γὰρ
3178 1085 3360 1137 ἑκοντὶ
3382 1084 3479 1146 τὰς
3504 1086 3694 1153 χεῖρας

2105 1178 2371 1240 ἐκτεῖναι,
2401 1179 2463 1228 τὸ
2491 1176 2586 1228 ἐπὶ
2626 1175 2718 1228 τὸν
2753 1175 2984 1230 θάνατον
3029 1176 3334 1245 αὐτόμολον
3371 1174 3650 1227 δείκνυται
3676 1190 3690 1204 ·

2103 1270 2193 1324 διὰ
2220 1270 2276 1322 δὲ
2299 1269 2395 1323 τοῦ
2431 1285 2445 1300 ο
2481 1288 2500 1320 ι
2531 1269 2669 1340 Οἴτῃ
2695 1271 2831 1323 ὅπου
2853 1271 2912 1323 οὺ
2947 1269 3152 1332 θέλεις.
3185 1289 3203 1322 ι
3243 1271 3337 1322 καὶ
3361 1270 3394 1339 ἡ
3418 1269 3514 1339 τῆς
3551 1285 3691 1336 σαρ-

2103 1363 2199 1425 κὸς
2221 1362 2397 1416 δειλία
2425 1363 2749 1432 δεδήλωται.
2807 1361 3028 1434 Ἐπειδὴ
3060 1362 3170 1431 γὰρ
3200 1362 3355 1433 παρά
3384 1363 3549 1431 φύσιν
3573 1362 3693 1414 εἰσ-

2103 1454 2270 1524 ῆλθεν
2291 1457 2372 1518 είς
2402 1455 2495 1509 τὸν
2529 1456 2734 1525 κόσμον
2764 1456 2793 1508 ὁ
2818 1454 3070 1521 θάνατος,
3101 1454 3293 1509 τούτου
3322 1454 3487 1507 ’ἑνεκα
3521 1455 3554 1524 ἡ
3586 1453 3690 1523 φύ-

2105 1565 2192 1611 σις
2243 1549 2410 1602 αὐτὸν
2463 1548 2879 1612 ἀπαναίνεται,
2929 1547 3033 1602 κᾶν
3075 1548 3126 1601 οἱ
3183 1548 3330 1615 ἂγιοι
3369 1545 3572 1618 ζεούσῃ
3620 1548 3690 1617 τῇ

2104 1645 2289 1698 πίστει
2322 1644 2421 1716 τὴν
2445 1639 2611 1716 φύσιν
2639 1645 3070 1708 καταϐιϐάζωσι.

2181 1913 2199 1944 ι
2236 1891 2346 1947 Καὶ
2370 1891 2530 1946 τοῦτο
2557 1889 2754 1955 εἰπὼν,
2774 1889 2924 1958 λέγει
2952 1886 3104 1958 αὖτῷ
3130 1904 3144 1918 ⁸
3173 1884 3487 1940 Ἀκολούθει
3519 1902 3636 1954 μοι.
3661 1903 3682 1936 ι

2115 1985 2336 2054 Ἐπειδὴ
2367 1985 2429 2038 τὸ
2458 1985 2558 2054 τῆς
2591 1984 2877 2054 ἀρνήσεως
2921 1981 3124 2051 πτῶμα
3158 1979 3247 2033 διὰ
3269 1981 3367 2050 τῆς
3390 1977 3689 2050 ὁμολογίας

2101 2079 2560 2144 ἀπεσκευάσατο,
2626 2077 2722 2130 καὶ¹
2778 2075 3160 2146 ποιμενάρχης
3218 2073 3686 2144 ἐκεχειροτόνητο,

2102 2174 2196 2226 καὶ
2226 2171 2368 2225 αὐτὰ
2401 2171 2463 2242 δὴ
2493 2169 3030 2241 ὲμεμυσταγὼγητο,
3063 2169 3098 2222 ἃ
3125 2166 3357 2238 ἔμελλεν
3377 2166 3689 2231 πείσεσθαι,

2100 2269 2176 2330 ὡς
2218 2268 2285 2321 ἂν
2341 2267 2417 2337 μὴ
2468 2267 2678 2318 τέλειον
2731 2265 2928 2318 ἑαυτόν
2951 2265 3011 2316 ὲν
3041 2265 3210 2316 πᾶσιν
3246 2263 3538 2334 ἡγήσαιτο,
3568 2263 3691 2313 ἐπι-

2102 2362 2273 2430 φωνεῖ
2312 2359 2478 2413 αὑτὸν
2519 2357 2685 2411 πάλιν
2725 2358 2826 2429 τὴν
2885 2354 3263 2426 εἰσαγωγικὴν
3303 2353 3521 2424 ἐκείνην
3577 2371 3689 2422 φω-

2100 2453 2219 2522 νὴν,
2259 2472 2277 2504 ‹
2329 2450 2643 2505 Ἀκολούθει
2677 2467 2790 2520 μοι.
2832 2470 2848 2501 ι
2879 2447 3053 2503 Τοῦτο
3071 2448 3180 2519 γὰρ
3207 2443 3364 2500 εἶπεν
3411 2445 3562 2516 αὑτῷ
3591 2447 3690 2512 ἀρε

2101 2546 2289 2616 χῆθεν,
2320 2545 2412 2598 ὅτε
2443 2545 2522 2607 εἰς
2575 2543 2674 2614 τὴν
2735 2542 3042 2613 μαθητείαν
3090 2540 3376 2594 ἐκάλεσεν.
3413 2538 3502 2609 Μὴ
3550 2536 3690 2606 γὰρ,

2101 2639 2292 2708 φησιν,
2323 2637 2519 2709 οἰηθῇς
2541 2637 2747 2698 τέλειος
2783 2632 2927 2689 εἶναι
2955 2650 2967 2664 ⁸
3002 2635 3098 2687 νῦν
3122 2633 3230 2702 γάρ
3263 2649 3321 2684 σε
3357 2631 3441 2684 δεῖ
3485 2630 3691 2701 μᾶλλον

2100 2731 2442 2796 ἀκολουθεῖν,
2478 2731 2570 2785 καὶ
2598 2730 2833 2784 κατόπιν
2893 2728 2988 2782 τοῦ
3040 2727 3258 2798 πρώτου
3291 2724 3551 2796 ποιμένος
3589 2723 3689 2793 βα-

2099 2825 2272 2888 δίζειν
2323 2825 2412 2878 διὰ
2481 2825 2797 2894 μιμήσεως.
2879 2819 3273 2890 Ἀκολούθησιν
3325 2817 3383 2874 δὲ
3437 2818 3538 2889 τὴν
3597 2817 3691 2870 διὰ

2102 2917 2344 2990 σταυροῦ
2376 2913 2499 2970 εἷπε
2527 2917 2835 2972 τελείωσιν.

2171 3099 2445 3170 Στραφεὶς
2507 3099 2564 3153 δὲ
2617 3101 2645 3153 ὀ
2687 3100 2929 3170 χΠέτρος,
2973 3099 3162 3169 βλέπει
3191 3099 3284 3153 τὸν
3327 3098 3597 3169 μαθητὴν,
3625 3097 3690 3151 δν

417 3212 576 3266 (ptem
610 3195 864 3264 diligebat
889 3191 1045 3248 Jesus
1077 3203 1428 3261 sequentem;
1457 3193 1548 3261 qui
1574 3203 1627 3245 et
1652 3194 1898 3247 recubuit
1938 3195 1989 3247 in

2099 3191 2344 3260 ἠγάπαὸ
2387 3190 2616 3260 Ἰησοῦς,
2661 3189 3067 3245 ἀκολουθοῦντα.
3093 3208 3104 3221 ·
3147 3190 3206 3254 ὃς
3267 3191 3359 3244 καὶ
3414 3192 3691 3244 ἀνέπεσεν

416 3305 568 3343 (ωηο
603 3304 762 3358 supra
796 3298 987 3356 pectus
1015 3285 1155 3355 ejus,
1177 3294 1231 3339 et
1256 3285 1430 3339 dixit:
1462 3285 1708 3351 Domine,
1732 3287 1857 3354 quis
1885 3297 1991 3350 est,

416 3381 506 3448 qui
530 3381 705 3434 tradet
732 3379 819 3433 te?
856 3378 1009 3432 Hunc
1039 3393 1160 3432 cum
1182 3377 1406 3431 vidisset
1429 3377 1640 3443 Petrus,
1668 3379 1803 3432 dixit
1825 3378 1992 3434 Jesu:

419 3475 662 3537 Domine,
699 3472 786 3526 hic
812 3481 992 3525 autem
1034 3470 1201 3540 quid?
1239 3487 1258 3520 ι
1294 3470 1527 3524 Adverte
1554 3485 1658 3538 qua
1695 3469 1833 3525 alius
1865 3485 1992 3538 erga

417 3569 580 3621 alium
643 3565 828 3620 affecti
887 3573 1044 3618 erant
1075 3563 1321 3631 discipuli
1360 3563 1653 3617 cbaritate.
1703 3563 1799 3618 Ubi
1847 3563 1993 3618 enim

413 3653 611 3708 Petrus
661 3668 779 3722 qua:
811 3652 876 3705 ad
925 3666 983 3705 se
1037 3651 1381 3720 pertinebant
1427 3651 1684 3716 audisset,
1722 3656 1788 3706 de
1831 3654 1995 3707 disei¢

414 3745 540 3815 pulo
562 3747 724 3800 etiam
754 3745 997 3798 studiose
1024 3755 1398 3812 percontatur,
1439 3745 1693 3815 Cupiebat
1723 3745 1989 3815 siquidem

411 3851 534 3893 cum
583 3837 791 3892 socium
835 3836 1038 3890 habere
1071 3837 1340 3906 martyrii,
1373 3845 1431 3890 ut
1463 3837 1518 3890 in
1555 3837 1859 3892 futurorum
1893 3841 1993 3894 bo-

413 3939 603 3986 narum
637 3931 958 3985 societatem
1019 3929 1204 3982 itidem
1259 3929 1488 3982 veniret.
1559 3929 1666 3984 Sed
1704 3929 1990 3997 Dominus,

413 4025 558 4094 quod
596 4032 714 4078 erat
743 4021 1018 4077 curiosius
1045 4021 1351 4090 praecidens
1389 4028 1449 4075 u't
1479 4023 1695 4076 doceret
1743 4037 1864 4076 eum
1901 4039 1990 4078 res

413 4133 542 4173 suas
590 4119 962 4180 cansiderare,
995 4115 1062 4170 de
1089 4115 1252 4170 rebus
1293 4125 1421 4171 vero
1464 4117 1694 4186 proximi
1724 4132 1829 4172 non
1873 4133 1993 4172 esse

412 4209 576 4264 nimis
604 4209 896 4262 sollicitum
951 4209 1376 4276 indagatorem:
1433 4226 1452 4259 ι
1487 4207 1543 4262 Si
1591 4223 1738 4276 eum,
1795 4210 1988 4278 inquit,

413 4301 536 4355 volo
579 4315 804 4354 manere
856 4300 1028 4354 donec
1075 4301 1311 4366 venia-in,
1342 4299 1568 4369 quid-ad
1600 4299 1692 4355 te?
1730 4319 1747 4350 ι
1785 4299 1990 4366 Quibus

411 4392 592 4446 verbis
623 4393 726 4444 hoc
770 4389 1109 4459 signiﬁcatur
1142 4404 1155 4441 :
1191 4389 1248 4442 Si
1293 4403 1418 4444 eum
1448 4389 1839 4460 Hierosolyma;
1871 4408 1990 4446 ma-

413 4500 541 4540 nere
559 4485 684 4539 volo
713 4482 848 4553 (78),
883 4483 1059 4538 donec
1088 4483 1313 4538 veniens
1344 4483 1519 4552 ipsum
1551 4484 1718 4540 etiam
1753 4485 1818 4538 ad
1847 4499 1988 4555 prae-

2099 3287 2156 3338 ὲν
2189 3283 2267 3354 τῷ
2304 3283 2508 3354 δείπνῳ
2549 3285 2643 3337 ἐπὶ
2671 3285 2731 3338 τὸ
2765 3284 2963 3354 στῆθος
2992 3285 3186 3350 αὑτοῦ,
3243 3285 3339 3338 καὶ
3373 3279 3499 3337 εἷπε
3526 3300 3540 3314 ·
3569 3284 3691 3337 Κύ-

2099 3394 2206 3448 pas,
2236 3376 2320 3440 τίς
2353 3379 2506 3430 ἐστιν
2531 3380 2558 3431 ὁ
2593 3379 2926 3446 παραδιδούς
2983 3396 3044 3431 σε
3070 3397 3084 3445 ;
3115 3379 3307 3438 τοῦτον
3363 3377 3490 3432 ἰδὼν
3517 3378 3545 3430 ὁ
3577 3377 3686 3430 Πέ-

2093 3483 2225 3538 τρος
2253 3468 2404 3536 λέγει
2439 3468 2518 3538 τῷ
2563 3469 2744 3540 Ἰησοῦ
2773 3487 2786 3500 ο
2816 3469 3016 3540 Κύριε,
3053 3465 3211 3532 οὗτος
3271 3470 3328 3522 δὲ
3361 3470 3455 3535 τί,
3491 3489 3510 3520 ι
3543 3470 3684 3539 Ὅρα

2094 3561 2204 3613 τῶν
2236 3559 2500 3630 μαθητῶν
2529 3559 2630 3631 τὴν
2655 3560 3013 3628 ἀγαπητικὴν
3035 3561 3116 3623 εἰς
3135 3558 3399 3630 ἀλλὴλιυς
3418 3560 3685 3616 διάθεσιν.

2095 3652 2178 3705 Τὰ
2228 3652 2356 3724 περὶ
2391 3650 2563 3704 αὐτοῦ
2621 3651 2733 3722 γὰρ
2781 3652 2809 3703 ὁ
2844 3651 3059 3722 Πέτρος
3109 3651 3477 3721 μεμαθηκὼς,
3533 3651 3686 3721 φιλο-

2097 3745 2327 3797 πευστεῖ
2355 3746 2450 3798 καὶ
2488 3745 2618 3812 περὶ
2667 3744 2763 3796 τοῦ
2805 3743 3204 3814 οὐμφοιτητοῦ.
3252 3744 3536 3797 Ἐϐούλετο
3574 3745 3688 3815 γὰρ

2095 3835 2360 3890 κοινωνὸν
2389 3833 2538 3903 αὐτῷ
2567 3833 2662 3886 τοῦ
2703 3833 3014 3904 μαρτυρίου
3057 3836 3274 3899 λαϐεῖν,
3319 3835 3403 3888 ἵνα
3435 3834 3545 3900 ἕξει
3588 3839 3684 3887 καὶ

2094 3933 2206 3986 τῶν
2235 3931 2546 4002 μελλόντων
2572 3930 2799 3998 ἀγαθῶν
2831 3932 3118 3986 κοινωνόν.
3157 3931 3300 3985 Ἀλλ’
3329 3935 3356 3985 ὁ
3391 3933 3595 4002 Κύριος
3624 3931 3688 3984 τὸ

2100 4025 2404 4096 περίεργον
2430 4023 2747 4089 ἐκκόπτων,
2777 4024 2873 4076 καὶ
2901 4024 3179 4078 παιδεύων
3230 4024 3300 4077 τὰ
3329 4023 3526 4077 ἑαυτοῦ
3554 4041 3682 4076 σκο-

2094 4119 2245 4180 πεῖν,
2277 4117 2371 4170 καὶ
2401 4117 2478 4186 μὴ
2511 4117 2579 4169 τὰ
2609 4115 2720 4168 τῶν
2741 4116 2910 4180 πέλας
2934 4117 3425 4186 πολυπραγμονεῖν
3452 4131 3465 4144 ·
3498 4135 3514 4167 ι
3557 4117 3685 4169 Ἐὰν

2093 4210 2259 4263 αὐτὸν
2279 4209 2419 4263 θέλω
2442 4208 2648 4279 μένειν,
2670 4209 2857 4280 φησιν,
2894 4209 2998 4272 ἕως
3016 4207 3271 4278 ἔρχομαι,
3295 4208 3348 4260 τί
3367 4207 3502 4278 πρὸς
3531 4211 3588 4260 σε
3613 4224 3630 4274 ;
3658 4227 3679 4259 ι

2102 4306 2168 4356 Ὃ
2199 4303 2372 4370 λέγει,
2423 4301 2670 4354 τοιοῦτόν
2724 4303 2872 4355 ἐστιν
2899 4318 2913 4332 ⁸
2947 4302 3076 4355 Ἐὰν
3109 4302 3250 4355 θέλω
3302 4302 3469 4354 αὑτὸν
3499 4302 3686 4370 μένειν

2095 4399 2152 4448 ἐν
2203 4395 2587 4466 Ἰερουσαλὴμ,
2611 4395 2714 4459 ἓως
2745 4395 2917 4449 ἐλθὼν
2945 4396 3194 4449 κελεύσω
3216 4395 3312 4449 καὶ
3335 4394 3500 4447 αὐτὸν
3531 4393 3685 4458 ἐξελ-

2094 4487 2210 4540 θεῖν
2241 4489 2322 4550 εἰς
2356 4486 2414 4538 τὸ
2449 4487 2734 4556 κήρυγμα,
2769 4487 2822 4538 τί
2855 4486 3014 4539 τοῦτο
3059 4487 3199 4557 πρὸς
3248 4488 3347 4554 σέ;
3393 4485 3685 4540 Ἐϐούλετο

408 4576 700 4632 dicandum
729 4577 882 4630 exire
907 4574 1148 4643 jubeant,
1188 4575 1320 4645 quid
1357 4576 1461 4629 hoc
1495 4577 1562 4629 ad
1610 4575 1699 4629 te?
1756 4573 1986 4634 Volebat

2098 4578 2206 4646 γὰρ
2262 4579 2322 4631 ἐν
2368 4575 2729 4647 Ἰερουσαλὴμ
2778 4579 2920 4638 τέως
2981 4576 3169 4646 μένειν
3227 4576 3319 4630 τὸν
3397 4577 3680 4646 Ἰωάννην,

404 4667 550 4722 enim
587 4668 853 4736 tantisper
907 4666 1303 4736 Hierosolymis
1356 4668 1640 4723 considere
1693 4667 1981 4736 Joannem,

407 4771 462 4816 ut
502 4764 592 4832 qui
649 4779 835 4817 curam
886 4771 1202 4830 susceperat
1253 4762 1559 4831 purissimae
1590 4762 1812 4828 Matris,
1854 4764 1983 4820 Pas-

406 4855 576 4912 sionis
604 4863 849 4926 tempore
879 4853 953 4908 illi
982 4853 1351 4909 Commissam.
1376 4852 1555 4922 Aliqui
1591 4868 1721 4908 vero
1753 4855 1986 4926 (ηλικι-

2093 4669 2496 4739 ἀναδεξάμενον
2549 4667 2648 4738 τὴν
2679 4668 2942 4740 φροντίδα
2979 4669 3078 4738 τῆς
3107 4667 3390 4736 πανάγνου
3425 4668 3679 4736 Μητρὸς,

2091 4766 2160 4836 ἣν
2192 4761 2342 4830 αὑτῷ
2374 4760 2516 4813 κατά
2547 4760 2640 4812 τὸν
2703 4759 2897 4829 καιρὸν
2954 4760 3049 4814 τοῦ
3103 4760 3314 4823 πάθους
3374 4759 3677 4830 παρέθετο.

2090 4857 2251 4917 Τινὲς
2288 4854 2347 4908 δὲ
2369 4853 2430 4905 τὸ
2478 4851 2581 4922 τῆς
2639 4851 2786 4922 ζωῆς
2834 4853 3234 4923 ἐπιτεταμένον
3279 4851 3373 4906 τοῦ
3422 4851 3676 4924 μαθητοῦ

1643 4969 1963 5037 Franclsci
1998 4975 2215 5039 Scorsi
2250 4979 2439 5035 noue.

474 5092 588 5163 (78)
630 5091 692 5148 Si
731 5109 852 5148 curn
881 5091 1516 5169 _Ilie_rosolyn_tw_manere
1555 5093 1776 5169 tio/0.8.
1804 5096 1975 5169 Cbry,

403 5162 705 5217 sostomum
746 5165 898 5230 sequi
947 5163 1160 5230 videtur
1193 5162 1245 5214 in
1277 5162 1732 5230 interpretatione
1778 5162 1974 5221 verbo-

402 5247 536 5305 rum_
555 5247 744 5288 eorum
779 5229 897 5305 qua
941 5229 1307 5286 dillicultatem
1359 5233 1771 5305 et__varieiatem
1804 5238 1977 5305 expli-

400 5301 558 5356 candi
583 5303 987 5372 expositoribus
1011 5312 1371 5372 pepererunt:
1395 5301 1455 5354 Si
1481 5319 1598 5356 eum
1625 5306 1735 5357 volo
1761 5301 1973 5362 man—ere

399 5375 564 5446 {longe
598 5368 827 5446 veniam,
855 5372 980 5439 quid
1013 5368 1198 5446 adite?
1226 5368 1305 5440 (Si
1331 5385 1438 5446 non
1473 5373 1548 5446 sic
1582 5373 1812 5437 reddidi,
1842 5380 1971 5446 quia

395 5443 471 5517 ita
495 5441 678 5517 Graeca
706 5443 868 5517 lectio
889 5442 1139 5517 requirit.
1163 5441 1349 5517 Itaque
1372 5442 1544 5497 Graeci
1573 5459 1764 5498 omnes
1789 5441 1973 5517 leg'unt

397 5515 497 5564 ἑάν
552 5513 694 5565 θέλω
721 5513 890 5565 αὑτὸν
931 5514 1142 5581 μένειν,
1171 5521 1277 5567 etc.
1307 5512 1376 5565 de
1415 5526 1522 5579 qua
1554 5517 1823 5569 varietate
1844 5512 1974 5571 lon-

393 5584 697 5650 giusculant
741 5583 1161 5651 disputationem
1214 5583 1427 5652 orditur
1479 5583 1701 5638 Cornel.
1759 5599 1967 5652 nOster,

389 5655 554 5728 maid.
590 5665 644 5705 et
678 5653 792 5728 alii,
843 5667 1044 5728 easque
1071 5651 1386 5728 conciliatu,
1426 5667 1561 5720 quas
1603 5655 1719 5725 lege
1759 5659 1802 5709 si
1841 5660 1970 5728 vis.)

387 5726 678 5798 t.liry_sust.
707 5725 873 5798 igitur
904 5725 997 5798 sic,
1020 5723 1248 5791 exponit
1282 5739 1295 5774 :
1321 5722 1384 5776 Si
1412 5739 1527 5776 eum
1553 5722 1679 5778 υοιᾱ
1701 5729 1786 5779 liic
1812 5722 1970 5798 (Hie;

396 5795 672 5859 rosulymw
709 5793 783 5847 vel
806 5796 859 5847 in
887 5793 1103 5861 Juda’a)
1133 5808 1364 5857 manere,
1405 5807 1450 5845 et
1495 5811 1596 5848 non
1627 5798 1764 5848 mitti
1802 5793 1972 5850 tecum

393 5861 447 5914 iu
489 5871 654 5914 ιυιιιηι
691 5866 865 5919 urbem
910 5876 1174 5919 terrarum
1222 5865 1289 5916 ad
1329 5864 1592 5919 docendas
1640 5882 1815 5920 omnes
1848 5884 1972 5936 gen-

2087 5115 2185 5165 tes,
2219 5098 2381 5150 donec
2424 5096 2734 5165 pauloﬂpost
2787 5095 3019 5159 redeam,
3049 5105 3098 5148 et
3128 5093 3334 5150 mittam
3365 5112 3506 5157 eum,
3537 5095 3673 5163 quid

2084 5164 2178 5222 ad'
2216 5169 2304 5221 te?
2354 5167 2431 5220 Ita
2483 5175 2538 5220 et
2589 5164 2836 5236 Tlteoph.
2895 5165 3270 5236 Cltrysosmmi
3333 5175 3669 5236 assectator,

2086 5239 2389 5304 eodemque
2448 5238 2608 5290 modo
2659 5234 2958 5304 DQTbom.
2989 5234 3043 5288 et
3077 5234 3274 5289 Ribera
3325 5252 3354 5290 ι
3411 5235 3670 5290 Cornelio

2084 5308 2264 5362 relati.
2293 5303 2532 5375 Carteras
2567 5303 2876 5369 explicandi
2906 5307 3024 5358 vias
3053 5305 3168 5375 lege
3209 5307 3351 5373 apud
3395 5308 3669 5373 interpre-

2084 5389 2184 5432 tes.
2213 5375 2359 5430 Satis
2384 5374 2485 5429 hoc
2509 5378 2574 5430 ad
2599 5375 2969 5429 aﬂirmandam
3001 5374 3173 5430 nostri
3208 5377 3453 5431 auctoris
3486 5375 3668 5443 expli-

2082 5450 2379 5502 cntionem.

2154 5518 2266 5587 (79')
2306 5516 2484 5587 A_liqui
2513 5530 2656 5579 vero,
2712 5524 2818 5587 etc.
2865 5513 3115 5587 Citantur
3146 5516 3200 5587 in
3240 5515 3379 5570 hanc
3421 5515 3666 5587 explica:

2083 5584 2288 5640 tionem
2332 5584 2594 5640 LeOntius
2653 5595 2708 5638 et
2769 5584 3089 5640 Theodorus
3144 5584 3445 5654 Mopsuest.
3493 5584 3664 5653 apud

2085 5658 2321 5711 MaltIOII.
2353 5657 2445 5726 qui
2506 5655 2566 5708 τὸ
2599 5656 2763 5709 donec
2811 5657 3014 5709 veniam
3065 5656 3134 5710 de
3173 5658 3417 5712 secundo
3457 5656 3660 5710 Christi

2081 5729 2315 5782 adventu
2365 5727 2681 5793 accipiunt,
2737 5726 2832 5780 sed
2879 5727 3207 5795 hyperbolen
3265 5741 3386 5781 esse
3449 5736 3658 5796 putant,

2083 5813 2191 5866 qua
2219 5797 2356 5850 lllltll
2390 5796 2536 5850 aliud
2571 5797 2933 5866 signiﬁcetur,
2973 5813 3132 5866 quam
3164 5796 3425 5851 Joannem
3463 5796 3657 5866 illittng

2081 5864 2222 5924 nilne
2257 5883 2380 5923 esse
2428 5864 2722 5934 vieturum,
2757 5870 2899 5924 sicut
2930 5864 3029 5923 nos
3080 5867 3239 5940 vulgo
3289 5882 3413 5923 cum
3454 5864 3658 5936 aliquid
