4042 6414
300 332 407 396 719
1504 334 1999 399 THEOPHANIS
2036 338 2375 403 CERAMEI
3468 346 3578 408 'i‘ZlJ

297 458 440 503 erat.
493 448 765 502 Prmterea
816 448 1004 514 etiam,
1051 445 1306 516 quoniam
1352 445 1567 503 Marcus
1613 459 1670 504 et
1720 450 1870 505 Luca,

1999 455 2102 516 κάς
2140 453 2245 506 ὑπὸ
2295 452 2405 506 τῶν
2451 453 2723 524 ἐγκρέῖων
2791 453 3056 524 μαθητῶν
3134 455 3478 528 διδαχθέντες
3517 461 3580 514 τὸ

300 539 368 593 ab
398 539 590 592 electis
637 538 919 607 discipulis
953 537 1022 592 de
1071 536 1333 607 mysterio
1379 538 1558 592 edocti
1614 555 1712 593 sua
1762 556 1864 595 con

1998 546 2323 616 μυστήριον,
2342 545 2409 599 τὰ
2430 544 2552 599 κατ’
2567 546 2766 609 αὐτοὺς
2788 545 3098 615 Εὑαγγέλια
3136 551 3536 620 συνεγράψαντι
3562 571 3577 586 ο

297 633 631 700 scripserant
680 629 992 701 Evangelia.
1038 630 1250 684 Etenim
1303 631 1521 687 divinus
1574 632 1665 686 ille
1710 632 1870 689 Luca:

1994 636 2088 688 καὶ
2120 635 2253 702 γοῦν
2275 638 2303 690 ὁ
2343 637 2485 701 θεῖος
2519 638 2735 701 Λουκᾶς
2769 638 2825 690 ἐν
2853 639 3170 709 προοιμίοις
3199 640 3345 694 οὔτω
3379 642 3573 696 λαλεῖ·

299 722 378 775 sic
406 723 458 774 in
489 720 761 776 Protendo
795 718 1043 786 loquitur
1081 734 1096 771 :
1150 738 1172 772 ι
1201 719 1373 774 Sicuti
1422 720 1761 775 tradiderunt
1791 738 1860 776 no

1998 742 2017 776 ι
2056 725 2253 790 Καθὼς
2287 728 2619 797 παρέδωκαν
2667 729 2798 798 ἡμῖν
2837 730 2887 782 οἱ
2932 727 3030 782 ἀπ’
3079 731 3257 801 ἀρχῆς
3307 732 3577 788 αὐτόπται

300 812 405 879 bis,
437 814 525 879 qui
559 814 625 865 ab
666 810 822 866 initio
858 810 963 881 ipsi
1000 810 1274 875 viderunt,
1302 819 1359 864 et
1406 810 1643 864 ministri
1673 809 1864 865 I‘uerun

1992 818 2086 871 καὶ
2119 819 2393 890 ὑπηρέται
2416 821 2511 874 τοῦ
2536 822 2713 890 Λόγου
2754 823 3067 891 γενόμενοι.
3109 841 3128 875 ι
3160 824 3415 896 Ἰωάννης
3454 827 3509 880 δὲ
3548 829 3577 882 ὁ

296 905 568 959 sermonis
597 903 643 957 ⁸.
680 922 698 954 ι
743 902 971 972 Magnus
1024 916 1153 955 rcro
1199 901 1439 956 Joannes
1490 917 1595 955 non
1655 901 1723 956 ab
1768 901 1870 955 alii:

1993 910 2168 979 μέγας
2205 912 2266 963 οὐ
2306 913 2439 983 παρ’
2467 913 2646 967 ἄλλων
2669 912 2996 984 ηκουτίσθη,
3030 914 3065 968 ἃ.
3103 914 3167 987 δὴ
3220 919 3571 989 συντέταχεν,

296 1008 414 1062 qua:
437 992 771 1060 conscripsit
797 991 1026 1056 audivit,
1060 992 1152 1045 sed
1179 1005 1299 1045 cum
1326 992 1393 1044 ab
1419 990 1575 1044 initio
1601 989 1886 1045 Dominum

294 1094 513 1141 secutus
561 1095 728 1149 esset,
785 1099 907 1153 qua:
947 1082 1061 1138 suis
1110 1082 1244 1153 ipsis
1293 1083 1467 1138 oculis
1508 1092 1885 1153 perspexerat,

294 1184 408 1234 haec
429 1177 649 1247 scriptis
681 1177 958 1246 prodidit;
1000 1192 1187 1230 rerum
1225 1177 1414 1246 utique
1449 1175 1644 1229 merito
1676 1175 1887 1230 haben-

293 1269 421 1325 dum
453 1279 541 1324 est
570 1266 943 1324 testimonium
975 1266 1117 1336 ejus,
1156 1267 1247 1339 qui
1284 1266 1530 1321 oculatus
1568 1276 1653 1322 est
1682 1266 1836 1322 testis
1866 1284 1881 1320 :

297 1380 317 1415 ι
355 1360 497 1416 Sunt
526 1370 708 1416 autem
741 1370 796 1413 et
829 1359 936 1412 alia
969 1358 1136 1412 multa
1163 1373 1282 1427 qua:
1314 1357 1443 1412 fecit
1470 1356 1651 1423 .lesus,
1685 1373 1806 1427 quie
1837 1359 1881 1415 si

292 1455 607 1510 scribantur
650 1468 746 1522 per
775 1451 1006 1522 singula,
1042 1464 1220 1520 neque
1252 1450 1423 1518 ipsum
1452 1449 1695 1504 arbitror
1728 1466 1885 1504 mun—

292 1544 422 1599 (iuut
456 1557 656 1612 capere
692 1556 852 1612 posse
884 1556 977 1595 eos
1000 1542 1092 1610 qui
1118 1540 1390 1594 scribendi
1455 1549 1582 1592 soul
1631 1539 1820 1594 libros.
1858 1559 1876 1592 ι

362 1637 625 1703 ELImjus
651 1635 815 1689 etiam
847 1635 973 1687 dicti
1006 1634 1297 1703 hyperbole
1332 1632 1554 1686 ridicula
1586 1633 1800 1686 videtur
1827 1644 1883 1688 et

290 1728 629 1784 ineredibdis
663 1725 1065 1795 insipientibus,
1097 1737 1152 1778 et
1185 1727 1410 1791 scurris,
1453 1734 1504 1778 et
1558 1724 1882 1780 cavillatori-

292 1823 416 1888 bus,
439 1832 496 1876 et
533 1821 623 1888 qui
652 1820 907 1875 sensibus
938 1818 1070 1873 solis
1094 1817 1389 1886 mancipati
1412 1825 1560 1871 sunt.
1586 1816 1705 1871 Non
1731 1819 1875 1872 enim
1906 1808 1954 1868 B

286 1915 466 1970 sciunt
490 1922 811 1967 consuetum
837 1924 957 1966 esse
1003 1908 1203 1963 divinae
1235 1910 1530 1977 Scriptura:
1556 1926 1649 1978 per
1677 1909 1873 1981 hyper-

287 2004 460 2061 bolem
518 2016 606 2057 res
657 2002 959 2070 explicare.
998 2000 1133 2055 Nam
1170 2010 1217 2054 et
1258 1999 1511 2056 civitates
1538 2002 1875 2055 Chanamco-

287 2112 406 2151 rum
440 2109 611 2165 usque
638 2096 704 2149 ad
734 2096 932 2150 cmlum
985 2105 1299 2149 exstructas
1344 2096 1390 2161 ³,
1421 2104 1473 2148 et
1495 2095 1874 2164 promissionis

286 2199 486 2245 terram
525 2189 684 2244 melle
713 2199 767 2244 et
799 2189 938 2243 lacte
963 2199 1271 2243 mattautem
1306 2188 1373 2252 '°,
1421 2198 1475 2244 et
1527 2180 1865 2259 patriarcha-

286 2298 408 2337 rum
445 2296 654 2349 semen,
699 2290 757 2335 ιιι
780 2281 966 2335 stellas
993 2281 1114 2336 coeli
1138 2288 1200 2336 et
1236 2296 1458 2336 arenam
1501 2284 1692 2349 maris,
1738 2283 1874 2335 mul-

285 2374 643 2444 tiplicandum
700 2373 832 2428 dicit
891 2374 958 2427 ".
1019 2373 1158 2439 Quin
1215 2375 1379 2427 etiam
1442 2375 1608 2429 David
1675 2374 1873 2430 ﬂuctus

282 2481 454 2534 usque
493 2467 557 2518 ad
595 2465 761 2519 caelus
792 2467 1109 2530 ascendere,
1152 2476 1206 2519 et
1232 2465 1564 2522 descendere
1610 2483 1778 2536 usque
1805 2467 1871 2521 ad

283 2563 536 2631 abyssum
574 2559 647 2612 ait
679 2559 745 2611 ¹².
775 2557 839 2611 Et
868 2572 999 2611 vero
1025 2558 1077 2611 in
1110 2557 1216 2612 illis
1244 2560 1461 2628 quidem
1495 2574 1643 2613 mera
1673 2560 1872 2630 hyper-

282 2653 406 2707 bole
440 2658 563 2716 est;
596 2652 697 2705 hoc
723 2659 900 2705 autem
948 2650 1069 2705 loco
1106 2651 1195 2704 ubi
1227 2651 1472 2705 Arbitror
1493 2653 1735 2707 additum
1763 2662 1869 2715 est,

281 2744 488 2799 laxavit
518 2743 894 2815 Ityperbolem.
922 2742 1194 2799 Praeterea
1228 2760 1355 2799 vero
1381 2744 1558 2809 nobis,
1588 2744 1682 2814 qui
1714 2744 1875 2813 spiri-

279 2834 446 2889 tualia
496 2833 863 2904 spiritualiter
916 2833 1221 2904 intelligere
1266 2833 1538 2898 norimus,
1586 2832 1873 2887 sublimior

278 2928 505 2996 hujusce
553 2928 679 2981 dicti
729 2926 997 2981 sententia
1053 2927 1289 2980 videtur.
1346 2924 1465 2980 Non
1513 2924 1658 2979 enim
1693 2925 1757 2979 de
1804 2923 1872 2979 iis

277 3017 522 3087 loquitur
553 3017 749 3083 solum,
789 3033 909 3088 qua:
959 3015 1089 3072 fecit
1119 3016 1279 3072 Jesus
1335 3016 1509 3071 factus
1535 3016 1696 3070 homo
1731 3033 1744 3070 :
1778 3017 1870 3071 sed

277 3110 537 3179 quoniam
589 3111 731 3165 idem
786 3110 971 3165 tnundi
1029 3112 1198 3165 totius
1230 3150 1245 3173 ,
1302 3121 1412 3164 tum
1470 3110 1586 3181 ejus
1626 3110 1717 3179 qui
1770 3112 1871 3165 sub

276 3300 379 3364 dit,
442 3299 738 3353 fabricator
795 3307 898 3361 est,
953 3299 1145 3352 horum
1198 3312 1330 3352 vero
1390 3299 1632 3351 omnium
1693 3296 1864 3351 ratio-

276 3406 376 3445 nes
434 3405 647 3445 arcana:
700 3400 757 3444 et
821 3388 1227 3459 inexplicabiles
1274 3398 1444 3453 sunt,
1496 3388 1756 3458 quidquid
1797 3388 1868 3444 de

276 3481 594 3555 ipsiszsﬁ.
625 3482 915 3536 dicendum
956 3482 1213 3551 suppetit,
1245 3496 1397 3536 meus
1439 3493 1628 3536 creata
1673 3496 1866 3549 capere

275 3576 512 3630 fortasse
550 3590 658 3629 non
702 3584 899 3643 potest.
944 3572 1077 3639 Quis
1124 3574 1269 3629 enim
1305 3573 1734 3644 uniuscujusque
1787 3575 1862 3629 rei

277 3681 498 3721 causam
533 3665 998 3735 comprehendere
1028 3664 1223 3732 valeat,
1264 3674 1318 3718 et
1350 3676 1505 3733 quot,
1551 3673 1605 3718 et
1646 3673 1867 3732 propter

275 3758 428 3826 quid,
462 3773 587 3811 cum
625 3771 799 3826 neque
830 3772 951 3824 qua:
982 3756 1184 3824 scripta
1229 3766 1377 3820 sunt,
1436 3755 1655 3826 capiat?
1688 3768 1866 3823 neque

272 3848 418 3902 enim
461 3847 606 3917 quod
654 3861 879 3915 parvum
929 3855 1034 3910 est,
1087 3847 1234 3914 capit
1278 3845 1463 3900 infelix
1502 3854 1558 3900 et
1604 3846 1866 3915 intempe-

274 3955 425 4006 rans,
453 3951 508 3995 et
540 3942 595 3995 in
625 3955 720 3995 cor
754 3939 1017 4009 insipiens
1067 3939 1332 4008 sapientia
1385 3955 1491 3995 non
1537 3938 1760 3994 intrabit
1794 3939 1859 3993 ³³.

273 4033 441 4089 Nobis
471 4048 601 4089 vero
631 4047 791 4103 captu
828 4031 1019 4087 faciles
1059 4032 1170 4087 sint
1209 4035 1276 4086 de
1320 4031 1527 4088 virtute
1555 4047 1860 4099 sermones,

272 4138 323 4183 et
361 4127 657 4197 principem
705 4124 869 4179 animi
906 4126 1078 4180 nostri
1113 4133 1322 4195 partem
1361 4125 1656 4192 illustrent,
1697 4137 1753 4182 et
1793 4129 1860 4180 alt

271 4219 500 4287 hujusce
552 4217 739 4273 mu:.di
788 4233 949 4273 coeno
982 4226 1256 4272 extractos
1305 4219 1371 4272 ad
1425 4219 1646 4290 pietatis
1695 4232 1859 4289 epera

269 4313 585 4376 traducunt,
627 4310 803 4380 gratia
834 4308 974 4377 ejus.
1011 4327 1130 4381 qua:
1155 4326 1317 4381 super
1345 4327 1506 4366 omne
1536 4312 1719 4366 lumen
1746 4312 1857 4382 (82)

270 4410 353 4457 est
401 4401 726 4469 Trinitatis,
774 4404 858 4457 cui
910 4404 1167 4459 convenit
1201 4405 1375 4475 gloria
1409 4406 1463 4460 in
1512 4405 1709 4462 sarcula
1760 4421 1860 4461 sar-

265 4496 528 4552 culorum.
569 4501 760 4550 Amen.

765 4608 1051 4664 IlOMlLlA
1100 4608 1390 4665 XXXVIII.

824 4702 901 4757 De
932 4703 1303 4758 Samaritana.

341 4797 554 4853 Omisso
605 4797 873 4867 prooemio
911 4796 1244 4852 Salvatorem
1281 4785 1442 4853 liodie
1497 4800 1551 4852 in
1580 4795 1855 4853 Galilaeam

269 4889 643 4961 Hierosolyma
665 4889 1123 4959 proﬁciscentem,
1156 4899 1211 4944 et
1242 4890 1469 4945 salutem
1498 4889 1857 4946 Samaritana:

269 4982 446 5037 obiter
462 4981 720 5035 ferentem
737 4981 1092 5052 intelligentia
1107 4996 1523 5050 consequamur.
1544 4981 1693 5052 Opus
1708 4984 1856 5052 equi-

270 5075 393 5126 dem
424 5071 543 5142 ejus
572 5076 850 5141 proprium
886 5084 1004 5127 erat
1045 5073 1192 5128 salus
1229 5073 1506 5128 lsraelitici
1543 5074 1749 5145 populi,
1789 5076 1855 5130 ad

267 5178 431 5233 quem
445 5173 689 5219 venerat.
708 5167 776 5217 At
789 5176 1009 5235 propter
1025 5181 1211 5220 eorum
1228 5165 1661 5222 incredulitatem
1675 5184 1859 5239 egres-

269 5272 363 5312 sus
382 5258 526 5313 venit
541 5258 593 5311 in
616 5258 943 5324 Samariam,
963 5267 1016 5312 et
1034 5257 1136 5312 lioc
1159 5257 1277 5323 ipso
1295 5257 1621 5327 signiﬁcavit
1637 5274 1702 5314 ex
1724 5259 1853 5316 Ilie-

270 5351 543 5421 rosolyma
576 5350 632 5404 in
665 5365 857 5406 omnes
889 5360 1080 5421 gentes
1105 5349 1455 5421 Evangeliqu
1489 5352 1856 5408 disseminan-

271 5447 417 5498 dum.
451 5444 508 5498 In
539 5442 821 5499 Galilaeam
858 5443 1043 5512 itaque
1076 5443 1337 5499 Dominus
1367 5444 1469 5500 iter
1499 5444 1852 5511 intenderat;

1889 4537 1938 4594 ο
1979 4519 2170 4589 Ἀμήν.

1989 1001 2107 1053 ἀλλ’
2142 1002 2199 1068 ἐξ
2231 1003 2407 1074 ἀρχῆς
2439 1004 2939 1076 κατηκολουθηκὼς
2960 1006 3036 1076 τῷ
3069 1008 3323 1079 Χριστῷ,
3349 1009 3385 1064 ἃ
3412 1012 3575 1076 aeta;

1988 1092 2214 1155 οἰκείοις
2246 1094 2549 1164 ὀφθαλμοῖς
2604 1095 2873 1151 ἐθεάσατο
2895 1139 2910 1164 ,
2935 1097 3109 1150 ταῦτα
3166 1103 3569 1172 συνεγράψατο.

1990 1183 2225 1256 Ἀληθὴς
2255 1182 2349 1241 οὖν
2382 1187 2608 1250 εἰκότως
2637 1190 2669 1259 ἡ
2707 1190 3008 1260 μαρτυρία,
3041 1189 3135 1243 τοῦ
3173 1190 3240 1244 τὰ
3266 1193 3575 1262 πράγματα

1989 1277 2474 1350 αὐτοπτήσαντος·
2519 1300 2538 1333 ι
2577 1281 2701 1334 Ἔτι
2754 1281 2810 1335 δὲ
2889 1283 2984 1336 καὶ
3044 1282 3183 1337 ἄλλα
3236 1284 3409 1339 πολλά
3472 1289 3575 1340 ὅσα

1988 1371 2248 1441 ἐποίησεν
2273 1375 2299 1426 ὁ
2326 1372 2537 1442 Ἰησοῦς
2557 1415 2574 1441 ,
2610 1374 2646 1428 ἆ
2673 1393 2795 1429 τινα
2825 1376 2925 1430 ἐὰν
2989 1376 3273 1448 γράφηται
3322 1378 3448 1431 καθ’
3477 1378 3571 1446 ἓν,

1988 1461 2111 1514 οὐδὲ
2143 1462 2308 1515 αὑτὸν
2354 1458 2508 1534 οἶμαι
2557 1465 2651 1518 τὸν
2693 1466 2903 1536 κόσμον
2938 1467 3189 1538 χωρῆσαι
3244 1469 3314 1522 τά
3361 1469 3573 1541 γραφό-

1987 1568 2126 1622 μενα
2156 1553 2361 1622 βιϐλία.
2422 1557 2619 1627 Ἀμήν.
2656 1576 2674 1608 ι

2056 1646 2168 1698 Καὶ
2206 1646 2414 1715 ταύτης
2456 1649 2558 1718 τῆς
2603 1649 2803 1719 λέξεως
2840 1644 2910 1703 ire
2954 1651 3345 1722 ὑπερδολικδν,
3383 1669 3574 1724 φορτι-

1985 1737 2081 1791 κὸν
2121 1737 2267 1803 ἔδοξε
2305 1741 2399 1792 καὶ
2426 1740 2695 1794 ἀπίθανον
2725 1743 2843 1806 τοῖς
2873 1742 3160 1809 άσυνέτοις
3196 1744 3291 1799 καὶ
3321 1745 3571 1816 βωμολό-

1982 1848 2122 1901 χοις,
2154 1833 2251 1886 καὶ
2321 1832 2630 1898 σκώπταις,
2685 1838 2781 1890 καὶ
2844 1838 3033 1906 μόναις
3073 1836 3386 1892 δουλεύουσι
3449 1840 3573 1903 ταῖς

1983 1924 2324 1995 αἰσθήσεσιν.
2353 1927 2468 1979 Οὐκ
2502 1925 2650 1981 ἴσασι
2672 1930 2782 2000 γὰρ
2806 1929 2879 1993 ὡς
2910 1929 3149 1984 εἴθισται
3178 1934 3246 2003 τῇ
3280 1931 3401 2000 θείᾳ
3424 1932 3572 2003 Γρα-

1984 2020 2057 2089 φῇ
2095 2018 2213 2088 μεθ’
2248 2020 2555 2090 ὑπερϐολῆς
2606 2022 2932 2092 σαφηνίζειν
2960 2023 3028 2075 τὰ
3072 2024 3399 2094 πράγματα.
3460 2024 3569 2087 Τάς

1982 2128 2043 2163 τε
2092 2111 2202 2182 γάρ
2250 2102 2436 2176 πόλεις
2480 2113 2609 2167 τῶν·
2643 2114 2969 2169 Χαναναίων
3028 2116 3365 2185 τετειχίσθαι
3418 2116 3571 2186 λέγει

1983 2205 2087 2268 ἓως
2115 2207 2224 2259 τῶν
2264 2206 2517 2277 οὐρανῶν
2543 2223 2555 2236 ·
2597 2210 2691 2259 καὶ
2736 2208 2859 2279 μέλι
2891 2209 2985 2263 καὶ
3034 2209 3176 2278 γάλα
3206 2210 3429 2281 βλύζειν
3466 2209 3569 2281 τῆς

1982 2295 2352 2367 κληρονομίας
2388 2298 2487 2368 τὴν
2519 2298 2624 2368 γῆν
2644 2317 2658 2330 ·
2693 2299 2788 2354 καὶ
2819 2301 2879 2354 τὸ
2903 2303 3308 2373 πατριαρχικδν
3347 2304 3570 2373 σπέρμα

1984 2392 2386 2463 πληθυνθῆναι,
2419 2393 2495 2457 ὡς
2534 2394 2604 2447 τά
2667 2393 2847 2466 ἄστρα
2889 2396 2983 2449 τοῦ
3039 2396 3306 2468 οὐρανοῦ,
3344 2400 3438 2451 καὶ
3469 2399 3569 2467 τῆς

1983 2484 2259 2555 θαλάσσης
2278 2483 2378 2556 τὴν
2404 2485 2654 2555 ψάμμον.
2679 2485 2786 2539 Καὶ
2812 2486 2997 2557 μέντοι
3020 2489 3112 2542 καὶ
3137 2489 3306 2542 Δαὸὶδ
3339 2489 3567 2544 ἀναϐαί-

1983 2593 2093 2629 νειν
2115 2576 2264 2645 λέγει
2304 2577 2373 2630 τὰ
2421 2577 2644 2648 κύματα
2678 2578 2784 2643 ἕως
2808 2580 2918 2632 τῶν
2946 2580 3219 2651 οὐρανῶν,
3267 2583 3362 2635 καὶ
3392 2599 3564 2634 κατα-

1982 2667 2190 2723 ϐαίνειν
2208 2667 2310 2743 ἕως
2332 2668 2428 2739 τῆς
2444 2668 2708 2723 ἀϐύσσου.
2729 2670 2922 2723 Καίτοι
2943 2671 3001 2724 ἐν
3023 2672 3251 2734 ἐκείνοις
3275 2672 3375 2743 μὲν
3394 2675 3567 2743 ἄκρα-

1980 2760 2071 2823 τός
2097 2742 2246 2813 ἐστίν
2280 2762 2312 2832 ή
2344 2761 2621 2833 ὑπερϐολή
2649 2779 2662 2793 ⁸
2700 2762 2938 2817 ἐνταῦθα
3008 2763 3064 2817 δὲ
3096 2764 3185 2819 διὰ
3214 2765 3309 2818 τοῦ
3364 2768 3563 2829 εἰπεῖν,

1985 2847 2175 2920 Οἶμαι,
2200 2852 2262 2905 τὸ
2292 2852 2636 2924 ὑπερϐάλλον
2668 2855 2763 2923 τ’ής
2786 2854 2988 2922 λέξεως
3026 2857 3316 2926 ὲχάλασεν.
3354 2857 3566 2922 Ἀλλως

1980 2961 2039 2997 τε
2077 2946 2208 3015 ἡμῖν
2243 2948 2356 3009 τοῖς
2393 2944 2630 3015 μαθοῦσι
2684 2947 3083 3016 πνευματικῶς
3145 2952 3289 3002 νοεῖν
3344 2951 3412 3004 τὰ
3469 2950 3564 3003 τοῦ

1981 3036 2301 3107 Πνεύματος
2362 3037 2697 3109 ὑψηλότερον
2748 3039 2898 3092 δοκεῖ
2937 3044 3032 3093 καὶ
3071 3041 3263 3094 τούτου
3315 3042 3409 3095 τοῦ
3461 3044 3563 3115 ρη-

278 3130 537 3179 quoniam
589 3130 731 3165 luem
786 3130 971 3165 ιηυηιιι
1029 3130 1198 3165 ιοιιυδ
1230 3150 1245 3173 ,
1302 3130 1412 3164 llllll
1470 3130 1586 3181 ejus
1626 3130 1717 3179 (μη
1770 3130 1870 3165 Si")

278 3206 713 3276 intelligentiam,
786 3215 897 3259 tum
961 3205 1079 3275 ejus
1159 3204 1249 3274 qui
1313 3206 1412 3260 sub
1493 3220 1709 3259 sensum
1777 3220 1869 3258 ca-

1979 3130 2075 3181 τοῦ
2106 3131 2139 3199 ἡ
2161 3130 2393 3184 διάνοια.
2422 3131 2496 3183 Οὐ
2521 3132 2632 3201 γὰρ
2664 3132 2801 3202 μόνα
2837 3132 2987 3200 λέγει
3020 3131 3055 3187 ἃ
3096 3133 3357 3204 ἐποίησεν
3385 3136 3412 3188 ὁ
3455 3135 3563 3205 Ἰηο

1978 3218 2127 3276 σοῦς.
2155 3221 2449 3276 γενόμενος
2477 3220 2789 3276 ἄνθρωπος.
2825 3221 2943 3275 ἀλλ’
2975 3222 3163 3276 ἐπειδὴ
3206 3222 3373 3276 αὑτός
3414 3224 3563 3275 ἐστιν

1978 3218 2127 3286 σοῦς,
2155 3221 2449 3290 γενόμενος
2477 3220 2789 3293 ἄνθρωπος,
2825 3221 2943 3275 ἀλλ’
2975 3222 3164 3292 ἐπειδὴ
3206 3222 3373 3285 αὑτός
3414 3224 3565 3275 ἐστιν

1973 3315 2001 3366 ὁ
2031 3315 2449 3386 δημιουργήσας
2485 3316 2664 3368 πάντα
2703 3314 2794 3368 τὸν
2826 3308 3056 3384 κόσμον,
3093 3314 3187 3368 τὸν
3226 3315 3440 3387 νοητὸν,
3467 3317 3563 3368 καὶ

1973 3407 2067 3457 τὸν
2099 3404 2207 3458 ὑπὸ
2244 3404 2343 3476 τὴν
2366 3404 2644 3475 αἴσθησιν,
2684 3407 2735 3459 οἱ
2765 3405 2822 3459 δὲ
2869 3406 3076 3459 τούτων
3128 3404 3277 3475 λέγοι
3332 3408 3561 3479 ἄρρητοι

1974 3497 2068 3549 καὶ
2104 3496 2504 3566 άνέκφραστοι,
2540 3496 2634 3550 τὸν
2690 3496 2821 3567 περὶ
2852 3498 3033 3551 αὐτῶν
3079 3496 3239 3567 λόγον
3286 3498 3319 3568 ή
3382 3499 3560 3561 κτίσις

1972 3589 2080 3661 ἄρα
2108 3590 2355 3662 χωρῆσαι
2385 3592 2447 3644 οὑ
2480 3590 2728 3646 δύναται.
2760 3592 2859 3656 Τίς
2892 3593 3002 3664 γὰρ
3028 3591 3095 3647 ἂν
3125 3591 3405 3664 ἑξισχύσοι
3458 3592 3559 3664 τὴν

1972 3682 2207 3738 ἑκάστου
2275 3684 2458 3737 αἰτίαν
2509 3684 2869 3751 καταλαϐεῖν,
2904 3686 2997 3738 καὶ
3050 3686 3216 3751 πόσα,
3245 3686 3340 3739 καὶ
3366 3683 3457 3740 διὰ
3482 3685 3557 3751 τί,

1970 3775 2103 3828 ὅπου
2140 3775 2276 3846 μηδὲ
2327 3776 2399 3828 τὰ
2430 3776 2716 3848 γραφέντα
2772 3775 3090 3849 ἐχώρησεν;
3127 3774 3251 3830 οὔτε
3305 3776 3415 3847 γὰρ
3457 3777 3558 3847 τὴν

1970 3867 2366 3939 ἀκτημοσύνην
2419 3871 2594 3939 χωρεῖ
2637 3871 2665 3923 ὁ
2700 3868 2876 3933 δειλὸς
2939 3871 3035 3922 καὶ
3091 3871 3411 3935 ἀκόλαστος,
3461 3873 3557 3925 καὶ

1972 3960 2053 4023 εἰς
2109 3959 2375 4014 ἀσυνέτου
2441 3960 2497 4014 δὲ
2562 3961 2796 4030 καρδίαν
2833 3962 2997 4031 σοφία
3036 3962 3137 4015 οὐκ
3162 3962 3553 4019 είσελεῠσεται.

1983 4053 2126 4108 Ἀλλ’
2158 4056 2291 4127 ἡμῖν
2315 4072 2379 4123 γε
2408 4056 2653 4126 χωρητοὶ
2677 4055 2926 4123 γένοιντο
2942 4056 3051 4109 τῶν
3075 4057 3290 4128 ἀρετῶν
3310 4057 3361 4111 oi
3379 4056 3551 4125 λόγοι,

1969 4145 2417 4214 καταυγάζυντες
2480 4147 2645 4216 ἡμῶν
2673 4147 2734 4200 τὸ
2783 4148 3142 4219 ἡγεμονικὸν,
3202 4150 3421 4220 καὶτῆς
3456 4150 3552 4204 τοῦ

1967 4238 2179 4307 κόσμου
2211 4238 2357 4302 ίλὺος
2410 4239 2781 4308 μεθιστῶντες
2839 4243 2990 4312 ἡμᾶς
3029 4243 3168 4314 πρὸς
3199 4243 3339 4315 ἔργα
3369 4244 3556 4298 θεοσε-

1966 4332 2120 4394 ﬁcia;
2162 4331 2650 4402 μετακομίζοντες,
2680 4334 2868 4406 χάριτι
2896 4335 2998 4405 τῆς
3022 4335 3351 4404 ὑπερφώτου
3382 4336 3553 4407 Τριά-

1965 4426 2078 4493 δθῖο
2183 4426 2387 4498 πρέπει
2439 4425 2570 4492 δόξα
2633 4429 2713 4491 εἰς
2763 4430 2890 4491 τοὺς
2944 4427 3148 4492 αἰῶνας
3175 4428 3284 4483 τῶν
3312 4428 3550 4486 αἰώνων.

2567 4611 2815 4665 ΟΜΙΛΙΑ
2846 4611 2976 4666 AH'.

2388 4706 2493 4769 Είς
2525 4702 2641 4772 τὴν
2689 4701 3104 4772 Σαμαρείτιδιι.

2045 4797 2135 4861 Ὠς
2166 4797 2618 4868 ἀπροοιμιάστως
2650 4796 2731 4866 τῷ
2784 4799 3004 4867 Σωτῆρι
3069 4798 3311 4868 σήμερον
3342 4796 3549 4868 νοητῶς

1960 4889 2291 4959 ὲφεψώμεθα
2322 4888 2382 4954 ἐξ
2427 4889 2790 4959 Ἰερουσαλὴμ
2816 4892 2896 4953 εἰς
2925 4890 3026 4960 τὴν
3049 4890 3343 4945 Γαλιλαίαν
3375 4892 3547 4946 ἀπαί-

1966 4999 2138 5052 ροντι,
2169 4983 2266 5036 καὶ
2294 4979 2415 5035 ὁδοῦ
2447 4982 2733 5052 πάρεργον
2785 4980 3098 5054 ποιουμένῳ
3139 4981 3238 5054 τὴν
3270 4982 3548 5052 σωτηρίαν

1960 5076 2060 5145 τῆς
2088 5076 2505 5145 Σαμαρείτιδος.
2537 5077 2739 5145 Ἔργον
2776 5077 2874 5146 μὲν
2898 5078 3007 5146 γὰρ
3035 5072 3105 5148 ἦν
3132 5078 3336 5149 αὑτῷἡ
3371 5095 3549 5146 σωτη..

1963 5169 2054 5237 ρία
2103 5169 2215 5223 τῶν
2279 5168 2416 5223 υίῶν
2461 5169 2704 5241 Ἰσραὴλ,
2748 5170 2886 5239 πρὸς
2942 5168 3037 5234 οὓς
3097 5172 3195 5224 καὶ
3249 5171 3543 5241 ἐλήλυθεν·

1960 5260 2098 5314 ἀλλὰ
2123 5261 2211 5314 διὰ
2234 5261 2333 5331 τὴν
2365 5259 2593 5313 ἐκείνων
2623 5259 2912 5314 ἀπείθειαν
2941 5259 3179 5325 ἐξελθὼν
3209 5260 3428 5331 ἔρχεται
3462 5262 3546 5324 είς

1958 5354 2309 5423 Σαμάρειαν,
2346 5357 2575 5423 σημεῖον
2612 5350 2777 5404 τοῦτο
2825 5351 3020 5415 τιθεὶς,
3054 5352 3132 5414 ὡς
3179 5354 3240 5417 ἐξ
3274 5355 3544 5423 Ἰερουσαα

1959 5448 2072 5517 λὴμ
2100 5446 2547 5517 διασπαρήσεται
2574 5445 2654 5506 είς
2684 5443 2865 5497 πάντα
2902 5442 2972 5497 τὰ
3003 5443 3135 5515 ἔθνη
3190 5445 3252 5499 τὸ
3301 5443 3548 5514 Εὐαγγέ-

336 5583 357 5614 ⁸
387 5584 506 5638 Act.
540 5600 575 5648 ι,
614 5585 665 5653 I,
740 5556 958 5640 ‘PDc'ut.
990 5600 1083 5647 ιι,
1114 5583 1166 5639 1.
1250 5583 1292 5615 ¹⁰
1319 5583 1473 5638 Deut.
1511 5598 1585 5649 rt,
1628 5584 1682 5638 5.
1761 5584 1803 5615 ¹¹
1838 5583 1870 5638 (ὲ

2009 5598 2143 5648 xxu,
2176 5582 2261 5635 17.
2340 5582 2383 5614 ¹²
2412 5580 2554 5637 Psal.
2585 5593 2694 5643 CVI,
2720 5578 2811 5634 26.
2895 5580 2936 5611 ¹³
2970 5579 3097 5650 Sap.
3132 5564 3173 5641 l,
3204 5579 3260 5634 4.

1509 5694 1829 5758 Francisci
1861 5695 2071 5757 Scorsi
2118 5707 2308 5758 noue.

339 5816 451 5888 (8‘).)
482 5816 655 5887 Super
687 5837 837 5876 omne
873 5820 1065 5879 lumen.
1098 5821 1208 5894 Τῆς
1236 5821 1562 5893 ὑπερφὼτου
1594 5820 1849 5892 Τριάδος.

1978 5836 2050 5879 “ea
2085 5821 2186 5877 hoc
2216 5819 2542 5878 vocabulum
2574 5820 2692 5877 ride
2722 5820 2869 5878 hom.
2904 5821 2957 5889 5,
2990 5828 3102 5877 not.
3137 5817 3233 5874 ult.
