4042 6458
423 490 527 553 7‘2l

1720 487 2052 550 HOMlLlA
2088 489 2358 551 XXXVII
2375 492 2418 554 l.

3593 481 3700 546 7‘22

412 605 559 659 λιον.
591 603 706 676 Τὴν
733 605 834 676 μὲν
865 596 960 657 οὖν
995 602 1177 674 ὁρμὴν
1207 617 1284 666 εις
1313 603 1412 672 τὴν
1449 601 1746 656 Γαλιλαίαν
1771 604 2007 655 ἐποιεῖτο

2115 605 2208 658 sed
2258 606 2512 672 quoniam
2566 621 2660 676 per
2714 599 3018 660 Samariam
3069 604 3308 658 transire
3369 618 3505 673 opus
3557 614 3698 669 erat,

420 701 452 752 ὁ
494 697 696 765 Κύριος
726 712 742 726 ⁸
768 698 960 768 ἐπειδὴ
993 697 1050 750 δὲ
1084 697 1173 750 διὰ
1214 698 1315 760 τῆς
1346 695 1666 766 Σαμαρείας
1715 693 1822 747 ἔδει
1861 693 2010 763 διέρ-

423 791 648 860 χεσθαι,
676 790 779 844 οὐκ
809 790 1016 860 ἁκερδῆ
1051 777 1288 843 ποιεῖται
1343 788 1443 858 τὴν
1493 786 1731 857 πάροδον
1760 803 1774 817 ·
1809 785 2014 856 μᾶλλον

422 881 488 934 δὲ
537 883 589 935 εί
642 881 750 952 χρὴ
791 883 839 934 τ’
869 880 1070 953 ἀληθὲς
1113 882 1361 942 σκοπεῖν,
1395 879 1494 930 οὐκ
1547 880 1610 930 ὲκ
1666 876 2011 941 ταυτομάτου

422 973 640 1036 γίνεται.
674 973 774 1040 τῆς
826 971 1226 1042 Σαμαρείτιδος
1270 971 1304 1041 ἡ
1335 970 1474 1040 πρὸς
1515 967 1605 1021 τδν
1637 967 1868 1036 Σωτῆρα
1897 966 2014 1021 διά·

421 1063 596 1129 λεξις.
646 1065 786 1118 Ἀλλ’
819 1065 846 1117 ὁ
873 1065 1052 1118 πάντα
1079 1063 1472 1134 συμφερόντως
1515 1060 1841 1130 οἰκονομῶν,
1880 1076 2012 1126 προ-

420 1156 584 1220 ειδὼς
614 1157 712 1227 τὴν
740 1158 1011 1226 ἐσομένην
1040 1156 1316 1226 σωτηρίαν
1344 1158 1454 1218 τοῖς
1506 1154 1898 1226 Σαμαρείταις,
1925 1151 2014 1204 διὰ

421 1247 635 1316 ταύτης
667 1249 778 1320 ἵησι
811 1250 909 1316 τῆς
936 1247 1082 1302 ὀδοῦ.
1113 1243 1219 1300 Ἦν
1265 1249 1372 1316 γὰρ
1433 1246 1634 1315 μᾶλλον
1685 1245 2013 1314 εὺστιχὼτε-

424 1358 526 1410 ρον
557 1341 646 1394 διὰ
676 1342 776 1411 τῆς
820 1340 1034 1410 Ἱεριχὼ
1069 1339 1206 1410 πρὸς
1273 1339 1372 1409 τὴν
1404 1340 1700 1392 Γαλιλαίαν
1751 1337 2012 1408 εὐθυδρο-

425 1435 575 1502 psi-1.
608 1433 730 1485 Ὀτι
785 1433 842 1485 δὲ
883 1432 1029 1485 τοῦτ’
1056 1431 1310 1484 ἐϐούλετο
1338 1431 1484 1501 αὐτῷ
1516 1433 1546 1500 ἡ
1573 1433 1637 1484 ἐκ
1694 1433 1791 1498 τῆς
1829 1429 2012 1500 Σαμά-

424 1541 587 1593 pata;
614 1524 908 1591 διέλευσις,
943 1523 1192 1595 εὔδηλον.
1231 1524 1368 1577 Κατ’
1400 1524 1572 1593 αὐτὴν
1609 1522 1714 1592 γὰρ
1758 1517 1861 1593 ἧκε
1914 1522 2013 1592 τὴν

420 1617 577 1686 ὤραν
606 1619 664 1670 ὲν
700 1619 764 1687 τῇ
792 1619 967 1687 πηγῇ,
1005 1616 1129 1669 καθ’
1172 1617 1244 1688 ἣν
1274 1617 1392 1688 ᾔδει
1421 1617 1522 1685 τὴν
1566 1617 1802 1684 γυναῖκα
1855 1615 2012 1684 ἥκειν

430 1709 833 1779 ἀντλήσουσαν.
875 1710 1045 1762 ιίόοεν
1078 1709 1134 1762 δὲ
1164 1710 1212 1762 οἱ
1242 1711 1605 1778 Σαμαρεῖται,
1637 1708 1732 1762 καὶ
1757 1709 1809 1759 τί
1850 1709 1911 1760 τὸ
1946 1709 2011 1761 ἐκ

419 1802 527 1870 τῆς
551 1801 798 1872 κλήσεως
835 1805 1266 1873 σημαινόμενον,
1300 1803 1397 1855 καὶ
1429 1802 1553 1855 ὅτου
1586 1800 1749 1871 χάριν
1778 1800 2012 1870 ἡγοῦντο

418 1895 487 1946 τὸ
515 1895 646 1964 napi
679 1895 829 1963 σφίσι
863 1895 924 1948 τὸ
951 1895 1077 1965 ὅρος
1133 1895 1515 1966 προσκυνητὸν
1573 1911 1634 1946 τε
1695 1893 1786 1946 καὶ
1851 1893 2011 1946 σεύά-

2118 697 2286 752 noluit
2320 699 2522 752 nullum
2567 714 2633 753 ex
2671 699 2759 753 illo
2804 699 3041 752 transitu
3088 699 3298 752 lucrmn
3357 696 3537 750 facere
3569 711 3584 748 :
3622 695 3702 748 vel
3774 756 3778 758 ,

2115 791 2314 856 potius,
2349 790 2392 844 si
2427 806 2615 844 verum
2667 800 2920 858 reputare
2967 791 3246 854 convenit,
3301 805 3405 842 non
3442 787 3541 841 fuit
3591 787 3704 840 for-

2118 882 2246 935 tuita
2275 898 2395 936 cum
2439 881 2666 938 Domino
2717 884 3078 936 Samaritante
3106 882 3443 950 congressio.
3475 880 3578 933 Sed
3611 894 3683 946 qu

2114 975 2298 1028 omnia
2350 975 2416 1029 ad
2461 974 2748 1028 utilitatem
2803 984 3044 1027 nostram
3099 972 3362 1042 disponit,
3414 972 3704 1041 providens

2116 1064 2350 1119 futuram
2404 1065 2764 1120 Samaritana
2800 1067 3068 1128 salutem,
3123 1079 3241 1116 eam
3297 1063 3574 1132 ingressus
3619 1069 3706 1118 cst

2115 1160 2277 1212 viam.
2300 1159 2674 1212 Rectiorcnim
2697 1167 2750 1212 et
2780 1158 2990 1211 facilior
3015 1157 3096 1211 via
3124 1156 3235 1226 (85)
3257 1173 3349 1225 per
3363 1156 3582 1211 Jericho
3601 1153 3703 1208 du-

2114 1252 2269 1305 Cebal
2285 1251 2336 1304 in
2357 1250 2655 1305 Galilaeam.
2677 1251 2815 1317 Quin
2837 1266 2900 1303 ex
2921 1250 3023 1303 hnc
3047 1249 3206 1303 etiam
3229 1247 3568 1316 perspicuum
3591 1257 3696 1310 est,

2114 1342 2262 1396 illum
2297 1359 2392 1410 per
2422 1343 2722 1396 Sa‘mariatn
2759 1357 2823 1396 eo
2846 1339 3075 1394 consilio
3115 1339 3218 1392 iter
3244 1336 3516 1399 habuisse,
3556 1335 3700 1404 quod

2113 1433 2298 1487 eadem
2352 1434 2483 1487 hora
2535 1434 2608 1487 ad
2657 1432 2862 1487 fontem
2921 1433 3194 1494 accessit,
3257 1447 3360 1498 qua
3419 1429 3698 1483 mulierem

2114 1528 2338 1592 petitum
2377 1543 2573 1594 aquam
2611 1527 2738 1582 illuc
2798 1537 3082 1580 venturam
3133 1524 3357 1578 sciebat.
3390 1521 3543 1577 Unde
3577 1537 3702 1576 vero

2115 1618 2398 1673 Sauarilte
2441 1620 2704 1687 originem
2762 1620 3017 1681 habeant.
3069 1628 3122 1672 et
3156 1618 3284 1684 qttid
3339 1617 3438 1671 hoc
3483 1616 3704 1670 nomine

2111 1711 2486 1780 signiﬁcetur,
2544 1722 2598 1765 et
2638 1727 2744 1778 qua
2794 1726 2960 1765 causa
3007 1710 3378 1778 judicavcrint
3430 1717 3698 1771 montem,

2111 1806 2200 1874 qui
2231 1804 2370 1874 apud
2400 1820 2458 1860 sc.
2484 1813 2628 1858 esset
2655 1804 2720 1857 ad
2753 1803 3090 1858 adorandum
3119 1815 3173 1858 et
3211 1802 3499 1857 colendum
3533 1799 3700 1854 [tcum

2113 1899 2213 1952 sibi
2267 1913 2386 1953 esse
2434 1898 2810 1963 constitutum,
2865 1896 3063 1965 quidve
3094 1911 3188 1950 eos
3230 1895 3477 1964 impuros
3527 1891 3701 1948 Judtri

423 2001 610 2052 σμιον,
651 1985 743 2038 καὶ
767 1986 857 2040 διὰ
877 1986 930 2038 τί
958 1986 1187 2051 τούτους
1213 1989 1262 2040 οἱ
1297 1986 1549 2040 Ἰουδαῖοι
1578 1985 2005 2056 κεχραμμὲνο·›ς

2112 1989 2432 2060 judicarint,
2485 2006 2549 2043 cx
2603 1989 2774 2044 sacris
2819 1987 3042 2042 Litteris
3091 1988 3397 2042 orationem
3451 1985 3702 2041 intexens

421 2082 697 2152 ἐνόμιζον,
733 2083 798 2137 ἐκ
845 2083 955 2137 τῶν
1009 2083 1173 2156 ἱερῶν
1235 2085 1594 2156 Γραμμάτων
1657 2083 1870 2153 ὑφάνας
1915 2083 2008 2136 τὸν

420 2175 582 2244 λόγον
609 2179 980 2250 ἐπιτροχάδην
1005 2179 1310 2248 ποιήσομαι
1339 2178 1436 2248 τὴν
1487 2180 1792 2249 ἀφήγησιν.

495 2269 668 2324 Τοῦτο
689 2270 814 2341 ὅρος
849 2270 1022 2324 πάλαι
1081 2271 1202 2341 μὲν,
1241 2272 1348 2341 πρὸ
1393 2268 1487 2324 τοῦ
1531 2269 1792 2339 ἐπιϐῆναι
1822 2272 1889 2340 τῇ
1935 2269 2006 2340 γῇ

417 2361 519 2430 τῆς
553 2363 888 2432 ἐπαγγελίας
911 2365 1001 2417 τὸν
1027 2363 1182 2432 ἅγιον
1209 2363 1466 2433 Ἀϐραὰμ
1490 2403 1505 2427 ,
1540 2363 1812 2433 ἐκτήσατο
1855 2363 2008 2431 Ζαμ-

2115 2081 2312 2137 cursim
2338 2097 2622 2152 exponam.

2191 2265 2348 2321 Hunc
2378 2281 2508 2320 sane
2543 2276 2782 2321 montem
2819 2265 3123 2336 antiquitus
3150 2276 3441 2336 anu-quam
3479 2273 3702 2318 sanctas

2116 2358 2390 2413 Abraham
2411 2357 2519 2429 (84)
2541 2359 2595 2412 in
2615 2367 2818 2413 terram
2832 2358 3212 2429 promissionis
3227 2358 3526 2418 adveniret,
3543 2357 3704 2411 Zam-

1661 2475 1988 2539 Francisci
2018 2474 2233 2538 Scorsi
2271 2481 2458 2538 notas.

498 2604 609 2679 (83)
663 2602 871 2679 Rectior
917 2612 966 2657 et
1018 2602 1234 2679 facilior
1285 2602 1389 2679 υῑᾳ-
1432 2601 1681 2679 -Πιιιιιῖοῖθ
1733 2602 1850 2664 Vim.
1904 2614 2009 2679 Ψ¹³

421 2671 714 2733 conuocari
749 2681 959 2740 poterat
992 2671 1056 2726 ex
1092 2673 1313 2728 Gztlilma
1343 2673 1394 2725 in
1426 2671 1665 2728 Indicam
1708 2685 1758 2725 et
1804 2687 1868 2726 ex
1914 2673 2015 2726 hac

423 2761 618 2802 rursus
665 2745 718 2797 in
757 2744 925 2805 illam,
962 2747 1290 2798 mentionem
1343 2743 1470 2796 facit
1504 2743 1590 2796 hic
1639 2744 1779 2795 idem
1826 2754 2016 2796 auctor

421 2819 573 2873 Itoni.
603 2815 689 2874 15,
720 2815 802 2868 his
831 2816 1045 2868 verbis:
1076 2816 1214 2868 Ἰετο
1245 2813 1344 2882 μὲν
1378 2815 1405 2867 ὁ
1429 2813 1618 2883 Σωτὴρ
1642 2816 1712 2883 sic,
1727 2812 1827 2883 τῆς
1857 2813 2017 2867 Γαλι-

425 2889 584 2942 λαίας
609 2889 688 2949 είς
722 2884 1101 2954 Ἰερουσαλὴμ,
1128 2885 1427 2952 δυνάμενος
1454 2884 1547 2936 καὶ
1569 2882 1664 2937 ἀπ’
1686 2882 1851 2952 ἄλλης
1879 2884 2015 2937 ίέναι

421 2959 546 3012 εἰδοῦ
564 2974 580 2990 ο
610 2957 702 3008 καὶ
726 2958 842 3025 γὰρ
866 2957 929 3007 ἐκ
963 2955 1278 3024 Σαμαρείας
1303 2954 1688 3026 ῥᾲδιονέλθείν
1717 2956 1795 3016 εἰς
1815 2954 1982 3026 Ἰερου
2000 2985 2014 2998 -

426 3028 632 3096 σαλὴμ,
667 3022 819 3096 ὅμως
863 3022 1247 3092 οἰκονομικῶς.
1298 3022 1404 3096 etc.
1441 3041 1455 3078 :
1489 3022 1862 3078 Revertcbatnr
1889 3022 2015 3080 sane

423 3093 1156 3166 DominusHierosolymam
1192 3112 1256 3148 ex
1291 3093 1554 3155 Galilaza;
1586 3106 1635 3148 et
1681 3111 1795 3147 cum
1841 3108 2014 3164 posset

423 3171 585 3222 aliam
623 3168 756 3220 inire
787 3168 920 3218 viam
951 3164 1036 3232 (ea:
1071 3164 1320 3219 Samaria
1351 3167 1487 3219 enim
1523 3165 1699 3233 facilis
1727 3174 1840 3218 erat
1869 3167 2012 3219 redi-

427 3249 510 3292 tus
555 3237 1028 3306 Hierosolymam).
1061 3247 1201 3306 certo
1227 3244 1400 3288 tamen
1445 3236 1690 3306 consilio.
1728 3247 1834 3306 etc.
1890 3236 2014 3291 lltec

2113 2603 2206 2654 sed
2257 2601 2343 2654 ubi
2404 2614 2498 2664 per
2540 2599 2947 2658 Jericlumtem.
2991 2617 3150 2670 quam
3206 2603 3351 2656 alluit
3403 2602 3701 2667 Iordanes,

2114 2683 2350 2740 0030mm
2382 2671 2484 2725 iter
2513 2686 2670 2726 secns
2707 2673 2879 2740 ipsum
2932 2671 3153 2734 llnnn-n,
3205 2684 3262 2726 ιιι
3302 2675 3435 2735 dixi,
3467 2683 3612 2727 recta
3649 2677 3700 2730 in

2113 2739 2349 2812 Galilaeae
2378 2742 2533 2812 lines,
2564 2752 2618 2796 et
2649 2739 2800 2796 mare
2827 2741 3132 2796 Tiberiadis
3166 2745 3433 2812 perveniri
3466 2755 3696 2810 poterat.

2113 2811 2193 2864 Ad
2232 2813 2372 2877 quod
2408 2809 2768 2877 Theophanes
2802 2814 3120 2880 respiciens,
3161 2809 3289 2868 usus
3324 2809 3572 2870 fortassis
3620 2827 3703 2870 est

2115 2882 2296 2936 verbis
2344 2881 2762 2955 εύστιχὼτερον,
2815 2883 3296 2955 ειῌεύθυᾷβσμεῖν.
3344 2883 3479 2939 Nam
3525 2887 3701 2955 στίχοι

2116 2961 2244 3005 sunt
2277 2953 2496 3007 ordines
2536 2962 2589 3006 et
2627 2969 2838 3009 versus.
2874 2952 3027 3008 Unde
3063 2953 3262 3009 factum
3295 2971 3490 3010 nomen
3523 2952 3701 3011 εὔστι-

2113 3039 2228 3092 χος,
2267 3023 2421 3096 quasi
2457 3037 2550 3090 per
2581 3024 2825 3096 ordinem
2878 3024 3052 3096 ipsum
3099 3036 3154 3080 et
3201 3041 3412 3080 versmn
3451 3042 3699 3096 pergere,

2113 3109 2274 3165 quem
2303 3095 2354 3146 in
2387 3108 2443 3148 re
2483 3104 2665 3146 nostra
2713 3095 2871 3149 dabat
2900 3098 3010 3162 ipsa
3039 3095 3275 3149 ﬂuminis
3302 3097 3436 3165 ripa,
3468 3106 3515 3151 et
3543 3098 3702 3150 εὑου-

2112 3162 2337 3236 ῥρομεῖν
2370 3173 2625 3236 esti-ecta
2669 3180 2994 3232 percurrere,
3027 3167 3169 3234 quod
3217 3162 3362 3235 patet
3394 3182 3457 3219 ex
3496 3177 3696 3236 etymo.

2114 3231 2241 3286 llaec
2266 3235 2394 3288 mibi
2426 3235 2652 3288 dicenda
2671 3231 2802 3289 Sttnt
2832 3236 2942 3289 visa
2978 3231 3184 3291 att—haec
3214 3231 3450 3291 auctoris
3481 3231 3595 3291 loca
3623 3239 3698 3290 ita

421 3309 519 3396 ibi.
552 3319 606 3363 et
644 3309 713 3396 ita
745 3303 936 3396 revera
968 3303 1234 3396 esu-Cum
1268 3307 1410 3396 enim
1455 3304 1881 3396 Samariarint'er
1903 3307 2010 3396 Ga:
2036 3335 2080 3396 Ο
2115 3303 2457 3396 (inplicanda,
2493 3314 2548 3396 ut
2589 3321 2761 3396 neque
2798 3306 2939 3388 inter
2969 3321 3049 3396 se,
3085 3323 3262 3373 neque
3293 3307 3702 3396 veritatiutlissi:

423 3379 617 3437 li'azazn
650 3388 703 3432 et
735 3376 971 3431 inda-am
1011 3376 1253 3430 intersita
1297 3377 1387 3438 sit,
1421 3391 1515 3442 per
1545 3391 1662 3430 eam
1707 3377 1878 3430 facilis
1923 3388 2007 3432 est

420 3449 503 3505 via
544 3453 610 3501 ad
641 3458 914 3500 extremm
956 3445 1343 3513 commigrandi
1401 3446 1558 3498 lines.
1605 3445 1757 3511 Quod
1809 3446 2006 3500 choro-

423 3520 704 3589 graphiaut
755 3517 1066 3570 Atlricltomi
1119 3516 1326 3589 Delphi,
1376 3525 1430 3569 et
1464 3515 2004 3589 Abrahamiprtelii,

424 3586 761 3654 aliorumque
824 3587 1340 3655 cosmographorum
1395 3586 1660 3652 spectanti
1713 3586 1796 3639 vel
1835 3588 2005 3641 oculis

424 3659 559 3727 ipsis
597 3657 796 3712 intueri
851 3657 998 3727 licet.
1051 3656 1236 3709 Altera
1285 3658 1369 3708 via
1419 3665 1539 3709 erat
1588 3670 1684 3723 per
1729 3657 2002 3724 regionem

421 3725 661 3783 Peraeam
714 3738 862 3781 trans
904 3725 1192 3781 Iordanem
1227 3728 1455 3790 positam
1492 3741 1648 3778 secus
1685 3727 1856 3793 ipsum
1903 3727 2005 3779 llu-

423 3815 550 3853 men
575 3798 849 3859 euntibus,
877 3812 942 3852 ac
988 3795 1329 3850 flectentibus
1359 3811 1454 3864 per
1484 3796 1876 3850 .lerit-huntetn.
1907 3797 2007 3850 l’er

424 3871 564 3923 hanc
594 3868 844 3924 Christus
877 3884 942 3921 ex
971 3866 1190 3922 Galilaea
1219 3866 1640 3934 Hierosolymam
1667 3867 1908 3920 ascendit
1939 3868 2004 3920 ad

423 3941 620 3994 festum
653 3937 1131 4007 Scennpegiornm,
1167 3952 1270 3990 non
1306 3927 1610 4002 manifeste,
1645 3938 1736 3990 sed
1765 3937 1918 4003 quasi
1951 3938 2003 3991 in

422 4009 656 4070 occulto,
687 4018 742 4062 ut
776 4008 934 4062 habet
962 4007 1222 4070 Joannes,
1252 4021 1372 4076 cap.
1395 4007 1451 4070 7,
1481 4010 1622 4076 quod
1653 4007 1814 4060 tradit
1841 4008 2003 4062 etiam

421 4079 708 4136 Cornelius
744 4094 771 4130 a
809 4076 1031 4146 Lapite,
1066 4086 1120 4131 et
1151 4077 1420 4144 duplicem
1465 4079 1609 4131 viam
1661 4093 1688 4129 a
1727 4078 1879 4131 nobis
1908 4080 2006 4132 de-

421 4151 676 4217 scriptam
709 4156 1097 4202 commemorat
1128 4165 1142 4203 :
1174 4147 1342 4217 Unde.
1376 4148 1576 4213 inquit,
1612 4147 1816 4201 videtur
1848 4147 2004 4203 Chri-

421 4216 544 4274 stus
584 4235 688 4272 non
735 4227 873 4272 recto
907 4220 1093 4272 itinere
1138 4235 1229 4286 per
1268 4216 1596 4279 Samariam,
1642 4218 1732 4269 sed
1780 4220 2004 4273 transito

420 4288 658 4343 Iordane
699 4305 789 4356 per
824 4286 1062 4341 Peneum
1111 4287 1394 4355 profectus,
1433 4288 1595 4357 juxta
1643 4287 2004 4344 Jeric/mntem

422 4360 656 4414 dimissis
688 4358 866 4425 populi
897 4357 1062 4410 turbis
1097 4375 1212 4410 eum
1259 4360 1658 4412 asseclantibus.
1693 4359 1766 4412 lta
1795 4357 2004 4414 Corne-

423 4429 548 4485 lius.
570 4428 651 4484 Ex
682 4431 766 4484 his
789 4438 968 4482 autem
1001 4430 1170 4483 videri
1206 4427 1389 4483 forsan
1423 4429 1620 4497 poterit
1647 4426 2006 4497 TheOphanes

424 4511 610 4555 noster
640 4500 932 4560 coitu-aria,
974 4506 1038 4568 et
1088 4513 1210 4552 cum
1258 4514 1336 4562 re,
1377 4510 1432 4553 et
1479 4515 1660 4552 secum
1711 4501 2003 4568 pugnantia

422 4571 622 4635 dicere,
647 4585 767 4623 cum
793 4569 943 4622 hom.
971 4567 1170 4639 illa_15,
1193 4568 1389 4622 dixerit
1413 4569 1593 4639 ῥᾴδιον
1617 4567 1879 4622 tacente
1903 4571 2006 4622 Σα-

425 4641 659 4710 μαρείας
694 4641 776 4710 εἰς
823 4637 1198 4710 Ἰερουσαλήμ,
1228 4640 1314 4710 hic
1356 4637 1535 4691 autem
1582 4640 1782 4708 μᾶλλον
1825 4643 2004 4693 εὐστε-

457 4707 660 4779 ώτερον
692 4709 780 4762 διὰ
811 4709 912 4778 τῆς
936 4707 1172 4780 ίἹεριχὼ
1209 4709 1345 4779 πρὸς
1379 4710 1477 4778 τὴν
1498 4707 1792 4763 Γαλιλαίαν
1839 4711 2001 4763 εὐθυ-

457 4728 660 4779 ωτερον
692 4728 780 4762 οια
811 4728 912 4778 της
979 4728 1172 4780 ιεριχω
1209 4728 1345 4779 προς
1379 4728 1477 4778 την
1500 4728 1792 4763 ιαιειΑαιαν
1839 4728 2001 4763 sucu-

420 4728 664 4851 ἔρομεῖν.
732 4780 862 4851 Scd'
901 4779 946 4851 _si
1008 4782 1170 4851 verba
1241 4780 1643 4851 per-penduntur
1666 4821 1680 4844 ,
1718 4791 1804 4851 _et
1869 4782 2006 4837 ratio

422 4849 704 4920 utriusque
730 4849 946 4904 itineris
972 4849 1372 4920 consideretur,
1405 4850 1681 4920 conciliari
1718 4849 1833 4905 haec
1863 4851 2005 4905 dicta

423 4919 705 4988 poterunt;
758 4921 931 4987 primo
979 4919 1124 4973 enim
1180 4919 1351 4990 solum
1391 4919 1469 4972 ait
1518 4921 1720 4990 ῥᾴδιον,
1770 4921 1872 4975 hoc
1925 4933 2010 4976 est

425 4991 581 5059 facile
614 4991 782 5044 fuisse
814 4989 1032 5044 Christo
1067 4992 1110 5044 si
1141 4989 1421 5050 voluisset,
1464 4989 1571 5042 ubi
1600 4991 1831 5059 primum
1871 4991 2006 5047 fines

422 5058 656 5116 Galilasaz
686 5070 832 5116 esset
861 5075 1130 5128 egressus.
1177 5068 1232 5113 et
1276 5059 1327 5112 in
1371 5058 1671 5114 Samariam
1707 5063 2003 5130 ingressus,

420 5145 484 5184 ex
527 5147 590 5182 ea
640 5133 727 5200 (ἐκ
759 5131 859 5199 τῆς
895 5130 1214 5200 Σαμαρείας
1257 5131 1400 5183 enim
1451 5131 1560 5198 ait,
1614 5148 1718 5185 non
1766 5133 1856 5184 διὰ
1907 5134 2006 5201 τῆς

422 5201 761 5271 Σαμαρείας)
792 5216 856 5254 ex
888 5217 974 5261 ea,
1018 5203 1259 5268 inquam,
1298 5215 1522 5268 pergere
1557 5213 1700 5254 recta
1747 5201 2004 5257 Hieroso-

420 5271 651 5340 lymam;
686 5287 811 5324 nam
843 5273 960 5325 sine
991 5271 1158 5324 dubio
1188 5281 1241 5323 et
1290 5281 1431 5324 recta
1466 5281 1519 5324 et
1570 5273 1742 5328 facilis
1782 5282 1865 5326 est
1895 5275 2002 5340 via,

407 5343 478 5392 'nt
508 5341 620 5407 jam
669 5357 733 5394 ex
779 5341 1290 5409 cosmograpborum
1331 5351 1382 5393 et
1417 5341 1650 5394 Cornelii
1693 5343 2004 5398 testimonio

420 5410 650 5464 ostendi.
679 5410 787 5464 Sed
816 5426 938 5464 cum
963 5426 1025 5466 ex
1053 5411 1235 5464 Juda’a
1261 5412 1312 5463 iu
1337 5411 1568 5466 Calilara:
1596 5415 1726 5466 lines
1765 5413 2000 5467 eundum

420 5490 557 5553 erat,
588 5481 681 5551 qui
731 5498 826 5550 per
872 5481 1172 5553 Samariam
1209 5480 1418 5535 iniisset
1466 5482 1584 5547 iter,
1620 5494 1910 5553 antequam
1949 5484 2000 5537 in

421 5548 695 5622 Galilaeam
732 5548 922 5622 pedem
959 5549 1205 5615 inferret,
1235 5554 1595 5622 occurrebant
1637 5548 1869 5617 monies,
1911 5553 2000 5622 qui

420 5621 695 5693 aliquanto
736 5621 1026 5693 tliflicitius,
1056 5631 1110 5674 et.
1142 5621 1584 5693 fortassisetiam
1618 5622 1831 5689 longius
1859 5621 2002 5693 pra:-

423 5691 620 5744 bcbant
662 5693 806 5746 iter:
838 5692 922 5745 vel
967 5693 1010 5746 si
1053 5693 1260 5745 evitare
1317 5691 1438 5758 quis
1469 5706 1562 5746 eos
1601 5691 1885 5758 voluisset,
1909 5698 2002 5749 de-

421 5759 742 5815 flectendum
778 5762 842 5815 ad
874 5763 1060 5816 laevam
1104 5760 1438 5816 l’ttceniciam
1484 5777 1692 5826 versus,
1729 5776 1781 5818 et
1827 5780 1996 5828 mare,

417 5838 475 5904 et
509 5847 606 5904 per
633 5846 884 5900 campum
919 5847 1172 5904 magnum
1206 5832 1489 5896 Esdrclou,
1523 5836 1610 5901 qui
1645 5850 1766 5888 cum
1802 5839 1999 5904 oppido

421 5900 681 5955 Esdrclon
708 5902 1048 5971 cognominis
1076 5900 1714 5970 est,pertranseumhun.
1744 5900 1905 5972 Atqui
1947 5908 1998 5961 bi

418 5983 632 6039 montes
687 5982 741 6029 ct
784 5974 1048 6030 circuitus
1095 5989 1191 6041 per
1234 5972 1457 6028 alteram
1490 5974 1629 6030 viam
1678 5977 1807 6032 nulli
1847 5987 1996 6046 stunt,

2115 3374 2242 3427 dere
2271 3375 2601 3442 iudicentur.
2636 3377 2823 3444 Neque
2855 3378 2996 3430 enim
3032 3387 3256 3443 temere,
3289 3392 3387 3431 nec
3419 3378 3610 3433 leviter
3645 3388 3700 3432 et

2108 3458 2171 3517 ex
2210 3445 2358 3510 lapsu
2397 3446 2675 3501 memoria:
2710 3449 2944 3499 Iortttuut
2980 3449 3081 3502 hoc
3115 3447 3235 3501 loco
3281 3449 3529 3517 'l‘heoph.
3577 3463 3700 3503 cre-

2110 3514 2238 3587 dere
2273 3531 2375 3587 par
2405 3525 2521 3578 est;
2560 3532 2734 3586 neque
2785 3517 2917 3571 fides
2965 3517 3040 3571 illi
3090 3520 3312 3573 omnino
3361 3514 3698 3587 abroganda.

2109 3584 2223 3650 qui.
2259 3593 2317 3639 ut
2365 3586 2478 3654 ipse
2525 3587 2592 3640 de
2623 3584 2682 3639 se
2714 3595 2965 3648 testatur,
2999 3588 3147 3643 hom.
3194 3589 3259 3642 de
3311 3584 3568 3644 Passione
3605 3605 3700 3643 eas

2112 3654 2359 3732 regiones
2420 3656 2648 3732 pedibus
2703 3657 2983 3725 oeulisque
3012 3659 3414 3732 perlustravit;
3459 3663 3703 3732 adeoque

2111 3733 2162 3776 ut
2195 3725 2440 3781 oculatus
2471 3728 2642 3786 Iesus,
2682 3743 2785 3779 non
2818 3737 2873 3779 ιιι
2907 3727 3132 3780 auribus
3165 3729 3276 3782 haec
3303 3741 3530 3784 asserat.

2186 3794 2295 3862 (84)
2317 3801 2610 3866 Antequam
2635 3795 2691 3850 S.
2724 3797 3074 3850 Alma/tamus.
3102 3797 3275 3852 Locus
3312 3800 3394 3853 hic
3420 3802 3470 3853 in
3497 3801 3703 3856 Crmris

2110 3865 2662 3938 exemplaribustneo
2687 3867 2890 3936 judicio
2921 3879 3208 3935 corruptus
3235 3879 3287 3921 et
3317 3885 3543 3923 ntaneus
3566 3872 3698 3938 legi-

2112 3945 2217 4008 tur.
2247 3935 2335 4008 Sic
2359 3935 2697 4008 enitnhabet
2715 3946 2770 3990 ut
2794 3938 2958 4008 edidi,
2985 3939 3144 3992 τοῦτο
3168 3940 3226 3992 τὸ
3251 3939 3375 4006 ὅρος
3397 3940 3566 3994 πάλαι
3599 3935 3700 4008 μὲν

2111 4006 2218 4080 ἰτρρ
2252 4007 2346 4080 τοῦ
2393 4007 2650 4080 ἐπιϐῆναι
2689 4010 2755 4075 τῇ
2800 4009 2869 4076 γῇ
2904 4007 3006 4080 τῆς
3041 4009 3378 4076 ἐπαγγελίας
3416 4010 3506 4064 τὸν
3542 4006 3701 4080 ἅγιον

2121 4075 2372 4148 Ἀϐραὰμ
2401 4079 2669 4150 ἐκτήσατο
2695 4075 3112 4150 Ζαμϐρὴζριιίιι
3141 4075 3269 4135 vero
3288 4082 3388 4135 sibi
3418 4081 3531 4135 vult
3556 4075 3702 4136 hunc

2111 4145 2348 4220 montem
2385 4162 2412 4200 a
2443 4145 2675 4220 Zatnbre
2717 4145 2955 4219 emptum
2994 4161 3280 4220 antequam
3331 4151 3390 4205 S.
3427 4151 3698 4206 Abraham

2110 4217 2393 4290 interram
2430 4217 3290 4290 promissionisadveniret;cum
3323 4221 3399 4284 id,
3429 4237 3550 4290 cap.
3585 4239 3700 4287 vvt,

2112 4287 2174 4342 Ill
2200 4287 2352 4356 lleg.,
2381 4290 2446 4341 ab
2467 4289 2615 4342 Amri
2649 4288 2851 4342 factum
2887 4291 3051 4344 fuisse
3085 4292 3391 4346 scribatur?
3412 4287 3698 4346 Ab'Abra-

2112 4361 2415 4432 hamivero
2449 4360 2780 4426 temporibus
2816 4376 2986 4432 usque
3030 4361 3096 4414 ad
3134 4363 3286 4415 Aturi
3325 4365 3465 4432 regis
3496 4364 3700 4432 aliquot

2109 4428 2304 4484 saecula
2336 4430 2787 4485 intercurrerunt.
2822 4431 2948 4483 Dedi
2989 4434 3262 4498 negotium
3297 4428 3484 4487 amicis
3517 4428 3702 4488 Roma:

2111 4511 2163 4551 ιιι
2201 4500 2342 4552 hunc
2381 4502 2555 4553 locum
2580 4514 2701 4554 cum
2735 4501 3030 4567 exetnplari
3066 4501 3323 4556 Vaticano
3350 4504 3697 4569 conferrent;

2109 4585 2286 4637 neque
2320 4574 2464 4624 enim
2513 4571 2631 4638 ejus
2665 4570 2997 4637 exemplum,
3050 4584 3105 4625 ut
3142 4573 3435 4626 multormn
3470 4575 3700 4627 aliorum

2111 4640 2445 4707 exscriptutn
2476 4643 2615 4709 apud
2650 4657 2734 4694 tne
2763 4644 2967 4705 habeo;
2999 4644 3430 4711 rescriptnutqne
3458 4653 3539 4695 est
3569 4659 3702 4696 con-

2114 4711 2297 4764 venire
2324 4712 2646 4783 scripturam
2669 4720 3038 4783 praeterquam
3065 4711 3116 4764 in
3137 4728 3248 4783 tina
3285 4715 3696 4783 ['tt‘ﬂ‘pﬂSlllOlle;

2110 4797 2230 4835 cum
2267 4783 2406 4853 apud
2443 4798 2526 4835 me
2557 4781 2836 4852 ἐπιϐῆναι,
2874 4781 2981 4834 illic
3011 4782 3279 4852 ἀναϐῆναι
3315 4781 3543 4850 legatur,
3574 4799 3698 4853 quae

2110 4866 2299 4923 parum
2339 4851 2583 4911 interest.
2631 4867 2730 4905 nec
2762 4853 2827 4904 ad
2875 4866 2987 4923 rem
3037 4851 3278 4923 ucstrant
3331 4853 3476 4907 facit.
3514 4851 3700 4923 Itaque

2109 4939 2228 4974 cum
2267 4921 2356 4974 diu
2396 4935 2449 4975 et
2480 4938 2620 4990 sa-pe
2667 4924 2806 4976 hunc
2838 4921 3209 4976 discessissem
3258 4923 3479 4988 nodum,
3513 4921 3697 4978 censui

2108 4990 2321 5046 duobus
2357 4992 2492 5047 locis
2543 4992 2868 5060 scripturam
2905 5008 3024 5046 esse
3069 4994 3343 5060 vitiatam;
3377 5004 3429 5048 et
3463 4997 3699 5061 primum

2108 5063 2325 5131 quidem
2360 5063 2570 5130 aliquas
2605 5063 2836 5135 deficere
2888 5079 3046 5117 Voces
3097 5075 3221 5132 post
3269 5065 3437 5119 πάλαι
3492 5067 3614 5135 μὲν,
3649 5075 3704 5119 ct

2108 5139 2299 5205 saltent
2330 5147 2513 5205 uuam,
2544 5143 2599 5185 ut
2629 5133 2823 5205 aliquis
2851 5148 3015 5205 verus
3061 5150 3253 5191 Sensus
3285 5133 3562 5205 utcunque
3591 5135 3704 5190 clli-

2107 5204 2314 5268 ciatur;
2341 5204 2602 5276 nitttirunt
2638 5201 2840 5272 ᾤκητο,
2883 5203 2963 5256 vel
2989 5204 3206 5274 ᾠκεῖτο,
3243 5218 3403 5276 atque
3437 5201 3506 5263 ita
3544 5213 3701 5262 resne

2109 5281 2307 5326 tuatur.
2339 5272 2436 5325 llic
2478 5287 2610 5327 sane
2647 5288 2798 5345 tnons
2830 5272 3127 5340 antiquitus
3162 5272 3380 5345 quidem
3417 5279 3702 5332 habitaba-

2109 5354 2214 5406 tttr,
2243 5354 2533 5417 antequam
2561 5345 2617 5417 S.
2647 5341 3068 5417 Abrahamusin
3097 5341 3295 5400 terram
3322 5349 3700 5417 promissionis

2107 5413 2386 5487 act-“ederet
2409 5431 2424 5480 ;
2452 5414 2648 5487 deinde
2675 5430 2772 5478 pro
2796 5414 3028 5487 Ζαμόρὴ
3052 5413 3396 5471 scribendum
3424 5419 3700 5487 ἐκτήσατο

2105 5483 2150 5535 δ’
2188 5483 2410 5556 Ἀμὸρη
2446 5486 2575 5537 emit
2602 5493 2780 5556 autem
2811 5483 3136 5549 Amri;vhic
3187 5488 3330 5540 enim
3384 5483 3554 5540 verus
3594 5489 3699 5540 fuit

2104 5564 2320 5626 emptor
2346 5552 2571 5626 inbutis.
2605 5570 2711 5608 non
2746 5552 2986 5618 Zambri,
3023 5557 3112 5626 qui
3147 5557 3212 5610 ab
3244 5557 3391 5626 Aturi
3443 5557 3697 5610 obsessus

2107 5625 2231 5686 fuit,
2261 5635 2314 5697 et
2343 5625 2682 5697 atlAutortem
2715 5628 2963 5697 adactus,
3001 5625 3056 5679 ut
3088 5643 3150 5681 ex
3187 5627 3275 5679 illo
3297 5625 3361 5679 ΙΙΙ
3400 5626 3529 5697 Ileg.
3565 5643 3699 5679 cou-

2105 5704 2232 5766 stat.
2273 5692 2387 5747 Non
2419 5695 2515 5748 fuit
2543 5706 2724 5749 autem
2753 5695 2966 5749 dillicile
2995 5714 3022 5749 a
3051 5697 3274 5750 librario
3307 5692 3608 5766 negligente
3639 5702 3698 5750 et

2106 5765 2247 5835 illam
2274 5779 2484 5828 vocem,
2515 5767 2594 5819 vel
2620 5767 2752 5817 alias
2781 5767 3068 5834 praeteriri,
3097 5775 3151 5820 et
3183 5767 3266 5820 hic
3295 5765 3392 5833 pro
3419 5765 3698 5835 ἐκτήσατο

2101 5833 2152 5908 δἈ
2183 5835 2394 5908 ’Λμὸρὴ
2421 5837 2582 5908 scribi
2620 5833 2886 5908 ἐκτήσατο
2919 5835 3150 5908 Ζαμῦρὴ
3190 5851 3256 5890 ex
3289 5836 3318 5888 δ
3364 5846 3417 5890 et
3453 5833 3699 5905 apostro-

2104 5905 2207 5973 pha
2241 5905 2470 5960 formata
2507 5905 2689 5959 littera
2721 5907 2753 5969 ζ
2782 5921 2899 5975 qtue
2927 5917 3043 5959 erat
3073 5905 3321 5972 δ’ζριιοιΙ
3359 5918 3536 5961 autem
3573 5919 3702 5962 ante

2103 5976 2394 6032 Abrahami
2429 5990 2601 6033 acvunt
2634 5992 2787 6033 uiuus
2823 5976 2913 6031 ille
2968 5977 3131 6034 luerit
3163 5978 3435 6036 habitatus
3462 5987 3552 6049 (ne
3579 5995 3705 6048 εισι
