4070 6400
344 397 452 458 Ἱὶθ

1622 389 1946 449 HOMILIA
1990 391 2320 456 XXXVIII.

3517 405 3625 467 730

347 509 546 562 ἑαυτὸν
576 507 867 578 ἑφιδρύσαι
894 508 1305 564 κατακλιθέντα
1334 516 1415 574 είς
1445 511 1568 580 γῆν,
1594 510 1692 564 καὶ
1718 510 1779 563 τὸ
1805 510 1935 580 πρὸς

2044 512 2362 567 inclinatum
2409 512 2558 569 humi
2602 529 2660 571 se
2700 516 3103 586 composuisse,
3140 532 3241 575 nec
3278 521 3461 576 sedem
3507 534 3624 576 stn-

346 602 623 672 καθέδραν
644 604 1096 672 ἀνεπιτήδευτονο
1134 604 1164 672 ἡ
1205 605 1391 670 μέντοι
1420 602 1521 673 τῆς
1552 603 1701 673 ὥρας
1723 604 1934 672 ὑποση-

350 694 580 763 μείωσις
614 693 676 747 τὸ
708 694 838 764 περὶ
869 694 971 761 τὴν
1004 694 1212 764 τροφὴν
1261 694 1610 765 παρέστησεν
1640 693 1932 763 ἐγκρατὲς.

349 788 500 849 Ἕως
524 787 636 856 γὰρ
660 787 794 841 αὐτὸ
818 786 881 839 τὸ
904 788 1003 857 τῆς
1030 788 1241 859 ἡμέρας
1272 788 1600 856 μεσαίτατον
1624 787 1809 848 ἄσιτος
1840 781 1932 855 ἦν,

348 881 449 931 καὶ
485 879 658 932 ταῦτα
715 877 1059 947 πεζοπορῶν,
1096 879 1191 931 καὶ
1226 878 1361 949 ἡλίῳ
1392 879 1751 948 θερμόμενος.
1786 875 1935 944 Πλὴν

349 973 450 1026 καὶ
482 972 611 1027 ἄλλο
637 991 690 1026 τι
732 972 982 1042 βούλεται
1012 973 1412 1042 ὑποσημαίνειν
1445 973 1544 1040 τῆς
1589 972 1738 1041 ὥρας
1771 973 1800 1040 ἡ
1834 970 1933 1037 δή·

347 1063 515 1129 λωσις
540 1082 553 1096 ’
589 1066 711 1118 καθ’
745 1066 811 1136 ἢν
841 1068 949 1135 γὰρ
983 1064 1135 1136 ὥραν
1181 1067 1212 1135 ή
1266 1064 1379 1118 Εὕα
1423 1062 1701 1117 ἐπεπώκει
1733 1063 1794 1115 τὸ
1835 1063 1935 1129 τῆς

347 1158 637 1229 παρακοῆς
665 1158 1015 1228 δηλητήριον,
1062 1158 1181 1210 κατ’
1214 1157 1385 1228 αὐτὴν
1430 1157 1462 1224 ἡ
1494 1156 1594 1225 τῆς
1626 1153 1769 1215 Εὔας
1801 1153 1938 1206 ἀπό-

347 1267 509 1321 γονος
543 1252 755 1320 εἰλήφει
780 1251 843 1303 τὸ
868 1254 968 1321 τῆς
1001 1250 1283 1320 ἁμαρτίας
1316 1250 1596 1320 λυτήριον.

428 1363 446 1395 ι
492 1344 755 1413 Ἔρχεται
808 1344 948 1412 γυνὴ
1007 1346 1071 1396 ὲκ
1127 1343 1228 1413 τῆς
1288 1343 1606 1412 Σαμαρείας
1669 1342 1935 1411 ἀντλῆσαι

347 1433 517 1505 ὕδωρ.
567 1454 586 1487 ι
629 1436 821 1505 Ἀθρει
849 1435 913 1505 δὴ
964 1436 1082 1499 πῶς
1134 1435 1204 1488 τὰ
1237 1435 1442 1487 παλαιὰ
1466 1437 1578 1497 τοῖς
1619 1434 1761 1497 νέοις
1798 1452 1937 1501 συμ-

346 1527 670 1594 φθέγγεται,
695 1527 857 1580 τύποι
890 1527 1000 1581 τῶν
1034 1527 1224 1580 τύπων
1270 1528 1621 1596 δεικνύμενα.
1688 1530 1797 1582 Καὶ
1829 1530 1936 1598 γὰρ

350 1621 449 1671 καὶ
503 1621 537 1690 ἡ
585 1619 722 1687 πρὸς
776 1620 869 1673 τὸν
913 1620 1099 1673 Ἰσαὰκ
1149 1621 1249 1689 τῆς
1310 1620 1609 1684 Ῥεϐέκκας
1646 1622 1933 1691 συνάφεια,

349 1712 474 1780 ἥτις
500 1711 600 1782 τὴν
633 1712 962 1783 Ἐκκλησίαν
996 1714 1255 1779 εἰκόνιζε,
1279 1716 1378 1784 τὴν
1416 1716 1592 1785 ἀρχὴν
1626 1716 1846 1783 εἴληφεν
1877 1718 1936 1767 ὲν

345 1803 431 1873 τῷ
455 1805 652 1875 φρέατι
676 1821 690 1835 '
738 1806 1019 1860 κάνταῦθα
1071 1809 1167 1860 καὶ
1204 1809 1239 1878 ἡ
1296 1808 1406 1861 τῶν
1440 1810 1797 1877 Σαμαρειτῶν
1825 1826 1932 1861 σω-

346 1893 516 1965 τηρία
544 1893 631 1948 διὰ
664 1895 765 1965 τῆς
818 1897 1078 1964 γυναικὸς
1124 1899 1191 1950 ἐκ
1228 1897 1320 1949 τοῦ
1369 1899 1604 1969 φρέατος
1659 1898 1929 1966 πρόεισιν.

360 1985 507 2037 Ἀλλ’
536 1986 655 2039 ἐκεῖ
695 1987 794 2056 μὲν
824 1988 1044 2056 οἰκέτης
1083 1982 1151 2058 ἦν
1179 1989 1207 2040 6
1246 1990 1621 2059 προμνήστωρ
1650 2005 1663 2019 ⁸
1696 1989 1934 2042 ἐνταῦθα

346 2077 409 2129 δὲ
440 2079 600 2141 αὐτὸς
624 2080 653 2131 6
673 2081 906 2148 νυμφίος
928 2080 1017 2132 διὰ
1046 2081 1145 2149 τῆς
1180 2081 1574 2151 Σαμαρείτιδος
1598 2081 1806 2153 ταύτης
1837 2084 1935 2152 τὴν

346 2170 481 2241 ὅλην
519 2172 682 2240 φύσιν
710 2172 1145 2243 ἁρῤαϐωνίζεται
1175 2173 1253 2240 τῷ
1282 2173 1650 2241 βαπτίσματι.

430 2282 451 2316 ι
484 2264 647 2331 Λέγει
686 2266 823 2335 αὐτῇ
851 2267 879 2317 6
929 2263 1138 2335 Ἰησοῦς
1162 2280 1177 2295 ο
1218 2264 1319 2326 Δός
1351 2282 1444 2333 μοι
1484 2263 1629 2329 ὕδωρ
1663 2265 1833 2317 πιεῖν.
1871 2264 1935 2317 Ol

348 2355 464 2424 γὰρ
523 2356 763 2427 μαθηταὶ
820 2355 992 2409 αὑτοῦ
1029 2355 1441 2425 ἀπεληλύθασιν
1489 2358 1569 2419 εἰς
1625 2357 1723 2427 τὴν
1756 2357 1934 2418 πόλιν,

352 2447 442 2499 ἵνα
460 2447 670 2516 τροφὰς
713 2447 1085 2517 ἀγοράσωσιν.
1118 2465 1138 2499 ι
1174 2448 1237 2499 Ὢ
1268 2447 1366 2517 τῆς
1408 2448 1789 2517 ἀνεκφράστου
1840 2447 1936 2500 τοῦ

349 2542 489 2594 Θεοῦ
521 2542 697 2607 Λόγου
753 2540 1238 2608 συγκαταϐάσεωςί
1290 2540 1349 2593 '0
1391 2542 1575 2592 πᾶσαν
1623 2540 1723 2609 τὴν
1757 2541 1936 2593 κτίσιν

350 2632 674 2702 περιφέρων
706 2632 851 2701 μόνῳ
889 2630 968 2702 τῷ
1016 2630 1269 2699 νεύματι,
1305 2633 1433 2700 περὶ
1465 2628 1579 2704 οὗή
1620 2634 1934 2704 προφητικὴ

351 2724 691 2793 ὲκφαντορία
724 2723 918 2793 φησίν*
955 2743 973 2776 ι
1027 2723 1088 2777 'O
1118 2724 1250 2787 Θεὸς
1279 2727 1307 2778 ὁ
1336 2724 1664 2795 προαιώνιος
1720 2727 1783 2778 οὐ
1818 2743 1939 2779 πει-

352 2818 533 2882 νάσει,
568 2817 687 2869 οὐδὲ
723 2816 997 2883 κοπιάσει,
1043 2835 1061 2868 ι
1107 2811 1261 2879 οὗτος
1297 2817 1590 2886 ὁδοιπορεῖ,
1621 2819 1715 2871 καὶ
1745 2820 1934 2888 κοπιᾷ,

353 2912 453 2964 καὶ
478 2910 733 2980 ἀνέχεται
789 2910 983 2979 πείνης
1014 2911 1109 2964 καὶ
1148 2910 1331 2980 δίψης,
1364 2911 1459 2963 καὶ
1488 2911 1643 2982 παρὰ
1673 2912 1938 2979 γυναικὸς

354 3002 503 3072 ὕδωρ
561 3003 720 3056 αἰτεῖ.
780 3002 994 3072 Ὠσπερ
1039 3003 1146 3073 γὰρ
1196 3001 1498 3055 συνεσθίειν
1557 3002 1818 3066 τελώναις
1876 3003 1937 3055 οὐ

354 3098 736 3165 παρῃτήσατο,
771 3094 944 3157 οὕτως
974 3094 1096 3147 οὐδὲ
1137 3094 1311 3165 πόρνῃ
1351 3094 1696 3162 διαλέγεσθαι
1725 3094 1939 3165 ἀπηνῄ-

2040 605 2192 659 diose
2237 609 2520 675 quaesisse.
2555 606 2713 664 Horae
2757 620 2938 665 autem
2990 611 3198 666 notatio
3238 613 3623 669 abstinentiam

2038 695 2146 750 cibi
2194 698 2484 767 signiﬁcat.
2518 699 2655 756 Nam
2700 717 2867 771 usque
2919 703 2984 758 ad
3036 705 3205 772 ipsam
3258 719 3464 773 partem
3512 708 3617 761 diei

2040 788 2275 842 mediam
2326 790 2530 844 nullum
2586 804 2897 861 sumpserat
2932 795 3150 857 cibum,
3206 797 3442 851 maxime
3494 812 3616 850 cum

2042 882 2205 950 pedes
2239 893 2293 937 et
2338 884 2453 937 sole
2487 884 2713 939 ardente
2750 887 2849 940 iter
2897 887 3119 942 faceret.
3150 888 3347 942 Verum
3385 901 3441 941 et
3477 890 3621 943 aliud

2039 973 2293 1040 quiddam
2328 974 2567 1027 insinuat
2592 975 2707 1029 huic
2738 976 2884 1030 Itone
2916 979 3151 1043 n0tatio;
3184 993 3286 1045 qua
3316 979 3461 1033 enim
3492 980 3619 1032 hora

2039 1063 2284 1118 ebiberat
2310 1063 2417 1118 Eva
2437 1065 2814 1120 inobedientiae
2836 1083 3128 1133 venenum,
3146 1072 3333 1125 eadem
3360 1072 3472 1125 [nec
3496 1071 3618 1125 Eva:

2040 1156 2327 1225 progenies
2354 1159 2558 1226 peccati
2590 1159 2950 1226 expiationem
2980 1162 3206 1229 accepit.

2116 1361 2134 1394 ι
2190 1342 2349 1399 Venit
2400 1343 2593 1397 mulier
2642 1346 2708 1397 de
2761 1343 3009 1398 Samaria
3065 1345 3287 1400 ltaurtre
3339 1362 3557 1415 aquam.
3601 1367 3618 1399 ι

2045 1434 2346 1489 Considera
2380 1442 2439 1488 ut
2469 1437 2623 1491 novis
2656 1447 2841 1491 vetera
2880 1439 3195 1501 concinant,
3226 1453 3289 1490 ac
3316 1440 3483 1505 ligura
3521 1455 3625 1491 una

2039 1529 2108 1581 ab
2146 1528 2250 1579 alia
2295 1527 2619 1582 illustretur.
2655 1527 2869 1582 Etenim
2915 1538 2969 1583 et
3008 1528 3270 1583 Rebecca:
3311 1545 3431 1583 cum
3478 1529 3630 1584 Isaac

2041 1621 2172 1674 inita
2216 1621 2548 1689 coniunctio,
2577 1636 2699 1690 qua:
2743 1623 3039 1677 Ecclesium
3083 1623 3360 1692 ﬁguravit,
3394 1639 3422 1676 a
3465 1633 3628 1693 puteo

2042 1712 2257 1766 initium
2290 1713 2463 1780 cepit;
2503 1724 2559 1767 et
2590 1715 2675 1767 llic
2708 1714 3179 1768 Samaritanorum
3216 1717 3366 1770 salus
3400 1732 3432 1771 e
3467 1726 3630 1784 puteo

2042 1818 2136 1872 per
2175 1803 2455 1858 mulierem
2502 1805 2715 1872 incepta
2756 1816 2862 1859 est.
2896 1807 2999 1858 Sed
3045 1805 3118 1859 ibi
3160 1804 3393 1860 famulus
3436 1809 3629 1860 matri.

2044 1896 2208 1950 monii
2246 1894 2566 1950 conciliator
2596 1895 2732 1962 fuit;
2776 1897 2863 1949 hic
2892 1913 3023 1951 vero
3068 1913 3302 1965 sponsus
3348 1900 3462 1968 ipse
3506 1900 3627 1953 uni-

2045 2003 2257 2043 versam
2289 1998 2539 2042 naturam
2574 2004 2669 2058 pcr
2698 1990 2839 2043 hanc
2874 1986 3276 2044 Samaritanam
3308 1991 3461 2057 quasi
3492 2007 3631 2060 quo-

2045 2082 2167 2135 dam
2201 2081 2507 2136 arrbabone
2535 2082 2601 2135 ad
2628 2081 2959 2150 baptismum
2996 2081 3101 2136 sibi
3134 2082 3452 2150 despondet.

2123 2286 2141 2318 ι
2181 2266 2327 2321 Dixit
2353 2266 2401 2320 ei
2430 2263 2592 2322 Jesus
2628 2283 2643 2321 :
2675 2265 2750 2319 Da
2787 2265 2919 2320 mihi
2956 2264 3162 2321 bibere.
3194 2264 3454 2335 Discipuli
3480 2266 3626 2321 enim

2044 2360 2163 2429 ejus
2204 2359 2455 2411 abierant
2498 2358 2551 2410 in
2597 2357 2896 2420 civitatem,
2928 2365 2986 2411 ιιι
3022 2358 3173 2412 cibos
3212 2368 3480 2411 emerent.
3518 2376 3538 2409 ι
3582 2356 3628 2411 Ο

2048 2450 2215 2505 divini
2278 2448 2442 2504 Verbi
2503 2448 2834 2503 ineﬂabilem
2897 2448 3318 2503 demissionem!
3374 2448 3475 2515 Qui
3542 2463 3630 2502 rrs

2048 2554 2264 2599 creatas
2293 2558 2490 2597 omnes
2521 2542 2637 2596 solo
2672 2552 2803 2595 nutu
2837 2540 3125 2610 gubernat,
3154 2542 3219 2593 de
3255 2555 3363 2609 quo
3401 2557 3629 2597 arcana-

2049 2652 2164 2689 rum
2243 2650 2421 2689 rerum
2493 2635 2759 2701 interpres
2804 2634 2880 2686 ait
2919 2649 2935 2686 :
2990 2650 3008 2683 ι
3061 2631 3201 2685 Deus
3243 2643 3481 2688 :eternus
3520 2650 3625 2688 non

2047 2727 2252 2781 esuriet
2294 2741 2393 2780 nec
2441 2725 2793 2786 laborabit".
2838 2742 2857 2775 ι
2916 2724 3005 2778 hic
3051 2724 3155 2777 iter
3221 2724 3348 2778 facit
3400 2726 3535 2795 (96),
3575 2738 3627 2781 et

2051 2820 2289 2883 laborat,
2323 2830 2379 2874 et
2437 2818 2631 2873 tolerat
2679 2816 2874 2871 fatnem
2915 2828 2973 2870 et
3012 2816 3193 2883 sitim,
3228 2826 3283 2871 et
3327 2833 3355 2869 a
3402 2819 3628 2873 muliere

2050 2928 2246 2982 aquam
2280 2913 2434 2982 petit.
2456 2909 2590 2963 Nam
2620 2910 2868 2978 proinde,
2893 2919 2950 2963 ut
2972 2911 3150 2965 cibum
3178 2926 3297 2964 cmn
3324 2911 3625 2979 publicanis

2049 3020 2243 3071 Capere
2286 3021 2391 3058 non
2437 3014 2522 3059 est
2560 3003 2902 3071 dedignatus,
2944 3003 3014 3056 ita
3060 3017 3234 3072 neque
3276 3018 3304 3055 a
3349 3003 3621 3072 colloquio

2052 3095 2358 3149 meretricis
2394 3094 2697 3156 abhorruit,
2727 3094 2909 3147 itidem
2948 3106 3005 3146 ut
3038 3093 3473 3163 prmstantissimi
3513 3110 3627 3147 me-

354 3204 486 3242 νατο
545 3188 684 3240 κατὰ
739 3187 869 3249 τοὺς
902 3188 1160 3257 ἀρίστους
1192 3189 1299 3239 τῶν
1354 3188 1578 3256 ίατρῶν,
1610 3186 1659 3239 οἳ
1699 3186 1935 3257 συνεχῶς

2050 3190 2292 3242 dicorqu
2332 3187 2537 3249 solent,
2565 3188 2654 3257 qui
2701 3203 2822 3240 cum
2858 3186 3155 3241 febrientes
3198 3187 3508 3255 frequenter
3544 3186 3628 3238 in-

352 3279 815 3350 ὲπισκεπτόμενοι
843 3281 967 3342 τοὺς
997 3280 1387 3345 πυρέττοντας,
1416 3280 1618 3350 ἥκιστα
1651 3280 1750 3348 τῆς
1780 3282 1940 3332 νόσου

356 3373 862 3444 μεταλαμϐάνουσι.
926 3374 1178 3425 Δείκνυσι
1232 3372 1289 3425 δὲ
1350 3375 1444 3425 καὶ
1492 3373 1557 3425 ὲκ
1593 3372 1692 3441 τῆς
1721 3372 1943 3442 πρώτης

352 3468 517 3531 εὐθὺς
567 3467 858 3531 δισλέξεως
893 3466 969 3529 ὼς
1000 3467 1099 3535 τὴν
1140 3464 1424 3535 ἡμετέραν
1472 3465 1756 3533 σωτηρίαν
1789 3464 1939 3533 διψᾷ,

355 3562 452 3613 καὶ
488 3559 647 3615 τοῦτο
672 3562 826 3629 ζητεῖ
850 3561 983 3628 παρ’
1006 3559 1186 3627 ἡμῶν.
1224 3558 1722 3625 Περισπουδάστως
1758 3557 1814 3608 δὲ
1847 3558 1940 3608 καὶ

354 3658 383 3709 ὁ
422 3655 815 3726 εὑαγγελιστὴς
847 3653 1102 3723 ἐπιφέρει
1143 3652 1243 3721 τὴν
1274 3650 1587 3719 ἀποδημίαν
1615 3650 1724 3701 τῶν
1759 3648 1937 3717 μαθη-

354 3750 484 3806 τῶν.
519 3750 582 3802 Εί
613 3749 722 3819 γὰρ
747 3749 1004 3818 παρῆσαν
1041 3747 1221 3809 αὐτοὶ,
1251 3746 1345 3796 καὶ
1375 3743 1437 3796 τὸ
1469 3742 1613 3810 ὕδωρ
1645 3741 1710 3795 ἂν
1743 3738 1939 3809 ἐζήτη-

356 3863 477 3899 σαν.
528 3844 669 3898 Ἀλλ’
694 3846 723 3897 6
744 3842 806 3897 τδ
838 3843 1097 3911 ἐσόμενον
1116 3839 1407 3911 προειδὼς,
1440 3841 1647 3901 πάντας
1682 3835 1939 3890 ἀποστεί-

356 3937 477 4002 λας,
510 3938 671 4006 μόνος
700 3938 838 4007 μόνῃ
867 3931 1363 4002 συγκαταϐατικῶς
1387 3930 1721 3997 διαλέγεται.

435 4047 455 4081 ι
498 4031 660 4098 Λέγει
686 4028 838 4099 αὑτῷ
876 4029 910 4096 ἡ
938 4026 1129 4094 γυνὴή
1164 4025 1516 4094 Σαμαρεῖτις·
1550 4022 1674 4086 Πῶς
1707 4022 1772 4074 σὺ
1802 4021 1938 4073 Ἰουο

355 4127 501 4188 δαῖος
540 4123 616 4177 ὢν
674 4098 817 4193 παρί
848 4118 985 4190 ἐμοῦ
1018 4121 1166 4171 πιεῖν
1201 4118 1410 4187 ζητεῖς,
1463 4114 1632 4185 οὔσης
1674 4111 1936 4182 γυναικὸς

356 4216 783 4289 Σαμαρείτιδος;
832 4233 851 4266 ι
899 4211 1167 4284 Ἔκστηθι
1201 4211 1302 4279 τῆς
1333 4210 1620 4277 δυνάμεως
1650 4208 1753 4279 τὴν
1784 4207 1939 4276 ἐνέρ-

356 4326 513 4377 γειαν
535 4324 549 4339 ·
573 4307 632 4375 ἐξ
656 4304 829 4374 αὐτῆς
852 4303 960 4374 γὰρ
980 4304 1078 4371 τῆς
1103 4299 1328 4371 πρώτης
1354 4298 1537 4367 φωνῆς
1563 4297 1937 4365 ὲλλαμφθεῖσα

355 4400 446 4451 τὸν
478 4397 604 4451 νοῦν
637 4399 669 4465 ὴ
722 4395 885 4465 γυνὴ,
918 4395 1016 4463 τῆς
1049 4391 1269 4461 φύσεως
1302 4385 1543 4457 κρείττιιῑ
1590 4389 1801 4456 φρονεῖ,
1843 4386 1937 4439 καὶ

356 4491 509 4561 ζητεῖ
533 4506 582 4540 τι
615 4488 724 4540 τῶν
753 4483 1138 4553 ἀγνοουμένων
1172 4482 1364 4551 μαθεῖν
1388 4498 1400 4510 ο
1433 4478 1559 4532 οὔτε
1594 4481 1703 4549 γὰρ
1734 4477 1935 4530 δέδωκε

2050 3282 2257 3344 visant,
2303 3280 2521 3333 minime
2568 3289 2747 3333 tamen
2807 3282 2994 3334 morbo
3044 3280 3379 3334 inliciuntur.
3430 3278 3625 3332 Statim

2047 3384 2225 3427 autem
2281 3374 2454 3440 prima
2510 3374 2758 3425 oratione
2814 3373 3022 3443 prodit,
3079 3384 3318 3427 nostram
3370 3387 3428 3426 se
3478 3371 3631 3425 sitire

2045 3466 2296 3523 salutem.
2329 3479 2561 3531 eamque
2607 3480 2634 3517 a
2680 3466 2837 3519 nobis
2877 3463 3130 3532 postulat.
3166 3463 3427 3518 Consulto
3466 3463 3627 3516 etiam

2044 3555 2375 3622 evangelista
2414 3555 2805 3623 discipulorum
2843 3555 3047 3608 abitum
3084 3554 3355 3619 subdidit;
3397 3552 3440 3606 si
3484 3552 3628 3605 enim

2046 3645 2145 3714 ipsi
2184 3644 2514 3708 adfuissent,
2548 3659 2683 3698 sane
2718 3645 2881 3697 etiam
2920 3659 3116 3711 aquam
3153 3643 3459 3711 petiissent.
3497 3642 3626 3705 Sed,

2043 3738 2134 3806 qui
2170 3736 2337 3790 l‘uturi
2377 3736 2644 3805 prmscius
2674 3744 2817 3800 erat,
2850 3750 3045 3790 omnes
3080 3736 3318 3801 dimisit;
3356 3744 3521 3804 atque
3555 3735 3628 3786 ita

2045 3847 2146 3901 per
2182 3845 2452 3885 summam
2488 3828 2879 3883 demissionem
2920 3828 3072 3882 solus
3110 3827 3278 3880 solam
3317 3825 3628 3894 alloquitur.

2117 3941 2136 3974 ι
2195 3922 2331 3977 Dicit
2385 3922 2434 3977 ei
2491 3921 2685 3975 mulier
2734 3920 2824 3975 illa
2879 3918 3222 3974 Samaritana
3277 3936 3293 3973 :
3345 3919 3630 3983 Quomodo

2041 4016 2208 4087 268
2240 4027 2318 4082 tu,
2353 4012 2567 4069 Judmus
2601 4029 2721 4068 cum
2758 4015 2856 4080 sis,
2883 4013 3069 4068 bibere
3101 4028 3129 4066 a
3158 4027 3245 4066 me
3281 4015 3477 4081 poscis,
3506 4026 3627 4080 qua.

2039 4124 2159 4164 sum
2195 4108 2389 4162 mulier
2421 4106 2805 4162 Samaritana?
2842 4124 2861 4159 ι
2902 4105 3189 4160 Admirare
3217 4104 3484 4159 occultam
3519 4104 3626 4156 vim

2038 4201 2235 4254 divina:
2282 4199 2538 4268 potentiae
2586 4217 2601 4253 :
2647 4202 2819 4266 prima
2865 4199 3011 4251 enim
3053 4198 3221 4265 ipsius
3264 4210 3391 4249 voce
3432 4194 3631 4247 illumi-

2041 4303 2167 4346 nata
2219 4290 2461 4345 mulieris
2503 4306 2677 4353 mens,
2727 4289 2977 4344 meliores
3019 4304 3180 4358 quam
3232 4298 3422 4342 natura
3465 4286 3631 4339 ferret

2038 4385 2398 4453 Cogitationes
2422 4383 2679 4454 suscipit,
2710 4393 2764 4438 et
2790 4384 2991 4451 aliquid
3039 4397 3227 4436 eorum
3268 4397 3383 4450 quae
3415 4382 3632 4448 ignora-

2046 4477 2137 4531 bat
2199 4479 2392 4547 quaerit
2436 4478 2746 4541 addiscere;
2785 4493 2907 4531 nam
2943 4491 3116 4545 neque
3151 4487 3333 4544 potum
3371 4472 3628 4541 praebuit,

355 4585 522 4647 πιεῖν,
579 4578 702 4633 οὔτε
759 4578 853 4632 οὖν
885 4576 1222 4647 ἀπηνῄνατο,
1265 4574 1380 4627 ἀλλ’
1415 4572 1525 4625 ἀπὸ
1578 4572 1676 4641 τῆς
1719 4569 1935 4639 ὁμιλίας

2049 4586 2149 4625 nec
2192 4585 2327 4625 sane
2365 4570 2666 4635 recusavit;
2709 4569 2802 4622 sed
2841 4584 2870 4622 a
2913 4583 3166 4621 sermone
3200 4576 3256 4620 et
3290 4567 3472 4619 habitu
3512 4562 3626 4636 (97)

356 4675 450 4729 xui.
480 4672 575 4727 τοῦ
626 4672 906 4741 σχήματος
952 4666 1206 4720 Ἰουδαῖον
1254 4665 1417 4717 αὐτὸν
1456 4658 1598 4716 εἶναι
1638 4662 1935 4727 είκάσασα,

355 4764 805 4835 πολυπραγμονεῖ
830 4759 1044 4824 μαθεῖν,
1074 4758 1190 4820 πῶς
1227 4756 1290 4809 οὺ
1315 4758 1472 4827 τηρεῖ
1499 4755 1596 4825 τὴν
1640 4753 1936 4822 Ὶουδαῖκὴν

354 4857 765 4930 παρατήρησιν.
814 4852 1005 4906 Ἀλλ“ὁ
1042 4852 1248 4921 Κύριος
1292 4851 1452 4916 ἀφεὶς
1484 4846 1645 4901 λῦσαι
1674 4847 1772 4917 τὴν
1800 4847 1938 4899 ἀπο-

357 4953 499 5024 ρίαν,
525 4947 871 5017 ἐκφαντικῶς
892 4963 950 4999 τε
976 4947 1171 5009 εἰπεῖν,
1204 4945 1278 5005 ὡς
1302 4944 1411 5012 Οὐχ
1442 4943 1737 5009 ὑπόκειμαι
1760 4944 1932 5010 νόμῳ,

352 5046 646 5114 νομοδὰτης
701 5041 778 5094 ὢν
813 5042 906 5093 καὶ
934 5039 1098 5101 Θεός·
1155 5038 1315 5090 τοῦτο
1352 5036 1451 5105 μὲν
1503 5036 1563 5087 οὐ
1593 5035 1768 5097 λαλεῖ,
1796 5034 1935 5088 πλα-

352 5140 487 5208 γίως
532 5138 589 5191 δέ
649 5152 767 5197 πως
819 5133 917 5186 καὶ
974 5132 1154 5201 ἡρέμα
1191 5131 1328 5201 πρὸς
1358 5128 1458 5191 τὰς
1488 5128 1700 5197 ὑψηλὰς
1726 5127 1935 5188 ἐννοίας

352 5228 640 5301 ἐμϐιϐάζει
670 5225 862 5297 αὐτὴν,
901 5223 994 5278 καί
1020 5240 1186 5294 φησιν
1210 5239 1222 5252 ’
1254 5241 1271 5274 ι
1310 5222 1371 5275 El
1398 5220 1547 5292 ᾕδεις
1594 5219 1694 5291 τὴν
1725 5219 1938 5291 δωρεὰν

426 5356 467 5388 ¹⁸
490 5357 594 5411 lsa.
617 5371 705 5417 κι,
728 5352 817 5407 28.

2038 4659 2284 4715 Jud:r.um
2316 4662 2466 4715 illum
2498 4677 2617 4717 esse
2642 4662 2960 4729 coniicieus,
2991 4660 3232 4715 studiose
3266 4667 3620 4726 percontatur

2037 4769 2207 4823 quare
2248 4755 2530 4809 Iudaicam
2572 4754 3018 4809 consuetudinem
3064 4768 3170 4807 non
3215 4756 3485 4808 observet.
3516 4751 3621 4805 Sed

2038 4852 2305 4906 Dominus
2367 4851 2578 4905 solvere
2639 4851 3031 4921 qna-stionem,
3086 4860 3141 4905 et
3197 4860 3384 4919 aperte
3446 4850 3628 4904 dicere

2036 4944 2323 5008 omittens,
2376 4959 2483 4997 non
2534 4943 2806 4998 subditum
2857 4958 2979 4996 esse
3030 4957 3091 4998 se
3142 4942 3271 5010 legi.
3317 4958 3440 4996 cmn
3494 4941 3628 5010 legis

2042 5044 2188 5090 esset
2226 5042 2414 5088 auctor
2462 5045 2518 5088 et
2575 5034 2744 5098 Deus,
2792 5035 2855 5087 de
2901 5035 3001 5088 hoc
3044 5048 3177 5087 sane
3216 5049 3323 5087 non
3367 5033 3626 5102 loquitur,

2047 5129 2141 5181 sed
2188 5142 2283 5196 per
2327 5126 2744 5179 insinuationem
2784 5141 2847 5179 ac
2887 5128 3086 5180 sensim
3136 5128 3200 5179 ad
3242 5128 3460 5181 altiores
3507 5141 3624 5178 eam

2047 5221 2409 5289 cogitationes
2437 5218 2655 5285 attollit,
2686 5228 2738 5273 et
2771 5220 2846 5273 ait
2881 5236 2897 5273 :
2936 5238 2953 5271 ι
2976 5216 3032 5274 Si
3070 5221 3241 5275 scires
3273 5222 3471 5274 donum
3508 5218 3621 5280 Dei,

1589 5419 1911 5483 Francisci
1947 5419 2154 5482 Scorsi
2197 5427 2384 5480 notae.

427 5530 540 5599 (96)
587 5527 686 5582 Hic
729 5528 829 5580 iter
865 5526 1009 5595 facit.
1053 5525 1119 5599 Et
1142 5527 1257 5599 haec
1289 5526 1518 5580 deerant
1576 5524 1627 5599 in
1776 5518 1931 5585 οὗτος

353 5592 629 5668 ὁδοιπορεῖ
659 5608 765 5652 etc.
810 5592 982 5666 usque
1011 5598 1107 5649 καὶ
1132 5598 1293 5665 δίψης
1325 5613 1446 5668 qua:
1477 5611 1539 5649 ex
1575 5592 1712 5668 Gall.

429 5663 560 5739 (97)·
586 5669 688 5723 Sed
744 5686 776 5722 α
807 5663 1042 5721 sermone
1071 5676 1117 5720 et
1151 5663 1356 5720 hab-itu.
1400 5667 1532 5720 Cum
1604 5663 1930 5717 Samaritani

354 5750 543 5796 essent
596 5740 808 5793 colonia
859 5739 1234 5807 Assyriorum,
1293 5747 1350 5788 ut
1378 5745 1623 5789 notatum
1650 5744 1735 5787 est
1762 5747 1926 5801 supra

359 5821 473 5865 not.
530 5810 622 5868 85.
659 5808 919 5862 credibile
958 5818 1042 5861 est
1087 5816 1143 5861 et
1205 5809 1471 5872 habitum,
1534 5815 1590 5858 et
1625 5818 1930 5857 sermonem

356 5883 616 5941 habuisse
647 5879 885 5949 diversa,
914 5879 1055 5936 sicut
1105 5878 1375 5935 diversam
1414 5877 1684 5934 habebant
1710 5874 1928 5943 religio-

2035 5534 2195 5584 nem;
2261 5536 2383 5572 nam
2445 5510 2518 5572 eti
2558 5515 2789 5576 Galila-i.
2848 5531 2971 5570 cum
3034 5516 3278 5585 ejusdem
3323 5514 3504 5584 gentis
3562 5524 3617 5567 et

2037 5590 2319 5658 religionis
2354 5590 2817 5658 essettt.uliitgttae
2870 5597 3052 5658 ιιιιιιειι
3110 5588 3299 5658 aliquo
3331 5585 3615 5658 discerne-

2034 5655 2235 5721 lyuiur
2288 5660 2511 5712 iudicio.
2574 5656 2728 5712 Unde
2765 5655 2937 5710 Jud:ei
2983 5656 3171 5719 Petro,
3210 5656 3397 5706 Matth.
3434 5669 3558 5707 xxvr
3601 5671 3614 5707 :

2042 5729 2171 5783 Vere
2213 5741 2266 5782 tu
2302 5745 2366 5781 ex
2416 5728 2525 5781 illis
2551 5744 2628 5789 es,
2671 5744 2793 5779 nam
2825 5737 2873 5779 et
2906 5727 3113 5790 loquela
3148 5737 3238 5775 tua
3276 5723 3614 5789 manifestum

2035 5810 2082 5853 te
2116 5799 2269 5860 facit.
2314 5800 2387 5850 Ita
2436 5800 2594 5850 etiam
2625 5798 2932 5866 Chrysost.,
2976 5793 3300 5865 Tlteopbyl.,
3334 5792 3614 5866 Eutbytn.,

2034 5882 2086 5929 et
2115 5871 2310 5941 probat
2337 5868 2681 5926 llaldouatus
2713 5878 2918 5923 noster.
