4070 6458
471 447 582 514 735

1668 440 2159 514 THEOPHANIS
2189 453 2531 514 censum

3620 441 3732 503 736

477 579 700 634 aquam,
723 571 780 616 ut
809 577 916 617 non
943 561 1147 626 sitiam,
1176 575 1352 633 neque
1379 562 1588 617 veniam
1621 563 1728 618 huc
1755 564 1997 618 haurire.
2030 582 2048 615 ι

2161 565 2293 637 ὃδωρ
2321 567 2501 629 τοῦτο,
2537 565 2623 618 ἵνα
2663 562 2738 634 μὴ
2764 561 2928 632 διψῶ,
2975 559 3111 631 μηδὲ
3138 559 3393 630 ἔρχωμαι
3424 554 3611 608 ένθάδε
3641 555 3741 608 ἀνθ

476 653 723 707 Nondum
781 667 995 708 sensum
1043 653 1309 707 dirtornm
1364 656 1614 723 attingit;
1679 655 1855 710 adhuc
1907 655 2052 709 circa

475 742 730 798 sensilem
781 758 976 810 aquam
1031 745 1362 814 cogitatione
1422 745 1738 812 detinetur,
1783 759 1835 800 et
1885 747 2057 800 credit

475 830 689 898 quidem
746 829 904 883 talem
953 847 1108 899 aqua:
1158 834 1337 886 inesse
1377 837 1668 897 virtutem,
1720 850 1824 888 non
1876 846 2053 889 tamen

475 920 655 973 adhuc
685 920 749 972 ad
783 922 1120 988 spiritualent
1153 924 1428 991 potionem
1459 925 1617 994 erigit
1653 935 1920 992 mentem,
1961 927 2054 980 sed

474 1031 542 1069 eo
572 1015 752 1070 studet
775 1015 918 1070 illam
945 1019 1213 1084 accipere,
1236 1033 1304 1072 ne
1334 1019 1529 1072 iterum
1559 1019 1806 1072 haustum
1852 1021 2052 1074 veniat.

478 1125 497 1158 ι
535 1107 670 1158 Dirit
701 1109 749 1160 ei
782 1105 940 1160 Jestts
972 1124 986 1161 :
1022 1109 1194 1175 Vade,
1221 1125 1350 1162 voca
1388 1109 1560 1162 virum
1605 1119 1807 1163 tutth
1845 1111 2056 1165 Scierat

473 1213 607 1251 sane
641 1215 750 1252 non
779 1215 899 1253 esse
931 1201 1076 1253 illam
1111 1201 1350 1269 legitimo
1382 1203 1498 1254 viro
1533 1204 1906 1269 coniunctam;
1950 1219 2053 1256 non

473 1301 651 1344 tamen
695 1307 816 1345 eam
856 1304 1042 1359 aperte
1075 1296 1188 1347 vult
1219 1298 1567 1365 redarguere,
1601 1297 1742 1364 quod
1781 1296 1854 1349 illi
1894 1312 2056 1366 grave

473 1380 712 1435 futurum
745 1395 863 1437 erat
900 1403 914 1440 :
958 1387 1051 1438 sed
1079 1401 1198 1439 eum
1225 1400 1529 1441 sermonem
1571 1387 1761 1454 injicit,
1791 1387 1935 1441 unde
1973 1403 2058 1441 res

472 1487 570 1539 per
616 1475 796 1544 seipsa
840 1491 900 1531 se
944 1477 1163 1546 prodat;
1210 1494 1330 1530 nam
1377 1494 1498 1532 cuin
1545 1480 1633 1533 illa
1679 1481 1905 1533 dixisset
1951 1493 2055 1534 non

478 1565 675 1619 habere
701 1581 759 1620 se
788 1568 982 1631 virum,
1015 1567 1206 1622 leniter
1235 1572 1600 1638 propheticum
1631 1571 1759 1624 illud
1790 1572 2056 1640 sequeba-

477 1663 606 1708 tur:
641 1671 659 1706 t
695 1654 840 1709 Bene
867 1658 1073 1721 dixisd,
1101 1657 1236 1723 Quia
1267 1674 1373 1711 nou
1407 1661 1578 1714 habeo
1603 1660 1798 1726 virum,
1825 1661 2059 1728 quinque

481 1748 625 1801 enim
659 1749 804 1802 viros
834 1749 1103 1813 habuisti,
1130 1761 1178 1802 et
1215 1767 1354 1802 nune
1375 1791 1388 1811 ,
1419 1767 1575 1820 quem
1610 1751 1810 1817 habes,
1843 1768 1946 1805 non
1979 1762 2060 1804 est

478 1849 604 1894 tuus
655 1840 756 1894 \‘ir.
807 1859 826 1892 ι
889 1841 980 1894 Illa
1034 1843 1250 1910 quidem
1306 1858 1414 1909 pra:
1460 1843 1662 1912 pudore
1716 1843 2056 1898 Concttbitutu

478 1930 975 1984 occultum‘celare
1017 1935 1344 1997 conabatur;
1384 1934 1468 1988 hic
1500 1949 1627 1987 vero
1660 1933 1837 1987 statim
1873 1944 2059 2002 operta

475 2021 702 2090 retegit,
734 2031 790 2075 et
824 2033 1145 2090 praesentem
1181 2025 1353 2077 virum
1389 2025 1578 2077 eodem
1618 2038 1843 2078 numero
1879 2025 2056 2092 ponit,

477 2120 643 2182 atque
672 2113 826 2178 illos,
859 2117 950 2182 qui
984 2116 1093 2184 jam
1134 2124 1261 2169 ante
1295 2131 1416 2170 cum
1450 2116 1537 2172 illa
1575 2115 1810 2184 turpiter
1835 2131 2066 2169 consue-

473 2213 664 2258 verant
689 2223 706 2260 :
731 2209 874 2275 quod
908 2221 1041 2262 sane
1075 2209 1262 2262 leviter
1293 2207 1442 2272 facit,
1472 2217 1520 2262 et
1555 2209 1628 2260 ita
1653 2219 1706 2261 ttt
1729 2210 2064 2276 exprobrare

475 2297 551 2350 rei
587 2298 970 2366 turpitudinem
1001 2300 1136 2356 velle
1165 2315 1268 2355 non
1295 2301 1558 2356 videatur.
1612 2303 1725 2357 Non
1759 2303 1901 2358 enim
1930 2306 2063 2358 dixit

474 2387 728 2456 Quinque
763 2389 1058 2454 adulteros,
1087 2392 1168 2445 vel
1207 2401 1498 2457 amatores,
1527 2392 1608 2448 vel
1643 2395 1743 2448 tori
1776 2394 2063 2449 violatores

479 2477 757 2541 habuisti,
807 2479 902 2532 sed
957 2479 1103 2534 viros
1155 2480 1370 2546 dicens,
1423 2483 1628 2536 sensim
1663 2482 2060 2537 multitudinem

478 2569 839 2634 maritorum,
875 2580 926 2624 et
977 2569 1101 2624 facti
1147 2570 1526 2641 indignitatem
1579 2575 1843 2636 coarguit.
1878 2572 2063 2644 Neque

473 2659 619 2715 enim
687 2663 962 2729 prioribus
1024 2661 1345 2732 coniugibus
1404 2679 1501 2719 usa
1570 2667 1808 2733 legitime
1861 2669 2079 2728 l‘uerat.,

476 2751 720 2805 Comiter
751 2753 912 2822 igitur
945 2755 1291 2822 reprehendit
1323 2758 1714 2828 polygamiam,
1744 2775 1975 2828 eamque
2009 2761 2061 2812 itt

477 2844 794 2897 memoriam
827 2845 1054 2915 redigit,
1084 2855 1140 2901 et
1169 2846 1385 2916 oblique
1421 2849 1643 2917 objicit,
1677 2852 1817 2917 quod
1853 2850 2060 2903 illorum

477 2935 764 2989 inhonesta
827 2942 1215 2995 consuetudine
1264 2942 1425 2995 l‘uerit
1479 2942 1774 3010 implicata.
1826 2943 2056 2999 Verum-
2098 2933 2102 2937 ’

478 3035 660 3078 tamen
713 3027 875 3080 etiam
929 3029 1392 3084 Samaritanorqu
1450 3047 1654 3086 morem
1705 3049 1767 3086 ea
1819 3039 2065 3089 oratione

477 3115 629 3170 visus
690 3125 776 3172 est
832 3118 1075 3174 indicare
1137 3138 1152 3175 :
1219 3122 1309 3190 qui
1373 3138 1493 3178 cum
1562 3124 1758 3196 Moysis
1823 3128 2062 3195 quinque

2151 661 2313 713 τλεῖν.
2349 678 2366 710 ι
2408 658 2576 713 Οὔπω
2628 657 2737 710 τῶν
2783 655 3098 724 λεγομένων
3125 654 3466 723 ἐφάπτεται,
3496 649 3576 702 ἔτι
3603 647 3742 718 πρὸς

2151 751 2410 823 αἰσθητὸν
2441 751 2588 820 ὕδωρ
2614 749 2916 821 ἀπασχολεῖ
2944 749 3042 816 τὴν
3074 747 3341 805 διᾶνοιαν,
3369 743 3464 796 καὶ
3494 741 3741 794 πιστεύει

2161 837 2280 905 μὲν,
2321 836 2396 898 ὡς
2426 837 2684 906 τοιαύτην
2718 839 2828 906 ἔχει
2861 837 2922 890 τὺ
2959 835 3101 907 ὕδωρ
3135 835 3294 905 ἰσχὺν
3323 877 3336 895 ,
3365 835 3425 886 οὐ
3468 834 3573 902 μὴν
3602 831 3742 899 πρὸς

2157 926 2216 977 τὸ
2255 927 2445 996 νοητὸν
2475 928 2628 994 πόμα
2681 928 2770 978 τδν
2817 926 2943 979 νοῦν
2977 927 3206 994 ἀνυψοῖ,
3263 925 3378 980 ἀλλ’
3411 926 3557 976 αίτεῖ
3578 924 3743 975 τοῦτο

2157 1017 2360 1077 λαϐεῖν,
2396 1019 2470 1080 ὡς
2525 1019 2592 1070 ἂν
2646 1018 2719 1088 μὴ
2749 1017 2974 1087 ἔρχηται
3007 1019 3240 1071 ἀντλεῖν.
3293 1035 3310 1068 1
3345 1018 3510 1082 Λέγει
3539 1017 3678 1084 αὐτῇ
3715 1017 3743 1066 6

2169 1109 2378 1176 Ἰησοῦς
2401 1127 2414 1140 ·
2443 1110 2685 1178 ’Ύπαγε,
2740 1112 2988 1178 φώνησόν
3021 1128 3113 1163 σου
3144 1111 3235 1162 τδν
3277 1109 3467 1177 ἄνδρα.
3503 1127 3520 1158 ι
3584 1108 3742 1178 ’ᾙδει

2163 1201 2281 1268 μὲν,
2312 1201 2385 1262 ὡς
2413 1202 2510 1253 οὒκ
2538 1197 2603 1273 ἦν
2632 1201 2800 1268 αὐτῆς
2829 1203 2970 1255 κατὰ
2994 1202 3158 1269 νόμον
3185 1201 3345 1270 ἀνὴρ,
3376 1199 3512 1251 ἀλλὰ
3540 1215 3742 1263 παραιο

2157 1293 2330 1344 τεῖται
2361 1292 2420 1344 τὸ
2446 1291 2694 1361 φανερῶς
2728 1291 2994 1361 ἐλέγχειν,
3025 1291 3099 1354 ὼς
3137 1289 3414 1360 φορτικὸν,
3449 1287 3743 1356 ἐμϐιϐάζει

2160 1381 2216 1434 δὲ
2247 1382 2337 1434 τὸν
2387 1383 2546 1449 λόγον
2604 1384 2682 1444 είς
2722 1384 2781 1435 τὸ
2814 1382 3052 1434 καθαυτὸ
3106 1381 3362 1449 γενέσθαι
3415 1379 3476 1431 τὸ
3508 1379 3743 1445 πρᾶγμα

2161 1472 2478 1540 κατάδηλον.
2511 1472 2789 1536 Εἰπούσης
2813 1472 2922 1543 γὰρ
2950 1472 3120 1540 αὐτῆς
3141 1487 3152 1501 ·
3189 1491 3206 1521 1
3239 1471 3351 1523 Ούκ
3384 1469 3490 1538 ἔχω
3514 1469 3701 1538 ἄνδρα,
3720 1486 3739 1518 ι

2160 1563 2380 1632 ἀϐαρῶς
2414 1565 2473 1616 τ’)
2512 1565 2610 1634 τῆς
2640 1565 2981 1634 προφητείας
3011 1562 3422 1632 ἐπηκολούθησε
3443 1577 3456 1593 ·
3499 1581 3515 1612 ι
3543 1559 3744 1620 Καλῶς

2162 1651 2346 1718 εἶπας,
2384 1657 2467 1708 ὅτι
2501 1656 2617 1708 Οὐκ
2672 1655 2779 1726 ἔχω
2811 1656 2981 1725 ἄνδρα
3008 1671 3023 1686 σ
3066 1653 3228 1706 πέντε
3281 1652 3392 1722 γὰρ
3431 1650 3608 1720 ἔσχες,
3644 1649 3746 1702 καὶ

2161 1748 2256 1800 νῦν
2284 1748 2342 1800 ὃν
2376 1747 2543 1816 ἔχεις,
2576 1749 2675 1800 οὐκ
2702 1747 2815 1800 ἔστι
2846 1764 2940 1800 σου
2967 1747 3124 1816 ἀνήρ.
3163 1764 3180 1796 ι
3239 1745 3304 1797 Ἦ
3348 1744 3450 1814 μὲν
3483 1741 3745 1796 εὐλαϐου-

2167 1841 2302 1910 μένη
2335 1840 2603 1910 κρύπτειν
2635 1841 2896 1911 ἐπειρᾶτο
2924 1840 3016 1891 τὶν
3038 1838 3298 1907 λαθραῖον
3338 1835 3692 1906 ὁμόλεκτρον,
3718 1836 3748 1887 6

2164 1933 2219 1984 δὲ
2251 1932 2622 1985 ἀνακαλύπτει
2647 1931 2715 1984 τὰ
2755 1933 3120 2001 κεκρυμμένα
3145 1929 3332 1993 εὐθὺς,
3369 1928 3464 1981 καὶ
3513 1926 3748 1992 καταλέ-

2163 2041 2250 2091 γει
2280 2024 2374 2076 καὶ
2407 2023 2568 2076 αὑτὸν
2594 2024 2681 2077 διὰ
2725 2023 2818 2075 τὸν
2849 2023 3086 2092 ἀριθμὸν
3136 2021 3244 2074 τῶν
3285 2021 3538 2090 ἀσέμνως
3576 2018 3748 2070 πάλαι

2165 2115 2611 2185 κοινωνησάντων
2659 2115 2819 2185 αὐτῇ,
2878 2113 3131 2182 ἐλαφρῶς
3202 2112 3408 2182 μέντοι.
3462 2110 3558 2163 καὶ
3603 2109 3748 2162 ὥστε

2169 2206 2242 2275 μὴ
2266 2205 2443 2257 δοκεῖν
2495 2203 2888 2267 κατονειδίζειν
2911 2204 3006 2256 τοῦ
3054 2203 3381 2272 πράγματος
3410 2202 3471 2254 τὸ
3495 2201 3747 2270 αἰσχρόν.

2165 2300 2238 2353 Οὐ
2273 2297 2382 2368 γὰρ
2434 2293 2591 2351 εἴτι-ε’
2631 2297 2798 2349 Πέντε
2839 2296 3062 2365 μοιχοὺς
3103 2295 3280 2364 ἔσχες,
3334 2293 3368 2364 ἢ
3412 2291 3670 2364 ἐραστὰς.
3711 2291 3746 2360 ἢ

2163 2387 2258 2442 τοῦ
2294 2387 2484 2457 λέχους
2508 2385 2791 2455 ὑϐριστὰς,
2840 2385 2956 2438 ἀλλ’
2987 2383 3186 2456 ἄνδρας
3213 2382 3406 2449 εἰπὼν,
3433 2381 3738 2452 λεληθότως

2164 2479 2262 2550 τὴν
2323 2479 2672 2548 πολυγαμίαν
2725 2477 2959 2547 ἐλέγχει,
3011 2475 3198 2530 καὶτὸ
3255 2475 3352 2528 τοῦ
3414 2473 3746 2544 πράγματος

2164 2575 2435 2643 ἀσεμνοψ
2486 2574 2546 2627 οὗ
2575 2574 2686 2641 γὰρ
2721 2577 2833 2633 τοῖς
2871 2571 3164 2642 προτέροις
3199 2569 3471 2639 γαμέταις
3499 2567 3752 2637 νομίμως

2165 2671 2458 2738 ἐχρήσατο.
2501 2667 2590 2718 Ἐν
2615 2664 2738 2735 ἦθει
2760 2663 2854 2718 οὖν
2881 2667 3120 2717 ποιεῖται
3141 2663 3242 2732 τῆς
3274 2661 3622 2729 πολυγαμίας
3647 2661 3754 2728 τὴν

2169 2763 2395 2834 μέμψιν,
2455 2759 2747 2815 διανιστῶν
2789 2758 2958 2828 αὐτὴν
3001 2757 3082 2819 εἰς
3115 2755 3446 2822 ἀνάμνησιν,
3487 2752 3581 2803 καὶ
3616 2750 3755 2803 πλα-

2164 2856 2300 2924 γίως
2320 2853 2722 2918 κατονειδίξων,
2743 2851 2815 2912 ὡς
2836 2851 3116 2912 κάκείνοις
3136 2849 3251 2910 τοῖς
3281 2847 3445 2897 πέντε
3474 2843 3752 2905 δυσκλεῶς

2169 2948 2562 3002 συνεπλέκετο·
2601 2947 2741 3010 πλὴν
2765 2945 2846 2997 ὅτι
2877 2943 2972 2996 καὶ
3005 2943 3064 2998 τὸ
3095 2941 3216 3004 ἔθος
3249 2941 3356 2992 τῶν
3387 2937 3754 3007 Σαμαρειτῶν

2167 3040 2312 3093 έοικε
2371 3039 2449 3106 τῷ
2484 3040 2629 3109 λόγῳ
2663 3038 2856 3108 δηλοῦν
2882 3053 2896 3067 °
2948 3035 2997 3088 οἳ
3055 3032 3307 3102 καθάπερ
3339 3030 3538 3100 ἄνδρας
3585 3029 3754 3081 πέντε

2165 3133 2421 3196 λαϐόντες
2446 3131 2544 3202 τὴν
2572 3131 2665 3184 τοῦ
2693 3129 2973 3192 Μωῦσέως
3003 3126 3396 3194 Πεντάτευχον,
3423 3123 3648 3191 ἔμελλον
3671 3122 3754 3185 ὡς

477 3207 644 3263 libros
673 3209 754 3279 (Ω)
789 3211 951 3266 veluti
983 3214 1224 3282 quinque
1256 3218 1586 3286 recepissent
1619 3222 1793 3282 viros,
1826 3221 2058 3273 futurum

2168 3226 2330 3279 ἕκτον
2383 3225 2475 3276 τὸν
2535 3223 2629 3276 τοῦ
2669 3221 3003 3290 Εὐαγγελίου
3062 3219 3228 3282 νόμον
3290 3213 3650 3279 εἰσδέξασθαι,
3688 3213 3753 3266 ὃν

477 3309 622 3366 erat,
652 3311 711 3354 ut
738 3302 902 3356 veluti
933 3313 1172 3370 sextum,
1201 3307 1472 3377 Evangelii
1500 3311 1674 3378 legem
1710 3311 2018 3380 accipereut
2045 3330 2058 3366 :

481 3391 535 3444 in
566 3408 727 3458 quam
767 3409 932 3464 porro
964 3398 1201 3451 nondum
1240 3414 1396 3454 erant
1429 3404 1718 3457 introducti
1753 3419 1850 3472 per
1882 3404 2064 3458 tidem.

477 3483 602 3538 Ideo
631 3485 781 3549 dicit,
815 3485 984 3553 Quem
1029 3489 1193 3545 habes
1238 3509 1380 3547 nunc
1417 3494 1812 3564 colloquentem
1855 3504 2060 3556 tecum,

477 3591 583 3628 non
621 3586 708 3631 est
743 3587 863 3633 tuus
888 3579 998 3646 vir,
1025 3583 1150 3648 quia
1195 3582 1246 3636 in
1291 3583 1436 3636 illum
1485 3587 1721 3639 nondum
1763 3585 2064 3639 credidisti.

475 3668 739 3732 Quoniam
766 3683 894 3723 vero
921 3669 1035 3724 haec
1067 3670 1407 3726 Samaritana
1449 3675 1753 3730 .tniversum
1781 3676 2067 3729 adumbrat

475 3765 768 3820 humanum
798 3783 1004 3835 genus;
1036 3783 1132 3839 per
1153 3771 1390 3841 quinque
1427 3774 1571 3826 viros
1596 3772 1814 3840 intelligi
1848 3780 2066 3840 possent

471 3860 710 3928 quinque
761 3860 908 3932 leges
957 3863 1006 3915 ei
1055 3879 1083 3916 a
1117 3861 1412 3919 Conditore
1458 3882 1556 3919 suo
1611 3867 1767 3920 initio
1818 3866 2063 3919 traditae:

473 3954 645 4020 prima
695 3970 832 4022 quae
883 3956 1044 4025 271
1105 3958 1158 4011 in
1213 3960 1494 4027 paradiso;
1557 3961 1724 4014 altera
1776 3974 1896 4029 qua:
1948 3965 2068 4028 post

475 4045 940 4115 inobedientiam;
985 4050 1140 4103 tertia
1185 4066 1304 4119 quae
1345 4051 1458 4107 Noe
1496 4061 1618 4122 post
1651 4053 1913 4107 diluvium
1943 4051 2066 4104 data

471 4144 590 4200 est;
623 4147 813 4202 quarta
845 4137 1318 4206 circutncisiouis;
1354 4143 1542 4212 quinta
1577 4127 1808 4213 denique
1843 4147 2062 4216 scripta.

472 4223 618 4288 Quae
660 4227 922 4294 abjiriens
956 4231 1191 4284 humana
1230 4242 1423 4287 natura
1458 4249 1583 4289 cum
1621 4235 1916 4305 impietatis
1953 4237 2067 4305 lege

471 4314 629 4383 quasi
668 4331 790 4372 cum
831 4321 1077 4376 adultero
1117 4334 1370 4394 corrupta
1415 4336 1516 4382 est.
1554 4327 1705 4393 Quod
1743 4343 1879 4382 sane
1933 4343 2063 4397 pro-

475 4405 762 4474 pltetarum
792 4426 958 4467 voces
989 4413 1218 4482 ﬁgurate
1251 4417 1469 4472 infamia
1501 4428 1780 4474 notarunt.
1803 4417 2066 4476 Jeretnias

471 4499 616 4551 enim
654 4519 668 4555 :
705 4519 724 4553 ι
758 4503 970 4570 Facies,
993 4505 1191 4574 inquit,
1219 4516 1309 4562 tua
1342 4510 1484 4565 facta
1512 4521 1596 4566 est
1622 4513 2010 4568 meretricis”.
2039 4532 2058 4566 ι

2166 3317 2379 3371 οὐδέπω
2408 3312 2548 3386 ἦσαν
2575 3315 3007 3382 εἰσοικισάμενοι
3042 3310 3129 3364 διὰ
3161 3310 3415 3371 πίστεως.
3465 3306 3564 3358 Διὰ
3588 3304 3753 3357 τοῦτό

2167 3425 2368 3478 φησιν·
2413 3428 2430 3460 ι
2467 3410 2564 3460 Ὃν
2618 3407 2765 3477 ἔχεις
2817 3403 2912 3458 νῦν
2947 3401 3313 3456 συλλαλοῦντά
3364 3417 3468 3460 σοι,
3501 3398 3600 3451 οὐκ
3630 3397 3753 3448 ἔστι

2167 3519 2261 3555 σου
2290 3501 2450 3572 ἀνὴρ,
2482 3500 2670 3570 ἐπειδὴ
2695 3498 2847 3551 ούπω
2875 3496 3254 3556 πεπίστευκας
3283 3494 3363 3556 είς
3385 3491 3566 3544 αὐτόν.
3589 3489 3754 3542 Ἐπεὶ

2164 3594 2289 3662 δὲὴ
2353 3593 2681 3662 Σαμαρεῖτις
2741 3590 2841 3658 τὴν
2901 3589 3029 3658 ὃλην
3079 3587 3186 3638 τῶν
3228 3582 3535 3654 ἀνθρώπων
3583 3581 3753 3649 φύσιν

2166 3687 2474 3756 ὑπέγραφε,
2507 3685 2714 3736 νοοίντο
2749 3682 2816 3734 ἂν
2844 3681 3005 3733 πέντε
3051 3679 3244 3747 ἄνδρες
3288 3677 3385 3730 καὶ
3423 3677 3470 3728 οἱ
3497 3675 3755 3736 δοθέντες

2166 3779 2304 3848 αὐτῇ
2361 3775 2630 3830 ἀνέκαθεν
2682 3773 2845 3826 πέντε
2880 3771 3036 3841 νόμοι
3081 3770 3237 3840 παρὰ
3271 3766 3370 3821 τοῦ
3408 3767 3750 3827 Πλάσαντοςο

2166 3871 2194 3922 ὀ
2235 3871 2292 3921 ἐν
2341 3867 2678 3937 παραδείσῳ,
2735 3867 2761 3918 6
2797 3864 2939 3934 μετὰ
2983 3864 3083 3934 τὴν
3114 3865 3425 3931 παρακοὴν,
3454 3863 3482 3914 6
3514 3860 3592 3930 τῷ
3622 3860 3752 3912 Νῶε

2165 3956 2341 4019 δοθεὶς
2391 3955 2532 4024 μετὰ
2589 3954 2682 4006 τὸν
2716 3952 3125 4022 κατακλυσμὸν,
3160 3954 3253 4004 καὶ
3297 3953 3556 4020 τέταρτος
3587 3953 3616 4003 6
3647 3952 3755 4019 τῆς

2167 4047 2496 4117 περιτομῆς,
2551 4046 2800 4116 πέμπτος
2845 4045 2901 4098 δὲ
2954 4045 2982 4096 6
3012 4045 3280 4114 γραπτός.
3326 4043 3492 4096 Ἀλλὰ
3518 4041 3753 4105 τούτους

2165 4137 2535 4203 ἀποϐαλοῦσα,
2573 4138 2650 4208 τῷ
2679 4138 2780 4207 τῆς
2807 4136 3062 4198 ἀσεϐείας
3086 4136 3258 4206 νόμῳ,
3302 4135 3378 4198 ὡς
3409 4133 3583 4203 μοιχῷ
3621 4149 3758 4186 συν-

2166 4231 2473 4302 εφθείρετο.
2512 4231 2578 4284 Ὅ
2615 4229 2680 4300 δὴ
2711 4230 2806 4284 καὶ
2835 4230 2944 4282 τῶν
2974 4229 3277 4300 προφητῶν
3308 4231 3363 4280 αί
3397 4227 3575 4296 φωναὶ
3614 4242 3758 4296 τρο-

2167 4322 2345 4385 πικῶς
2377 4319 2806 4389 στηλιτεύονσιν.
2861 4317 2920 4372 '0
2948 4319 3047 4387 μὲν
3073 4317 3181 4389 γὰρ
3207 4316 3508 4386 Ἱερεμίας
3537 4332 3557 4365 ‹
3583 4313 3756 4382 Ὀψις

2167 4415 2394 4485 πόρνης,
2422 4414 2610 4482 φησὶν,
2640 4409 2858 4479 ἐγένετό
2881 4426 2984 4462 σοι.
3016 4427 3034 4461 ι
3077 4409 3235 4476 Ὠσηὲ
3269 4408 3325 4460 δέ
3346 4425 3360 4436 ·
3399 4404 3752 4475 ιΙΙεριέθετο,

2167 4507 2366 4574 λέγων,
2400 4505 2466 4558 τὰ
2503 4503 2695 4572 ἱμάτια
2727 4502 2918 4571 αὐτῆς,
2970 4503 3066 4554 καὶ
3095 4499 3389 4572 ἐπορεύετο
3431 4500 3607 4551 ὀπίσω
3636 4497 3753 4550 τῶν

473 4589 612 4646 Osee
635 4608 762 4648 vero
793 4595 871 4668 (5)
909 4613 924 4650 ι
968 4615 988 4649 σ
1023 4598 1408 4657 Circumdabat
1442 4604 1545 4659 sibi
1582 4605 1902 4660 vestimenta
1938 4619 2056 4669 sua,

2167 4600 2414 4673 ἐραστῶν
2471 4597 2662 4668 αὐτῆς.
2718 4614 2737 4647 ι
2795 4595 2857 4649 '0
2891 4595 2944 4647 δὲ
2975 4593 3210 4663 Ναούμ·
3273 4611 3292 4645 ‹
3343 4591 3548 4662 Πόρνη,
3583 4591 3750 4657 φησὶ,

545 4734 592 4766 ¹⁰
615 4729 812 4788 Jcrem.
843 4751 935 4803 ttt,
961 4737 1015 4791 4.

1714 4808 2038 4871 Francisci
2077 4808 2285 4870 Scorsi
2330 4787 2517 4869 uota}.

547 4916 623 4985 (ἓ)
661 4915 794 4991 Cum
834 4919 1032 4988 Moysi:
1084 4920 1522 4991 quinquelibros.
1567 4918 1705 4976 Vide
1733 4937 1854 4989 quae
1885 4937 2048 4990 super

478 4989 586 5059 hoc
615 4989 891 5058 attigimus
925 5003 1036 5043 not.
1070 4989 1312 5059 proxima
1343 5008 1357 5055 ;
1410 5001 1667 5045 ueterum
1718 4993 1856 5046 hanc
1915 4989 2048 5046 alle-

476 5057 683 5128 got-iani
726 5057 912 5113 innuit
939 5057 1101 5113 etiam
1139 5061 1201 5114 D.
1245 5062 1532 5126 Augustin.
1585 5063 1638 5115 in
1679 5062 1842 5115 Joan.
1878 5070 2041 5116 tract.

479 5125 502 5180 ἰ
539 5144 552 5179 :
620 5125 806 5189 Multi,
854 5131 949 5190 ait,
980 5125 1352 5184 intellexerunt
1414 5147 1516 5183 non
1544 5134 1750 5196 quidem
1790 5133 2040 5194 absurde,

477 5215 571 5270 nec
601 5215 968 5266 usquequaque
998 5202 1414 5268 improbabiliter
1439 5201 1490 5252 iu
1519 5203 1747 5270 quinque
1768 5204 1892 5256 viris
1925 5219 2044 5254 utu-

477 5269 624 5339 lieris
672 5270 827 5336 hujus
867 5272 1094 5339 quinque
1141 5271 1302 5324 libros
1339 5269 1886 5339 illoyst's;utebantur
1907 5274 2044 5324 enim

477 5341 554 5391 eis
589 5337 937 5402 Samaritaui,
977 5337 1020 5392 et
1057 5342 1149 5393 sub
1181 5344 1360 5393 eadem
1405 5337 1514 5408 lege
1549 5353 1696 5395 erant
1725 5359 1743 5404 ;
1775 5358 1896 5394 nam
1924 5345 2048 5394 inde

477 5408 585 5460 illis
637 5417 687 5460 et
722 5411 1052 5462 circumcisio
1099 5412 1291 5464 inerat.
1359 5409 1460 5464 Sed
1494 5413 1744 5477 quoniam
1795 5420 2048 5478 angustat

479 5495 597 5539 nos,
643 5480 783 5547 quod
827 5482 1107 5548 sequitur:
1145 5497 1163 5530 1
1214 5481 1280 5532 Et
1317 5497 1452 5532 nunc
1492 5497 1642 5549 quem
1703 5482 1884 5543 habes,
1949 5499 2050 5533 non

474 5559 554 5601 est
590 5559 711 5600 mus
745 5550 855 5614 vir;
895 5566 912 5598 ι
949 5552 1155 5601 videtur
1208 5551 1335 5602 mihi
1374 5551 1591 5618 facilius
1638 5569 1740 5604 non
1774 5567 1922 5617 posse
1962 5567 2054 5601 σου

475 5623 646 5683 cipere
702 5619 930 5686 quinque
963 5621 1101 5672 viros
1151 5621 1362 5689 priores
1401 5624 1596 5674 animm
1637 5637 1794 5689 quam
1826 5622 2053 5687 quiaque

477 5703 663 5741 sensus
699 5690 952 5754 corporis.
1011 5689 1082 5743 Ita
1142 5688 1202 5743 S.
1234 5691 1606 5754 Augustinus:
1645 5691 1738 5743 sed
1799 5691 1941 5758 quod
1977 5691 2050 5742 illi

478 5767 774 5824 angustum
807 5760 1019 5812 videtur
1072 5759 1139 5814 de
1172 5770 1325 5814 sexto
1360 5761 1496 5821 viro,
1531 5761 1582 5813 id
1606 5760 1671 5814 ad
1707 5763 1954 5813 eamdem
1978 5760 2054 5811 al-

482 5827 744 5894 legoriam
797 5831 1030 5882 traducit
1083 5832 1169 5883 ltic
1211 5838 1412 5890 uoster.
1447 5845 1569 5884 cum
1605 5841 1817 5883 sextum
1874 5830 2051 5883 virum

483 5895 657 5964 legem
709 5899 1074 5968 evangelicum
1124 5900 1304 5964 faciat,
1349 5916 1467 5968 qua:
1525 5915 1629 5955 non
1685 5909 1804 5954 erat
1859 5900 2050 5970 ipsius,

2153 4924 2280 4989 quia
2335 4934 2454 4974 eam
2493 4918 2732 4989 nondum
2767 4926 3079 4986 acceperat,
3112 4925 3166 4970 et
3200 4931 3320 4989 eam
3358 4925 3539 4989 tamen
3573 4915 3749 4971 habe—

2155 4987 2266 5053 bat,
2337 5005 2457 5041 cum
2493 4987 2772 5043 Christum
2803 5000 3128 5055 praesentem
3189 4988 3434 5054 haberet,
3472 4988 3538 5042 ad
3572 5003 3741 5057 quem

2151 5060 2390 5114 nondum
2448 5071 2594 5112 esset
2628 5059 2931 5113 introducti
2966 5075 3062 5126 per
3090 5059 3268 5110 lidetu.

2221 5130 2296 5199 (5)
2346 5129 2479 5199 Osee
2519 5145 2660 5182 vero.
2713 5128 2886 5182 Locus
2921 5127 3441 5199 integerDseaeita
3502 5128 3744 5199 habetur

2146 5196 2438 5253 “LXX:
2486 5199 2594 5252 Καὶ
2629 5199 2919 5268 περιέθετο
2959 5200 3026 5251 τὰ
3078 5197 3275 5250 ἐνώτια
3317 5196 3491 5265 αὐτῆς
3528 5198 3621 5250 καὶ
3671 5200 3746 5251 τὰ

2153 5269 2433 5339 καθόρμια
2492 5274 2510 5339 (
2537 5271 2589 5321 in
2626 5267 2760 5339 Bibl.
2789 5269 2972 5335 Regiis
3004 5268 3264 5339 seriptum
3301 5275 3382 5320 est
3411 5267 3744 5339 καθορμεῖα)

2154 5337 2349 5406 αὐτῆς,
2397 5337 2823 5406 καὶέπορεύετο
2873 5339 3051 5390 ὀπίσω
3083 5337 3192 5387 τῶν
3230 5337 3485 5406 ἐραστῶν
3519 5339 3691 5406 αὐτῆς
3729 5354 3742 5367 '

2159 5409 2226 5462 Et
2256 5408 2623 5462 circumdabat
2652 5409 2751 5460 sibi
2803 5411 3013 5461 inaures
3060 5424 3187 5461 suas
3237 5420 3282 5460 et
3323 5408 3541 5460 monilia
3592 5426 3690 5461 sua
3720 5427 3743 5473 ;

2155 5489 2201 5531 et
2234 5481 2344 5532 ibat
2396 5488 2513 5546 post
2556 5487 2817 5531 amatores
2850 5497 2995 5531 suos.
3029 5477 3223 5530 Nostra
3258 5475 3415 5546 Vulg.
3445 5479 3738 5530 ornabatur

2155 5550 2344 5602 inaure
2410 5565 2528 5606 sua.
2591 5557 2641 5600 et
2677 5550 2860 5601 monili
2905 5565 3022 5602 suo.
3073 5549 3147 5599 Ex
3186 5547 3288 5600 hoc
3340 5549 3459 5601 loco
3528 5549 3740 5602 delibat

2157 5634 2329 5687 pauca
2367 5617 2751 5684 TlteOphanes,
2781 5628 2836 5670 ut
2865 5621 3031 5681 vides,
3078 5632 3308 5685 eumque
3333 5619 3592 5673 concidit.
3630 5619 3740 5672 Sed

2155 5702 2288 5742 vero
2319 5704 2414 5758 pro
2436 5688 2634 5740 ἐνώτια,
2669 5688 2797 5755 legit
2833 5689 3047 5758 ἱμάτια,
3075 5703 3194 5758 quae
3222 5688 3381 5740 lectio
3418 5688 3471 5741 in
3505 5689 3589 5750 iis,
3617 5705 3742 5756 quae

2156 5774 2257 5826 ego
2310 5757 2536 5813 viderim
2585 5756 2867 5815 hactenus
2897 5760 3098 5815 Graecis
3147 5756 3359 5823 Bibliis,
3424 5773 3567 5814 nunc
3630 5775 3741 5814 non

2155 5838 2354 5884 exstat.
