4070 6402
276 387 377 451 ΤΠ

1549 383 1878 445 ΗΟΜΗᾹᾹ
1916 384 2253 447 XXXVIII.

3442 379 3549 442 738

278 503 437 573 καλὴ,
479 501 576 554 καὶ
610 502 893 573 ἐπίχαρις,
924 505 959 576 ἠ
991 501 1249 557 πωλοῠσα
1276 500 1405 571 ἔθνη
1438 501 1495 552 ἐν
1532 503 1597 570 τῇ
1632 498 1854 567 πορνείᾳ

1967 509 2019 552 et
2056 500 2164 552 ibat
2203 506 2320 567 post
2353 506 2624 552 amatores
2666 512 2793 552 suos
2814 497 2882 551 ¹¹.
2922 515 2941 549 ›
2987 494 3157 550 Naum
3199 494 3363 550 etiam
3406 494 3482 565 (6)
3534 512 3548 549 :

277 596 470 664 αὐτῆς.
512 613 530 645 ι
569 594 629 647 Ὀ
680 594 843 664 νόμος
873 593 1055 647 τοίνυν
1104 596 1203 661 τῆς
1231 592 1487 655 ἀσεϐείας
1522 592 1621 644 οὐκ
1651 586 1718 659 ἦν
1756 591 1855 658 τῆς

278 688 492 753 ερύσεως
516 686 622 738 τῶν
656 684 962 756 ἀνθρώπων
997 686 1137 755 ἀνὴρ
1161 701 1174 714 ·
1227 684 1421 754 ἔμελλε
1463 685 1571 754 γὰρ
1614 700 1855 752 νυμφευ-

278 778 436 847 θῆναι
463 779 703 848 Χριστῷ,
725 772 769 846 ᾧ
797 779 1163 846 νυμφοστολεῖ
1186 777 1392 846 ταύτην
1418 778 1650 842 Παῦλος,
1680 776 1856 841 οὕτως

276 869 477 923 εἰπών·
542 889 559 922 ι
612 871 977 941 Ἠρμοσάμην
1037 865 1208 938 ὑμᾶς’
1242 869 1326 923 ἑνὶ
1377 869 1535 940 ἀνδρὶ
1583 870 1857 940 παρθένον

274 959 444 1030 ἁγνὴν
479 963 833 1031 παραστῆσαι
861 959 1105 1029 Χριστῷ.
1134 978 1152 1011 ι
1208 958 1371 1013 Ἀλλὰ
1397 960 1465 1012 τὰ
1493 960 1592 1029 τῆς
1618 960 1859 1029 ἱστορίας

275 1051 433 1117 αέθις
467 1052 929 1123 ὲπαναλὰὀωμεν.

351 1245 371 1277 ‹
406 1227 566 1295 Λέγει
597 1226 747 1297 αὑτῷ
780 1230 810 1299 ή
848 1230 987 1299 γυνή
1014 1245 1028 1260 ο
1065 1229 1261 1300 Κύριε.
1289 1230 1502 1301 θεωρῶ,
1527 1232 1611 1285 ὅτι
1642 1233 1856 1302 προφή-

272 1336 373 1390 της
401 1315 451 1372 εἷ
479 1318 564 1373 σύ.
598 1337 617 1369 ι
669 1320 976 1374 Ἀκούσασα
1010 1321 1154 1375 οὕτω
1183 1322 1372 1391 σαφῶς
1403 1322 1859 1391 ἀνακαλυφθέντα.

273 1414 344 1464 τὰ
398 1413 454 1464 ὲν
508 1412 847 1484 παραϐύστῳ
884 1413 1225 1484 πραχθέντα,
1268 1417 1361 1467 καὶ
1406 1415 1506 1469 ὅσα
1558 1415 1656 1486 τὴν
1702 1416 1857 1468 πόλιν

272 1505 588 1567 ἐλάνθανεν.
622 1506 738 1559 οὔθ’
769 1507 1051 1576 ὑπεστάλη
1083 1506 1488 1579 ἐρυθριάσασα,
1534 1506 1648 1560 οὔτ’
1680 1508 1856 1579 ἀπρε-

278 1599 384 1662 πές
413 1616 465 1652 τι
507 1601 602 1652 καὶ
644 1600 835 1668 ἰταμὸν
870 1599 1274 1669 ἁνεφθέγξατο’
1306 1601 1420 1654 ἀλλ’
1476 1603 1541 1653 ὲκ
1576 1599 1672 1654 τοῦ
1716 1618 1855 1671 προ·

274 1692 455 1762 φήτην
486 1692 652 1745 αὐτὸν
702 1692 987 1762 ὁμολογεῖν
1018 1692 1162 1746 ἔοικε
1185 1693 1259 1763 τῷ
1283 1693 1428 1764 λόγῳ
1460 1693 1857 1761 συγκατατίθε-

274 1783 420 1847 σθαι,
457 1786 756 1838 ἁπεοικὸτα
789 1788 844 1838 δὲ
901 1787 1079 1838 ποιεῖν
1110 1786 1186 1856 τῷ
1241 1786 1386 1839 έθνει
1418 1786 1613 1855 αὐτῆς.
1650 1786 1712 1839 Οἱ
1746 1785 1855 1855 γὰρ

273 1877 610 1947 Σαμαρεῖται
632 1880 919 1946 προφήτας
944 1878 1007 1930 οὐ
1039 1878 1429 1949 παρεδέξαντο.
1456 1873 1590 1933 Εἶτα
1613 1882 1704 1930 καὶ
1726 1895 1792 1929 πε
1804 1878 1854 1948 pl

270 1967 559 2037 δογμάτων
589 1966 766 2037 ζητεῖ,
800 1967 991 2037 ὥσπερ
1021 1968 1292 2022 ὠδίνουσα
1319 1968 1376 2019 τὸ
1407 1966 1633 2039 ζήτημα
1660 1969 1855 2037 πρότε-

276 2075 390 2126 ρον.

350 2169 369 2201 ι
402 2150 461 2203 Οἱ
496 2150 727 2220 πατέρες
756 2152 916 2221 ἡμῶν
948 2152 1006 2205 ὲν
1038 2150 1116 2222 τῷ
1153 2152 1269 2220 ὄρει
1307 2153 1488 2224 τούτῳ
1516 2154 1857 2224 προσεκύνη-

274 2259 397 2303 σαν,
430 2243 521 2293 καὶ
550 2243 707 2309 ὑμεῖς
746 2242 957 2311 λέγετε.
983 2244 1063 2297 ὅτι
1096 2246 1153 2296 ὲν
1199 2241 1596 2314 Ἰεροσολύμοις
1646 2246 1794 2296 ἐστὶν
1829 2245 1857 2296 6

270 2338 437 2397 τόπος
468 2336 603 2388 ὃπου
633 2335 715 2388 δεῖ
733 2339 1083 2402 προσκυνεῖν.
1119 2357 1137 2388 ι
1184 2338 1435 2390 Ἰουδαῖοι
1470 2337 1568 2408 μὲν
1590 2337 1687 2401 τὰς
1719 2354 1855 2408 προ-

271 2428 510 2495 φητικὰς
538 2425 722 2493 φωνὰς
747 2427 1077 2496 σωματικῶς
1106 2428 1454 2499 ἐκδεχόμενοι
1482 2426 1651 2499 ᾤοντο
1675 2431 1731 2480 ἐν
1762 2430 1854 2498 μά-

271 2536 386 2581 νοις
433 2517 820 2588 Ἱεροσολύμοις
850 2520 960 2571 δεῖν
992 2523 1322 2583 προσκυνεῖν
1352 2520 1444 2573 τὸν
1479 2520 1633 2575 θεόν.
1670 2520 1856 2591 Σαμα-

274 2614 453 2682 ρεῖται
495 2610 551 2663 δὲ
600 2612 658 2663 ὲν
685 2611 802 2682 ὄρει
829 2610 926 2663 τοῦ
954 2611 1201 2682 Γαριζὶν,
1236 2615 1293 2665 ὲν
1317 2606 1359 2680 ᾧ
1394 2616 1463 2667 τὰ
1507 2613 1702 2666 εἴδωλα
1733 2617 1855 2667 έκε-

273 2699 547 2766 κρύςρατο,
576 2698 650 2761 ὡς
672 2700 729 2750 ὲν
758 2701 868 2761 τοῖς
896 2698 1208 2772 ἔμπροσθεν
1240 2702 1487 2773 εἴπομεν.
1517 2702 1735 2774 Ταύτην
1761 2704 1854 2758 οὖν

272 2794 370 2862 τὴν
406 2792 632 2861 ζήτησιν
679 2790 753 2855 ὡς
782 2793 1086 2860 ἀμφίϐολον
1117 2797 1149 2865 ἡ
1176 2795 1311 2866 γυνὴ
1335 2796 1411 2867 τῷ
1432 2798 1677 2869 Δεσπὸτῃ
1700 2799 1854 2869 προῖ-

274 2901 488 2938 σνεται.
520 2887 584 2938 Τί
615 2883 707 2939 οὖν
739 2888 766 2939 6
800 2888 1023 2958 Σωτήρ;

351 2996 372 3030 ι
423 2978 721 3031 Πίστευσόν
786 2998 896 3049 μοι,
957 2979 1143 3048 γύναι,
1196 2980 1277 3033 ὅτι
1319 2980 1559 3050 ἔρχεται
1598 2982 1735 3053 ὥρα,
1765 2985 1854 3037 ὅτε

271 3072 399 3124 οὕτε
428 3074 488 3125 ὲν
513 3070 590 3141 τῷ
624 3072 739 3142 ὄρει
764 3072 962 3143 τούτῳ,
1002 3071 1127 3125 οὕτε
1158 3076 1214 3126 ἐν
1252 3073 1650 3145 Ἱεροσολύμοις
1683 3094 1853 3147 προσ-

1969 608 1987 640 (
2026 589 2277 644 Meretrix
2311 590 2551 659 speciosa
2592 596 2645 642 et
2676 598 2862 659 grata,
2906 604 3023 657 quae
3066 587 3252 643 vendit
3280 598 3467 657 gentes
3496 588 3548 641 in

1963 682 2320 737 fornicatione
2345 683 2527 738 sua”.
2564 700 2581 731 ι
2618 680 2731 734 Lex
2757 681 2921 749 igitur
2949 680 3245 748 impietatis
3284 695 3389 733 non
3431 687 3548 735 erat

1964 776 2044 828 vir
2078 776 2326 829 humana:
2364 786 2600 839 naturae,
2631 773 2724 827 sed
2763 774 2981 829 Christo
3022 782 3249 839 nuptura
3286 781 3432 833 erat,
3462 772 3549 826 cui

1963 864 2162 919 Paulus
2209 879 2327 917 eam
2373 866 2602 917 adornat
2645 873 2702 916 ut
2747 878 2997 929 sponsam
3043 861 3152 932 (ὕ),
3186 862 3262 915 sic
3303 861 3485 915 dicens
3529 878 3544 914 :

1970 974 1988 1007 ι
2044 956 2312 1025 Despondi
2362 956 2506 1009 enim
2561 969 2655 1008 vos
2714 955 2803 1007 uni
2857 954 2974 1007 viro
3022 954 3282 1023 virginem
3338 964 3544 1007 castam

1964 1044 2218 1097 exhibere
2259 1042 2474 1097 Christo
2492 1044 2555 1095 ’³.
2598 1061 2617 1094 ι
2663 1041 2768 1097 Sed
2812 1043 3127 1097 historicum
3170 1045 3537 1097 narrationem

1966 1137 2159 1191 iterum
2193 1152 2556 1191 resumamus.

2040 1246 2059 1280 ι
2102 1228 2238 1281 Dicit
2268 1228 2316 1281 ei
2353 1226 2592 1281 mulier:
2628 1226 2879 1292 Domine,
2918 1227 3078 1280 video
3116 1227 3240 1295 quia
3284 1229 3545 1297 propheta

1962 1335 2020 1374 es
2059 1331 2134 1373 tu.
2170 1337 2188 1371 ›
2225 1318 2325 1375 Ubi
2360 1319 2532 1373 audiit
2562 1333 2624 1373 ea
2651 1332 2772 1387 qua:
2803 1319 2920 1387 ipsa
2956 1318 3007 1371 in
3045 1318 3256 1372 occulto
3280 1327 3542 1387 patrarat,

1964 1427 2083 1482 quae
2112 1411 2389 1465 latuerant
2420 1411 2724 1477 civitatem,
2764 1411 2815 1462 in
2851 1411 3024 1463 lucem
3061 1418 3166 1461 tam
3204 1420 3389 1478 aperte
3421 1424 3538 1477 pro.

1963 1504 2093 1570 lata,
2131 1517 2231 1558 nec
2254 1517 2363 1573 pra:
2396 1505 2602 1571 pudore
2628 1500 3001 1556 dissimulavit
3029 1515 3204 1569 neque
3229 1500 3546 1555 indecorum

1964 1595 2245 1666 quidpiam
2307 1594 2619 1664 petulanter
2685 1593 3002 1662 respondit;
3078 1591 3171 1645 sed
3226 1594 3547 1660 prophetam

1964 1691 2111 1745 illum
2144 1690 2421 1756 confessa,
2457 1691 2573 1760 ejus
2613 1689 2847 1743 orationi
2898 1690 3211 1743 consentire
3264 1690 3376 1743 visa
3429 1698 3547 1753 est,

1963 1796 2017 1840 et
2048 1798 2208 1837 secus
2248 1783 2452 1849 facere,
2492 1799 2650 1852 quam
2687 1798 2819 1851 gens
2868 1796 2965 1836 sua
3001 1782 3400 1837 consuevisset.
3442 1783 3547 1836 Sa-

1888 1845 1933 1905 B
1966 1875 2216 1929 maritani
2262 1875 2533 1943 siquidem
2573 1845 2867 1941 prophetas
2918 1888 3029 1926 non
3087 1882 3411 1940 receperunt
3444 1872 3546 1941 (6).

1960 1965 2091 2022 Post
2123 1968 2233 2021 haec
2278 1966 2345 2021 de
2390 1965 2658 2035 dogmatis
2688 1980 2812 2018 eum
2846 1964 3169 2032 interrogat,
3204 1964 3360 2032 quasi
3406 1962 3549 2018 hanc

1960 2058 2321 2127 quiestionem
2348 2057 2457 2125 jam
2487 2067 2613 2112 ante
2655 2056 2836 2110 animo
2864 2055 3185 2124 parturiret.

2037 2167 2054 2200 ι
2097 2146 2287 2202 Patres
2323 2149 2493 2201 nostri
2549 2147 2602 2199 in
2654 2157 2836 2200 monte
2886 2147 2989 2199 hoc
3037 2146 3428 2209 adoraverunt,
3492 2156 3547 2200 et

1961 2252 2056 2291 ros
2086 2236 2310 2304 dicitis,
2362 2237 2486 2307 quia
2527 2235 2920 2307 Hierosolymis
2952 2244 3036 2289 est
3070 2235 3242 2297 loeas,
3287 2239 3376 2289 ubi
3410 2236 3545 2289 ado-

1963 2346 2083 2383 rare
2112 2338 2347 2398 Oportet.
2384 2348 2401 2379 ι
2437 2329 2609 2384 Judaei
2649 2344 2782 2382 sane
2824 2328 3175 2398 propheticas
3226 2343 3386 2381 voces
3427 2343 3549 2381 cor-

1962 2426 2217 2493 poraliter
2248 2424 2602 2493 accipientes,
2650 2421 2823 2476 solum
2882 2419 3276 2490 Hierosolymis
3328 2420 3544 2475 adorari

1962 2516 2127 2572 Deum
2166 2519 2461 2571 convenire
2498 2514 2904 2569 existimabant.
2941 2513 3269 2565 Samaritani
3309 2528 3435 2565 vero
3489 2513 3544 2566 in

1962 2620 2144 2662 monte
2185 2607 2404 2662 Garizin
2446 2608 2543 2677 (7),
2600 2606 2688 2659 ubi
2740 2605 3057 2659 abscondita
3110 2605 3251 2658 idola
3306 2604 3545 2671 fuerant,

1959 2709 2019 2752 ut
2069 2714 2229 2767 supra
2276 2698 2718 2752 memoravimus.
2776 2694 2927 2749 lianc
2969 2695 3135 2763 igitur
3188 2698 3544 2764 quaislioneui

1960 2800 2018 2843 ut
2080 2791 2296 2844 dubiam
2356 2790 2612 2858 preponit
2673 2788 2897 2841 Domino
2953 2790 3165 2842 mulier.
3221 2787 3361 2854 Quid
3423 2804 3550 2843 tero

1960 2882 2210 2937 Salvator
2231 2883 2254 2933 ‘l

2038 2992 2056 3023 ι
2094 2972 2304 3035 Mulier,
2344 2968 2505 3025 crede
2556 2970 2721 3036 mihi,
2774 2971 2896 3038 quia
2941 2968 3088 3021 venit
3129 2969 3293 3034 hora,
3329 2972 3548 3040 quando

1960 3080 2137 3132 neque
2186 3064 2236 3116 in
2277 3074 2459 3115 monte
2504 3062 2627 3127 hoc,
2673 3078 2848 3129 neque
2896 3062 2948 3114 in
2999 3061 3384 3129 Hierosolymis
3414 3063 3546 3114 adn-

272 3166 541 3233 κυνήσετε
566 3164 641 3233 τῷ
683 3162 878 3234 Ila-cpi.
917 3182 935 3215 ι
982 3164 1157 3235 ’Ὥραν
1188 3164 1286 3235 τὴν
1323 3166 1517 3219 ἑαυτοῦ
1560 3169 1854 3238 ἐπιδημίαν

1964 3155 2151 3209 rabitis
2187 3154 2425 3206 Patrem.
2465 3171 2482 3204 ι
2519 3150 2719 3204 lloram
2751 3163 2910 3205 vocat
2940 3152 3231 3203 adventum
3280 3167 3458 3216 suum,
3488 3153 3541 3205 in

270 3255 445 3323 λέγει,
470 3255 593 3308 καθ’
619 3257 685 3326 ἢν
710 3257 759 3309 οἱ
794 3254 1041 3326 ἀληθινοὶ
1075 3260 1454 3329 προσκυνηταὶ
1491 3260 1592 3314 οὐκ
1621 3262 1679 3313 ἐν
1706 3263 1860 3331 ἀφω-

274 3347 522 3418 ρισμένῳ
558 3348 734 3417 τόπῳ,
768 3348 906 3404 ἀλλὰ
968 3350 1307 3420 πανταχόθεν
1360 3353 1713 3422 προαοίσουσι
1760 3355 1858 3428 τὴν

272 3438 650 3507 προσκύνησιν
676 3438 755 3510 τῷ
787 3440 1067 3511 πανταχοῦ
1097 3443 1327 3511 παρόντι
1368 3442 1508 3513 Θεῷ.

354 3547 373 3579 ι
425 3529 615 3599 Ὑμεῖς
664 3534 1021 3602 προσκυνεῖτε
1067 3533 1096 3585 ὃ
1130 3535 1233 3586 οὐκ
1262 3536 1650 3607 οἴδατε,ήμεῖς
1680 3555 1851 3609 προσ-

271 3624 553 3695 κυνοῦμεν
582 3623 610 3677 ὃ
636 3623 882 3694 οἴδαμεν.
924 3643 943 3676 ι
977 3625 1280 3697 Θορυὸήσει
1306 3627 1361 3680 δὲ
1396 3628 1525 3692 ἴσως
1555 3630 1705 3693 τινας
1746 3633 1855 3686 τῶν

270 3716 631 3785 ἀκροατῶνή
685 3717 777 3768 ἐπὶ
830 3715 1070 3786 Χριστοῦ
1122 3716 1390 3789 λεγομένη
1460 3720 1854 3791 προσκύνησις,

272 3807 473 3875 ἐπειδὴ
522 3807 856 3881 ὲαυτὸνςτοῖς
907 3808 1277 3879 προσκυνοῦσι
1311 3813 1658 3883 συναριθμεί.
1702 3817 1858 3868 Ἔστι

270 3901 334 3953 δὲ
362 3901 426 3953 οὐ
482 3902 729 3971 κάματος
781 3903 894 3965 τοῖς
935 3902 1182 3956 εὐσεϐεῖν
1215 3903 1585 3973 βουλομένοις,
1618 3908 1712 3960 καὶ
1743 3909 1862 3962 θεο-

273 3993 510 4061 πρεπῶς
533 3993 629 4057 τὰς
662 3994 922 4058 τοιαύτας
955 3995 1139 4064 φωνὰς
1168 3995 1638 4067 ὲκλαμὸἀνεσθαι.
1677 4002 1855 4072 Προσ·

272 4089 467 4139 κυνεῖν
499 4087 596 4157 μὲν
630 4086 800 4155 λέγει,
833 4088 909 4151 ὡς
957 4088 1058 4158 τὴν
1087 4090 1503 4158 προσκυνοῦσαν
1536 4092 1698 4162 φύσιν
1727 4097 1856 4148 ἁνα-

271 4177 482 4241 λαόὼν,
509 4178 603 4231 καὶ
620 4179 992 4249 οἰκειούμενος
1012 4181 1071 4233 τὸ
1093 4180 1367 4252 ἡμέτερον
1388 4199 1401 4213 ·
1432 4187 1858 4253 προσκυνεῖσθαι

274 4271 338 4322 δὲ
372 4269 534 4323 πάλιν
567 4273 594 4325 6
621 4273 783 4335 αὐτὸς
817 4272 892 4336 ὡς
916 4272 1070 4336 Θεός.
1101 4273 1246 4344 Πλὴν
1267 4275 1327 4327 ού
1364 4275 1666 4346 διαιρετέον
1688 4298 1859 4351 προσ-

274 4366 615 4437 κυνούμενον
664 4364 760 4416 καὶ
797 4364 1027 4433 λέγοντα
1062 4369 1411 4435 προσκυνεῖν,
1451 4370 1532 4432 εἰς
1572 4371 1860 4441 ἄνθρωπον

349 4496 394 4527 ³⁸
420 4497 555 4552 Osee
580 4512 642 4562 ιι,
674 4496 756 4551 l5.
832 4494 877 4526 “
899 4491 1090 4548 Nuam.
1126 4510 1207 4561 ιιι,
1231 4496 1283 4549 β..
1360 4496 1448 4550 ³³1
1477 4495 1603 4553 Cor.
1628 4514 1702 4565 xi,
1728 4500 1783 4555 2.

1960 3262 2065 3317 quo
2100 3246 2214 3299 veri
2264 3246 2582 3299 adoratores
2631 3260 2736 3296 non
2792 3244 2844 3297 in
2898 3244 3079 3312 aliquo
3133 3242 3357 3297 dctinito
3401 3243 3543 3305 loco,

1959 3340 2052 3395 sed
2101 3339 2304 3408 ubique
2348 3337 2654 3391 adorabunt
2702 3336 2872 3391 Deum
2919 3336 3173 3390 omnibus
3229 3336 3362 3389 locis
3404 3351 3544 3406 prae-

1959 3440 2194 3485 sentem.

2036 3563 2056 3597 ι
2097 3544 2202 3599 Vos
2251 3546 2530 3608 adoratis,
2584 3544 2727 3614 quod
2776 3544 3039 3609 nescitis;
3088 3560 3186 3599 nos
3224 3546 3547 3611 adoramus,

1961 3640 2104 3705 quod
2135 3638 2360 3692 scimus.
2403 3656 2422 3689 ι
2459 3636 2724 3690 Turbabit
2770 3634 3007 3689 fortasse
3039 3637 3350 3705 quempiam
3394 3638 3549 3691 audi-

1961 3739 2140 3784 torqu
2190 3728 2332 3797 quod
2368 3744 2396 3780 a
2437 3727 2662 3781 Christo
2696 3725 2764 3781 de
2809 3727 3133 3780 adoratioue
3181 3726 3385 3779 dictum
3439 3739 3545 3793 est,

1960 3821 2180 3893 quando
2210 3835 2268 3875 se
2300 3821 2471 3888 ipsum
2508 3821 2651 3872 inter
2677 3819 2995 3871 adoratores
3027 3827 3406 3871 conuunrerat.
3440 3818 3546 3871 Sed

1961 3913 2097 3969 nihil
2133 3913 2334 3982 negetii
2377 3911 2600 3965 facessit.
2640 3910 2742 3964 hoc
2788 3909 2856 3964 iis
2893 3909 2982 3977 qui
3021 3910 3138 3978 pios
3181 3922 3303 3961 esse.
3339 3924 3399 3963 se
3445 3924 3544 3963 vo-

1963 4005 2157 4058 luutet
2192 4004 2257 4057 de
2290 4001 2400 4056 Deo
2438 4001 2665 4065 sentire,
2711 4001 2787 4054 uti
2830 4000 3008 4066 decet,
3063 4000 3161 4053 has
3192 4014 3351 4054 voces
3380 4001 3545 4071 272

1967 4099 2239 4164 accipere.
2268 4096 2511 4147 Adorare
2544 4092 2761 4159 quidem
2790 4107 2848 4146 se
2879 4093 3036 4158 dicit,
3071 4103 3128 4147 ut
3162 4094 3252 4162 qui
3292 4103 3543 4147 naturam

1968 4205 2088 4260 qua:
2124 4189 2355 4241 adorare
2386 4198 2569 4257 posset
2599 4197 2991 4254 assumpseral,
3029 4187 3272 4256 adeoque
3301 4188 3548 4242 tribuens

1968 4282 2077 4336 sibi
2112 4281 2256 4349 quod
2296 4290 2543 4334 nostrum
2592 4287 2712 4333 est:
2747 4278 2959 4332 adorari
2994 4294 3125 4334 vero
3175 4295 3361 4335 rursus
3403 4280 3545 4345 idem

1973 4372 2176 4429 dicitur
2209 4382 2268 4426 ut
2300 4371 2464 4427 Deus.
2514 4369 2901 4425 Verumtamen
2936 4384 3043 4424 non
3069 4371 3309 4426 dividere
3333 4383 3547 4441 oportet

1510 4614 1831 4678 Francisci
1866 4615 2075 4678 Scorsi
2107 4621 2296 4678 nonae.

353 4739 432 4810 (4)
477 4736 656 4811 Ναιιηι
678 4737 857 4811 etiam.
890 4736 948 4811 _ln
973 4737 1620 4811 duobnsexemplaribus,
1647 4741 1843 4808 quibus
1879 4750 1920 4802 D
1951 4749 2058 4796 etc.
2090 4742 2167 4796 lta
2231 4742 2395 4796 etiam
2437 4742 2720 4809 Origenes,
2764 4739 3104 4811 Ambrosius,
3143 4750 3198 4796 et
3227 4756 3292 4797 ex
3325 4743 3544 4811 nuperis

274 4806 423 4867 usus
468 4823 587 4863 sum
645 4808 844 4878 inihac
890 4807 1037 4878 hom.
1092 4806 1224 4860 Pan.
1280 4806 1534 4863 et‘Gall.
1584 4806 1844 4878 scriptum

276 4879 461 4950 reperi
530 4877 770 4950 166206,
795 4879 886 4931 sed
916 4876 968 4929 in
1007 4880 1251 4946 margine
1274 4880 1619 4934 emendatum
1649 4876 1849 4946 locum,

274 4948 359 5005 et
394 4949 563 5003 Naum
598 4948 917 5017 repositum,
972 4951 1114 5015 quod
1143 4958 1226 5000 est
1269 4964 1480 5010 verum.
1528 4960 1694 5018 atque
1752 4954 1853 5006 hac

278 5020 627 5076 correuione
686 5022 857 5070 t‘retus
907 5025 966 5088 et
1022 5020 1134 5086 ipse
1186 5019 1331 5088 edidi
1391 5020 1607 5088 Ναούμ.
1679 5019 1850 5074 Etiam

273 5108 350 5147 ex
408 5092 509 5143 hoc
542 5089 661 5142 loco
706 5086 919 5142 correxi
988 5087 1384 5158 fcbidnélousa,
1434 5086 1575 5158 quod
1634 5093 1857 5145 mendo-

278 5177 408 5217 sum
437 5170 542 5220 cst,
568 5173 622 5211 et
654 5158 867 5224 reposui
901 5157 1179 5218 πωλοῦσα.
1209 5168 1264 5210 υι
1292 5157 1491 5214 habent
1516 5157 1661 5214 LXX
1687 5161 1852 5215 etiam

279 5234 338 5287 in
368 5230 495 5285 bibl.
528 5228 712 5297 Regiis
735 5243 749 5294 ;
772 5228 867 5282 sed
895 5227 1069 5281 facilis
1100 5227 1200 5283 fuit
1230 5228 1436 5283 librarii
1465 5245 1643 5284 error.

354 5300 432 5371 (ὸ)
472 5301 709 5352 Adomat
766 5309 819 5351 ut
872 5313 1142 5371 sponsam.
1173 5299 1576 5369 Νυμφοστολεῖ.
1612 5299 1749 5355 Vide
1788 5300 1857 5355 de

274 5370 387 5428 hac
420 5385 572 5433 voce,
635 5383 756 5435 quae
808 5370 1117 5421 notavimus
1163 5371 1228 5422 ad
1259 5374 1403 5424 hom.
1438 5386 1557 5432 xm.
1618 5380 1735 5426 not.
1759 5372 1852 5427 Ἡ.

355 5442 435 5512 (6)
476 5439 767 5512 Prophetas
803 5454 907 5492 non
961 5449 1281 5512 receperunt.
1349 5438 1457 5509 Sed
1488 5441 1662 5495 solum
1688 5443 1853 5511 quin-

270 5508 388 5580 que
419 5508 606 5581 libros
670 5508 853 5581 Mosa),
898 5519 965 5581 ut
1023 5509 1337 5581 adn_otatum
1386 5508 1470 5564 est
1531 5508 1855 5581 supra—not.

271 5576 411 5643 000,
448 5579 553 5633 000
610 5580 811 5651 quibus
840 5580 977 5651 adde
1014 5580 1081 5651 S.
1105 5576 1488 5651 Epiphanium,
1529 5576 1659 5635 tom.
1696 5580 1853 5648 l,lih.

273 5653 429 5707 Pan.
458 5668 475 5705 :
515 5648 799 5720 Differam,
829 5650 1023 5718 inquit,
1062 5650 1115 5702 Ιιί
1166 5648 1545 5722 (Βᾳιιιανὶιαηί)
1576 5669 1607 5705 a
1630 5651 1853 5715 Judwis,

268 5726 510 5791 primum
548 5723 687 5790 quod
745 5736 847 5775 non
879 5722 1112 5791 dotarest
1148 5720 1276 5791 ipsis
1321 5722 1699 5787 prOpItetarum
1738 5732 1854 5790 post

274 5795 468 5847 Mosen
500 5791 804 5861 Scriptura,
832 5790 923 5843 sed
942 5790 1114 5861 satum
1136 5790 1364 5861 quinque
1385 5792 1508 5845 libri
1539 5792 1701 5845 Mosa!
1723 5796 1837 5846 dati

267 5867 469 5918 semini
528 5863 699 5917 Israel
755 5863 807 5915 in
865 5860 1010 5915 exitu
1063 5860 1403 5929 profectionis
1450 5864 1532 5927 (ab
1598 5860 1857 5933 Egypto,

1958 4813 2348 4880 interpretibus
2400 4812 2623 4865 Toletus
2670 4814 2720 4866 in
2780 4810 2936 4864 Joau.
2990 4813 3233 4863 :anchez
3297 4810 3545 4879 quiejus

1958 4883 2032 4935 rei
2060 4883 2320 4935 rationem
2342 4883 2494 4936 affert
2515 4884 2747 4935 maxime
2778 4882 3043 4934 idoneam.
3080 4880 3312 4935 Consule
3344 4883 3539 4947 ipsum.

2029 4953 2106 5021 (7)
2140 4950 2209 5004 1η
2255 4965 2430 5005 monte
2472 4951 2738 5006 Garizim.
2793 4952 2990 5011 Causa,
3022 4951 3091 5003 ob
3128 4967 3290 5019 quam
3348 4952 3546 5006 Sama-

1956 5023 2120 5078 ritaui
2153 5034 2509 5077 assueverant
2534 5024 2587 5075 in
2613 5033 2795 5076 monte
2815 5021 3055 5075 Garizim
3085 5027 3316 5075 adorare
3348 5022 3541 5084 Deum.

1959 5092 2186 5146 allertur
2245 5092 2360 5147 haec
2413 5111 2439 5145 ιι
2482 5091 2835 5160 Theophane.
2885 5093 3034 5159 quod
3098 5092 3167 5145 ibi
3221 5093 3541 5148 abscondita

1960 5163 2124 5228 idola,
2167 5163 2232 5215 de
2284 5162 2486 5232 quibus
2518 5176 2700 5216 sermo
2739 5172 2820 5215 est
2860 5162 2948 5215 illo
2980 5160 3043 5215 IV
3090 5162 3223 5229 Reg.
3258 5178 3377 5232 cap.
3406 5177 3540 5229 xm,

1958 5234 2101 5301 quod
2150 5231 2310 5301 supra
2368 5236 2769 5296 adnotavimus,
2807 5232 2858 5284 in
2913 5246 3017 5298 qua
3065 5232 3124 5286 S.
3180 5231 3541 5301 Epiphaninui

1960 5303 2116 5368 sequi
2178 5303 2396 5357 videtur
2432 5305 2520 5356 hic
2555 5301 2739 5366 Pater,
2795 5303 2883 5369 qui
2919 5303 3012 5355 lib.
3047 5317 3085 5368 ι,
3125 5314 3256 5356 tom.
3292 5302 3332 5366 Ι,
3380 5305 3430 5356 id
3461 5304 3545 5357 in-

1960 5373 2101 5443 nuit.
2154 5369 2297 5439 Lege
2367 5373 2569 5443 ipsum.
2632 5372 2737 5426 Sed
2792 5372 2978 5426 Verior
3031 5387 3193 5427 causa
3254 5373 3538 5441 religionis

1962 5442 2104 5496 illius
2157 5444 2258 5497 loci
2314 5445 2456 5511 apud
2520 5443 2821 5495 Samaritas
2851 5454 2933 5496 est
2972 5456 3034 5511 ea
3075 5458 3193 5511 qua:
3249 5446 3539 5495 traditura

1960 5511 2198 5636 Josipho
2251 5510 2437 5567 lib.’xt
2497 5513 2762 5582 Antiquit.
2809 5528 2930 5580 cap.
2968 5510 3073 5577 8,a
3112 5511 3349 5566 Baronio
3407 5523 3540 5566 tom.

1960 5581 2001 5636 Ι.
2117 5583 2393 5636 aldonato.
2450 5583 2706 5636 Cornelio
2759 5582 2811 5635 in
2866 5585 3007 5635 hunc
3042 5582 3237 5636 locum.
3285 5598 3311 5633 a
3343 5582 3540 5636 temnlo

1959 5581 2001 5645 Ι,
2061 5581 2393 5650 Maldonato,
2450 5583 2706 5639 Cornelio
2759 5582 2811 5635 in
2866 5585 3007 5635 hunc
3042 5582 3237 5647 locum,
3285 5598 3311 5633 a
3343 5582 3541 5650 templo

1960 5653 2168 5708 scilicet
2213 5654 2283 5706 ibi
2333 5670 2361 5707 a
2412 5653 2779 5718 Senabaltato,
2835 5667 2999 5706 suasu
3051 5650 3307 5705 Manassae
3357 5651 3544 5721 generi

1961 5723 2047 5777 sui
2085 5723 2378 5789 aediﬁcato,
2434 5740 2556 5792 quae
2588 5726 2761 5779 satius
2796 5731 2901 5784 est,
2938 5732 2995 5774 ut
3048 5724 3161 5777 suis
3195 5724 3334 5774 locis
3396 5723 3541 5788 apud

1960 5795 2155 5848 citatos
2184 5803 2435 5847 auctores
2464 5794 2710 5862 legantur
2739 5810 2771 5849 ιι
2795 5792 3065 5848 studiosis
3092 5792 3288 5847 harum
3330 5806 3541 5859 rerum,

1961 5863 2118 5921 nobis
2151 5864 2286 5920 satis
2318 5864 2585 5934 attigisse.
