4070 6422
562 417 664 484 739

1766 417 1995 480 ἸῘΙΕΟΞ
2023 412 2259 473 IIANIS
2296 415 2633 475 CERAMEI

3710 417 3823 479 740

560 547 683 583 eum
715 529 805 599 qui
838 530 1115 594 adorator,
1156 540 1208 583 et
1236 528 1326 598 qui
1367 528 1599 584 adorare
1626 543 1684 583 se
1727 528 1883 593 dicit,
1914 529 2110 581 seorsir

2248 526 2341 578 καὶ
2364 526 2497 579 Θεὸν
2527 526 2711 588 ίδικῶς
2742 526 2883 578 κατά
2910 523 3007 597 τὴν
3034 524 3331 596 Νεστορίου
3358 526 3675 581 δυσσέϐειαν
3696 546 3711 561 ·
3737 524 3819 591 εἷς

559 625 614 678 in
661 624 932 678 hominem
978 631 1032 676 et
1079 621 1267 687 Deum,
1315 621 1469 690 juxta
1504 619 1737 675 Nestor-ii
1772 620 2132 687 impietatem.

2239 618 2346 686 γάρ
2369 619 2487 670 ἐστι
2518 622 2582 689 τῇ
2616 619 2935 684 ὑποστάσει,
2965 618 3243 688 μενουσῶν
3288 619 3548 689 ἀφύρτων
3583 620 3693 671 τῶν
3724 619 3821 693 δύο

559 712 712 768 [Inus
729 724 807 767 est
830 714 977 766 enim
1008 710 1286 783 hypostasi
1316 711 1523 767 duabus
1547 712 1761 765 naturis
1792 711 2103 764 mattentibu

2238 710 2475 777 φύσεων.
2499 710 2687 780 Τιμῶν
2718 711 2775 763 δὲ
2800 711 2868 764 τὰ
2892 710 3001 763 τῶν
3025 710 3297 763 Ἰουδαίων
3331 714 3358 763 ὁ
3390 711 3580 781 Σωτὴρ
3610 694 3823 781 ἐπήγα-

558 805 929 874 itnpermistis.
1003 805 1074 860 Ut
1121 820 1249 858 vero
1300 803 1608 860 Iudaeorum
1669 802 1809 873 genti
1868 804 2128 856 honorem

555 897 710 950 daret
760 896 1029 962 Salvator,
1070 897 1268 965 adjecit
1309 915 1323 951 :
1367 916 1383 947 ι
1426 896 1562 963 Quia
1624 894 1784 949 Salus
1822 910 1887 949 ex
1930 893 2131 948 Judaeis

552 997 653 1040 est.
687 1006 707 1039 ι
749 986 885 1040 Vere
940 988 1081 1041 enim
1131 1000 1184 1040 et
1234 988 1326 1040 Dei
1370 987 1629 1055 cognitio,
1677 995 1730 1040 et
1773 999 2022 1038 recessus
2063 984 2129 1036 ab

551 1078 827 1147 impietate
896 1094 924 1130 a
983 1077 1186 1132 Iudaeis
1240 1079 1453 1131 initiutn
1510 1079 1766 1132 habuere.
1819 1075 2129 1131 Occultiore

548 1186 680 1226 vero
730 1186 892 1226 sensu
948 1171 1180 1226 Salutem
1230 1170 1516 1238 appellavit
1566 1170 1843 1239 seipsum,
1910 1169 2127 1222 n0mine

546 1266 603 1318 in
654 1264 704 1320 id
755 1264 927 1331 ipsum
983 1263 1212 1317 ferente.
1263 1260 1374 1317 Hoc
1423 1262 1566 1317 enim
1611 1262 1881 1329 signillcat
1928 1270 2124 1314 nomen

542 1355 673 1410 Jcsu
707 1356 821 1425 (8);
860 1356 1009 1412 salus
1040 1356 1184 1411 enim
1217 1356 1471 1410 Christus
1504 1371 1568 1408 ex
1596 1353 1796 1409 Judaeis
1823 1354 2121 1408 secundum

546 1463 766 1503 carnem
799 1458 883 1501 est
914 1459 1092 1502 natus.
1154 1466 1172 1498 ι
1206 1447 1440 1516 Spiritus
1466 1457 1550 1502 est
1596 1446 1757 1509 Deus,
1804 1456 1857 1500 et
1896 1461 1991 1501 eos
2029 1445 2120 1515 qui

544 1541 772 1594 adorant
806 1540 1003 1609 ipsum,
1055 1540 1105 1592 in
1155 1540 1351 1608 spiritu
1403 1549 1457 1593 et
1498 1540 1726 1593 veritate
1757 1546 1969 1606 oportet
1994 1542 2125 1593 ado-

547 1646 719 1683 rare.»
763 1630 875 1682 Duo
907 1630 1017 1693 illa,
1067 1645 1184 1697 quae
1224 1628 1516 1698 perﬁciunt
1554 1630 1812 1694 animam,
1849 1630 2119 1683 actionem

543 1718 1164 1787 codtemplationemque
1210 1719 1539 1785 insinuavit;
1585 1735 1680 1789 per
1714 1720 1962 1788 spiritum
1994 1720 2119 1788 qui-

542 1810 664 1862 dem
715 1809 1007 1874 practicam
1058 1809 1311 1863 virtutem
1366 1809 1679 1879 signiﬁcans
1734 1827 1749 1863 :
1814 1826 1834 1860 ι
1885 1808 2119 1879 Spiritus

540 1902 707 1967 enim,
736 1902 810 1954 ait
836 1902 943 1966 ille,
974 1902 1314 1972 concupiscit
1343 1906 1602 1959 adversus
1624 1920 1867 1969 carnem,
1902 1914 1957 1959 et
1992 1919 2117 1958 caro

537 1995 801 2049 adversus
859 1994 1107 2064 spiritum
1137 1995 1205 2049 “.
1249 2014 1268 2048 ι
1312 1994 1418 2050 Per
1468 1997 1521 2050 id
1568 2011 1698 2053 vero
1747 1998 1889 2067 quod
1938 1998 2114 2064 dixit,

541 2105 562 2140 ι
597 2086 648 2141 in
690 2086 942 2151 veritate,
981 2106 999 2139 ι
1035 2103 1223 2142 verum
1268 2089 1583 2157 dogmatum
1618 2089 1971 2145 intellectum.
2014 2090 2118 2145 Per

536 2177 806 2231 actionem
837 2178 1001 2246 igitur
1050 2188 1103 2232 et
1158 2178 1673 2248 contemplationem
1720 2195 1848 2234 vera
1886 2180 2116 2235 efﬁcitur

536 2270 805 2323 adoratio.
847 2269 938 2324 Vel
970 2272 1227 2340 quoniam
1272 2270 1580 2326 umbratilis
1613 2273 1792 2327 littera
1841 2274 1974 2337 legis
2021 2288 2114 2327 oc-

533 2362 686 2423 cidit,
723 2361 946 2430 spiritus
993 2373 1171 2415 autem
1221 2361 1553 2429 viviticat",
1600 2364 1794 2417 litterae
1835 2366 2109 2433 spiritum,

532 2462 587 2506 et
615 2454 820 2506 umbra:
851 2455 1106 2521 opposuit
1134 2455 1443 2508 veritatem.
1496 2453 1613 2509 Non
1664 2457 1830 2526 igitur
1862 2457 2112 2511 lidelibus

531 2545 714 2607 nabis,
748 2554 805 2596 nt
842 2542 1044 2598 Jmlzeis
1082 2555 1136 2599 et
1182 2544 1569 2611 Samaritanis,
1615 2546 1733 2601 loco
1763 2547 2112 2601 circumscri-

530 2634 682 2689 bitur
711 2635 983 2697 adoratio,
1030 2634 1123 2688 sed
1156 2636 1348 2705 spiritu
1378 2636 1460 2689 ﬁt.
1500 2635 1738 2704 Spiritus
1770 2636 1911 2691 enim
1941 2638 2108 2701 Deus,

532 2739 633 2780 nec
686 2726 736 2778 itt
790 2741 911 2779 eum
960 2726 1395 2795 circumscriptio
1453 2728 1555 2782 loci
1611 2730 1801 2783 cadit:
1841 2747 1859 2781 ι
1897 2728 1966 2783 Ει
2013 2729 2106 2798 qni

531 2818 780 2881 adorant,
810 2832 933 2871 eum
962 2818 1014 2870 in
1046 2818 1236 2887 spiritu
1272 2829 1489 2885 oportet
1518 2820 1765 2875 adorare.
1796 2841 1824 2868 ι

605 2929 633 2957 α
669 2908 807 2961 Dicit
841 2909 888 2963 ei
938 2908 1130 2963 mulier
1160 2927 1173 2963 :
1214 2910 1340 2964 Scio
1383 2913 1506 2979 quia
1554 2911 1781 2967 Messias
1816 2915 1983 2977 venit,
2013 2916 2104 2983 qui

528 3002 727 3055 dicitur
760 3000 1030 3054 Chrisuts.
1063 3019 1081 3053 ι
1114 3002 1268 3057 Scias
1315 3005 1480 3058 etiam
1528 3021 1556 3058 a
1612 3005 1970 3061 Samaritanis
2013 3008 2108 3061 ad-

531 3101 748 3145 ventum
814 3092 1015 3146 Christi
1073 3090 1253 3149 fuisse
1295 3105 1689 3165 exspectatum,
1723 3099 1815 3166 qui
1874 3113 1905 3151 a
1953 3099 2105 3153 Mose

2236 820 2351 870 γεν,
2394 804 2478 855 ὅτι
2537 821 2556 854 ι
2604 804 2668 856 Ἣ
2716 803 2963 874 σωτηρία
3022 804 3086 855 ἐκ
3133 804 3242 856 τῶν
3290 804 3559 858 Ἰουδαίων
3591 806 3759 858 ἐστίν.
3792 822 3814 858 ι

2244 898 2489 968 ’Λληθῶς
2515 899 2625 967 γὰρ
2649 901 2731 952 ὅτι
2764 898 2859 953 καὶ
2892 900 2922 969 ἡ
2956 916 3023 951 πε
3035 898 3089 969 pi.
3118 898 3210 951 τοῦ
3242 896 3381 951 Θεοῦ
3410 899 3632 966 γνῶσις,
3665 901 3759 952 καὶ
3779 899 3815 970 ἠ

2232 990 2331 1059 τῆς
2369 990 2650 1053 εὐσεϐείας
2682 990 2832 1061 φυγὴ
2870 992 3021 1060 παρὰ
3064 989 3334 1043 Ἰουδαίων
3362 989 3562 1060 εὕρατο
3592 990 3689 1057 τὴν
3717 991 3818 1060 ἀρ-

2232 1079 2354 1147 χὴν.
2392 1079 2883 1149 Κρυφιωδέστερον
2913 1077 2969 1130 δὲ
3003 1077 3282 1148 σωτηρίαν
3314 1078 3659 1148 φερωνύμως
3690 1080 3818 1131 έαυ-

2230 1170 2321 1221 τὸν
2351 1169 2602 1239 ὠνόμασε
2628 1186 2641 1199 ο
2678 1169 2838 1222 τοῦτο
2885 1170 2996 1239 γὰρ
3054 1169 3311 1239 σημαίνει
3361 1170 3444 1235 τὸ,
3480 1168 3711 1236 Ἰησοῦς
3734 1186 3749 1202 ⁹
3778 1171 3811 1239 ἦ

2230 1260 2475 1330 σωτηρία
2498 1261 2606 1332 γὰρ
2634 1263 2662 1315 ὁ
2684 1261 2919 1331 Χριστος
2942 1263 3006 1313 ὲκ
3035 1260 3144 1315 τῶν
3171 1259 3444 1312 Ἰουδαίων
3468 1261 3607 1313 κατά
3633 1260 3814 1329 σάρκα

2228 1350 2543 1419 γεγένηται.
2587 1370 2606 1402 ι
2642 1352 2869 1421 Πνεῦμα
2901 1354 2929 1405 ὁ
2967 1351 3122 1414 Θεὸς,
3158 1352 3408 1414 καὶτοὺς
3444 1353 3819 1422 προσκυνοῦν-

2226 1459 2327 1504 τας
2350 1442 2515 1494 αὑτὸν
2556 1444 2614 1494 ὲν
2646 1442 2921 1512 πνεύματι
2939 1442 3034 1495 καὶ
3066 1441 3295 1513 ἀληθείᾳ
3315 1440 3398 1495 δεῖ
3418 1446 3769 1513 προσκυνεῖν.
3787 1462 3806 1495 ι

2225 1534 2306 1587 Τὰ
2346 1533 2441 1586 δύο
2464 1532 2787 1587 τελειωτικὰ
2820 1534 2919 1603 τῆς
2951 1532 3157 1603 ψυχῆς,
3207 1532 3409 1605 πρᾶξιν
3444 1533 3540 1587 καὶ
3571 1534 3811 1604 θεωρίαν

2224 1627 2444 1697 ᾐνίξατο
2461 1640 2475 1655 ·
2506 1626 2596 1680 διὰ
2623 1625 2724 1696 μὲν
2748 1624 2845 1679 τοῦ
2872 1626 3190 1695 πνεύματος
3208 1625 3460 1697 δηλώσας
3486 1626 3548 1679 τὸ
3574 1644 3812 1697 πρακτι-

2224 1720 2356 1773 κόνο
2402 1737 2422 1771 ι
2461 1719 2537 1773 Tb
2568 1719 2788 1789 πνεῦμα
2824 1720 2959 1789 γάρ,
3011 1718 3200 1790 φησὶν,
3237 1718 3503 1789 ἐπιθυμεῖ
3530 1719 3671 1772 κατά
3706 1719 3774 1788 τῆ
3788 1739 3807 1782 ;

2226 1809 2451 1878 σαρκὸς,
2487 1810 2582 1864 καὶ
2620 1812 2652 1882 ἠ
2685 1810 2821 1879 σὰρξ
2851 1811 2993 1863 κατὰ
3036 1810 3131 1863 τοῦ
3165 1809 3508 1879 πνεύματος,
3548 1829 3568 1862 ι
3610 1809 3698 1863 διά
3749 1809 3807 1863 δὲ

2221 1902 2337 1964 τοῦ,
2408 1918 2427 1951 ι
2472 1901 2531 1952 ὲν
2578 1899 2829 1969 ἀληθεία,
2870 1919 2889 1950 ι
2944 1899 3042 1970 τὴν
3096 1898 3207 1952 τῶν
3257 1899 3545 1969 δογμάτων
3597 1899 3804 1970 ἀψευδῆ

2218 1994 2569 2063 κατανόησιν.
2605 1992 2705 2045 Διά
2737 1992 2989 2063 πράξεων
3025 1991 3120 2046 οὖν
3157 1990 3249 2045 καὶ
3298 1991 3559 2061 ἀληθείας
3603 1993 3636 2061 ἡ
3670 1992 3805 2061 ἀλη-

2220 2086 2317 2151 θὴς
2374 2085 2744 2155 προσκύνησις
2792 2086 3028 2154 γίνεται.
3098 2086 3169 2138 Ἦ
3226 2084 3418 2155 ἐπειδὴ
3474 2084 3533 2137 τὸ
3572 2084 3803 2148 σκιῶδες

2217 2178 2452 2249 γράμμα
2496 2177 2592 2231 τοῦ
2628 2180 2796 2247 νόμου
2832 2177 3171 2245 ἀποκτείνει,
3226 2176 3289 2230 τὸ
3318 2177 3375 2230 δὲ
3408 2175 3631 2247 πνεῦμα
3665 2177 3800 2241 ζωο-

2218 2273 2384 2336 ποιεῖ,
2445 2271 2716 2339 ἀντέθηκε
2772 2272 2833 2323 τὸ
2867 2271 3088 2340 πνεῦμα
3144 2269 3223 2341 τῷ
3257 2271 3573 2341 γράμματι,
3606 2271 3700 2323 καὶ
3730 2272 3797 2339 τῇ

2216 2364 2344 2433 σκιᾷ
2376 2364 2475 2431 τὴν
2497 2364 2780 2433 ἀλήθειαν.
2813 2363 2887 2415 Οὐ
2922 2363 3124 2433 τοπικὴ
3156 2361 3287 2430 γοῦν
3329 2365 3361 2433 ἡ
3416 2362 3800 2432 προσκύνησις

2212 2458 2345 2526 ἡμῖν
2371 2457 2481 2518 τοῖς
2528 2458 2763 2517 πιστοῖς,
2820 2455 2893 2517 ὡς
2944 2456 3058 2516 τοῖς
3082 2453 3364 2517 Ἰουδαίοις
3394 2454 3491 2507 καὶ
3521 2454 3801 2524 Σαμαρεί-

2213 2568 2353 2615 ταις,
2370 2549 2503 2603 ἀλλὰ
2523 2550 2887 2618 πνευματική.
2915 2547 3136 2617 Πνεῦμα
3165 2547 3273 2617 γὰρ
3296 2547 3324 2599 ὁ
3346 2546 3501 2611 Θεὸς,
3528 2548 3631 2599 οὐκ
3655 2545 3798 2615 ἔχων

2211 2643 2272 2697 ab
2309 2644 2789 2714 περιγράφεσθαι·
2845 2661 2863 2693 ι
2901 2641 3011 2695 Καὶ
3039 2641 3090 2693 οἱ
3128 2639 3570 2708 προσκυνοῦντες
3604 2639 3793 2704 αὐτὸν,

2211 2738 2599 2807 πνευματικῶς
2637 2735 2917 2804 ὀφείλουσι
2956 2735 3305 2805 προσκυνεῖν.
3351 2751 3370 2785 ο

2286 2935 2304 2968 ι
2344 2915 2506 2983 Λέγει
2530 2912 2678 2981 αὐτῷ
2712 2911 2904 2981 ἠγυνή
2927 2925 2940 2938 '
2976 2906 3107 2963 Οἶδα
3128 2910 3209 2964 ὅτι
3236 2908 3485 2972 Μεσσίας
3515 2908 3738 2977 ἔρχεται
3758 2908 3791 2963 δ

2208 3007 2504 3076 λεγόμενος
2542 3003 2803 3072 Χριστός.
2852 3021 2875 3055 ι
2920 3003 3247 3071 Ἑπίστησον
3283 3001 3363 3054 ὅτι
3400 3002 3493 3055 καὶ
3526 3002 3576 3053 οἱ
3602 3001 3793 3069 Σαμα-

2211 3101 2384 3169 ρεῖται
2424 3098 2525 3167 τὴν
2565 3095 2873 3167 παρουσίαν
2899 3093 3138 3166 Χριστοῦ
3174 3093 3507 3164 ἐξεδέχοντο,
3540 3093 3787 3157 Μωσέως

528 3194 862 3251 acceperant
896 3203 908 3237 :
941 3203 959 3234 ι
995 3182 1320 3253 Pr0phetam
1346 3186 1633 3240 suscitahit
1668 3190 1820 3242 vobis
1843 3189 2104 3245 Dominus

2215 3190 2561 3251 ἀκούσαντες.
2582 3190 2665 3242 ὅτι
2698 3207 2716 3239 ι
2758 3189 3053 3257 Προφήτην
3097 3186 3229 3263 ὑμῖν
3258 3186 3553 3255 ἀναστήσει
3579 3184 3785 3255 Κύριος

528 3280 596 3327 de
618 3272 880 3329 fratribus
913 3276 1111 3329 vestris
1153 3277 1293 3331 sicut
1318 3293 1403 3331 tne
1426 3280 1493 3331 ²⁸.
1530 3297 1547 3331 ›
1584 3279 1934 3350 Ιιιίοι·ιὶίςίιιιι“
1964 3285 2105 3337 hunc

528 3369 597 3420 de
620 3382 683 3421 eo
702 3382 1006 3423 sermonem
1031 3372 1244 3436 mulier,
1273 3373 1499 3441 cupiens
1530 3372 1757 3427 fortasse
1777 3386 2121 3444 cognosccrc’

533 3469 746 3529 tempus
792 3461 1053 3515 adventus
1095 3462 1251 3529 ejus:
1280 3476 1333 3518 et
1383 3466 1472 3518 ubi
1521 3467 1750 3531 audivnt,
1786 3469 1908 3537 quia
1943 3489 1960 3520 ι
1997 3472 2104 3539 Ego

531 3563 672 3614 sum,
710 3568 729 3602 ι
770 3563 875 3604 non
905 3552 1138 3620 amplius
1171 3556 1385 3609 curiose
1415 3559 1643 3623 qmerit;
1688 3568 1743 3612 et
1771 3560 1893 3628 quia
1924 3564 2105 3616 credi-

532 3640 701 3701 derat,
734 3650 785 3693 et
814 3642 938 3711 quia
968 3642 1356 3712 discipulorum
1392 3648 1696 3701 interventu
1725 3665 1969 3719 repressa
1998 3665 2104 3708 est.

527 3729 635 3785 Sed
668 3746 808 3801 aqua
856 3744 913 3787 ‘el
958 3732 1085 3787 fune
1126 3735 1410 3803 neglectis,
1439 3739 1491 3792 in
1528 3741 1802 3795 civitatem
1830 3743 1944 3797 abit
1969 3760 2106 3812 prte-

528 3822 718 3876 dicans
768 3823 1071 3880 Christum.
1132 3826 1390 3897 DiSeipuli
1457 3845 1616 3898 porro
1669 3835 1919 3888 admirati
1979 3845 2105 3889 sunt

528 3914 830 3972 deatoris
874 3919 1261 3974 demissioncm
1312 3932 1363 3976 et
1407 3923 1789 3992 humilitatem,
1819 3928 1963 3996 quod
1992 3930 2107 3982 col-

530 4009 771 4077 loquium
802 4009 1045 4064 mulieris
1070 4026 1178 4065 non
1208 4025 1512 4069 recusaret.
1545 4017 1791 4072 Scientes
1810 4034 1940 4074 vero
1970 4020 2105 4076 nihil

528 4098 596 4152 ab
637 4112 701 4153 eo
744 4099 864 4154 sine
898 4102 1132 4156 consilio
1161 4117 1226 4157 ac
1255 4103 1615 4171 dispositione
1644 4109 1751 4163 Deo
1782 4111 1944 4182 273
1973 4128 2106 4168 eon-

526 4189 780 4245 veniente
825 4192 962 4259 geri,
1001 4208 1105 4246 non
1151 4197 1369 4250 curiose
1412 4200 1682 4255 sermonis
1726 4202 1989 4256 rationem
2021 4205 2106 4257 in-

529 4279 776 4347 quirunt,
804 4283 896 4336 sed
921 4298 1041 4351 qua!
1061 4296 1309 4340 emerant
1332 4301 1685 4358 apponcnles,
1714 4302 1769 4345 ιιι
1798 4297 2107 4351 comedent

529 4372 816 4442 rogabant.
868 4372 977 4429 Sed
1029 4376 1145 4445 ipse
1206 4378 1684 4437 Samaritanorum
1738 4387 2105 4443 obedientiam

527 4464 845 4532 providens,
878 4478 931 4519 et
961 4481 1149 4522 eorum
1184 4469 1342 4524 [idem
1377 4471 1557 4526 cibum
1589 4475 1691 4529 sibi
1721 4480 1997 4547 proprium
2051 4491 2105 4537 et

523 4559 934 4612 convenientem
986 4561 1309 4618 existimans
1350 4580 1365 4617 :
1406 4581 1425 4615 ι
1463 4563 1610 4635 Ego,
1650 4569 1850 4636 inquit,
1923 4572 2100 4628 cibum

525 4648 701 4703 habeo
736 4652 1087 4718 manducare,
1131 4669 1291 4723 quem
1322 4671 1420 4711 vos
1452 4658 1692 4714 nescitis.
1730 4678 1749 4711 ι
1789 4662 1923 4716 Cum
1973 4680 2102 4721 vero

523 4738 655 4794 dicti
693 4743 941 4797 novitate
971 4745 1375 4801 admirarentur
1404 4748 1675 4819 discipuli,
1711 4760 1765 4805 et
1786 4753 2101 4811 dubitarent

524 4845 654 4885 num
681 4830 935 4888 alicunde
968 4835 1123 4890 cibus
1151 4836 1203 4892 ei
1245 4838 1442 4908 aliquis
1474 4856 1568 4909 per
1598 4843 1916 4899 miraculum
1955 4858 2100 4905 esset

520 4922 736 4990 allatus,
778 4924 1078 4994 cuiusmodi
1108 4927 1317 4983 Danieli
1358 4928 1693 5000 Habbacum,
1725 4946 1780 4990 et
1814 4935 1944 4992 Elite
1970 4954 2098 4995 aves

525 5016 821 5071 attulerant
845 5019 916 5083 ”,
952 5020 1191 5074 declarat
1223 5023 1452 5093 aenigma
1485 5041 1498 5077 :
1532 5043 1549 5076 ι
1591 5026 1739 5082 Meus
1785 5030 1942 5087 cibus
1991 5044 2096 5098 est,

522 5116 583 5160 ut
632 5108 821 5162 iaciam
871 5110 1208 5165 voluntatem
1261 5112 1379 5182 ejus
1435 5114 1525 5183 qui
1582 5117 1728 5170 misit
1781 5134 1888 5175 me.
1920 5139 1937 5172 ι
2018 5122 2096 5177 Ita

523 5202 692 5269 dapes
734 5212 791 5256 et
829 5202 1063 5259 delicias
1092 5219 1222 5260 suas
1250 5218 1554 5276 promptam
1591 5208 1748 5263 [idem
1778 5227 1964 5267 eorum
2004 5218 2093 5285 qui

2208 3282 2272 3332 ἐκ
2303 3279 2410 3332 τῶν
2438 3278 2685 3347 ἀδελφῶν
2718 3279 2872 3348 ὑμῶν
2899 3277 2976 3339 ὡς
3005 3277 3126 3346 ἐμέ.
3159 3295 3178 3329 ι
3212 3275 3498 3329 Εἱσὸάλλει
3531 3274 3663 3343 γοῦν
3689 3275 3789 3328 καὶ

2206 3372 2297 3425 τὸν
2327 3374 2454 3442 περὶ
2482 3372 2688 3424 τούτων
2715 3370 2873 3438 λόγον
2898 3372 2930 3439 ἡ
2951 3368 3113 3438 γυνὴ,
3147 3368 3447 3439 βουλομένη
3476 3368 3569 3421 τὸν
3590 3368 3785 3437 χρόνον

2208 3468 2339 3528 ἴσως
2366 3467 2465 3529 τῆς
2512 3465 2678 3518 αὑτοῦ
2713 3465 3024 3533 παρουσίας
3074 3463 3274 3532 μαθεῖν
3296 3479 3309 3494 ·
3341 3462 3438 3514 καὶ
3472 3461 3777 3524 ἀκούσασα,

2204 3558 2280 3620 ὡς
2312 3577 2331 3608 ι
2374 3557 2677 3627 Ἐγῶεὶμι,
2720 3575 2736 3608 ι
2778 3557 2877 3609 οὐκ
2908 3554 2993 3608 ἔτι
3037 3556 3526 3625 πολυπραγμονεῖ·
3554 3553 3616 3605 τὸ
3657 3552 3787 3621 μέν·

2205 3669 2290 3703 τοι
2326 3650 2692 3712 πιστεύσασα,
2739 3653 2802 3701 τὸ
2850 3648 2909 3701 δὲ
2961 3646 3291 3701 συσταλεῖσα
3325 3649 3388 3718 τῇ
3417 3646 3648 3716 ὲνδημίᾳ
3675 3646 3793 3699 τῶν

2212 3744 2488 3815 μαθητῶν.
2527 3742 2668 3796 ’Δλλ’
2692 3743 3021 3813 ἀμελήσασα
3048 3741 3144 3792 καὶ
3177 3739 3390 3802 ὓδατος,
3420 3738 3516 3792 καὶ
3547 3738 3787 3808 ίμονίας,

2206 3838 2393 3891 ἄπεισι
2442 3833 2578 3905 πρὸς
2628 3834 2729 3904 τὴν
2764 3833 2918 3886 πόλιν
2953 3831 3315 3903 κηρύττουσα.
3368 3832 3431 3884 Οἱ
3468 3831 3651 3899 μέντοι
3678 3845 3792 3897 μα-

2209 3927 2369 3995 θηταὶ
2392 3924 2779 3994 τεθαυμάκασι
2801 3925 2861 3977 τὸ
2894 3922 3373 3991 ωγκαταόατικδν
3400 3920 3494 3972 τοῦ
3536 3919 3793 3989 Σωτῆρος

2208 4022 2303 4073 καὶ
2333 4020 2566 4087 ἄτυφον,
2615 4019 2699 4071 ὅτι
2755 4018 2980 4086 ’γυναικὶ⁷
3024 4015 3374 4084 διαλέγεσθαι
3398 4015 3498 4067 οὐκ
3532 4014 3792 4085 ἠνήνατο.

2220 4112 2361 4165 Ἀλλ’
2410 4110 2615 4174 εἰδότες
2669 4112 2753 4164 δτι
2807 4110 2961 4163 οὐδέν
2990 4126 3043 4162 τι
3100 4110 3248 4161 ποιεῖ
3306 4108 3435 4161 ἄνευ
3469 4105 3792 4175 οἰκονομίας

2209 4201 2572 4275 θεοπρεποῦς,
2622 4203 2686 4255 οὐ
2747 4200 3273 4273 πολυπραγμονοῦσι
3308 4200 3398 4253 τὸν
3454 4201 3658 4270 τρόπον
3686 4200 3793 4269 τῆς

2207 4297 2531 4363 διαλέξεως,
2562 4294 2699 4348 ἀλλὰ
2744 4293 2816 4347 τὰ
2845 4293 3140 4365 ἐωνημένα
3191 4291 3555 4362 παραθέντες,
3595 4290 3791 4359 ἠξίουν

2208 4392 2426 4461 φαγεῖν.
2472 4387 2612 4443 Ἀλλ’
2653 4386 2817 4451 αὐτὸς
2852 4387 2913 4439 τὸ
2938 4386 3047 4438 τῶν
3069 4383 3426 4455 Σαμαρειτῶν
3460 4382 3792 4452 προὸλέπων

2211 4484 2451 4553 εὐήνιον,
2510 4480 2606 4534 καὶ
2637 4479 2839 4550 βρῶμα
2895 4478 3027 4531 ῐδιον
3061 4475 3155 4530 καὶ
3193 4474 3346 4546 αὐτῷ
3371 4475 3585 4545 πρέπον
3620 4473 3796 4543 ἡγού-

2212 4591 2372 4647 μενος
2399 4574 2497 4643 τὴν
2532 4571 2762 4625 ἐκείνων
2796 4568 3147 4622 εὐπείθειαν
3195 4585 3215 4618 ι
3259 4562 3421 4634 Ἐγὼ,
3456 4568 3611 4634 φησὶ,
3642 4564 3795 4635 βρῶ-

2207 4686 2292 4722 σιν
2324 4667 2431 4737 ἔχω
2460 4665 2673 4734 φαγεῖν,
2703 4663 2770 4733 ἣν
2804 4661 2965 4729 ὑμεῖς
2992 4660 3093 4712 οὐκ
3120 4660 3321 4712 οἴδατε.
3360 4677 3378 4710 ι
3414 4656 3537 4709 Τῶν
3558 4655 3615 4708 δὲ
3645 4654 3799 4719 ξενι-

2202 4759 2449 4829 ζομένων
2498 4755 2575 4823 τῷ
2625 4752 2794 4823 λόγῳ,
2824 4752 2921 4805 καὶ
2958 4750 3312 4821 ἀπορούντων
3341 4749 3417 4818 μή
3444 4748 3609 4800 ποθεν
3633 4746 3800 4816 αὐτῷ

2200 4865 2285 4910 τις
2333 4845 2652 4917 παραδόξως
2686 4841 2955 4913 ἐκομίσθη
3007 4841 3207 4912 τροφὴ,
3239 4840 3428 4909 ὥσπερ
3458 4838 3525 4908 ἦν
3554 4838 3793 4907 ἐκόμισε

2212 4939 2291 5011 τῷ
2317 4936 2515 5007 Δανιὴλ
2553 4934 2890 5003 ’Λΰϐακοὺμ,
2932 4931 3131 5002 καὶτῷ
3182 4930 3342 5002 Ἠλίᾳ
3375 4931 3440 4982 τὰ
3463 4928 3649 5001 ὄρνεα.
3688 4943 3800 4979 σα-

2206 5032 2423 5102 φηνίζει
2454 5030 2517 5083 τὸ
2547 5032 2812 5097 αἴνιγμα·
2847 5045 2866 5078 ι
2907 5026 3071 5097 Ἐμὸν
3097 5024 3297 5097 βρῶμά
3326 5027 3496 5090 ἐστιν,
3528 5023 3613 5075 ῖνα
3645 5020 3797 5074 ποιῶ

2205 5123 2265 5176 τὸ
2300 5120 2514 5191 θέλημα
2534 5118 2629 5172 τοῦ
2662 5117 2983 5188 πέμψαντός
3018 5132 3107 5186 με.
3152 5135 3170 5167 ι
3204 5114 3393 5179 Οὕτως
3422 5116 3658 5166 ἐποιεῖτο
3690 5112 3805 5167 καὶ

2206 5213 2414 5285 τροφὴν
2467 5211 2563 5264 καὶ
2593 5214 2804 5282 τρυφὴν
2836 5208 2941 5263 τῶν
2988 5209 3548 5279 μυσταγωγουμένων
3597 5205 3659 5259 τὸ
3696 5204 3799 5257 εὐ·-

594 5335 643 5367 "‘
680 5335 861 5393 Galat.
900 5354 955 5405 v,
1002 5338 1092 5393 l7.
1168 5339 1214 5371 "
1256 5337 1299 5395 ll
1346 5340 1473 5395 Cor.
1527 5357 1611 5406 ιιι,
1660 5340 1714 5396 6.
1790 5341 1837 5374 ’θ
1878 5342 2036 5401 Deut.
2080 5363 2236 5413 xvtn,
2285 5347 2369 5401 l5.
2445 5344 2492 5376 ’⁷
2533 5343 2673 5401 Dan.
2716 5357 2830 5410 ιιιιν,
2870 5341 2976 5408 5‘2;
3019 5338 3085 5395 lli
3126 5339 3261 5412 Reg.
3308 5358 3441 5409 xvu,
3476 5342 3531 5395 6.

1754 5461 2072 5527 Francisci
2107 5466 2314 5527 Scorsi
2354 5470 2540 5525 notae.

595 5574 674 5654 (8)
701 5576 920 5654 piamen
956 5577 1109 5654 (esu.
1159 5578 1334 5633 Radix
1385 5581 1547 5654 hujus
1576 5598 1968 5654 usquequaque
2000 5601 2094 5643 ve-

524 5647 785 5700 nerabilis
841 5650 1075 5701 nominis
1112 5658 1195 5701 est
1220 5658 1316 5712 νῖν
1348 5647 1579 5705 salvavit
1610 5647 2094 5710 unde-ﬁt'nomen

525 5717 737 5796 itidem
765 5725 877 5796 vim
932 5720 1098 5796 salus.
1151 5718 1297 5796 Idem
1331 5722 1553 5774 verbum
1593 5724 1667 5796 _i_n
1696 5725 1970 5796 (ποιήμασι.
2008 5726 2101 5779 Νί-

474 5812 477 5817 -
525 5784 639 5850 phil
688 5792 861 5858 m1
908 5787 1111 5858 salvum
1164 5788 1312 5855 fecit,
1369 5800 1532 5858 atque
1592 5792 1720 5849 hinc
1762 5784 2097 5849 estvttomen

524 5862 710 5925 ment
743 5854 853 5911 Nec
890 5857 1032 5911 enim
1087 5854 1251 5915 scribi
1290 5854 1677 5935 debet'mmut
1726 5876 1825 5934 per
1850 5874 2096 5920 contem-

2206 5600 2355 5658 ptutn
2405 5586 2575 5642 Judaei
2644 5588 2914 5650 scribunt,
2966 5594 3346 5658 neque;th
3383 5584 3527 5658 quod
3580 5598 3804 5658 nomen

2206 5654 2469 5723 Salutem,
2498 5673 2602 5711 non
2648 5660 2964 5710 salvatorem
2994 5656 3284 5723 signiﬁcat,
3323 5656 3418 5709 sed
3454 5654 3528 5708 uti
3557 5655 3797 5720 scripsi-

2208 5743 2328 5781 tnus
2368 5721 2540 5790 Win?
2582 5729 2725 5795 quod
2782 5742 2998 5791 semper
3041 5721 3180 5780 LXX
3215 5728 3547 5795 interpretes
3579 5736 3810 5795 _verte-

2210 5807 2335 5865 runt
2372 5791 2615 5865 Ἰησοῦς,
2634 5798 2775 5851 unde
2806 5806 2886 5852 est
2924 5795 3175 5850 Latinum
3207 5791 3385 5865 Jesus.
3411 5795 3548 5861 Lege
3577 5791 3810 5850 Bellar.

2211 5864 2351 5921 Inst.
2371 5864 2564 5936 linguae
2592 5865 2755 5923 Hebr.
2782 5868 2837 5922 in
2868 5868 3094 5923 εχει-(ιιι.
3120 5867 3185 5922 ad
3214 5864 3350 5935 psal.
3379 5879 3562 5919 xxxiv.
