4070 6408
342 428 449 491 751

1628 417 1956 485 I'IOMILIA
2001 415 2339 481 XXXVIII.

3519 424 3627 488 742

343 539 573 601 πειθές·
638 539 1125 595 δακτυλοδείκνυσι
1179 539 1235 593 δὲ
1272 542 1455 604 αἰτοῖς
1493 539 1779 611 μονονουχὶ
1810 536 1927 597 τοὺς

2044 532 2439 605 inittaoantur;
2458 533 2845 602 existimabat,
2899 543 2953 591 et
2999 535 3172 607 digito
3232 540 3626 607 propemodum

340 634 696 706 Σαμαρείτας
719 634 948 696 ἀολλέας
979 634 1310 705 ἐρχομένους
1349 634 1612 705 ἀγεληδόν
1632 650 1644 663 ⁸
1677 629 1933 686 τοσοῦτον

342 727 458 795 γάρ
488 726 687 786 αὐτοὺς
719 724 941 792 οίνλόγοι
963 725 1061 794 τῆς
1090 724 1352 793 γυναικὸς
1389 725 1779 795 άνεπτέρωσαν
1801 740 1814 752 ο
1839 720 1933 776 καί

345 835 521 887 φησιν
543 834 556 847 ·
587 837 604 868 t
647 817 927 887 Ἐπάρατε
951 817 1081 881 τοὺς
1119 817 1437 888 ὀφθαλμοὺς
1470 817 1646 889 ὑμῶν,
1680 818 1775 871 καὶ
1805 815 1932 869 θεά-

346 910 517 961 σεσθε
569 910 668 973 τὰς
722 910 912 980 χώρας
942 911 1026 963 ὅτι
1054 910 1250 963 λευκαί
1280 913 1424 964 εἰσιν
1466 913 1543 969 είς
1574 910 1857 979 θερισμόν.
1905 928 1923 961 ι

342 1002 623 1073 Θερισμδν
662 1003 823 1056 καλεῖ
856 1003 955 1066 τὰς
982 1003 1234 1073 ἑτοίμους
1279 1002 1456 1073 ψυχάς
1484 1005 1560 1065 είς
1585 1003 1643 1055 τὸ
1673 1002 1929 1066 δξασθαι

342 1094 408 1146 τὺ
440 1093 800 1161 εύαγγελικὸν
835 1094 1128 1164 δρέπανον,
1162 1093 1191 1146 ὂ
1239 1093 1446 1164 θερίζει
1473 1093 1571 1163 τὴν
1605 1097 1827 1154 κακίαν,
1862 1092 1929 1164 ἠν

343 1188 373 1239 ὁ
407 1187 539 1248 Θεὸς
565 1186 664 1238 οὐκ
713 1188 939 1255 ἔσπειρε
959 1202 973 1215 ⁸
1020 1187 1113 1239 καὶ
1144 1187 1224 1248 είς
1254 1186 1315 1239 ἓν
1352 1186 1576 1255 συνάγει
1606 1184 1704 1253 τὴν
1744 1181 1927 1250 φύσιν,

344 1283 416 1350 ἣν
464 1280 524 1333 οὐ
556 1280 968 1347 διεσκόρπισεν.
1030 1277 1220 1332 Είπὼν
1251 1278 1330 1342 δὲ,
1386 1280 1469 1331 ὅτι
1526 1296 1545 1330 t
1601 1274 1928 1330 Ἀπέστειλα

346 1373 493 1442 ὑμᾶς
525 1372 785 1443 θερίζειν,
812 1371 848 1426 ἃ
886 1372 945 1424 ού
982 1370 1373 1433 κεκοπιάκατε,
1422 1388 1439 1422 ι
1479 1370 1605 1432 τοὺς
1643 1368 1931 1437 προφήτας

342 1464 743 1517 κεκοπιακέναι
774 1463 1017 1535 ᾐνίξατο.
1050 1461 1218 1516 Λύτοὶ
1250 1464 1361 1532 γὰρ
1406 1457 1548 1527 ἦσαν
1586 1462 1637 1514 οἱ
1666 1460 1766 1530 τῆς
1815 1460 1929 1513 θεον

339 1558 586 1625 γνωσίας
617 1556 1130 1629 προκαταϐαλόντες
1152 1554 1220 1608 τά
1247 1554 1563 1624 σπέρματα.
1596 1552 1810 1624 Ῥᾴδιον
1835 1548 1931 1605 οὖν

341 1651 496 1719 ύμῖν,
541 1650 728 1719 φησιν,
765 1649 921 1702 ἔσται
947 1648 1007 1702 τὸ
1042 1648 1326 1718 κήρυγμα,
1367 1647 1460 1700 καὶ
1490 1647 1551 1698 ού
1582 1646 1833 1715 κάματος
1861 1645 1926 1716 τῇ

338 1740 589 1813 δρεπάνῃ
615 1738 711 1792 τοῦ
731 1739 895 1807 λόγου
920 1738 1159 1807 θερίζειν
1184 1738 1381 1808 ἕτοιμα
1412 1738 1561 1806 λήῖα.
1589 1732 1698 1790 Καὶ
1726 1737 1760 1806 ἡ
1784 1734 1928 1806 χαρὰ

337 1830 399 1886 δὲ
432 1832 585 1903 κοινὴ
637 1833 822 1895 αὐτοῖς
854 1849 915 1884 τε
967 1833 1082 1894 τοῖς
1114 1830 1420 1901 ὲσπαρκόσι
1452 1831 1784 1901 προφήταις,
1830 1830 1925 1881 καὶ

340 1928 475 1996 ύμῖν
500 1927 615 1988 τοῖς
663 1923 1046 1995 εἰσκομίζουσι
1096 1924 1223 1987 τοὺς
1255 1922 1527 1993 καρπούς.
1569 1921 1711 1975 Ἀλλ’
1751 1922 1780 1975 ὁ
1826 1921 1926 1991 μὲν

338 2021 446 2087 τῆς
497 2017 747 2087 ἱστορίας
777 2016 939 2085 λόγος
974 2015 1152 2087 πέρας
1182 2014 1427 2086 δεχέσθω
1452 2029 1466 2045 ·
1524 2016 1559 2084 ἡ
1591 2014 1651 2067 δὲ
1684 2015 1743 2066 ὲν
1776 2014 1927 2087 αύτῷ

338 2108 693 2178 πνευματικὴ
724 2106 931 2177 θεωρία
962 2106 1064 2178 ἤδη
1100 2106 1362 2176 λελέχθω.

420 2200 515 2263 Ὠς
550 2201 649 2269 μὲν
681 2196 775 2254 οὖν
826 2202 1000 2262 τύπος
1029 2196 1099 2271 ἦν
1124 2202 1158 2271 ἡ
1196 2200 1535 2270 Σαμαρεῖτις
1581 2198 1680 2268 τῆς
1710 2197 1927 2268 φύσεως

336 2291 452 2345 τῶν
471 2291 800 2360 ἀνθρώπων,
826 2292 1077 2361 ἐφθημεν
1101 2292 1459 2362 προειπόντες
1485 2306 1498 2319 ·
1532 2288 1667 2361 ᾤκει
1689 2291 1800 2360 γὰρ
1831 2292 1929 2345 καὶ

337 2385 486 2454 αὕτη
526 2386 657 2439 ποτὲ
688 2387 745 2438 ἐν
781 2385 858 2456 τῷ
888 2387 982 2457 τῆς
1005 2386 1276 2448 ἀπαθείας
1311 2384 1449 2455 δρει,
1500 2384 1667 2447 θείοις
1695 2386 1925 2455 ἐπαιρο-

341 2480 480 2549 μὲνη
511 2481 772 2551 νοήμασι.
801 2480 881 2550 Τῇ
909 2478 1155 2549 συμϐολῇ
1187 2479 1245 2531 δὲ
1290 2477 1388 2530 τοῦ
1416 2478 1595 2546 ὄφεως
1636 2480 1928 2550 ὲνασμηνί-

342 2588 512 2636 σασα,
557 2571 903 2640 αίχμάλωτος
941 2572 1021 2633 είς
1058 2570 1159 2639 τὴν
1206 2568 1473 2639 σύγχυσιν
1511 2568 1613 2638 τῆς
1647 2569 1924 2639 ἁμαρτίας

338 2669 421 2729 εἰς
454 2664 754 2718 Βαϐυλῶνα
785 2663 1115 2729 κατάγεται,
1158 2662 1621 2731 ἀποκτηνωθεῖσα
1648 2665 1769 2725 ταῖς
1801 2662 1928 2715 ἁλόο

336 2773 459 2821 γοις
485 2756 707 2825 ὁρμαῖς,
744 2757 839 2807 καὶ
892 2753 1017 2806 ἀντὶ
1070 2753 1233 2806 θείων
1261 2755 1551 2823 νοημάτων
1600 2754 1658 2806 ὲν
1688 2754 1767 2823 τῷ
1808 2754 1926 2825 ὄρει

337 2848 436 2901 τοῦ
467 2850 608 2911 νοὸς,
640 2847 713 2911 ὡς
742 2847 1028 2901 Χαλδαίων
1055 2846 1266 2917 πληθὺν
1290 2845 1635 2899 είσοικίσασα
1661 2847 1762 2916 τὴν
1799 2848 1928 2900 άσέ·

338 2942 514 3005 ϐειαν,
538 2942 570 3009 ἢ
598 2940 857 3009 πρόξενος
884 2939 1023 3008 αὐτῇ
1060 2940 1253 3006 γέγονε
1295 2940 1395 3007 τῆς
1449 2938 1602 3009 παρὰ
1635 2938 1745 2991 τῶν
1775 2938 1927 2991 λεόν-

335 3049 448 3084 των
479 3030 690 3101 φθορᾶς
712 3045 726 3061 ·
764 3031 974 3081 νοοῖντο
998 3026 1044 3079 δ’
1080 3026 1146 3079 ἂν
1171 3027 1404 3079 λεόντων
1445 3026 1656 3095 ἀμυχαὶ
1697 3025 1752 3077 αἱ
1785 3025 1928 3079 κατὰ

335 3122 568 3193 καιροὺς
619 3123 733 3184 τοῖς
764 3118 1079 3190 ἀνθρώποις
1133 3118 1516 3188 ὲπενεχθείσαι
1543 3117 1793 3187 διάφοροι
1824 3117 1928 3187 μά-

2040 624 2344 682 Samaritas
2385 628 2564 696 signat
2637 629 2902 699 gregatim
2955 627 3355 699 confertimque
3394 632 3626 686 venien-

2039 729 2141 783 tes,
2181 719 2317 773 adeo
2347 719 2560 774 scilicet
2591 720 2698 775 illis
2743 722 2988 776 mulieris
3024 722 3187 777 verba
3238 722 3353 778 alas
3401 724 3628 779 addide-

2036 818 2179 873 rant,
2218 820 2274 864 et
2304 810 2381 865 ait
2411 827 2425 863 :
2459 830 2477 862 ι
2523 809 2719 865 Levate
2743 812 2931 867 oculos
2962 823 3191 880 vestros,
3243 825 3297 868 et
3329 814 3508 869 videte
3537 831 3625 868 re-

2035 903 2224 972 giones
2255 905 2379 973 quia
2431 904 2567 958 alba:
2615 915 2742 959 sunt
2781 905 2891 972 iam
2941 910 3007 958 ad
3043 922 3297 960 messem.
3337 924 3357 957 ›
3396 907 3625 961 Messem

2034 1008 2189 1049 vocat
2245 998 2456 1051 animas
2507 998 2572 1051 ad
2629 998 3011 1066 excipiendam
3081 998 3361 1068 Evangelii
3429 1000 3625 1054 falcem

2033 1098 2273 1157 paratas,
2308 1104 2428 1158 quae
2478 1104 2610 1145 sane
2659 1092 2985 1159 praritatem
3030 1101 3261 1156 resecat,
3309 1108 3468 1159 quam
3515 1107 3624 1146 non

2034 1181 2323 1235 seminavit
2352 1181 2538 1249 Deus;
2590 1192 2643 1239 et
2695 1184 2747 1236 in
2791 1198 2955 1237 unum
2986 1194 3284 1254 congregat
3329 1194 3581 1239 naturam
3607 1225 3624 1250 ,

2032 1288 2196 1341 quant
2230 1287 2338 1327 non
2373 1275 2654 1345 dispersit.
2706 1275 2860 1342 Quod
2890 1290 3018 1330 vero
3046 1277 3145 1340 ait,
3181 1296 3198 1327 ι
3234 1277 3345 1347 Ego
3377 1278 3495 1331 misi
3529 1292 3627 1332 vos

2035 1376 2287 1430 metere,
2345 1366 2492 1435 quod
2558 1382 2653 1422 vos
2712 1384 2817 1423 non
2873 1368 3202 1434 laborastis,
3242 1386 3261 1421 ι
3332 1373 3629 1438 prophetas

2035 1459 2315 1513 laborasse
2363 1459 2657 1527 signiﬁcat.
2713 1460 2818 1529 lpsi
2854 1462 3001 1515 enim
3037 1462 3368 1532 cognitionis
3411 1462 3509 1517 Dei
3539 1477 3629 1517 se-

2034 1554 2179 1604 ntina
2209 1559 2335 1605 ante
2359 1550 2627 1620 iecerunt.
2661 1551 2857 1607 Facilis
2883 1552 3071 1621 igitur,
3095 1553 3291 1623 inquit,
3313 1556 3631 1624 praeditatio

2032 1642 2187 1695 vobis
2232 1642 2373 1709 erit;
2434 1659 2534 1698 nec
2583 1645 2915 1699 laboriosum
2966 1656 3184 1713 paratas
3230 1660 3443 1717 segetes
3475 1648 3628 1703 verbi

2033 1730 2129 1787 Dei
2154 1732 2293 1789 falce
2319 1732 2622 1791 demetere.
2646 1735 2915 1791 Gaudium
2945 1737 3165 1807 quidem
3197 1738 3304 1793 erit
3338 1753 3629 1796 commune

2034 1835 2146 1878 tum
2189 1826 2468 1895 prophetis
2510 1828 2604 1897 qui
2661 1831 3025 1893 seminarunt,
3079 1840 3190 1884 tum
3227 1830 3381 1885 vobis
3425 1830 3629 1902 impor-

1960 1887 2001 1942 Β
2034 1914 2276 1968 tantibus
2326 1915 2583 1971 fructum.
2618 1916 2780 1988 Atqui
2812 1918 2916 1980 ,ltic
2943 1935 3075 1973 sane
3104 1922 3425 1976 enarranda:
3456 1923 3628 1978 histo-

2034 2006 2128 2060 riae
2181 2006 2305 2061 linis
2343 2007 2435 2063 sit.
2473 2007 2604 2075 Quae
2636 2024 2767 2065 vero
2803 2008 3104 2081 spiritualis
3154 2014 3522 2071 consideratio
3570 2016 3625 2071 in

2028 2112 2092 2152 ea
2127 2098 2279 2163 insit,
2308 2098 2419 2165 jam
2455 2102 2694 2157 dicatur.

2102 2191 2255 2256 Quod
2292 2190 2458 2260 igitur
2513 2204 2720 2247 natura:
2773 2194 3027 2250 humana:
3075 2202 3237 2269 typus
3280 2195 3624 2255 Samaritana

2029 2281 2216 2348 fuerit,
2262 2283 2373 2353 iam
2430 2288 2821 2355 occupavimus
2873 2289 3092 2356 dicere;
3171 2292 3435 2346 habitavit
3478 2294 3624 2348 enim

2032 2374 2148 2443 ipsa
2182 2373 2483 2443 aliquando
2518 2377 2569 2429 in
2605 2387 2810 2441 monte,
2846 2382 2898 2433 in
2933 2382 3205 2435 vaCuitate
3255 2382 3465 2437 scilicet
3501 2400 3627 2453 pas-

2028 2466 2242 2519 sionum
2264 2466 2342 2534 (9)
2369 2466 2629 2521 divinitus
2652 2468 2916 2524 immissis
2940 2471 3365 2541 cogitationibus
3386 2471 3621 2529 elevata.

2030 2557 2137 2613 Sed
2174 2560 2317 2614 enim
2344 2562 2616 2627 serpentis
2654 2560 2881 2617 consilio
2910 2565 3289 2632 acquiesccns,
3320 2570 3531 2636 captiva
3570 2571 3624 2624 in

2030 2653 2237 2722 peccati
2272 2652 2643 2708 confusionem
2684 2655 2825 2710 velut
2865 2658 2914 2710 in
2952 2656 3280 2728 Babylonem
3314 2661 3623 2727 deducitur,

2029 2756 2191 2814 atque
2252 2745 2304 2800 itt
2356 2747 2619 2815 pecudum
2689 2759 2937 2803 naturam
2990 2751 3061 2807 ob
3125 2752 3359 2821 impetus
3424 2755 3623 2808 rationi

2030 2839 2315 2895 discordes
2347 2839 2711 2909 degenerans,
2759 2842 2812 2894 in
2856 2843 3051 2897 tuentis
3103 2844 3443 2900 altitudinem
3475 2847 3627 2901 velut

2030 2933 2083 2986 in
2119 2943 2358 2986 montem
2404 2946 2501 2998 pro
2531 2931 2849 2988 cmlcstibus
2891 2933 3317 3004 cogitationibus
3349 2938 3423 2991 uti
3454 2936 3625 2992 Chal—

2029 3024 2268 3077 daeorum
2312 3024 2761 3090 multitudinem,
2824 3025 3153 3095 impietatem
3213 3028 3623 3095 intromittens,

2032 3132 2155 3186 qum
2184 3116 2357 3172 cladis
2411 3132 2440 3170 a
2492 3117 2740 3172 leonibus
2776 3130 3013 3190 acceptae
3045 3137 3207 3175 causa
3239 3122 3315 3176 illi
3352 3124 3454 3177 fuit
3484 3140 3499 3178 :
3528 3139 3627 3194 per

340 3230 563 3282 οτιγες,
588 3212 800 3266 ὑδάτων
840 3210 1248 3279 κατακλυσμοὶ,
1306 3206 1603 3277 συγχύσεις
1635 3207 1925 3274 γλωσσῶν,

2034 3209 2251 3263 leonum
2287 3210 2487 3280 quippe
2539 3225 2759 3265 morsus
2792 3212 3164 3282 intelligantur
3196 3213 3297 3267 alia
3331 3215 3454 3271 aliis
3482 3226 3620 3272 tent-

337 3300 646 3370 ἐπομϐρίαι
680 3299 878 3368 πυρὸς,
907 3298 964 3351 αἱ
995 3298 1061 3368 δὴ
1110 3299 1278 3368 μέχρι
1309 3297 1431 3349 τότε
1463 3297 1563 3366 τὴν
1596 3297 1762 3365 φύσιν
1796 3314 1928 3350 κατ-

338 3392 706 3463 ενεμήθησαν,
738 3393 842 3455 ἕως
867 3394 900 3462 ἡ
924 3392 1200 3461 Μωσαῖκὴ
1223 3388 1517 3459 νομοθεσία
1540 3388 1638 3460 τὴν
1670 3389 1928 3444 ἀσέὸειαν

338 3486 746 3556 ἀπεκρούσατο.
797 3487 874 3540 Ού
917 3485 1103 3555 μέντοι
1141 3500 1207 3552 γε
1267 3482 1562 3553 τηλαυγῶς
1609 3483 1709 3552 τὴν
1764 3481 1925 3551 φύσ.ν

334 3579 642 3649 ἐκάθηρεν
706 3578 787 3631 ἔτι
845 3578 956 3649 γὰρ
1008 3576 1085 3645 τῷ
1117 3576 1236 3647 ὄρει
1284 3573 1636 3645 προσεκύνει,
1693 3577 1750 3626 ὲν
1780 3569 1823 3642 ᾧ
1855 3574 1926 3627 τὰ

342 3672 539 3726 εἴδωλα
568 3671 915 3742 ἑκεκρύφατο
947 3672 1013 3740 τῇ
1034 3669 1337 3739 Ἀστάρτῃ,
1370 3671 1465 3720 καὶ
1486 3668 1562 3737 τῷ
1586 3667 1814 3737 Χαμὼς,
1835 3668 1927 3720 καὶ

334 3771 463 3829 ταῖς
506 3767 775 3836 δαμάλεσι
829 3764 1273 3835 προσανέχουσα.
1317 3764 1447 3817 Ὅτε
1490 3762 1547 3815 δὲ
1572 3764 1733 3825 αὐτὸς
1770 3764 1797 3814 ὁ
1835 3762 1925 3815 τοῦ

340 3859 558 3929 Πατρός
612 3859 758 3929 ὅρος,
814 3860 910 3911 καὶ
942 3858 1115 3923 Λόγος
1140 3856 1513 3926 ὁδοιπορήσας
1542 3855 1650 3906 ἀπὸ
1677 3854 1784 3906 τῶν
1824 3872 1929 3907 πα-

340 3952 550 4025 τρικῶν
572 3952 789 4005 κόλπων
826 3952 987 4021 μέχρι
1017 3950 1116 4020 τῆς
1143 3949 1420 4020 ἡμετέρας
1448 3944 1614 4019 ἢλθεν
1646 3949 1925 4017 ἐσχατιᾶς,

347 4047 480 4115 μίαν
512 4043 711 4116 εὕρατο
740 4044 933 4113 ῥᾳδίαν
960 4043 1245 4113 ⁸σἰιινιτηρίας
1279 4041 1395 4095 ὁδὸν
1429 4041 1489 4093 τὸ
1516 4040 1741 4093 καθίσαι
1774 4040 1927 4109 παρὰ

336 4142 406 4207 τῇ
441 4141 590 4207 πηγῇ
622 4137 718 4189 τοῦ
750 4135 1135 4204 βαπτίσματος
1163 4152 1176 4164 ·
1208 4134 1333 4203 ἥτις
1372 4132 1600 4200 λέγεται
1629 4132 1725 4184 τοῦ
1762 4149 1929 4202 πτερ-

340 4230 526 4284 νιστοῦ
564 4230 761 4284 Ἰακὼό
799 4230 874 4290 ὡς
905 4231 998 4282 τὸν
1030 4228 1221 4298 νοητὸν
1268 4226 1441 4280 Ἠσαῦ
1475 4225 1839 4297 πτερνίζουσά
1867 4244 1926 4279 τε

341 4326 439 4377 καὶ
473 4324 743 4393 ἇγχουσα,
780 4323 876 4377 καὶ
910 4319 979 4372 δι’
1014 4320 1187 4390 αὐτῆς
1238 4319 1335 4389 τῆς
1375 4318 1559 4387 πηγῆς
1601 4317 1787 4369 δίδωσι
1815 4318 1928 4380 τοῖς

337 4416 649 4486 ἀνθρώποις
680 4415 740 4467 τὸ
772 4413 881 4479 ζών
911 4412 1056 4481 ὕδωρ
1087 4412 1182 4465 τοῦ
1218 4410 1562 4481 [Ινεύματος.
1608 4410 1706 4480 Εῐη
1736 4409 1793 4462 δὲ
1832 4411 1927 4463 καὶ

336 4510 493 4580 ἡμᾶς
524 4508 760 4570 ὀπαδοὺς
788 4504 1043 4576 γενέσθαι
1066 4504 1164 4574 τῆς
1194 4500 1476 4570 θεοφιλοῦς
1510 4497 1925 4571 Σαμαρείτιδος,

2032 3301 2279 3368 poribus,
2308 3300 2622 3354 hominibus
2648 3300 2865 3356 incussa
2900 3299 3131 3372 ﬂagella,
3157 3304 3435 3361 eluviones
3457 3323 3627 3376 aqua-

2036 3407 2178 3456 rum,
2210 3390 2513 3461 linguarum
2541 3389 2908 3459 confusiones,
2939 3395 3076 3463 ignis
3100 3396 3312 3465 plurim,
3342 3414 3460 3466 qua:
3486 3415 3625 3453 sane

2031 3498 2097 3537 eo
2127 3499 2301 3550 usque
2337 3483 2388 3536 in
2428 3483 2707 3536 hominum
2738 3500 2907 3555 genus
2948 3472 3233 3555 dispertita
3267 3500 3417 3556 sunt,
3448 3490 3624 3545 donec

2031 3573 2197 3646 274
2226 3574 2463 3629 Mosaica
2497 3575 2578 3628 lex
2613 3577 2820 3646 cxpnht
2859 3578 3214 3647 impietatem.
3264 3578 3448 3650 Neque
3498 3598 3629 3637 vero

2033 3676 2284 3723 naturam
2324 3667 2395 3718 ita
2429 3669 2698 3735 purgavit,
2745 3677 2803 3720 ttt
2837 3670 2902 3719 tul
2934 3668 3279 3736 splendorem
3326 3674 3623 3727 revocarit.

2029 3760 2220 3814 Adhuc
2249 3759 2393 3814 enim
2444 3760 2496 3812 in
2533 3768 2718 3814 tnonte
2769 3761 3050 3825 adorabat,
3092 3762 3180 3816 ubi
3233 3763 3626 3818 occulebautur

2032 3851 2174 3905 idola
2226 3852 2478 3904 Astartes
2533 3860 2585 3903 et
2640 3849 3058 3923 Chamos(l0);
3116 3863 3169 3907 et
3206 3855 3390 3908 vitulis
3440 3855 3623 3911 dedita

2030 3954 2168 3999 erat.
2200 3943 2299 3998 Ubi
2330 3960 2457 3999 vero
2487 3945 2603 4012 ipse
2640 3944 2815 3999 l‘atris
2854 3948 3119 4000 terminus
3167 3958 3220 4001 et
3250 3946 3485 4002 Verbum
3508 3947 3624 4019 (ll)

2033 4054 2061 4093 a
2097 4048 2327 4107 paterno
2360 4037 2485 4092 sinu
2519 4037 2792 4107 prolectus
2826 4053 2997 4107 usque
3028 4039 3094 4093 ad
3126 4051 3365 4094 nostram
3402 4038 3593 4095 humili
3611 4076 3630 4086 ε-

2034 4140 2200 4185 tatem
2239 4130 2353 4199 (12)
2401 4131 2640 4195 devenit,
2699 4146 2860 4185 unam
2907 4130 3096 4187 salutis
3139 4133 3279 4187 viam
3324 4134 3530 4189 invenit
3555 4136 3624 4190 ad

2032 4222 2234 4277 fontem
2272 4222 2522 4293 baptismi
2577 4224 2888 4278 considere.
2937 4224 3036 4290 Qui
3093 4240 3224 4280 sane
3280 4223 3447 4280 Jacob
3491 4242 3625 4298 snp-

2031 4316 2359 4386 plantatOt-is
2388 4316 2555 4369 fuisse
2588 4315 2809 4380 dicitur,
2846 4328 2901 4370 ut
2929 4318 3018 4387 qui
3058 4317 3197 4371 Esau
3236 4319 3385 4373 illum
3416 4319 3621 4374 intelli-

2029 4410 2250 4479 gibilcm
2299 4409 2634 4479 supplantet,
2683 4418 2734 4463 et
2794 4409 2979 4474 elidat,
3012 4424 3075 4463 ac
3116 4425 3213 4478 per
3265 4411 3437 4480 ipsuttt
3488 4427 3624 4466 sane

2029 4500 2234 4555 fontem
2277 4501 2509 4570 largitur
2541 4500 2853 4555 hominibus
2883 4499 3119 4571 Spiritus
3166 4518 3364 4570 aquam
3417 4504 3618 4558 vivam.

339 4574 438 4653 πὲἐιι
467 4574 809 4670 ἀποστέρξαι
843 4599 940 4669 μὲν
987 4598 1092 4667 τὴν
1124 4595 1323 4666 ἄλογον
1347 4597 1486 4667 πρὸς
1509 4594 1611 4658 τὰς
1642 4592 1923 4665 αἰσθήσεις

2036 4590 2258 4648 Utinam
2300 4608 2428 4647 vero
2456 4596 2735 4661 contingat
2767 4594 2926 4647 nobis
2960 4600 3328 4649 assectatores
3356 4593 3472 4649 ﬁeri
3516 4596 3621 4665 piae

342 4694 682 4764 συνοίκησιν,
706 4686 795 4753 αἷς
818 4690 893 4755 ὼς
923 4689 1151 4762 ἀνδράσι
1184 4688 1349 4742 πέντε
1381 4687 1439 4753 ἐξ
1472 4686 1645 4757 αὐτῆς
1675 4687 1774 4756 τῆς
1800 4700 1927 4754 γενο

343 4787 557 4857 νήσεως
590 4784 1033 4855 συνῳκίσθημεν,
1077 4782 1424 4853 ἀνασυράσαι
1456 4780 1513 4835 δὲ
1544 4780 1642 4834 καὶ
1691 4780 1782 4833 τὸν
1830 4778 1929 4848 φέ-

2036 4685 2419 4746 Samaritanaa,
2455 4695 2510 4740 et
2561 4685 2864 4740 abominari
2918 4685 3371 4740 consuetudinem
3423 4689 3619 4742 rationi

2038 4776 2369 4832 contrariam
2399 4790 2521 4830 cmn
2558 4776 2811 4831 sensibus
2841 4775 3107 4842 habitam,
3146 4792 3268 4831 cum
3308 4779 3531 4846 quibus,
3561 4788 3622 4835 ut

339 4895 485 4933 vam
538 4878 804 4948 λογισμὸν
836 4875 913 4939 ὡς
962 4874 1125 4929 ἕκτον
1168 4874 1516 4946 παρακοίτην
1549 4873 1611 4927 τὺ
1641 4872 1794 4943 λέχος
1835 4871 1927 4941 τῆς

2031 4885 2154 4925 cum
2200 4869 2442 4940 quinque
2478 4869 2628 4934 viris,
2668 4868 2736 4923 ab
2789 4869 2907 4938 ipso
2943 4881 3066 4922 ortu
3121 4869 3356 4940 copulati
3405 4885 3617 4938 stttnus,

339 4970 522 5040 ψυχῆς
581 4967 1048 5039 καταχραίνοντα,
1104 4966 1447 5029 άδιαστάτως
1470 4983 1533 5020 τε
1584 4966 1647 5020 τὸ
1688 4965 1800 5019 τῶν
1840 4966 1927 5019 δα-

2030 4962 2278 5017 inhibere
2337 4963 2503 5016 etiam
2560 4962 2675 5033 (l5)
2734 4961 2982 5016 fallacem
3039 4962 3206 5017 animi
3264 4979 3508 5031 sensum,
3561 4974 3622 5020 ut

339 5062 529 5135 κρείων
581 5062 730 5135 ὕδωρ
764 5061 1003 5128 ἀντλεῖν,
1057 5058 1120 5124 ἑξ
1144 5050 1206 5113 οὗ
1242 5058 1582 5131 ἀναψύχεται
1615 5063 1710 5113 κςιΊ⁵
1742 5060 1772 5113 δ
1804 5057 1930 5122 νοῦς

2030 5066 2247 5113 sextum
2297 5055 2551 5111 maritum
2594 5056 2795 5112 lectum
2846 5056 3047 5111 animae
3099 5060 3620 5126 commaculaatem,

1580 5218 1908 5284 Fraocisci
1940 5216 2152 5283 Scorsi
2190 5224 2382 5279 notte.

418 5377 493 5451 (9)
540 5375 607 5431 In
645 5376 910 5451 vacuitate
965 5373 1296 5444 passionum.
1356 5370 1495 5428 Vide
1541 5372 1796 5427 adnotata
1851 5374 1918 5429 ad

340 5446 494 5505 hom.
520 5462 665 5510 xxtv,
696 5457 811 5502 not.
841 5446 931 5500 67.

417 5518 527 5591 (10)
552 5520 788 5571 Astartes
811 5529 857 5570 et
886 5516 1137 5591 Chomos.
1163 5513 1366 5591 Altudit
1395 5514 1465 5591 ad
1490 5512 1630 5567 idola
1662 5510 1917 5569 Sidonio-

339 5583 487 5654 rum,
510 5583 739 5657 quorum
762 5599 880 5641 erat
906 5590 1176 5649 Astartes,
1219 5596 1275 5639 et
1292 5583 1649 5657 Moabitarum
1676 5598 1913 5657 quorum

2028 5372 2207 5426 vimus
2234 5368 2299 5423 ad
2335 5369 2483 5438 hom.
2549 5366 2641 5434 l7,
2677 5437 2686 5438 ί
2716 5377 2831 5422 not.
2893 5367 2949 5432 8,
3002 5383 3110 5438 quo
3175 5384 3337 5425 sensu
3376 5367 3614 5423 Verbum

2025 5441 2243 5523 dicatur
2268 5437 2479 5510 Πατρδς
2495 5438 2640 5510 ὅρος,
2668 5437 2849 5494 Patris
2873 5437 3157 5505 terminus,
3188 5454 3251 5494 ex
3279 5438 3441 5510 Greg.
3477 5438 3613 5495 Naz.

2027 5511 2553 5651 “(lgis‘lisquead
2613 5589 2855 5636 nostram
2911 5580 3299 5637 humilitatem.
3357 5578 3494 5636 Vide
3544 5581 3615 5635 ad

341 5648 601 5724 (thauros,
652 5659 741 5712 cui
794 5657 1052 5712 Salomon
1098 5648 1168 5709 in,
1202 5665 1390 5710 monte
1417 5654 1598 5708 fanum
1631 5648 1919 5724 coitstituit
2016 5648 2206 5724 hoinil.
2241 5651 2299 5724 7_,
2327 5648 2439 5724 not.
2464 5648 2555 5705 25.

336 5734 406 5786 Ill
456 5722 594 5799 lteg.
624 5744 747 5799 cap.
783 5743 861 5793 ιι,
897 5738 950 5784 et
981 5729 1047 5781 ad
1106 5726 1305 5799 vitulos
1338 5738 1705 5799 aureosquos
1760 5722 1918 5780 Jero-

338 5806 499 5857 lnam
539 5794 819 5863 conﬂavit,
866 5810 922 5854 et
952 5799 1007 5852 in
1040 5796 1275 5852 excelsis
1303 5797 1507 5863 posuit.
1550 5794 1776 5849 ibidem.

415 5874 524 5943 (tl)
578 5869 759 5925 Putris
818 5870 1072 5924 terminus
1105 5878 1156 5922 et
1199 5866 1440 5924 Verbum.
1495 5863 1608 5923 Hoc
1659 5866 1919 5938 explana-

2092 5721 2205 5793 (15)
2258 5719 2504 5775 Inltibere
2552 5724 2737 5785 etiam,
2795 5730 2903 5777 etc.
2948 5720 3340 5793 ίἈνασυράσαι
3399 5722 3614 5793 inAuno

2017 5791 2164 5916 coit"
2218 5793 2273 5848 in
2333 5794 2507 5849 altero
2555 5808 2639 5852 est
2696 5792 3102 5866 ἀνασειράσαις
3141 5800 3431 5859 utrumque
3470 5791 3613 5847 idem

2019 5878 2084 5919 va
2106 5873 2183 5921 et.

2019 5878 2183 5919 vatet.
