  <div class='ocr_page' id='page_1' title='image "/cluster/home/n/w/nwhite01/storage/ocr_20150623/132/coo.31924054870377/380.png"; bbox 0 0 4070 6438; ppageno 0'>
   <div class='ocr_carea' id='block_1_1' title="bbox 329 420 428 485">
    <p class='ocr_par' dir='ltr' id='par_1_1' title="bbox 329 420 428 485">
     <span class='ocr_line' id='line_1_1' title="bbox 329 420 428 485; baseline 0.01 -1"><span class='ocrx_word' id='word_1_1' title='bbox 329 420 428 485; x_wconf 72' lang='grc' dir='ltr'><strong>’ἵίέ</strong></span> 
     </span>
    </p>
   </div>
   <div class='ocr_carea' id='block_1_2' title="bbox 331 634 1914 705">
    <p class='ocr_par' dir='ltr' id='par_1_2' title="bbox 331 634 1914 705">
     <span class='ocr_line' id='line_1_2' title="bbox 331 634 1914 705; baseline -0.001 -18"><span class='ocrx_word' id='word_1_2' title='bbox 331 635 578 689; x_wconf 71' lang='grc' dir='ltr'>ἐντεῦθεν</span> <span class='ocrx_word' id='word_1_3' title='bbox 613 635 984 704; x_wconf 69' lang='grc' dir='ltr'>μανθάνομεν.</span> <span class='ocrx_word' id='word_1_4' title='bbox 1018 634 1150 705; x_wconf 85' lang='grc' dir='ltr'><strong>ὡςή</strong></span> <span class='ocrx_word' id='word_1_5' title='bbox 1186 634 1283 703; x_wconf 78' lang='grc' dir='ltr'><strong>μὲν</strong></span> <span class='ocrx_word' id='word_1_6' title='bbox 1317 635 1438 687; x_wconf 75' lang='grc' dir='ltr'>θεία</span> <span class='ocrx_word' id='word_1_7' title='bbox 1466 634 1627 703; x_wconf 72' lang='grc' dir='ltr'>φύσις</span> <span class='ocrx_word' id='word_1_8' title='bbox 1661 635 1792 704; x_wconf 79' lang='grc' dir='ltr'>ὀρθή</span> <span class='ocrx_word' id='word_1_9' title='bbox 1833 653 1914 700; x_wconf 80' lang='grc' dir='ltr'><strong>τε,</strong></span> 
     </span>
    </p>
   </div>
   <div class='ocr_carea' id='block_1_3' title="bbox 331 727 1914 799">
    <p class='ocr_par' dir='ltr' id='par_1_3' title="bbox 331 727 1914 799">
     <span class='ocr_line' id='line_1_3' title="bbox 331 727 1914 799; baseline -0.001 -18"><span class='ocrx_word' id='word_1_10' title='bbox 331 731 418 781; x_wconf 77' lang='grc' dir='ltr'><strong>καὶ</strong></span> <span class='ocrx_word' id='word_1_11' title='bbox 450 729 789 799; x_wconf 70' lang='grc' dir='ltr'>πανταχ-ζθεν</span> <span class='ocrx_word' id='word_1_12' title='bbox 808 729 1126 791; x_wconf 75' lang='grc' dir='ltr'><strong>ἀσάλευτος,</strong></span> <span class='ocrx_word' id='word_1_13' title='bbox 1157 727 1496 796; x_wconf 78' lang='grc' dir='ltr'><strong>ἀμετάθετον</strong></span> <span class='ocrx_word' id='word_1_14' title='bbox 1515 728 1612 798; x_wconf 80' lang='grc' dir='ltr'><strong>τήν</strong></span> <span class='ocrx_word' id='word_1_15' title='bbox 1632 728 1914 793; x_wconf 77' lang='grc' dir='ltr'>σύστασιν,</span> 
     </span>
    </p>
   </div>
   <div class='ocr_carea' id='block_1_4' title="bbox 331 821 1916 892">
    <p class='ocr_par' dir='ltr' id='par_1_4' title="bbox 331 821 1916 892">
     <span class='ocr_line' id='line_1_4' title="bbox 331 821 1916 892; baseline 0.001 -20"><span class='ocrx_word' id='word_1_16' title='bbox 331 823 418 872; x_wconf 72' lang='grc' dir='ltr'><strong>καὶ</strong></span> <span class='ocrx_word' id='word_1_17' title='bbox 450 823 788 888; x_wconf 68' lang='grc' dir='ltr'>ἀκράδαντον</span> <span class='ocrx_word' id='word_1_18' title='bbox 823 821 1045 890; x_wconf 51' lang='lat' dir='ltr'><strong>tif/poor</strong></span> <span class='ocrx_word' id='word_1_19' title='bbox 1091 821 1150 874; x_wconf 85' lang='grc' dir='ltr'><strong>τὸ</strong></span> <span class='ocrx_word' id='word_1_20' title='bbox 1184 821 1240 874; x_wconf 83' lang='grc' dir='ltr'><strong>δὲ</strong></span> <span class='ocrx_word' id='word_1_21' title='bbox 1271 823 1379 874; x_wconf 82' lang='grc' dir='ltr'><strong>τῶν</strong></span> <span class='ocrx_word' id='word_1_22' title='bbox 1425 821 1732 892; x_wconf 77' lang='grc' dir='ltr'>ἀνθρώπων</span> <span class='ocrx_word' id='word_1_23' title='bbox 1757 823 1916 891; x_wconf 86' lang='grc' dir='ltr'>γένος</span> 
     </span>
    </p>
   </div>
   <div class='ocr_carea' id='block_1_5' title="bbox 333 912 1509 984">
    <p class='ocr_par' dir='ltr' id='par_1_5' title="bbox 333 912 1509 984">
     <span class='ocr_line' id='line_1_5' title="bbox 333 912 1509 984; baseline 0.001 -19"><span class='ocrx_word' id='word_1_24' title='bbox 333 913 460 984; x_wconf 79' lang='grc' dir='ltr'>πρὸς</span> <span class='ocrx_word' id='word_1_25' title='bbox 496 913 781 983; x_wconf 77' lang='grc' dir='ltr'>σύμφυτον</span> <span class='ocrx_word' id='word_1_26' title='bbox 814 914 1108 966; x_wconf 83' lang='grc' dir='ltr'>ἀσθένειαν</span> <span class='ocrx_word' id='word_1_27' title='bbox 1141 912 1509 984; x_wconf 77' lang='grc' dir='ltr'>ὑποκάθηται.</span> 
     </span>
    </p>
   </div>
   <div class='ocr_carea' id='block_1_6' title="bbox 1705 417 2364 484">
    <p class='ocr_par' dir='ltr' id='par_1_6' title="bbox 1705 417 2364 484">
     <span class='ocr_line' id='line_1_6' title="bbox 1705 417 2364 484; baseline -0.003 -2"><span class='ocrx_word' id='word_1_28' title='bbox 1705 422 2034 484; x_wconf 80' lang='lat' dir='ltr'><strong>HOMILIA</strong></span> <span class='ocrx_word' id='word_1_29' title='bbox 2076 417 2364 484; x_wconf 71' lang='lat' dir='ltr'><strong>XXXIX.‘</strong></span> 
     </span>
    </p>
   </div>
   <div class='ocr_carea' id='block_1_7' title="bbox 332 541 1916 616">
    <p class='ocr_par' dir='ltr' id='par_1_7' title="bbox 332 542 1916 616">
     <span class='ocr_line' id='line_1_7' title="bbox 332 542 1916 616; baseline -0.003 -18"><span class='ocrx_word' id='word_1_30' title='bbox 332 547 564 609; x_wconf 80' lang='grc' dir='ltr'>ἵσταται,</span> <span class='ocrx_word' id='word_1_31' title='bbox 605 544 773 616; x_wconf 78' lang='grc' dir='ltr'>μηδέν</span> <span class='ocrx_word' id='word_1_32' title='bbox 808 562 861 597; x_wconf 91' lang='grc' dir='ltr'><strong>τι</strong></span> <span class='ocrx_word' id='word_1_33' title='bbox 891 542 1222 615; x_wconf 78' lang='grc' dir='ltr'>θορυϐηθῇς.</span> <span class='ocrx_word' id='word_1_34' title='bbox 1272 543 1761 615; x_wconf 67' lang='grc' dir='ltr'>Κρυφιωῖέστερον</span> <span class='ocrx_word' id='word_1_35' title='bbox 1815 544 1916 612; x_wconf 69' lang='grc' dir='ltr'>γὰρ</span> 
     </span>
    </p>
   </div>
   <div class='ocr_carea' id='block_1_8' title="bbox 2023 541 2797 616">
    <p class='ocr_par' dir='ltr' id='par_1_8' title="bbox 2029 541 2797 610">
     <span class='ocr_line' id='line_1_8' title="bbox 2029 541 2797 610; baseline -0.005 -13"><span class='ocrx_word' id='word_1_36' title='bbox 2029 541 2385 610; x_wconf 74' lang='lat' dir='ltr'><strong>deiectusque</strong></span> <span class='ocrx_word' id='word_1_37' title='bbox 2441 542 2797 596; x_wconf 76' lang='lat' dir='ltr'><strong>declinantes.</strong></span> 
     </span>
    </p>
   </div>
   <div class='ocr_carea' id='block_1_9' title="bbox 3511 407 3623 475">
    <p class='ocr_par' dir='ltr' id='par_1_9' title="bbox 3511 407 3623 475">
     <span class='ocr_line' id='line_1_9' title="bbox 3511 407 3623 475; baseline -0.027 0"><span class='ocrx_word' id='word_1_38' title='bbox 3511 407 3623 475; x_wconf 62' lang='lat'><strong>746&#39;</strong></span> 
     </span>
    </p>
   </div>
   <div class='ocr_carea' id='block_1_10' title="bbox 2881 537 3615 594">
    <p class='ocr_par' dir='ltr' id='par_1_10' title="bbox 2881 537 3615 594">
     <span class='ocr_line' id='line_1_10' title="bbox 2881 537 3615 594; baseline -0.014 0"><span class='ocrx_word' id='word_1_39' title='bbox 2881 539 2939 594; x_wconf 83' lang='lat' dir='ltr'><strong>Si</strong></span> <span class='ocrx_word' id='word_1_40' title='bbox 2997 553 3123 593; x_wconf 76' lang='lat' dir='ltr'><strong>rem</strong></span> <span class='ocrx_word' id='word_1_41' title='bbox 3178 537 3339 591; x_wconf 86' lang='lat' dir='ltr'><strong>etiam</strong></span> <span class='ocrx_word' id='word_1_42' title='bbox 3394 549 3615 588; x_wconf 86' lang='lat' dir='ltr'><strong>recum-</strong></span> 
     </span>
    </p>
   </div>
   <div class='ocr_carea' id='block_1_11' title="bbox 2029 628 3613 704">
    <p class='ocr_par' dir='ltr' id='par_1_11' title="bbox 2029 628 3613 704">
     <span class='ocr_line' id='line_1_11' title="bbox 2029 628 3613 704; baseline -0.006 -14"><span class='ocrx_word' id='word_1_43' title='bbox 2029 636 2281 690; x_wconf 84' lang='lat' dir='ltr'><strong>bentibus</strong></span> <span class='ocrx_word' id='word_1_44' title='bbox 2339 635 2619 702; x_wconf 76' lang='lat' dir='ltr'><strong>discipulis</strong></span> <span class='ocrx_word' id='word_1_45' title='bbox 2688 635 2824 704; x_wconf 82' lang='lat' dir='ltr'><strong>(l7),</strong></span> <span class='ocrx_word' id='word_1_46' title='bbox 2891 641 2951 686; x_wconf 90' lang='lat' dir='ltr'><strong>ut</strong></span> <span class='ocrx_word' id='word_1_47' title='bbox 3024 631 3238 685; x_wconf 82' lang='lat' dir='ltr'><strong>Marcus</strong></span> <span class='ocrx_word' id='word_1_48' title='bbox 3300 631 3395 688; x_wconf 92' lang='lat' dir='ltr'><strong>ait.</strong></span> <span class='ocrx_word' id='word_1_49' title='bbox 3453 628 3613 682; x_wconf 77' lang='lat' dir='ltr'><strong>Jcsus</strong></span> 
     </span>
    </p>
   </div>
   <div class='ocr_carea' id='block_1_12' title="bbox 2026 723 3612 794">
    <p class='ocr_par' dir='ltr' id='par_1_12' title="bbox 2026 723 3612 794">
     <span class='ocr_line' id='line_1_12' title="bbox 2026 723 3612 794; baseline -0.005 -13"><span class='ocrx_word' id='word_1_50' title='bbox 2026 727 2229 794; x_wconf 87' lang='lat' dir='ltr'><strong>adstat,</strong></span> <span class='ocrx_word' id='word_1_51' title='bbox 2264 728 2396 781; x_wconf 85' lang='lat' dir='ltr'><strong>nihil</strong></span> <span class='ocrx_word' id='word_1_52' title='bbox 2440 728 2566 781; x_wconf 90' lang='lat' dir='ltr'><strong>inde</strong></span> <span class='ocrx_word' id='word_1_53' title='bbox 2597 727 2850 781; x_wconf 89' lang='lat' dir='ltr'><strong>turberis.</strong></span> <span class='ocrx_word' id='word_1_54' title='bbox 2883 725 3017 780; x_wconf 83' lang='lat' dir='ltr'><strong>llinc</strong></span> <span class='ocrx_word' id='word_1_55' title='bbox 3057 726 3201 779; x_wconf 87' lang='lat' dir='ltr'><strong>enim</strong></span> <span class='ocrx_word' id='word_1_56' title='bbox 3233 723 3446 777; x_wconf 82' lang='lat' dir='ltr'><strong>utettlta</strong></span> <span class='ocrx_word' id='word_1_57' title='bbox 3473 736 3612 789; x_wconf 87' lang='lat' dir='ltr'><strong>qua-</strong></span> 
     </span>
    </p>
   </div>
   <div class='ocr_carea' id='block_1_13' title="bbox 2025 815 3610 886">
    <p class='ocr_par' dir='ltr' id='par_1_13' title="bbox 2025 815 3610 886">
     <span class='ocr_line' id='line_1_13' title="bbox 2025 815 3610 886; baseline -0.007 -12"><span class='ocrx_word' id='word_1_58' title='bbox 2025 821 2149 876; x_wconf 88' lang='lat' dir='ltr'><strong>dam</strong></span> <span class='ocrx_word' id='word_1_59' title='bbox 2188 822 2396 874; x_wconf 85' lang='lat' dir='ltr'><strong>ratione</strong></span> <span class='ocrx_word' id='word_1_60' title='bbox 2456 823 2771 886; x_wconf 87' lang='lat' dir='ltr'><strong>cdocemur,</strong></span> <span class='ocrx_word' id='word_1_61' title='bbox 2809 819 3045 871; x_wconf 80' lang='lat' dir='ltr'><strong>divinam</strong></span> <span class='ocrx_word' id='word_1_62' title='bbox 3082 815 3298 886; x_wconf 85' lang='lat' dir='ltr'><strong>quilem</strong></span> <span class='ocrx_word' id='word_1_63' title='bbox 3359 822 3610 866; x_wconf 87' lang='lat' dir='ltr'><strong>naturam</strong></span> 
     </span>
    </p>
   </div>
   <div class='ocr_carea' id='block_1_14' title="bbox 2024 911 3616 983">
    <p class='ocr_par' dir='ltr' id='par_1_14' title="bbox 2024 911 3616 983">
     <span class='ocr_line' id='line_1_14' title="bbox 2024 911 3616 983; baseline -0.008 -15"><span class='ocrx_word' id='word_1_64' title='bbox 2024 925 2229 969; x_wconf 77' lang='lat' dir='ltr'><strong>rectam</strong></span> <span class='ocrx_word' id='word_1_65' title='bbox 2291 927 2704 983; x_wconf 82' lang='lat' dir='ltr'><strong>usquequaque,</strong></span> <span class='ocrx_word' id='word_1_66' title='bbox 2755 920 2812 965; x_wconf 85' lang='lat' dir='ltr'><strong>et</strong></span> <span class='ocrx_word' id='word_1_67' title='bbox 2861 911 3142 964; x_wconf 79' lang='lat' dir='ltr'><strong>immotam</strong></span> <span class='ocrx_word' id='word_1_68' title='bbox 3201 921 3446 966; x_wconf 86' lang='lat' dir='ltr'><strong>manere,</strong></span> <span class='ocrx_word' id='word_1_69' title='bbox 3500 916 3616 958; x_wconf 88' lang='lat' dir='ltr'><strong>sta-</strong></span> 
     </span>
    </p>
   </div>
   <div class='ocr_carea' id='block_1_15' title="bbox 333 998 3615 1078">
    <p class='ocr_par' dir='ltr' id='par_1_15' title="bbox 333 998 3615 1078">
     <span class='ocr_line' id='line_1_15' title="bbox 333 998 3615 1078; baseline -0.002 -22"><span class='ocrx_word' id='word_1_70' title='bbox 333 1017 548 1072; x_wconf 79' lang='lat' dir='ltr'><strong>tumque</strong></span> <span class='ocrx_word' id='word_1_71' title='bbox 599 1007 1004 1072; x_wconf 83' lang='lat' dir='ltr'><strong>invariabilem,</strong></span> <span class='ocrx_word' id='word_1_72' title='bbox 1087 1016 1141 1062; x_wconf 90' lang='lat' dir='ltr'><strong>et</strong></span> <span class='ocrx_word' id='word_1_73' title='bbox 1206 1007 1591 1062; x_wconf 87' lang='lat' dir='ltr'><strong>inconcussum</strong></span> <span class='ocrx_word' id='word_1_74' title='bbox 1672 1007 1913 1072; x_wconf 81' lang='lat' dir='ltr'><strong>habere;</strong></span> <span class='ocrx_word' id='word_1_75' title='bbox 1957 1021 2128 1078; x_wconf 82' lang='lat' dir='ltr'><strong>genus</strong></span> <span class='ocrx_word' id='word_1_76' title='bbox 2163 1019 2344 1062; x_wconf 90' lang='lat' dir='ltr'><strong>autem</strong></span> <span class='ocrx_word' id='word_1_77' title='bbox 2401 1007 2696 1059; x_wconf 88' lang='lat' dir='ltr'><strong>humanum</strong></span> <span class='ocrx_word' id='word_1_78' title='bbox 2759 1021 2857 1074; x_wconf 89' lang='lat' dir='ltr'><strong>pro</strong></span> <span class='ocrx_word' id='word_1_79' title='bbox 2894 1004 3078 1057; x_wconf 84' lang='lat' dir='ltr'><strong>innata</strong></span> <span class='ocrx_word' id='word_1_80' title='bbox 3111 998 3615 1056; x_wconf 69' lang='lat' dir='ltr'><strong>sibiixnbecillitate</strong></span> 
     </span>
    </p>
   </div>
   <div class='ocr_carea' id='block_1_16' title="bbox 332 1103 625 1157">
    <p class='ocr_par' dir='ltr' id='par_1_16' title="bbox 332 1103 625 1157">
     <span class='ocr_line' id='line_1_16' title="bbox 332 1103 625 1157; baseline 0.01 -3"><span class='ocrx_word' id='word_1_81' title='bbox 332 1103 625 1157; x_wconf 82' lang='lat' dir='ltr'><strong>subsidere.</strong></span> 
     </span>
    </p>
   </div>
   <div class='ocr_carea' id='block_1_17' title="bbox 402 1196 1918 1269">
    <p class='ocr_par' dir='ltr' id='par_1_17' title="bbox 402 1196 1918 1269">
     <span class='ocr_line' id='line_1_17' title="bbox 402 1196 1918 1269; baseline 0.001 -22"><span class='ocrx_word' id='word_1_82' title='bbox 402 1214 421 1246; x_wconf 72' lang='grc' dir='ltr'><strong>ι</strong></span> <span class='ocrx_word' id='word_1_83' title='bbox 458 1196 566 1248; x_wconf 70' lang='grc' dir='ltr'><strong>Καὶ</strong></span> <span class='ocrx_word' id='word_1_84' title='bbox 598 1196 746 1264; x_wconf 81' lang='grc' dir='ltr'>λέγει</span> <span class='ocrx_word' id='word_1_85' title='bbox 788 1199 1003 1261; x_wconf 75' lang='grc' dir='ltr'>αὐτοῖς·</span> <span class='ocrx_word' id='word_1_86' title='bbox 1058 1198 1268 1269; x_wconf 83' lang='grc' dir='ltr'><strong>Εἰρήνη</strong></span> <span class='ocrx_word' id='word_1_87' title='bbox 1300 1197 1453 1268; x_wconf 86' lang='grc' dir='ltr'>ὑμῖν,</span> <span class='ocrx_word' id='word_1_88' title='bbox 1495 1217 1513 1248; x_wconf 74' lang='grc' dir='ltr'><strong>ι</strong></span> <span class='ocrx_word' id='word_1_89' title='bbox 1549 1197 1732 1267; x_wconf 85' lang='grc' dir='ltr'>διττῆς</span> <span class='ocrx_word' id='word_1_90' title='bbox 1767 1197 1918 1265; x_wconf 88' lang='grc' dir='ltr'>ἀγω-</span> 
     </span>
    </p>
   </div>
   <div class='ocr_carea' id='block_1_18' title="bbox 333 1287 1920 1358">
    <p class='ocr_par' dir='ltr' id='par_1_18' title="bbox 333 1287 1920 1358">
     <span class='ocr_line' id='line_1_18' title="bbox 333 1287 1920 1358; baseline 0.001 -22"><span class='ocrx_word' id='word_1_91' title='bbox 333 1288 444 1349; x_wconf 67' lang='lat' dir='ltr'><strong>via;</strong></span> <span class='ocrx_word' id='word_1_92' title='bbox 479 1287 732 1341; x_wconf 82' lang='grc' dir='ltr'>ἀπολύων</span> <span class='ocrx_word' id='word_1_93' title='bbox 757 1290 884 1352; x_wconf 77' lang='grc' dir='ltr'>τοὺς</span> <span class='ocrx_word' id='word_1_94' title='bbox 911 1289 1182 1358; x_wconf 80' lang='grc' dir='ltr'>μαθητὰς,</span> <span class='ocrx_word' id='word_1_95' title='bbox 1207 1289 1303 1342; x_wconf 81' lang='grc' dir='ltr'>τοῦ</span> <span class='ocrx_word' id='word_1_96' title='bbox 1335 1307 1392 1342; x_wconf 89' lang='grc' dir='ltr'><strong>τε</strong></span> <span class='ocrx_word' id='word_1_97' title='bbox 1431 1289 1596 1357; x_wconf 73' lang='grc' dir='ltr'>φόϐου</span> <span class='ocrx_word' id='word_1_98' title='bbox 1626 1288 1734 1342; x_wconf 85' lang='grc' dir='ltr'><strong>τῶν</strong></span> <span class='ocrx_word' id='word_1_99' title='bbox 1784 1289 1920 1339; x_wconf 83' lang='grc' dir='ltr'>Ἰου-</span> 
     </span>
    </p>
   </div>
   <div class='ocr_carea' id='block_1_19' title="bbox 331 1381 1914 1452">
    <p class='ocr_par' dir='ltr' id='par_1_19' title="bbox 331 1381 1914 1452">
     <span class='ocr_line' id='line_1_19' title="bbox 331 1381 1914 1452; baseline -0.001 -19"><span class='ocrx_word' id='word_1_100' title='bbox 331 1381 510 1444; x_wconf 63' lang='grc' dir='ltr'>δαίων,</span> <span class='ocrx_word' id='word_1_101' title='bbox 543 1383 751 1434; x_wconf 75' lang='grc' dir='ltr'>καὶτοῦ</span> <span class='ocrx_word' id='word_1_102' title='bbox 787 1382 861 1452; x_wconf 79' lang='grc' dir='ltr'>μὴ</span> <span class='ocrx_word' id='word_1_103' title='bbox 892 1383 1071 1435; x_wconf 83' lang='grc' dir='ltr'>δοκεῖν</span> <span class='ocrx_word' id='word_1_104' title='bbox 1098 1382 1394 1451; x_wconf 77' lang='grc' dir='ltr'>φάντασμα</span> <span class='ocrx_word' id='word_1_105' title='bbox 1427 1382 1678 1452; x_wconf 79' lang='grc' dir='ltr'>θεωρεῖν,</span> <span class='ocrx_word' id='word_1_106' title='bbox 1728 1381 1914 1434; x_wconf 75' lang='grc' dir='ltr'>δίδωσι</span> 
     </span>
    </p>
   </div>
   <div class='ocr_carea' id='block_1_20' title="bbox 333 1474 1920 1546">
    <p class='ocr_par' dir='ltr' id='par_1_20' title="bbox 333 1474 1920 1546">
     <span class='ocr_line' id='line_1_20' title="bbox 333 1474 1920 1546; baseline -0.001 -19"><span class='ocrx_word' id='word_1_107' title='bbox 333 1474 424 1544; x_wconf 81' lang='grc' dir='ltr'><strong>τήν</strong></span> <span class='ocrx_word' id='word_1_108' title='bbox 458 1477 680 1544; x_wconf 79' lang='grc' dir='ltr'>εἰρήνην</span> <span class='ocrx_word' id='word_1_109' title='bbox 729 1475 935 1540; x_wconf 71' lang='grc' dir='ltr'>αὐτοῖς,</span> <span class='ocrx_word' id='word_1_110' title='bbox 971 1476 1066 1528; x_wconf 77' lang='grc' dir='ltr'><strong>καὶ</strong></span> <span class='ocrx_word' id='word_1_111' title='bbox 1127 1476 1242 1544; x_wconf 73' lang='grc' dir='ltr'>ἅμα</span> <span class='ocrx_word' id='word_1_112' title='bbox 1274 1493 1333 1528; x_wconf 89' lang='grc' dir='ltr'><strong>τε</strong></span> <span class='ocrx_word' id='word_1_113' title='bbox 1370 1476 1806 1546; x_wconf 68' lang='grc' dir='ltr'>προαναφωνῶν,</span> <span class='ocrx_word' id='word_1_114' title='bbox 1843 1479 1920 1539; x_wconf 81' lang='grc' dir='ltr'>ὡς</span> 
     </span>
    </p>
   </div>
   <div class='ocr_carea' id='block_1_21' title="bbox 333 1567 1914 1641">
    <p class='ocr_par' dir='ltr' id='par_1_21' title="bbox 333 1567 1914 1641">
     <span class='ocr_line' id='line_1_21' title="bbox 333 1567 1914 1641; baseline 0.001 -21"><span class='ocrx_word' id='word_1_115' title='bbox 333 1567 488 1630; x_wconf 78' lang='grc' dir='ltr'>αὐτός</span> <span class='ocrx_word' id='word_1_116' title='bbox 520 1569 667 1620; x_wconf 77' lang='grc' dir='ltr'>ἐστιν</span> <span class='ocrx_word' id='word_1_117' title='bbox 714 1569 742 1619; x_wconf 82' lang='grc' dir='ltr'>ὁ</span> <span class='ocrx_word' id='word_1_118' title='bbox 773 1569 873 1638; x_wconf 78' lang='grc' dir='ltr'>τῆς</span> <span class='ocrx_word' id='word_1_119' title='bbox 915 1571 1140 1640; x_wconf 70' lang='grc' dir='ltr'>εἰρήνης</span> <span class='ocrx_word' id='word_1_120' title='bbox 1193 1571 1490 1641; x_wconf 80' lang='grc' dir='ltr'>παροχεὺς,</span> <span class='ocrx_word' id='word_1_121' title='bbox 1521 1571 1548 1622; x_wconf 87' lang='grc' dir='ltr'>ὁ</span> <span class='ocrx_word' id='word_1_122' title='bbox 1581 1569 1678 1640; x_wconf 77' lang='grc' dir='ltr'>τὴν</span> <span class='ocrx_word' id='word_1_123' title='bbox 1709 1569 1914 1640; x_wconf 79' lang='grc' dir='ltr'>ἔχθραν</span> 
     </span>
    </p>
   </div>
   <div class='ocr_carea' id='block_1_22' title="bbox 331 1661 1912 1736">
    <p class='ocr_par' dir='ltr' id='par_1_22' title="bbox 331 1661 1912 1736">
     <span class='ocr_line' id='line_1_22' title="bbox 331 1661 1912 1736; baseline 0.002 -23"><span class='ocrx_word' id='word_1_124' title='bbox 331 1661 494 1723; x_wconf 78' lang='grc' dir='ltr'>λύσας</span> <span class='ocrx_word' id='word_1_125' title='bbox 527 1662 612 1716; x_wconf 70' lang='grc' dir='ltr'><strong>διὰ</strong></span> <span class='ocrx_word' id='word_1_126' title='bbox 657 1663 753 1714; x_wconf 86' lang='grc' dir='ltr'>τοῦ</span> <span class='ocrx_word' id='word_1_127' title='bbox 788 1663 1052 1736; x_wconf 70' lang='grc' dir='ltr'>σταυροῦ,</span> <span class='ocrx_word' id='word_1_128' title='bbox 1105 1665 1198 1718; x_wconf 64' lang='grc' dir='ltr'><strong>καὶ</strong></span> <span class='ocrx_word' id='word_1_129' title='bbox 1238 1664 1333 1716; x_wconf 75' lang='grc' dir='ltr'><strong>τοῦ</strong></span> <span class='ocrx_word' id='word_1_130' title='bbox 1367 1665 1626 1733; x_wconf 80' lang='grc' dir='ltr'>αἵματος,</span> <span class='ocrx_word' id='word_1_131' title='bbox 1672 1667 1766 1717; x_wconf 78' lang='grc' dir='ltr'><strong>καὶ</strong></span> <span class='ocrx_word' id='word_1_132' title='bbox 1821 1663 1912 1717; x_wconf 76' lang='grc' dir='ltr'><strong>τὸν</strong></span> 
     </span>
    </p>
   </div>
   <div class='ocr_carea' id='block_1_23' title="bbox 332 1755 1914 1829">
    <p class='ocr_par' dir='ltr' id='par_1_23' title="bbox 332 1755 1914 1829">
     <span class='ocr_line' id='line_1_23' title="bbox 332 1755 1914 1829; baseline 0.003 -24"><span class='ocrx_word' id='word_1_133' title='bbox 332 1755 462 1806; x_wconf 69' lang='grc' dir='ltr'>Θεὸν</span> <span class='ocrx_word' id='word_1_134' title='bbox 490 1755 585 1806; x_wconf 73' lang='grc' dir='ltr'>καὶ</span> <span class='ocrx_word' id='word_1_135' title='bbox 625 1757 845 1827; x_wconf 81' lang='grc' dir='ltr'>Πατέρα</span> <span class='ocrx_word' id='word_1_136' title='bbox 877 1760 990 1820; x_wconf 84' lang='grc' dir='ltr'>τοῖς</span> <span class='ocrx_word' id='word_1_137' title='bbox 1013 1757 1324 1824; x_wconf 81' lang='grc' dir='ltr'>ἀνθρώποις</span> <span class='ocrx_word' id='word_1_138' title='bbox 1356 1759 1744 1829; x_wconf 76' lang='grc' dir='ltr'>ἱλεωσάμενος.</span> <span class='ocrx_word' id='word_1_139' title='bbox 1771 1758 1914 1811; x_wconf 84' lang='grc' dir='ltr'>Ἀλλ’</span> 
     </span>
    </p>
   </div>
   <div class='ocr_carea' id='block_1_24' title="bbox 2107 1190 3618 1260">
    <p class='ocr_par' dir='ltr' id='par_1_24' title="bbox 2107 1190 3618 1260">
     <span class='ocr_line' id='line_1_24' title="bbox 2107 1190 3618 1260; baseline -0.003 -12"><span class='ocrx_word' id='word_1_140' title='bbox 2107 1214 2122 1248; x_wconf 80' lang='grc' dir='ltr'><strong>ι</strong></span> <span class='ocrx_word' id='word_1_141' title='bbox 2163 1194 2226 1249; x_wconf 88' lang='lat' dir='ltr'><strong>Et</strong></span> <span class='ocrx_word' id='word_1_142' title='bbox 2268 1195 2341 1248; x_wconf 90' lang='lat' dir='ltr'><strong>ait</strong></span> <span class='ocrx_word' id='word_1_143' title='bbox 2395 1194 2540 1249; x_wconf 87' lang='lat' dir='ltr'><strong>illis:</strong></span> <span class='ocrx_word' id='word_1_144' title='bbox 2595 1192 2708 1247; x_wconf 86' lang='lat' dir='ltr'><strong>Pax</strong></span> <span class='ocrx_word' id='word_1_145' title='bbox 2747 1193 2928 1258; x_wconf 82' lang='lat' dir='ltr'><strong>vobis,</strong></span> <span class='ocrx_word' id='word_1_146' title='bbox 2968 1212 2986 1244; x_wconf 73' lang='grc' dir='ltr'><strong>ι</strong></span> <span class='ocrx_word' id='word_1_147' title='bbox 3057 1202 3114 1247; x_wconf 87' lang='lat' dir='ltr'><strong>ut</strong></span> <span class='ocrx_word' id='word_1_148' title='bbox 3145 1191 3346 1260; x_wconf 86' lang='lat' dir='ltr'><strong>duplici</strong></span> <span class='ocrx_word' id='word_1_149' title='bbox 3413 1190 3618 1245; x_wconf 77' lang='lat' dir='ltr'><strong>sollii-i-</strong></span> 
     </span>
    </p>
   </div>
   <div class='ocr_carea' id='block_1_25' title="bbox 2025 1282 3620 1358">
    <p class='ocr_par' dir='ltr' id='par_1_25' title="bbox 2025 1282 3620 1358">
     <span class='ocr_line' id='line_1_25' title="bbox 2025 1282 3620 1358; baseline -0.003 -16"><span class='ocrx_word' id='word_1_150' title='bbox 2025 1287 2214 1342; x_wconf 82' lang='lat' dir='ltr'><strong>tudine</strong></span> <span class='ocrx_word' id='word_1_151' title='bbox 2265 1287 2565 1358; x_wconf 88' lang='lat' dir='ltr'><strong>discipulos</strong></span> <span class='ocrx_word' id='word_1_152' title='bbox 2619 1287 2916 1351; x_wconf 75' lang='lat' dir='ltr'><strong>liberaret,</strong></span> <span class='ocrx_word' id='word_1_153' title='bbox 2967 1293 3114 1340; x_wconf 86' lang='lat' dir='ltr'><strong>metu</strong></span> <span class='ocrx_word' id='word_1_154' title='bbox 3163 1285 3371 1340; x_wconf 84' lang='lat' dir='ltr'><strong>scilicet</strong></span> <span class='ocrx_word' id='word_1_155' title='bbox 3400 1282 3620 1338; x_wconf 66' lang='lat' dir='ltr'><strong>Judaeu-</strong></span> 
     </span>
    </p>
   </div>
   <div class='ocr_carea' id='block_1_26' title="bbox 2023 1376 3614 1450">
    <p class='ocr_par' dir='ltr' id='par_1_26' title="bbox 2023 1376 3614 1450">
     <span class='ocr_line' id='line_1_26' title="bbox 2023 1376 3614 1450; baseline -0.004 -14"><span class='ocrx_word' id='word_1_156' title='bbox 2023 1399 2142 1436; x_wconf 91' lang='lat' dir='ltr'><strong>rum</strong></span> <span class='ocrx_word' id='word_1_157' title='bbox 2198 1389 2251 1436; x_wconf 87' lang='lat' dir='ltr'><strong>et</strong></span> <span class='ocrx_word' id='word_1_158' title='bbox 2283 1381 2594 1450; x_wconf 86' lang='lat' dir='ltr'><strong>suspicione</strong></span> <span class='ocrx_word' id='word_1_159' title='bbox 2635 1380 2849 1435; x_wconf 82' lang='lat' dir='ltr'><strong>videndi</strong></span> <span class='ocrx_word' id='word_1_160' title='bbox 2919 1378 3340 1450; x_wconf 82' lang='lat' dir='ltr'><strong>phantasmatis.</strong></span> <span class='ocrx_word' id='word_1_161' title='bbox 3416 1376 3614 1430; x_wconf 84' lang='lat' dir='ltr'><strong>Pacem</strong></span> 
     </span>
    </p>
   </div>
   <div class='ocr_carea' id='block_1_27' title="bbox 2021 1473 3617 1544">
    <p class='ocr_par' dir='ltr' id='par_1_27' title="bbox 2021 1473 3617 1544">
     <span class='ocr_line' id='line_1_27' title="bbox 2021 1473 3617 1544; baseline -0.005 -13"><span class='ocrx_word' id='word_1_162' title='bbox 2021 1479 2102 1531; x_wconf 89' lang='lat' dir='ltr'><strong>eis</strong></span> <span class='ocrx_word' id='word_1_163' title='bbox 2159 1476 2332 1539; x_wconf 89' lang='lat' dir='ltr'><strong>dedit,</strong></span> <span class='ocrx_word' id='word_1_164' title='bbox 2374 1483 2424 1529; x_wconf 92' lang='lat' dir='ltr'><strong>et</strong></span> <span class='ocrx_word' id='word_1_165' title='bbox 2459 1474 2622 1529; x_wconf 88' lang='lat' dir='ltr'><strong>simul</strong></span> <span class='ocrx_word' id='word_1_166' title='bbox 2678 1475 2854 1544; x_wconf 90' lang='lat' dir='ltr'><strong>ipsum</strong></span> <span class='ocrx_word' id='word_1_167' title='bbox 2896 1489 2953 1528; x_wconf 88' lang='lat' dir='ltr'><strong>se</strong></span> <span class='ocrx_word' id='word_1_168' title='bbox 3004 1474 3155 1542; x_wconf 91' lang='lat' dir='ltr'><strong>pacis</strong></span> <span class='ocrx_word' id='word_1_169' title='bbox 3213 1473 3461 1526; x_wconf 90' lang='lat' dir='ltr'><strong>datorem</strong></span> <span class='ocrx_word' id='word_1_170' title='bbox 3495 1486 3617 1525; x_wconf 84' lang='lat' dir='ltr'><strong>esse</strong></span> 
     </span>
    </p>
   </div>
   <div class='ocr_carea' id='block_1_28' title="bbox 2025 1567 3621 1640">
    <p class='ocr_par' dir='ltr' id='par_1_28' title="bbox 2025 1567 3621 1640">
     <span class='ocr_line' id='line_1_28' title="bbox 2025 1567 3621 1640; baseline -0.005 -17"><span class='ocrx_word' id='word_1_171' title='bbox 2025 1569 2304 1640; x_wconf 81' lang='lat' dir='ltr'><strong>professus</strong></span> <span class='ocrx_word' id='word_1_172' title='bbox 2356 1578 2471 1636; x_wconf 89' lang='lat' dir='ltr'><strong>est,</strong></span> <span class='ocrx_word' id='word_1_173' title='bbox 2545 1567 2639 1637; x_wconf 90' lang='lat' dir='ltr'><strong>qui</strong></span> <span class='ocrx_word' id='word_1_174' title='bbox 2693 1567 3035 1622; x_wconf 84' lang='lat' dir='ltr'><strong>inimicitiam</strong></span> <span class='ocrx_word' id='word_1_175' title='bbox 3107 1581 3205 1636; x_wconf 90' lang='lat' dir='ltr'><strong>per</strong></span> <span class='ocrx_word' id='word_1_176' title='bbox 3261 1579 3515 1628; x_wconf 91' lang='lat' dir='ltr'><strong>erucem,</strong></span> <span class='ocrx_word' id='word_1_177' title='bbox 3565 1575 3621 1616; x_wconf 90' lang='lat' dir='ltr'><strong>ct</strong></span> 
     </span>
    </p>
   </div>
   <div class='ocr_carea' id='block_1_29' title="bbox 2025 1657 3616 1735">
    <p class='ocr_par' dir='ltr' id='par_1_29' title="bbox 2025 1657 3616 1735">
     <span class='ocr_line' id='line_1_29' title="bbox 2025 1657 3616 1735; baseline -0.006 -16"><span class='ocrx_word' id='word_1_178' title='bbox 2025 1664 2344 1735; x_wconf 82' lang='lat' dir='ltr'><strong>sanguinem</strong></span> <span class='ocrx_word' id='word_1_179' title='bbox 2378 1679 2536 1718; x_wconf 90' lang='lat' dir='ltr'><strong>suum</strong></span> <span class='ocrx_word' id='word_1_180' title='bbox 2562 1663 2800 1718; x_wconf 88' lang='lat' dir='ltr'><strong>solverat</strong></span> <span class='ocrx_word' id='word_1_181' title='bbox 2839 1663 2929 1725; x_wconf 72' lang='grc' dir='ltr'><strong>η’,</strong></span> <span class='ocrx_word' id='word_1_182' title='bbox 2983 1670 3034 1715; x_wconf 91' lang='lat' dir='ltr'><strong>et</strong></span> <span class='ocrx_word' id='word_1_183' title='bbox 3067 1663 3254 1725; x_wconf 86' lang='lat' dir='ltr'><strong>Deum,</strong></span> <span class='ocrx_word' id='word_1_184' title='bbox 3293 1676 3361 1713; x_wconf 88' lang='lat' dir='ltr'><strong>ac</strong></span> <span class='ocrx_word' id='word_1_185' title='bbox 3398 1657 3616 1712; x_wconf 82' lang='lat' dir='ltr'><strong>Patrem</strong></span> 
     </span>
    </p>
   </div>
   <div class='ocr_carea' id='block_1_30' title="bbox 2029 1754 3622 1826">
    <p class='ocr_par' dir='ltr' id='par_1_30' title="bbox 2029 1754 3622 1826">
     <span class='ocr_line' id='line_1_30' title="bbox 2029 1754 3622 1826; baseline -0.006 -14"><span class='ocrx_word' id='word_1_186' title='bbox 2029 1757 2341 1812; x_wconf 88' lang='lat' dir='ltr'><strong>hominibus</strong></span> <span class='ocrx_word' id='word_1_187' title='bbox 2392 1755 2688 1826; x_wconf 83' lang='lat' dir='ltr'><strong>prepitium</strong></span> <span class='ocrx_word' id='word_1_188' title='bbox 2725 1754 2951 1810; x_wconf 79' lang='lat' dir='ltr'><strong>fecerat.</strong></span> <span class='ocrx_word' id='word_1_189' title='bbox 3022 1755 3130 1808; x_wconf 86' lang='lat' dir='ltr'><strong>Sed</strong></span> <span class='ocrx_word' id='word_1_190' title='bbox 3186 1764 3294 1807; x_wconf 88' lang='lat' dir='ltr'><strong>tam</strong></span> <span class='ocrx_word' id='word_1_191' title='bbox 3345 1761 3526 1814; x_wconf 88' lang='lat' dir='ltr'><strong>erant,</strong></span> <span class='ocrx_word' id='word_1_192' title='bbox 3560 1761 3622 1803; x_wconf 87' lang='lat' dir='ltr'><strong>ut</strong></span> 
     </span>
    </p>
   </div>
   <div class='ocr_carea' id='block_1_31' title="bbox 332 1837 1916 1923">
    <p class='ocr_par' dir='ltr' id='par_1_31' title="bbox 332 1845 1916 1923">
     <span class='ocr_line' id='line_1_31' title="bbox 332 1845 1916 1923; baseline 0.001 -23"><span class='ocrx_word' id='word_1_193' title='bbox 332 1847 498 1911; x_wconf 78' lang='grc' dir='ltr'>οὕτως</span> <span class='ocrx_word' id='word_1_194' title='bbox 527 1845 689 1921; x_wconf 80' lang='grc' dir='ltr'>ἦσαν,</span> <span class='ocrx_word' id='word_1_195' title='bbox 711 1850 786 1913; x_wconf 86' lang='grc' dir='ltr'>ὡς</span> <span class='ocrx_word' id='word_1_196' title='bbox 821 1852 1018 1917; x_wconf 81' lang='grc' dir='ltr'>ἔοικεν,</span> <span class='ocrx_word' id='word_1_197' title='bbox 1051 1852 1285 1916; x_wconf 82' lang='grc' dir='ltr'><strong>ἀτελεῖς,</strong></span> <span class='ocrx_word' id='word_1_198' title='bbox 1317 1851 1412 1916; x_wconf 75' lang='grc' dir='ltr'>ὡς,</span> <span class='ocrx_word' id='word_1_199' title='bbox 1454 1851 1634 1906; x_wconf 76' lang='grc' dir='ltr'>καίτοι</span> <span class='ocrx_word' id='word_1_200' title='bbox 1667 1851 1916 1923; x_wconf 76' lang='grc' dir='ltr'>φανερῶς</span> 
     </span>
    </p>
   </div>
   <div class='ocr_carea' id='block_1_32' title="bbox 2023 1837 3620 1923">
    <p class='ocr_par' dir='ltr' id='par_1_32' title="bbox 2027 1843 3620 1918">
     <span class='ocr_line' id='line_1_32' title="bbox 2027 1843 3620 1918; baseline -0.003 -18"><span class='ocrx_word' id='word_1_201' title='bbox 2027 1849 2259 1916; x_wconf 87' lang='lat' dir='ltr'><strong>videtur,</strong></span> <span class='ocrx_word' id='word_1_202' title='bbox 2306 1847 2605 1917; x_wconf 72' lang='lat' dir='ltr'><strong>imperfecti</strong></span> <span class='ocrx_word' id='word_1_203' title='bbox 2661 1847 2947 1918; x_wconf 82' lang='lat' dir='ltr'><strong>discipuli,</strong></span> <span class='ocrx_word' id='word_1_204' title='bbox 3013 1856 3071 1900; x_wconf 93' lang='lat' dir='ltr'><strong>ut</strong></span> <span class='ocrx_word' id='word_1_205' title='bbox 3127 1843 3378 1915; x_wconf 82' lang='lat' dir='ltr'><strong>quamvis</strong></span> <span class='ocrx_word' id='word_1_206' title='bbox 3431 1851 3620 1913; x_wconf 85' lang='lat' dir='ltr'><strong>aperte</strong></span> 
     </span>
    </p>
   </div>
   <div class='ocr_carea' id='block_1_33' title="bbox 331 1942 1922 2014">
    <p class='ocr_par' dir='ltr' id='par_1_33' title="bbox 331 1942 1922 2014">
     <span class='ocr_line' id='line_1_33' title="bbox 331 1942 1922 2014; baseline 0.002 -20"><span class='ocrx_word' id='word_1_207' title='bbox 331 1943 561 2012; x_wconf 71' lang='grc' dir='ltr'>ὁρῶντες</span> <span class='ocrx_word' id='word_1_208' title='bbox 597 1947 688 1996; x_wconf 64' lang='grc' dir='ltr'>τὶν</span> <span class='ocrx_word' id='word_1_209' title='bbox 735 1942 964 2013; x_wconf 80' lang='grc' dir='ltr'>Κύριον,</span> <span class='ocrx_word' id='word_1_210' title='bbox 1030 1945 1123 1996; x_wconf 78' lang='grc' dir='ltr'><strong>καὶ</strong></span> <span class='ocrx_word' id='word_1_211' title='bbox 1179 1946 1278 2014; x_wconf 78' lang='grc' dir='ltr'>τῆς</span> <span class='ocrx_word' id='word_1_212' title='bbox 1329 1945 1587 2013; x_wconf 73' lang='grc' dir='ltr'><strong>γλυκείας</strong></span> <span class='ocrx_word' id='word_1_213' title='bbox 1626 1945 1922 2009; x_wconf 83' lang='grc' dir='ltr'>ἀκούοντες</span> 
     </span>
    </p>
   </div>
   <div class='ocr_carea' id='block_1_34' title="bbox 333 2036 1168 2110">
    <p class='ocr_par' dir='ltr' id='par_1_34' title="bbox 333 2036 1168 2110">
     <span class='ocr_line' id='line_1_34' title="bbox 333 2036 1168 2110; baseline 0.004 -23"><span class='ocrx_word' id='word_1_214' title='bbox 333 2039 530 2107; x_wconf 82' lang='grc' dir='ltr'>φωνῆς,</span> <span class='ocrx_word' id='word_1_215' title='bbox 568 2036 737 2107; x_wconf 76' lang='grc' dir='ltr'>ᾤοντο</span> <span class='ocrx_word' id='word_1_216' title='bbox 765 2039 983 2107; x_wconf 78' lang='grc' dir='ltr'>πνεῦμα</span> <span class='ocrx_word' id='word_1_217' title='bbox 1016 2039 1168 2110; x_wconf 79' lang='grc' dir='ltr'>ὁρᾷν.</span> 
     </span>
    </p>
   </div>
   <div class='ocr_carea' id='block_1_35' title="bbox 408 2130 1924 2202">
    <p class='ocr_par' dir='ltr' id='par_1_35' title="bbox 408 2130 1924 2202">
     <span class='ocr_line' id='line_1_35' title="bbox 408 2130 1924 2202; baseline 0.004 -21"><span class='ocrx_word' id='word_1_218' title='bbox 408 2151 425 2181; x_wconf 77' lang='grc' dir='ltr'><strong>ι</strong></span> <span class='ocrx_word' id='word_1_219' title='bbox 466 2130 802 2200; x_wconf 84' lang='grc' dir='ltr'>Πτοήθέντες</span> <span class='ocrx_word' id='word_1_220' title='bbox 831 2131 911 2196; x_wconf 81' lang='grc' dir='ltr'><strong>δὲ,</strong></span> <span class='ocrx_word' id='word_1_221' title='bbox 948 2133 1042 2184; x_wconf 80' lang='grc' dir='ltr'>καὶ</span> <span class='ocrx_word' id='word_1_222' title='bbox 1093 2131 1325 2202; x_wconf 75' lang='grc' dir='ltr'>ἔμφοϐοι</span> <span class='ocrx_word' id='word_1_223' title='bbox 1363 2133 1671 2200; x_wconf 80' lang='grc' dir='ltr'>γεγονότες,</span> <span class='ocrx_word' id='word_1_224' title='bbox 1703 2133 1924 2187; x_wconf 80' lang='grc' dir='ltr'>ἐδόκουν</span> 
     </span>
    </p>
   </div>
   <div class='ocr_carea' id='block_1_36' title="bbox 337 2224 1925 2297">
    <p class='ocr_par' dir='ltr' id='par_1_36' title="bbox 337 2224 1925 2297">
     <span class='ocr_line' id='line_1_36' title="bbox 337 2224 1925 2297; baseline 0.003 -21"><span class='ocrx_word' id='word_1_225' title='bbox 337 2224 558 2294; x_wconf 71' lang='grc' dir='ltr'>πνεῦμα·</span> <span class='ocrx_word' id='word_1_226' title='bbox 580 2224 829 2295; x_wconf 86' lang='grc' dir='ltr'>θεωρεῖν.</span> <span class='ocrx_word' id='word_1_227' title='bbox 863 2243 880 2276; x_wconf 74' lang='grc' dir='ltr'><strong>ι</strong></span> <span class='ocrx_word' id='word_1_228' title='bbox 914 2224 1026 2278; x_wconf 76' lang='grc' dir='ltr'><strong>Καὶ</strong></span> <span class='ocrx_word' id='word_1_229' title='bbox 1055 2225 1116 2276; x_wconf 83' lang='grc' dir='ltr'><strong>οὐ</strong></span> <span class='ocrx_word' id='word_1_230' title='bbox 1138 2225 1311 2295; x_wconf 80' lang='grc' dir='ltr'>δήπου</span> <span class='ocrx_word' id='word_1_231' title='bbox 1337 2225 1520 2295; x_wconf 80' lang='grc' dir='ltr'>φαμὲν</span> <span class='ocrx_word' id='word_1_232' title='bbox 1560 2227 1636 2290; x_wconf 87' lang='grc' dir='ltr'><strong>ὡς</strong></span> <span class='ocrx_word' id='word_1_233' title='bbox 1668 2227 1925 2297; x_wconf 87' lang='grc' dir='ltr'>δαιμόνια</span> 
     </span>
    </p>
   </div>
   <div class='ocr_carea' id='block_1_37' title="bbox 331 2315 1923 2389">
    <p class='ocr_par' dir='ltr' id='par_1_37' title="bbox 331 2315 1923 2389">
     <span class='ocr_line' id='line_1_37' title="bbox 331 2315 1923 2389; baseline 0.003 -20"><span class='ocrx_word' id='word_1_234' title='bbox 331 2319 458 2386; x_wconf 73' lang='grc' dir='ltr'>ὸρᾷν</span> <span class='ocrx_word' id='word_1_235' title='bbox 515 2317 894 2381; x_wconf 84' lang='grc' dir='ltr'>ὑπετόπασαν,</span> <span class='ocrx_word' id='word_1_236' title='bbox 942 2315 1062 2369; x_wconf 79' lang='grc' dir='ltr'>ἀλλ’</span> <span class='ocrx_word' id='word_1_237' title='bbox 1111 2317 1196 2369; x_wconf 85' lang='grc' dir='ltr'><strong>ὅτι</strong></span> <span class='ocrx_word' id='word_1_238' title='bbox 1250 2317 1588 2370; x_wconf 75' lang='grc' dir='ltr'>ἐπίστευσαν</span> <span class='ocrx_word' id='word_1_239' title='bbox 1631 2320 1751 2389; x_wconf 82' lang='grc' dir='ltr'>μὲν,</span> <span class='ocrx_word' id='word_1_240' title='bbox 1781 2321 1856 2381; x_wconf 83' lang='grc' dir='ltr'>ὼς</span> <span class='ocrx_word' id='word_1_241' title='bbox 1895 2323 1923 2374; x_wconf 87' lang='grc' dir='ltr'>ὁ</span> 
     </span>
    </p>
   </div>
   <div class='ocr_carea' id='block_1_38' title="bbox 331 2407 1924 2480">
    <p class='ocr_par' dir='ltr' id='par_1_38' title="bbox 331 2407 1924 2480">
     <span class='ocr_line' id='line_1_38' title="bbox 331 2407 1924 2480; baseline -0.001 -17"><span class='ocrx_word' id='word_1_242' title='bbox 331 2409 532 2480; x_wconf 79' lang='grc' dir='ltr'>Κύριός</span> <span class='ocrx_word' id='word_1_243' title='bbox 566 2410 707 2474; x_wconf 81' lang='grc' dir='ltr'>ἐστι,</span> <span class='ocrx_word' id='word_1_244' title='bbox 741 2407 820 2460; x_wconf 80' lang='grc' dir='ltr'><strong>διὸ</strong></span> <span class='ocrx_word' id='word_1_245' title='bbox 843 2409 1258 2478; x_wconf 75' lang='grc' dir='ltr'>καὶὲχάρησαν,</span> <span class='ocrx_word' id='word_1_246' title='bbox 1293 2408 1367 2472; x_wconf 81' lang='grc' dir='ltr'>ὡς</span> <span class='ocrx_word' id='word_1_247' title='bbox 1391 2409 1418 2460; x_wconf 86' lang='grc' dir='ltr'>ὁ</span> <span class='ocrx_word' id='word_1_248' title='bbox 1457 2408 1628 2480; x_wconf 87' lang='grc' dir='ltr'>μέγας</span> <span class='ocrx_word' id='word_1_249' title='bbox 1666 2411 1924 2480; x_wconf 72' lang='grc' dir='ltr'>Ἰωάννης</span> 
     </span>
    </p>
   </div>
   <div class='ocr_carea' id='block_1_39' title="bbox 329 2500 1923 2574">
    <p class='ocr_par' dir='ltr' id='par_1_39' title="bbox 329 2500 1923 2574">
     <span class='ocr_line' id='line_1_39' title="bbox 329 2500 1923 2574; baseline 0.002 -20"><span class='ocrx_word' id='word_1_250' title='bbox 329 2502 514 2574; x_wconf 68' lang='grc' dir='ltr'>φησιν,</span> <span class='ocrx_word' id='word_1_251' title='bbox 551 2500 722 2572; x_wconf 76' lang='grc' dir='ltr'>ῷοντο</span> <span class='ocrx_word' id='word_1_252' title='bbox 771 2501 827 2554; x_wconf 87' lang='grc' dir='ltr'>δὲ</span> <span class='ocrx_word' id='word_1_253' title='bbox 881 2501 1104 2571; x_wconf 75' lang='grc' dir='ltr'>πνεῦμα</span> <span class='ocrx_word' id='word_1_254' title='bbox 1142 2501 1307 2554; x_wconf 76' lang='grc' dir='ltr'>αὐτὸν</span> <span class='ocrx_word' id='word_1_255' title='bbox 1363 2501 1621 2569; x_wconf 88' lang='grc' dir='ltr'>γενέσθαι</span> <span class='ocrx_word' id='word_1_256' title='bbox 1654 2503 1923 2574; x_wconf 78' lang='grc' dir='ltr'>ἀμέτοχον</span> 
     </span>
    </p>
   </div>
   <div class='ocr_carea' id='block_1_40' title="bbox 329 2590 1923 2667">
    <p class='ocr_par' dir='ltr' id='par_1_40' title="bbox 329 2590 1923 2667">
     <span class='ocr_line' id='line_1_40' title="bbox 329 2590 1923 2667; baseline 0.001 -19"><span class='ocrx_word' id='word_1_257' title='bbox 329 2597 603 2664; x_wconf 77' lang='grc' dir='ltr'>σώματος.</span> <span class='ocrx_word' id='word_1_258' title='bbox 640 2595 754 2647; x_wconf 84' lang='grc' dir='ltr'>Οὐκ</span> <span class='ocrx_word' id='word_1_259' title='bbox 775 2590 841 2665; x_wconf 74' lang='grc' dir='ltr'><strong>ἢν</strong></span> <span class='ocrx_word' id='word_1_260' title='bbox 876 2595 988 2665; x_wconf 80' lang='grc' dir='ltr'>γὰρ</span> <span class='ocrx_word' id='word_1_261' title='bbox 1027 2594 1159 2647; x_wconf 84' lang='grc' dir='ltr'>ἴδιον</span> <span class='ocrx_word' id='word_1_262' title='bbox 1209 2597 1307 2665; x_wconf 82' lang='grc' dir='ltr'><strong>τῆς</strong></span> <span class='ocrx_word' id='word_1_263' title='bbox 1344 2596 1548 2666; x_wconf 70' lang='grc' dir='ltr'>σαρκὸς</span> <span class='ocrx_word' id='word_1_264' title='bbox 1601 2597 1923 2667; x_wconf 87' lang='grc' dir='ltr'>κεκλεισμέ-</span> 
     </span>
    </p>
   </div>
   <div class='ocr_carea' id='block_1_41' title="bbox 327 2686 1922 2760">
    <p class='ocr_par' dir='ltr' id='par_1_41' title="bbox 327 2686 1922 2760">
     <span class='ocr_line' id='line_1_41' title="bbox 327 2686 1922 2760; baseline 0.001 -19"><span class='ocrx_word' id='word_1_265' title='bbox 327 2707 433 2742; x_wconf 82' lang='grc' dir='ltr'><strong>νων</strong></span> <span class='ocrx_word' id='word_1_266' title='bbox 467 2688 578 2740; x_wconf 85' lang='grc' dir='ltr'><strong>τῶν</strong></span> <span class='ocrx_word' id='word_1_267' title='bbox 633 2686 816 2757; x_wconf 84' lang='grc' dir='ltr'>θυρῶν</span> <span class='ocrx_word' id='word_1_268' title='bbox 875 2687 1177 2740; x_wconf 76' lang='grc' dir='ltr'>εἰσελθεῖν·</span> <span class='ocrx_word' id='word_1_269' title='bbox 1220 2687 1307 2740; x_wconf 75' lang='grc' dir='ltr'>διὰ</span> <span class='ocrx_word' id='word_1_270' title='bbox 1366 2688 1525 2742; x_wconf 80' lang='grc' dir='ltr'>τοῦτο</span> <span class='ocrx_word' id='word_1_271' title='bbox 1595 2690 1922 2760; x_wconf 80' lang='grc' dir='ltr'>αὐτομάτως</span> 
     </span>
    </p>
   </div>
   <div class='ocr_carea' id='block_1_42' title="bbox 299 2778 1922 2853">
    <p class='ocr_par' dir='ltr' id='par_1_42' title="bbox 299 2778 1922 2853">
     <span class='ocr_line' id='line_1_42' title="bbox 299 2778 1922 2853; baseline 0.003 -20"><span class='ocrx_word' id='word_1_272' title='bbox 299 2780 646 2834; x_wconf 70' lang='grc' dir='ltr'>ἐἰσελθόντα</span> <span class='ocrx_word' id='word_1_273' title='bbox 719 2778 1047 2841; x_wconf 86' lang='grc' dir='ltr'>τεθεακότες</span> <span class='ocrx_word' id='word_1_274' title='bbox 1087 2779 1270 2846; x_wconf 76' lang='grc' dir='ltr'>αὐτὸν,</span> <span class='ocrx_word' id='word_1_275' title='bbox 1305 2782 1773 2853; x_wconf 70' lang='grc' dir='ltr'>κατωρῥώδησαν.</span> <span class='ocrx_word' id='word_1_276' title='bbox 1807 2785 1922 2837; x_wconf 84' lang='grc' dir='ltr'><strong>Κα-</strong></span> 
     </span>
    </p>
   </div>
   <div class='ocr_carea' id='block_1_43' title="bbox 325 2872 1922 2946">
    <p class='ocr_par' dir='ltr' id='par_1_43' title="bbox 325 2872 1922 2946">
     <span class='ocr_line' id='line_1_43' title="bbox 325 2872 1922 2946; baseline 0.001 -20"><span class='ocrx_word' id='word_1_277' title='bbox 325 2875 575 2939; x_wconf 77' lang='grc' dir='ltr'>τευνάζει</span> <span class='ocrx_word' id='word_1_278' title='bbox 597 2891 659 2941; x_wconf 87' lang='grc' dir='ltr'><strong>γε</strong></span> <span class='ocrx_word' id='word_1_279' title='bbox 688 2873 795 2944; x_wconf 79' lang='grc' dir='ltr'>μὴν</span> <span class='ocrx_word' id='word_1_280' title='bbox 823 2873 884 2925; x_wconf 84' lang='grc' dir='ltr'><strong>τὸ</strong></span> <span class='ocrx_word' id='word_1_281' title='bbox 916 2874 1032 2936; x_wconf 81' lang='grc' dir='ltr'>δέος</span> <span class='ocrx_word' id='word_1_282' title='bbox 1069 2872 1272 2937; x_wconf 80' lang='grc' dir='ltr'>αὐτῶν,</span> <span class='ocrx_word' id='word_1_283' title='bbox 1304 2874 1398 2926; x_wconf 82' lang='grc' dir='ltr'><strong>καὶ</strong></span> <span class='ocrx_word' id='word_1_284' title='bbox 1428 2875 1803 2931; x_wconf 79' lang='grc' dir='ltr'>ἁνακαλύπτει</span> <span class='ocrx_word' id='word_1_285' title='bbox 1823 2877 1922 2946; x_wconf 81' lang='grc' dir='ltr'><strong>τὴν</strong></span> 
     </span>
    </p>
   </div>
   <div class='ocr_carea' id='block_1_44' title="bbox 325 2967 1916 3038">
    <p class='ocr_par' dir='ltr' id='par_1_44' title="bbox 325 2967 1916 3038">
     <span class='ocr_line' id='line_1_44' title="bbox 325 2967 1916 3038; baseline 0.001 -18"><span class='ocrx_word' id='word_1_286' title='bbox 325 2971 381 3020; x_wconf 82' lang='grc' dir='ltr'>ἐν</span> <span class='ocrx_word' id='word_1_287' title='bbox 413 2971 524 3031; x_wconf 89' lang='grc' dir='ltr'>τοῖς</span> <span class='ocrx_word' id='word_1_288' title='bbox 565 2967 851 3036; x_wconf 78' lang='grc' dir='ltr'>λογισμοῖς</span> <span class='ocrx_word' id='word_1_289' title='bbox 907 2967 1090 3018; x_wconf 79' lang='grc' dir='ltr'>αὐτῶν</span> <span class='ocrx_word' id='word_1_290' title='bbox 1125 2968 1432 3036; x_wconf 78' lang='grc' dir='ltr'>γενομένην</span> <span class='ocrx_word' id='word_1_291' title='bbox 1461 2969 1674 3034; x_wconf 78' lang='grc' dir='ltr'>πτοίαν,</span> <span class='ocrx_word' id='word_1_292' title='bbox 1708 2968 1916 3038; x_wconf 36' lang='grc' dir='ltr'>εἰπών’·</span> 
     </span>
    </p>
   </div>
   <div class='ocr_carea' id='block_1_45' title="bbox 330 3058 1921 3129">
    <p class='ocr_par' dir='ltr' id='par_1_45' title="bbox 330 3058 1921 3129">
     <span class='ocr_line' id='line_1_45' title="bbox 330 3058 1921 3129; baseline 0 -15"><span class='ocrx_word' id='word_1_293' title='bbox 330 3081 349 3114; x_wconf 80' lang='lat' dir='ltr'><strong>t</strong></span> <span class='ocrx_word' id='word_1_294' title='bbox 385 3062 450 3114; x_wconf 82' lang='grc' dir='ltr'>Τί</span> <span class='ocrx_word' id='word_1_295' title='bbox 478 3059 884 3129; x_wconf 71' lang='grc' dir='ltr'>τεταραγμένοι</span> <span class='ocrx_word' id='word_1_296' title='bbox 918 3058 1066 3121; x_wconf 77' lang='grc' dir='ltr'>ἐστὲ,</span> <span class='ocrx_word' id='word_1_297' title='bbox 1097 3059 1195 3111; x_wconf 74' lang='grc' dir='ltr'>καὶ</span> <span class='ocrx_word' id='word_1_298' title='bbox 1226 3058 1314 3110; x_wconf 77' lang='grc' dir='ltr'><strong>διὰ</strong></span> <span class='ocrx_word' id='word_1_299' title='bbox 1343 3060 1394 3110; x_wconf 84' lang='grc' dir='ltr'><strong>τί</strong></span> <span class='ocrx_word' id='word_1_300' title='bbox 1419 3059 1765 3128; x_wconf 77' lang='grc' dir='ltr'>διαλογισμοὶ</span> <span class='ocrx_word' id='word_1_301' title='bbox 1788 3064 1921 3114; x_wconf 83' lang='grc' dir='ltr'>ἁνα-</span> 
     </span>
    </p>
   </div>
   <div class='ocr_carea' id='block_1_46' title="bbox 327 3149 1920 3222">
    <p class='ocr_par' dir='ltr' id='par_1_46' title="bbox 327 3149 1920 3222">
     <span class='ocr_line' id='line_1_46' title="bbox 327 3149 1920 3222; baseline 0 -16"><span class='ocrx_word' id='word_1_302' title='bbox 327 3154 604 3207; x_wconf 78' lang='grc' dir='ltr'>6αένουσιν</span> <span class='ocrx_word' id='word_1_303' title='bbox 629 3157 684 3206; x_wconf 77' lang='grc' dir='ltr'>ἐν</span> <span class='ocrx_word' id='word_1_304' title='bbox 708 3155 831 3214; x_wconf 84' lang='grc' dir='ltr'>ταῖς</span> <span class='ocrx_word' id='word_1_305' title='bbox 855 3149 1106 3222; x_wconf 83' lang='grc' dir='ltr'>καρδίαις</span> <span class='ocrx_word' id='word_1_306' title='bbox 1148 3149 1338 3219; x_wconf 85' lang='grc' dir='ltr'>ὑμῶν;</span> <span class='ocrx_word' id='word_1_307' title='bbox 1386 3170 1404 3202; x_wconf 67' lang='grc' dir='ltr'><strong>ι</strong></span> <span class='ocrx_word' id='word_1_308' title='bbox 1436 3156 1530 3206; x_wconf 84' lang='grc' dir='ltr'>κα“·.</span> <span class='ocrx_word' id='word_1_309' title='bbox 1561 3152 1676 3222; x_wconf 77' lang='grc' dir='ltr'><strong>ἅμα</strong></span> <span class='ocrx_word' id='word_1_310' title='bbox 1704 3153 1920 3216; x_wconf 80' lang='grc' dir='ltr'>δεικνὺς</span> 
     </span>
    </p>
   </div>
   <div class='ocr_carea' id='block_1_47' title="bbox 324 3243 1917 3316">
    <p class='ocr_par' dir='ltr' id='par_1_47' title="bbox 324 3243 1917 3316">
     <span class='ocr_line' id='line_1_47' title="bbox 324 3243 1917 3316; baseline -0.002 -15"><span class='ocrx_word' id='word_1_311' title='bbox 324 3249 510 3311; x_wconf 81' lang='grc' dir='ltr'>αὐτοῖς</span> <span class='ocrx_word' id='word_1_312' title='bbox 534 3250 633 3310; x_wconf 65' lang='grc' dir='ltr'><strong>τὰς</strong></span> <span class='ocrx_word' id='word_1_313' title='bbox 663 3247 720 3298; x_wconf 83' lang='grc' dir='ltr'>ὲν</span> <span class='ocrx_word' id='word_1_314' title='bbox 758 3246 918 3316; x_wconf 75' lang='grc' dir='ltr'>χερσὶ</span> <span class='ocrx_word' id='word_1_315' title='bbox 949 3245 1044 3297; x_wconf 79' lang='grc' dir='ltr'>καὶ</span> <span class='ocrx_word' id='word_1_316' title='bbox 1075 3245 1235 3298; x_wconf 77' lang='grc' dir='ltr'>ποσὶν</span> <span class='ocrx_word' id='word_1_317' title='bbox 1272 3243 1508 3306; x_wconf 69' lang='grc' dir='ltr'>ὠτειλὰς</span> <span class='ocrx_word' id='word_1_318' title='bbox 1558 3246 1917 3300; x_wconf 79' lang='grc' dir='ltr'>πιστοποιού-</span> 
     </span>
    </p>
   </div>
   <div class='ocr_carea' id='block_1_48' title="bbox 325 3335 1916 3410">
    <p class='ocr_par' dir='ltr' id='par_1_48' title="bbox 325 3335 1916 3410">
     <span class='ocr_line' id='line_1_48' title="bbox 325 3335 1916 3410; baseline 0.001 -18"><span class='ocrx_word' id='word_1_319' title='bbox 325 3358 509 3410; x_wconf 84' lang='grc' dir='ltr'>μενος,</span> <span class='ocrx_word' id='word_1_320' title='bbox 562 3341 644 3392; x_wconf 81' lang='grc' dir='ltr'><strong>ὅτι</strong></span> <span class='ocrx_word' id='word_1_321' title='bbox 676 3338 809 3392; x_wconf 83' lang='grc' dir='ltr'>αὐτό</span> <span class='ocrx_word' id='word_1_322' title='bbox 861 3338 980 3389; x_wconf 79' lang='grc' dir='ltr'>ἐστι</span> <span class='ocrx_word' id='word_1_323' title='bbox 1034 3335 1095 3388; x_wconf 83' lang='grc' dir='ltr'><strong>τὸ</strong></span> <span class='ocrx_word' id='word_1_324' title='bbox 1140 3337 1411 3400; x_wconf 75' lang='grc' dir='ltr'>πεπονθὸς</span> <span class='ocrx_word' id='word_1_325' title='bbox 1447 3339 1630 3408; x_wconf 80' lang='grc' dir='ltr'>σῶμα,</span> <span class='ocrx_word' id='word_1_326' title='bbox 1667 3341 1760 3393; x_wconf 76' lang='grc' dir='ltr'><strong>καὶ</strong></span> <span class='ocrx_word' id='word_1_327' title='bbox 1787 3341 1916 3394; x_wconf 75' lang='grc' dir='ltr'>οὔτε</span> 
     </span>
    </p>
   </div>
   <div class='ocr_carea' id='block_1_49' title="bbox 321 3430 1915 3504">
    <p class='ocr_par' dir='ltr' id='par_1_49' title="bbox 321 3430 1915 3504">
     <span class='ocr_line' id='line_1_49' title="bbox 321 3430 1915 3504; baseline -0.001 -16"><span class='ocrx_word' id='word_1_328' title='bbox 321 3435 455 3488; x_wconf 78' lang='grc' dir='ltr'>ἄλλο</span> <span class='ocrx_word' id='word_1_329' title='bbox 498 3433 614 3486; x_wconf 82' lang='grc' dir='ltr'>ἀντ’</span> <span class='ocrx_word' id='word_1_330' title='bbox 654 3432 869 3485; x_wconf 80' lang='grc' dir='ltr'>ἐκείνου</span> <span class='ocrx_word' id='word_1_331' title='bbox 918 3430 1242 3500; x_wconf 82' lang='grc' dir='ltr'>ἐγήγερται,</span> <span class='ocrx_word' id='word_1_332' title='bbox 1282 3431 1407 3484; x_wconf 73' lang='grc' dir='ltr'>οὔτε</span> <span class='ocrx_word' id='word_1_333' title='bbox 1435 3433 1654 3504; x_wconf 76' lang='grc' dir='ltr'>πνεῦμα</span> <span class='ocrx_word' id='word_1_334' title='bbox 1689 3435 1915 3498; x_wconf 71' lang='grc' dir='ltr'>σκιῶδες</span> 
     </span>
    </p>
   </div>
   <div class='ocr_carea' id='block_1_50' title="bbox 319 3525 946 3595">
    <p class='ocr_par' dir='ltr' id='par_1_50' title="bbox 319 3525 946 3595">
     <span class='ocr_line' id='line_1_50' title="bbox 319 3525 946 3595; baseline -0.002 -15"><span class='ocrx_word' id='word_1_335' title='bbox 319 3529 463 3593; x_wconf 71' lang='grc' dir='ltr'>ἔστι,</span> <span class='ocrx_word' id='word_1_336' title='bbox 500 3527 594 3578; x_wconf 75' lang='grc' dir='ltr'>καὶ</span> <span class='ocrx_word' id='word_1_337' title='bbox 630 3525 946 3595; x_wconf 84' lang='grc' dir='ltr'>ἀσώματον.</span> 
     </span>
    </p>
   </div>
   <div class='ocr_carea' id='block_1_51' title="bbox 403 3620 1913 3693">
    <p class='ocr_par' dir='ltr' id='par_1_51' title="bbox 403 3620 1913 3693">
     <span class='ocr_line' id='line_1_51' title="bbox 403 3620 1913 3693; baseline 0 -21"><span class='ocrx_word' id='word_1_338' title='bbox 403 3641 424 3672; x_wconf 84' lang='grc'><em>‹</em></span> <span class='ocrx_word' id='word_1_339' title='bbox 465 3621 630 3673; x_wconf 85' lang='grc' dir='ltr'>Ἴδετε</span> <span class='ocrx_word' id='word_1_340' title='bbox 678 3620 778 3684; x_wconf 75' lang='grc' dir='ltr'>τὰς</span> <span class='ocrx_word' id='word_1_341' title='bbox 832 3623 1026 3693; x_wconf 85' lang='grc' dir='ltr'>χεῖράς</span> <span class='ocrx_word' id='word_1_342' title='bbox 1084 3640 1208 3691; x_wconf 90' lang='grc' dir='ltr'>μου,</span> <span class='ocrx_word' id='word_1_343' title='bbox 1264 3622 1359 3674; x_wconf 71' lang='grc' dir='ltr'><strong>καὶ</strong></span> <span class='ocrx_word' id='word_1_344' title='bbox 1412 3620 1540 3683; x_wconf 81' lang='grc' dir='ltr'>τοὺς</span> <span class='ocrx_word' id='word_1_345' title='bbox 1571 3620 1740 3683; x_wconf 79' lang='grc' dir='ltr'>πόδας</span> <span class='ocrx_word' id='word_1_346' title='bbox 1776 3636 1913 3691; x_wconf 87' lang='grc' dir='ltr'>μου·</span> 
     </span>
    </p>
   </div>
   <div class='ocr_carea' id='block_1_52' title="bbox 318 3714 1917 3787">
    <p class='ocr_par' dir='ltr' id='par_1_52' title="bbox 318 3714 1917 3787">
     <span class='ocr_line' id='line_1_52' title="bbox 318 3714 1917 3787; baseline 0.001 -20"><span class='ocrx_word' id='word_1_347' title='bbox 318 3716 686 3787; x_wconf 75' lang='grc' dir='ltr'>ψηλαφήσατέ</span> <span class='ocrx_word' id='word_1_348' title='bbox 749 3731 838 3785; x_wconf 89' lang='grc' dir='ltr'><strong>με,</strong></span> <span class='ocrx_word' id='word_1_349' title='bbox 887 3716 983 3768; x_wconf 72' lang='grc' dir='ltr'><strong>καὶ</strong></span> <span class='ocrx_word' id='word_1_350' title='bbox 1015 3716 1176 3778; x_wconf 77' lang='grc' dir='ltr'>ἴδετε,</span> <span class='ocrx_word' id='word_1_351' title='bbox 1212 3717 1294 3768; x_wconf 82' lang='grc' dir='ltr'>ὅτι</span> <span class='ocrx_word' id='word_1_352' title='bbox 1329 3714 1549 3783; x_wconf 81' lang='grc' dir='ltr'>πνεῦμα</span> <span class='ocrx_word' id='word_1_353' title='bbox 1604 3715 1786 3784; x_wconf 83' lang='grc' dir='ltr'>σάρκα</span> <span class='ocrx_word' id='word_1_354' title='bbox 1821 3715 1917 3768; x_wconf 78' lang='grc' dir='ltr'><strong>καὶ</strong></span> 
     </span>
    </p>
   </div>
   <div class='ocr_carea' id='block_1_53' title="bbox 320 3805 1916 3877">
    <p class='ocr_par' dir='ltr' id='par_1_53' title="bbox 320 3805 1916 3877">
     <span class='ocr_line' id='line_1_53' title="bbox 320 3805 1916 3877; baseline -0.001 -17"><span class='ocrx_word' id='word_1_355' title='bbox 320 3810 486 3860; x_wconf 79' lang='grc' dir='ltr'>ὀστέα</span> <span class='ocrx_word' id='word_1_356' title='bbox 512 3807 612 3860; x_wconf 80' lang='grc' dir='ltr'><strong>οὐκ</strong></span> <span class='ocrx_word' id='word_1_357' title='bbox 638 3806 783 3877; x_wconf 79' lang='grc' dir='ltr'>ἔχει,</span> <span class='ocrx_word' id='word_1_358' title='bbox 821 3806 1006 3870; x_wconf 87' lang='grc' dir='ltr'>καθὼς</span> <span class='ocrx_word' id='word_1_359' title='bbox 1037 3807 1136 3877; x_wconf 79' lang='grc' dir='ltr'>ἐμὲ</span> <span class='ocrx_word' id='word_1_360' title='bbox 1173 3806 1430 3877; x_wconf 84' lang='grc' dir='ltr'>θεωρεῖτε</span> <span class='ocrx_word' id='word_1_361' title='bbox 1461 3806 1672 3876; x_wconf 75' lang='grc' dir='ltr'>ἔχοντα.</span> <span class='ocrx_word' id='word_1_362' title='bbox 1719 3825 1736 3858; x_wconf 73' lang='grc' dir='ltr'><strong>ι</strong></span> <span class='ocrx_word' id='word_1_363' title='bbox 1772 3805 1916 3858; x_wconf 80' lang='grc' dir='ltr'>Ἀλλ’</span> 
     </span>
    </p>
   </div>
   <div class='ocr_carea' id='block_1_54' title="bbox 319 3900 1918 3971">
    <p class='ocr_par' dir='ltr' id='par_1_54' title="bbox 319 3900 1918 3971">
     <span class='ocr_line' id='line_1_54' title="bbox 319 3900 1918 3971; baseline -0.001 -17"><span class='ocrx_word' id='word_1_364' title='bbox 319 3904 472 3955; x_wconf 77' lang='grc' dir='ltr'>ἔστιν</span> <span class='ocrx_word' id='word_1_365' title='bbox 496 3900 730 3955; x_wconf 77' lang='grc' dir='ltr'>ἐνταῦθα</span> <span class='ocrx_word' id='word_1_366' title='bbox 755 3901 1108 3971; x_wconf 81' lang='grc' dir='ltr'>διαπορῆσαι,</span> <span class='ocrx_word' id='word_1_367' title='bbox 1143 3900 1257 3963; x_wconf 83' lang='grc' dir='ltr'><strong>πῶς</strong></span> <span class='ocrx_word' id='word_1_368' title='bbox 1289 3901 1397 3954; x_wconf 84' lang='grc' dir='ltr'><strong>τῶν</strong></span> <span class='ocrx_word' id='word_1_369' title='bbox 1421 3901 1568 3969; x_wconf 81' lang='grc' dir='ltr'>ἥλων</span> <span class='ocrx_word' id='word_1_370' title='bbox 1594 3901 1650 3954; x_wconf 90' lang='grc' dir='ltr'>αἱ</span> <span class='ocrx_word' id='word_1_371' title='bbox 1682 3902 1918 3970; x_wconf 84' lang='grc' dir='ltr'>τρώσεις</span> 
     </span>
    </p>
   </div>
   <div class='ocr_carea' id='block_1_55' title="bbox 318 3992 1918 4066">
    <p class='ocr_par' dir='ltr' id='par_1_55' title="bbox 318 3992 1918 4066">
     <span class='ocr_line' id='line_1_55' title="bbox 318 3992 1918 4066; baseline -0.003 -16"><span class='ocrx_word' id='word_1_372' title='bbox 318 3999 378 4050; x_wconf 82' lang='grc' dir='ltr'>ἐν</span> <span class='ocrx_word' id='word_1_373' title='bbox 409 3995 488 4066; x_wconf 80' lang='grc' dir='ltr'><strong>τῷ</strong></span> <span class='ocrx_word' id='word_1_374' title='bbox 518 3996 779 4066; x_wconf 85' lang='grc' dir='ltr'>ἀφθάρτῳ</span> <span class='ocrx_word' id='word_1_375' title='bbox 801 3994 1174 4047; x_wconf 74' lang='grc' dir='ltr'>ἐνδείκνυνται</span> <span class='ocrx_word' id='word_1_376' title='bbox 1206 3995 1444 4064; x_wconf 87' lang='grc' dir='ltr'>σώματι.</span> <span class='ocrx_word' id='word_1_377' title='bbox 1485 3994 1668 4065; x_wconf 84' lang='grc' dir='ltr'>Φαμὲν</span> <span class='ocrx_word' id='word_1_378' title='bbox 1696 3992 1811 4060; x_wconf 77' lang='grc' dir='ltr'>οὖν,</span> <span class='ocrx_word' id='word_1_379' title='bbox 1842 3993 1918 4057; x_wconf 85' lang='grc' dir='ltr'>ὡς</span> 
     </span>
    </p>
   </div>
   <div class='ocr_carea' id='block_1_56' title="bbox 319 4088 1919 4160">
    <p class='ocr_par' dir='ltr' id='par_1_56' title="bbox 319 4088 1919 4160">
     <span class='ocr_line' id='line_1_56' title="bbox 319 4088 1919 4160; baseline -0.001 -17"><span class='ocrx_word' id='word_1_380' title='bbox 319 4089 693 4158; x_wconf 84' lang='grc' dir='ltr'>οἰκονομικῶς</span> <span class='ocrx_word' id='word_1_381' title='bbox 717 4088 894 4142; x_wconf 79' lang='grc' dir='ltr'>ταῦτα</span> <span class='ocrx_word' id='word_1_382' title='bbox 941 4088 1210 4152; x_wconf 81' lang='grc' dir='ltr'>δείκνυσι,</span> <span class='ocrx_word' id='word_1_383' title='bbox 1244 4088 1611 4158; x_wconf 79' lang='grc' dir='ltr'>πιστούμενος</span> <span class='ocrx_word' id='word_1_384' title='bbox 1641 4088 1740 4160; x_wconf 85' lang='grc' dir='ltr'><strong>τήν</strong></span> <span class='ocrx_word' id='word_1_385' title='bbox 1787 4089 1919 4142; x_wconf 80' lang='grc' dir='ltr'><strong>ἀνά-</strong></span> 
     </span>
    </p>
   </div>
   <div class='ocr_carea' id='block_1_57' title="bbox 319 4182 1918 4252">
    <p class='ocr_par' dir='ltr' id='par_1_57' title="bbox 319 4182 1918 4252">
     <span class='ocr_line' id='line_1_57' title="bbox 319 4182 1918 4252; baseline -0.001 -16"><span class='ocrx_word' id='word_1_386' title='bbox 319 4200 538 4236; x_wconf 85' lang='grc' dir='ltr'>στασιν.</span> <span class='ocrx_word' id='word_1_387' title='bbox 581 4183 642 4236; x_wconf 77' lang='grc' dir='ltr'><strong>Εἰ</strong></span> <span class='ocrx_word' id='word_1_388' title='bbox 676 4185 785 4252; x_wconf 73' lang='grc' dir='ltr'><strong>γὰρ</strong></span> <span class='ocrx_word' id='word_1_389' title='bbox 811 4183 906 4234; x_wconf 76' lang='grc' dir='ltr'>καὶ</span> <span class='ocrx_word' id='word_1_390' title='bbox 936 4183 1144 4236; x_wconf 86' lang='grc' dir='ltr'>τούτων</span> <span class='ocrx_word' id='word_1_391' title='bbox 1181 4183 1367 4243; x_wconf 82' lang='grc' dir='ltr'>αὐτοῖς</span> <span class='ocrx_word' id='word_1_392' title='bbox 1398 4182 1768 4250; x_wconf 88' lang='grc' dir='ltr'>δεικνυμένων</span> <span class='ocrx_word' id='word_1_393' title='bbox 1791 4183 1918 4234; x_wconf 79' lang='grc' dir='ltr'>ἀπι-</span> 
     </span>
    </p>
   </div>
   <div class='ocr_carea' id='block_1_58' title="bbox 321 4272 1918 4345">
    <p class='ocr_par' dir='ltr' id='par_1_58' title="bbox 321 4272 1918 4345">
     <span class='ocr_line' id='line_1_58' title="bbox 321 4272 1918 4345; baseline 0.001 -17"><span class='ocrx_word' id='word_1_394' title='bbox 321 4278 453 4345; x_wconf 64' lang='grc' dir='ltr'>στίᾳ</span> <span class='ocrx_word' id='word_1_395' title='bbox 486 4277 568 4328; x_wconf 80' lang='grc' dir='ltr'>ἔτι</span> <span class='ocrx_word' id='word_1_396' title='bbox 603 4275 938 4344; x_wconf 79' lang='grc' dir='ltr'>συνείχοντο,</span> <span class='ocrx_word' id='word_1_397' title='bbox 969 4278 1022 4328; x_wconf 80' lang='grc' dir='ltr'><strong>τι</strong></span> <span class='ocrx_word' id='word_1_398' title='bbox 1070 4276 1137 4329; x_wconf 84' lang='grc' dir='ltr'><strong>ἂν</strong></span> <span class='ocrx_word' id='word_1_399' title='bbox 1171 4277 1546 4340; x_wconf 81' lang='grc' dir='ltr'>ὑπετὸπασαν,</span> <span class='ocrx_word' id='word_1_400' title='bbox 1583 4278 1631 4329; x_wconf 80' lang='grc' dir='ltr'>εἰ</span> <span class='ocrx_word' id='word_1_401' title='bbox 1654 4277 1754 4330; x_wconf 80' lang='grc' dir='ltr'><strong>οὐκ</strong></span> <span class='ocrx_word' id='word_1_402' title='bbox 1778 4272 1918 4330; x_wconf 76' lang='grc' dir='ltr'>εἶδον</span> 
     </span>
    </p>
   </div>
   <div class='ocr_carea' id='block_1_59' title="bbox 316 4367 1060 4437">
    <p class='ocr_par' dir='ltr' id='par_1_59' title="bbox 316 4367 1060 4437">
     <span class='ocr_line' id='line_1_59' title="bbox 316 4367 1060 4437; baseline -0.004 -14"><span class='ocrx_word' id='word_1_403' title='bbox 316 4369 421 4423; x_wconf 79' lang='grc' dir='ltr'><strong>τοῦ</strong></span> <span class='ocrx_word' id='word_1_404' title='bbox 453 4369 657 4430; x_wconf 79' lang='grc' dir='ltr'>πάθους</span> <span class='ocrx_word' id='word_1_405' title='bbox 681 4369 750 4420; x_wconf 79' lang='grc' dir='ltr'><strong>τὰ</strong></span> <span class='ocrx_word' id='word_1_406' title='bbox 775 4367 1060 4437; x_wconf 78' lang='grc' dir='ltr'>σύμϐολα;</span> 
     </span>
    </p>
   </div>
   <div class='ocr_carea' id='block_1_60' title="bbox 398 4461 1917 4537">
    <p class='ocr_par' dir='ltr' id='par_1_60' title="bbox 398 4461 1917 4537">
     <span class='ocr_line' id='line_1_60' title="bbox 398 4461 1917 4537; baseline 0.005 -25"><span class='ocrx_word' id='word_1_407' title='bbox 398 4481 419 4512; x_wconf 76' lang='grc' dir='ltr'><strong>ι</strong></span> <span class='ocrx_word' id='word_1_408' title='bbox 467 4461 665 4514; x_wconf 85' lang='grc' dir='ltr'>Ἐτιδὲ</span> <span class='ocrx_word' id='word_1_409' title='bbox 705 4462 1085 4514; x_wconf 82' lang='grc' dir='ltr'>ἀπιστούντων</span> <span class='ocrx_word' id='word_1_410' title='bbox 1109 4462 1290 4515; x_wconf 80' lang='grc' dir='ltr'>αὐτῶν</span> <span class='ocrx_word' id='word_1_411' title='bbox 1315 4463 1424 4515; x_wconf 78' lang='grc' dir='ltr'><strong>ἀπὸ</strong></span> <span class='ocrx_word' id='word_1_412' title='bbox 1461 4464 1562 4534; x_wconf 76' lang='grc' dir='ltr'>τῆς</span> <span class='ocrx_word' id='word_1_413' title='bbox 1602 4470 1798 4537; x_wconf 80' lang='grc' dir='ltr'>χαρᾶς,</span> <span class='ocrx_word' id='word_1_414' title='bbox 1822 4468 1917 4521; x_wconf 64' lang='grc' dir='ltr'><strong>κοιλ¹</strong></span> 
     </span>
    </p>
   </div>
   <div class='ocr_carea' id='block_1_61' title="bbox 391 4605 1645 4678">
    <p class='ocr_par' dir='ltr' id='par_1_61' title="bbox 391 4605 1645 4678">
     <span class='ocr_line' id='line_1_61' title="bbox 391 4605 1645 4678; baseline 0.007 -21"><span class='ocrx_word' id='word_1_415' title='bbox 391 4609 464 4640; x_wconf 64' lang='grc'><strong>⁸³*</strong></span> <span class='ocrx_word' id='word_1_416' title='bbox 501 4608 700 4678; x_wconf 86' lang='lat' dir='ltr'><strong>Ephes.</strong></span> <span class='ocrx_word' id='word_1_417' title='bbox 757 4622 820 4671; x_wconf 88' lang='lat' dir='ltr'><strong>Il,</strong></span> <span class='ocrx_word' id='word_1_418' title='bbox 860 4605 950 4670; x_wconf 72' lang='lat'><strong>15,</strong></span> <span class='ocrx_word' id='word_1_419' title='bbox 995 4607 1081 4661; x_wconf 76' lang='grc'><strong>16.</strong></span> <span class='ocrx_word' id='word_1_420' title='bbox 1163 4608 1209 4639; x_wconf 66' lang='grc' dir='ltr'><strong>’ν</strong></span> <span class='ocrx_word' id='word_1_421' title='bbox 1235 4605 1393 4662; x_wconf 79' lang='lat' dir='ltr'><strong>Joan.</strong></span> <span class='ocrx_word' id='word_1_422' title='bbox 1431 4626 1523 4678; x_wconf 83' lang='lat' dir='ltr'><strong>xx,</strong></span> <span class='ocrx_word' id='word_1_423' title='bbox 1556 4610 1645 4667; x_wconf 76' lang='lat'><strong>‘20.</strong></span> 
     </span>
    </p>
   </div>
   <div class='ocr_carea' id='block_1_62' title="bbox 2028 1940 3618 2007">
    <p class='ocr_par' dir='ltr' id='par_1_62' title="bbox 2028 1940 3618 2007">
     <span class='ocr_line' id='line_1_62' title="bbox 2028 1940 3618 2007; baseline -0.004 -12"><span class='ocrx_word' id='word_1_424' title='bbox 2028 1942 2278 1996; x_wconf 89' lang='lat' dir='ltr'><strong>viderent</strong></span> <span class='ocrx_word' id='word_1_425' title='bbox 2337 1941 2650 2007; x_wconf 84' lang='lat' dir='ltr'><strong>Dominum,</strong></span> <span class='ocrx_word' id='word_1_426' title='bbox 2707 1950 2761 1995; x_wconf 91' lang='lat' dir='ltr'><strong>et</strong></span> <span class='ocrx_word' id='word_1_427' title='bbox 2791 1941 3004 1995; x_wconf 89' lang='lat' dir='ltr'><strong>dulcem</strong></span> <span class='ocrx_word' id='word_1_428' title='bbox 3058 1940 3208 1994; x_wconf 81' lang='lat' dir='ltr'><strong>illaut</strong></span> <span class='ocrx_word' id='word_1_429' title='bbox 3265 1953 3454 1994; x_wconf 89' lang='lat' dir='ltr'><strong>vocem</strong></span> <span class='ocrx_word' id='word_1_430' title='bbox 3514 1953 3618 1991; x_wconf 85' lang='lat' dir='ltr'><strong>au-</strong></span> 
     </span>
    </p>
   </div>
   <div class='ocr_carea' id='block_1_63' title="bbox 2028 2031 3613 2103">
    <p class='ocr_par' dir='ltr' id='par_1_63' title="bbox 2028 2031 3613 2103">
     <span class='ocr_line' id='line_1_63' title="bbox 2028 2031 3613 2103; baseline -0.003 -15"><span class='ocrx_word' id='word_1_431' title='bbox 2028 2035 2228 2103; x_wconf 71' lang='lat' dir='ltr'><strong>dirent,</strong></span> <span class='ocrx_word' id='word_1_432' title='bbox 2280 2037 2660 2090; x_wconf 80' lang='lat' dir='ltr'><strong>existimarent</strong></span> <span class='ocrx_word' id='word_1_433' title='bbox 2713 2043 2892 2089; x_wconf 90' lang='lat' dir='ltr'><strong>tamen</strong></span> <span class='ocrx_word' id='word_1_434' title='bbox 2955 2033 3208 2103; x_wconf 85' lang='lat' dir='ltr'><strong>spiritum</strong></span> <span class='ocrx_word' id='word_1_435' title='bbox 3275 2048 3335 2088; x_wconf 90' lang='lat' dir='ltr'><strong>se</strong></span> <span class='ocrx_word' id='word_1_436' title='bbox 3402 2031 3613 2086; x_wconf 82' lang='lat' dir='ltr'><strong>videre.</strong></span> 
     </span>
    </p>
   </div>
   <div class='ocr_carea' id='block_1_64' title="bbox 2105 2126 3618 2196">
    <p class='ocr_par' dir='ltr' id='par_1_64' title="bbox 2105 2126 3618 2196">
     <span class='ocr_line' id='line_1_64' title="bbox 2105 2126 3618 2196; baseline -0.003 -15"><span class='ocrx_word' id='word_1_437' title='bbox 2105 2149 2122 2181; x_wconf 75' lang='grc' dir='ltr'><strong>ι</strong></span> <span class='ocrx_word' id='word_1_438' title='bbox 2161 2130 2484 2185; x_wconf 85' lang='lat' dir='ltr'><strong>Conturbati</strong></span> <span class='ocrx_word' id='word_1_439' title='bbox 2543 2144 2696 2196; x_wconf 87' lang='lat' dir='ltr'><strong>vero,</strong></span> <span class='ocrx_word' id='word_1_440' title='bbox 2767 2140 2823 2184; x_wconf 90' lang='lat' dir='ltr'><strong>et</strong></span> <span class='ocrx_word' id='word_1_441' title='bbox 2876 2129 3166 2185; x_wconf 87' lang='lat' dir='ltr'><strong>conterriti</strong></span> <span class='ocrx_word' id='word_1_442' title='bbox 3223 2126 3618 2183; x_wconf 66' lang='lat' dir='ltr'><strong>existimabant</strong></span> 
     </span>
    </p>
   </div>
   <div class='ocr_carea' id='block_1_65' title="bbox 2026 2219 3612 2292">
    <p class='ocr_par' dir='ltr' id='par_1_65' title="bbox 2026 2219 3612 2292">
     <span class='ocr_line' id='line_1_65' title="bbox 2026 2219 3612 2292; baseline -0.004 -16"><span class='ocrx_word' id='word_1_443' title='bbox 2026 2236 2084 2276; x_wconf 90' lang='lat' dir='ltr'><strong>se</strong></span> <span class='ocrx_word' id='word_1_444' title='bbox 2116 2223 2368 2292; x_wconf 79' lang='lat' dir='ltr'><strong>Spiritum</strong></span> <span class='ocrx_word' id='word_1_445' title='bbox 2412 2223 2616 2277; x_wconf 68' lang='lat' dir='ltr'><strong>ridere.</strong></span> <span class='ocrx_word' id='word_1_446' title='bbox 2653 2242 2671 2274; x_wconf 77' lang='grc' dir='ltr'><strong>ι</strong></span> <span class='ocrx_word' id='word_1_447' title='bbox 2705 2221 2816 2277; x_wconf 80' lang='lat' dir='ltr'><strong>Nec</strong></span> <span class='ocrx_word' id='word_1_448' title='bbox 2847 2237 2975 2276; x_wconf 86' lang='lat' dir='ltr'><strong>vero</strong></span> <span class='ocrx_word' id='word_1_449' title='bbox 3007 2220 3114 2275; x_wconf 91' lang='lat' dir='ltr'><strong>ullo</strong></span> <span class='ocrx_word' id='word_1_450' title='bbox 3168 2219 3328 2274; x_wconf 86' lang='lat' dir='ltr'><strong>modo</strong></span> <span class='ocrx_word' id='word_1_451' title='bbox 3357 2219 3612 2283; x_wconf 84' lang='lat' dir='ltr'><strong>dicimus,</strong></span> 
     </span>
    </p>
   </div>
   <div class='ocr_carea' id='block_1_66' title="bbox 2027 2313 3620 2380">
    <p class='ocr_par' dir='ltr' id='par_1_66' title="bbox 2027 2313 3620 2380">
     <span class='ocr_line' id='line_1_66' title="bbox 2027 2313 3620 2380; baseline 0.001 -14"><span class='ocrx_word' id='word_1_452' title='bbox 2027 2313 2326 2368; x_wconf 63' lang='lat' dir='ltr'><strong>daemonem</strong></span> <span class='ocrx_word' id='word_1_453' title='bbox 2373 2329 2466 2368; x_wconf 90' lang='lat' dir='ltr'><strong>eos</strong></span> <span class='ocrx_word' id='word_1_454' title='bbox 2499 2315 2682 2369; x_wconf 88' lang='lat' dir='ltr'><strong>videre</strong></span> <span class='ocrx_word' id='word_1_455' title='bbox 2722 2330 2781 2369; x_wconf 88' lang='lat' dir='ltr'><strong>se</strong></span> <span class='ocrx_word' id='word_1_456' title='bbox 2810 2314 3136 2380; x_wconf 89' lang='lat' dir='ltr'><strong>arbitratos,</strong></span> <span class='ocrx_word' id='word_1_457' title='bbox 3193 2315 3287 2367; x_wconf 86' lang='lat' dir='ltr'><strong>sed</strong></span> <span class='ocrx_word' id='word_1_458' title='bbox 3320 2314 3620 2368; x_wconf 87' lang='lat' dir='ltr'><strong>credidisse</strong></span> 
     </span>
    </p>
   </div>
   <div class='ocr_carea' id='block_1_67' title="bbox 2026 2405 3621 2475">
    <p class='ocr_par' dir='ltr' id='par_1_67' title="bbox 2026 2405 3621 2475">
     <span class='ocr_line' id='line_1_67' title="bbox 2026 2405 3621 2475; baseline 0.001 -17"><span class='ocrx_word' id='word_1_459' title='bbox 2026 2405 2244 2473; x_wconf 79' lang='lat' dir='ltr'><strong>quidem</strong></span> <span class='ocrx_word' id='word_1_460' title='bbox 2278 2419 2399 2459; x_wconf 88' lang='lat' dir='ltr'><strong>esse</strong></span> <span class='ocrx_word' id='word_1_461' title='bbox 2448 2405 2764 2470; x_wconf 90' lang='lat' dir='ltr'><strong>Dominum,</strong></span> <span class='ocrx_word' id='word_1_462' title='bbox 2834 2407 2974 2459; x_wconf 90' lang='lat' dir='ltr'><strong>unde</strong></span> <span class='ocrx_word' id='word_1_463' title='bbox 3017 2414 3071 2459; x_wconf 90' lang='lat' dir='ltr'><strong>et</strong></span> <span class='ocrx_word' id='word_1_464' title='bbox 3121 2406 3292 2475; x_wconf 84' lang='lat' dir='ltr'><strong>gavisi</strong></span> <span class='ocrx_word' id='word_1_465' title='bbox 3338 2415 3487 2470; x_wconf 88' lang='lat' dir='ltr'><strong>sunt,</strong></span> <span class='ocrx_word' id='word_1_466' title='bbox 3560 2419 3621 2460; x_wconf 89' lang='lat' dir='ltr'><strong>ut</strong></span> 
     </span>
    </p>
   </div>
   <div class='ocr_carea' id='block_1_68' title="bbox 2026 2497 3618 2568">
    <p class='ocr_par' dir='ltr' id='par_1_68' title="bbox 2026 2497 3618 2568">
     <span class='ocr_line' id='line_1_68' title="bbox 2026 2497 3618 2568; baseline 0.001 -18"><span class='ocrx_word' id='word_1_467' title='bbox 2026 2513 2254 2566; x_wconf 80' lang='lat' dir='ltr'><strong>magnus</strong></span> <span class='ocrx_word' id='word_1_468' title='bbox 2309 2497 2548 2554; x_wconf 86' lang='lat' dir='ltr'><strong>Joannes</strong></span> <span class='ocrx_word' id='word_1_469' title='bbox 2591 2499 2668 2553; x_wconf 87' lang='lat' dir='ltr'><strong>ait</strong></span> <span class='ocrx_word' id='word_1_470' title='bbox 2707 2500 2773 2564; x_wconf 77' lang='grc'><strong>³⁸,</strong></span> <span class='ocrx_word' id='word_1_471' title='bbox 2814 2499 2907 2553; x_wconf 90' lang='lat' dir='ltr'><strong>sed</strong></span> <span class='ocrx_word' id='word_1_472' title='bbox 2942 2499 3121 2568; x_wconf 89' lang='lat' dir='ltr'><strong>ipsum</strong></span> <span class='ocrx_word' id='word_1_473' title='bbox 3182 2515 3306 2554; x_wconf 85' lang='lat' dir='ltr'><strong>esse</strong></span> <span class='ocrx_word' id='word_1_474' title='bbox 3362 2500 3618 2568; x_wconf 88' lang='lat' dir='ltr'><strong>spiritum</strong></span> 
     </span>
    </p>
   </div>
   <div class='ocr_carea' id='block_1_69' title="bbox 2026 2593 3620 2663">
    <p class='ocr_par' dir='ltr' id='par_1_69' title="bbox 2026 2593 3620 2663">
     <span class='ocr_line' id='line_1_69' title="bbox 2026 2593 3620 2663; baseline 0.003 -21"><span class='ocrx_word' id='word_1_475' title='bbox 2026 2600 2303 2660; x_wconf 81' lang='lat' dir='ltr'><strong>expertem</strong></span> <span class='ocrx_word' id='word_1_476' title='bbox 2358 2594 2605 2663; x_wconf 88' lang='lat' dir='ltr'><strong>corporis</strong></span> <span class='ocrx_word' id='word_1_477' title='bbox 2633 2593 3033 2662; x_wconf 89' lang='lat' dir='ltr'><strong>opinabantur:</strong></span> <span class='ocrx_word' id='word_1_478' title='bbox 3069 2607 3246 2660; x_wconf 87' lang='lat' dir='ltr'><strong>neque</strong></span> <span class='ocrx_word' id='word_1_479' title='bbox 3295 2593 3440 2648; x_wconf 87' lang='lat' dir='ltr'><strong>enim</strong></span> <span class='ocrx_word' id='word_1_480' title='bbox 3465 2593 3620 2647; x_wconf 83' lang='lat' dir='ltr'><strong>clau-</strong></span> 
     </span>
    </p>
   </div>
   <div class='ocr_carea' id='block_1_70' title="bbox 2027 2685 3612 2756">
    <p class='ocr_par' dir='ltr' id='par_1_70' title="bbox 2027 2685 3612 2756">
     <span class='ocr_line' id='line_1_70' title="bbox 2027 2685 3612 2756; baseline 0.001 -16"><span class='ocrx_word' id='word_1_481' title='bbox 2027 2685 2106 2740; x_wconf 88' lang='lat' dir='ltr'><strong>sis</strong></span> <span class='ocrx_word' id='word_1_482' title='bbox 2145 2685 2351 2739; x_wconf 87' lang='lat' dir='ltr'><strong>intrare</strong></span> <span class='ocrx_word' id='word_1_483' title='bbox 2377 2686 2562 2755; x_wconf 87' lang='lat' dir='ltr'><strong>januis</strong></span> <span class='ocrx_word' id='word_1_484' title='bbox 2593 2688 2838 2756; x_wconf 90' lang='lat' dir='ltr'><strong>corporis</strong></span> <span class='ocrx_word' id='word_1_485' title='bbox 2862 2688 3302 2756; x_wconf 69' lang='lat' dir='ltr'><strong>propriumesu</strong></span> <span class='ocrx_word' id='word_1_486' title='bbox 3346 2688 3468 2742; x_wconf 90' lang='lat' dir='ltr'><strong>ideo</strong></span> <span class='ocrx_word' id='word_1_487' title='bbox 3490 2703 3612 2743; x_wconf 89' lang='lat' dir='ltr'><strong>cum</strong></span> 
     </span>
    </p>
   </div>
   <div class='ocr_carea' id='block_1_71' title="bbox 2027 2779 3619 2850">
    <p class='ocr_par' dir='ltr' id='par_1_71' title="bbox 2027 2779 3619 2850">
     <span class='ocr_line' id='line_1_71' title="bbox 2027 2779 3619 2850; baseline 0.003 -18"><span class='ocrx_word' id='word_1_488' title='bbox 2027 2794 2123 2848; x_wconf 88' lang='lat' dir='ltr'><strong>per</strong></span> <span class='ocrx_word' id='word_1_489' title='bbox 2184 2779 2430 2848; x_wconf 81' lang='lat' dir='ltr'><strong>seipsum</strong></span> <span class='ocrx_word' id='word_1_490' title='bbox 2489 2780 2796 2850; x_wconf 83' lang='lat' dir='ltr'><strong>ingressum</strong></span> <span class='ocrx_word' id='word_1_491' title='bbox 2860 2797 2981 2836; x_wconf 85' lang='lat' dir='ltr'><strong>esse</strong></span> <span class='ocrx_word' id='word_1_492' title='bbox 3029 2783 3317 2845; x_wconf 87' lang='lat' dir='ltr'><strong>vidissent,</strong></span> <span class='ocrx_word' id='word_1_493' title='bbox 3365 2784 3619 2838; x_wconf 81' lang='lat' dir='ltr'><strong>exterriti</strong></span> 
     </span>
    </p>
   </div>
   <div class='ocr_carea' id='block_1_72' title="bbox 2026 2871 3620 2941">
    <p class='ocr_par' dir='ltr' id='par_1_72' title="bbox 2026 2871 3620 2941">
     <span class='ocr_line' id='line_1_72' title="bbox 2026 2871 3620 2941; baseline 0.002 -14"><span class='ocrx_word' id='word_1_494' title='bbox 2026 2883 2170 2927; x_wconf 88' lang='lat' dir='ltr'><strong>sunt.</strong></span> <span class='ocrx_word' id='word_1_495' title='bbox 2225 2871 2424 2928; x_wconf 85' lang='lat' dir='ltr'><strong>Verum</strong></span> <span class='ocrx_word' id='word_1_496' title='bbox 2482 2873 2596 2941; x_wconf 85' lang='lat' dir='ltr'><strong>ipse</strong></span> <span class='ocrx_word' id='word_1_497' title='bbox 2643 2883 2847 2928; x_wconf 88' lang='lat' dir='ltr'><strong>metum</strong></span> <span class='ocrx_word' id='word_1_498' title='bbox 2907 2889 3094 2929; x_wconf 91' lang='lat' dir='ltr'><strong>eormn</strong></span> <span class='ocrx_word' id='word_1_499' title='bbox 3126 2876 3298 2940; x_wconf 85' lang='lat' dir='ltr'><strong>sedat,</strong></span> <span class='ocrx_word' id='word_1_500' title='bbox 3347 2885 3402 2929; x_wconf 90' lang='lat' dir='ltr'><strong>et</strong></span> <span class='ocrx_word' id='word_1_501' title='bbox 3439 2885 3620 2930; x_wconf 82' lang='lat' dir='ltr'><strong>ortam</strong></span> 
     </span>
    </p>
   </div>
   <div class='ocr_carea' id='block_1_73' title="bbox 2026 2965 3614 3035">
    <p class='ocr_par' dir='ltr' id='par_1_73' title="bbox 2026 2965 3614 3035">
     <span class='ocr_line' id='line_1_73' title="bbox 2026 2965 3614 3035; baseline 0.001 -15"><span class='ocrx_word' id='word_1_502' title='bbox 2026 2967 2078 3020; x_wconf 94' lang='lat' dir='ltr'><strong>in</strong></span> <span class='ocrx_word' id='word_1_503' title='bbox 2099 2982 2287 3020; x_wconf 87' lang='lat' dir='ltr'><strong>eorum</strong></span> <span class='ocrx_word' id='word_1_504' title='bbox 2303 2965 2559 3021; x_wconf 89' lang='lat' dir='ltr'><strong>cordibus</strong></span> <span class='ocrx_word' id='word_1_505' title='bbox 2589 2967 3084 3022; x_wconf 87' lang='lat' dir='ltr'><strong>consternationem</strong></span> <span class='ocrx_word' id='word_1_506' title='bbox 3111 2966 3367 3035; x_wconf 81' lang='lat' dir='ltr'><strong>patefacit</strong></span> <span class='ocrx_word' id='word_1_507' title='bbox 3384 2969 3574 3023; x_wconf 88' lang='lat' dir='ltr'><strong>dicens</strong></span> <span class='ocrx_word' id='word_1_508' title='bbox 3599 2987 3614 3022; x_wconf 88' lang='lat'><strong>:</strong></span> 
     </span>
    </p>
   </div>
   <div class='ocr_carea' id='block_1_74' title="bbox 2040 3058 3613 3130">
    <p class='ocr_par' dir='ltr' id='par_1_74' title="bbox 2040 3058 3613 3130">
     <span class='ocr_line' id='line_1_74' title="bbox 2040 3058 3613 3130; baseline 0.001 -18"><span class='ocrx_word' id='word_1_509' title='bbox 2040 3079 2058 3112; x_wconf 76' lang='grc' dir='ltr'><strong>ι</strong></span> <span class='ocrx_word' id='word_1_510' title='bbox 2094 3058 2233 3126; x_wconf 86' lang='lat' dir='ltr'><strong>Quid</strong></span> <span class='ocrx_word' id='word_1_511' title='bbox 2269 3059 2468 3114; x_wconf 88' lang='lat' dir='ltr'><strong>turbati</strong></span> <span class='ocrx_word' id='word_1_512' title='bbox 2498 3059 2654 3126; x_wconf 91' lang='lat' dir='ltr'><strong>estis,</strong></span> <span class='ocrx_word' id='word_1_513' title='bbox 2707 3071 2761 3115; x_wconf 92' lang='lat' dir='ltr'><strong>et</strong></span> <span class='ocrx_word' id='word_1_514' title='bbox 2815 3061 3171 3130; x_wconf 73' lang='lat' dir='ltr'><strong>cogitationes</strong></span> <span class='ocrx_word' id='word_1_515' title='bbox 3229 3061 3530 3115; x_wconf 89' lang='lat' dir='ltr'><strong>ascendunt</strong></span> <span class='ocrx_word' id='word_1_516' title='bbox 3561 3061 3613 3114; x_wconf 93' lang='lat' dir='ltr'><strong>in</strong></span> 
     </span>
    </p>
   </div>
   <div class='ocr_carea' id='block_1_75' title="bbox 2025 3153 3616 3210">
    <p class='ocr_par' dir='ltr' id='par_1_75' title="bbox 2025 3153 3616 3210">
     <span class='ocr_line' id='line_1_75' title="bbox 2025 3153 3616 3210; baseline 0.001 -2"><span class='ocrx_word' id='word_1_517' title='bbox 2025 3154 2193 3208; x_wconf 88' lang='lat' dir='ltr'><strong>corda</strong></span> <span class='ocrx_word' id='word_1_518' title='bbox 2253 3155 2482 3207; x_wconf 88' lang='lat' dir='ltr'><strong>vestra?</strong></span> <span class='ocrx_word' id='word_1_519' title='bbox 2516 3172 2534 3205; x_wconf 73' lang='grc' dir='ltr'><strong>ι</strong></span> <span class='ocrx_word' id='word_1_520' title='bbox 2578 3154 2645 3208; x_wconf 84' lang='lat' dir='ltr'><strong>Et</strong></span> <span class='ocrx_word' id='word_1_521' title='bbox 2675 3154 2834 3208; x_wconf 91' lang='lat' dir='ltr'><strong>simul</strong></span> <span class='ocrx_word' id='word_1_522' title='bbox 2875 3153 3112 3208; x_wconf 89' lang='lat' dir='ltr'><strong>ostendit</strong></span> <span class='ocrx_word' id='word_1_523' title='bbox 3162 3156 3242 3208; x_wconf 86' lang='lat' dir='ltr'><strong>eis</strong></span> <span class='ocrx_word' id='word_1_524' title='bbox 3276 3171 3616 3210; x_wconf 89' lang='lat' dir='ltr'><strong>manuumae</strong></span> 
     </span>
    </p>
   </div>
   <div class='ocr_carea' id='block_1_76' title="bbox 2024 3227 3612 3318">
    <p class='ocr_par' dir='ltr' id='par_1_76' title="bbox 2024 3227 3612 3318">
     <span class='ocr_line' id='line_1_76' title="bbox 2024 3227 3612 3318; baseline 0.001 -18"><span class='ocrx_word' id='word_1_525' title='bbox 2024 3247 2222 3316; x_wconf 90' lang='lat' dir='ltr'><strong>pedum</strong></span> <span class='ocrx_word' id='word_1_526' title='bbox 2261 3227 2509 3311; x_wconf 53' lang='lat' dir='ltr'><strong>vulncr&#39;a,</strong></span> <span class='ocrx_word' id='word_1_527' title='bbox 2542 3255 2600 3301; x_wconf 92' lang='lat' dir='ltr'><strong>ut</strong></span> <span class='ocrx_word' id='word_1_528' title='bbox 2634 3247 2792 3301; x_wconf 81' lang='lat' dir='ltr'><strong>ﬁdem</strong></span> <span class='ocrx_word' id='word_1_529' title='bbox 2825 3248 2991 3318; x_wconf 79' lang='grc'><strong>276</strong></span> <span class='ocrx_word' id='word_1_530' title='bbox 3018 3248 3244 3313; x_wconf 81' lang='lat' dir='ltr'><strong>faceret,</strong></span> <span class='ocrx_word' id='word_1_531' title='bbox 3273 3250 3406 3303; x_wconf 84' lang='lat' dir='ltr'><strong>illud</strong></span> <span class='ocrx_word' id='word_1_532' title='bbox 3433 3252 3612 3318; x_wconf 82' lang='lat' dir='ltr'><strong>ipsum</strong></span> 
     </span>
    </p>
   </div>
   <div class='ocr_carea' id='block_1_77' title="bbox 2021 3340 3616 3408">
    <p class='ocr_par' dir='ltr' id='par_1_77' title="bbox 2021 3340 3616 3408">
     <span class='ocr_line' id='line_1_77' title="bbox 2021 3340 3616 3408; baseline 0.004 -16"><span class='ocrx_word' id='word_1_533' title='bbox 2021 3354 2218 3406; x_wconf 86' lang='lat' dir='ltr'><strong>corpus</strong></span> <span class='ocrx_word' id='word_1_534' title='bbox 2248 3353 2368 3392; x_wconf 83' lang='lat' dir='ltr'><strong>esse</strong></span> <span class='ocrx_word' id='word_1_535' title='bbox 2414 3340 2558 3408; x_wconf 89' lang='lat' dir='ltr'><strong>quod</strong></span> <span class='ocrx_word' id='word_1_536' title='bbox 2617 3354 2838 3407; x_wconf 88' lang='lat' dir='ltr'><strong>passum</strong></span> <span class='ocrx_word' id='word_1_537' title='bbox 2878 3340 3075 3407; x_wconf 83' lang='lat' dir='ltr'><strong>fuerat,</strong></span> <span class='ocrx_word' id='word_1_538' title='bbox 3133 3356 3230 3395; x_wconf 90' lang='lat' dir='ltr'><strong>nec</strong></span> <span class='ocrx_word' id='word_1_539' title='bbox 3291 3342 3432 3396; x_wconf 86' lang='lat' dir='ltr'><strong>aliud</strong></span> <span class='ocrx_word' id='word_1_540' title='bbox 3471 3343 3616 3398; x_wconf 85' lang='lat' dir='ltr'><strong>illius</strong></span> 
     </span>
    </p>
   </div>
   <div class='ocr_carea' id='block_1_78' title="bbox 2021 3430 3617 3501">
    <p class='ocr_par' dir='ltr' id='par_1_78' title="bbox 2021 3430 3617 3501">
     <span class='ocr_line' id='line_1_78' title="bbox 2021 3430 3617 3501; baseline 0.006 -19"><span class='ocrx_word' id='word_1_541' title='bbox 2021 3430 2138 3484; x_wconf 87' lang='lat' dir='ltr'><strong>vice</strong></span> <span class='ocrx_word' id='word_1_542' title='bbox 2171 3431 2541 3485; x_wconf 82' lang='lat' dir='ltr'><strong>resurrexisse</strong></span> <span class='ocrx_word' id='word_1_543' title='bbox 2577 3449 2592 3498; x_wconf 91' lang='lat'>;</span> <span class='ocrx_word' id='word_1_544' title='bbox 2635 3447 2737 3486; x_wconf 91' lang='lat' dir='ltr'><strong>nec</strong></span> <span class='ocrx_word' id='word_1_545' title='bbox 2775 3432 2960 3486; x_wconf 84' lang='lat' dir='ltr'><strong>itidem</strong></span> <span class='ocrx_word' id='word_1_546' title='bbox 2994 3433 3246 3501; x_wconf 84' lang='lat' dir='ltr'><strong>spiritum</strong></span> <span class='ocrx_word' id='word_1_547' title='bbox 3296 3435 3508 3490; x_wconf 77' lang='lat' dir='ltr'><strong>umbra:</strong></span> <span class='ocrx_word' id='word_1_548' title='bbox 3542 3437 3617 3491; x_wconf 89' lang='lat' dir='ltr'><strong>si-</strong></span> 
     </span>
    </p>
   </div>
   <div class='ocr_carea' id='block_1_79' title="bbox 2020 3521 3118 3592">
    <p class='ocr_par' dir='ltr' id='par_1_79' title="bbox 2020 3521 3118 3592">
     <span class='ocr_line' id='line_1_79' title="bbox 2020 3521 3118 3592; baseline 0.005 -18"><span class='ocrx_word' id='word_1_549' title='bbox 2020 3521 2204 3576; x_wconf 90' lang='lat' dir='ltr'><strong>milem</strong></span> <span class='ocrx_word' id='word_1_550' title='bbox 2234 3537 2355 3576; x_wconf 91' lang='lat' dir='ltr'><strong>esse</strong></span> <span class='ocrx_word' id='word_1_551' title='bbox 2388 3537 2468 3589; x_wconf 91' lang='lat' dir='ltr'><strong>se,</strong></span> <span class='ocrx_word' id='word_1_552' title='bbox 2507 3531 2563 3578; x_wconf 90' lang='lat' dir='ltr'><strong>et</strong></span> <span class='ocrx_word' id='word_1_553' title='bbox 2589 3538 2821 3592; x_wconf 90' lang='lat' dir='ltr'><strong>corpore</strong></span> <span class='ocrx_word' id='word_1_554' title='bbox 2860 3538 3118 3579; x_wconf 83' lang='lat' dir='ltr'><strong>vacuum.</strong></span> 
     </span>
    </p>
   </div>
   <div class='ocr_carea' id='block_1_80' title="bbox 2097 3628 3614 3706">
    <p class='ocr_par' dir='ltr' id='par_1_80' title="bbox 2097 3628 3614 3706">
     <span class='ocr_line' id='line_1_80' title="bbox 2097 3628 3614 3706; baseline 0.006 -23"><span class='ocrx_word' id='word_1_555' title='bbox 2097 3649 2115 3682; x_wconf 75' lang='grc' dir='ltr'><strong>ι</strong></span> <span class='ocrx_word' id='word_1_556' title='bbox 2146 3628 2336 3686; x_wconf 83' lang='lat' dir='ltr'><strong>Videte</strong></span> <span class='ocrx_word' id='word_1_557' title='bbox 2377 3646 2569 3686; x_wconf 89' lang='lat' dir='ltr'><strong>manus</strong></span> <span class='ocrx_word' id='word_1_558' title='bbox 2621 3647 2793 3696; x_wconf 87' lang='lat' dir='ltr'><strong>meas,</strong></span> <span class='ocrx_word' id='word_1_559' title='bbox 2826 3641 2880 3687; x_wconf 87' lang='lat' dir='ltr'><strong>et</strong></span> <span class='ocrx_word' id='word_1_560' title='bbox 2933 3634 3099 3702; x_wconf 87' lang='lat' dir='ltr'><strong>pedes</strong></span> <span class='ocrx_word' id='word_1_561' title='bbox 3146 3649 3336 3690; x_wconf 85' lang='lat' dir='ltr'><strong>meos:</strong></span> <span class='ocrx_word' id='word_1_562' title='bbox 3373 3637 3614 3706; x_wconf 86' lang='lat' dir='ltr'><strong>palpate,</strong></span> 
     </span>
    </p>
   </div>
   <div class='ocr_carea' id='block_1_81' title="bbox 2021 3725 3615 3795">
    <p class='ocr_par' dir='ltr' id='par_1_81' title="bbox 2021 3725 3615 3795">
     <span class='ocr_line' id='line_1_81' title="bbox 2021 3725 3615 3795; baseline 0.004 -18"><span class='ocrx_word' id='word_1_563' title='bbox 2021 3733 2077 3779; x_wconf 88' lang='lat' dir='ltr'><strong>et</strong></span> <span class='ocrx_word' id='word_1_564' title='bbox 2128 3725 2327 3788; x_wconf 88' lang='lat' dir='ltr'><strong>videte,</strong></span> <span class='ocrx_word' id='word_1_565' title='bbox 2360 3725 2489 3795; x_wconf 86' lang='lat' dir='ltr'><strong>quia</strong></span> <span class='ocrx_word' id='word_1_566' title='bbox 2527 3726 2752 3793; x_wconf 90' lang='lat' dir='ltr'><strong>spiritus</strong></span> <span class='ocrx_word' id='word_1_567' title='bbox 2799 3740 3046 3789; x_wconf 90' lang='lat' dir='ltr'><strong>carnem,</strong></span> <span class='ocrx_word' id='word_1_568' title='bbox 3106 3735 3160 3780; x_wconf 93' lang='lat' dir='ltr'><strong>et</strong></span> <span class='ocrx_word' id='word_1_569' title='bbox 3199 3743 3324 3782; x_wconf 89' lang='lat' dir='ltr'><strong>ossa</strong></span> <span class='ocrx_word' id='word_1_570' title='bbox 3363 3744 3468 3784; x_wconf 90' lang='lat' dir='ltr'><strong>non</strong></span> <span class='ocrx_word' id='word_1_571' title='bbox 3512 3731 3615 3784; x_wconf 86' lang='lat' dir='ltr'><strong>ha-</strong></span> 
     </span>
    </p>
   </div>
   <div class='ocr_carea' id='block_1_82' title="bbox 2022 3814 3618 3879">
    <p class='ocr_par' dir='ltr' id='par_1_82' title="bbox 2022 3814 3618 3879">
     <span class='ocr_line' id='line_1_82' title="bbox 2022 3814 3618 3879; baseline 0.003 -9"><span class='ocrx_word' id='word_1_572' title='bbox 2022 3816 2138 3879; x_wconf 82' lang='lat' dir='ltr'><strong>bet,</strong></span> <span class='ocrx_word' id='word_1_573' title='bbox 2197 3817 2341 3870; x_wconf 90' lang='lat' dir='ltr'><strong>sicut</strong></span> <span class='ocrx_word' id='word_1_574' title='bbox 2391 3831 2479 3870; x_wconf 91' lang='lat' dir='ltr'><strong>me</strong></span> <span class='ocrx_word' id='word_1_575' title='bbox 2516 3816 2712 3870; x_wconf 88' lang='lat' dir='ltr'><strong>videtis</strong></span> <span class='ocrx_word' id='word_1_576' title='bbox 2771 3816 2995 3870; x_wconf 88' lang='lat' dir='ltr'><strong>habere.</strong></span> <span class='ocrx_word' id='word_1_577' title='bbox 3039 3835 3057 3868; x_wconf 78' lang='grc'><strong>»</strong></span> <span class='ocrx_word' id='word_1_578' title='bbox 3088 3814 3289 3873; x_wconf 82' lang='lat' dir='ltr'><strong>Verum</strong></span> <span class='ocrx_word' id='word_1_579' title='bbox 3326 3821 3416 3875; x_wconf 90' lang='lat' dir='ltr'><strong>hic</strong></span> <span class='ocrx_word' id='word_1_580' title='bbox 3447 3825 3618 3876; x_wconf 58' lang='lat' dir='ltr'><strong>sulm-</strong></span> 
     </span>
    </p>
   </div>
   <div class='ocr_carea' id='block_1_83' title="bbox 2023 3907 3615 3978">
    <p class='ocr_par' dir='ltr' id='par_1_83' title="bbox 2023 3907 3615 3978">
     <span class='ocr_line' id='line_1_83' title="bbox 2023 3907 3615 3978; baseline 0.006 -18"><span class='ocrx_word' id='word_1_581' title='bbox 2023 3909 2164 3961; x_wconf 86' lang='lat' dir='ltr'><strong>ritur</strong></span> <span class='ocrx_word' id='word_1_582' title='bbox 2216 3907 2504 3973; x_wconf 87' lang='lat' dir='ltr'><strong>dubitatio,</strong></span> <span class='ocrx_word' id='word_1_583' title='bbox 2557 3923 2664 3978; x_wconf 85' lang='lat' dir='ltr'><strong>qua</strong></span> <span class='ocrx_word' id='word_1_584' title='bbox 2699 3913 2913 3967; x_wconf 89' lang='lat' dir='ltr'><strong>ratione</strong></span> <span class='ocrx_word' id='word_1_585' title='bbox 2971 3913 3248 3968; x_wconf 85' lang='lat' dir='ltr'><strong>clavorum</strong></span> <span class='ocrx_word' id='word_1_586' title='bbox 3287 3915 3512 3968; x_wconf 83' lang='lat' dir='ltr'><strong>vulnera</strong></span> <span class='ocrx_word' id='word_1_587' title='bbox 3555 3915 3615 3971; x_wconf 83' lang='lat' dir='ltr'><strong>in</strong></span> 
     </span>
    </p>
   </div>
   <div class='ocr_carea' id='block_1_84' title="bbox 2022 4001 3612 4079">
    <p class='ocr_par' dir='ltr' id='par_1_84' title="bbox 2022 4001 3612 4079">
     <span class='ocr_line' id='line_1_84' title="bbox 2022 4001 3612 4079; baseline 0.008 -27"><span class='ocrx_word' id='word_1_588' title='bbox 2022 4015 2252 4069; x_wconf 86' lang='lat' dir='ltr'><strong>corpore</strong></span> <span class='ocrx_word' id='word_1_589' title='bbox 2304 4001 2700 4070; x_wconf 88' lang='lat' dir='ltr'><strong>incorruptibili</strong></span> <span class='ocrx_word' id='word_1_590' title='bbox 2739 4015 2958 4060; x_wconf 89' lang='lat' dir='ltr'><strong>ostensa</strong></span> <span class='ocrx_word' id='word_1_591' title='bbox 2990 4006 3121 4061; x_wconf 88' lang='lat' dir='ltr'><strong>sint.</strong></span> <span class='ocrx_word' id='word_1_592' title='bbox 3149 4008 3389 4063; x_wconf 90' lang='lat' dir='ltr'><strong>Dicimus</strong></span> <span class='ocrx_word' id='word_1_593' title='bbox 3410 4008 3612 4079; x_wconf 80' lang='lat' dir='ltr'><strong>igitur,</strong></span> 
     </span>
    </p>
   </div>
   <div class='ocr_carea' id='block_1_85' title="bbox 2022 4094 3617 4169">
    <p class='ocr_par' dir='ltr' id='par_1_85' title="bbox 2022 4094 3617 4169">
     <span class='ocr_line' id='line_1_85' title="bbox 2022 4094 3617 4169; baseline 0.006 -23"><span class='ocrx_word' id='word_1_594' title='bbox 2022 4094 2166 4163; x_wconf 84' lang='lat' dir='ltr'><strong>quud</strong></span> <span class='ocrx_word' id='word_1_595' title='bbox 2219 4108 2313 4163; x_wconf 89' lang='lat' dir='ltr'><strong>per</strong></span> <span class='ocrx_word' id='word_1_596' title='bbox 2363 4095 2819 4164; x_wconf 80' lang='lat' dir='ltr'><strong>diSpensationem</strong></span> <span class='ocrx_word' id='word_1_597' title='bbox 2875 4101 2989 4155; x_wconf 64' lang='lat' dir='ltr'><strong>haec</strong></span> <span class='ocrx_word' id='word_1_598' title='bbox 3033 4101 3288 4169; x_wconf 85' lang='lat' dir='ltr'><strong>exhibet,</strong></span> <span class='ocrx_word' id='word_1_599' title='bbox 3347 4112 3408 4157; x_wconf 90' lang='lat' dir='ltr'><strong>ut</strong></span> <span class='ocrx_word' id='word_1_600' title='bbox 3462 4119 3617 4159; x_wconf 88' lang='lat' dir='ltr'><strong>com-</strong></span> 
     </span>
    </p>
   </div>
   <div class='ocr_carea' id='block_1_86' title="bbox 2021 4189 3614 4261">
    <p class='ocr_par' dir='ltr' id='par_1_86' title="bbox 2021 4189 3614 4261">
     <span class='ocr_line' id='line_1_86' title="bbox 2021 4189 3614 4261; baseline 0.006 -20"><span class='ocrx_word' id='word_1_601' title='bbox 2021 4192 2214 4256; x_wconf 88' lang='lat' dir='ltr'><strong>probet</strong></span> <span class='ocrx_word' id='word_1_602' title='bbox 2240 4189 2696 4244; x_wconf 85' lang='lat' dir='ltr'><strong>resurrectionem</strong></span> <span class='ocrx_word' id='word_1_603' title='bbox 2734 4207 2748 4244; x_wconf 90' lang='lat'><strong>:</strong></span> <span class='ocrx_word' id='word_1_604' title='bbox 2799 4191 2843 4247; x_wconf 91' lang='lat' dir='ltr'><strong>si</strong></span> <span class='ocrx_word' id='word_1_605' title='bbox 2876 4194 3020 4247; x_wconf 89' lang='lat' dir='ltr'><strong>enim</strong></span> <span class='ocrx_word' id='word_1_606' title='bbox 3049 4195 3158 4249; x_wconf 89' lang='lat' dir='ltr'><strong>illis</strong></span> <span class='ocrx_word' id='word_1_607' title='bbox 3193 4197 3464 4261; x_wconf 78' lang='lat' dir='ltr'><strong>ostensis,</strong></span> <span class='ocrx_word' id='word_1_608' title='bbox 3513 4196 3614 4250; x_wconf 58' lang='lat' dir='ltr'><strong>ad-</strong></span> 
     </span>
    </p>
   </div>
   <div class='ocr_carea' id='block_1_87' title="bbox 2023 4281 3617 4360">
    <p class='ocr_par' dir='ltr' id='par_1_87' title="bbox 2023 4281 3617 4360">
     <span class='ocr_line' id='line_1_87' title="bbox 2023 4281 3617 4360; baseline 0.006 -26"><span class='ocrx_word' id='word_1_609' title='bbox 2023 4281 2130 4336; x_wconf 92' lang='lat' dir='ltr'><strong>huc</strong></span> <span class='ocrx_word' id='word_1_610' title='bbox 2162 4281 2213 4334; x_wconf 91' lang='lat' dir='ltr'><strong>in</strong></span> <span class='ocrx_word' id='word_1_611' title='bbox 2269 4281 2648 4338; x_wconf 82' lang='lat' dir='ltr'><strong>incredulitate</strong></span> <span class='ocrx_word' id='word_1_612' title='bbox 2705 4285 3096 4353; x_wconf 88' lang='lat' dir='ltr'><strong>persistebant,</strong></span> <span class='ocrx_word' id='word_1_613' title='bbox 3170 4289 3300 4358; x_wconf 90' lang='lat' dir='ltr'><strong>quid</strong></span> <span class='ocrx_word' id='word_1_614' title='bbox 3355 4289 3617 4360; x_wconf 89' lang='lat' dir='ltr'><strong>suspicati</strong></span> 
     </span>
    </p>
   </div>
   <div class='ocr_carea' id='block_1_88' title="bbox 2022 4374 3374 4450">
    <p class='ocr_par' dir='ltr' id='par_1_88' title="bbox 2022 4374 3374 4450">
     <span class='ocr_line' id='line_1_88' title="bbox 2022 4374 3374 4450; baseline 0.005 -21"><span class='ocrx_word' id='word_1_615' title='bbox 2022 4385 2229 4440; x_wconf 87' lang='lat' dir='ltr'><strong>essent,</strong></span> <span class='ocrx_word' id='word_1_616' title='bbox 2263 4374 2366 4430; x_wconf 90' lang='lat' dir='ltr'><strong>nisi</strong></span> <span class='ocrx_word' id='word_1_617' title='bbox 2394 4374 2679 4431; x_wconf 85' lang='lat' dir='ltr'><strong>Passionis</strong></span> <span class='ocrx_word' id='word_1_618' title='bbox 2712 4379 2866 4447; x_wconf 77' lang='lat' dir='ltr'><strong>signa</strong></span> <span class='ocrx_word' id='word_1_619' title='bbox 2911 4383 3374 4450; x_wconf 74' lang='lat' dir='ltr'><strong>conspexissent?</strong></span> 
     </span>
    </p>
   </div>
   <div class='ocr_carea' id='block_1_89' title="bbox 2102 4470 3615 4541">
    <p class='ocr_par' dir='ltr' id='par_1_89' title="bbox 2102 4470 3615 4541">
     <span class='ocr_line' id='line_1_89' title="bbox 2102 4470 3615 4541; baseline 0.008 -21"><span class='ocrx_word' id='word_1_620' title='bbox 2102 4470 2325 4523; x_wconf 71' lang='lat' dir='ltr'><strong>«Adhuc</strong></span> <span class='ocrx_word' id='word_1_621' title='bbox 2353 4481 2533 4524; x_wconf 89' lang='lat' dir='ltr'><strong>autem</strong></span> <span class='ocrx_word' id='word_1_622' title='bbox 2561 4471 2662 4524; x_wconf 91' lang='lat' dir='ltr'><strong>illis</strong></span> <span class='ocrx_word' id='word_1_623' title='bbox 2681 4486 2786 4526; x_wconf 88' lang='lat' dir='ltr'><strong>non</strong></span> <span class='ocrx_word' id='word_1_624' title='bbox 2806 4473 3178 4541; x_wconf 85' lang='lat' dir='ltr'><strong>credentibus,</strong></span> <span class='ocrx_word' id='word_1_625' title='bbox 3201 4485 3256 4530; x_wconf 91' lang='lat' dir='ltr'><strong>et</strong></span> <span class='ocrx_word' id='word_1_626' title='bbox 3283 4474 3615 4532; x_wconf 80' lang='lat' dir='ltr'><strong>mirantibus</strong></span> 
     </span>
    </p>
   </div>
   <div class='ocr_carea' id='block_1_90' title="bbox 1564 4732 2363 4797">
    <p class='ocr_par' dir='ltr' id='par_1_90' title="bbox 1564 4732 2363 4797">
     <span class='ocr_line' id='line_1_90' title="bbox 1564 4732 2363 4797; baseline 0.009 -7"><span class='ocrx_word' id='word_1_627' title='bbox 1564 4732 1892 4793; x_wconf 85' lang='lat' dir='ltr'><strong>Francisci</strong></span> <span class='ocrx_word' id='word_1_628' title='bbox 1931 4733 2144 4795; x_wconf 85' lang='lat' dir='ltr'><strong>Scorsi</strong></span> <span class='ocrx_word' id='word_1_629' title='bbox 2181 4743 2363 4797; x_wconf 77' lang='lat' dir='ltr'><strong>notte.</strong></span> 
     </span>
    </p>
   </div>
   <div class='ocr_carea' id='block_1_91' title="bbox 309 4852 3624 4936">
    <p class='ocr_par' dir='ltr' id='par_1_91' title="bbox 309 4852 3624 4936">
     <span class='ocr_line' id='line_1_91' title="bbox 309 4852 3624 4936; baseline 0.005 -22"><span class='ocrx_word' id='word_1_630' title='bbox 309 4867 405 4914; x_wconf 83' lang='lat' dir='ltr'><strong>est</strong></span> <span class='ocrx_word' id='word_1_631' title='bbox 439 4858 489 4910; x_wconf 89' lang='lat' dir='ltr'><strong>in</strong></span> <span class='ocrx_word' id='word_1_632' title='bbox 521 4854 706 4936; x_wconf 67' lang='lat' dir='ltr'><strong>Ethice</strong></span> <span class='ocrx_word' id='word_1_633' title='bbox 730 4852 1071 4936; x_wconf 65' lang='lat' dir='ltr'><strong>PIdiosop/tia</strong></span> <span class='ocrx_word' id='word_1_634' title='bbox 1103 4863 1489 4936; x_wconf 60' lang='lat' dir='ltr'><strong>peni-aetatum</strong></span> <span class='ocrx_word' id='word_1_635' title='bbox 1524 4863 1919 4936; x_wconf 60' lang='lat' dir='ltr'><strong>atqueprotri-</strong></span> <span class='ocrx_word' id='word_1_636' title='bbox 1957 4869 1996 4920; x_wconf 80' lang='grc' dir='ltr'><strong>Ι)</strong></span> <span class='ocrx_word' id='word_1_637' title='bbox 2026 4881 2146 4934; x_wconf 88' lang='lat' dir='ltr'><strong>quae</strong></span> <span class='ocrx_word' id='word_1_638' title='bbox 2177 4881 2203 4917; x_wconf 91' lang='lat' dir='ltr'><strong>a</strong></span> <span class='ocrx_word' id='word_1_639' title='bbox 2228 4863 2283 4936; x_wconf 62' lang='grc' dir='ltr'><strong>ξ.</strong></span> <span class='ocrx_word' id='word_1_640' title='bbox 2307 4863 2866 4936; x_wconf 82' lang='lat' dir='ltr'><strong>Joanncitidemquea</strong></span> <span class='ocrx_word' id='word_1_641' title='bbox 2891 4868 2948 4922; x_wconf 88' lang='lat' dir='ltr'><strong>S.</strong></span> <span class='ocrx_word' id='word_1_642' title='bbox 2976 4867 3117 4923; x_wconf 87' lang='lat' dir='ltr'><strong>Luca</strong></span> <span class='ocrx_word' id='word_1_643' title='bbox 3143 4869 3321 4925; x_wconf 88' lang='lat' dir='ltr'><strong>citatis</strong></span> <span class='ocrx_word' id='word_1_644' title='bbox 3341 4869 3624 4931; x_wconf 83' lang='lat' dir='ltr'><strong>locisnarJ</strong></span> 
     </span>
    </p>
   </div>
   <div class='ocr_carea' id='block_1_92' title="bbox 315 4926 1917 4998">
    <p class='ocr_par' dir='ltr' id='par_1_92' title="bbox 315 4926 1917 4998">
     <span class='ocr_line' id='line_1_92' title="bbox 315 4926 1917 4998; baseline 0.001 -16"><span class='ocrx_word' id='word_1_645' title='bbox 315 4941 435 4983; x_wconf 86' lang='lat' dir='ltr'><strong>tum</strong></span> <span class='ocrx_word' id='word_1_646' title='bbox 473 4944 535 4979; x_wconf 81' lang='lat' dir='ltr'><strong>cx</strong></span> <span class='ocrx_word' id='word_1_647' title='bbox 559 4928 950 4998; x_wconf 17' lang='lat' dir='ltr'><strong>eoideductutn</strong></span> <span class='ocrx_word' id='word_1_648' title='bbox 988 4926 1191 4998; x_wconf 81' lang='lat' dir='ltr'><strong>dictum</strong></span> <span class='ocrx_word' id='word_1_649' title='bbox 1239 4926 1367 4978; x_wconf 88' lang='lat' dir='ltr'><strong>illud</strong></span> <span class='ocrx_word' id='word_1_650' title='bbox 1394 4944 1618 4998; x_wconf 78' lang='lat' dir='ltr'><strong>aureum</strong></span> <span class='ocrx_word' id='word_1_651' title='bbox 1648 4926 1917 4998; x_wconf 73' lang='lat' dir='ltr'><strong>Cleohuli,</strong></span> 
     </span>
    </p>
   </div>
   <div class='ocr_carea' id='block_1_93' title="bbox 309 4995 1916 5066">
    <p class='ocr_par' dir='ltr' id='par_1_93' title="bbox 309 4995 1916 5066">
     <span class='ocr_line' id='line_1_93' title="bbox 309 4995 1916 5066; baseline 0.002 -14"><span class='ocrx_word' id='word_1_652' title='bbox 309 5003 484 5052; x_wconf 86' lang='lat' dir='ltr'><strong>unius</strong></span> <span class='ocrx_word' id='word_1_653' title='bbox 516 5013 579 5049; x_wconf 80' lang='lat' dir='ltr'><strong>ex</strong></span> <span class='ocrx_word' id='word_1_654' title='bbox 617 4997 832 5062; x_wconf 80' lang='lat' dir='ltr'><strong>Septem</strong></span> <span class='ocrx_word' id='word_1_655' title='bbox 867 4995 1082 5066; x_wconf 83' lang='grc' dir='ltr'>Μέτρον</span> <span class='ocrx_word' id='word_1_656' title='bbox 1113 4996 1359 5066; x_wconf 78' lang='grc' dir='ltr'>ἄριστον,</span> <span class='ocrx_word' id='word_1_657' title='bbox 1386 4996 1652 5062; x_wconf 81' lang='lat' dir='ltr'><strong>Optimum</strong></span> <span class='ocrx_word' id='word_1_658' title='bbox 1678 5003 1731 5054; x_wconf 80' lang='lat' dir='ltr'><strong>in</strong></span> <span class='ocrx_word' id='word_1_659' title='bbox 1766 4995 1916 5056; x_wconf 71' lang='lat' dir='ltr'><strong>rebus</strong></span> 
     </span>
    </p>
   </div>
   <div class='ocr_carea' id='block_1_94' title="bbox 307 5068 808 5122">
    <p class='ocr_par' dir='ltr' id='par_1_94' title="bbox 307 5068 808 5122">
     <span class='ocr_line' id='line_1_94' title="bbox 307 5068 808 5122; baseline -0.01 0"><span class='ocrx_word' id='word_1_660' title='bbox 307 5068 565 5122; x_wconf 80' lang='lat' dir='ltr'><strong>omnibus</strong></span> <span class='ocrx_word' id='word_1_661' title='bbox 600 5069 808 5118; x_wconf 76' lang='lat' dir='ltr'><strong>modus.</strong></span> 
     </span>
    </p>
   </div>
   <div class='ocr_carea' id='block_1_95' title="bbox 389 5135 1914 5216">
    <p class='ocr_par' dir='ltr' id='par_1_95' title="bbox 389 5135 1914 5216">
     <span class='ocr_line' id='line_1_95' title="bbox 389 5135 1914 5216; baseline 0.007 -28"><span class='ocrx_word' id='word_1_662' title='bbox 389 5139 507 5216; x_wconf 62' lang='lat' dir='ltr'><strong>(ii)</strong></span> <span class='ocrx_word' id='word_1_663' title='bbox 574 5135 1013 5216; x_wconf 70' lang='lat' dir='ltr'><strong>Recumbentt’bus</strong></span> <span class='ocrx_word' id='word_1_664' title='bbox 1060 5137 1369 5216; x_wconf 50' lang='lat' dir='ltr'><strong>discipulis.</strong></span> <span class='ocrx_word' id='word_1_665' title='bbox 1406 5138 1552 5193; x_wconf 86' lang='lat' dir='ltr'><strong>Hanc</strong></span> <span class='ocrx_word' id='word_1_666' title='bbox 1587 5141 1786 5196; x_wconf 89' lang='lat' dir='ltr'><strong>Christi</strong></span> <span class='ocrx_word' id='word_1_667' title='bbox 1819 5162 1914 5216; x_wconf 85' lang='lat' dir='ltr'><strong>ap-</strong></span> 
     </span>
    </p>
   </div>
   <div class='ocr_carea' id='block_1_96' title="bbox 307 5207 1912 5280">
    <p class='ocr_par' dir='ltr' id='par_1_96' title="bbox 307 5207 1912 5280">
     <span class='ocr_line' id='line_1_96' title="bbox 307 5207 1912 5280; baseline 0.022 -44"><span class='ocrx_word' id='word_1_668' title='bbox 307 5213 669 5280; x_wconf 61' lang='lat' dir='ltr'><strong>parumne&quot;),</strong></span> <span class='ocrx_word' id='word_1_669' title='bbox 727 5222 888 5280; x_wconf 91' lang='lat' dir='ltr'><strong>quam</strong></span> <span class='ocrx_word' id='word_1_670' title='bbox 955 5211 1019 5280; x_wconf 70' lang='lat'><strong>.5.</strong></span> <span class='ocrx_word' id='word_1_671' title='bbox 1059 5207 1232 5262; x_wconf 74' lang='lat' dir='ltr'><strong>Lucas</strong></span> <span class='ocrx_word' id='word_1_672' title='bbox 1285 5225 1406 5277; x_wconf 89' lang='lat' dir='ltr'><strong>cap.</strong></span> <span class='ocrx_word' id='word_1_673' title='bbox 1450 5226 1576 5263; x_wconf 79' lang='lat' dir='ltr'><strong>xxiv</strong></span> <span class='ocrx_word' id='word_1_674' title='bbox 1607 5225 1814 5280; x_wconf 87' lang='lat' dir='ltr'><strong>narrat,</strong></span> <span class='ocrx_word' id='word_1_675' title='bbox 1846 5207 1912 5271; x_wconf 82' lang='lat' dir='ltr'><strong>de</strong></span> 
     </span>
    </p>
   </div>
   <div class='ocr_carea' id='block_1_97' title="bbox 307 5279 1910 5354">
    <p class='ocr_par' dir='ltr' id='par_1_97' title="bbox 307 5279 1910 5354">
     <span class='ocr_line' id='line_1_97' title="bbox 307 5279 1910 5354; baseline 0.003 -21"><span class='ocrx_word' id='word_1_676' title='bbox 307 5279 428 5350; x_wconf 71' lang='lat' dir='ltr'><strong>qua</strong></span> <span class='ocrx_word' id='word_1_677' title='bbox 465 5290 818 5354; x_wconf 71' lang='lat' dir='ltr'><strong>estpra-seus</strong></span> <span class='ocrx_word' id='word_1_678' title='bbox 862 5279 1102 5342; x_wconf 79' lang='lat' dir='ltr'><strong>homilia,</strong></span> <span class='ocrx_word' id='word_1_679' title='bbox 1145 5281 1395 5354; x_wconf 83' lang='lat' dir='ltr'><strong>eamdem</strong></span> <span class='ocrx_word' id='word_1_680' title='bbox 1427 5296 1547 5334; x_wconf 83' lang='lat' dir='ltr'><strong>esse</strong></span> <span class='ocrx_word' id='word_1_681' title='bbox 1583 5293 1746 5350; x_wconf 87' lang='lat' dir='ltr'><strong>atque</strong></span> <span class='ocrx_word' id='word_1_682' title='bbox 1766 5279 1910 5354; x_wconf 82' lang='lat' dir='ltr'><strong>eam,</strong></span> 
     </span>
    </p>
   </div>
   <div class='ocr_carea' id='block_1_98' title="bbox 305 5348 1914 5420">
    <p class='ocr_par' dir='ltr' id='par_1_98' title="bbox 305 5348 1914 5420">
     <span class='ocr_line' id='line_1_98' title="bbox 305 5348 1914 5420; baseline 0.005 -16"><span class='ocrx_word' id='word_1_683' title='bbox 305 5348 483 5420; x_wconf 73' lang='lat' dir='ltr'><strong>quam</strong></span> <span class='ocrx_word' id='word_1_684' title='bbox 544 5348 768 5403; x_wconf 79' lang='lat' dir='ltr'><strong>Joannis</strong></span> <span class='ocrx_word' id='word_1_685' title='bbox 816 5361 936 5415; x_wconf 88' lang='lat' dir='ltr'><strong>cap.</strong></span> <span class='ocrx_word' id='word_1_686' title='bbox 997 5366 1088 5415; x_wconf 76' lang='lat' dir='ltr'><strong>xx,</strong></span> <span class='ocrx_word' id='word_1_687' title='bbox 1137 5354 1278 5403; x_wconf 88' lang='lat' dir='ltr'><strong>unde</strong></span> <span class='ocrx_word' id='word_1_688' title='bbox 1327 5352 1487 5403; x_wconf 90' lang='lat' dir='ltr'><strong>etiam</strong></span> <span class='ocrx_word' id='word_1_689' title='bbox 1531 5348 1698 5407; x_wconf 71' lang='lat' dir='ltr'><strong>sumit</strong></span> <span class='ocrx_word' id='word_1_690' title='bbox 1749 5348 1914 5412; x_wconf 80' lang='lat' dir='ltr'><strong>multa</strong></span> 
     </span>
    </p>
   </div>
   <div class='ocr_carea' id='block_1_99' title="bbox 306 5421 1911 5494">
    <p class='ocr_par' dir='ltr' id='par_1_99' title="bbox 306 5421 1911 5494">
     <span class='ocr_line' id='line_1_99' title="bbox 306 5421 1911 5494; baseline 0.004 -17"><span class='ocrx_word' id='word_1_691' title='bbox 306 5423 706 5494; x_wconf 81' lang='lat' dir='ltr'><strong>Theophanes,</strong></span> <span class='ocrx_word' id='word_1_692' title='bbox 745 5425 803 5470; x_wconf 89' lang='lat' dir='ltr'><strong>ut</strong></span> <span class='ocrx_word' id='word_1_693' title='bbox 851 5421 1096 5494; x_wconf 80' lang='lat' dir='ltr'><strong>videatur</strong></span> <span class='ocrx_word' id='word_1_694' title='bbox 1113 5423 1484 5494; x_wconf 86' lang='lat' dir='ltr'><strong>narrationem</strong></span> <span class='ocrx_word' id='word_1_695' title='bbox 1523 5425 1803 5494; x_wconf 86' lang='lat' dir='ltr'><strong>utriusque</strong></span> <span class='ocrx_word' id='word_1_696' title='bbox 1858 5432 1911 5484; x_wconf 90' lang='lat' dir='ltr'><strong>in</strong></span> 
     </span>
    </p>
   </div>
   <div class='ocr_carea' id='block_1_100' title="bbox 307 5491 1908 5558">
    <p class='ocr_par' dir='ltr' id='par_1_100' title="bbox 307 5491 1908 5558">
     <span class='ocr_line' id='line_1_100' title="bbox 307 5491 1908 5558; baseline 0.004 -11"><span class='ocrx_word' id='word_1_697' title='bbox 307 5509 484 5547; x_wconf 87' lang='lat' dir='ltr'><strong>unam</strong></span> <span class='ocrx_word' id='word_1_698' title='bbox 504 5493 791 5549; x_wconf 77' lang='lat' dir='ltr'><strong>coniicere,</strong></span> <span class='ocrx_word' id='word_1_699' title='bbox 823 5505 982 5542; x_wconf 81' lang='lat' dir='ltr'><strong>neruo</strong></span> <span class='ocrx_word' id='word_1_700' title='bbox 996 5491 1204 5544; x_wconf 90' lang='lat' dir='ltr'><strong>dubitat</strong></span> <span class='ocrx_word' id='word_1_701' title='bbox 1226 5508 1242 5558; x_wconf 91' lang='lat'><strong>;</strong></span> <span class='ocrx_word' id='word_1_702' title='bbox 1267 5493 1359 5545; x_wconf 85' lang='lat' dir='ltr'><strong>sed</strong></span> <span class='ocrx_word' id='word_1_703' title='bbox 1379 5497 1693 5547; x_wconf 84' lang='lat' dir='ltr'><strong>eteamdem</strong></span> <span class='ocrx_word' id='word_1_704' title='bbox 1717 5491 1908 5553; x_wconf 76' lang='lat' dir='ltr'><strong>itidem</strong></span> 
     </span>
    </p>
   </div>
   <div class='ocr_carea' id='block_1_101' title="bbox 303 5558 1916 5629">
    <p class='ocr_par' dir='ltr' id='par_1_101' title="bbox 303 5558 1916 5629">
     <span class='ocr_line' id='line_1_101' title="bbox 303 5558 1916 5629; baseline 0.004 -11"><span class='ocrx_word' id='word_1_705' title='bbox 303 5581 462 5628; x_wconf 82' lang='lat' dir='ltr'><strong>esse,</strong></span> <span class='ocrx_word' id='word_1_706' title='bbox 509 5565 576 5617; x_wconf 84' lang='lat' dir='ltr'><strong>de</strong></span> <span class='ocrx_word' id='word_1_707' title='bbox 610 5577 715 5628; x_wconf 88' lang='lat' dir='ltr'><strong>qua</strong></span> <span class='ocrx_word' id='word_1_708' title='bbox 749 5560 786 5611; x_wconf 89' lang='lat' dir='ltr'><strong>S</strong></span> <span class='ocrx_word' id='word_1_709' title='bbox 842 5558 1056 5614; x_wconf 74' lang='lat' dir='ltr'><strong>Marcus</strong></span> <span class='ocrx_word' id='word_1_710' title='bbox 1080 5579 1196 5629; x_wconf 87' lang='lat' dir='ltr'><strong>cap.</strong></span> <span class='ocrx_word' id='word_1_711' title='bbox 1232 5578 1338 5628; x_wconf 71' lang='lat' dir='ltr'><strong>xw,</strong></span> <span class='ocrx_word' id='word_1_712' title='bbox 1367 5566 1576 5616; x_wconf 73' lang='lat' dir='ltr'><strong>videtur</strong></span> <span class='ocrx_word' id='word_1_713' title='bbox 1599 5567 1683 5620; x_wconf 84' lang='lat' dir='ltr'><strong>hie</strong></span> <span class='ocrx_word' id='word_1_714' title='bbox 1725 5581 1916 5628; x_wconf 87' lang='lat' dir='ltr'><strong>auctor</strong></span> 
     </span>
    </p>
   </div>
   <div class='ocr_carea' id='block_1_102' title="bbox 302 5633 1912 5698">
    <p class='ocr_par' dir='ltr' id='par_1_102' title="bbox 302 5633 1912 5698">
     <span class='ocr_line' id='line_1_102' title="bbox 302 5633 1912 5698; baseline 0 -9"><span class='ocrx_word' id='word_1_715' title='bbox 302 5636 658 5696; x_wconf 79' lang='lat' dir='ltr'><strong>existimare,</strong></span> <span class='ocrx_word' id='word_1_716' title='bbox 713 5646 832 5683; x_wconf 87' lang='lat' dir='ltr'><strong>cum</strong></span> <span class='ocrx_word' id='word_1_717' title='bbox 869 5633 938 5683; x_wconf 86' lang='lat' dir='ltr'><strong>ab</strong></span> <span class='ocrx_word' id='word_1_718' title='bbox 976 5647 1042 5685; x_wconf 84' lang='lat' dir='ltr'><strong>eo</strong></span> <span class='ocrx_word' id='word_1_719' title='bbox 1087 5636 1286 5686; x_wconf 85' lang='lat' dir='ltr'><strong>dictum</strong></span> <span class='ocrx_word' id='word_1_720' title='bbox 1341 5636 1431 5698; x_wconf 86' lang='lat' dir='ltr'><strong>sit,</strong></span> <span class='ocrx_word' id='word_1_721' title='bbox 1469 5643 1912 5696; x_wconf 83' lang='lat' dir='ltr'><strong>recutnheuttbus</strong></span> 
     </span>
    </p>
   </div>
   <div class='ocr_carea' id='block_1_103' title="bbox 304 5704 1908 5775">
    <p class='ocr_par' dir='ltr' id='par_1_103' title="bbox 304 5704 1908 5775">
     <span class='ocr_line' id='line_1_103' title="bbox 304 5704 1908 5775; baseline 0.004 -17"><span class='ocrx_word' id='word_1_722' title='bbox 304 5706 604 5775; x_wconf 77' lang='lat' dir='ltr'><strong>discipulis</strong></span> <span class='ocrx_word' id='word_1_723' title='bbox 665 5704 1014 5775; x_wconf 73' lang='lat' dir='ltr'><strong>apparuisse,</strong></span> <span class='ocrx_word' id='word_1_724' title='bbox 1047 5719 1166 5769; x_wconf 61' lang='lat' dir='ltr'><strong>quae</strong></span> <span class='ocrx_word' id='word_1_725' title='bbox 1228 5705 1388 5756; x_wconf 78' lang='lat' dir='ltr'><strong>verba</strong></span> <span class='ocrx_word' id='word_1_726' title='bbox 1420 5707 1503 5757; x_wconf 83' lang='lat' dir='ltr'><strong>hic</strong></span> <span class='ocrx_word' id='word_1_727' title='bbox 1551 5709 1908 5774; x_wconf 77' lang='lat' dir='ltr'><strong>explicantur.</strong></span> 
     </span>
    </p>
   </div>
   <div class='ocr_carea' id='block_1_104' title="bbox 304 5773 1908 5844">
    <p class='ocr_par' dir='ltr' id='par_1_104' title="bbox 304 5773 1908 5844">
     <span class='ocr_line' id='line_1_104' title="bbox 304 5773 1908 5844; baseline 0.001 -16"><span class='ocrx_word' id='word_1_728' title='bbox 304 5777 393 5830; x_wconf 83' lang='lat' dir='ltr'><strong>De</strong></span> <span class='ocrx_word' id='word_1_729' title='bbox 436 5773 542 5844; x_wconf 86' lang='lat' dir='ltr'><strong>quo</strong></span> <span class='ocrx_word' id='word_1_730' title='bbox 565 5785 745 5826; x_wconf 86' lang='lat' dir='ltr'><strong>tamen</strong></span> <span class='ocrx_word' id='word_1_731' title='bbox 781 5773 1017 5844; x_wconf 80' lang='lat' dir='ltr'><strong>dubitari</strong></span> <span class='ocrx_word' id='word_1_732' title='bbox 1061 5777 1254 5827; x_wconf 75' lang='lat' dir='ltr'><strong>merito</strong></span> <span class='ocrx_word' id='word_1_733' title='bbox 1280 5787 1476 5841; x_wconf 66' lang='lat' dir='ltr'><strong>potu-st,</strong></span> <span class='ocrx_word' id='word_1_734' title='bbox 1514 5773 1810 5843; x_wconf 76' lang='lat' dir='ltr'><strong>praesertim</strong></span> <span class='ocrx_word' id='word_1_735' title='bbox 1845 5799 1908 5837; x_wconf 73' lang='lat' dir='ltr'><strong>ea</strong></span> 
     </span>
    </p>
   </div>
   <div class='ocr_carea' id='block_1_105' title="bbox 305 5843 1906 5912">
    <p class='ocr_par' dir='ltr' id='par_1_105' title="bbox 305 5843 1906 5912">
     <span class='ocr_line' id='line_1_105' title="bbox 305 5843 1906 5912; baseline 0.004 -14"><span class='ocrx_word' id='word_1_736' title='bbox 305 5843 556 5906; x_wconf 79' lang='lat' dir='ltr'><strong>ratiune,</strong></span> <span class='ocrx_word' id='word_1_737' title='bbox 581 5849 725 5912; x_wconf 82' lang='lat' dir='ltr'><strong>quod</strong></span> <span class='ocrx_word' id='word_1_738' title='bbox 773 5858 801 5894; x_wconf 89' lang='lat' dir='ltr'><strong>a</strong></span> <span class='ocrx_word' id='word_1_739' title='bbox 852 5853 906 5895; x_wconf 67' lang='grc' dir='ltr'><strong>δ.</strong></span> <span class='ocrx_word' id='word_1_740' title='bbox 946 5843 1124 5897; x_wconf 84' lang='lat' dir='ltr'><strong>Marco</strong></span> <span class='ocrx_word' id='word_1_741' title='bbox 1181 5850 1428 5899; x_wconf 81' lang='lat' dir='ltr'><strong>unuecint</strong></span> <span class='ocrx_word' id='word_1_742' title='bbox 1459 5850 1708 5902; x_wconf 84' lang='lat' dir='ltr'><strong>dicantur</strong></span> <span class='ocrx_word' id='word_1_743' title='bbox 1740 5850 1906 5908; x_wconf 67' lang='lat' dir='ltr'><strong>fuisse</strong></span> 
     </span>
    </p>
   </div>
   <div class='ocr_carea' id='block_1_106' title="bbox 300 5914 1901 5994">
    <p class='ocr_par' dir='ltr' id='par_1_106' title="bbox 300 5914 1901 5994">
     <span class='ocr_line' id='line_1_106' title="bbox 300 5914 1901 5994; baseline 0 -18"><span class='ocrx_word' id='word_1_744' title='bbox 300 5914 808 5989; x_wconf 70' lang='lat' dir='ltr'><strong>diﬁcipuii,quibus</strong></span> <span class='ocrx_word' id='word_1_745' title='bbox 832 5916 1272 5970; x_wconf 81' lang='lat' dir='ltr'><strong>recutubcuttbus</strong></span> <span class='ocrx_word' id='word_1_746' title='bbox 1295 5921 1564 5985; x_wconf 75' lang='lat' dir='ltr'><strong>apparuit,</strong></span> <span class='ocrx_word' id='word_1_747' title='bbox 1587 5920 1639 5974; x_wconf 84' lang='lat' dir='ltr'><strong>in</strong></span> <span class='ocrx_word' id='word_1_748' title='bbox 1668 5935 1730 5977; x_wconf 86' lang='lat' dir='ltr'><strong>ea</strong></span> <span class='ocrx_word' id='word_1_749' title='bbox 1751 5937 1901 5994; x_wconf 80' lang='lat' dir='ltr'><strong>vero,</strong></span> 
     </span>
    </p>
   </div>
   <div class='ocr_carea' id='block_1_107' title="bbox 647 6009 1438 6072">
    <p class='ocr_par' dir='ltr' id='par_1_107' title="bbox 647 6009 1438 6072">
     <span class='ocr_line' id='line_1_107' title="bbox 647 6009 1438 6072; baseline 0.003 -2"><span class='ocrx_word' id='word_1_750' title='bbox 647 6009 920 6071; x_wconf 77' lang='lat' dir='ltr'><strong>PATROL.</strong></span> <span class='ocrx_word' id='word_1_751' title='bbox 965 6011 1084 6070; x_wconf 77' lang='lat' dir='ltr'><strong>GR.</strong></span> <span class='ocrx_word' id='word_1_752' title='bbox 1137 6010 1438 6072; x_wconf 58' lang='lat' dir='ltr'><strong>CXXX“.</strong></span> 
     </span>
    </p>
   </div>
   <div class='ocr_carea' id='block_1_108' title="bbox 2028 4935 3614 5012">
    <p class='ocr_par' dir='ltr' id='par_1_108' title="bbox 2028 4935 3614 5012">
     <span class='ocr_line' id='line_1_108' title="bbox 2028 4935 3614 5012; baseline 0.012 -27"><span class='ocrx_word' id='word_1_753' title='bbox 2028 4945 2197 5012; x_wconf 76' lang='lat' dir='ltr'><strong>ratur,</strong></span> <span class='ocrx_word' id='word_1_754' title='bbox 2229 4935 2466 4989; x_wconf 81' lang='lat' dir='ltr'><strong>Thomas</strong></span> <span class='ocrx_word' id='word_1_755' title='bbox 2505 4935 2758 5012; x_wconf 75' lang='lat' dir='ltr'><strong>abfuerit,</strong></span> <span class='ocrx_word' id='word_1_756' title='bbox 2793 4941 3038 5008; x_wconf 85' lang='lat' dir='ltr'><strong>adeoque</strong></span> <span class='ocrx_word' id='word_1_757' title='bbox 3072 4956 3176 4993; x_wconf 87' lang='lat' dir='ltr'><strong>non</strong></span> <span class='ocrx_word' id='word_1_758' title='bbox 3211 4945 3484 5012; x_wconf 82' lang='lat' dir='ltr'><strong>undecim,</strong></span> <span class='ocrx_word' id='word_1_759' title='bbox 3517 4949 3614 5004; x_wconf 86' lang='lat' dir='ltr'><strong>sed</strong></span> 
     </span>
    </p>
   </div>
   <div class='ocr_carea' id='block_1_109' title="bbox 2024 5008 3612 5077">
    <p class='ocr_par' dir='ltr' id='par_1_109' title="bbox 2024 5008 3612 5077">
     <span class='ocr_line' id='line_1_109' title="bbox 2024 5008 3612 5077; baseline 0.008 -17"><span class='ocrx_word' id='word_1_760' title='bbox 2024 5008 2213 5077; x_wconf 87' lang='lat' dir='ltr'><strong>decem</strong></span> <span class='ocrx_word' id='word_1_761' title='bbox 2244 5010 2579 5076; x_wconf 84' lang='lat' dir='ltr'><strong>apparuerit.</strong></span> <span class='ocrx_word' id='word_1_762' title='bbox 2617 5010 2671 5060; x_wconf 73' lang='lat' dir='ltr'><strong>S.</strong></span> <span class='ocrx_word' id='word_1_763' title='bbox 2694 5021 2871 5061; x_wconf 83' lang='lat' dir='ltr'><strong>autem</strong></span> <span class='ocrx_word' id='word_1_764' title='bbox 2899 5013 3252 5077; x_wconf 76' lang='lat' dir='ltr'><strong>Augustinus.</strong></span> <span class='ocrx_word' id='word_1_765' title='bbox 3296 5015 3371 5069; x_wconf 87' lang='lat' dir='ltr'><strong>De</strong></span> <span class='ocrx_word' id='word_1_766' title='bbox 3400 5008 3612 5074; x_wconf 69' lang='lat' dir='ltr'><strong>censen.</strong></span> 
     </span>
    </p>
   </div>
   <div class='ocr_carea' id='block_1_110' title="bbox 2025 5076 3616 5150">
    <p class='ocr_par' dir='ltr' id='par_1_110' title="bbox 2025 5076 3616 5150">
     <span class='ocr_line' id='line_1_110' title="bbox 2025 5076 3616 5150; baseline 0.011 -22"><span class='ocrx_word' id='word_1_767' title='bbox 2025 5076 2226 5146; x_wconf 78' lang='lat' dir='ltr'><strong>Etmng.</strong></span> <span class='ocrx_word' id='word_1_768' title='bbox 2272 5095 2397 5150; x_wconf 82' lang='lat' dir='ltr'><strong>cap.</strong></span> <span class='ocrx_word' id='word_1_769' title='bbox 2436 5078 2522 5140; x_wconf 78' lang='grc'><strong>15,</strong></span> <span class='ocrx_word' id='word_1_770' title='bbox 2588 5079 2676 5130; x_wconf 88' lang='lat' dir='ltr'><strong>lib.</strong></span> <span class='ocrx_word' id='word_1_771' title='bbox 2720 5095 2800 5140; x_wconf 88' lang='lat' dir='ltr'><strong>Ill,</strong></span> <span class='ocrx_word' id='word_1_772' title='bbox 2835 5097 2957 5133; x_wconf 73' lang='lat' dir='ltr'><strong>cum</strong></span> <span class='ocrx_word' id='word_1_773' title='bbox 3003 5076 3361 5150; x_wconf 84' lang='lat' dir='ltr'><strong>probabiliter</strong></span> <span class='ocrx_word' id='word_1_774' title='bbox 3390 5089 3441 5141; x_wconf 90' lang='lat' dir='ltr'><strong>in</strong></span> <span class='ocrx_word' id='word_1_775' title='bbox 3475 5089 3616 5147; x_wconf 85' lang='lat' dir='ltr'><strong>hanc</strong></span> 
     </span>
    </p>
   </div>
   <div class='ocr_carea' id='block_1_111' title="bbox 2019 5149 3617 5221">
    <p class='ocr_par' dir='ltr' id='par_1_111' title="bbox 2019 5149 3617 5221">
     <span class='ocr_line' id='line_1_111' title="bbox 2019 5149 3617 5221; baseline 0.01 -22"><span class='ocrx_word' id='word_1_776' title='bbox 2019 5150 2329 5221; x_wconf 73' lang='lat' dir='ltr'><strong>opinionem</strong></span> <span class='ocrx_word' id='word_1_777' title='bbox 2370 5149 2680 5221; x_wconf 60' lang='lat' dir='ltr'><strong>dissereret,</strong></span> <span class='ocrx_word' id='word_1_778' title='bbox 2743 5151 2902 5204; x_wconf 66' lang='lat' dir='ltr'><strong>soltit</strong></span> <span class='ocrx_word' id='word_1_779' title='bbox 2945 5155 3043 5205; x_wconf 90' lang='lat' dir='ltr'><strong>hoc</strong></span> <span class='ocrx_word' id='word_1_780' title='bbox 3072 5168 3447 5221; x_wconf 75' lang='lat' dir='ltr'><strong>argumentum</strong></span> <span class='ocrx_word' id='word_1_781' title='bbox 3513 5163 3617 5216; x_wconf 88' lang='lat' dir='ltr'><strong>hoc</strong></span> 
     </span>
    </p>
   </div>
   <div class='ocr_carea' id='block_1_112' title="bbox 2021 5218 3618 5290">
    <p class='ocr_par' dir='ltr' id='par_1_112' title="bbox 2021 5218 3618 5290">
     <span class='ocr_line' id='line_1_112' title="bbox 2021 5218 3618 5290; baseline 0.007 -20"><span class='ocrx_word' id='word_1_782' title='bbox 2021 5231 2222 5285; x_wconf 76' lang='lat' dir='ltr'><strong>parto:</strong></span> <span class='ocrx_word' id='word_1_783' title='bbox 2269 5218 2390 5271; x_wconf 79' lang='lat' dir='ltr'><strong>Nisi</strong></span> <span class='ocrx_word' id='word_1_784' title='bbox 2441 5219 2580 5286; x_wconf 75' lang='lat' dir='ltr'><strong>forte</strong></span> <span class='ocrx_word' id='word_1_785' title='bbox 2607 5223 2846 5284; x_wconf 75' lang='lat' dir='ltr'><strong>quamvis</strong></span> <span class='ocrx_word' id='word_1_786' title='bbox 2892 5237 2995 5275; x_wconf 80' lang='lat' dir='ltr'><strong>uno</strong></span> <span class='ocrx_word' id='word_1_787' title='bbox 3037 5218 3268 5290; x_wconf 75' lang='lat' dir='ltr'><strong>absente,</strong></span> <span class='ocrx_word' id='word_1_788' title='bbox 3323 5231 3562 5283; x_wconf 78' lang='lat' dir='ltr'><strong>undecim</strong></span> <span class='ocrx_word' id='word_1_789' title='bbox 3595 5249 3618 5287; x_wconf 89' lang='lat'><strong><em>:</em></strong></span> 
     </span>
    </p>
   </div>
   <div class='ocr_carea' id='block_1_113' title="bbox 2021 5289 3615 5367">
    <p class='ocr_par' dir='ltr' id='par_1_113' title="bbox 2021 5289 3615 5367">
     <span class='ocr_line' id='line_1_113' title="bbox 2021 5289 3615 5367; baseline 0.009 -28"><span class='ocrx_word' id='word_1_790' title='bbox 2021 5299 2195 5367; x_wconf 79' lang='lat' dir='ltr'><strong>lant_cn</strong></span> <span class='ocrx_word' id='word_1_791' title='bbox 2256 5289 2418 5367; x_wconf 76' lang='lat' dir='ltr'><strong>voluit</strong></span> <span class='ocrx_word' id='word_1_792' title='bbox 2473 5290 2757 5356; x_wconf 71' lang='lat' dir='ltr'><strong>appellare,</strong></span> <span class='ocrx_word' id='word_1_793' title='bbox 2803 5295 3140 5367; x_wconf 13' lang='lat' dir='ltr'><strong>quiareadcm</strong></span> <span class='ocrx_word' id='word_1_794' title='bbox 3168 5289 3292 5350; x_wconf 76' lang='lat' dir='ltr'><strong>tum:</strong></span> <span class='ocrx_word' id='word_1_795' title='bbox 3321 5303 3615 5367; x_wconf 79' lang='lat' dir='ltr'><strong>apostolica</strong></span> 
     </span>
    </p>
   </div>
   <div class='ocr_carea' id='block_1_114' title="bbox 2025 5360 3614 5433">
    <p class='ocr_par' dir='ltr' id='par_1_114' title="bbox 2025 5360 3614 5433">
     <span class='ocr_line' id='line_1_114' title="bbox 2025 5360 3614 5433; baseline 0.003 -25"><span class='ocrx_word' id='word_1_796' title='bbox 2025 5360 2250 5433; x_wconf 66' lang='lat' dir='ltr'><strong>societas</strong></span> <span class='ocrx_word' id='word_1_797' title='bbox 2278 5363 2372 5433; x_wconf 61' lang='lat' dir='ltr'><strong>[Ioc</strong></span> <span class='ocrx_word' id='word_1_798' title='bbox 2425 5377 2642 5433; x_wconf 66' lang='lat' dir='ltr'><strong>numero</strong></span> <span class='ocrx_word' id='word_1_799' title='bbox 2683 5366 3105 5428; x_wconf 47' lang='lat' dir='ltr'><strong>nuncupabatur,</strong></span> <span class='ocrx_word' id='word_1_800' title='bbox 3150 5360 3429 5433; x_wconf 67' lang='grc' dir='ltr'>αηιεςμιάηι</span> <span class='ocrx_word' id='word_1_801' title='bbox 3470 5373 3614 5426; x_wconf 71' lang='grc' dir='ltr'><strong>Μαι-</strong></span> 
     </span>
    </p>
   </div>
   <div class='ocr_carea' id='block_1_115' title="bbox 2024 5429 3614 5508">
    <p class='ocr_par' dir='ltr' id='par_1_115' title="bbox 2024 5429 3614 5508">
     <span class='ocr_line' id='line_1_115' title="bbox 2024 5429 3614 5508; baseline 0.011 -29"><span class='ocrx_word' id='word_1_802' title='bbox 2024 5429 2445 5508; x_wconf 67' lang='lat' dir='ltr'><strong>thiasiniocum</strong></span> <span class='ocrx_word' id='word_1_803' title='bbox 2494 5429 3079 5508; x_wconf 65' lang='lat' dir='ltr'><strong>Judazsum-oguretur.</strong></span> <span class='ocrx_word' id='word_1_804' title='bbox 3117 5429 3309 5490; x_wconf 70' lang='lat' dir='ltr'><strong>Verum</strong></span> <span class='ocrx_word' id='word_1_805' title='bbox 3343 5445 3467 5508; x_wconf 85' lang='lat' dir='ltr'><strong>quia</strong></span> <span class='ocrx_word' id='word_1_806' title='bbox 3509 5445 3614 5496; x_wconf 87' lang='lat' dir='ltr'><strong>hoe</strong></span> 
     </span>
    </p>
   </div>
   <div class='ocr_carea' id='block_1_116' title="bbox 2023 5502 3611 5576">
    <p class='ocr_par' dir='ltr' id='par_1_116' title="bbox 2023 5502 3611 5576">
     <span class='ocr_line' id='line_1_116' title="bbox 2023 5502 3611 5576; baseline 0.008 -24"><span class='ocrx_word' id='word_1_807' title='bbox 2023 5502 2185 5552; x_wconf 85' lang='lat' dir='ltr'><strong>etiam</strong></span> <span class='ocrx_word' id='word_1_808' title='bbox 2245 5505 2440 5576; x_wconf 85' lang='lat' dir='ltr'><strong>durum</strong></span> <span class='ocrx_word' id='word_1_809' title='bbox 2510 5503 2674 5576; x_wconf 75' lang='lat' dir='ltr'><strong>videri</strong></span> <span class='ocrx_word' id='word_1_810' title='bbox 2719 5516 2920 5570; x_wconf 57' lang='lat' dir='ltr'><strong>posset,</strong></span> <span class='ocrx_word' id='word_1_811' title='bbox 2978 5509 3140 5559; x_wconf 80' lang='lat' dir='ltr'><strong>rel&#39;ert</strong></span> <span class='ocrx_word' id='word_1_812' title='bbox 3165 5524 3221 5559; x_wconf 84' lang='lat' dir='ltr'><strong>se</strong></span> <span class='ocrx_word' id='word_1_813' title='bbox 3269 5513 3333 5559; x_wconf 84' lang='lat' dir='ltr'><strong>ad</strong></span> <span class='ocrx_word' id='word_1_814' title='bbox 3360 5502 3611 5576; x_wconf 54' lang='lat' dir='ltr'><strong>&#39;primam</strong></span> 
     </span>
    </p>
   </div>
   <div class='ocr_carea' id='block_1_117' title="bbox 2022 5572 3611 5644">
    <p class='ocr_par' dir='ltr' id='par_1_117' title="bbox 2022 5572 3611 5644">
     <span class='ocr_line' id='line_1_117' title="bbox 2022 5572 3611 5644; baseline 0.007 -22"><span class='ocrx_word' id='word_1_815' title='bbox 2022 5572 2382 5641; x_wconf 81' lang='lat' dir='ltr'><strong>respondendi</strong></span> <span class='ocrx_word' id='word_1_816' title='bbox 2437 5574 2724 5639; x_wconf 84' lang='lat' dir='ltr'><strong>ratiOuem,</strong></span> <span class='ocrx_word' id='word_1_817' title='bbox 2760 5590 2865 5641; x_wconf 84' lang='lat' dir='ltr'><strong>qua</strong></span> <span class='ocrx_word' id='word_1_818' title='bbox 2923 5589 3075 5644; x_wconf 87' lang='lat' dir='ltr'><strong>putat</strong></span> <span class='ocrx_word' id='word_1_819' title='bbox 3110 5594 3226 5630; x_wconf 70' lang='lat' dir='ltr'><strong>eam</strong></span> <span class='ocrx_word' id='word_1_820' title='bbox 3267 5596 3292 5631; x_wconf 92' lang='lat' dir='ltr'><strong>a</strong></span> <span class='ocrx_word' id='word_1_821' title='bbox 3329 5572 3388 5633; x_wconf 65' lang='lat' dir='ltr'><strong>S.</strong></span> <span class='ocrx_word' id='word_1_822' title='bbox 3430 5580 3611 5636; x_wconf 83' lang='lat' dir='ltr'><strong>Marco</strong></span> 
     </span>
    </p>
   </div>
   <div class='ocr_carea' id='block_1_118' title="bbox 2021 5644 3608 5714">
    <p class='ocr_par' dir='ltr' id='par_1_118' title="bbox 2021 5644 3608 5714">
     <span class='ocr_line' id='line_1_118' title="bbox 2021 5644 3608 5714; baseline 0.009 -24"><span class='ocrx_word' id='word_1_823' title='bbox 2021 5644 2245 5714; x_wconf 71' lang='lat' dir='ltr'><strong>relatam</strong></span> <span class='ocrx_word' id='word_1_824' title='bbox 2312 5647 2706 5712; x_wconf 82' lang='lat' dir='ltr'><strong>apparitionem</strong></span> <span class='ocrx_word' id='word_1_825' title='bbox 2776 5657 3104 5714; x_wconf 63' lang='lat' dir='ltr'><strong>postremum!</strong></span> <span class='ocrx_word' id='word_1_826' title='bbox 3166 5649 3608 5705; x_wconf 45' lang='lat' dir='ltr'><strong>fuissemnuiutu</strong></span> 
     </span>
    </p>
   </div>
   <div class='ocr_carea' id='block_1_119' title="bbox 2017 5713 3611 5780">
    <p class='ocr_par' dir='ltr' id='par_1_119' title="bbox 2017 5713 3611 5780">
     <span class='ocr_line' id='line_1_119' title="bbox 2017 5713 3611 5780; baseline 0.008 -16"><span class='ocrx_word' id='word_1_827' title='bbox 2017 5713 2133 5780; x_wconf 85' lang='lat' dir='ltr'><strong>ipso</strong></span> <span class='ocrx_word' id='word_1_828' title='bbox 2189 5718 2275 5769; x_wconf 89' lang='lat' dir='ltr'><strong>die</strong></span> <span class='ocrx_word' id='word_1_829' title='bbox 2311 5714 2657 5766; x_wconf 63' lang='lat' dir='ltr'><strong>ASe&#39;ensiouis</strong></span> <span class='ocrx_word' id='word_1_830' title='bbox 2688 5719 2738 5768; x_wconf 86' lang='lat' dir='ltr'><strong>iu</strong></span> <span class='ocrx_word' id='word_1_831' title='bbox 2777 5713 2995 5769; x_wconf 66' lang='lat' dir='ltr'><strong>emtum.</strong></span> <span class='ocrx_word' id='word_1_832' title='bbox 3044 5715 3210 5770; x_wconf 82' lang='lat' dir='ltr'><strong>Habet</strong></span> <span class='ocrx_word' id='word_1_833' title='bbox 3243 5733 3421 5774; x_wconf 86' lang='lat' dir='ltr'><strong>tamen</strong></span> <span class='ocrx_word' id='word_1_834' title='bbox 3475 5728 3611 5778; x_wconf 85' lang='lat' dir='ltr'><strong>alios</strong></span> 
     </span>
    </p>
   </div>
   <div class='ocr_carea' id='block_1_120' title="bbox 2014 5785 3611 5859">
    <p class='ocr_par' dir='ltr' id='par_1_120' title="bbox 2014 5785 3611 5859">
     <span class='ocr_line' id='line_1_120' title="bbox 2014 5785 3611 5859; baseline 0.003 -26"><span class='ocrx_word' id='word_1_835' title='bbox 2014 5797 2264 5839; x_wconf 70' lang='lat' dir='ltr'><strong>aut-tores</strong></span> <span class='ocrx_word' id='word_1_836' title='bbox 2297 5785 2618 5853; x_wconf 60' lang='grc' dir='ltr'>ὁμοψήφους</span> <span class='ocrx_word' id='word_1_837' title='bbox 2683 5788 3043 5854; x_wconf 67' lang='lat' dir='ltr'><strong>&quot;Iheophancs</strong></span> <span class='ocrx_word' id='word_1_838' title='bbox 3104 5802 3306 5850; x_wconf 78' lang='lat' dir='ltr'><strong>noster.</strong></span> <span class='ocrx_word' id='word_1_839' title='bbox 3384 5809 3611 5859; x_wconf 63' lang='lat' dir='ltr'><strong>acprzn-</strong></span> 
     </span>
    </p>
   </div>
   <div class='ocr_carea' id='block_1_121' title="bbox 2012 5856 3609 5928">
    <p class='ocr_par' dir='ltr' id='par_1_121' title="bbox 2012 5856 3609 5928">
     <span class='ocr_line' id='line_1_121' title="bbox 2012 5856 3609 5928; baseline 0.009 -24"><span class='ocrx_word' id='word_1_840' title='bbox 2012 5859 2198 5910; x_wconf 84' lang='lat' dir='ltr'><strong>sertim</strong></span> <span class='ocrx_word' id='word_1_841' title='bbox 2233 5856 2632 5927; x_wconf 79' lang='lat' dir='ltr'><strong>Euthymimn.,</strong></span> <span class='ocrx_word' id='word_1_842' title='bbox 2669 5862 2759 5928; x_wconf 87' lang='lat' dir='ltr'><strong>qui</strong></span> <span class='ocrx_word' id='word_1_843' title='bbox 2791 5877 2909 5912; x_wconf 69' lang='lat' dir='ltr'><strong>cum</strong></span> <span class='ocrx_word' id='word_1_844' title='bbox 2951 5859 3069 5911; x_wconf 78' lang='lat' dir='ltr'><strong>aliis</strong></span> <span class='ocrx_word' id='word_1_845' title='bbox 3096 5869 3290 5912; x_wconf 60' lang='lat' dir='ltr'><strong>utatur</strong></span> <span class='ocrx_word' id='word_1_846' title='bbox 3337 5878 3364 5914; x_wconf 90' lang='lat' dir='ltr'><strong>a</strong></span> <span class='ocrx_word' id='word_1_847' title='bbox 3403 5856 3609 5918; x_wconf 70' lang='lat' dir='ltr'><strong>Maide-</strong></span> 
     </span>
    </p>
   </div>
   <div class='ocr_carea' id='block_1_122' title="bbox 2008 5936 2158 5981">
    <p class='ocr_par' dir='ltr' id='par_1_122' title="bbox 2008 5936 2158 5981">
     <span class='ocr_line' id='line_1_122' title="bbox 2008 5936 2158 5981; baseline 0 -1"><span class='ocrx_word' id='word_1_848' title='bbox 2008 5936 2158 5981; x_wconf 82' lang='lat' dir='ltr'><strong>nato.</strong></span> 
     </span>
    </p>
   </div>
   <div class='ocr_carea' id='block_1_123' title="bbox 3175 6021 3254 6082">
    <p class='ocr_par' dir='ltr' id='par_1_123' title="bbox 3175 6021 3254 6082">
     <span class='ocr_line' id='line_1_123' title="bbox 3175 6021 3254 6082; baseline 0.025 -2"><span class='ocrx_word' id='word_1_849' title='bbox 3175 6021 3254 6082; x_wconf 52' lang='lat'><strong>2!;</strong></span> 
     </span>
    </p>
   </div>
   <div class='ocr_carea' id='block_1_124' title="bbox 3177 6063 3213 6080">
    <p class='ocr_par' dir='ltr' id='par_1_124' title="bbox 3177 6063 3213 6080">
     <span class='ocr_line' id='line_1_124' title="bbox 3177 6063 3213 6080; baseline 0 -2"><span class='ocrx_word' id='word_1_850' title='bbox 3177 6063 3213 6080; x_wconf 64' lang='grc' dir='ltr'>με</span> 
     </span>
    </p>
   </div>
  </div>
