4070 6402
401 438 508 505 ’149

1758 444 2089 503 HOMILIA
2122 444 2388 507 XXXIX.

3572 436 3675 497 ἿῦΟ

400 560 509 631 χρὴ
548 555 932 628 ἀμφιδάλλειν,
971 557 1053 611 ὅτι
1106 559 1203 613 καὶ
1240 554 1385 614 οἶνον
1437 561 1718 615 ἐπεπώκει
1777 561 1989 632 φαγών.

2100 560 2530 614 manducandum
2585 556 2812 611 Domino
2860 557 3007 611 data.
3051 554 3287 610 Omnino
3346 571 3475 610 vero
3523 560 3677 611 dubi-

401 653 464 706 Ei
494 651 603 722 γὰρ
633 650 729 703 καὶ
761 650 1000 703 ἐνταῦθα
1040 652 1347 724 σεσίγηται,
1396 654 1534 708 ἀλλὰ
1564 655 1722 725 δῆλόν
1747 659 1897 709 ἐστιν
1928 654 1987 722 ἐξ

400 739 475 797 ὧν
508 760 674 811 φησιν
699 744 727 795 6
750 740 1099 809 ’Λπόστολος,
1131 745 1212 797 ὄτι
1241 747 1334 799 καὶ
1354 765 1371 797 ι
1401 747 1793 817 Συνεφάγομεν
1815 747 1985 817 αὐτῷ,

402 832 498 885 καὶ
529 832 883 899 συνεπίομεν,
916 850 934 882 ι
995 832 1053 884 οὐ
1110 832 1216 903 πρὸ
1245 833 1339 886 τοῦ
1377 835 1588 898 πάθους
1640 838 1822 903 μόνον,
1850 834 1986 889 ἀλλά

401 924 493 975 καὶ
553 922 691 992 μετά
731 922 827 992 τὴν
860 924 1180 977 ἀνάστασιν.
1241 925 1313 977 Ἦ
1362 927 1482 989 πῶς
1528 926 1721 996 ἔμελλε
1752 928 1849 997 τὴν
1879 928 1986 995 πρὸ

400 1012 492 1065 τοῦ
528 1012 731 1075 πάθους
766 1013 1105 1081 ἐπαγγελίαν
1137 1014 1549 1081 πιστώσασθαι,
1581 1017 1648 1089 ἣν
1679 1019 1735 1069 ἐν
1764 1020 1842 1086 τῷ
1884 1017 1991 1070 τῶν

404 1109 718 1179 μυστηρίων
744 1095 865 1163 εἶπε
897 1109 1075 1180 καιρῷ
1095 1125 1108 1138 ·
1146 1128 1165 1161 ι
1210 1110 1443 1179 Ἀπάρτι
1467 1110 1528 1162 οὐ
1564 1110 1637 1179 μὴ
1670 1110 1778 1160 πιῶ
1806 1110 1869 1161 ἐκ
1894 1108 1988 1161 τοῦ

401 1203 743 1272 γεννήματος
774 1201 873 1270 τῆς
923 1201 1198 1269 ἀμπέλου,
1253 1202 1357 1264 ἕως
1388 1201 1521 1254 αὐτὸ
1564 1201 1675 1254 πιῶ
1708 1200 1894 1253 καινὸν
1927 1203 1986 1254 ἐν

401 1296 465 1364 τῇ
502 1290 750 1365 βασιλείᾳ
800 1294 894 1348 τοῦ
948 1292 1121 1358 Θεοῦ;
1167 1290 1499 1361 »βασιλείαν
1552 1290 1651 1361 μὲν
1683 1288 1989 1358 ὼνομακὼς

402 1387 501 1454 τὴν
525 1385 844 1450 ἀνάστασιν,
879 1385 1002 1439 καθ’
1034 1386 1098 1456 ἣν
1120 1384 1306 1448 ἔλεγεν
1330 1403 1343 1417 ο
1404 1403 1423 1435 ι
1475 1383 1663 1453 Ἐδόθη
1713 1400 1803 1452 μοι
1836 1382 1989 1436 πᾶσα

408 1481 626 1544 ἐξουσία
682 1485 741 1534 ἐν
777 1481 994 1553 οὐρανῷ
1029 1480 1125 1534 καὶ
1170 1482 1265 1532 ἐπὶ
1319 1479 1423 1549 γῆς
1448 1496 1463 1511 ο
1519 1498 1538 1531 ι
1584 1479 1771 1532 καινὸν
1800 1478 1989 1545 δέ,ὃτι

411 1572 711 1642 παράδοξος
742 1568 809 1645 ἦν
838 1573 915 1637 ὼς
940 1572 1158 1643 ἀληθῶς
1199 1575 1226 1626 6
1256 1574 1457 1643 τρόπος
1489 1574 1587 1641 τῆς
1610 1570 1988 1642 μεταλήψεως.

414 1686 432 1717 ι
474 1665 603 1721 Data
627 1678 713 1721 est
740 1667 1065 1723 mihiomuis
1094 1680 1333 1737 poteSIas
1365 1670 1416 1721 in
1451 1668 1614 1733 caelo,
1647 1678 1701 1723 et
1735 1668 1789 1719 in
1838 1676 1982 1720 terra
2022 1665 2069 1697 ⁸³

405 1761 605 1830 ptiouis
637 1760 852 1815 modus.

472 1851 700 1913 Τούτοις
748 1854 876 1915 τοὺς
938 1854 1189 1924 μαθητὰς
1242 1853 1682 1923 πιστωσάμενος,
1732 1852 1827 1907 καὶ
1882 1852 1994 1906 τῶν
2029 1859 2067 1913 Β

404 1943 689 2015 προτέρων
732 1945 967 2015 διδαχῶν
1006 1948 1329 2016 ἀναμνήσας
1373 1946 1595 2010 αὐτοὺς,
1633 1946 1727 1998 καὶ
1756 1945 1988 2013 νεύματι

402 2036 555 2106 θείῳ,
596 2038 687 2090 καὶ
715 2038 892 2105 λόγων
937 2039 1167 2109 ἡδύτητι
1196 2038 1472 2103 διανοίξας
1508 2038 1690 2093 αὐτῶν
1716 2037 1807 2090 τὸν
1838 2036 1987 2101 νοῦν,

404 2131 499 2183 τοῦ
534 2130 773 2183 συνιέναι
803 2131 899 2193 τάς
939 2132 1186 2202 Γραφὰς,
1222 2131 1608 2201 ἐντειλάμενός
1630 2148 1689 2183 τε
1732 2130 1986 2200 προσμέ-

401 2240 515 2275 νειν
548 2225 605 2275 ἐν
655 2223 1042 2294 Ἰερουσαλὴμ,
1076 2226 1170 2278 καὶ
1196 2226 1528 2296 καραδοκεῖν
1576 2224 1677 2294 τὴν
1719 2222 1990 2292 ἐσομένην

404 2316 500 2368 τοῦ
535 2317 692 2384 ἁγίου
742 2318 1059 2389 Πνεύματος
1089 2319 1323 2383 ἐλευσιν,
1356 2319 1425 2388 ἢν
1454 2318 1515 2382 ἐξ
1546 2316 1713 2387 ὕψους
1762 2317 1991 2370 ἐκάλεσε

398 2404 654 2474 δύναμιν,
696 2409 887 2475 ἀνάγει
941 2410 1140 2472 αὐτοὺς
1176 2411 1255 2472 εἰς
1282 2411 1341 2461 τὸ
1396 2409 1524 2480 ὅρος
1568 2408 1678 2462 τῶν
1729 2409 1981 2475 Ἐλαιῶν,

402 2495 540 2565 ὅπερ
567 2497 838 2568 ἐσήμανεν
867 2500 894 2552 6
932 2499 1333 2571 εὐαγγελιστὴς
1368 2498 1540 2553 εἰπών
1573 2516 1588 2531 ⁶
1638 2518 1657 2552 ι
1713 2500 1990 2571 Ἐξήγαγε

404 2586 461 2639 δὲ
509 2590 709 2653 αὐτοὺς
758 2590 865 2654 ἕως
909 2594 990 2654 εἰς
1056 2592 1332 2661 Βηθανίαν
1359 2607 1374 2623 ⁶
1415 2613 1432 2644 ι
1471 2593 1578 2648 ἀπὸ
1619 2593 1715 2646 τοῦ
1760 2594 1994 2664 πλησιά-

404 2679 592 2744 ζοντος
622 2683 813 2748 τόπου,
859 2684 919 2735 τὸ
946 2684 1071 2754 ὅρος
1103 2684 1261 2737 τοῦτο
1292 2684 1634 2754 δεδηλωκὼς.
1684 2686 1830 2739 Ἔδει
1859 2689 1991 2758 γὰρ,

405 2773 515 2827 ἔδει
543 2776 602 2827 ἐν
633 2774 810 2847 τούτῳ
844 2777 921 2848 τῷ
951 2778 1066 2847 ὄρει
1095 2776 1354 2846 γενέσθαι
1379 2777 1475 2830 τοῦ
1510 2778 1763 2848 Σωτῆρος
1788 2780 1887 2850 τὴν
1914 2783 1992 2843 εἰς

405 2869 673 2938 οὐρανοὺς
726 2870 1105 2940 ἀναφοίτησιν.
1153 2871 1398 2942 Ἐπειδὴ,
1444 2872 1519 2935 ὼς
1566 2872 1811 2945 πατρικὴ
1856 2875 1993 2944 πρὸς

408 2963 561 3032 ἡμᾶς
590 2964 801 3017 ἄνωθεν
838 2966 1068 3032 ἀφῖκται
1121 2965 1444 3036 παράδοσις,
1497 2967 1556 3019 ἐν
1604 2964 1781 3037 τούτῳ
1828 2968 1994 3021 πάλιν

450 3056 529 3121 Est
559 3059 618 3110 ἐν
642 3059 708 3127 τῇ
746 3057 951 3129 ἐσχάτῃ
1000 3057 1185 3130 ἡμέρᾳ
1237 3058 1378 3127 μετά
1434 3055 1527 3110 τοῦ
1577 3056 1853 3128 σώματος.
1884 3058 1993 3112 Τοῦ

408 3150 520 3221 γὰρ
550 3150 718 3204 αὐτοῦ
748 3151 917 3204 τόπου
949 3152 982 3221 ἡ
1013 3150 1117 3220 μὲν
1137 3152 1420 3221 ἀκρώρεια
1446 3152 1695 3206 καλεῖται
1730 3153 1854 3223 ὅρος
1882 3153 1994 3209 τῶν

2104 663 2219 705 tare
2279 667 2384 703 non
2436 650 2581 711 licet,
2621 650 2748 717 q‘uin
2796 651 2977 702 vinum
3017 649 3183 704 etiam
3221 649 3672 719 sumpseritiit),

2100 751 2381 810 postquam
2438 740 2696 793 comedit.
2746 739 3002 804 Quamvis
3065 739 3208 793 enim
3269 737 3319 791 id
3395 738 3495 791 huc
3558 738 3675 792 loco

2101 833 2417 895 reticeatur,
2474 841 2653 885 tamen
2705 830 2922 899 planum
2966 841 3049 885 est
3096 847 3160 884 ex
3209 830 3314 893 his,
3383 846 3504 899 quae
3547 830 3677 883 dicit

2101 925 2413 992 Apostolus,
2445 923 2609 992 quod,
2649 942 2667 975 ‹
2702 923 3165 987 Mauducavimus,
3202 936 3255 977 et
3278 924 3518 977 bibimus
3548 939 3676 977 cum

2102 1015 2193 1070 illo
2227 1015 2287 1081 ³¹,
2329 1036 2347 1067 ι
2394 1034 2498 1069 non
2531 1026 2655 1069 ante
2681 1015 2990 1069 PaSsioncm
3023 1019 3201 1080 modo,
3238 1016 3330 1069 sed
3364 1016 3525 1069 etiam
3555 1020 3677 1085 post

2098 1103 2615 1159 Resurrectiunem:
2664 1105 2903 1173 alicquiu
2941 1106 3107 1172 cnim,
3170 1124 3277 1174 quo
3331 1118 3487 1174 pacto
3535 1122 3674 1175 pra:-

2095 1196 2347 1258 stitisset,
2393 1197 2534 1264 quod
2590 1196 2749 1265 paulo
2797 1208 2922 1251 ante
2982 1202 3325 1265 promiserat,
3389 1214 3549 1267 quam
3578 1213 3677 1266 pa-

2100 1300 2328 1353 teretur,
2378 1300 2541 1357 atque
2594 1290 2648 1341 in
2688 1290 2805 1358 ipso
2857 1292 3238 1360 mysteriorum
3304 1300 3547 1360 tempore
3589 1289 3675 1344 di-

2100 1392 2255 1434 xerat
2288 1396 2304 1432 :
2347 1399 2363 1431 ι
2402 1382 2613 1436 Amodo
2639 1396 2744 1435 non
2788 1381 2968 1436 bibam
2989 1396 3051 1435 ex
3081 1382 3185 1436 hoc
3225 1382 3496 1450 genimine
3526 1382 3675 1449 vitis,

2101 1473 2271 1526 donec
2300 1471 2429 1526 illud
2459 1473 2639 1527 bibam
2674 1488 2869 1527 novum
2890 1474 2943 1527 in
2970 1488 3132 1541 regno
3161 1472 3253 1528 Dei
3292 1473 3406 1525 ³⁸7»
3432 1474 3677 1545 Regnum

2099 1568 2312 1624 scilicet
2352 1567 2831 1623 Resurrectionem
2875 1565 3174 1635 appellans,
3214 1565 3282 1620 de
3340 1580 3446 1635 quo
3496 1565 3675 1620 dixit:

2093 1681 2109 1731 ;
2155 1683 2172 1716 ι
2209 1662 2414 1718 Novum
2450 1677 2599 1728 vero,
2629 1661 2773 1730 quod
2825 1658 3163 1713 admirabilis
3223 1673 3353 1713 sane
3400 1657 3508 1712 fuit
3538 1674 3683 1713 sum-

2173 1847 2265 1901 llis
2303 1860 2591 1916 po.tquam
2632 1844 2927 1914 discipulos
2987 1845 3038 1899 iu
3089 1844 3193 1897 ﬁde
3227 1843 3571 1899 confirmavit
3626 1856 3682 1901 et

2098 1940 2351 1993 traditam
2393 1939 2544 2008 prius
2580 1936 2881 1991 doctrinam
2918 1934 2968 1987 iu
3008 1936 3324 1989 memoriam
3381 1938 3679 2002 revocavit,

2093 2032 2388 2098 diviuoque
2419 2042 2580 2095 nutu,
2607 2039 2661 2083 ct
2686 2029 2958 2084 suavitate
2988 2032 3256 2083 sermonis
3282 2030 3347 2081 ad
3374 2029 3684 2096 intelligen-

2094 2127 2190 2180 das
2225 2121 2541 2193 Scripturas
2597 2137 2786 2176 eorum
2826 2133 3059 2177 mentem
3113 2122 3352 2192 aperuit,
3393 2124 3679 2193 praecepit-

2094 2244 2219 2297 que,
2259 2238 2320 2283 ut
2349 2224 2737 2294 llierosolymis
2766 2234 3169 2293 permanerent,
3218 2234 3272 2279 et
3305 2226 3541 2277 hiturum
3582 2227 3678 2278 ad-

2098 2331 2318 2372 ventum
2351 2318 2525 2373 sancti
2555 2316 2788 2385 Spiritus
2811 2327 3210 2384 exspectarent,
3236 2332 3399 2384 quam
3426 2317 3681 2369 virtutem

2093 2430 2156 2469 ex
2194 2412 2302 2465 altu
2337 2412 2586 2474 vocavit;
2651 2410 2797 2463 ducit
2851 2425 2943 2464 eos
2994 2410 3047 2463 in
3094 2419 3330 2463 montem
3379 2409 3678 2472 Olivat'utu,

2093 2522 2254 2576 quem
2309 2505 2544 2574 signavit
2590 2503 2934 2573 EVttngciiSla
2999 2503 3209 2567 dicens,
3271 2521 3288 2553 ι
3331 2502 3529 2556 Eduxit
3589 2517 3685 2557 eos

2098 2600 2241 2651 foras
2292 2598 2346 2650 in
2417 2596 2764 2659 Bethaniarn,
2800 2614 2819 2647 ι
2878 2611 2906 2647 a
2972 2596 3152 2648 vicino
3199 2594 3320 2649 loco
3372 2593 3485 2665 (25)
3538 2597 3685 2649 hunc

2097 2704 2333 2747 tuoutem
2408 2692 2722 2759 designans.
2768 2691 3002 2746 Decebat
3060 2692 3203 2745 enim
3239 2732 3255 2757 ,
3333 2692 3434 2745 hoc
3500 2700 3682 2745 monte

2098 2797 2468 2851 reversionem
2513 2794 2815 2851 Salvatoris
2868 2798 2922 2850 iu
2972 2795 3169 2851 caelum
3208 2795 3363 2860 ﬁeri,
3396 2795 3683 2865 quoniam,

2097 2893 2172 2945 uti
2204 2894 2271 2947 ab
2311 2892 2556 2961 antiquis
2594 2890 2843 2946 Patrihus
2867 2890 3120 2946 traditum
3172 2890 3329 2944 nobis
3358 2900 3465 2955 est,
3503 2891 3553 2943 iu
3579 2890 3684 2946 hoc

2097 2984 2257 3037 etiam
2318 2996 2503 3037 monte
2559 2998 2811 3053 suprema
2881 2982 3067 3037 mundi
3127 2983 3213 3036 die
3268 2998 3391 3036 cum
3451 2996 3682 3051 corpore

2100 3086 2298 3139 veniet.
2376 3084 2546 3155 llujus
2594 3085 2738 3139 enim
2785 3084 2957 3153 ipsius
3004 3084 3110 3137 loci
3166 3098 3412 3138 summus
3464 3085 3681 3153 quidem

2102 3192 2255 3231 mons
2286 3175 2586 3241 Olivarum,
2638 3176 2781 3231 imus
2817 3190 2945 3230 vero
2986 3189 3143 3229 mons
3188 3174 3391 3229 Luctus
3420 3175 3684 3231 convallis

405 3220 653 3309 Ἐλαιῶν,
679 3243 789 3315 ἠδὲ
814 3220 1061 3312 ὑπώρεια
1075 3220 1446 3315 Κλαυθμῶνος
1471 3245 1677 3312 κοιλὰς,
1697 3220 1989 3317 δηλούσης,

2102 3220 2255 3231 ...νην
2291 3220 2586 3241 ν...........,
2638 3220 2780 3231 ...ην
2827 3220 2942 3230 -.ην
2987 3220 3143 3229 ων..-
3191 3220 3390 3229 πη..-
3424 3220 3683 3231 νν.........,

2102 3279 2346 3332 νοειιιυν,
2383 3278 2612 3338 utroque
2647 3268 2931 3331 vocabulo,
2967 3278 3023 3321 ut
3045 3284 3147 3336 ego
3186 3268 3444 3334 arbitror,
3476 3268 3686 3338 signiti-

404 3333 585 3409 οἶμαι,
640 3337 963 3409 ἀμφοτέρας
990 3337 1276 3408 κλήσεως,
1322 3337 1401 3400 ὡς
1442 3339 1493 3391 οἱ
1536 3338 1635 3407 μὲν
1668 3337 1866 3391 δίκαιοι
1896 3337 1991 3409 λή-

405 3433 598 3504 ψονται
621 3432 713 3486 τὸν
737 3435 837 3499 τῆς
871 3430 1236 3495 ἀναπαύσεως
1284 3432 1456 3497 ἔλεον,
1498 3434 1548 3485 οἱ
1582 3432 1641 3486 δὲ
1672 3434 1993 3504 ἁμαρτωλοὶ

409 3525 501 3581 τὸν
533 3524 816 3596 κλαυθμὸν
846 3526 1055 3578 ἐκεῖνον
1077 3524 1170 3578 τὸν
1198 3525 1594 3596 ἀπαράκλητον
1626 3543 1641 3557 ο
1679 3526 1821 3579 Ἀλλ’
1844 3528 1873 3578 6
1896 3526 1992 3580 τοῦ

408 3617 703 3671 θεσπεσίου
730 3616 1001 3687 Ζαχαρίου
1041 3617 1296 3688 χρησμὸς
1341 3620 1397 3672 ἐν
1428 3619 1605 3691 τούτῳ
1648 3621 1725 3691 τῷ
1755 3622 1872 3691 ὄρει
1900 3623 1992 3676 θε-

414 3711 643 3781 σπιῳδεῖ
659 3711 758 3778 τὴν
785 3710 1053 3779 σωτήριον
1072 3710 1325 3777 γενέσθαι
1348 3713 1638 3782 ἀνάληψιν⁶
1669 3735 1686 3766 ι
1712 3716 1839 3768 ’ἰδοὺ
1858 3717 1995 3786 ἠμέ-

413 3822 484 3875 ρα
507 3805 733 3875 ἔρχεται
765 3803 995 3873 Κυρίου,
1018 3806 1111 3855 καὶ
1142 3805 1434 3875 στήσονται
1458 3807 1505 3858 οἱ
1527 3807 1687 3869 πόδες
1715 3809 1882 3861 αὑτοῦ
1902 3810 1996 3862 ἐπὶ

411 3900 472 3951 τὸ
490 3898 614 3968 ὅρος
642 3898 750 3950 τῶν
798 3895 1029 3949 Ἐλαιῶν
1065 3898 1358 3950 κατέναντι
1403 3898 1787 3972 Ἰερουσαλήμ.
1830 3922 1849 3955 ι
1908 3904 1996 3956 Ἐν

412 3990 492 4061 τῷ
523 3991 640 4063 ὄρει
674 3989 767 4043 οὖν
820 3988 1004 4058 τούτῳ
1042 3988 1239 4055 ἀνάγει
1267 3992 1393 4052 τοὺς
1440 3991 1712 4061 μαθητὰς,
1750 3995 1845 4046 καὶ
1896 3994 1997 4057 τὰς

412 4085 604 4152 χεῖρας
629 4082 799 4149 αἴρει,
836 4078 900 4142 ἃς
935 4080 1002 4131 δι’
1051 4080 1198 4150 ἡμᾶς
1229 4075 1362 4152 ᾖρεν
1406 4082 1467 4133 ἐν
1513 4083 1591 4153 τῷ
1626 4084 1869 4154 σταυρῷ,
1902 4087 1996 4139 καὶ

414 4175 512 4245 τὴν
544 4177 883 4244 Δεσποτικὴν
925 4173 1179 4240 εὐλογίαν
1207 4175 1391 4238 αὐτοῖς
1426 4174 1667 4241 δίδωσιν,
1709 4179 1874 4230 οἱονεὶ
1906 4197 1997 4232 τε-

414 4270 693 4335 λευταίαν,
742 4271 839 4321 καὶ
892 4269 1288 4338 συντακτήριον
1314 4283 1326 4295 ·
1365 4269 1461 4321 καὶ
1491 4268 1634 4324 οὕτω
1677 4273 1999 4343 παραδόξως

414 4368 495 4427 είς
522 4363 788 4434 οὐρανοὺς
820 4360 1183 4430 ἀναφέρεται,
1224 4362 1284 4412 οὐ
1331 4361 1543 4432 πυρίνῳ
1590 4364 1820 4434 ἅρματι,
1855 4366 1932 4430 ὼς
1969 4370 1998 4420 6

413 4457 681 4528 Θεσῦίτης
732 4456 943 4526 ἀρθεὶς,
1008 4456 1147 4509 ἀλλὰ
1191 4460 1427 4526 φωτεινῇ
1491 4458 1687 4529 νεφέλῃ
1746 4459 1995 4530 ληφθείς.

2098 3362 2444 3430 cantejustos
2473 3362 2689 3432 quidem
2718 3362 2980 3432 requietis
3003 3374 3220 3417 eterna:
3251 3360 3683 3418 misericordiam

2096 3452 2459 3518 obtenturos,
2516 3460 2831 3521 peccatores
2893 3467 3021 3506 vero
3068 3450 3251 3507 ﬂetum
3304 3451 3449 3505 illum
3502 3451 3684 3505 omnis

2099 3544 2492 3599 consolationis
2522 3552 2823 3611 expertem.
2860 3542 3056 3598 Verum
3089 3543 3141 3597 in
3169 3545 3269 3599 hoc
3310 3552 3495 3598 monte
3537 3543 3652 3597 futu
3674 3571 3686 3585 ο

2103 3651 2218 3689 ram
2252 3651 2376 3713 esse
2405 3637 2702 3690 salutarem
2743 3635 2957 3689 Domini
2990 3636 3378 3690 Ascensionem
3419 3636 3683 3689 divinitus

2098 3728 2260 3783 θωπιιί
2290 3729 2569 3784 Zacharias
2597 3728 2981 3782 vaticinatione
3013 3728 3330 3796 prmdictum
3358 3738 3479 3782 est:
3518 3728 3686 3797 278

2103 3838 2123 3873 ι
2166 3820 2301 3874 Ecce
2349 3820 2466 3874 dies
2502 3819 2711 3873 Domini
2763 3816 2934 3881 venit,
2982 3824 3036 3870 et
3081 3817 3303 3871 stabunt
3350 3817 3514 3885 pedes
3564 3816 3684 3881 ejus

2100 3925 2263 3979 super
2315 3920 2550 3965 montem
2584 3909 2891 3973 Olivarum,
2938 3909 3032 3978 qui
3087 3916 3172 3962 est
3213 3918 3401 3962 contra
3460 3905 3684 3961 Jerusa-

2099 4004 2202 4056 lem
2230 4002 2293 4056 ³⁵.
2360 4021 2377 4053 ι
2415 4004 2477 4057 in
2511 4003 2655 4056 hunc
2690 4002 2854 4071 igitur
2884 4010 3123 4055 montem
3173 3998 3470 4069 discipulos
3510 3998 3681 4060 ducit,

2100 4109 2153 4152 et
2184 4098 2359 4151 elevat
2406 4112 2634 4161 manus,
2693 4110 2831 4165 quas
2889 4104 3074 4147 nostra
3128 4105 3293 4145 causa
3350 4091 3584 4145 elevavit
3631 4091 3687 4142 in

2102 4206 2263 4245 cruce
2297 4208 2309 4242 ε
2346 4199 2402 4243 et
2435 4189 2867 4243 benedictionem
2902 4187 3005 4239 illis
3033 4185 3275 4255 impertit
3310 4193 3367 4237 ut
3400 4182 3685 4245 Dominus,

2102 4295 2152 4337 et
2178 4292 2235 4336 ut
2267 4293 2620 4352 postremam,
2653 4291 2710 4334 et
2743 4296 2862 4349 qua:
2916 4279 3211 4333 multorum
3243 4277 3348 4329 vim
3391 4285 3687 4344 praeceptu-

2100 4393 2220 4429 rum
2258 4375 2484 4428 haberet
2515 4372 2654 4442 {9.6),
2689 4381 2854 4440 atque
2903 4371 2972 4423 ita
3024 4368 3327 4422 mirandum
3378 4369 3429 4419 iu
3465 4368 3680 4419 modum

2103 4470 2344 4522 tlevalur
2383 4466 2436 4520 in
2468 4466 2700 4531 cwlum;
2738 4478 2843 4517 non
2874 4464 3030 4530 igneo
3061 4476 3246 4519 curru.
3292 4467 3349 4512 ut
3398 4457 3686 4509 Thesbites

415 4551 570 4604 Οὕτω
592 4551 698 4621 γάρ
731 4566 900 4619 φησιν
937 4550 965 4602 6
1001 4549 1163 4611 αὐτὸς
1193 4550 1586 4618 εὐαγγελιστὴς
1618 4554 1676 4605 ἐν
1698 4552 1775 4622 τῷ
1808 4554 1994 4626 βιῦλίῳ

2108 4561 2198 4613 ille
2227 4560 2473 4613 siiblatus
2498 4560 2565 4623 ³⁸,
2596 4559 2688 4612 sed
2714 4557 2889 4610 lucida
2920 4563 3185 4623 exceptus
3217 4552 3377 4605 nube.
3414 4549 3507 4603 Sic
3542 4550 3687 4602 enim

412 4644 524 4696 τῶν
560 4644 843 4713 Πράξεων,
874 4642 949 4704 ὡς
988 4661 1007 4694 ι
1050 4641 1370 4695 Βλεπὸντων
1403 4644 1585 4696 αὐτῶν
1622 4646 1866 4717 ἐπήρθη,
1900 4649 1995 4700 καὶ

412 4736 613 4805 νεφέλη
642 4735 914 4789 ὑπέλαϐεν
947 4735 1111 4788 αὐτὸν
1132 4735 1241 4789 ἀπὸ
1268 4734 1378 4789 τῶν
1410 4735 1709 4808 ὀφθαλμῶν
1738 4739 1938 4793 αὐτῶν.
1969 4759 1988 4792 ι

412 4822 522 4881 Ἦν
551 4828 608 4881 δὲ
652 4829 685 4898 ἡ
736 4827 936 4899 νεφέλη
974 4827 1035 4882 τὸ
1088 4827 1316 4897 Πνεῦμα
1366 4828 1427 4881 τὸ
1477 4830 1635 4898 ἆγιον
1670 4846 1684 4861 ·
1729 4831 1995 4903 αἰσθητὴν

487 4968 531 4998 ³¹
586 4972 706 5023 Act.
748 4983 802 5033 κ,
836 4966 925 5023 41.
1034 4969 1078 5001 ³³
1124 4965 1312 5021 Matth.
1356 4983 1504 5033 XXVI,
1557 4968 1640 5022 19.

418 5040 463 5071 ³⁸
490 5044 608 5094 Act.
645 5054 682 5105 ι,
718 5038 773 5092 9.

1754 4969 1799 5002 ³³
1840 4971 2252 5039 Mattt1.xxvm,
2296 4974 2377 5027 l8.

2105 4653 2245 4706 idem
2270 4650 2613 4721 Evangelista
2640 4651 2691 4703 iu
2710 4650 2967 4703 Actorum
2994 4647 3132 4702 libro
3150 4648 3248 4709 ait,
3279 4646 3420 4714 quod
3445 4665 3462 4694 ι
3494 4644 3657 4697 Viden
3679 4670 3691 4681 -

2106 4744 2250 4798 tibus
2297 4744 2402 4798 illis
2442 4738 2686 4798 elevatus
2733 4752 2846 4808 est;
2876 4753 2929 4794 et
2952 4743 3124 4796 nubes
3178 4738 3414 4805 suscepit
3448 4751 3570 4789 eum
3616 4735 3684 4788 ab

2058 4906 2061 4911 Α
2104 4836 2275 4890 oculis
2318 4853 2504 4890 eorum
2536 4836 2603 4890 ³⁸.
2639 4855 2656 4886 ι
2697 4834 2826 4888 Erat
2880 4844 3058 4889 autem
3094 4834 3206 4886 haec
3248 4831 3421 4885 nubes
3452 4828 3687 4899 Spiritus

2487 4974 2529 5005 3‘
2563 4972 2794 5027 Z‘ichar.
2833 4986 2942 5036 xiv,
2980 4970 3033 5023 4.
3136 4970 3201 5033 ³⁸,
3238 4967 3299 5021 IV
3339 4967 3395 5020 It
3420 4984 3470 5039 ς.
3505 4982 3562 5030 ιι,
3594 4967 3680 5023 ll.

1656 5148 1980 5210 Francisci
2012 5148 2215 5210 Scersi
2255 5154 2442 5210 notae.

484 5267 595 5336 (9.4)
654 5266 845 5321 Vinum
866 5271 1024 5321 etiam
1050 5268 1349 5339 sumpserit.
1392 5266 1480 5320 Illa
1516 5266 1714 5321 Christi
1766 5271 1927 5322 verba
1972 5286 1986 5323 :

418 5338 541 5392 Non
567 5340 741 5391 bibunt
800 5343 989 5393 amedo
1045 5340 1109 5391 de
1140 5338 1235 5392 huc
1264 5339 1527 5409 genimine
1575 5340 1692 5392 vilis
1715 5339 1879 5392 donec
1910 5340 1992 5393 bi-

411 5414 532 5462 bam
578 5410 709 5461 illud
752 5411 1012 5462 vobiscum
1061 5407 1277 5462 uocum'
1318 5410 1380 5462 in
1423 5407 1599 5478 Regna
1632 5410 1749 5463 Dei.
1787 5413 1858 5463 De
1890 5416 1991 5464 huc

416 5491 655 5547 tempore
707 5482 1144 5534 Resurrectionis
1193 5495 1314 5531 cum
1348 5482 1736 5543 manducavit,
1776 5491 1829 5534 et
1860 5482 1994 5532 bibit

415 5566 539 5603 eum
588 5551 867 5617 discipulis
893 5552 1145 5619 intelligit
1198 5549 1507 5619 Chrysost.,
1552 5566 1712 5617 quem
1746 5554 1992 5619 sequitur

412 5635 617 5683 auster,
649 5630 701 5673 et
730 5624 900 5674 secuti
920 5631 1044 5673 sunt
1093 5625 1414 5689 posteriores
1438 5620 1689 5691 Euthym.
1719 5635 1770 5674 et
1809 5620 1984 5674 Theu-

412 5692 557 5759 νειμ.
612 5693 810 5759 quibus
862 5701 916 5745 et
972 5695 1218 5761 plerique
1291 5695 1615 5745 recentiores
1662 5695 1988 5760 interpretes

412 5765 781 5825 adlueserunt,
807 5765 944 5815 inter
978 5779 1115 5831 quos
1147 5761 1483 5815 Mahluuatus
1509 5771 1695 5816 uuster
1717 5763 1991 5830 probabile

415 5844 586 5899 putat,
639 5835 911 5887 Christum
977 5836 1262 5901 aliquando
1320 5835 1442 5887 licet
1494 5847 1599 5885 non
1629 5848 1843 5903 semper
1868 5848 1990 5886 cum

413 5904 672 5972 apostolis
705 5916 1014 5959 vescentem
1047 5908 1229 5958 vinum
1260 5903 1481 5970 bibisse,
1507 5912 1665 5972 atque
1697 5905 1796 5961 hoc
1828 5908 1994 5960 sentit

2095 5271 2180 5323 hic
2214 5277 2423 5322 auctor.

2165 5340 2348 5410 (9.5)A
2404 5338 2577 5411 vicino
2627 5338 2759 5392 loco.
2823 5335 3133 5411 Propinqua
3174 5350 3255 5397 est
3277 5341 3443 5395 monti
3471 5338 3687 5392 Oliveto

2098 5408 2357 5464 Bethania
2388 5410 2533 5461 inille
2558 5408 2724 5462 ferme
2750 5408 3029 5478 passushb
3048 5408 3113 5464 eo
3136 5414 3358 5467 distans.
3417 5410 3509 5463 Est
3535 5412 3682 5464 enim

2101 5496 2253 5534 mons
2278 5479 2590 5546 interiectus
2615 5483 2756 5552 inter
2798 5479 3245 5552 lliernsulymam,
3267 5491 3320 5534 et
3345 5481 3680 5552 Ιίνιιιιιιιιςιιη,

2099 5568 2217 5619 quin
2268 5553 2333 5603 ab
2367 5552 2451 5602 illa
2500 5550 2689 5602 stadiis
2712 5549 3059 5617 quindecim,
3095 5555 3196 5606 huc
3230 5563 3305 5602 est
3337 5556 3438 5601 duo
3465 5549 3684 5601 (-ii-i-iti-r

2097 5637 2348 5689 passuum
2385 5620 2547 5672 millia
2580 5621 2846 5688 disjuucta
2872 5632 2971 5673 est.
3005 5627 3153 5685 Quod
3184 5637 3247 5675 ex
3283 5619 3680 5685 Charogruphia

2096 5692 2387 5746 Christiani
2426 5691 2761 5742 Adrichuiuii
2795 5693 2977 5755 Delphi
3020 5699 3184 5759 putet.

2169 5764 2284 5831 (26)
2322 5760 2384 5813 Et
2416 5776 2533 5829 qua:
2596 5762 2880 5813 multorum
2922 5765 3023 5813 vim
3053 5771 3425 5830 pra'ci’plornm
3450 5760 3681 5813 imberel.

2101 5832 2176 5885 Ita
2214 5831 2705 5884 circuutsertbeudn
2742 5848 2838 5883 vox
2874 5832 3267 5901 συντακτήριον
3314 5834 3430 5893 fuit,
3478 5833 3542 5883 ιὶιε
3576 5846 3681 5902 qua

2106 5904 2284 5958 recole
2306 5918 2423 5972 qu;e
2459 5902 2881 5971 disceptavhnus
2918 5905 2982 5955 ad
3020 5903 3164 5956 bum.
3205 5919 3279 5969 τι,
3310 5912 3417 5958 not.
3455 5905 3538 5959 11.
