4070 6454
396 381 506 447 757

1795 384 1982 445 ΠΟλῙί
2001 383 2121 443 LIA
2159 383 2421 448 XXXIX.

3563 383 3702 446 758-"

393 496 548 567 κρῶν
573 496 1021 566 παλιγγενεσίαν,
1065 496 1188 551 καθ’
1224 498 1291 568 ἣν
1322 499 1349 552 ὁ
1384 497 1734 568 πρωτότοκος
1763 497 1996 568 γενόμε-

2102 495 2440 566 regeneratio
2475 492 2614 548 facta
2653 497 2755 559 est,
2801 505 2900 562 per
2939 504 3102 562 quam
3134 491 3226 562 qui
3277 491 3674 563 primogenitus

391 604 489 652 νος
518 589 703 658 πάσης
761 588 995 650 κτίσεως
1042 589 1138 642 καὶ
1212 589 1564 660 πρωτότοκος
1609 589 1722 646 τῶν
1775 589 1990 660 νεκρῶν

394 681 794 752 ἐχρημάτισεν.
837 681 926 734 Ἐν
961 680 1062 751 μὲν
1105 680 1200 735 οῦν
1227 685 1292 753 τῇ
1325 681 1521 754 πρώτῃ
1557 683 1816 753 γεννήσει
1851 682 1992 752 μετὰ

398 771 817 840 τεσσαράκοντα
846 770 1062 842 ήμέρας
1108 772 1396 842 ἀνήγαγεν
1434 773 1618 836 αὑτὸν,
1663 773 1743 837 ὡς
1773 773 1991 843 πρωτό-

398 879 585 926 τοκον,
613 863 671 914 ἐν
703 861 782 932 τῷ
816 863 948 934 ἱερῷ
968 865 1320 935 παραστῆσαι
1361 865 1594 920 ἐνώπιον
1634 866 1868 938 Κυρίου,
1897 867 1992 919 καὶ

397 955 586 1009 δοῦναι
625 955 820 1010 θυσίαν
861 956 1005 1010 κατὰ
1031 957 1092 1011 τὸ
1122 957 1216 1013 τοῦ
1258 959 1425 1029 νόμου
1487 959 1859 1030 παράγγελμα
1891 974 1904 988 ⁸
1933 961 1992 1012 ὲν

398 1045 458 1098 δὲ
493 1048 559 1116 τῇ
599 1046 831 1118 δευτέρᾳ
871 1048 1125 1116 γεννήσει
1179 1053 1248 1120 τῇ
1302 1051 1411 1104 ἀπὸ
1460 1049 1554 1103 τοῦ
1605 1047 1988 1120 βαπτίσματος

401 1137 616 1209 ἀνήχθη
659 1127 890 1194 tineam)
915 1140 1236 1212 Πνεύματος
1278 1144 1360 1206 είς
1397 1143 1497 1212 τὴν
1535 1142 1770 1212 ἔρημον,
1815 1145 1910 1196 καὶ
1933 1145 1992 1196 ἐν

400 1231 557 1295 ὅλαις
584 1233 1002 1302 τεσσαράκοντα
1035 1235 1274 1307 ἡμέραις
1306 1237 1482 1290 πάντα
1513 1238 1754 1308 νικήσας
1800 1254 1995 1308 πειρα-

402 1325 581 1393 σμὸν,
625 1326 721 1379 καὶ
774 1327 1124 1398 ἰσχυρότερος
1179 1331 1370 1396 φανεὶς
1427 1329 1521 1382 τοῦ
1583 1329 1988 1400 πειράζοντος,

402 1415 608 1486 ἤρξατο
637 1417 934 1490 κηρύττειν
966 1419 1065 1491 τὴν
1099 1420 1378 1490 βασιλείαν
1405 1423 1500 1476 τοῦ
1537 1422 1698 1476 Θεοῦ.
1737 1423 1991 1477 Ἀκολού-

404 1509 516 1572 θως
539 1509 632 1564 οὖν
661 1511 758 1566 καὶ
795 1513 936 1581 μετὰ
967 1513 1064 1583 τὴν
1094 1513 1288 1585 τρίτην
1312 1516 1587 1584 γέννησιν,
1620 1517 1766 1586 φημὶ
1805 1517 1868 1586 δὴ
1892 1518 1993 1586 τὴν

404 1606 472 1658 ὲκ
499 1604 711 1674 νεκρῶν
749 1605 1071 1672 ἀναϐίωσιν,
1119 1607 1258 1677 μετά
1303 1608 1724 1678 τεσσαράκοντα
1755 1608 1989 1678 ἡμέρας,

405 1697 488 1760 είς
532 1696 594 1749 τὸ
639 1696 1039 1769 ὺπερουράνιον
1083 1698 1347 1766 ἀνάγεται
1373 1701 1542 1770 ἱερὸν,
1577 1699 1862 1770 παριστῶν
1892 1699 1991 1769 τὴν

408 1789 574 1858 φύσιν
625 1790 788 1860 ἡμῶν
831 1791 891 1844 ὲν
937 1790 1116 1862 ἐαυτῷ
1162 1791 1412 1864 καθαράν
1471 1791 1546 1862 τῷ
1585 1792 1709 1863 Θεῷ
1753 1792 1848 1846 καὶ
1880 1792 1990 1845 Πα-

2091 596 2208 641 erat
2235 586 2414 641 omnis
2441 593 2709 640 creatura:
2740 584 2804 648 ³⁸,
2832 591 3172 639 mortuorum
3199 585 3364 640 etiam
3405 586 3674 656 primoge-

2093 679 2238 733 nitus
2264 678 2442 732 dictus
2472 686 2555 732 est
2578 677 2643 726 ³³.
2679 677 2738 731 in
2771 677 2944 747 prima
2978 675 3143 746 igitur
3168 677 3522 746 generatione
3552 684 3674 746 post

2091 770 2447 841 quadraginta
2472 768 2590 824 dies
2605 769 2757 823 duxit
2776 783 2922 833 eum,
2946 773 3006 820 ut
3027 768 3476 838 primogenitum,
3498 767 3673 823 Mater

2093 862 2146 916 in
2185 860 2472 930 templum,
2529 870 2588 913 ut
2640 857 2856 912 sisteret
2891 872 3020 912 eum
3073 871 3257 912 coram
3313 857 3561 919 Domino,
3617 864 3675 912 et

2094 955 2248 1010 daret
2298 954 2530 1008 hostiam
2565 952 2721 1023 juxta
2769 952 2906 1020 legis
2952 952 3329 1022 praescriptum
3381 951 3450 1007 “.
3490 951 3548 1005 In
3583 964 3674 1006 se—

2095 1047 2268 1100 cunda
2306 1045 2472 1116 2'79
2495 1059 2622 1100 vero
2656 1045 3029 1114 generatione,
3059 1059 3178 1113 quae
3212 1059 3309 1112 per
3339 1044 3671 1111 baptismum

2095 1149 2176 1192 est
2199 1137 2362 1202 facta,
2389 1137 2590 1191 ductus
2617 1135 2718 1189 fuit
2749 1149 2779 1188 a
2810 1135 3015 1205 Spiritu
3045 1134 3099 1188 in
3127 1135 3423 1197 desertum,
3449 1144 3503 1188 et
3529 1141 3672 1189 totos

2095 1227 2450 1298 quadraginta
2489 1227 2602 1282 dies
2651 1226 2724 1281 ibi
2779 1227 3000 1296 degens,
3038 1240 3159 1280 cum
3206 1225 3538 1280 tentationes
3585 1225 3669 1278 vi-

2095 1321 2260 1374 cisset
2303 1334 2526 1382 omnes,
2569 1327 2624 1374 et
2673 1317 2958 1373 fortiorem
3007 1332 3068 1373 se
3117 1327 3389 1372 tentatore
3445 1318 3672 1373 demon-

2095 1419 2343 1475 strasset,
2383 1412 2548 1481 coepit
2573 1409 2874 1482 prmdirare
2905 1425 3130 1480 regnum
3162 1409 3279 1464 Dei.
3303 1409 3676 1479 Congruenter

2096 1504 2262 1574 igitur
2293 1503 2452 1556 etiam
2485 1513 2612 1572 post
2643 1502 2857 1556 tertiam
2903 1501 3235 1555 nativitatem
3266 1541 3282 1557 .
3319 1500 3680 1555 resurrectio-

2096 1610 2215 1648 nem
2251 1611 2316 1648 cx
2358 1597 2589 1648 mortuis
2625 1594 2767 1658 dico,
2808 1595 3045 1661 peractis
3090 1591 3448 1661 quadraginta
3486 1592 3677 1645 diebus

2097 1684 2150 1738 in
2202 1684 2420 1738 rcelestc
2462 1681 2714 1750 templum
2738 1721 2752 1746 ,
2806 1697 2968 1750 supra
3007 1697 3199 1736 omnes
3237 1681 3677 1735 cmlestcs-Orbcs

2099 1777 2384 1835 attollitur,
2442 1785 2692 1829 naturam
2737 1784 2980 1828 nostram
3036 1775 3086 1828 in
3125 1775 3243 1844 ipso
3297 1775 3674 1834 exsistentem,

407 1883 496 1952 τρὶ
535 1881 632 1936 am
662 1885 899 1954 νικήσας
947 1883 1041 1938 τὸν
1091 1885 1533 1955 κοσμοκράτορα,
1586 1884 1684 1938 καὶ
1735 1885 1994 1955 ὑπεράνω

2101 1885 2158 1922 ac
2194 1878 2438 1920 sanctam
2474 1867 2584 1921 Deo
2632 1873 2686 1921 et
2721 1865 2866 1919 Patri
2898 1865 3208 1930 adducens;
3254 1875 3310 1919 et
3342 1865 3433 1930 qui
3468 1880 3497 1918 a
3530 1865 3681 1932 prin-

410 1976 592 2047 πάσης
621 1975 821 2046 ἀρχῆς,
853 1977 950 2030 καὶ
985 1976 1236 2042 ἐξουσίας
1268 1975 1588 2046 γενόμενος.

485 2156 630 2229 Πλὴν
685 2157 796 2211 οὐδ’
830 2159 1011 2210 ἐκεῖνο
1056 2157 1329 2229 προσήκει
1373 2157 1766 2229 παραδραμεῖν
1817 2160 1997 2229 ἀμνη-

413 2249 692 2319 μόνευτον,
723 2250 800 2314 ὡς
824 2251 886 2304 ού
928 2249 1091 2320 μόνον
1120 2253 1169 2304 οἱ
1200 2250 1390 2304 ἕνδεκα
1426 2250 1674 2321 μαθηταὶ
1710 2252 1809 2322 τῆς
1840 2251 1997 2304 Ἀνα-

409 2341 625 2412 λήψεως
660 2343 917 2412 γεγόνασι
953 2342 1163 2409 θεαταὶ,
1197 2343 1335 2398 ἀλλά
1382 2345 1478 2397 καὶ
1522 2344 1662 2412 αὐτὴ
1696 2344 1997 2416 συμπαρῆν

411 2435 447 2502 ἡ
479 2449 528 2485 π·
561 2434 900 2504 νυπέραγνος
928 2433 1219 2500 Δέσποινα,
1249 2436 1344 2489 καὶ
1377 2435 1565 2488 πολλοὶ
1609 2435 1720 2488 τῶν
1756 2428 1996 2505 ἑϐδομήῖ.

411 2539 532 2576 sum
562 2541 585 2575 ι
649 2523 928 2594 μαθητῶν,
965 2526 1023 2577 ὲν
1051 2518 1132 2586 οἷς
1163 2519 1230 2594 ἦν
1274 2526 1368 2577 καὶ
1402 2527 1429 2579 ὁ
1458 2525 1770 2595 Χανανίτης
1813 2526 1999 2580 Ναθα-

411 2615 553 2684 ναήλ
578 2630 592 2646 ο
627 2615 660 2686 ἢ
696 2616 815 2679 πῶς
840 2615 1068 2686 ἔμελλεν
1101 2616 1232 2670 ίδεῖν
1261 2619 1361 2687 τῆς
1387 2617 1524 2687 πρὸς
1561 2617 1724 2670 αὑτὸν
1755 2621 1998 2686 ἐπαγγε-

411 2707 535 2769 λίας
571 2707 632 2759 τὸ
675 2707 982 2778 πλήρωμα;
1027 2709 1161 2765 Ὅτε
1196 2710 1306 2779 γὰρ
1346 2709 1415 2762 τὰ
1448 2710 1577 2779 περὶ
1612 2710 1707 2762 τοῦ
1757 2709 1996 2782 Χριστοῦ

413 2797 804 2866 ὲμυσταγὼγει
855 2799 1045 2854 τοῦτον
1096 2801 1126 2853 ὁ
1177 2801 1480 2864 Φίλιππος,
1547 2805 1644 2856 καὶ
1702 2805 1834 2857 εἴσω
1889 2805 1999 2858 τῶν

413 2889 794 2958 εὐαγγελικῶν
843 2891 1079 2946 δικτύων
1115 2894 1554 2963 ὲσαγηνεύσατο.
1599 2896 1813 2964 εἰρήκει.
1863 2898 2000 2967 πρὸς

414 2983 577 3035 αὐτὸν
627 2985 654 3036 ὁ
707 2985 900 3055 Σωτήρ
925 2999 938 3012 ·
985 3003 1003 3036 ι
1037 2984 1282 3057 ,Ἀπάρτι
1339 2985 1536 3056 ὄψεσθε
1567 2987 1694 3050 τοὺς
1727 2988 2001 3058 οὐρανοὺς

417 3075 755 3144 ἀνεῳγότας,
789 3077 886 3130 καὶ
913 3076 1040 3140 τοὺς
1076 3077 1346 3146 ἀγγέλους
1373 3077 1470 3131 τοῦ
1511 3077 1646 3132 Θεοῦ
1678 3079 2002 3134 ἀναϐαίνον-

2098 1962 2216 2030 cipe
2247 1959 2406 2026 hujus
2437 1959 2620 2012 mundi
2645 1958 2928 2011 victoriam
2963 1965 3292 2025 reportarat,
3321 1957 3680 2012 constituitur

2097 2065 2259 2117 supra
2287 2064 2500 2102 omnem
2529 2047 2914 2116 principatum,
2947 2060 3010 2099 ac
3032 2053 3377 2114 petestatem.

2173 2150 2374 2205 Verum
2406 2167 2506 2206 nec
2544 2150 2676 2204 illud
2713 2151 2973 2204 indictum
3007 2149 3284 2219 prmterire
3311 2166 3408 2218 par
3439 2159 3542 2215 est,
3571 2166 3685 2204 non

2098 2246 2274 2303 solum
2309 2243 2558 2299 undecim
2590 2243 2887 2313 discipulos
2913 2243 3259 2297 Ascensionis
3280 2243 3480 2297 Christi
3510 2242 3696 2298 luisse-

2100 2346 2462 2408 spcctatorcs,
2517 2336 2609 2392 sed
2665 2337 2836 2406 ipsam
2895 2350 3108 2404 quoque
3142 2334 3425 2388 Dominam
3478 2350 3698 2405 usque--

2099 2447 2314 2502 quaque
2363 2429 2799 2493 immaculatum,
2845 2438 2898 2482 et
2965 2428 3163 2481 multos
3215 2444 3277 2481 ex
3336 2429 3680 2497 septuaginta

2100 2521 2380 2592 discipulis
2421 2520 2754 2585 interfuisse,
2799 2521 2852 2573 in
2894 2521 3093 2588 quibus
3123 2531 3242 2573 erat
3286 2529 3341 2572 et
3383 2519 3680 2573 Nathanael

2104 2615 2468 2670 Chananteus.
2499 2613 2712 2682 Alioqui
2745 2615 2889 2667 enim
2936 2612 3204 2679 quomodo
3261 2611 3680 2680 promissionem

2101 2708 2203 2760 sibi
2253 2707 2453 2760 factam
2495 2705 2607 2771 (50)
2642 2703 2866 2759 vidisset
2913 2702 3229 2772 impletam?
3268 2702 3488 2770 quando
3535 2701 3678 2754 enim

2101 2815 2223 2853 eum
2276 2798 2341 2851 de
2367 2799 2587 2852 Christo
2619 2797 2898 2866 Philippus
2925 2796 3128 2856 docuit,
3165 2805 3216 2849 et
3247 2795 3388 2847 intra
3425 2808 3680 2861 sagenam

2102 2889 2472 2958 evangelicum
2503 2887 2792 2948 conclusit,
2818 2887 2955 2939 dixit
2985 2886 3060 2940 illi
3089 2885 3340 2939 Salvator
3366 2901 3381 2938 :
3422 2902 3440 2935 ι
3472 2882 3684 2937 Amodo

2100 2989 2354 3044 videbitis
2405 2989 2601 3043 coelum
2636 2996 2882 3056 apertqu
2925 2994 2980 3040 et
3047 2985 3268 3054 angelos
3335 2983 3424 3037 Dei
3474 2996 3668 3035 ascen-

2105 3083 2314 3144 dentes,
2340 3089 2392 3132 ιιι
2415 3079 2827 3139 descendentes,
2862 3089 3023 3144 supra
3060 3073 3254 3128 Filium
3290 3070 3527 3126 hominis
3556 3069 3622 3124 ⁵⁸.
3657 3087 3686 3121 »-

419 3183 541 3228 τας,
563 3169 658 3220 καὶ
681 3167 1109 3232 καταϐαίνοντας
1139 3170 1233 3222 ἐπὶ
1253 3170 1344 3222 τὸν
1372 3169 1500 3222 Υίδν
1520 3171 1613 3222 τοῦ
1643 3171 1994 3238 ἀνθρώπου.»

2104 3172 2255 3238 Quod
2309 3186 2444 3226 sane
2487 3171 2692 3225 dictum
2727 3170 2847 3238 ejus
2898 3168 2950 3222 in
2985 3167 3182 3222 caelum
3222 3165 3457 3219 reditum
3495 3174 3684 3230 aperte

2249 3263 2259 3274 .
2411 3260 2444 3275 .-
2543 3261 2555 3272 .
2733 3274 2742 3275 ,
2951 3259 2964 3275 .
3009 3273 3030 3275 η
3096 3273 3118 3275 π
3323 3254 3680 3275 ,μὴ-,ηὼς

419 3257 595 3312 Τοῦτο
645 3259 700 3311 δὲ
756 3259 1008 3328 φανερῶς
1057 3261 1437 3332 προϋπέφαινε
1473 3261 1572 3331 τὴν
1608 3263 1690 3325 είς
1735 3264 2001 3333 οὐρανοὺς

420 3352 587 3406 αὐτοῦ
638 3352 1015 3423 άναφοίτησιν,
1062 3355 1186 3406 καθ’
1222 3356 1289 3424 ἢν
1361 3355 1412 3406 οί
1465 3354 1564 3425 μὲν
1605 3355 1714 3409 τῶν
1752 3357 2002 3424 ἀγγέλων

420 3445 710 3499 ἀνέϐαινον
752 3447 876 3508 ταῖς
916 3445 1221 3516 ἀνωτέραις
1258 3445 1524 3516 δυνάμεσι
1573 3447 1674 3510 τὰς
1713 3448 2003 3517 οὐρανίους

425 3534 598 3597 πύλας
633 3536 812 3605 αῐρειν
847 3534 1288 3606 ἐγκελευόμενοι,
1318 3537 1369 3588 οί
1401 3537 1458 3590 δὲ
1511 3538 1836 3591 κατέϐαινον
1875 3539 2003 3602 τοὺς

427 3625 676 3696 μαθητάς
698 3625 1193 3694 διαϐεϐαιούμενοι,
1225 3627 1323 3692 ὡς,
1355 3645 1375 3680 ι
1410 3621 1578 3692 Οὗτος
1609 3629 1638 3680 ὁ
1672 3629 2004 3700 ἀναληφθεὶς

425 3718 522 3786 ἀφ’
543 3719 700 3787 ὑμῶν
739 3720 819 3780 είς
848 3719 944 3773 τὸν
968 3720 1222 3791 οὐρανὸν,
1267 3722 1295 3774 ὁ
1328 3721 1492 3785 αὐτὸς
1529 3722 1812 3776 ἐλεύσεται
1843 3724 2008 3777 πάλιν

427 3810 521 3863 ἐπὶ
551 3811 652 3881 τῆς
680 3810 785 3880 γῆς
833 3811 974 3881 μετά
1024 3809 1300 3882 σώματος,
1342 3831 1360 3864 ι
1390 3813 1491 3882 τὴν
1540 3813 1783 3884 ἐσχάτην
1833 3814 2004 3867 αὐτοῦ

430 3904 737 3973 παρουσίαν
768 3905 1149 3973 σημαίνοντες.
1195 3904 1360 3959 Ἀλλά
1397 3905 1545 3969 τίνος
1577 3906 1740 3978 χάριν
1764 3907 1812 3959 oi
1841 3907 2010 3974 ἀγγε-

429 3991 512 4048 λοι
537 3996 657 4059 ταῖς
692 3994 1062 4066 ὑψηλοτέραις
1099 3993 1322 4059 τάξεσιν
1361 3996 1541 4069 αίρειν
1571 3997 1672 4062 τάς
1699 3997 1874 4060 πύλας
1902 4013 2010 4050 πα-

495 4153 540 4187 ³³
569 4152 779 4210 Coloss.
819 4167 860 4219 ι,
893 4153 982 4209 l5.

1080 4153 1124 4187 "
1153 4152 1173 4208 Ι
1203 4152 1330 4210 Cor.
1365 4151 1550 4220 tvﬁl;
1593 4153 1761 4224 Apoc.
1799 4169 1837 4215 ι,
1865 4152 1919 4206 5.
1997 4154 2041 4185 ιθ
2069 4153 2203 4209 Luc.
2234 4169 2294 4218 ll,
2321 4153 2413 4207 2‘2.
2489 4153 2532 4185 “
2570 4150 2726 4208 .loau.
2758 4169 2794 4214 ι,
2829 4153 2916 4206 5i.

2106 3260 2484 3330 praesignavit,
2543 3261 2594 3313 in
2644 3274 2751 3329 quo
2811 3259 3125 3328 angelorum
3173 3256 3265 3310 alii
3319 3254 3683 3310 ascenderurt

2105 3352 2483 3421 praecipientes
2533 3351 2909 3420 superioribus
2964 3348 3274 3411 virtutibus,
3323 3356 3382 3402 ut
3411 3346 3684 3400 tollerent

2105 3445 2227 3500 caeli
2264 3455 2488 3514 portas;
2542 3444 2632 3498 alii
2676 3458 2806 3498 vero
2833 3441 3258 3507 descenderunt,
3296 3449 3352 3493 ut
3386 3436 3689 3506 discipulos

2105 3535 2349 3590 facerent
2401 3545 2580 3589 certos
2625 3535 2768 3604 quod
2804 3533 2916 3599 hic,
2969 3551 2988 3583 ι
3021 3531 3122 3598 Qui
3156 3539 3462 3599 assumptus
3518 3535 3601 3582 est
3651 3541 3681 3580 a

2105 3627 2261 3680 vobis
2314 3630 2364 3679 in
2398 3627 2620 3689 coelum,
2676 3627 2814 3680 idem
2863 3640 2986 3678 cum
3018 3638 3243 3692 corpore
3278 3622 3458 3675 veniet
3498 3633 3686 3673 rursus

2104 3719 2160 3771 in
2188 3728 2387 3770 terram
2415 3718 2460 3748 δ’
2491 3723 2552 3784 εξ»
2587 3731 2905 3786 supremum
2936 3715 3144 3770 scilicet
3186 3713 3334 3766 illum
3365 3711 3682 3781 signiﬁcan-

2106 3821 2190 3866 tes
2221 3813 2533 3865 adventum.
2559 3812 2662 3865 Sed
2685 3827 2792 3882 qua
2815 3812 2881 3866 de
2903 3826 3064 3865 causa
3087 3809 3374 3864 altioribus
3398 3807 3683 3862 ordinibus

2105 3904 2282 3972 angeli
2319 3905 2596 3969 mandent,
2636 3914 2695 3957 ut
2746 3914 2932 3973 portas
2965 3902 3178 3966 tollant,
3210 3899 3472 3969 Theologi
3499 3897 3688 3967 θερισ-

2107 3998 2254 4052 navit
2279 3999 2467 4052 oratio
2493 3995 2628 4068 (3t).
2653 3996 2920 4062 Quoniam
2947 3995 3091 4051 enim
3118 3992 3382 4048 Passione
3418 3989 3695 4045 Dominus.

3023 4152 3068 4184 δ’
3097 4151 3219 4206 Act.
3255 4165 3302 4213 ι.
3329 4150 3426 4207 11ι

1659 4289 1984 4352 Francisci
2019 4290 2228 4354 Scorsi
2261 4297 2451 4353 notae.

437 4427 606 4506 ipsius
632 4435 811 4506 vocat,
844 4433 1114 4493 quatenus
1134 4438 1243 4506 suo
1268 4423 1540 4506 baptismo
1573 4423 1799 4506 formam
1830 4426 1998 4506 nostri

2107 4445 2210 4496 quo
2250 4428 2358 4494 ipse
2382 4429 2684 4495 baptizatus
2717 4437 2832 4492 est;
2859 4430 3066 4483 tertiam
3103 4429 3325 4499 denique
3347 4445 3439 4497 per
3467 4427 3684 4481 Resurr.

431 4494 708 4588 baptismi,
728 4506 1036 4588 nostrasque
1058 4494 1643 4588 nativitatiiexliibttit;
1668 4505 1996 4588 cuin-autem
2036 4534 2076 4588 υ
2104 4494 2269 4588 ᾲιιτιιιιι
2289 4499 2398 4565 ipse
2429 4494 2853 4588 auspicatus'est.
2890 4499 3012 4554 "me
3043 4494 3361 4588 gregarius,
3393 4515 3455 4551 cx
3486 4499 3688 4588 qnt‘Ilibus

434 4564 546 4634 ipse
609 4566 1038 4621 sanctiﬁcatione
1100 4579 1208 4618 non
1280 4564 1583 4632 indigeret,
1650 4565 1994 4618 sanctitatem

434 4638 724 4702 quamdam
774 4634 1067 4700 impertivit
1110 4649 1282 4704 aquw,
1336 4644 1392 4688 et
1439 4635 1693 4704 gratiam,
1744 4649 1849 4704 qua
1903 4650 2000 4688 nos

435 4718 612 4774 posset
647 4720 901 4773 regenera
911 4720 988 4758 re.

505 4777 608 4830 Sed
667 4772 770 4828 non
833 4772 1327 4841 praetermittendus
1387 4773 1644 4840 magister
1718 4774 2002 4842 utriusque

437 4844 750 4913 Theophani
791 4845 1019 4911 Gregor.
1060 4843 1319 4897 Nazianz.
1357 4845 1450 4914 qui
1485 4844 1622 4914 idogn
1661 4845 1809 4908 fere,
1857 4845 2000 4912 quod

435 4915 627 4971 Noster
651 4914 883 4984 orat._40
905 4915 955 4967 in
979 4924 1223 4984 sanctum
1251 4913 1527 4984 baptism.:
1548 4913 1790 4982 Τρισσὴν
1812 4916 2004 4984 γέννη-

440 5005 521 5038 σιν
569 4988 700 5106 ημῖν
753 4981 896 5036 οἶδεν
935 4985 963 5034 ὁ
1013 4981 1418 5051 λόγος,τὴν⁷ὲκ
1465 4981 1754 5051 σωμάτων,
1807 4983 1908 5051 τὴν
1939 4981 2003 5037 ἐκ

441 5057 580 5106 Bm:
611 5071 840 5106 σαατος.
877 5054 970 5105 καὶ
998 5051 1094 5106 τὴν
1137 5053 1195 5106 ἐξ
1242 5053 1612 5106 ἀναστάσεως.
1666 5051 1878 5106 Triplex
1911 5071 2003 5106 na-

440 5051 840 5126 βαπτίσματος,
877 5054 970 5105 καὶ
998 5051 1094 5126 τὴν
1137 5053 1195 5126 ἐξ
1242 5053 1612 5126 ἀναστάσεως.
1666 5051 1878 5120 Triplex
1911 5071 2004 5106 na-

439 5122 653 5179 tiritmis
685 5139 844 5192 genus
876 5124 1111 5191 agnoscit
1149 5122 1420 5192 Scriptura
1453 5137 1473 5176 :
1509 5123 1733 5185 primum
1771 5139 1834 5175 ea:
1881 5139 2002 5176 cor—

437 5197 688 5265 poribus,
725 5195 949 5246 alterum
1006 5193 1392 5265 ea:_baptismo,
1443 5194 1649 5265 tertium
1695 5208 1759 5265 es:
1807 5192 2006 5265 Resur-

441 5261 688 5318 rertione.
723 5265 928 5327 Quibus
958 5262 1192 5316 Itt‘e\itur
1219 5263 1503 5330 explicatis
1533 5262 1779 5330 adjungit
1812 5279 1826 5315 :
1861 5261 2006 5315 Ταύ-

439 5353 532 5397 τας
557 5336 615 5387 δὲ
638 5339 735 5392 τὰς
774 5333 1054 5401 γεννήσεις
1100 5332 1314 5396 ἁπάσας
1363 5333 1493 5402 παρ’
1527 5331 1720 5402 ἑαυτοῦ
1768 5335 2005 5401 τιμήσας

439 5407 466 5457 ὁ
499 5406 627 5475 spe;
667 5403 900 5475 Χριστὸς
941 5403 1210 5475 φαίνεται,
1247 5403 1345 5475 τὴν
1378 5401 1477 5475 μὲν
1523 5401 1600 5470 τῷ
1626 5403 2004 5475 ,ἐμφυσήματι

439 5469 764 5544 adfingimus
799 5473 895 5544 καὶ
943 5471 1180 5544 ζωτικῷ,
1216 5469 1323 5544 τὴν
1362 5469 1426 5544 Δδὲ
1461 5469 1747 5544 σαρκώσεις
1785 5469 1894 5544 καῖΔ
1927 5471 2004 5542 τῷ

443 5541 782 5612 βαπτίσματι
805 5543 943 5612 ὅπερ
969 5541 1155 5612 αὑτὸςῖ
1173 5541 1538 5612 ὲϐαπτίσατο,
1569 5543 1665 5608 τὴν
1696 5541 1751 5594 δὲ
1776 5544 1840 5612 τῇ
1874 5541 2006 5594 ἀναὲ

441 5607 649 5677 στάσει,
683 5607 751 5683 ἦς
789 5607 950 5674 αὐτος
973 5611 1276 5683 ἀπή-ρξατο,
1309 5623 1414 5667 etc.
1461 5611 1572 5665 llas
1602 5607 1758 5683 porro
1788 5607 2003 5666 cunctas

442 5681 737 5737 nativitates
770 5684 965 5735 honore
1000 5699 1027 5732 a
1060 5681 1268 5735 Christo
1303 5698 1412 5734 meo
1445 5683 1663 5750 a/fectas
1694 5681 1853 5748 fuisse
1879 5697 2004 5735 con-

440 5763 547 5806 stat
577 5771 595 5808 :
627 5755 851 5818 primaut
889 5768 977 5818 per
997 5751 1220 5817 primum
1254 5751 1422 5815 illaut,
1459 5764 1505 5805 et
1533 5751 1740 5804 vitalem
1775 5752 2008 5822 insufﬂa-

445 5825 658 5888 tioncm,
692 5821 974 5876 secundam
1010 5836 1101 5888 per
1145 5822 1558 5876 incarnationem
1598 5830 1646 5874 et
1689 5822 2001 5890 buptimum,

2105 4569 2356 4637 Omnibus
2408 4569 2563 4636 plane
2615 4569 2906 4637 explicata,
2957 4581 3010 4622 et
3060 4570 3325 4623 illustrata
3378 4580 3460 4622 est
3507 4567 3687 4621 Theo-

2106 4636 2300 4706 phanis
2337 4638 2504 4692 nostri
2557 4636 2847 4692 sententia.
2893 4637 3034 4706 Lege
3069 4639 3379 4692 Cornelium
3412 4648 3682 4701 nostrum,

2105 4707 2196 4773 qui
2232 4718 2438 4772 censet,
2464 4725 2491 4760 a
2529 4707 2747 4762 Christo
2783 4707 2951 4762 fuisse
2989 4709 3040 4761 in
3079 4707 3316 4762 Jordane
3341 4706 3682 4775 designatum

2106 4777 2470 4841 baptismum,
2527 4777 2749 4846 ejusque
2796 4778 3085 4830 indicatam
3139 4778 3446 4842 materiam,
3485 4791 3680 4845 aquam

2105 4847 2338 4914 scilicet,
2381 4863 2484 4902 non
2523 4865 2648 4902 vero
2687 4848 3016 4913 institutum,
3054 4857 3112 4901 ut
3141 4847 3304 4913 aliqui
3350 4854 3596 4909 censent,
3627 4853 3686 4900 et

2105 4927 2366 4980 prmterea
2405 4917 2673 4986 explicat,
2723 4919 2868 4986 quod
2923 4916 3052 4971 dicti
3089 4917 3282 4971 Patres
3331 4917 3482 4970 a'nmt
3517 4916 3684 4971 fuisse

2105 4986 2471 5057 Sanctificatas
2520 5003 2712 5056 aquas,
2755 5004 2864 5041 non
2898 5002 2993 5055 per
3021 4988 3301 5057 physicam
3335 4987 3683 5054 qualitatem,

2106 5056 2200 5110 sed
2235 5056 2490 5112 moralem
2526 5075 2540 5111 :
2573 5069 2848 5126 quatenus
2900 5056 3197 5126 designatas
3230 5069 3358 5112 sunt
3405 5071 3472 5111 ex
3508 5057 3688 5113 inten-

2105 5127 2352 5250 ἓοιιθηοι
2374 5127 2632 5198 exemplo
2645 5129 2723 5183 Cb
2735 5127 2850 5184 risti
2870 5127 2937 5183 ad
2960 5127 3384 5185 sanctiﬁcandos
3412 5127 3683 5183 homines.

2151 5209 2247 5250 eae
2283 5212 2478 5250 rosum.

2151 5209 2247 5251 eae
2283 5212 2478 5251 lDSllm.

2180 5210 2874 5338 (gl’fdpfxg'missionentisibi
2907 5267 3130 5338 factam.
3172 5266 3344 5338 Verba
3380 5267 3468 5320 illa
3496 5266 3681 5338 Joa_n.,

2107 5347 2227 5402 cap.
2254 5335 2292 5398 ι,
2341 5335 2652 5390 Nathanaeli
2687 5352 2714 5388 a
2746 5335 2966 5393 Christo
2990 5339 3133 5393 dicta
3167 5357 3180 5394 :
3227 5337 3477 5392 Videbitis
3500 5336 3685 5390 caelum

2107 5415 2367 5475 apertum,
2402 5417 2448 5460 et
2483 5406 2691 5475 angelos
2727 5407 2821 5460 Dei
2849 5409 3184 5463 ascendentes
3215 5421 3261 5464 et
3291 5407 3680 5467 descendentes,

2107 5473 2172 5524 ad
2213 5473 2597 5530 Ascensionem
2625 5475 2827 5532 Christi
2863 5477 3103 5532 referunt
3129 5477 3189 5534 S.
3216 5477 3376 5532 Joan.
3403 5476 3682 5544 Chrysost.

2105 5551 2161 5617 ct
2196 5545 2312 5613 ejus
2346 5556 2584 5600 sectator
2621 5546 2964 5617 Euthymius,
3001 5565 3123 5606 cum
3171 5549 3368 5617 quibus
3413 5544 3684 5617 consentit

2108 5612 2196 5686 hic
2226 5612 2430 5678 noster,
2465 5625 2522 5669 ut
2557 5617 2708 5686 vides
2739 5612 2843 5672 hoc
2876 5617 3028 5686 loco;
3057 5612 3252 5673 multas
3281 5617 3414 5670 alias
3437 5613 3682 5686 ejusloci

2109 5683 2584 5759 interpretationes
2633 5685 2782 5755 leges
2845 5691 2982 5756 apud
3016 5683 3351 5759 interpret”
3411 5683 3680 5754 prtl‘f‘ilme

2111 5768 2237 5805 vero
2268 5754 2577 5809 Cornelium
2613 5754 2876 5811 ttoStruru.

2184 5825 2295 5895 (3i)
2341 5824 2583 5896 'I'lteulogi
2617 5825 2914 5895 explanavit
2954 5830 3148 5884 oratio.
3179 5830 3404 5898 Gregor.
3449 5826 3680 5881 Nazian-
