4070 6402
356 367 462 435 761

1684 372 2011 433 IIOMlLlA
2057 371 2328 434 XXXIX.

3535 371 3642 433 762

362 502 482 548 σου,
521 483 599 547 ὡς
647 482 758 536 ἀπὸ
792 485 1042 555 πατητοῦ
1080 484 1284 557 ).ηνοῦ;
1334 505 1351 538 ›
1400 485 1754 554 ὲπειροίνικτο
1787 484 1894 554 γὰρ
1928 487 1960 554 ὴ

2069 495 2178 547 tua,
2206 495 2259 538 et
2293 484 2715 553 indumentajtua
2747 484 2890 538 sicut
2914 482 3207 548 defcalcato
3235 482 3582 538 torculari“?
3618 504 3634 534 ι

361 576 672 646 Δεσποτικὴ
704 575 844 647 σὰρξ
868 575 945 646 τῷ
975 579 1037 629 ἐκ
1068 580 1168 647 τῆς
1191 577 1431 648 πλευρᾶς
1461 578 1717 648 βλύσαντι
1736 580 1948 646 αἵματι,

362 671 460 721 καὶ
491 669 567 735 τῷ
620 670 784 722 πάθει
821 669 1276 724 ἐκεκαλλὼπιστο
1303 689 1314 702 ⁸
1343 673 1424 725 διὸ
1463 674 1662 739 ἐπάγει
1697 673 1771 742 τῷ
1806 673 1953 742 λόγῳ

363 760 398 828 ἡ
435 759 544 812 τῶν
585 761 897 830 ἀσωμάτων
933 764 1065 829 ἁγία
1109 763 1344 833 πληθὺς,
1377 766 1460 818 ὅτι
1494 786 1512 816 ι
1553 759 1722 826 Οὗτος
1749 766 1954 834 ὡραῖος

363 854 424 906 ὲν
454 851 616 926 στολῇ
655 854 845 910 αὐτοῦ.
878 875 896 905 ι
952 857 1121 928 Στολὴ
1154 857 1210 910 δὲ
1246 859 1340 912 καὶ
1371 858 1577 928 ἄμφιον
1611 860 1642 928 ἡ
1675 861 1957 929 ἀνθρωπό-

362 960 466 1012 της
519 946 693 1000 ἐστίν.
759 945 924 1000 Ἀλλὰ
986 949 1105 1012 πῶς
1168 952 1227 1003 ἐν
1287 951 1366 1020 τῷ
1420 951 1689 1021 ἀφθάρτῳ
1732 951 1952 1020 σώματι

364 1035 692 1105 ᾑμαγμένος
753 1039 965 1107 ἑωρᾶτο
997 1038 1196 1109 xit-div;
1237 1043 1534 1110 Οἱκονομία
1564 1038 1631 1113 ἦν
1658 1043 1716 1094 τὸ
1738 1042 1954 1112 ὁρώμε-

365 1137 480 1173 νον.
512 1122 722 1194 Ὠσπερ
765 1126 875 1194 γὰρ
907 1127 1004 1190 τὰς
1051 1131 1279 1199 τρήσεις
1315 1132 1424 1184 τῶν
1469 1133 1619 1203 ἥλων
1660 1133 1951 1186 ὑπεδείκνυ

365 1216 482 1276 τοῖς
528 1214 823 1286 μαθηταῖς,
870 1220 964 1272 καὶ
997 1221 1090 1274 τὸν
1125 1222 1281 1292 ίχοὺν
1317 1224 1677 1296 κατεδηδόκει
1715 1227 1790 1294 μὴ
1833 1225 1954 1278 δεό-

367 1325 534 1378 μενος
568 1309 850 1382 βρώσεως,
884 1314 1027 1368 οὕτω
1054 1315 1118 1387 δὴ
1150 1319 1382 1381 καὶτοῖς
1418 1319 1671 1388 ἀγγέλοις
1695 1320 1796 1383 τὴν
1826 1320 1955 1389 περὶ

362 1399 458 1453 τὸν
506 1401 799 1473 ἄνθρωπον
855 1406 1274 1478 ἐνδεικνύμενος
1342 1410 1661 1479 ὰγαθότητα
1690 1451 1704 1474 ,
1740 1413 1955 1482 ἑωρᾶτο

363 1493 542 1560 τούτῳ
574 1491 648 1560 τῷ
680 1494 944 1564 σχήματι.
972 1493 1146 1550 Τοῦτο
1174 1497 1234 1551 τὸ
1261 1497 1464 1568 χρῶμα
1512 1499 1612 1568 τῆς
1645 1497 1793 1562 θείας
1822 1517 1956 1568 σαρ-

365 1583 463 1645 κὸς
492 1584 744 1654 προορῶν
783 1585 982 1639 Ἰακὼϐ
1016 1589 1455 1659 προηγόρευσε.ι
1491 1592 1692 1643 [Ιλυνεῖ
1724 1593 1785 1644 ὲν
1825 1592 1954 1660 οἴνῳ

365 1673 469 1743 τὴν
504 1676 697 1746 στολὴν
725 1679 918 1744 αὐτού,
948 1679 1042 1732 καὶ
1095 1684 1153 1736 ὲν
1186 1682 1380 1752 αἵματι
1422 1684 1704 1752 σταφυλῆς
1732 1685 1832 1754 τὴν
1862 1701 1954 1736 πε-

371 1763 592 1835 ρισο>.ὴν
624 1767 809 1822 αὑτοῦ.
845 1788 864 1820 ι
918 1769 1080 1823 Ἀλλὰ
1115 1772 1168 1822 τί
1208 1771 1343 1842 πρὸς
1399 1771 1496 1842 τὴν
1541 1773 1652 1825 τῶν
1699 1772 1952 1840 ἀγγέλων

367 1857 564 1909 πεῦσιν
607 1858 772 1923 αὐτὸς
803 1861 1195 1933 ἀποκρίνεται;
1231 1881 1249 1914 ι
1293 1863 1469 1932 Ληνὸν
1499 1863 1752 1932 ἐπάτησα
1781 1863 1955 1931 μονῶ-

365 1960 550 2010 τατος,
575 1951 671 2003 καὶ
705 1952 814 2004 τῶν
846 1953 1017 2006 ὲθνῶν
1050 1956 1148 2007 οὐκ
1195 1955 1343 2008 ἔστιν
1375 1956 1516 2026 ἀνὴρ
1565 1954 1684 2024 μετ’
1712 1953 1847 2024 ἐμοῦ
1876 1970 1888 1982 “
1930 1973 1947 2005 ι

365 2041 526 2111 ληνὸν
554 2043 728 2110 λέγων
763 2045 864 2116 τὴν
912 2048 1022 2099 τῶν
1053 2047 1324 2118 δαιμόνων
1356 2048 1692 2119 παράταξιν,
1731 2049 1827 2100 καὶ
1857 2046 1955 2116 τὴν

365 2133 477 2186 τῶν
519 2135 797 2190 Ἰουδαίων
845 2138 1158 2202 ἀπείθειαν,
1196 2159 1214 2187 ι
1252 2134 1320 2210 ἧς
1369 2143 1400 2210 ἡ
1449 2140 1700 2210 σταφυλὴ
1743 2141 1956 2208 πλήρης

367 2227 554 2297 χολῆς,
592 2230 688 2282 καὶ
721 2229 919 2302 βότρυς
952 2234 1182 2302 πικρίας
1209 2237 1234 2286 ὁ
1269 2230 1413 2295 οἶνος
1448 2234 1644 2304 αὐτῆς.
1679 2253 1698 2288 ι
1735 2233 1957 2303 Ταύτην

367 2322 619 2392 πατήσας
675 2323 987 2394 μονώτατος
1036 2327 1122 2379 διὰ
1177 2326 1273 2379 τοῦ
1327 2326 1588 2398 σταυροῦ,
1631 2328 1723 2380 καὶ
1776 2326 1851 2388 ὡς
1899 2324 1958 2390 ἐξ

366 2415 512 2466 οἴνου
543 2417 666 2468 νέου
705 2418 801 2485 τὴν
854 2418 1037 2488 σάρκα
1072 2419 1150 2490 τῷ
1185 2419 1387 2488 αἵματι
1427 2420 1749 2489 κεχρωκὼς,
1800 2437 1957 2490 νικη-

369 2506 537 2576 φόρος
584 2509 722 2577 πρὸς
777 2510 869 2561 τὸν
920 2513 1193 2580 Πατρικὸν
1250 2511 1439 2582 θρόνον
1492 2512 1704 2580 ἄνειμι.
1767 2511 1958 2565 Ταῦτα

371 2597 900 2666 μυεταγωγηθέντες
951 2601 999 2652 οἱ
1033 2600 1258 2668 ἄγγελοι
1302 2601 1400 2664 τὰς
1436 2601 1613 2665 πύλας
1654 2601 1764 2653 τῶν
1791 2603 1959 2671 ούραο

368 2690 476 2741 νῖν
511 2692 852 2745 ἀνεπέτασαν
876 2694 974 2763 τὴν
1001 2694 1236 2763 ἔπαρσιν
1272 2693 1475 2747 τούτων
1505 2697 1926 2765 ἐπιταχύνοντες
1944 2713 1956 2727 ·

368 2783 662 2852 τοιγαροῦν
709 2788 802 2838 καὶ
848 2789 1010 2855 ἡμεῖς
1067 2790 1156 2841 τὸν
1211 2789 1354 2841 θεῖον
1409 2791 1640 2843 Ἡσαΐαν
1669 2790 1960 2860 δεξάμενοι

372 2874 707 2946 σύμϐουλον,
762 2899 778 2929 ι
813 2879 999 2947 Δεῦτε,
1035 2883 1328 2954 ἀναδῶμεν
1371 2886 1449 2947 εἰς
1483 2885 1544 2936 τὸ
1587 2885 1713 2956 ὅρος
1738 2887 1830 2938 τοῦ
1857 2883 1962 2938 K6-

373 2967 518 3038 ρίου,
553 2988 572 3022 ι
604 2971 811 3042 νοητῶς
839 2974 1175 3044 ἐφεπόμενοι
1207 2976 1286 3046 τῷ
1336 2976 1690 3044 ἑπιδεὸηκότι
1721 2978 1812 3029 ἐπὶ
1853 2977 1960 3030 τῶν

371 3061 614 3127 νεφελῶν
640 3063 733 3116 τοῦ
767 3066 1025 3135 ούρανοῦ,
1061 3068 1204 3119 κατὰ
1242 3068 1333 3120 τὸν
1361 3069 1617 3138 Ψαλμὺν,
1652 3069 1748 3121 καὶ
1783 3069 1877 3121 ἐπὶ
1895 3069 1963 3120 τὰ

2063 576 2338 643 Purpureo
2379 577 2584 630 scilicet
2636 577 2816 631 colore
2853 576 3022 629 tincta
3059 575 3234 629 fuerat
3267 576 3477 628 Domini
3516 591 3642 628 caro

2061 671 2340 737 sanguinis
2385 669 2690 724 etnananlis
2740 685 2804 721 ex
2855 667 3060 731 latere,
3107 678 3160 721 et
3209 667 3472 721 Passione
3525 667 3640 733 ips-tt

2064 761 2237 814 fuerat
2265 763 2516 815 decorata
2547 779 2560 816 :
2596 762 2714 814 ideo
2738 761 3025 830 suhjungit
3053 769 3238 814 sancta
3279 761 3367 813 illa
3401 761 3645 824 corporis

2061 857 2366 924 expertium
2407 855 2718 920 multitudo,
2749 856 2890 924 quod
2933 874 2952 906 ‹
2984 854 3083 908 llic
3113 855 3385 907 formosus
3420 854 3472 906 in
3506 855 3645 907 srola

2062 965 2182 1002 sua.
2213 967 2231 999 ›
2271 948 2418 1002 Stola
2451 949 2704 1002 nimirum
2726 959 2777 1001 et
2797 950 3178 1002 vestimentum
3198 947 3509 1001 humanitas
3539 958 3644 999 est.

2062 1041 2131 1093 At
2162 1044 2434 1110 quomodo
2469 1042 2520 1094 in
2563 1055 2793 1111 corpore
2843 1042 3243 1110 incorruptibili
3290 1042 3472 1093 tunica
3522 1056 3645 1108 per-

2063 1130 2180 1184 fusa
2236 1131 2500 1200 sanguine
2553 1131 2872 1184 videbatur?
2908 1129 3010 1184 Per
3057 1131 3515 1198 dispensationem
3570 1129 3650 1182 fa-

2064 1237 2209 1281 ctum
2251 1238 2356 1291 est,
2405 1238 2462 1279 ut
2517 1230 2588 1280 ita
2627 1227 2924 1281 videretur.
2973 1226 3146 1280 Siculi
3185 1225 3329 1278 enim
3364 1225 3644 1277 clavorum

2064 1317 2331 1371 loramina
2378 1316 2660 1385 discipulis
2709 1315 2984 1380 oSIendit,
3038 1325 3093 1370 et
3140 1317 3340 1383 piscem
3390 1316 3648 1373 comedit.

2063 1425 2186 1466 Cum
2233 1411 2356 1463 cibo
2389 1427 2491 1462 non
2527 1409 2815 1478 indigeret,
2856 1409 2926 1461 ita
2971 1418 3025 1462 et
3056 1407 3279 1477 angelis,
3314 1407 3652 1475 ttlltenigni-

2065 1511 2229 1556 tatem
2261 1518 2389 1571 erga
2423 1503 2670 1555 homines
2703 1502 3125 1564 demonstraret,
3167 1515 3232 1553 eo
3274 1498 3456 1552 habitu
3507 1499 3654 1550 ride.

2063 1596 2241 1647 hatur.
2276 1593 2426 1647 lluuc
2453 1593 2647 1647 divina:
2683 1594 2869 1646 carnis
2901 1594 3136 1646 colorem
3171 1591 3463 1658 providens
3485 1589 3652 1642 Jacoh

2064 1683 2448 1753 praenuntiavit
2477 1699 2489 1734 :
2525 1701 2542 1731 ι
2576 1680 2800 1734 Lavahit
2835 1683 2886 1734 in
2917 1681 3041 1735 vino
3069 1681 3262 1733 stolam
3293 1696 3471 1739 suam,
3503 1691 3556 1732 et
3601 1681 3652 1730 in

2064 1775 2327 1843 sanguine
2351 1790 2468 1828 uvae
2497 1772 2758 1827 amictum
2785 1788 2945 1826 suum
2972 1772 3033 1824 ”.
3087 1791 3105 1822 ι
3136 1771 3238 1825 Sed
3269 1771 3397 1840 quid
3434 1770 3657 1838 angelo-

2064 1881 2178 1919 rum
2210 1865 2625 1932 interrOgationi
2652 1865 2762 1932 ipse
2791 1863 3111 1930 respondit?
3142 1881 3158 1913 ι
3189 1861 3452 1915 Turcular
3474 1861 3657 1913 calca-

2058 1960 2109 2012 vi
2136 1959 2305 2022 solus,
2327 1960 2462 2012 etde
2482 1958 2736 2026 gentihus
2761 1972 2863 2008 non
2884 1956 3294 2008 cstvirmccum
3323 1971 3337 2008 :
3371 1971 3387 2003 ι
3419 1953 3658 2005 torcular

2059 2051 2218 2122 281
2245 2050 2524 2120 appellans
2573 2049 2876 2102 daemonum
2930 2048 3119 2111 aciem,
3179 2044 3658 2111 inﬁdelitatemqne

2058 2143 2368 2198 Judaeorum
2405 2161 2419 2196 :
2459 2143 2642 2211 «cujus
2676 2157 2776 2194 uva
2813 2139 2954 2194 fellis
2980 2141 3217 2207 plena,et
3249 2137 3656 2190 botrusamari-

2063 2238 2265 2292 tudinis
2297 2239 2479 2291 vinum
2517 2235 2637 2305 ejus
2677 2237 2746 2289 ⁶¹.
2786 2253 2804 2285 ι
2843 2235 2990 2287 Hanc
3034 2247 3152 2284 cum
3187 2231 3334 2284 solus
3384 2230 3434 2283 in
3496 2243 3659 2283 cruce

2059 2331 2378 2392 calcassent,
2412 2338 2465 2382 et
2523 2328 2685 2382 veluti
2743 2341 2889 2380 novo
2923 2326 3048 2378 Vino
3117 2339 3336 2376 carnem
3389 2321 3660 2391 sanguine

2060 2427 2414 2485 colorassem,
2449 2423 2622 2476 victor
2655 2421 2718 2474 ad
2756 2420 2932 2474 Patris
2979 2421 3234 2474 thronum
3272 2415 3526 2470 ascendo.
3561 2414 3661 2466 llis

2062 2518 2128 2572 de
2170 2518 2332 2571 rebus
2365 2516 2538 2585 angeli
2570 2514 2818 2568 instructi
2877 2513 2998 2567 coeli
3033 2521 3218 2581 portas
3257 2509 3658 2577 expandcrnnt,

2063 2619 2114 2666 et
2150 2610 2394 2664 attollere
2455 2609 2799 2662 festinarunt.
2839 2605 2904 2658 Et
2935 2622 3035 2658 nos
3080 2606 3241 2674 igitur
3282 2602 3448 2657 divini
3509 2600 3662 2654 Isaia:

2063 2714 2283 2771 accepto
2323 2702 2568 2768 consilio,
2612 2722 2628 2753 ι
2662 2699 2876 2762 Venite,
2904 2699 3261 2752 ascmrdamus
3322 2697 3377 2750 in
3423 2703 3659 2748 montem

2073 2796 2288 2850 Domini
2317 2796 2386 2857 ⁸⁸,
2419 2813 2437 2845 ›
2478 2804 2534 2848 et
2575 2810 2720 2857 cum,
2752 2793 2840 2861 qui
2873 2790 3115 2845 ascendit
3151 2803 3312 2856 super
3344 2787 3514 2840 nubes
3538 2784 3662 2838 cmli

2061 2891 2212 2961 juxta
2248 2888 2523 2944 Psalmum
2559 2888 2857 2955 “,quique,
2881 2885 3036 2952 juxta
3083 2881 3362 2935 Habacum
3386 2878 3452 2945 ⁸⁸,
3502 2887 3664 2931 natu-

2066 3001 2180 3040 ram
2223 2994 2460 3038 nostram
2514 2996 2680 3050 super
2748 2978 2962 3032 excelsa
3017 2975 3259 3037 deduxit,
3312 2971 3665 3038 spiritualitcr

2068 3089 2484 3143 consequamur.
2548 3071 2897 3126 Associemur
2959 3084 3079 3121 cum
3141 3064 3348 3134 angelis
3412 3073 3521 3116 tum
3576 3061 3661 3124 iis,

303 3242 310 3248 .
373 3151 558 3222 ὑψηλὰ
589 3156 910 3210 ὲπιὸιϐῶντι
954 3159 1055 3229 τὴν
1101 3159 1262 3227 φύσιν
1293 3161 1472 3229 ἡμῶν,
1513 3159 1588 3224 ὥς
1635 3177 1801 3230 φησιν
1841 3162 1961 3214 Ἀϐ-

2069 3169 2155 3235 qui
2195 3165 2414 3220 honoris
2442 3179 2570 3232 ergo
2605 3163 2964 3224 deduxerunt,
3004 3170 3113 3211 tum
3143 3156 3233 3225 qui
3266 3168 3532 3220 excepere
3560 3151 3667 3204 Do-

374 3247 596 3318 ϐακούμ
621 3264 634 3279 ’
669 3251 955 3329 γινώμεθα
1011 3254 1152 3322 μετὰ
1181 3253 1289 3307 τῶν
1324 3256 1827 3324 παραπεμπόντων,
1868 3257 1960 3307 καὶ

377 3342 796 3414 ὑποδεχομένων
863 3348 1116 3414 ἀγγέλων
1175 3348 1320 3402 κατὰ
1373 3348 1475 3418 τὴν
1534 3348 1630 3400 τοῦ
1694 3349 1960 3415 Θεολόγου

375 3436 684 3506 Γρηγορίου
715 3439 1068 3508 παραίνεσιν.
1108 3437 1231 3495 Εἶεν
1265 3441 1312 3494 δ’
1352 3441 1417 3494 ἂν
1449 3442 1499 3492 οἱ
1536 3442 1638 3511 μὲν
1673 3443 1965 3511 παραπέμ-

377 3545 576 3593 ποντες
617 3530 668 3582 οἱ
709 3530 836 3598 περὶ
887 3531 1145 3602 προνοίας
1196 3534 1380 3600 λόγοι,
1435 3534 1548 3584 ὅσοι
1588 3532 1654 3585 τὰ
1689 3534 1817 3604 περὶ
1865 3535 1962 3601 τῆς

377 3623 852 3693 ὲνανθρωπήσεως
878 3624 972 3677 τοῦ
1011 3626 1216 3692 Κυρίου
1249 3625 1593 3678 διδάσκουσιν
1621 3639 1635 3653 ’
1672 3626 1721 3676 οί
1747 3624 1968 3694 δεχόμεο

376 3729 458 3767 νοι
473 3714 530 3767 δὲ
551 3718 600 3768 οί
627 3716 756 3786 περὶ
777 3716 1057 3783 Θεολογίας
1081 3717 1195 3770 ὅσοι
1225 3718 1358 3786 περὶ
1380 3715 1478 3784 τῆς
1503 3716 1836 3783 προαιωνίου
1868 3716 1964 3768 καὶ

379 3803 762 3874 ἀνεκφράστου
799 3805 1154 3875 διατρανοῦσι.
1187 3804 1521 3872 γεννήσεως,
1564 3803 1660 3857 καὶ
1697 3803 1796 3872 τῆς
1826 3803 1964 3872 πρὸς

383 3896 479 3951 τὸν
509 3897 731 3968 Πατέρα
756 3898 1207 3968 ὁμοουσιότητος.
1251 3897 1315 3950 Ἦ
1349 3897 1394 3950 δ’
1428 3897 1538 3950 ἀπὸ
1568 3899 1671 3966 γῆς
1701 3897 1781 3960 εἰς
1809 3898 1970 3967 ούρα-

380 3991 510 4053 νοίις
545 3991 835 4054 ἀνάϐασις,
865 3994 898 4062 ή
934 3992 1044 4044 ἀπὸ
1073 3993 1171 4059 τῆς
1196 3992 1514 4060 οἰκονομίας
1547 3992 1631 4054 είς
1662 3991 1759 4061 τὴν
1785 3991 1968 4044 θεολο-

383 4083 514 4152 γίαν
541 4083 806 4146 ἀνάτασις
831 4100 845 4114 ’
882 4087 931 4137 εἰ
963 4085 1018 4138 δὲ
1058 4084 1260 4156 βούλει,
1302 4087 1334 4156 ἡ
1369 4086 1476 4138 ἀπὸ
1514 4086 1612 4154 τῆς
1655 4086 1968 4154 πρακτικῆς

383 4179 466 4237 εἰς
496 4175 738 4247 θεωρίαν
763 4177 1067 4248 ἀνύψωσις.
1107 4181 1263 4232 Ὅσοι
1295 4179 1426 4248 γοῦν
1461 4179 1550 4231 διὰ
1589 4180 1970 4248 πνευματικῆς

383 4268 642 4335 γνώσεως
661 4273 791 4332 τοὺς
811 4287 872 4322 πε
883 4269 939 4341 ρ).
961 4270 1226 4339 Προνοίας
1242 4272 1384 4323 κατὰ
1401 4271 1462 4323 τὸ
1483 4272 1710 4324 δυνατὸν
1731 4289 1795 4323 πε
1807 4271 1972 4340 pauo-

387 4377 583 4426 σαντες
611 4362 807 4432 λόγους
839 4363 948 4417 ἀπὸ
990 4363 1199 4416 τούτων
1239 4364 1320 4425 εἰς
1351 4364 1480 4427 τοὺς
1509 4363 1639 4433 περὶ
1682 4361 1970 4430 θεολογίαν

385 4451 701 4523 ἀνάγονται,
732 4450 880 4509 οὗτοι
909 4457 1032 4517 ταῖς
1060 4453 1206 4509 κατά
1231 4455 1398 4526 μέρος
1423 4455 1726 4509 ἀναϐάσεσι
1753 4456 1851 4518 τὰς
1875 4454 1968 4508 τοῦ

2071 3261 2297 3323 minmn,
2373 3257 2524 3325 juxta
2587 3253 2829 3324 Gregorii
2875 3249 3132 3317 Theologi
3183 3245 3448 3300 monitum
3515 3243 3661 3312 (56).

2070 3349 2238 3401 Erunt
2272 3355 2448 3400 autem
2499 3344 2644 3398 Velut
2681 3342 2939 3408 praemissi
2977 3339 3172 3408 angeli,
3222 3339 3286 3390 de
3322 3335 3663 3404 providentia

2066 3456 2367 3503 sermones,
2398 3444 2488 3508 qui
2519 3438 2585 3492 de
2618 3437 2831 3491 Domini
2864 3434 3238 3490 lncarmtione
3257 3433 3664 3488 nosinstruunt;

2066 3545 2113 3585 at
2157 3531 2300 3585 velut
2329 3529 2784 3600 excipientesilli,
2829 3527 2916 3596 qui
2954 3529 3018 3579 de
3071 3525 3365 3593 theologia,
3399 3531 3666 3594 quotquot

2066 3626 2274 3680 scilicet
2296 3633 2554 3677 aeternam
2604 3622 2771 3684 illam,
2819 3630 2872 3674 et
2902 3618 3223 3672 incli‘ahilem
3260 3620 3663 3685 generationem

2067 3716 2362 3786 explicant,
2441 3723 2495 3766 et
2553 3728 2675 3766 cum
2737 3710 2884 3762 Patri
2947 3722 3068 3761 esse
3149 3705 3663 3758 consubstantialem

2069 3810 2286 3864 docent.
2330 3807 2500 3860 Porro
2522 3819 2552 3858 a
2589 3804 2746 3857 terris
2779 3802 2828 3854 in
2853 3801 3048 3855 cretum
3087 3813 3352 3852 ascr-nsus
3384 3797 3484 3848 erit
3516 3813 3666 3848 men-

2073 3903 2141 3956 tis
2191 3899 2497 3967 progressio
2542 3898 2702 3950 abiis
2751 3910 2870 3963 qua:
2919 3893 2985 3945 ad
3015 3890 3366 3944 humanitatis
3399 3897 3668 3954 suscepta!

2070 3993 2379 4055 consilium,
2413 3991 2479 4042 ad
2519 4005 2580 4043 ea
2612 4003 2731 4058 qua:
2771 3987 3108 4039 divinitatem
3139 3985 3431 4052 attingunt,
3480 3983 3583 4042 vel,
3619 3982 3662 4033 si

2072 4089 2267 4157 placet,
2312 4087 2378 4138 ad
2415 4081 2921 4149 contemplationem
2975 4093 3004 4129 e
3037 4077 3275 4145 practica
3304 4077 3502 4128 virtute
3536 4090 3659 4141 pru-

2073 4181 2270 4235 vectio.
2309 4159 2628 4244 Quicunque
2672 4175 2833 4241 igitur
2864 4170 3128 4239 spirituali
3152 4168 3429 4222 intellectu
3468 4168 3670 4220 doetri-

2074 4289 2198 4325 nam
2247 4271 2310 4324 de
2337 4269 2516 4321 divina
2550 4265 2890 4320 Providentia
2943 4275 3202 4332 quantum
3240 4263 3290 4314 in
3321 4261 3472 4313 nobis
3503 4261 3665 4313 situm

2076 4374 2178 4425 est,
2238 4362 2478 4433 perfecte
2535 4361 2794 4426 assecuti,
2876 4359 2942 4412 ah
2993 4359 3096 4412 hac
3169 4358 3528 4409 traducuntur
3603 4353 3669 4406 ad

2079 4460 2299 4512 altiores
2329 4458 2396 4511 de
2448 4458 2554 4509 Deo
2581 4469 2884 4519 sermones,
2937 4454 2988 4506 hi
3037 4467 3168 4505 sane
3204 4450 3526 4519 quihusdam
3558 4447 3668 4500 vel-

387 4549 504 4610 νοὸς
541 4547 716 4609 πύλας
748 4548 1089 4618 ὑψηλοτέρας
1129 4549 1348 4601 ποιοῦσι
1395 4548 1533 4618 πρὸς
1568 4549 1846 4618 ὑποδοχὴν
1877 4547 1961 4600 τοῖ

2083 4552 2158 4605 ιιιὶ
2221 4548 2632 4604 ascensionihus
2675 4547 2938 4616 gradatim
2997 4560 3181 4612 portas
3243 4543 3439 4595 mentis
3502 4539 3672 4606 magis

384 4639 751 4709 Θεανθρώπου
787 4641 965 4707 Λόγου
998 4640 1106 4693 ἀπὸ
1151 4640 1259 4694 τῶν
1292 4641 1620 4710 σωματικῶν
1644 4643 1726 4703 εἰς
1769 4644 1836 4694 τὰ
1877 4643 1974 4711 τῆς

388 4732 666 4798 θεότητος,
690 4730 885 4803 ὥσπερ
912 4732 1020 4786 ἀπὸ
1061 4732 1168 4803 γῆς
1199 4735 1280 4796 είς
1307 4733 1568 4803 οὐρανοὺς
1597 4732 1976 4804 ἀναθρώσκον-

385 4840 500 4890 τες,
522 4825 617 4878 καὶ
641 4829 723 4888 εἰς
757 4825 991 4897 θεωρίαν
1017 4827 1126 4879 ἀπὸ
1165 4827 1262 4896 τῆς
1288 4825 1545 4895 πράξεως
1591 4827 1960 4894 μεταϐαίνον-

386 4932 481 4978 τες
510 4919 588 4988 τῷ
616 4919 966 4982 ἀνατατικῶς
1017 4919 1234 4972 ἕλκοντι
1278 4919 1410 4989 θείῳ
1442 4919 1587 4989 λόγῳ
1635 4919 1976 4988 συνανυψού-

391 5023 544 5077 μενοι
577 5009 674 5064 καὶ
719 5009 797 5080 τῷ
833 5009 951 5081 Θεῷ
1000 5010 1261 5081 ἀρρήτως
1310 5008 1593 5080 ἐνούμενοι
1624 5025 1637 5038 ·
1679 5001 1722 5078 ᾧ
1765 5011 1972 5081 πρέπει

461 5162 506 5194 ⁸⁸
530 5162 629 5216 Isa.
655 5178 811 5223 unt.
837 5161 893 5216 2.
959 5163 1004 5194 δ’
1037 5161 1174 5218 Gen.
1206 5177 1354 5228 xm,
1391 5161 1477 5216 Η.

393 5232 443 5266 ⁵⁸
499 5234 702 5287 Hahae.
739 5249 821 5294 ιιι,
868 5231 960 5286 20.

1557 5161 1601 5192 ⁸ο
1631 5159 1733 5215 Isa.
1764 5177 1923 5222 anr,
1952 5161 2006 5224 2.

2085 4643 2331 4695 attollunt
2369 4640 2432 4691 ad
2463 4637 2838 4706 excipiendum
2887 4632 3123 4687 Verbum
3169 4633 3332 4684 Dr‘lllll
3373 4630 3668 4693 hominem,

2087 4737 2154 4789 ab
2188 4735 2273 4788 his
2327 4748 2447 4802 quae
2497 4739 2624 4785 sunt
2680 4728 3048 4788 hmnanitatis,
3113 4726 3178 4778 ad
3235 4741 3296 4779 ea
3363 4741 3482 4792 qua:
3547 4734 3676 4777 Stttll

2086 4827 2381 4882 divinitatis
2428 4824 2592 4877 veluti
2627 4839 2656 4875 a
2737 4832 2880 4876 terra
2940 4819 3302 4874 transilientcs
3353 4820 3403 4871 in
3453 4817 3672 4879 ccnlum,

2085 4931 2140 4974 et
2177 4917 2244 4972 ab
2294 4917 2378 4972 his
2425 4932 2544 4986 quae
2597 4918 2891 4986 practicam
2970 4914 3250 4967 continent
3299 4912 3551 4965 virtutem
3608 4909 3675 4962 ad

2086 4997 2596 5077 contemplationem
2663 5007 2857 5060 evecti.
2939 5003 3222 5073 Simulque
3299 5020 3424 5059 cum
3490 5001 3676 5055 divino

2083 5160 2128 5192 δι
2165 5159 2316 5214 Deut.
2357 5171 2530 5220 xxxu,
2558 5155 2648 5210 5'2.
2728 5153 2897 5207 “Isa.
2941 5168 2998 5215 ιι,
3034 5150 3087 5205 5.
3165 5150 3213 5182 ⁸³
3269 5147 3411 5204 Psal.
3455 5165 3579 5211 ,cnt,
3614 5149 3672 5204 5.

1629 5347 1956 5410 Francisci
1989 5347 2196 5409 Scorsi
2234 5351 2418 5406 noue.

395 5484 533 5538 hanc
565 5494 754 5534 vocem
789 5495 805 5531 :
840 5476 972 5544 Qui:
1001 5486 1078 5532 est
1106 5479 1224 5544 iste,
1258 5479 1348 5545 qui
1373 5477 1646 5530 ascendit?
1675 5485 1806 5541 etc.,
1847 5492 1968 5530 esse

393 5551 876 5616 interrogationem
914 5551 1229 5616 angelorum
1278 5547 1594 5601 inferiorum
1635 5547 1969 5614 cupientium

395 5625 462 5678 de
495 5633 605 5676 tam
638 5620 775 5673 miro
808 5618 1010 5672 Christi
1047 5618 1342 5686 triumpho,
1379 5627 1432 5670 et
1467 5631 1696 5670 ascensu
1745 5632 1772 5669 ιι
1811 5633 1973 5684 supe-

395 5692 630 5749 rioribus
667 5689 920 5752 edoceri;
956 5689 1226 5753 iidemque
1271 5689 1382 5742 fere
1415 5695 1620 5739 veteres
1652 5686 1841 5740 Patres
1876 5690 1973 5738 do-

396 5774 520 5817 cent
547 5761 688 5815 idem
715 5759 803 5812 hic
832 5759 898 5812 ab
926 5757 1060 5810 lsaia
1088 5759 1215 5821 dici,
1237 5759 1424 5828 quoda
1447 5755 1629 5828 Psalte
1651 5757 1786 5824 psal.
1807 5772 1973 5810 mn:

400 5832 847 5897 Attolliteporlas,
867 5830 1150 5899 principes,
1169 5827 1364 5884 vestras
1378 5847 1398 5896 ;
1416 5838 1461 5882 et
1479 5827 1782 5893 elevamini,
1804 5837 1969 5897 porta:

2083 5471 2386 5535 wternales,
2427 5483 2587 5538 quam
2621 5467 3038 5535 explicationem
3087 5459 3516 5538 persequitur_S.
3551 5461 3664 5511 Au-

2120 5554 2225 5596 ust.
2264 5530 2456 5595 serm.'
2485 5537 2586 5592 188
2621 5530 2720 5593 ob
2770 5547 3018 5598 (enwore,
3071 5530 3122 5590 et
3175 5530 3390 5587 brevius
3439 5530 3664 5597 Gregur.

2120 5559 2225 5596 llSl.
2264 5559 2429 5595 SCI‘III.
2485 5559 2720 5593 100118
2770 5559 3018 5598 tenuiore,
3071 5559 3122 5590 Cl
3176 5559 3390 5587 urt’vula
3439 5559 3664 5597 urrgul.

2081 5559 2216 5694 ﬁaz.
2249 5610 2492 5696 orataﬂ
2519 5625 2639 5680 qum
2664 5611 2828 5661 estde
2847 5606 3063 5662 Βρεμι-ι’.
3099 5620 3257 5674 quem
3289 5601 3451 5655 etiam
3482 5611 3667 5653 noster

2079 5686 2557 5823 mlgfi)m2‘ll-L;orii
2609 5748 2858 5818 Theologi
2909 5746 3186 5802 monitum.
3250 5741 3449 5798 Locum
3505 5737 3664 5793 retuli

2079 5839 2239 5876 sunra
2288 5830 2401 5876 not.
2438 5822 2526 5876 51.

2078 5822 2239 5894 supra
2288 5830 2401 5876 not.
2438 5822 2526 5877 51.
