4070 6484
370 429 483 492 765

1756 429 2090 489 HOMILIA
2127 429 2249 492 XL.

3538 429 3657 493 766'

371 539 543 600 τὺπος
563 537 704 608 αὕτη
733 536 1067 609 καθέστηκε.
1092 537 1348 594 Τοσαῦτα
1374 540 1475 610 μὲν
1509 541 1575 594 τὰ
1602 544 1702 612 τῆς
1735 540 1951 611 ἑορτῆς,

2063 539 2127 592 ad
2185 539 2478 608 perfectam
2545 539 2690 594 illam
2759 539 3157 606 Pentecostem,
3218 537 3371 607 cujus
3408 539 3525 597 haec
3572 557 3658 598 εει

374 629 450 692 ὡς
481 630 538 682 ὲν
563 629 851 700 κεφαλαίῳ
877 631 1075 685 εἰπεῖν.
1112 631 1257 700 Ἐγὼ
1292 633 1350 686 δὲ
1379 633 1682 704 τολμητίσ.ν
1716 639 1958 708 ἐμαυτὸν

373 719 641 792 ἠγοῦμαι,
692 721 790 776 καὶ
835 726 1086 794 προπετῆ
1135 725 1268 778 εἵσω
1294 726 1404 780 τῶν
1459 727 1670 784 ἀδύτων
1716 731 1815 798 τῆς
1860 732 1956 784 τοῦ

374 812 696 883 Πνεύματος
718 814 998 881 θεολογίας
1048 817 1261 884 μέλλων
1289 820 1620 886 εἰσδύεσθαι,
1652 822 1746 875 καὶ
1768 821 1959 892 ὥσπερ

375 907 428 958 εἰ
491 905 691 971 γνόφον
726 908 1026 960 Μωσαῖκὺν
1061 910 1239 962 ἐλθεῖν
1274 912 1681 983 θρασυνόμενος
1739 917 1957 984 ἰλιγγιῶ

376 1015 451 1051 κα
503 999 886 1067 κραδαινομαι.
926 1002 1112 1054 Πείθει
1164 1004 1272 1073 γάρ
1321 1023 1388 1072 με
1438 1007 1802 1062 δειλαίνεσθαι
1858 1014 1957 1081 τῆς

378 1091 626 1160 ἱστορίας
659 1094 876 1162 ὲκείνη-
901 1094 962 1146 τὸ
989 1096 1241 1166 αἴνιγμα.
1286 1098 1438 1151 Ἐπεὶ
1479 1101 1702 1154 κάκεῖσε
1748 1105 1805 1156 τὸ
1861 1105 1959 1174 μὲν

380 1185 586 1248 πλῆθος
626 1185 722 1238 τοῦ
755 1186 889 1240 λαοῦ
925 1191 1026 1243 οὐκ
1058 1193 1306 1261 ἐχώρησε
1348 1197 1445 1260 τὴν
1489 1197 1597 1250 τῶν
1636 1199 1958 1268 σαλπίγγων

374 1280 533 1348 ἠχὴν,
571 1281 728 1349 μόνος
756 1282 811 1334 δὲ
848 1284 1092 1352 Μωῦσῆς
1129 1287 1263 1339 εἵσω
1290 1287 1385 1340 τοῦ
1411 1289 1612 1356 γνόφου
1659 1291 1956 1356 εἰσδύεται,

371 1373 740 1436 διδάσκοντος,
774 1371 952 1444 οἶμαι,
990 1377 1084 1430 τοῦ
1118 1379 1280 1445 λόγου
1307 1421 1320 1444 ,
1362 1380 1436 1450 μὴ
1486 1383 1692 1437 πάντας
1730 1387 1958 1450 ἑαυτοὺς

376 1465 625 1518 εἱσωθεῖν
649 1467 731 1529 είς
761 1467 854 1520 τὸν
879 1469 977 1537 τῆς
1012 1469 1294 1537 θεολογίας
1329 1472 1562 1544 βαθμὸν,
1601 1477 1738 1530 ἀλλᾶ
1771 1478 1959 1545 μόνοις

370 1556 532 1610 τοῦτο
562 1563 918 1628 παραχωρεῖν
947 1564 1062 1625 τοῖς
1091 1564 1233 1616 κατὰ
1274 1567 1480 1619 Μωσὲα
1524 1567 1848 1637 δυναμένοις
1889 1572 1958 1624 τὰ

373 1647 493 1701 θεῖα
521 1653 743 1721 χωρεῖν.
771 1651 921 1722 Πλὴν
947 1653 1062 1705 ἀλλ’
1089 1657 1278 1724 ἐπειδὴ
1311 1656 1372 1710 τὸ
1404 1659 1631 1728 Πνεῦμα
1680 1662 1739 1714 τὸ
1778 1661 1954 1730 ἅγιον,

371 1736 432 1795 οὗ
485 1743 583 1810 τὴν
637 1743 862 1797 κάθοδον
909 1746 1266 1816 ἑορτάζομεν,
1321 1746 1430 1803 οἶδε
1491 1751 1696 1822 ῥύπους
1744 1757 1958 1809 ἀποκα-

373 1830 581 1899 θαίρειν
611 1831 822 1902 ψυχῶν,
867 1836 962 1888 καὶ⁵
1015 1838 1294 1908 ἁμαρτίας
1325 1843 1670 1913 ἁποτεφροῢν
1694 1887 1707 1909 ,
1745 1847 1956 1914 γένοιτο

2061 632 2250 702 ﬁgura,
2285 634 2680 700 perveniemus.
2738 631 2910 698 Quam
2965 631 3132 686 multa
3181 631 3344 702 igitur
3396 647 3646 702 compre-

2061 727 2266 779 hendat
2292 727 2394 780 hoc
2439 728 2705 790 solemne,
2745 727 3058 782 summatim
3087 727 3159 781 ita
3191 726 3260 781 sit
3288 727 3510 782 dictum.
3547 730 3656 797 Ego

2059 838 2190 877 vero
2213 825 2468 877 audacem
2502 839 2586 876 me
2647 839 2710 876 ac
2745 824 3094 877 temerarium
3147 823 3526 880 existi-nutrito.
3561 823 3652 892 qui

2061 915 2218 970 mein
2246 914 2406 986 adyta
2443 915 2719 984 theologia!
2769 914 2835 968 de
2877 915 3078 978 Spiritu
3131 924 3320 968 sancto
3375 915 3474 968 sim
3521 916 3656 966 insi-

2058 1019 2345 1068 nuaturus,
2377 1018 2429 1060 et
2457 1007 2618 1059 veluti
2645 1008 2697 1058 in
2734 1006 3020 1059 Mosaicam
3057 1005 3272 1066 caligin‘
3291 1024 3339 1057 m
3359 1022 3518 1070 perva
3547 1011 3657 1058 τρι-(ι

2064 1114 2297 1154 ausurus
2333 1099 2535 1160 hau-eo,
2584 1113 2646 1151 ac
2720 1099 2914 1150 timore
2963 1100 3242 1150 coucntior
3297 1097 3358 1149 Et
3412 1098 3656 1158 profecto

2063 1192 2251 1244 suadet
2283 1201 2337 1242 ut
2361 1191 2765 1258 pertimeSi-am,
2796 1192 2936 1259 quod
2971 1193 3022 1244 in
3057 1192 3200 1245 illius
3225 1191 3458 1244 historiae
3480 1191 3615 1253 mgni

2064 1293 2244 1344 amate
2288 1267 2620 1337 involvitur.
2675 1283 2808 1336 Nam
2841 1294 2895 1338 et
2923 1284 2994 1335 ibi
3047 1283 3224 1352 populi
3261 1285 3552 1336 multitudo
3588 1282 3652 1335 ad

2069 1377 2317 1430 tubarum
2355 1379 2589 1430 sonitum
2653 1393 2756 1430 non
2801 1377 3030 1440 accedit,
3077 1375 3220 1429 solus
3255 1385 3430 1427 autem
3477 1375 3652 1428 Moses

2062 1469 2114 1522 in
2144 1469 2428 1538 caliginem
2464 1470 2625 1524 subit.
2661 1467 2782 1534 Quo
2832 1483 2963 1521 sane
2991 1467 3267 1532 docemur,
3317 1479 3373 1520 ut
3397 1469 3653 1533 arbitror,

2062 1577 2167 1614 non
2200 1561 2450 1614 Omnibus
2489 1561 2650 1615 licere
2699 1577 2758 1616 se
2791 1561 2842 1614 in
2878 1560 3213 1615 altitudinem
3264 1561 3544 1630 theologia:
3576 1560 3658 1611 in-

2063 1654 2303 1719 trudere,
2357 1655 2449 1705 sed
2489 1653 2618 1707 solis
2679 1654 2782 1708 illis
2819 1656 2920 1709 hoc
2976 1669 3099 1710 esse
3149 1654 3496 1720 permissum,
3562 1651 3656 1718 qui

2053 1753 2204 1820 juxta
2228 1759 2291 1797 ac
2321 1743 2551 1814 Moyses,
2590 1745 2766 1799 divina
2786 1762 2980 1816 capere
3002 1747 3240 1802 valeant.
3269 1744 3656 1799 Verumtamen

2058 1838 2312 1904 quoniam
2345 1845 2564 1890 sanctus
2585 1836 2818 1905 Spiritus
2849 1837 3002 1904 cujus
3035 1839 3356 1890 descensum
3413 1835 3659 1890 celebra-

374 1923 469 1976 καὶ
524 1925 660 1992 ἡμῖν
721 1929 964 1996 σήμερον
1032 1932 1064 1998 ἡ
1119 1933 1330 1986 ἐκείνου
1403 1937 1710 2004 μετάδοσις,
1775 1937 1849 2001 ὡς
1893 1941 1950 1992 ἐν

2058 1945 2201 1994 mus,
2247 1944 2551 1998 expurgare
2599 1929 2902 1981 animorum
2961 1929 3171 1991 sordes,
3208 1936 3262 1981 et
3310 1929 3360 1980 in
3407 1927 3650 1980 cinerem

375 2020 612 2087 μυστικῇ
646 2018 848 2081 λαὸῐδι,
882 2022 977 2074 καὶ
1009 2027 1295 2094 σεραφικῷ
1329 2028 1587 2098 ἄνθρακι,
1619 2032 1715 2085 καὶ
1746 2033 1950 2103 πυρῖνῃ

369 2107 590 2178 γλώσσῃ
623 2111 721 2178 τὴν
747 2113 1018 2178 γλῶτταν,
1073 2118 1166 2170 καὶ
1212 2119 1304 2170 τὸν
1344 2119 1470 2172 νοῦν
1515 2123 1946 2194 ἐκκαθαίρουσα,

373 2197 449 2259 ὡς
483 2198 546 2250 ἂν
576 2200 669 2251 καὶ
695 2202 858 2264 αὐτὸς
889 2206 1026 2271 μετὰ
1061 2206 1281 2260 Ἡσαΐου
1309 2209 1419 2279 ἐρῶ
1439 2227 1452 2241 ο
1485 2229 1500 2261 t
1525 2211 1587 2263 'll
1623 2214 1803 2266 κοιλία
1823 2231 1946 2282 μου,

370 2287 446 2350 ὡς
487 2288 688 2358 κιθάρα
741 2293 966 2363 ἠχὴσει,
1008 2298 1101 2349 καὶ¹
1156 2297 1230 2360 ὡς
1279 2302 1456 2370 τεῖχος
1491 2303 1879 2358 ἀνακαινισθὲν
1922 2325 1939 2358 t

368 2380 431 2436 ιγ
459 2382 550 2434 τοῦ
579 2385 892 2455 Πνεύματος
923 2403 937 2418 ⁸
968 2390 1060 2443 καὶ
1080 2391 1270 2460 ἐπειδὴ
1303 2393 1394 2446 τοῦ
1427 2395 1794 2466 Παρακλήτου
1815 2399 1847 2466 ἠ
1858 2399 1949 2466 μίν

369 2475 614 2543 σήμερον
651 2479 684 2546 ἡ
732 2478 958 2544 κάθοδος
1006 2482 1350 2552 ὲορτάζεται,
1407 2488 1642 2553 ἀρκτέον
1691 2490 1798 2542 ἀπὸ
1848 2490 1945 2544 τοῦ

367 2566 688 2634 Πνεύματος
711 2587 724 2601 ο
753 2571 958 2641 μᾶλλον
987 2575 1040 2627 δὲ
1075 2579 1230 2648 κοινῇ
1261 2579 1508 2650 περὶτῆς
1537 2581 1768 2652 Τριάδος
1793 2585 1947 2652 φιλο-

367 2661 722 2730 σοφήσωμεν,
755 2664 838 2717 ὅτι
881 2665 1024 2736 μηδὲ
1072 2669 1212 2738 τομή
1247 2687 1334 2732 τις
1375 2671 1549 2734 ἐστιν,
1593 2673 1626 2741 ἢ
1673 2674 1948 2748 διάκρισις

368 2749 603 2822 Πατρὸς,
636 2755 736 2809 καὶ
771 2756 926 2825 Υίοῢ,
962 2759 1058 2814 καὶ
1089 2759 1247 2828 ἁγίου
1293 2761 1634 2834 Πνεύματος.

442 3029 485 3061 ⁸⁸
522 3028 598 3085 lsa
643 3047 715 3097 vt,
753 3033 808 3100 6,
844 3036 896 3090 7.
971 3035 1016 3068 ⁸⁷
1051 3037 1156 3092 lsa.
1207 3054 1318 3103 xvr,
1375 3039 1463 3094 il.

2057 2031 2278 2089 peccata
2311 2023 2556 2090 redigere
2615 2023 2786 2086 novit,
2842 2023 3053 2074 utinam
3111 2023 3271 2075 etiam
3328 2035 3424 2072 nos
3496 2017 3658 2073 hodie

2047 2114 2338 2182 participes
2352 2114 2466 2178 ejus
2482 2113 2840 2172 cliicet'emur,
2867 2114 3029 2184 283
3063 2115 3154 2182 qui
3181 2114 3410 2182 mystico
3434 2110 3644 2179 forcipe

2048 2207 2555 2278 (39lseraphtcoque
2577 2207 2782 2261 calettlo
2842 2208 2909 2271 ⁸⁸,
2931 2218 2984 2260 et
3007 2208 3170 2274 ignita
3199 2207 3378 2274 lingua
3407 2216 3651 2258 nostram

2056 2310 2109 2353 et
2153 2300 2387 2370 linguam
2427 2310 2641 2372 purget,
2670 2310 2723 2354 et
2765 2308 3026 2363 mentem,
3059 2311 3116 2353 ut
3146 2307 3201 2353 et
3238 2314 3338 2367 ego
3363 2314 3482 2351 cum
3516 2297 3649 2350 Isaia

2058 2392 2237 2446 dicere
2259 2392 2460 2456 possim
2484 2408 2499 2445 :
2535 2410 2553 2443 ι
2593 2391 2791 2447 Venter
2811 2409 2960 2447 meus
2979 2393 3132 2460 quasi
3160 2391 3379 2461 cythara
3414 2390 3652 2450 sonab’t,

2057 2493 2108 2538 et
2127 2485 2277 2552 quasi
2305 2500 2490 2538 murus
2513 2495 2833 2539 renovatus»
2866 2485 2976 2551 (Mli
3004 2500 3030 2537 a
3059 2484 3260 2550 Spiritu
3283 2498 3298 2542 ;
3319 2493 3368 2532 et
3395 2484 3651 2558 quoniam

2055 2575 2322 2630 Paracleti
2372 2577 2668 2631 descensus
2728 2575 2830 2630 hac
2879 2575 2996 2629 luce
3041 2575 3390 2630 celeberrima
3430 2589 3457 2626 a
3495 2572 3651 2625 nobis

2055 2669 2272 2734 colitur,
2301 2669 2666 2736 incipiendum
2717 2685 2746 2722 a
2785 2666 2990 2738 Spiritu
3028 2685 3041 2721 :
3083 2683 3175 2721 seu
3222 2668 3400 2735 potius
3438 2667 3500 2719 de
3525 2666 3652 2718 Tri-

2057 2763 2224 2818 nitate
2259 2764 2624 2818 communiter
2673 2763 3027 2825 disseramus,
3088 2775 3342 2829 quomam
3397 2759 3539 2813 nulla
3568 2768 3652 2810 est

2060 2855 2273 2923 divisio,
2313 2871 2491 2928 neque
2516 2857 2808 2929 disjuuctio
2833 2855 3030 2919 Patris,
3065 2864 3121 2909 et
3151 2853 3294 2916 Filii.
3328 2865 3381 2909 et
3414 2853 3652 2924 Spll‘lltlS

2059 2949 2258 3005 sancti.

1600 3135 1928 3199 Francisci
1963 3136 2175 3199 Scorsi
2205 3145 2394 3202 noue.

371 3251 580 3315 tempus
616 3241 928 3315 £680utxbv,
966 3245 1361 3308 septenarium,
1397 3253 1625 3297 voratur
1683 3260 1710 3296 a
1772 3243 2018 3315 Theo-C
2055 3259 2231 3315 usque
2291 3246 2358 3298 ad
2414 3245 2953 3315 transmigrationem
3017 3245 3072 3298 in
3146 3245 3525 3314 Babylonem,
3586 3257 3648 3300 ut

374 3313 552 3375 phane
586 3328 705 3363 eum
737 3313 858 3366 aliis
893 3315 1162 3373 Patrihus.
1195 3330 1332 3374 quos
1358 3315 1584 3378 produxi
1612 3315 1675 3366 ad
1699 3317 1857 3368 .hom.
1895 3314 1946 3375 l.

373 3392 489 3435 not.
524 3383 610 3438 l7.
638 3381 862 3450 ejrsqoe
891 3385 1113 3450 epitheti
1149 3396 1257 3438 tres
1284 3385 1490 3436 reddidi
1524 3387 1782 3442 rationes,
1821 3400 1954 3450 qua-

373 3467 492 3502 rum
517 3463 789 3514 postrema
817 3465 1026 3523 sumpta
1059 3466 1176 3508 erat
1203 3458 1268 3506 ah
1291 3455 1699 3507 enumeratione
1730 3464 1948 3505 aetatum

372 3523 581 3576 mundi.
620 3539 742 3587 qum
774 3535 980 3588 septem
1037 3541 1065 3574 a
1117 3525 1393 3578 nonnullis
1446 3526 1802 3590 scriptoribus
1844 3540 1949 3576 nu—

375 3603 677 3662 merantur,
714 3591 1067 3662 Damasceno,
1104 3595 1330 3662 ejusque
1373 3595 1702 3657 explicatore
1748 3593 1951 3647 Jodoco

374 3661 675 3727 Clictoveo,
714 3680 740 3714 a
772 3661 972 3718 Iacobo
1003 3661 1254 3724 Saliano,
1293 3665 1362 3718 ab
1413 3664 1532 3716 aliis
1581 3681 1670 3717 sev
1694 3707 1708 3725 ,
1763 3665 1952 3718 Adone

373 3731 672 3789 Viennens.
704 3733 799 3786 lib.
837 3733 911 3788 De
943 3751 1036 3789 sea:
1071 3735 1339 3795 (cratibus,
1375 3743 1427 3787 et
1465 3733 1770 3788 Venerabili
1806 3734 1944 3786 Beda

373 3801 428 3856 in
458 3801 741 3858 Chronico.
777 3804 883 3858 Sed
920 3821 1040 3858 cum
1076 3806 1310 3868 dicatur,
1365 3806 1414 3857 in
1461 3804 1810 3874 Martyrolog.
1848 3805 1953 3854 lio—

375 3890 556 3932 mano.
616 3874 873 3930 Christus
929 3885 1080 3928 sexta
1139 3886 1300 3930 attate
1361 3875 1544 3928 mundi
1602 3877 1850 3937 venisse,
1897 3885 1950 3926 et

373 3957 560 3999 oetava
597 3947 910 4008 assignetur
959 3946 1326 3998 communiter
1375 3961 1488 3998 aevo
1542 3947 1848 4007 beatorum,
1899 3953 1950 3998 et

375 4019 617 4068 omnium
643 4015 1094 4069 ἁποκαταστάσει
1119 4031 1212 4069 seu
1237 4015 1612 4069 instaurationi
1637 4030 1951 4082 corporum,

372 4085 759 4145 congruentius
779 4087 908 4140 mihi
930 4086 1104 4138 visum
1131 4088 1282 4152 sequi
1305 4086 1616 4153 Opinionem
1650 4088 1714 4138 de
1742 4095 1950 4154 septem

375 4155 650 4226 aetatibus,
701 4170 904 4226 easque
945 4155 1140 4210 aﬂ'erre
1186 4171 1284 4222 pro
1333 4172 1522 4220 causa,
1557 4171 1658 4209 cur
1699 4167 1954 4220 septena-

379 4225 514 4293 rium
551 4225 850 4293 appelletur
883 4226 1174 4281 universus
1211 4228 1471 4289 temporis
1515 4227 1803 4293 praesentis
1855 4240 1956 4278 an-

375 4292 724 4350 fractustt
788 4297 1004 4364 quidem
1077 4296 1205 4350 huic
1269 4297 1469 4350 rationi
1518 4292 1645 4350 non
1715 4297 1954 4351 arbitror

375 4364 636 4429 refragari
687 4364 1032 4421 Venerabilis
1075 4365 1234 4421 Beda:
1285 4366 1793 4428 enumerationem,
1854 4367 1944 4431 qui

376 4437 626 4505 quamvis
675 4437 727 4491 in
762 4437 1034 4490 Chronico
1069 4453 1160 4492 sex
1196 4447 1386 4490 aetates
1423 4437 1610 4491 mundi
1659 4437 1953 4503 describat,

377 4515 558 4559 tamen
606 4508 895 4574 septimam
945 4508 1138 4560 tribuit
1169 4507 1329 4560 morti
1365 4507 1663 4572 justorum,
1698 4507 1763 4558 ad
1793 4522 1952 4573 quem

377 4587 741 4645 consequatur
798 4587 1013 4637 octava,
1059 4593 1164 4644 qua
1201 4593 1304 4630 una
1344 4592 1468 4631 cum
1501 4578 1820 4644 corporibus
1871 4594 1955 4629 re-

374 4647 661 4706 viviscent,
702 4647 945 4712 adeoque
997 4651 1282 4714 septimam
1327 4648 1478 4714 ponit
1531 4649 1694 4699 etiam
1754 4649 1804 4698 in
1856 4647 1955 4701 hac

373 4718 510 4786 vita,
544 4732 638 4772 seu
673 4719 725 4769 iu
766 4719 998 4770 termino
1033 4718 1194 4784 hujus
1225 4717 1378 4781 vitat},
1412 4727 1464 4769 et
1493 4718 1562 4769 ab
1595 4727 1810 4777 octaVa,
1835 4734 1956 4786 (lure

377 4785 582 4858 integra
609 4795 693 4839 est
721 4788 892 4840 beata:
921 4787 1042 4840 vitae
1081 4787 1340 4858 sejungit.
1369 4787 1460 4842 Sic
1486 4787 1629 4839 enim
1653 4788 1957 4850 explicatus

377 4854 518 4909 Beda
575 4872 681 4910 non
733 4859 1012 4911 adversari
1082 4854 1396 4912 censebitur
1459 4858 1656 4910 rationi
1727 4873 1951 4913 nostrae.

375 4925 641 4980 Caeterum
662 4927 808 4980 enim
837 4943 942 4980 nou
977 4927 1201 4980 multum
1233 4929 1480 4989 interest,
1505 4938 1687 4980 utrttm
1718 4942 1835 4989 sex,
1873 4929 1953 4982 vel

380 5006 582 5063 septem
618 5007 806 5051 aetates
857 4998 1040 5050 mundi
1077 4998 1359 5062 dicantur;
1403 5014 1523 5050 cum
1571 4997 1715 5050 enim
1764 5008 1953 5055 aetates

381 5081 472 5138 seu
505 5067 704 5120 sarcula
742 5068 791 5119 in
823 5068 922 5121 hac
945 5068 1164 5138 ratione
1193 5067 1566 5138 intelligantur
1595 5068 1767 5135 longae
1800 5084 1951 5137 utne-

379 5137 500 5189 dam
563 5138 884 5192 durationes
942 5137 1244 5205 interjectze
1314 5137 1460 5191 inter
1513 5137 1649 5191 duas
1709 5139 1952 5203 insignes

382 5206 657 5260 hominum
701 5209 1046 5272 mutationes,
1089 5216 1248 5276 prout
1279 5209 1438 5260 aliam
1475 5207 1568 5260 alii
1602 5211 1956 5273 conceperint

383 5277 694 5344 hujusmodi
731 5278 1108 5344 titillationem,
1143 5279 1213 5331 ita
1250 5280 1618 5333 distinxerunt
1645 5277 1949 5342 huiusmodi

381 5358 584 5401 aetates.
619 5345 807 5414 Itaque
840 5363 1032 5408 ouines
1061 5349 1276 5413 quidem
1325 5350 1397 5403 ab
1438 5348 1642 5401 Adamo
1687 5364 1856 5414 usque
1883 5351 1950 5401 ad

381 5417 515 5480 Noe,
551 5418 634 5471 vel
683 5418 943 5471 diluviu‘m
987 5433 1155 5473 unam
1207 5419 1558 5485 interponunt
1591 5426 1842 5483 a-tatem;
1882 5419 1950 5472 ab

383 5487 495 5542 Noe
526 5503 656 5542 vero
689 5502 861 5555 usque
881 5492 947 5542 ad
982 5489 1184 5543 Mosem
1214 5504 1318 5542 non
1355 5492 1501 5554 item,
1535 5490 1628 5542 sed
1655 5492 1949 5542 secundam

383 5574 554 5627 usque
581 5559 650 5611 ad
685 5557 924 5622 Davidis,
975 5574 1070 5614 seu
1104 5572 1288 5626 regum
1323 5558 1666 5615 Hebraeorum
1707 5568 1948 5625 tempora

383 5629 685 5696 proferunt,
711 5630 852 5696 quod
883 5628 1013 5684 fecit
1047 5631 1164 5682 Ado
1208 5627 1400 5684 Vienn.
1444 5639 1498 5682 et
1530 5629 1692 5684 Beda.
1716 5629 1787 5681 At
1822 5644 1949 5684 vero

382 5700 472 5752 alii
506 5715 603 5768 pro
637 5699 811 5769 prima
843 5700 1108 5769 sententia
1133 5700 1288 5752 relati
1323 5703 1617 5755 secundam
1641 5707 1855 5753 mtatem
1883 5717 1948 5754 ex

382 5769 498 5824 Noe
544 5768 718 5839 uso-ue
747 5770 814 5823 ad
849 5768 1052 5824 Mosem
1093 5771 1460 5837 distinguunt,
1493 5771 1638 5838 quod
1683 5785 1778 5838 per
1823 5785 1945 5824 eum

384 5840 466 5894 lex
497 5841 700 5909 seri-pta
743 5841 938 5909 popqu
990 5839 1218 5895 Hebraeo
1267 5841 1448 5895 fuerit.
1496 5841 1944 5909 liursuuietiain

385 5928 448 5967 ex
487 5911 576 5968 his
615 5908 929 5968 auctoribus
955 5911 1091 5968 alius
1119 5909 1363 5982 quintam
1411 5921 1624 5967 aetatem
1669 5908 1946 5966 a-Davide

2058 3314 2432 3378 Clictlioveus,
2485 3318 2624 3368 alius
2657 3314 2840 3378 usque
2887 3317 2950 3367 ad
2987 3316 3217 3369 solutam
3271 3317 3644 3383 captivitatem

2057 3396 2112 3438 et
2145 3387 2589 3452 remigrationem
2629 3387 2678 3436 in
2717 3384 2956 3440 Iudaeam
2987 3387 3323 3439 discernunt.
3381 3386 3507 3438 Inde
3545 3402 3649 3438 utt-

2059 3465 2274 3509 meraut
2306 3467 2518 3510 sextam
2556 3472 2730 3520 usque
2763 3458 2829 3510 ad
2883 3458 3180 3511 adventum
3236 3457 3466 3510 Curius,
3516 3457 3646 3518 Sed.

2059 3537 2116 3578 ιιι
2152 3525 2288 3588 dixi,
2349 3542 2435 3580 res
2484 3543 2588 3578 non
2639 3538 2720 3578 est
2769 3528 2904 3580 tanti
2962 3530 3247 3589 momenti,
3299 3535 3353 3578 ut
3391 3526 3650 3580 subtilius

2057 3597 2422 3660 perquiren-la
2459 3598 2564 3659 sit;
2595 3597 2752 3649 nobis
2786 3597 2919 3648 satis
2955 3596 3056 3649 fuit
3092 3597 3205 3652 haec
3239 3597 3549 3660 ostendere,
3589 3607 3650 3648 ut

2058 3666 2456 3730 intelligeretur
2493 3667 2828 3732 probabilius
2870 3682 2897 3717 a
2941 3667 3098 3719 nobis
3150 3677 3466 3720 nmueratas
3529 3683 3651 3720 esse

2056 3750 2289 3799 septem,
2343 3752 2505 3802 quam
2557 3751 2649 3789 sex
2701 3745 2892 3788 aetates
2946 3737 3163 3801 tnumli;
3219 3747 3276 3788 ut
3329 3737 3452 3788 inde
3509 3738 3650 3788 ratio

2059 3805 2431 3870 colligeretur,
2485 3822 2582 3858 cur
2632 3806 2977 3870 septenarius
3021 3806 3249 3874 hujusce
3287 3809 3408 3858 vitae
3446 3822 3648 3861 cursus

2059 3891 2087 3928 a
2127 3876 2376 3928 Patrihus
2413 3892 2475 3930 ac
2509 3875 2809 3940 praesertim
2838 3875 2942 3945 hoc
2977 3887 3164 3928 nostro
3209 3876 3455 3945 pluribus
3511 3876 3648 3929 locis

2057 3946 2376 4008 appelletur.
2406 3947 2670 4000 Caeterum
2694 3945 2826 3997 nihil
2850 3943 3036 4003 oliicit,
3063 3943 3239 4013 neque
3265 3961 3390 3998 vero
3427 3945 3645 4011 aliquod

2058 4015 2214 4068 aﬂ'ert
2246 4016 2549 4084 adjumenti
2573 4017 2638 4068 ad
2669 4017 2813 4068 hanc
2840 4026 3081 4068 nostram
3109 4015 3642 4068 animadversionem

2058 4095 2294 4152 quatuor
2337 4097 2556 4140 aetatum:
2591 4087 2893 4148 distinctio,
2929 4101 3050 4152 quae
3083 4104 3108 4136 a
3149 4084 3368 4155 Sibyllae
3409 4086 3645 4155 Cumaeae

2058 4159 2294 4210 oraculis
2315 4157 2524 4224 prodita
2545 4166 2650 4220 est,
2679 4172 2878 4218 aurem,
2896 4154 3388 4220 argettlcm,miiea§,
3415 4154 3642 4219 ferreae;

2059 4227 2258 4293 quibus
2328 4229 2577 4295 peractis.
2644 4241 2860 4279 rursum
2914 4225 3312 4293 παλιγγενεσία
3363 4241 3460 4282 seu
3515 4235 3648 4277 a'tas

2059 4311 2223 4349 aurea
2260 4298 2498 4351 reditura
2525 4299 2614 4357 sit,
2641 4295 2796 4360 cujus
2820 4297 3082 4349 carminis
3111 4298 3268 4363 plena
3293 4305 3417 4348 sunt
3444 4297 3644 4363 scripta

2061 4376 2366 4435 poetarum.
2397 4369 2514 4419 Alia
2540 4377 2621 4420 est
2643 4369 2783 4420 enim
2817 4367 2931 4418 ham
2954 4369 3167 4427 divisio,
3199 4381 3363 4430 atque
3389 4381 3448 4420 ea
3474 4381 3637 4433 quam

2059 4451 2124 4488 ex
2185 4437 2436 4490 Patribus
2501 4448 2550 4490 et
2608 4452 2763 4491 Sacra
2817 4437 3052 4490 Historia
3107 4438 3454 4506 protulimus.
3513 4436 3650 4490 Vide

2060 4518 2321 4575 prmterea
2362 4507 2420 4560 Ι).
2458 4507 2737 4570 Basilium,
2776 4507 2924 4560 hom.
2959 4508 2992 4560 2
3024 4509 3078 4560 in
3115 4507 3502 4560 liexaeitteron.

1987 4609 2034 4668 Β
2133 4577 2246 4647 (59)
2294 4576 2514 4645 Mystico
2550 4578 2768 4659 forcipe.
2820 4577 2878 4628 lu
2911 4577 3120 4658 duobus
3168 4578 3360 4656 codd...
3405 4581 3504 4627 hoc
3555 4588 3636 4626 est

2064 4646 2197 4698 Pan.
2223 4659 2273 4698 et
2307 4646 2454 4698 Vat..
2478 4659 2737 4698 scriptun:
2761 4661 2932 4698 reneri
2953 4647 3154 4698 λαόίδι.
3185 4649 3472 4698 mamtesto
3493 4661 3636 4698 men-

2107 4634 2197 4703 aii.
2223 4634 2273 4698 et
2307 4634 2454 4710 Viit.,
2478 4634 2737 4716 scriptun:
2761 4649 2932 4712 reperi
2953 4647 3154 4706 λαόίδι,
3185 4634 3472 4700 manili-sto
3493 4661 3646 4698 men-

2063 4719 2130 4786 do
2175 4730 2297 4770 orto
2346 4733 2411 4770 ex
2449 4718 2734 4770 metathesi
2784 4717 3150 4786 syllabarum;
3212 4717 3425 4786 coirexi
3489 4727 3540 4766 ut
3577 4731 3642 4768 ex

2060 4785 2255 4840 Gallic.
2286 4796 2337 4841 et
2374 4804 2498 4839 Vera
2539 4789 2766 4841 lectione
2817 4785 2958 4839 LXX
2998 4788 3227 4855 interpr.
3255 4785 3448 4839 Λαὸίδι
3477 4801 3644 4855 porro

2059 4858 2326 4910 calculum
2360 4858 2588 4923 ignitum
2628 4859 2932 4925 symbolum
2971 4855 3143 4911 fuisse
3173 4857 3410 4922 Spiritus
3437 4857 3638 4916 sancti.

2059 4929 2206 4994 quia
2241 4931 2483 4997 peccatis
2529 4928 2670 4981 lahia
2725 4930 2897 4991 Isaiaa,
2933 4939 2987 4980 et
3033 4927 3276 4996 cujusvis
3322 4927 3641 4992 pmnitentis

2059 4999 2331 5064 purilical.
2355 5008 2409 5049 et
2441 4997 2769 5058 sanctiﬁcat,
2805 5000 2963 5050 docet.
2994 4997 3052 5052 S.
3083 4997 3430 5059 Ambrosius,
3471 4997 3567 5050 Illi.
3602 5013 3642 5063 I,

2057 5067 2135 5120 De
2163 5066 2369 5134 Spiritu
2409 5079 2614 5129 saucio,
2647 5070 2824 5134 capite
2854 5067 2908 5120 9.

2129 5136 2242 5204 (40)
2284 5136 2472 5190 Murus
2527 5147 2827 5191 rcnoratus.
2883 5136 3062 5192 Locus
3101 5137 3253 5192 lsaiaa
3305 5154 3353 5190 c.
3414 5153 3530 5194 xvi.
3589 5139 3643 5192 in

2057 5220 2242 5262 nostra
2282 5207 2503 5272 Vulgata
2557 5208 2634 5259 sic
2671 5210 2828 5260 habet
2869 5224 2883 5262 :
2924 5207 3113 5261 Venter
3159 5226 3304 5262 nteus
3357 5207 3426 5259 ad
3481 5206 3646 5261 Moab

2053 5279 2208 5341 quasi
2258 5278 2479 5346 cytlmra
2518 5277 2761 5338 sonabit;
2815 5289 2860 5329 et
2913 5282 3112 5331 viscera
3147 5295 3260 5331 mea
3301 5279 3368 5331 ad
3429 5295 3640 5330 murum

2053 5350 2186 5402 cocti
2215 5349 2416 5401 lateris.
2462 5349 2566 5401 Sed
2593 5358 2862 5415 postrema
2895 5364 3024 5416 pars
3075 5349 3235 5416 hujus
3275 5349 3526 5401 versiculi
3558 5348 3642 5400 sie

2054 5432 2312 5486 expressa
2346 5429 2430 5472 est
2459 5421 2526 5470 ah
2553 5420 2833 5484 interpret.
2864 5417 3000 5470 LXX
3050 5437 3064 5471 :
3097 5422 3193 5473 καὶ
3217 5419 3286 5471 τὰ
3310 5418 3462 5481 ἐντός
3506 5433 3638 5485 μου,

2053 5489 2128 5550 ὡς
2159 5491 2342 5556 τεῖχος
2373 5489 2751 5553 ἁνεκαίνισας,
2793 5501 2840 5540 et
2874 5489 3132 5542 interiora
3181 5506 3296 5542 mea
3336 5487 3490 5557 quasi
3521 5502 3641 5539 mu-

2053 5575 2173 5612 rum
2203 5561 2490 5613 renovasti.
2531 5559 2604 5612 De
2633 5575 2736 5626 qua
2773 5563 3038 5613 varietate
3067 5569 3122 5614 et
3153 5557 3499 5624 expositione
3523 5565 3636 5626 tum

2053 5629 2296 5690 litterati,
2322 5637 2435 5682 tum
2463 5625 2689 5699 mystica
2707 5630 2928 5699 consule
2949 5632 3313 5699 interpretes_;
3339 5627 3474 5699 satis
3502 5625 3634 5678 mihi

2051 5699 2321 5754 indicasse
2385 5695 2668 5754 lectionem
2722 5698 2867 5753 LXX
2913 5715 3016 5768 qua
3087 5695 3222 5754 usus
3271 5695 3633 5768 Theophanes

2052 5771 2215 5825 verba
2251 5771 2338 5822 illa
2375 5773 2440 5824 ad
2470 5785 2689 5824 sensum
2720 5779 2778 5824 et.
2803 5766 3055 5824 allectum
3080 5784 3240 5824 suum
3277 5766 3466 5838 pietati
3495 5779 3633 5819 cou-

2051 5851 2375 5897 sentaneuui
2394 5841 2843 5896 accommodavit.
