4070 6436
302 319 407 386 πο
1503 309 1995 372 TlIEOI’IlANlS
2030 311 2370 372 CERAMEI
3462 314 3577 381 780

306 451 461 496 retur
488 439 686 502 Deum,
722 433 827 490 nisi
873 431 1111 503 Spiritus
1159 436 1402 492 sanctus,
1431 429 1519 497 qui
1557 427 1705 482 illum
1740 441 1768 480 a
1797 442 1889 482 su-

2016 428 2199 498 ιξᾶραν
2229 430 2330 499 τῆς
2377 427 2694 498 Χαλδαῖκῆς
2727 427 3173 498 δυσειδαιμονίας
3206 431 3408 496 adt/iv;
3444 429 3580 487 Εἶτα

307 531 630 603 perstitione
662 524 964 597 .Cbaidaica
1025 522 1272 578 exemit:
1321 527 1509 590 postea
1567 529 1751 573 secuta
1805 527 1889 572 est

2043 522 2132 574 διὰ
2176 521 2278 574 τοῦ
2326 524 2496 592 νόμου
2545 523 2903 592 συσσεισμδς,
2956 522 3016 586 ὂς
3050 523 3288 576 διέσεισε
3319 526 3408 577 καὶ
3452 527 3584 579 ἐτάο

307 621 616 685 concussio,
676 626 922 687 tempore
968 613 1154 684 legis:
1195 627 1316 681 quae
1367 624 1501 664 sane
1561 624 1666 664 non
1730 608 1891 662 modo

2016 615 2156 680 ιαξεν
2195 615 2256 667 οὐ
2299 614 2464 686 μόνον
2490 615 2768 683 Αἴγυπτον
2824 618 2890 686 τῇ
2943 616 3274 688 δεκαπλήγῳ
3331 618 3579 689 μάστιγι,

307 715 604 785 Egyptqu
642 713 825 766 decem
878 707 1158 777 plagarum
1189 702 1426 774 ﬂagello,
1461 701 1558 758 sed
1600 710 1656 756 et
1697 700 1890 756 solitu-

310 806 531 868 dinem,
576 809 631 856 et
678 808 868 868 gentes
925 795 1125 850 multas
1176 793 1495 861 concussit,
1549 803 1602 846 et
1664 800 1888 846 contur-

313 891 481 951 bavi’t.

382 983 537 1053 Quod
579 998 705 1040 vero
740 997 836 1051 per
859 980 1125 1050 Spiritum
1164 989 1416 1034 sanetum
1467 993 1497 1033 a
1527 977 1711 1050 Moyse
1752 977 1894 1033 facta

311 1079 420 1133 sint
443 1089 630 1145 opera,
665 1073 961 1142 intelliges,
986 1071 1031 1126 si
1061 1071 1304 1124 animum
1329 1070 1584 1125 advertes
1607 1071 1672 1124 ad
1699 1069 1896 1124 nubem

310 1183 430 1238 quae
457 1168 561 1223 dux
611 1165 825 1221 itineris
863 1163 966 1218 luit
1013 1162 1198 1218 Israel.
1228 1161 1333 1216 Per
1359 1176 1476 1217 eam
1503 1163 1647 1217 enim
1700 1162 1900 1232 [igura-

1992 707 2129 761 ἀ).λὰ
2154 709 2249 762 καὶ
2274 708 2482 780 ἔρημον
2505 709 2599 762 καὶ
2634 708 2761 780 ἔθνη
2791 708 2985 762 πολλά.

2069 972 2193 1023 Ὅτι
2215 969 2272 1024 δὲ
2296 971 2386 1024 διὰ
2411 971 2506 1024 τοῦ
2529 971 2687 1040 ἁγίου
2723 971 3043 1040 Πνεύματος
3066 972 3286 1044 ἐνήργει
3313 974 3583 1048 Μωῦσῇς,

2000 1063 2344 1133 καταμάθοις
2412 1063 2670 1135 προσχὼν
2743 1067 2809 1136 τῇ
2882 1065 3150 1137 ὁδηγούσῃ
3224 1067 3423 1140 νεφέλῃ
3493 1070 3588 1124 τὸν

2012 1155 2252 1225 Ἰσραήλ.
2281 1153 2392 1208 Ἶιν
2418 1155 2528 1226 γὰρ
2557 1154 2697 1226 αῦτη
2727 1155 2788 1208 τὸ
2826 1155 3052 1226 Πνεῦμα
3085 1157 3147 1210 τὸ
3203 1158 3382 1226 ἅγιον,
3412 1161 3589 1224 οὕτως

311 1263 476 1318 batur
529 1258 768 1330 Spiritus
806 1264 1030 1312 sanctus
1058 1255 1209 1325 (53);
1244 1269 1370 1310 cum
1405 1253 1604 1309 Paulus
1637 1253 1901 1308 divinitus

2016 1247 2249 1311 εἰπόντος
2277 1247 2374 1301 τοῦ
2403 1247 2670 1318 θεηγόρου
2694 1247 2932 1302 Παύλου·
2965 1250 3146 1313 Τύπος
3173 1247 3243 1323 ἦν
3273 1252 3307 1323 ἡ
3340 1251 3588 1307 θάλασσα

313 1356 540 1425 loquens
593 1352 666 1406 ita
709 1349 891 1404 dicat:
951 1348 1152 1418 Figura
1183 1356 1304 1402 erat
1355 1361 1505 1402 mare
1534 1346 1648 1419 (54)
1679 1345 1900 1416 quidem

2016 1339 2095 1392 τοῦ
2121 1337 2338 1405 ὕδατος,
2372 1341 2405 1410 ὴ
2441 1339 2498 1393 δὲ
2539 1341 2739 1412 νεφέλη
2781 1340 2879 1394 τοῦ
2909 1341 3254 1413 Πνεύματος.
3304 1344 3470 1398 Ἀλλὰ
3494 1347 3590 1400 καὶ

313 1459 488 1515 aquae,
519 1441 690 1496 nubes
732 1453 861 1494 vero
900 1437 1144 1508 Spiritus
1163 1437 1229 1492 “.
1253 1437 1360 1493 Sed
1406 1448 1459 1493 et
1489 1447 1663 1507 petra,
1689 1451 1756 1493 ex
1795 1452 1901 1507 qua

2016 1434 2038 1504 η
2076 1433 2255 1504 πέτρα
2297 1433 2356 1499 ἐξ
2389 1427 2457 1506 ἧς
2505 1433 2732 1504 ἐπέρρει
2773 1433 2853 1505 τῷ
2882 1434 2998 1505 λαῷ
3028 1436 3269 1506 δαψιλῶς
3301 1440 3362 1490 τὸ
3391 1439 3587 1505 ποτὸν,

316 1534 513 1606 pOpulo
538 1530 776 1586 manavit
803 1527 1002 1584 aﬂatim
1029 1539 1211 1599 potus,
1241 1544 1346 1584 non
1379 1543 1513 1584 sane
1544 1529 1904 1598 spiritualiter

2016 1524 2103 1577 »ὐκ
2135 1523 2200 1577 ἂν
2237 1524 2343 1577 ὑπὸ
2367 1524 2467 1578 τοῦ
2513 1524 2732 1578 Παύλου
2773 1525 2978 1597 ἐκλήθη
3021 1527 3392 1599 πνευματικὴ,
3429 1529 3481 1582 εἰ
3514 1530 3590 1602 μὴ

316 1628 458 1681 dicta
519 1630 665 1679 esset
722 1637 752 1674 a
802 1620 1002 1687 Paulo,
1067 1618 1174 1675 nisi
1227 1634 1291 1674 ea
1338 1620 1560 1689 quidem
1617 1619 1902 1673 Dominum

2016 1615 2145 1684 ιύτὴ
2184 1615 2286 1685 μὲν
2312 1616 2504 1686 ἐδήλου
2538 1616 2629 1669 τὸν
2657 1617 2868 1686 Κύριον
2908 1617 3138 1688 Ἰησοῦν,
3167 1619 3230 1672 τὸ
3255 1619 3300 1672 δ’
3333 1621 3392 1685 ἐξ
3418 1621 3592 1691 αὐτῆς

315 1715 527 1781 Iesum,
555 1730 696 1786 aqua
726 1727 860 1770 vero
886 1728 952 1768 ex
979 1713 1096 1781 ipsa
1131 1710 1407 1782 proﬂuens
1437 1720 1686 1767 sanctum
1729 1710 1901 1781 Spiri-

2007 1703 2153 1775 ὕδωρ
2184 1705 2245 1758 τὸ
2276 1705 2504 1777 Πνεῦμα
2536 1707 2596 1759 τὸ
2629 1708 2804 1776 ἆγιον.
2835 1727 2854 1760 ι
2895 1709 3125 1762 Ἐπινον
3153 1711 3284 1780 γὰρ,
3313 1712 3499 1781 φησὶν,
3526 1714 3592 1765 ὲκ

317 1819 432 1864 tum
485 1782 840 1862 indicasset:
900 1822 920 1856 ι
982 1803 1249 1858 Bibchant
1315 1805 1497 1871 enim,
1560 1803 1771 1872 inquit,
1832 1801 1901 1857 de

2016 1797 2388 1870 πνευματικῆς
2432 1798 2837 1871 ἀκολουθούσης
2867 1802 3079 1873 πέτρας
3103 1820 3116 1834 ·
3151 1805 3185 1874 ἠ
3227 1804 3283 1857 δὲ
3319 1804 3497 1874 πέτρα
3523 1801 3592 1877 ἦν

318 1898 590 1970 spirituali
644 1904 1014 1966 consequente
1053 1909 1146 1950 cos
1177 1903 1351 1965 petra,
1383 1901 1538 1965 petra
1569 1902 1753 1949 autem
1785 1901 1902 1949 erat

317 1992 567 2048 Christus
588 1990 653 2044 ⁸⁷.
675 2008 693 2042 ι
720 1988 871 2055 Quod
896 1997 1076 2043 autem
1095 2001 1234 2056 aqua
1257 1986 1494 2056 Spiritus
1517 1987 1685 2058 figura
1713 1985 1902 2053 fuerit,

317 2084 532 2140 edocuit
565 2099 663 2138 nos
688 2082 848 2137 hodie
871 2079 1132 2136 Dominus
1160 2079 1213 2135 in
1237 2078 1532 2148 Evangelio
1558 2096 1573 2134 :
1605 2098 1624 2132 ι
1659 2079 1760 2146 Qui
1784 2093 1906 2134 cre-

319 2178 398 2232 dit
429 2177 485 2232 in
517 2190 626 2241 me,
657 2175 826 2246 286
855 2172 1075 2228 ﬁumina
1099 2173 1169 2228 de
1198 2181 1388 2228 ventre
1413 2171 1530 2241 ejus
1553 2173 1719 2228 ﬂuent
1751 2188 1905 2242 aqua

321 2270 458 2324 viva:
477 2267 558 2334 ‘3;
593 2285 612 2320 ι
660 2265 804 2336 quod
853 2279 989 2320 sane
1037 2265 1408 2335 interpretans
1458 2265 1760 2336 discipulus
1815 2266 1906 2321 ille

319 2359 548 2415 tonitrui
579 2359 758 2416 ﬁlius:
782 2375 802 2410 ι
836 2355 951 2413 Hoc
985 2357 1144 2423 dixit,
1170 2357 1366 2427 inquit,
1397 2358 1463 2413 de
1495 2355 1719 2426 Spiritu,
1743 2372 1903 2428 quem

319 2448 596 2517 accepturi
645 2455 804 2502 erant
858 2446 1148 2502 credentes
1204 2446 1258 2500 in
1315 2461 1438 2502 eum
1459 2447 1527 2501 θ’.
1561 2465 1579 2500 ›
1610 2447 1675 2501 Et
1701 2462 1834 2502 sane
1875 2463 1905 2501 a

321 2539 516 2610 spiritu
555 2538 650 2609 qui
685 2550 805 2594 erat
841 2539 894 2592 in
929 2537 1113 2608 Moyse
1163 2536 1418 2594 auferens
1465 2538 1610 2596 Deus
1657 2543 1908 2613 apposuit

321 2631 664 2701 septuaginta
715 2629 872 2696 viris,
907 2639 963 2685 et
993 2631 1062 2685 iis
1095 2630 1189 2700 qui
1226 2643 1606 2687 remanserant
1637 2634 1689 2687 in
1715 2634 1907 2692 castris

325 2723 469 2778 Eldae
515 2731 572 2776 et
605 2721 774 2776 Medae
814 2722 1370 2792 prophetantibus";
1420 2734 1697 2795 postremo
1742 2727 1906 2782 etiam

325 2811 546 2878 Nabidi,
572 2821 627 2867 ct
653 2810 820 2868 Josue
844 2813 896 2867 in
927 2812 1106 2868 locant
1129 2811 1330 2885 Moysis
1353 2816 1647 2885 subrogato
1669 2817 1735 2872 ⁷⁸.
1767 2817 1908 2884 Quid

324 2918 455 2958 vero
486 2911 608 2973 post
635 2903 752 2959 haec
782 2902 1023 2958 divinum
1048 2903 1367 2959 oraculum?
1397 2925 1415 2958 ι
1450 2905 1577 2962 Post
1597 2910 1910 2964 concussio-

325 3010 448 3051 nem
467 2994 628 3066 ignis;
642 3013 661 3046 ›
688 2994 775 3050 hic
787 3003 871 3050 est
889 2993 1125 3065 Spiritus
1141 2995 1235 3065 qui
1257 2995 1580 3066 loquebatur
1597 2999 1650 3053 in
1674 3003 1908 3070 prephe-

326 3087 418 3149 tis,
443 3093 499 3140 et
521 3094 755 3141 mentem
791 3100 981 3141 eorum
1005 3085 1221 3140 fovebat
1255 3096 1311 3143 et
1341 3088 1727 3144 inﬂammabat.
1755 3093 1907 3159 Quod

325 3192 459 3232 sane
481 3176 788 3248 intelligens
807 3177 1328 3235 calamitosissimus
1347 3180 1739 3250 prophetarum
1768 3184 1914 3238 dicc-

327 3270 419 3322 bat
450 3283 518 3324 ex
539 3282 768 3338 persona
795 3269 891 3324 Dei
917 3285 934 3323 :
972 3287 990 3320 ι
1021 3266 1215 3326 Nonne
1239 3271 1405 3326 verba
1430 3287 1547 3327 mea
1566 3273 1708 3329 sicut
1729 3274 1917 3342 ignis?

329 3360 458 3414 dicit
483 3359 769 3414 Dominus.
800 3377 927 3412 ι-ι
960 3360 1092 3415 Post
1122 3362 1302 3432 ignem
1325 3377 1476 3428 vero,
1505 3364 1702 3434 inquit,
1726 3381 1829 3421 vox
1859 3379 1918 3421 ut

327 3465 474 3504 aura:
495 3451 692 3516 tenuis,
728 3451 872 3506 etibi
891 3451 1154 3507 Dominus
1177 3454 1245 3509 ".
1277 3471 1296 3508 ι
1330 3455 1589 3526 Videiam
1610 3463 1670 3511 ut
1695 3457 1917 3528 impleta

330 3544 404 3597 sit
423 3542 728 3612 prophetia,
755 3544 1113 3600 considerans
1134 3560 1322 3602 auram
1338 3548 1512 3614 illam,
1530 3563 1651 3617 qua:
1674 3550 1917 3621 discipu-

330 3637 399 3688 lis
423 3637 473 3688 in
516 3636 854 3692 cmnaculum
879 3638 1048 3694 venit.
1083 3636 1140 3693 In
1177 3641 1607 3709 praecedentibus
1627 3643 1771 3698 enim
1791 3659 1914 3700 om-

331 3727 493 3781 nibus
529 3727 743 3782 indiciis
774 3745 789 3781 :
823 3746 842 3779 ι
871 3727 989 3783 Νοη
1023 3730 1076 3783 in
1117 3731 1318 3798 spiritu
1378 3731 1664 3800 Dominus,
1721 3734 1917 3805 inquit,

331 3833 508 3888 neque
539 3820 590 3873 in
614 3821 998 3887 concussione,
1032 3837 1210 3893 neque
1232 3824 1285 3878 in
1318 3824 1480 3892 igne:
1515 3842 1534 3877 ι
1567 3835 1622 3880 at
1648 3845 1667 3878 ι
1698 3828 1752 3882 in
1787 3843 1919 3883 voce

331 3917 390 3959 ut
417 3923 560 3960 aurae
597 3909 798 3973 tenuis,
834 3925 852 3959 ι
891 3908 1122 3976 addidit,
1161 3926 1181 3960 ι
1212 3907 1279 3963 Et
1347 3910 1421 3966 ibi
1480 3911 1766 3969 Dominus.
1805 3934 1823 3967 ι
1864 3915 1919 3970 In

332 4000 654 4067 patriarchis
693 4000 864 4066 enim,
896 4012 951 4054 et
981 4001 1035 4056 in
1071 4001 1207 4072 lege,
1248 4011 1302 4058 et
1329 4003 1382 4057 in
1415 4004 1695 4078 prOphetis
1744 4009 1920 4078 gratia

333 4091 573 4162 Spiritus
639 4093 1039 4160 quodammodo
1096 4104 1216 4148 erat
1314 4097 1550 4154 exilior:
1603 4113 1726 4168 quae
1792 4114 1920 4154 vero

329 4184 614 4252 discipulis
659 4193 935 4251 postremo
969 4194 1214 4256 tempore
1266 4189 1392 4242 data
1447 4199 1551 4255 est,
1605 4191 1920 4260 perﬁciendi

331 4279 440 4328 vim
472 4273 683 4327 habuit.
717 4273 782 4326 Et
829 4275 970 4329 sicut
1012 4277 1064 4330 in
1119 4277 1308 4332 mundi
1359 4277 1654 4336 Creatione
1707 4279 1921 4352 Moyses

334 4367 432 4430 ait,
472 4367 705 4435 primum
755 4367 973 4436 quidem
1032 4369 1267 4424 animam
1301 4379 1645 4438 vegetantem
1688 4372 1918 4426 inditam

2007 1893 2035 1945 6
2067 1893 2340 1963 Χριστός.
2383 1911 2401 1944 ι
2449 1893 2575 1946 Ὅτι
2604 1893 2663 1948 δὲ
2688 1894 2749 1946 τὸ
2781 1893 2926 1966 ὕδωρ
2953 1896 3014 1948 τὸ
3044 1896 3268 1967 Πνεῦμα
3305 1897 3590 1966 εἰκόνιζεν,

2006 1983 2478 2056 ὲμυσταγώγησεν
2519 1987 2668 2056 ἡμᾶς
2709 1988 2952 2058 σήμερον
2996 1990 3056 2042 ὲν
3085 1991 3200 2053 τοῖς
3228 1988 3588 2058 Εὐαγγελιοις

2005 2079 2035 2131 6
2064 2074 2271 2145 Κύριος
2304 2090 2320 2107 ο
2361 2095 2379 2128 ι
2429 2077 2488 2130 '0
2519 2079 2796 2132 πιστεύων
2827 2081 2908 2144 εἰς
2947 2081 3049 2151 ἐμὲ
3088 2081 3325 2150 ποταμολ⁵
3361 2081 3591 2151 ῥεύσου-

2009 2182 2093 2219 σιν
2144 2169 2210 2221 ὲκ
2252 2168 2356 2238 τῆς
2391 2168 2603 2234 κοιλίας
2646 2170 2815 2224 αὐτοῦ
2870 2171 3068 2236 ὓδατος
3118 2173 3323 2237 ζῶντος
3348 2188 3363 2203 ο
3401 2191 3418 2225 ι
3454 2173 3594 2246 ὅπερ

2007 2258 2376 2330 ὲρμηνεύωνό
2409 2260 2768 2333 βροντογενὴς
2801 2263 3080 2336 μαθητὴς,
3139 2286 3156 2318 ι
3189 2266 3380 2332 Τοῦτο,
3403 2267 3592 2337 φησὶν,

2008 2347 2132 2404 εἷπε
2187 2353 2319 2423 περὶ
2373 2354 2465 2406 τοῦ
2525 2355 2868 2424 Πνεύματος,
2917 2356 2946 2409 6
2996 2357 3188 2427 ἔμελλε
3243 2359 3428 2412 δοῦναι
3478 2360 3598 2423 τοῖς

2009 2443 2359 2500 πιστεύουσιν
2412 2447 2492 2510 εἰς
2546 2447 2730 2501 αὐτόν.
2792 2467 2812 2501 ι
2862 2449 2970 2502 Καὶ
3027 2450 3134 2521 μὴν
3183 2450 3434 2505 traici-1:6
3496 2451 3593 2504 τοῦ

2010 2537 2322 2608 πνεύματος
2339 2537 2433 2592 τοῦ
2452 2539 2510 2590 ὲν
2535 2539 2612 2611 τῷ
2646 2541 2876 2594 Μωῠσεϊ
2905 2540 3123 2608 ἀφελὼν
3157 2543 3184 2594 6
3205 2543 3338 2606 θεὸς
3367 2543 3596 2596 ἐπέθετο

2008 2633 2122 2693 τοῖς
2169 2631 2542 2702 ἑϐδομήκοντα
2584 2632 2680 2686 καὶ
2726 2636 2839 2694 τοῖς
2898 2635 3344 2705 καταλειφθεῖσιν
3397 2638 3460 2690 ὲν
3525 2639 3592 2708 τῇ

2011 2720 2331 2792 παρεμϐολῇ
2376 2720 2563 2774 Ἀλδὰδ
2583 2721 2676 2774 καὶ
2699 2722 2882 2776 Μοδὰδ
2911 2725 3344 2794 προφητεύουσιν
3378 2739 3396 2759 ⁸
3425 2725 3599 2779 ὔστε-

2015 2829 2106 2881 ρον
2139 2812 2194 2864 δὲ
2249 2811 2344 2864 καὶ
2381 2811 2460 2880 τῷ
2493 2811 2708 2884 Νασίδῃ
2754 2814 2849 2866 καὶ
2906 2813 3137 2885 διαδόχῳ
3181 2815 3276 2868 τοῦ
3316 2817 3598 2880 Μωῦσέως

2024 2902 2224 2973 Ἰησοῦ.
2286 2902 2448 2956 Ἀλλὰ
2495 2905 2548 2956 τί
2603 2904 2744 2972 μετὰ
2788 2905 2969 2960 ταῦτά
3013 2924 3184 2976 φησιν
3228 2909 3257 2961 6
3307 2909 3594 2980 χρησμός;

2019 3013 2037 3047 ι
2066 2995 2222 3049 Μετᾶ
2251 2995 2310 3048 δὲ
2339 2996 2432 3049 τὸν
2474 2997 2807 3066 συσσεισμὸν
2839 2997 2950 3065 πῦρ
2987 3016 3002 3031 ·
3038 3017 3058 3051 ›
3099 2999 3234 3053 αὐτὸ
3279 3001 3505 3070 Πνεῦμα
3538 3004 3596 3054 ὲν
3643 3063 3648 3068 ο

2014 3091 2129 3153 τοῖς
2179 3087 2491 3159 προφήταις
2536 3089 2758 3154 λαλοῦν,
2829 3091 2925 3144 κοιλ⁴
2959 3091 3319 3161 περιθάλπον,
3352 3093 3447 3146 καὶ
3475 3093 3598 3146 δια-

2019 3176 2310 3246 θερμαῖνον
2339 3176 2520 3229 αὐτῶν
2549 3176 2610 3229 τὸ
2636 3179 2733 3248 ὴγε
2745 3179 2986 3247 μονικόν.
3024 3181 3202 3252 Ὅπερ
3247 3181 3403 3245 εἰδὼς
3431 3182 3459 3234 6
3485 3181 3595 3237 τῶν

2020 3265 2318 3336 προφητῶν
2374 3268 2954 3339 πολυσυμφορὼτατος
2985 3272 3171 3341 ἔλεγεν
3201 3275 3266 3326 ὲκ
3299 3275 3593 3346 προσώπου

2017 3358 2111 3411 τοῦ
2143 3359 2303 3412 Θεοῦ·
2325 3379 2342 3410 ι
2371 3361 2483 3430 Οὐχ
2499 3361 2574 3424 ὡς
2594 3361 2706 3433 πῦρ
2724 3363 2774 3415 οἱ
2796 3363 2947 3432 λόγοι
2971 3383 3074 3434 μου
3097 3382 3112 3431 ;
3151 3365 3300 3435 λέγει
3334 3369 3592 3436 Κύριος.»

2020 3481 2087 3493 --
2113 3471 2132 3504 ι
2160 3454 2315 3506 Μετὰ
2339 3453 2397 3506 δὲ
2435 3456 2496 3507 τὸ
2525 3455 2656 3525 πῦρ,
2700 3467 2856 3527 φησι,
2882 3457 3032 3530 φωνὴ
3062 3459 3136 3521 ὡς
3167 3458 3341 3530 αὔρας
3370 3460 3596 3530 λεπτῆς,

2019 3546 2114 3598 καὶ
2158 3547 2275 3600 ἐκεῖ
2324 3546 2548 3617 Κύριος.
2595 3568 2613 3600 ι
2659 3550 2852 3620 ’Λθρει
2900 3550 2964 3622 δὴ
3023 3553 3122 3622 τῆς
3172 3555 3508 3625 προφητείας
3537 3553 3600 3606 τὸ

2020 3635 2319 3707 πλήρωμα,
2343 3641 2694 3711 κατανοήσας
2720 3642 2817 3712 τὴν
2837 3641 3013 3713 αὖραν
3041 3644 3140 3714 τὴν
3162 3646 3240 3708 εὶς
3265 3646 3324 3697 τὸ
3347 3645 3602 3715 ύπερῷον

2022 3730 2378 3782 καταπτᾶσαν
2427 3733 2543 3793 τοῖς
2587 3731 2878 3801 μαθηταῖς.
2928 3734 3019 3787 Ἐν
3071 3735 3169 3804 μὲν
3203 3734 3297 3790 οὖν
3319 3739 3440 3800 ταῖς
3469 3754 3602 3808 προ-

2020 3819 2407 3890 ηγησαμέναις
2435 3821 2758 3890 ἐμφανείαις
2788 3824 2953 3892 φησιν
2975 3841 2990 3855 '
3031 3844 3050 3877 ‹
3085 3825 3198 3878 Οὐκ
3229 3828 3287 3879 ἐν
3325 3827 3401 3897 τῷ
3433 3828 3599 3881 πνεύ-
3690 3882 3692 3884 τ

2025 3927 2154 3978 ματι
2187 3910 2412 3982 Κύριος,
2443 3912 2538 3965 καὶ
2577 3911 2676 3966 οὐκ
2707 3913 2764 3967 ὲν
2795 3913 2874 3983 τῷ
2910 3916 3248 3986 συσσεισμῷ,
3285 3919 3377 3971 καὶ
3415 3918 3515 3971 οὐκ
3541 3922 3600 3972 ἐν

2021 4003 2098 4072 τῷ
2127 4003 2283 4074 πυρίο
2321 4021 2340 4054 ι
2369 4004 2426 4056 ὲν
2440 4003 2495 4056 δὲ
2515 4006 2580 4074 τῇ
2609 4022 2626 4054 ι
2651 4007 2801 4075 φωνῇ
2832 4023 2852 4056 ›
2879 4009 2942 4077 τῇ
2969 4025 2986 4056 ι
3016 4008 3089 4070 ὡς
3119 4007 3294 4078 αὔρας
3317 4010 3542 4081 λεπτῆς,
3574 4029 3596 4062 ι

2023 4095 2295 4164 ἐπήγαγε,
2347 4112 2365 4145 ι
2405 4095 2516 4147 Καὶ⁹
2561 4097 2680 4147 ἐκεῖ
2710 4096 2938 4166 Κύριος.
2981 4115 2999 4148 ›
3049 4097 3137 4150 Ἑν
3183 4100 3282 4167 μὲν
3331 4101 3440 4171 γὰρ
3486 4103 3601 4164 τοῖς

2023 4183 2412 4254 πατριάρχαις,
2477 4184 2573 4236 καὶ
2624 4183 2702 4254 τῷ
2762 4186 2932 4253 νόμῳ,
2991 4187 3087 4238 καὶ
3137 4187 3252 4249 τοῖς
3291 4188 3601 4257 προφήταις

2023 4275 2375 4346 ἀμυδροτέρα
2404 4293 2518 4337 πως
2546 4270 2615 4345 ἦν
2654 4277 2687 4346 ή
2723 4275 2886 4346 χάρις
2926 4276 3023 4328 τοῦ
3071 4276 3390 4346 Πνεύματος
3413 4291 3429 4307 ο
3479 4278 3514 4346 ὴ
3543 4276 3602 4328 δὲ

2022 4367 2240 4420 δοθεῖσα
2276 4365 2391 4429 τοῖς
2423 4366 2696 4436 μαθηταῖς
2726 4370 2784 4420 ὲν
2824 4369 2902 4436 τῷ
2931 4367 3130 4437 λοίσθῳ
3163 4367 3342 4437 καιρῷ
3400 4367 3600 4419 τελεω-

333 4473 456 4512 esse
492 4458 711 4527 plantis,
756 4459 952 4515 deinde
980 4461 1309 4515 sentientem
1332 4462 1662 4519 animalibus
1684 4465 1910 4519 rationis

2022 4457 2169 4526 τική.
2211 4456 2323 4508 Καὶ
2349 4454 2538 4526 ὥσπερ
2568 4457 2626 4506 ὲν
2672 4459 2738 4527 τῇ
2767 4455 2862 4510 τοῦ
2889 4457 3096 4527 κόσμου
3128 4456 3346 4509 Γενὲσει
3382 4455 3547 4525 φησὶν
3570 4457 3599 4509 6

333 4549 672 4620 expertibus,
701 4550 768 4603 ad
797 4560 1100 4604 extremum
1125 4566 1253 4606 vero
1287 4553 1582 4623 perlectam
1615 4563 1669 4609 et
1702 4555 1916 4611 ratione

334 4642 615 4707 przeditaui
653 4639 856 4694 homini
919 4641 1026 4694 vim
1065 4644 1354 4710 vegetandi
1398 4653 1453 4699 et
1497 4646 1765 4702 sentiendi
1807 4663 1914 4702 una

333 4747 458 4786 cum
480 4731 843 4787 ratiocinandi
865 4733 1502 4791 facultatccontiuentem
1533 4756 1546 4791 :
1575 4737 1646 4792 ita
1670 4745 1722 4792 et
1743 4741 1916 4810 gratia

337 4822 570 4890 Spiritus
631 4821 847 4876 tenuior
899 4823 1116 4892 quidem
1178 4826 1230 4879 in
1294 4826 1746 4894 patriarchis,in
1802 4828 1918 4900 lege

335 4931 466 4971 vero
520 4929 575 4970 et
624 4917 905 4987 prophetis
954 4918 1206 4983 validior,
1247 4919 1513 4976 illustrior
1560 4936 1710 4983 vero,
1765 4932 1820 4976 et
1862 4933 1922 4977 ut

335 5007 592 5078 Theologi
650 5009 820 5065 verbo
852 5021 974 5064 utar
1005 5010 1144 5080 (55‘),
1208 5010 1378 5065 veluti
1435 5012 1806 5067 essentialiter
1865 5013 1918 5066 in

403 5171 447 5202 ⁸⁸
487 5167 504 5223 Ι
536 5167 663 5225 Cor.
710 5186 766 5235 ι,
799 5171 858 5236 2,
894 5169 948 5223 6.

331 5241 377 5271 "
402 5239 606 5295 Jerem.
648 5241 738 5307 25,
771 5241 864 5295 29.

1061 5169 1109 5200 ⁸⁷
1137 5167 1273 5224 ibid.
1306 5171 1361 5224 Δ.
1475 5173 1518 5203 ⁸⁸
1542 5171 1676 5228 Joan
1713 5192 1812 5242 vn,
1847 5177 1915 5231 '58

2021 4548 2289 4617 Μωῦσῆς,
2317 4547 2400 4600 ὅτι
2432 4549 2700 4619 πρότερον
2720 4548 2870 4619 μὲνὴ
2897 4548 3100 4618 φυτικὴ
3119 4547 3264 4620 ψυχὴ
3288 4548 3598 4617 κατεϐλήθη

2023 4643 2082 4693 ἐν
2110 4642 2226 4704 τοῖς
2257 4642 2468 4709 φυτοῖς,
2517 4635 2637 4694 εἶτα
2688 4643 2747 4693 ὲν
2791 4642 2906 4702 τοῖς
2947 4641 3169 4709 ἀλόγοις
3205 4643 3237 4711 ἡ
3279 4640 3598 4709 αἰσθητικὴ,

2018 4733 2308 4787 τελευταία
2337 4733 2382 4784 δ’
2417 4734 2473 4785 ἐν
2515 4731 2593 4802 τῷ
2637 4731 2931 4802 ἀνθρώπῳ,
2979 4733 3012 4801 ἡ
3061 4732 3244 4784 τελεία
3281 4733 3374 4783 καὶ
3405 4731 3600 4800 λογικὴ

2023 4829 2119 4880 σὺν
2146 4826 2224 4898 τῷ
2250 4826 2416 4896 λόγῳ,
2481 4827 2576 4878 καὶ
2604 4825 2703 4894 τὴν
2735 4825 2990 4894 φυτικὴν,
3021 4826 3115 4878 καί
3146 4825 3244 4892 τὴν
3276 4823 3602 4892 αἱσθητ.κην

2021 4921 2254 4990 δύναμιν
2304 4917 2748 4989 ἐχουσαόὓτως
2805 4919 2838 4986 ὴ
2893 4917 2987 4969 τοῦ
3049 4917 3369 4986 Πνεύματος
3439 4917 3601 4985 χάρις

2022 5017 2370 5088 ἀμυδροτέρα
2399 5014 2496 5085 μὲν
2537 5015 2594 5066 ἐν
2619 5015 2734 5075 τοῖς
2767 5013 3160 5086 πατ-ριὰρχαις,
3194 5014 3522 5084 ἰσχυροτέρα
3544 5012 3604 5064 δὲ

2020 5180 2062 5211 ⁸⁸
2093 5179 2228 5233 ibid.
2265 5176 2356 5230 59.

2461 5175 2508 5205 ⁷ο
2537 5173 2697 5230 Num.
2733 5188 2808 5238 χι,
2844 5172 2931 5226 17.
3035 5171 3074 5201 ⁷¹
3115 5170 3274 5227 hum.
3310 5187 3478 5234 xxvu,
3516 5168 3601 5223 i8.

1561 5358 1884 5420 Fraucisci
1917 5362 2127 5424 Scorsi
2162 5367 2350 5422 notua.

407 5476 519 5544 (55)
553 5473 918 5546 Figurabatur
949 5471 1180 5548 Spiritus
1215 5488 1448 5531 sanctus.
1497 5478 1572 5531 De
1605 5481 1705 5532 hac
1744 5481 1913 5548 ﬁgura

330 5549 601 5618 copiosius
636 5547 985 5618 disse_ruimus
1021 5545 1166 5598 ltum.
1201 5553 1447 5618 anteced.
1479 5563 1597 5618 quae
1625 5557 1709 5602 est
1741 5545 1811 5604 59
1851 5553 1914 5604 de

331 5617 547 5669 Ascens.
581 5627 692 5669 not.
723 5614 814 5677 27,
845 5628 1006 5681 quam
1037 5616 1274 5668 consule.

405 5687 515 5754 (54)
551 5686 751 5755 Figura
781 5693 894 5736 erat
926 5700 1090 5745 mare,
1123 5695 1228 5740 etc.
1268 5685 1396 5741 Vide
1425 5690 1671 5742 rauulem
1706 5700 1908 5744 notam.

407 5759 520 5826 ras)
551 5755 615 5810 Ut
639 5755 880 5824 Theologi
906 5757 1053 5808 rerbo
1077 5765 1213 5810 ttlur.
1234 5758 1365 5811 Cum
1397 5759 1469 5811 ait
1495 5759 1580 5813 bit:
1598 5773 1779 5814 noster
1798 5760 1908 5812 θεοσ

2021 5482 2258 5549 λογικῶς
2285 5483 2604 5545 εἰπεῖν,ιιοιι
2637 5491 2720 5534 est
2749 5480 3184 5548 interpretantlus
3209 5479 3276 5535 Ut
3307 5481 3602 5550 theologicc

2021 5556 2102 5605 vel
2139 5553 2441 5620 theologico
2473 5553 2630 5604 modo
2663 5551 2869 5617 loquar,
2902 5561 2959 5603 ut
2987 5550 3217 5607 fortasse
3264 5551 3441 5620 quivis
3490 5565 3598 5603 non

2017 5623 2115 5678 abs
2135 5639 2190 5674 re
2208 5621 2560 5675 commentari
2583 5623 2773 5689 possit,
2793 5621 2886 5674 sed
2909 5621 3005 5673 hoc
3026 5623 3273 5689 loquendi
3297 5624 3453 5674 modo
3470 5620 3602 5675 Grc-

2017 5708 2136 5760 gor.
2153 5691 2412 5768 Theologi
2429 5694 2588 5768 verba
2605 5692 2731 5743 citat
2746 5706 2902 5759 quem
2925 5693 3044 5768 xat:
3061 5692 3253 5761 ἐξοχὴν
3267 5690 3596 5768 Theologunt

2018 5763 2348 5830 appellatum
2412 5761 2546 5815 satis
2601 5770 2844 5828 constat,
2905 5763 3047 5830 quod
3099 5773 3152 5816 et
3209 5775 3372 5830 supra
3415 5761 3597 5815 notavi
