4070 6398
454 370 554 434 781

1834 361 2166 434 nostth
2209 376 2329 437 XL.

3604 385 3713 448 782

453 486 512 536 ὲν
550 498 629 553 τῳ
661 500 814 554 νομῳ
872 486 964 538 καῖ
995 486 1106 548 τοῖς
1136 486 1466 558 προερήταις,
1508 487 1946 559 τηλαυγέστερον
1976 490 2025 542 δὲ

2137 490 2397 556 apostolis
2436 489 2656 546 effulsit.
2712 491 2775 545 Et
2840 507 2970 547 sane
3024 503 3081 547 ut
3143 496 3368 564 spiritus
3423 501 3715 554 vehemens

454 574 548 627 καὶ
571 569 684 628 οἷον
707 575 1003 639 ούσιωδῶς,
1047 577 1377 647 θεολογικῶς
1408 580 1606 645 εἰπεῖν,
1649 582 1706 632 ἐν
1739 583 1851 643 τοῖς
1899 583 2036 634 ἀπο-

454 667 664 730 στόλοις
693 667 1016 738 ἐξέλαμψεν.
1049 669 1135 732 Ὠς
1161 672 1260 739 μὲν
1282 672 1507 742 Πνεῦμα
1529 673 1790 742 κραταιὺν
1821 673 2036 742 ὲξαῖρον

454 759 578 829 ὅρη,
625 759 725 822 τὰς
774 762 1164 830 ἀντικειμένας
1217 762 1499 833 δυνάμεις,
1539 765 1667 833 περὶ
1709 758 1783 820 ὧν
1825 761 1979 818 εἶπεν
2008 765 2036 816 6

457 849 698 917 Κύριος·
744 867 762 901 ι
799 851 1010 920 Ἐρεῖτε
1063 851 1144 920 τῷ
1198 852 1312 923 ὄρει
1371 855 1582 925 τούτῳ’
1627 854 1896 926 Ἄρθητι,
1941 855 2036 907 καὶ

462 941 794 1010 ἀρθήσεται,
834 960 852 990 ι
887 942 1104 1005 δεικνὺς
1127 943 1188 996 τδ
1221 943 1503 1013 σεληναῖον
1528 945 1704 998 ἐκεῖνο
1735 946 2032 1016 δαιμόνιον·

455 1033 530 1096 ὡς
567 1033 625 1085 δὲ
663 1034 993 1102 συσσεισμδς
1055 1035 1447 1106 συνταράσσων
1487 1035 1582 1089 καὶ¹
1636 1037 1822 1090 κυκῶν
1853 1039 2035 1091 πᾶσαν

453 1126 552 1196 τὴν
585 1127 913 1196 οἰκουμένην
944 1127 1022 1195 τῷ
1047 1127 1142 1178 τοῦ
1178 1127 1516 1195 Εὑαγγελίου
1548 1128 1892 1198 κηρύγματι,
1918 1130 1945 1182 ὃ
1970 1129 2033 1200 δὴ

421 1201 546 1271 ’καὶ
604 1217 920 1286 Ἀὅϐακοὺμ
981 1217 1382 1286 προεθέσπισεν
1421 1217 1628 1270 εἰπών’
1678 1234 1696 1271 ι
1746 1218 2035 1272 Ἐπεὸίϐαο

453 1325 552 1372 σας
601 1313 680 1372 είς
737 1308 1016 1360 θάλασσαν
1071 1309 1196 1371 τοὺς
1254 1309 1456 1372 ἵππους
1506 1327 1600 1364 σου
1657 1312 2032 1380 ταράσσοντας

453 1399 624 1453 ὕδατα
676 1399 885 1452 πολλὰο
922 1419 940 1451 ι
981 1400 1056 1464 ὡς
1087 1401 1143 1452 δὲ
1177 1401 1290 1462 πῦρ
1332 1401 1578 1470 γλῶσσαι
1613 1400 1876 1472 ὤφθησαν
1907 1404 2031 1474 ἄρτι

451 1496 780 1565 πυροειδεῐς.
814 1495 886 1548 Τὸ
922 1496 1000 1559 δὲ,
1035 1515 1051 1547 ι
1092 1498 1266 1567 φωνὴ,
1300 1497 1375 1559 ὡς
1408 1497 1582 1569 αὔρας
1621 1499 1828 1568 λεπτῆς
1870 1519 1887 1551 ι
1922 1501 2030 1552 οὐδ’

449 1587 790 1657 ἐξηγήσεως,
814 1587 990 1657 οἶμαι,
1027 1591 1196 1643 δεῖται
1237 1593 1350 1653 τοῖς
1381 1594 1448 1662 τῇ
1486 1592 1699 1662 ἱστορίᾳ.
1729 1592 2030 1662 προσέχου-

452 1701 555 1738 σιν.
593 1702 611 1734 ι
669 1683 916 1753 Ἐγένετο
960 1686 1091 1758 γὰρ,
1125 1688 1310 1759 φησὶν,
1341 1684 1474 1758 ἦχος
1507 1688 1760 1758 καθάπερ
1796 1687 2031 1757 φερομέ-

451 1794 547 1847 νης
597 1779 767 1847 πνοῆς
801 1778 1003 1846 βιαίας.
1039 1800 1055 1831 ι
1116 1783 1272 1852 Φωνὴ
1319 1781 1449 1850 γοῦν
1509 1781 1606 1834 καὶ
1646 1777 1775 1851 ἦχος
1835 1781 2030 1834 ταύτόν

449 1877 606 1925 ἐστι·
641 1874 840 1943 πλῆξις
893 1875 1002 1948 γὰρ
1047 1877 1208 1945 ἀέρος
1254 1877 1563 1944 ἀμφότερα.
1621 1875 1775 1945 Αὔρα
1825 1874 1880 1928 δὲ
1936 1877 2030 1929 καὶ

452 1965 589 2036 πνοὴ
625 1968 828 2036 ὁμοίως
890 1969 1106 2022 ταύτόν.
1143 1969 1379 2036 Λέγεται
1409 1967 1465 2018 δὲ
1509 1966 1652 2037 αὖρα
1677 1971 1708 2037 ἡ
1737 1967 1831 2020 τοῦ
1870 1969 2028 2032 ἁγίου

452 2059 773 2130 ῐῐνεύματος
804 2060 986 2132 χάρις,
1010 2061 1086 2124 ὡς
1125 2061 1482 2131 ἀναψύχουσα
1523 2063 1650 2124 τοὺς
1696 2063 2030 2125 ἐκτακέντας

449 2152 526 2222 τῷ
579 2152 808 2222 φλογμῴ
857 2156 954 2205 καὶ
1000 2151 1078 2222 τῷ
1131 2152 1373 2204 καύσωνι
1428 2152 1528 2221 τῆς
1583 2153 1861 2223 ἁμαρτίας
1895 2192 1908 2217 ,
1955 2149 2030 2206 ὧν

451 2246 709 2317 πρόξενος
742 2248 770 2296 6
800 2244 1042 2309 ἐναντίος
1089 2245 1314 2312 γέγονεν
1359 2243 1532 2315 ἣλιος,
1565 2245 1594 2296 6
1617 2248 1683 2316 τῇ
1713 2245 1902 2319 νύμφῃ
1934 2247 2028 2299 τοῦ

451 2338 737 2410 ’ᾼσματος
756 2339 1098 2410 προξενήσας
1117 2339 1218 2408 τὴν
1234 2339 1599 2410 μελανὸτητα,
1629 2357 1695 2392 πε
1705 2341 1756 2410 pi.
1773 2333 1834 2393 οὗ
1863 2344 2028 2410 φησὶν

447 2431 481 2500 ἠ
535 2429 646 2500 ᾠδή
677 2446 692 2461 ·
747 2449 766 2481 ι
817 2429 1058 2502 Ἡμέρας
1100 2433 1128 2484 6
1180 2431 1331 2501 ἥλιος
1378 2432 1439 2484 ού
1502 2431 1800 2499 συγκαύσει
1852 2448 1912 2484 σε
1945 2447 1960 2463 ο
2005 2450 2023 2482 ι

447 2522 622 2592 λεπτὴ
655 2521 716 2574 δὲ
746 2521 891 2592 αὖρα
924 2522 1014 2575 διὰ
1037 2522 1097 2576 τὸ
1129 2523 1394 2594 καθαρὸν,
1430 2524 1526 2575 καὶ
1569 2523 1734 2586 θεῖον,
1768 2525 1860 2575 καὶ
1898 2521 2029 2590 ὕλης

445 2616 738 2686 ἀμέτοχον.
785 2616 1014 2683 Ἐπάγει
1043 2615 1173 2684 γοῦν
1199 2618 1226 2669 ὀ
1257 2617 1506 2687 χρησμός
1531 2631 1543 2644 ⁸
1581 2634 1599 2666 ι
1633 2617 1742 2668 Καὶ
1772 2618 1888 2668 ἐκεῖ
1919 2617 2029 2668 Κύ-

450 2726 586 2780 ριος,
623 2728 641 2759 ι
677 2709 749 2770 ὡς
777 2708 937 2777 χάριν
971 2711 1228 2778 παρέχων
1273 2709 1648 2779 τελειωτικὴν,
1680 2710 1773 2761 καὶ
1799 2709 2024 2777 ὁλόκλη-

448 2821 562 2876 ρον,
588 2806 680 2856 καὶ
705 2804 792 2855 ἵνα
816 2803 963 2872 δείξῃ
997 2802 1058 2854 τὸ
1090 2801 1316 2871 Πνεῦμα
1351 2801 1447 2854 καὶ
1483 2800 1687 2871 Κύριον
1723 2802 1820 2854 καὶ
1867 2801 2023 2853 Θεόν.

456 2897 543 2958 Ὦς
559 2892 690 2966 ἦχος
706 2895 796 2948 οὖν
821 2896 912 2948 καὶ
927 2894 1106 2962 φωνὴ,
1130 2897 1481 2962 μυσταγωγεῖ
1497 2897 1620 2956 τοὺς
1645 2892 2025 2955 πιστεύοντας

445 2991 520 3052 ὡς
547 2990 603 3041 δὲ
631 2989 767 3058 πῦρ,
799 2988 1129 3055 καταφλέγει
1151 2986 1260 3039 τῶν
1304 2985 1692 3056 φωτιζομένων
1737 2987 1834 3048 τὰς
1861 2987 2024 3039 ὰκάνν

446 3082 566 3146 θας,
592 3081 657 3143 ἃς
687 3081 1026 3148 ἐϐλάστησεν
1059 3080 1092 3150 ἡ
1118 3078 1432 3149 παράϐασις
1457 3091 1472 3106 °
1503 3077 1592 3130 τοιῖ
1605 3095 1660 3130 το
1685 3077 1794 3150 γὰρ
1821 3077 1882 3130 τὸ
1915 3077 2025 3147 πῦρ

443 3171 575 3245 ἦλθε
615 3171 797 3242 βαλεῖν
831 3173 859 3222 6
896 3171 1087 3241 Σωτὴρ
1147 3171 1241 3223 ἐπὶ
1300 3170 1399 3239 τῆς
1463 3171 1567 3239 γῆς
1603 3185 1616 3198 ·

445 3264 712 3334 ἀναψύχει
739 3264 1066 3335 δροσιζούσα
1116 3262 1241 3324 τοὺς
1276 3262 1604 3332 μετέχοντας
1623 3278 1636 3290 ⁹
1669 3261 1822 3330 βιαία
1847 3263 1925 3326 δὲ,
1952 3263 2029 3326 ὡς

445 3359 512 3428 τῇ
539 3357 662 3409 καθ’
695 3357 852 3425 ἡμῶν
879 3356 969 3426 βίᾳ
999 3353 1106 3405 τῶν
1133 3352 1403 3422 δαιμόνων
1435 3354 1882 3410 ἁντιπαλαίουσα.
1918 3358 2030 3410 Καὶ

447 3450 586 3518 τάχα
616 3451 746 3517 περὶ
777 3448 876 3516 τῆς
904 3446 1084 3514 βιαίας
1115 3445 1322 3515 ταύτης
1358 3447 1525 3516 πνοῆς
1559 3447 1725 3515 φησιν
1763 3449 1790 3498 6
1829 3440 2026 3500 Δαϐίδο

452 3562 470 3594 ι
523 3543 610 3594 Ἐν
643 3540 918 3608 πνεύματι
949 3538 1116 3607 βιαίῳ
1154 3537 1466 3608 συντρίψας
1504 3540 1666 3591 πλοῖα
1712 3539 1968 3608 Θαρσεῖς.
2004 3559 2022 3592 ι

449 3633 596 3702 Αὖτῃ
623 3632 731 3700 γὰρ
749 3631 1025 3699 συντρίὸει
1040 3630 1198 3681 πλοῖα
1212 3633 1276 3680 τὰ.
1297 3629 1420 3690 τοὺς
1441 3631 1684 3698 φυγάδας
1702 3632 2026 3694 πλωΐζοντα.

445 3725 666 3792 Φεύγων
691 3725 800 3792 γάρ
846 3739 929 3783 τις
981 3721 1264 3790 προφήτης
1301 3723 1365 3772 ἐκ
1414 3723 1710 3791 προσώπου
1747 3723 1841 3776 τοῦ
1885 3725 2022 3778 Θεοῦ

447 3817 629 3888 ἐζήτει
659 3817 844 3870 πλοῖον
873 3820 952 3878 εἰς
985 3815 1218 3883 Θαρσεῖς
1249 3814 1686 3883 ναυτιλλόμενον.
1732 3816 1822 3878 Ὠς
1850 3817 2023 3889 λεπτὴ

445 3911 502 3963 δὲ
530 3909 670 3981 αὖρα
687 3910 1003 3961 λεπτοποιεῖ
1016 3907 1076 3959 τὸ
1099 3908 1269 3976 πάχος
1286 3907 1386 3975 τῆς
1410 3907 1683 3977 ἁμαρτίας
1705 3908 2027 3962 νεοποιοῦσα

444 4002 535 4055 τὸν
593 4001 1070 4068 ἀναγεννώμενον,
1121 3998 1383 4071 καὶπρὸς
1414 4001 1514 4070 τὴν
1569 4001 1808 4072 ἀρχῆθεν
1859 4003 2026 4072 μετά-

445 4111 616 4162 γουσα
650 4093 964 4160 ὀλϐιότητα.

515 4217 558 4246 ⁷³
587 4215 777 4268 Matth.
812 4226 942 4277 xvtt,
983 4211 1068 4266 19.

445 4287 490 4319 ⁷⁵
521 4285 662 4340 Ρδυι.
695 4299 821 4346 LVII,
860 4284 914 4336 8.

1145 4211 1190 4242 ⁷⁸
1223 4210 1427 4267 llahae.
1463 4229 1546 4279 ιιι,
1579 4213 1666 4267 l5.

1745 4215 1787 4245 ⁷⁵
1813 4217 1937 4270 Act.
1968 4233 2027 4285 tt,
2055 4218 2108 4271 2.

2140 589 2351 634 montes
2383 592 2656 641 evertens,
2699 583 3042 638 adversarius
3065 586 3271 640 scilicet
3305 598 3620 656 potestates,
3651 596 3717 644 de

2140 667 2338 734 quibus
2356 669 2493 722 dixit
2521 669 2779 725 Dominus
2806 689 2818 724 :
2844 691 2862 722 ι
2894 674 3094 729 Dicctis
3113 676 3448 743 ltuicmouti,
3476 679 3713 745 Tollere,

2138 766 2193 814 et
2247 761 2465 814 tolletur
2485 761 2551 827 ⁷³,
2581 759 2938 818 {ostendens
2987 767 3288 822 lunaticum
3331 770 3460 824 illud
3509 775 3715 828 dtemo-

2139 851 2287 904 nium
2343 852 2492 923 (56);
2526 864 2583 908 ut
2624 871 2754 908 vero
2801 859 3090 912 commotio
3137 861 3448 916 universam
3511 876 3712 920 terram

2138 942 2462 1012 Evangelica
2517 949 2902 1015 pra-dicatione
2951 955 3299 1008 'conturlvans
3345 965 3401 1028 et
3451 959 3662 1027 agitans
3698 1001 3710 1013 .

2138 1036 2282 1100 quod
2311 1046 2364 1088 et
2402 1035 2676 1091 Habacum
2707 1039 2970 1095 divinitus
3009 1043 3207 1097 cecinit
3235 1061 3250 1098 :
3283 1063 3302 1096 ι
3336 1046 3712 1115 Superduxtsli

2139 1125 2192 1178 in
2227 1141 2376 1180 mare
2408 1143 2576 1197 equos
2609 1138 2751 1191 tuos,
2785 1132 3174 1189 conturbantes
3205 1150 3376 1206 aquas
3411 1140 3642 1206 multas;
3686 1161 3705 1192 ι

2137 1228 2197 1270 ιιι
2237 1218 2376 1285 ignis
2439 1235 2566 1275 vero
2613 1221 2792 1291 ignita:
2829 1222 3025 1292 linguae
3049 1224 3094 1256 ⁷⁵
3115 1230 3272 1281 modo
3316 1245 3706 1300 apparuerunt.
3787 1277 3806 1294 ».

2137 1309 2287 1376 Quod
2333 1326 2465 1365 vero
2511 1311 2730 1376 etiaum
2804 1320 2864 1366 ut
2891 1329 2994 1367 vox
3042 1330 3189 1369 aurae
3245 1320 3444 1383 tenuis,
3483 1339 3502 1371 ι
3541 1324 3712 1376 inter-

2136 1403 2441 1468 pretatione
2490 1418 2595 1456 non
2639 1404 2846 1474 indiget
2885 1406 3027 1473 apud
3061 1422 3154 1462 eos
3198 1410 3287 1477 qui
3331 1412 3396 1464 ad
3430 1412 3710 1468 historiam

2137 1503 2372 1548 mentem
2435 1494 2782 1565 :idjecerint:
2829 1498 3078 1553 «Factus
3142 1511 3225 1555 est
3285 1503 3452 1569 enim,
3515 1506 3710 1574 inquit,

2135 1599 2321 1647 sonus,
2345 1595 2596 1655 tanquam
2621 1588 2960 1644 advenientis
2978 1593 3203 1660 spiritus
3227 1597 3562 1650 vehementis
3579 1597 3655 1652 "z
3687 1619 3705 1650 ι

2134 1693 2235 1730 vox
2289 1688 2488 1742 autem,
2523 1690 2575 1733 et
2614 1695 2783 1736 sonus
2824 1683 2966 1737 idem
3000 1696 3148 1740 sunt.
3178 1688 3353 1742 Ambo
3400 1689 3544 1744 enim
3587 1704 3714 1746 sunt

2133 1771 2295 1840 287
2325 1772 2467 1825 aeris
2503 1773 2683 1828 illisio.
2709 1777 2852 1829 Aura
2879 1778 3060 1831 itidem
3083 1789 3136 1832 ct
3155 1782 3373 1849 spiritus
3399 1784 3537 1839 idem
3563 1798 3709 1841 sunt.

2063 1848 2105 1905 Β
2139 1863 2344 1915 Dicitur
2385 1879 2546 1930 porro
2579 1880 2709 1918 aura
2759 1870 2933 1922 sancti
2983 1848 3216 1939 Spiritus
3262 1877 3460 1943 gratia,
3495 1888 3552 1931 ut
3591 1895 3713 1948 quas

2138 1965 2344 2008 recreet
2378 1970 2471 2008 eos
2509 1957 2600 2024 qui
2630 1955 2846 2011 flamma
2898 1969 3143 2027 aestuque
3173 1968 3378 2030 peccati
3417 1970 3713 2024 contabue-

2137 2052 2287 2104 rant;
2318 2058 2548 2110 quorum
2591 2061 2722 2100 sane
2748 2046 2974 2102 effector
3005 2060 3090 2106 est
3125 2057 3434 2110 contrarius
3479 2061 3580 2125 sol,
3617 2064 3709 2130 qui

2133 2141 2186 2186 ct
2212 2135 2458 2204 nympha:
2479 2135 2688 2191 Cautici
2717 2139 2985 2208 nigrorem
3011 2142 3302 2211 induxit",
3329 2149 3394 2203 de
3416 2165 3519 2219 qua
3543 2154 3707 2207 etiam

2132 2226 2375 2296 psalmus
2425 2229 2592 2284 dicit:
2638 2248 2656 2281 ι
2713 2230 2815 2286 Per
2845 2233 2985 2287 diem
3039 2236 3119 2290 sol
3166 2253 3274 2292 non
3332 2252 3453 2296 uret
3488 2252 3541 2298 te
3573 2246 3640 2298 ".
3683 2265 3703 2297 ι

2131 2318 2278 2372 Aura
2329 2334 2460 2374 vero
2512 2323 2694 2377 tenuis
2737 2325 3058 2394 appellatur,
3089 2343 3157 2384 eo
3191 2333 3334 2400 quod
3370 2350 3504 2403 pura
3555 2337 3626 2391 sit
3655 2350 3711 2392 et

2131 2411 2335 2476 divina,
2374 2422 2429 2466 et
2463 2429 2492 2467 a
2521 2417 2750 2469 materia
2776 2417 2998 2472 omnino
3029 2421 3300 2490 sejuncta.
3325 2425 3550 2482 Addidit
3577 2445 3711 2484 vero

2130 2503 2478 2570 vaticinium,
2523 2525 2541 2555 ι
2573 2507 2637 2560 Ει
2665 2508 2734 2560 ihi
2761 2507 3041 2577 Dominus,
3075 2529 3094 2562 ι
3123 2514 3378 2569 nimirum
3405 2521 3708 2588 utgratiam

2131 2597 2381 2664 praebens
2411 2598 2788 2668 perfectivam,
2819 2611 2871 2656 et
2908 2603 3194 2674 integram,
3233 2617 3288 2660 et
3310 2620 3368 2661 ut
3395 2614 3711 2669 ostenderet

2133 2690 2396 2757 Spiritum
2430 2701 2485 2747 et
2513 2692 2798 2747 Dominum
2828 2705 2880 2749 et
2907 2696 3070 2750 Deum
3095 2714 3236 2754 esse.
3265 2700 3332 2756 Ut
3352 2718 3517 2760 sonus
3546 2706 3712 2776 igitur

2132 2791 2186 2834 et
2219 2797 2346 2848 vox,
2375 2785 2440 2838 de
2471 2786 2748 2854 mysteriis
2785 2786 2968 2842 fideles
2991 2789 3259 2857 instituit;
3289 2804 3347 2847 ut
3379 2795 3519 2862 ignis
3557 2814 3708 2865 vero,

2131 2877 2316 2945 spinas
2360 2878 2539 2932 exurit
2585 2893 2724 2948 quas
2778 2883 3138 2950 transgressio
3166 2887 3489 2953 germinavit
3527 2891 3712 2947 :hunc

2129 2969 2275 3021 enim
2315 2967 2497 3036 ignem
2537 2969 2684 3024 venit
2717 2971 2771 3024 in
2816 2979 3020 3026 terram
3070 2975 3288 3030 mittere
3329 2977 3707 3048 Dominus"';

2132 3073 2190 3119 ut
2219 3081 2350 3120 vero
2380 3065 2627 3134 spiritus,
2660 3066 2950 3136 refrigerat
2971 3078 3026 3123 et
3064 3070 3262 3125 irrorat
3284 3087 3379 3128 eos
3410 3077 3499 3142 qui
3531 3077 3709 3146 ipsum

1669 3169 1744 3232 ὼς
1787 3170 1843 3224 δὲ
1891 3174 2025 3241 πνοὴ

2131 3165 2453 3234 excipiunt;
2514 3165 2810 3220 vehemens
2892 3175 3094 3234 autem,
3165 3179 3223 3223 ut
3282 3172 3374 3241 qui
3435 3175 3707 3231 violentia:

2133 3259 2437 3312 daemonum
2466 3258 2727 3312 adversus
2755 3275 2854 3313 nos
2880 3270 3086 3315 exorta:
3117 3263 3354 3317 resiStat.
3381 3265 3444 3318 Et
3473 3266 3707 3322 fortasse

2133 3353 2201 3405 de
2245 3353 2349 3406 hoc
2405 3351 2596 3421 spiritu
2649 3354 2974 3407 vehemente
3039 3355 3274 3424 loquitur
3327 3359 3538 3414 David:
3599 3380 3618 3412 ι
3653 3365 3710 3416 In

2131 3449 2322 3516 spiritu
2380 3447 2685 3502 vehementi
2718 3459 2966 3504 conteres
3018 3465 3182 3504 naves
3225 3449 3448 3507 Tharsis
3471 3453 3531 3507 ⁷⁸.
3563 3475 3581 3506 ι
3617 3455 3716 3510 llic

2133 3542 2278 3594 enim
2301 3540 2536 3594 conterit
2566 3555 2754 3600 naves.
2797 3555 2918 3610 quae
2948 3541 3203 3610 fugitivos
3227 3546 3447 3598 vehunt.
3482 3546 3714 3616 Fugimus

2140 3635 2283 3687 enim
2305 3634 2564 3703 propheta
2583 3633 2804 3700 quidam
2832 3647 2860 3685 a
2877 3642 3172 3700 conspectu
3198 3635 3410 3690 Domini
3436 3641 3716 3706 quaerebat

2137 3740 2353 3789 navem,
2383 3739 2503 3792 qua:
2548 3721 2829 3792 navigaret
2870 3724 2922 3777 in
2966 3721 3212 3779 Tharsis.
3238 3727 3352 3789 Qua
3379 3744 3504 3783 vero
3535 3734 3715 3785 tenuis

2133 3835 2265 3875 aura
2282 3828 2388 3880 est,
2418 3825 2663 3871 attenuat
2695 3818 2905 3886 peccati
2943 3817 3274 3884 crassitiem,
3306 3836 3500 3876 novum
3540 3824 3712 3879 hoini-

2132 3930 2254 3969 nem
2279 3913 2510 3968 reddens
2535 3927 2657 3966 eum
2688 3913 2778 3979 qui
2817 3922 3192 3980 regeneratur,
3243 3924 3298 3968 et
3327 3917 3393 3968 ad
3417 3917 3705 3984 pristinam

2136 4007 2448 4061 felicitatem
2484 4005 2771 4059 reducens.

2673 4209 2720 4241 ⁷⁷
2755 4208 2897 4262 Psal.
2931 4223 3054 4274 cxx,
3086 4209 3138 4264 6.

2204 4216 2248 4248 ⁷⁸
2279 4215 2432 4270 Cant.
2457 4228 2494 4276 I,
2527 4212 2578 4266 6.
2673 4210 2720 4241 ⁷⁷
2755 4210 2897 4262 Psal.
2931 4223 3054 4274 cxx,
3086 4210 3138 4264 6.
3218 4211 3285 4244 ⁷⁷⁸
3315 4210 3449 4270 Luc,
3489 4229 3586 4282 ιιι,
3616 4216 3705 4272 49,

1675 4385 1996 4449 Fraucisci
2032 4387 2239 4450 Scorsi
2283 4391 2470 4448 notae.

443 4512 567 4557 nota
611 4501 702 4554 27.
747 4501 842 4554 Est
889 4507 1070 4552 autem
1091 4497 1512 4572 locus_'_l‘hcologi
1530 4501 1777 4555 oratione
1793 4503 2027 4572 quadra-
2054 4503 2107 4561 D
2136 4508 2516 4572 sanctum,est
2543 4513 2647 4550 non
2671 4495 2841 4572 solum
2873 4495 2995 4572 ejus
3014 4496 3340 4572 charismata
3375 4498 3424 4572 in
3459 4512 3715 4572 noscon-

440 4574 642 4642 gesima
665 4580 1013 4642 quartaquze
1038 4567 1485 4642 est_deAPentec.,'
1517 4572 1604 4624 tibi
1643 4587 1763 4624 cum
1798 4567 2023 4627 dixisset

443 4639 886 4708 Spiritus—sancti
913 4643 1014 4692 vim
1047 4639 1336 4710 trifariam,
1360 4641 1638 4710 tribusque
1666 4644 2018 4710 temporibus,

441 4724 599 4782 prout
625 4727 813 4764 eorum
839 4719 1026 4778 captus
1043 4708 1271 4782 ferebat,
1290 4710 1568 4776 discipulis
1596 4709 1763 4765 fuisse
1777 4708 2025 4766 commu-

441 4777 696 4843 nicatam,
732 4791 1020 4847 antequam
1050 4777 1302 4831 Christus
1334 4790 1630 4846 pateretur,
1662 4785 1803 4849 quod
1835 4785 1888 4836 in
1926 4783 2024 4834 mi-

443 4855 641 4905 raculis
692 4850 970 4919 patrandis
1016 4850 1303 4916 apparuit;
1353 4860 1473 4917 post
1524 4849 2019 4916 Resurrectionem,

439 4923 582 4990 quod
616 4923 666 4974 in
713 4921 1106 4981 insulllatiune;
1128 4934 1198 4990 ac
1229 4920 1443 4990 demum
1473 4929 1592 4986 post
1633 4922 2020 4975 Ascensiouem

442 4988 537 5059 per
563 4994 774 5061 linguas
801 4990 986 5061 igneas
1007 4988 1298 5061 {adjungit
1327 5006 1341 5041 :
1385 4988 1546 5061 Ἀλλά
1575 4991 1632 5042 τὸ
1676 4990 1774 5059 μὲν
1804 4991 2021 5061 πρῶτον

440 5058 721 5133 ἀμυδρῶς,
764 5059 824 5110 τὸ
859 5059 915 5133 es
954 5058 1208 5133 δεύτερον
1261 5060 1657 5133 ἐκτοπώτερον,
1681 5058 1686 5059 ί
1714 5061 1776 5111 τὸ
1822 5058 1879 5113 δὲ
1924 5060 2021 5113 νῦν

449 5128 804 5198 τελεώτερον,
834 5131 935 5201 οὐκ
978 5129 1058 5201 ἔτι
1107 5128 1330 5201 ενεργίᾳ
1369 5128 1582 5198 παρὼν,
1629 5130 1703 5192 ὡς
1730 5133 2019 5201 πρότερον,

439 5197 713 5262 οὑσιωόὼς
752 5202 832 5263 δὲ,
874 5197 947 5261 ὡς
991 5200 1070 5268 ἂν-
1101 5199 1246 5250 εἴποι
1277 5215 1360 5260 τις
1399 5197 1791 5268 συγγινρμενόν
1835 5197 2020 5252 τεκαὶ

440 5273 992 5340 συμπολιτευόμενον.
1033 5266 1222 5321 Verum
1252 5270 1479 5336 primum
1518 5266 1726 5338 quidem
1772 5271 2017 5333 obscure;

439 5345 666 5395 secando
711 5342 1038 5407 expressius;
1080 5355 1217 5391 nunc
1253 5355 1368 5391 vero
1400 5342 1697 5408 perfectius,
1729 5351 1904 5408 utpote
1928 5342 2019 5408 qui

441 5429 540 5463 uou
577 5421 684 5463 tam
711 5411 828 5479 jam
861 5421 1160 5474 operatione
1189 5409 1300 5460 sola
1339 5426 1566 5477 presens
1611 5412 1696 5470 sit,
1745 5423 1796 5462 ut
1843 5412 2013 5476 prius,

438 5485 525 5534 sed
559 5483 850 5545 essentiuli,
884 5490 940 5532 ut
982 5483 1058 5533 sic
1107 5482 1314 5546 loquar,
1371 5483 1522 5532 modo
1563 5482 1703 5532 adsit
1761 5484 2018 5548 simulque

441 5562 689 5606 tersetur.
739 5552 816 5604 Ita
851 5551 1102 5620 Gregor.,
1133 5552 1274 5617 quod
1307 5566 1438 5604 sane
1470 5554 1539 5604 ita
1583 5555 1649 5604 ab
1694 5553 1828 5618 ipso,
1858 5562 1912 5604 et
1947 5565 2012 5602 ex

438 5637 551 5688 eius
599 5623 920 5675 auctoritate
969 5640 996 5673 a
1053 5621 1379 5687 'l‘heOphane
1414 5624 1614 5674 dictum
1668 5623 2011 5689 interpretor,

439 5696 581 5762 quod
624 5701 742 5760 post
787 5693 1173 5746 Ascensionem
1224 5691 1426 5743 Christi
1475 5692 1683 5744 venisse
1715 5694 1928 5752 dicitur,
1959 5704 2013 5742 et

438 5766 785 5821 descendisse
833 5765 1070 5831 Spiritus
1115 5771 1355 5822 sanctus,
1389 5764 1530 5830 quod
1580 5763 1630 5814 in
1681 5764 1845 5813 veteri
1896 5763 2011 5827 lege

434 5849 545 5891 non
572 5834 646 5888 ita
673 5847 933 5903 expresse
954 5833 1167 5904 legitur.
1191 5832 1358 5886 Sicuti
1385 5844 1560 5886 autem
1586 5833 1729 5888 mitti
1751 5832 2008 5902 Spiritum

2133 4571 2299 4634 ferri,
2344 4571 2436 4623 sed
2474 4569 2652 4633 ipsum
2702 4567 2863 4620 etiam
2916 4567 3348 4619 substantialiter
3392 4569 3506 4618 dari
3552 4568 3714 4634 juxta

2131 4642 2256 4693 illud
2289 4640 2529 4710 Apostolj
2564 4657 2576 4692 :
2611 4637 2857 4710 Charitas
2886 4634 2978 4687 Dei
3009 4634 3205 4710 diffusa
3233 4649 3306 4710 est
3356 4637 3410 4687 in
3458 4640 3709 4689 cordibus

2128 4707 2444 4778 nostris’per
2487 4707 2742 4778 Spiritum
2793 4715 3064 4778 sanctum,
3115 4707 3202 4774 qui
3230 4707 3399 4778 Δ(ίαιιιδ
3434 4712 3711 4778 estnobis

2127 4780 2302 4848 (Rom.
2334 4773 2387 4843 v,
2420 4779 2496 4845 5),
2528 4773 2594 4832 ιιι
2635 4777 2837 4848 optime
2867 4776 3084 4828 disserit
3110 4773 3405 4848 eardinalis
3434 4775 3714 4829 Bellarmi-

2127 4845 2250 4913 nus,
2299 4851 2350 4903 in
2389 4865 2427 4903 ιι
2459 4848 2752 4910 Geneseos,
2788 4846 3036 4916 Coutrop.
3085 4845 3148 4898 de
3193 4845 3425 4916 Christo,
3459 4863 3581 4916 cap.
3613 4848 3712 4910 9:2,

2126 4932 2179 4974 et
2207 4920 2438 4973 Didacus
2464 4920 2620 4972 ltui‘z.
2643 4918 2948 4971 esoeietate
2973 4913 3123 4979 Jesu,
3148 4926 3279 4970 tom.
3307 4915 3349 4978 l,
3379 4913 3580 4984 disput.
3613 4919 3710 4972 75:

2126 4992 2199 5044 ita
2233 4991 2416 5043 venire
2456 4991 2676 5051 dicitur,
2717 4998 2772 5041 et
2819 4989 3010 5040 adesse
3054 4987 3209 5040 nobis
3260 4989 3711 5047 sulistantialiter.

2125 5060 2270 5128 quod
2301 5059 2532 5130 Gregor.
2561 5061 2696 5111 dixit
2722 5055 3020 5130 06_auo6t'b;,
3051 5057 3286 5130 itemque
3310 5054 3523 5130 Noster.
3549 5075 3712 5126 quam

2127 5127 2389 5183 rationem
2418 5127 2474 5183 et
2506 5131 2734 5196 ipsemet
2763 5127 2990 5196 Gregor.
3021 5127 3296 5194 explicare
3323 5129 3556 5189 videtur,
3587 5144 3711 5184 eum

2125 5201 2238 5266 ipse
2285 5200 2411 5252 dicti
2462 5201 2542 5252 sui
2600 5198 2862 5249 rationem
2897 5197 3191 5250 adnectens
3239 5197 3315 5251 ait
3356 5215 3370 5250 :
3405 5197 3546 5250 Nam
3592 5215 3712 5251 cum

2125 5267 2301 5322 Filius
2333 5283 2635 5334 corpoream
2667 5267 2934 5319 nobiscum
2974 5267 3400 5320 consuetudinem
3447 5268 3713 5322 habuisset

2123 5341 2338 5409 (omitto
2379 5340 2592 5399 Graeca,
2649 5352 2735 5409 ne
2764 5340 2862 5389 sim
2897 5338 3152 5406 longior),
3203 5339 3462 5409 Spiritum
3509 5354 3714 5409 quoque

2121 5407 2370 5477 corporeo
2401 5413 2556 5462 modo
2593 5407 2736 5461 cerui
2765 5409 3118 5470 conveniebat,
3145 5418 3192 5460 et
3221 5424 3341 5460 cum
3369 5407 3712 5462 Cliristus‘ad

2121 5488 2180 5532 se‘
2215 5494 2447 5532 reuersus
2491 5487 2645 5542 esset,
2677 5492 2792 5529 eum
2826 5478 2895 5529 ad
2941 5495 3033 5530 nos
3061 5478 3392 5540 descendere,
3423 5487 3471 5528 et
3500 5479 3712 5546 quidem

2119 5549 2194 5600 ita
2229 5557 2285 5600 ut
2323 5560 2370 5600 et
2413 5559 2666 5617 tanquam
2714 5549 2966 5600 Dominus
2996 5551 3209 5611 reniret,
3237 5559 3285 5617 et
3315 5560 3564 5616 tanquam
3607 5549 3712 5600 nco

2120 5634 2448 5688 nequaquam
2480 5616 2752 5686 oppositus
2791 5618 3100 5670 mitteretur.
3135 5619 3206 5669 Ita
3241 5616 3467 5688 Gregor.

2189 5689 2302 5758 (56)
2339 5689 2660 5742 Lunattcum
2696 5688 2828 5740 illud
2858 5690 3201 5758 dwrrtoniunt.
3229 5687 3480 5740 Cohmret
3512 5687 3616 5740 sibi
3654 5689 3707 5744 ill

2117 5775 2176 5812 ea
2208 5757 2571 5828 explicatione
2620 5776 2780 5829 quam
2833 5760 3028 5811 tradidi
3076 5757 3231 5809 llum.
3265 5773 3420 5823 χχιιι,
3453 5763 3517 5810 ad
3545 5775 3708 5828 «piant

2116 5831 2235 5885 vide
2267 5841 2381 5886 not.
2410 5833 2499 5886 56.
