4070 6404
479 425 585 492 785

1837 431 2166 492 IIOMILIA
2207 435 2364 495 XLI.

3634 442 3742 506 786

479 548 917 620 ἀκρῡτελεύτιον.
941 550 1074 604 Ὅτε
1118 547 1228 618 γὰρ
1263 549 1291 602 ὁ
1323 549 1476 620 ἥλιος
1531 549 1875 621 θερμοτέρας
1928 554 2063 623 ήμῖν

2168 564 2493 610 extremum.
2572 555 2797 620 Quando
2852 559 2998 614 enim
3058 559 3136 616 sol
3197 559 3524 616 ferventiora
3590 563 3746 617 nobis

477 640 574 703 τὰς
601 639 711 692 τῶν
745 639 983 696 ἀκτίνων
1029 639 1190 710 βολὰς
1223 642 1520 713 ὐπαφίησι,
1569 645 1667 698 καὶ
1709 644 1818 697 τῶν
1854 645 2062 698 ἀνθέων

478 731 548 784 τὰ
569 731 741 798 κάλλη
771 732 865 786 τὸν
906 735 1201 805 μαρασμδν
1247 736 1709 806 ὑπεμφαίνουσιν,
1737 740 1838 809 ήδη
1878 740 1934 792 δὲ
1967 742 2063 793 καὶ

473 824 543 876 τὰ
571 824 814 893 ήδύπνοα
861 826 998 900 ἄνθη
1040 828 1414 900 παρέρχεται·
1464 831 1605 886 ἀλλὰ
1644 833 1952 902 διαδέχεται
2001 833 2062 886 τὸ

473 913 681 980 τούτων
719 916 916 979 κάλλος
947 919 978 988 ή
1026 919 1140 973 τῶν
1171 921 1373 992 κρίνων
1427 923 1738 993 εὐπρέπεια
1764 939 1777 953 ·
1814 925 1963 978 δοκεῖ
2003 925 2060 978 δέ

478 1021 570 1074 μοι
583 1005 694 1058 τῶν
707 1007 1083 1078 εὐαγγελικῶν
1096 1012 1542 1083 ἀναγνωσμάτων
1561 1016 1592 1077 ἡ
1614 1014 1765 1080 τάξις
1784 1013 1860 1086 τῷ
1883 1015 2063 1086 καιρῷ

479 1099 921 1168 συναρμόζεσθαι
957 1103 1133 1174 είρμῷ
1165 1123 1293 1168 τινι,
1333 1107 1428 1160 καὶ
1465 1106 1759 1179 ἀκολουθίᾳ
1791 1113 1903 1173 τοῖς
1943 1128 2064 1164 και-

478 1191 594 1256 ροῖς
621 1189 719 1260 τὴν
742 1191 1097 1249 διδασκαλίαν
1144 1199 1472 1268 συνείρουσα
1490 1218 1502 1231 ο
1535 1201 1726 1269 ἀμέλει
1757 1201 1854 1264 τάς
1880 1204 2061 1256 θεολο-

475 1281 638 1349 γικὰς
660 1283 752 1336 τοῦ
781 1286 925 1338 κατὰ
954 1286 1211 1356 Ἰωάννην
1237 1289 1572 1360 Εὑαγγελίου
1598 1294 1804 1361 φωνάς,
1826 1288 1914 1347 οἷά
1942 1312 2061 1347 τινα

477 1375 834 1444 πνευματικά
880 1378 1014 1450 ῥόδα
1064 1382 1465 1451 τρυγήσαντες,
1502 1387 1595 1438 ἐπὶ
1624 1385 1724 1448 τὰς
1765 1389 2060 1455 κρινωνιᾰς

475 1465 568 1519 τοῦ
621 1469 859 1537 μεγάλου
915 1471 1200 1526 Ματθαίου
1244 1476 1487 1545 σήμερον
1544 1476 1946 1548 μεταϐαίνομεν
1991 1481 2060 1533 τὰ

477 1558 845 1631 καθαρώτατα
911 1565 1075 1636 κρίνα
1152 1567 1262 1620 τῶν
1325 1567 1720 1639 χριστολέκτων
1797 1573 2060 1642 ῥημάτων

473 1650 798 1723 δρεψάμενοι
847 1656 929 1719 είς
971 1658 1073 1729 τὴν
1116 1660 1412 1730 ὁμολογίαν
1461 1661 1629 1716 αὑτοῦ
1660 1665 1786 1726 τοὺς
1817 1666 2058 1735 ἀθλητὰς

471 1740 828 1814 διεγείροντα.

553 1854 571 1886 ι
607 1832 778 1891 Εἶπεν
819 1841 847 1892 ὁ
898 1840 1105 1911 Κύριος
1148 1860 1161 1874 ·
1202 1843 1394 1908 Ὅστις
1439 1846 1767 1918 ὁμολογήσει
1820 1849 1878 1902 ὲν
1935 1851 2060 1920 ἐμοὶ

473 1928 785 1998 ἔμπροσθεν
815 1931 928 1985 τῶν
961 1933 1291 2004 ἀνθρώπων,
1327 1938 1653 2010 ὁμολογήσω
1695 1941 1860 1995 αὐτὸν
1902 1941 2058 2010 καγὼ
2090 1923 2132 1978 Β

475 2018 790 2090 ἔμπροσθεν
816 2025 912 2078 τοῦ
951 2028 1171 2098 Πατρός
1222 2046 1325 2100 μου
1363 2030 1458 2084 τοῦ
1491 2034 1549 2085 ἐν
1583 2033 1855 2102 οὐρανοῖς.
1890 2052 1908 2085 ι
1949 2035 2060 2088 Καὶ

474 2116 727 2181 βασιλεὺς
769 2119 906 2188 πρδς
957 2120 1236 2192 βάρϐαρον
1269 2123 1420 2188 ἔθνος
1451 2126 1545 2178 καὶ
1575 2126 1924 2196 παλαμναῖον
1953 2144 2054 2179 πα-

478 2207 902 2278 ραταττόμενος,
922 2213 1017 2265 καὶ
1049 2217 1442 2282 στρατιωτικὸν
1461 2217 1706 2287 ἀθροίζει
1738 2219 2059 2286 κατάλογον,

477 2299 570 2349 καὶ
602 2301 752 2364 ὅπως
774 2304 882 2374 χρὴ
915 2305 1181 2374 πολεμεῖν
1211 2307 1552 2374 ὑποτίθεται,
1589 2311 1686 2363 καὶ
1725 2312 1822 2374 τάς
1849 2311 2060 2381 δωρεὰς

474 2390 871 2459 ἐπαγγέλλεται
895 2411 909 2426 ο
944 2397 1088 2450 οὕτω
1123 2400 1217 2451 καὶ
1240 2401 1267 2452 ὁ
1294 2401 1531 2469 Χριστὸς
1561 2404 1588 2454 ὁ
1624 2401 1716 2454 τοῦ
1746 2402 1879 2454 Θεοῦ
1910 2403 2058 2467 Υἱὸς,

474 2487 500 2536 ὁ
529 2485 791 2550 Βασιλεὺς
815 2488 1036 2559 ἁπάσης
1065 2491 1167 2558 τῆς
1199 2491 1454 2558 κτίσεως,
1482 2493 1812 2547 καταϐαλεῖν
1843 2496 1936 2546 ἐπε
1951 2496 2060 2563 ιγό-

481 2590 645 2640 μενος
691 2577 790 2644 τὴν
840 2577 963 2631 καθ’
995 2579 1154 2649 ήμῶν
1183 2582 1476 2651 τυραννίδα
1515 2583 1610 2637 τοῦ
1652 2585 1929 2654 δαίμονος,
1967 2589 2060 2640 καὶ

479 2666 615 2734 πρὶς
641 2667 738 2738 τὴν
771 2670 968 2740 νοητὴν
999 2673 1240 2742 ἀλείφων
1274 2676 1604 2746 παράταξιν,
1641 2680 1735 2733 καὶ
1763 2680 2059 2746 διδάσκων,

477 2759 625 2822 ὅπως
656 2762 760 2832 χρὴ
796 2766 907 2828 τοῖς
949 2766 1217 2830 ἐναντίοις
1253 2769 1690 2839 συμπλέκεσθαι,
1725 2776 1839 2837 τοῖς
1871 2775 2061 2836 ὅπλοις

473 2854 572 2922 τῆς
610 2854 901 2924 ὁμολογίας
956 2861 1327 2930 περιφράττει
1376 2863 1436 2916 τὸ
1485 2865 1801 2936 στράτευμα
1835 2882 1848 2896 ’
1889 2887 1907 2920 ι
1948 2871 2060 2933 Πᾶς

474 2944 626 3006 ὅστις
677 2947 1028 3020 ὁμολογήσει,
1083 2951 1279 3021 λέγων,
1323 2957 1381 3008 ἐν
1422 2957 1547 3024 ἐμοὶ
1600 2956 1912 3029 ἔμπροσθεν
1952 2963 2060 3016 τῶν

481 3037 810 3109 ἀνθρώπων,
859 3045 1182 3117 ὁμολογήσω
1227 3049 1393 3103 αὐτὸν
1426 3050 1598 3119 κάγώ.
1642 3072 1660 3104 ι
1703 3054 1817 3108 υὺκ
1859 3057 2062 3126 ἀρκοῦ-

483 3147 604 3199 μαι,
636 3135 791 3203 φησὶ,
819 3138 884 3208 τῇ
921 3139 1064 3191 κατὰ
1113 3140 1355 3196 διάνοιαν
1385 3143 1588 3209 πίστει,
1627 3145 1766 3200 ἀλλὰ
1796 3146 2061 3218 βούλομαι

480 3230 797 3329 σμμιρωνεῖν
845 3233 961 3294 τοῖς
1017 3231 1199 3300 λόγοις
1245 3237 1311 3304 τῇ
1373 3235 1476 3305 τῆς
1523 3238 1704 3308 ψυχῆς
1753 3240 2060 3316 ἐλευθερίᾳ.
2091 3271 2134 3329 c

485 3319 746 3376 Κοϐάλων
773 3323 880 3395 γάρ
921 3326 1016 3378 καὶ
1047 3327 1302 3393 φενάκων
1331 3329 1542 3400 ἀνδρῶν
1577 3332 1739 3401 ἕτερα
1773 3335 1874 3402 μὲν
1907 3337 2011 3406 κρύ
2032 3370 2053 3377 -

481 3429 635 3466 πτειν
675 3416 734 3467 ἐν
764 3419 886 3480 ταῖς
916 3420 1097 3488 φρεσὶ,
1122 3421 1384 3475 τάναντία
1417 3423 1473 3476 δὲ
1505 3426 1570 3495 τῇ
1601 3424 1815 3497 γλώττῃ
1851 3426 2057 3483 λαλεῖν.

481 3505 602 3558 Τῶν
653 3507 708 3562 δὲ
764 3511 864 3580 τῆς
911 3512 1229 3586 ἐλευθερίας
1278 3517 1601 3588 ἀρχομένων
1675 3518 1968 3590 γνώρισμα
2003 3523 2063 3576 τὸ

481 3602 960 3671 παρρησιάζεσθαι
993 3607 1095 3677 τήν
1128 3607 1411 3677 ἀλήθειαν.
1463 3629 1482 3662 ι
1519 3611 1706 3674 Ὅστις
1737 3613 2064 3684 ὁμολογήσει

480 3693 540 3744 ἐν
585 3696 710 3763 ἐμοὶ
761 3695 1074 3768 ἔμπροσθεν
1129 3702 1238 3757 τῶν
1295 3703 1619 3774 ἀνθρώπων.
1663 3724 1682 3756 ι
1731 3707 1804 3760 Οὐ
1837 3706 2064 3778 δέχομαι

481 3785 688 3849 ὓειλοὶς
720 3792 1060 3859 στρατιώτας
1086 3793 1186 3864 τὴν
1215 3795 1294 3858 εἰς
1333 3796 1438 3866 ἐμὲ
1480 3797 1666 3850 πίστιν
1697 3796 2065 3869 ψευδομένους

480 3883 594 3944 τοῖς
627 3882 872 3953 ῥήμασιν
895 3903 908 3916 ·
944 3887 1059 3940 ὅσοι
1087 3887 1317 3943 ποθοῦσι
1350 3889 1461 3942 τῶν
1486 3890 1638 3960 ἐμῶν
1673 3889 1857 3960 γερῶν
1893 3908 2064 3961 μετα-

483 3978 650 4045 σχεῖν,
670 3978 956 4047 λαμπραῖς
984 3980 1303 4049 ὁμολογίαις
1330 3983 1432 4054 τὴν
1461 3983 1784 4036 δεσποτείαν
1805 3983 1904 4054 τὴν
1936 3985 2064 4037 ἐαυ-

481 4068 589 4120 τών
622 4070 1075 4139 κηρυττέτωσαν,
1104 4073 1170 4126 ἵν’
1209 4071 1382 4138 οὕτως
1405 4075 1654 4146 ἀνδρεῖον
1690 4075 2065 4145 ἐνδειξάμενοι

482 4162 581 4230 τῆς
604 4163 896 4230 ὁμολογίας
926 4164 986 4218 τὸ
1021 4166 1302 4237 φρόνημα,
1342 4167 1601 4238 λαμπρᾶς
1634 4169 1729 4222 καὶ
1766 4167 1867 4237 τῆς
1901 4169 2066 4237 ἀμοι-

482 4252 583 4324 ϐῆς
622 4256 958 4326 ἐπιτύχοιεν.
999 4258 1096 4322 Τίς
1139 4259 1196 4313 δὲ
1229 4260 1406 4329 αὖτη;
1448 4279 1467 4312 ι
1519 4260 1878 4330 Ὀμολογήσω
1901 4261 2066 4314 αὑτὸν

482 4345 639 4414 κάγὼ
677 4346 988 4417 ἔμπροσθεν
1045 4349 1141 4402 τοῦ
1203 4351 1418 4422 Πατρός
1479 4368 1579 4421 μου
1640 4350 1735 4403 τοῦ
1791 4352 1850 4403 ὲν
1898 4351 2066 4422 οὖρα-

485 4456 612 4501 νοις.
655 4461 674 4492 ι

564 4533 724 4586 Ἀλλὰ
757 4533 831 4606 μή
863 4533 1312 4606 παραδράμωμεν
1335 4533 1434 4605 τὴν
1461 4535 1519 4587 ἐν
1550 4533 1628 4605 τῷ
1664 4534 1814 4606 ρητῷ
1842 4535 2063 4604 φιλοσο-

553 4675 598 4706 ³ο
632 4673 822 4728 Matth.
857 4690 912 4738 x,
953 4672 1023 4728 52
1051 4688 1208 4744 seqq.

2168 646 2436 700 radiomm
2463 647 2665 715 spicula
2693 650 2960 716 immittit,
2980 651 3168 706 florum
3191 653 3376 721 incipit
3398 653 3744 723 pulchritudo

2167 756 2525 807 marcescere,
2559 759 2622 796 ac
2647 743 2756 808 jam
2786 746 3168 800 suaveolentes
3201 747 3516 814 praeteriere
3547 746 3734 804 flores:

2165 828 2259 882 sed
2295 844 2482 882 eorum
2531 843 2871 886 venu5tatem
2918 835 3122 904 excipit
3157 835 3394 890 liliorum
3443 835 3628 890 decor.
3667 837 3744 890 Ac

2165 920 2550 976 videtur’sane
2603 924 2734 977 ruihi
2785 928 3218 995 evangelicarum
3274 928 3567 981 lectionum
3608 929 3744 982 ordo

2167 1013 2391 1082 tempori
2419 1014 2554 1068 satis
2585 1018 3050 1084 accommodatus,
3074 1031 3126 1072 et
3157 1029 3278 1086 apta
3309 1021 3546 1088 quadam
3600 1019 3744 1073 serie

2164 1116 2218 1159 et
2249 1109 2636 1162 consecutione
2697 1111 3027 1176 temporibus
3076 1111 3373 1165 doctrinam
3430 1113 3741 1166 adnectere.

2163 1195 2428 1252 Nimirum
2463 1216 2586 1254 cum
2645 1201 2923 1271 Evangelii
2959 1201 3185 1257 JOanuis
3222 1203 3334 1276 (6f)
3368 1207 3432 1259 de
3463 1205 3744 1258 divinitate

2162 1290 2433 1360 loquentis
2489 1295 2650 1347 verba
2723 1296 2878 1364 quaSi
2936 1297 3247 1364 Spirituales
3309 1297 3744 1366 decerpserimus

2166 1396 2339 1447 rosas,
2375 1384 2535 1437 hodie
2580 1386 2645 1438 ad
2686 1385 2748 1440 D.
2783 1384 3019 1441 Malthaei
3059 1387 3226 1441 lilicta
3273 1388 3651 1456 progredimur
3687 1397 3746 1438 ut

2164 1475 2328 1529 verba
2376 1477 2579 1531 Christi
2615 1480 2682 1531 ad
2731 1479 3132 1533 coitfessionem
3191 1482 3271 1534 sui
3329 1479 3560 1535 athletas
3617 1493 3747 1534 suos

2167 1569 2436 1623 hortantis
2468 1571 2624 1640 quasi
2658 1573 2945 1641 purissima
2983 1573 3094 1627 lilia
3125 1573 3442 1645 colligamus
3464 1573 3532 1626 "°.

2240 1864 2259 1897 ι
2301 1845 2468 1906 Dixit
2522 1845 2837 1901 Dominus:
2877 1845 3208 1916 Quicunque
3263 1841 3610 1899 confitebitur
3665 1855 3751 1896 me

2162 1952 2342 1992 coram
2375 1937 2711 2005 hominibus,
2776 1938 3083 1992 confitebor
3136 1944 3194 1993 et
3225 1951 3328 2006 ego
3384 1952 3509 1991 eum
3564 1951 3748 1990 coram

2162 2028 2322 2082 Patre
2348 2045 2490 2095 meo,
2520 2030 2611 2100 qui
2642 2031 2693 2083 in
2721 2031 2875 2086 ccelis
2907 2040 3010 2085 est.
3045 2049 3063 2083 ι
3095 2031 3209 2084 Rex
3237 2027 3453 2100 quidem
3487 2027 3749 2083 adversus

2165 2123 2448 2175 barbaram
2509 2131 2720 2190 gentem
2787 2132 2843 2176 et
2903 2121 3327 2178 consceleratam
3422 2133 3750 2188 comparans

2165 2213 2361 2267 bellum
2396 2215 2540 2284 cogit
2599 2225 2653 2269 ct
2697 2214 2994 2270 conscribit
3039 2216 3364 2279 exercitum,
3392 2223 3446 2267 et
3483 2211 3748 2266 ratiOnem

2163 2308 2439 2377 pugnandi
2475 2309 2745 2376 proponit,
2779 2319 2832 2362 et
2865 2310 3090 2362 donaria
3127 2309 3450 2378 pollicetur;
3479 2308 3552 2359 ita
3584 2306 3747 2359 etiam

2163 2399 2418 2457 Christus
2450 2400 2538 2454 Dei
2573 2400 2743 2456 Filius
2774 2400 2886 2456 Rex
2912 2402 3148 2456 universi
3177 2399 3521 2470 tyrannidem
3549 2395 3748 2453 diaboli

2167 2493 2322 2548 nobis
2354 2493 2607 2549 infestam
2659 2495 2839 2549 delere
2871 2506 3177 2553 maturans.
3210 2502 3263 2549 et
3291 2492 3452 2562 quasi
3483 2491 3550 2547 ad
3586 2490 3748 2559 spiri-

2166 2585 2310 2639 tttale
2341 2594 2613 2640 certamen
2651 2602 2873 2652 angens
2899 2585 3013 2657 (62)
3049 2585 3217 2655 289
3237 2595 3292 2640 et
3317 2586 3588 2638 instruens
3609 2597 3748 2649 quo-

2167 2677 2328 2728 modo
2351 2692 2565 2730 mamnn
2594 2693 2715 2729 cum
2749 2677 2903 2730 hoste
2929 2691 3219 2730 conserere
3240 2681 3510 2744 Oporteat,
3533 2669 3750 2727 confes-

2164 2769 2334 2822 sionis
2358 2770 2524 2822 armis
2543 2786 2668 2823 snas
2695 2772 2879 2839 copias
2906 2769 3100 2832 munit,
3130 2769 3354 2823 dicens:
3379 2763 3599 2822 «Omnis
3627 2763 3749 2833 qui-

2167 2875 2379 2931 cunque
2398 2862 2745 2916 cunfitebitur
2769 2879 2852 2918 me
2878 2879 3064 2916 coram
3094 2861 3423 2924 hominibus,
3449 2857 3751 2916 conﬁtebor

2166 2965 2220 3008 et
2248 2969 2348 3026 ego
2379 2969 2526 3011 eum.
2558 2973 2576 3006 ι
2616 2954 2732 3008 Νοιι
2754 2965 2857 3020 sat,
2901 2955 3096 3023 inquit,
3129 2955 3304 3010 habeo
3339 2952 3535 3008 mentis
3567 2933 3746 3017 fidem,

2168 3047 2262 3100 sed
2321 3047 2486 3100 animi
2546 3046 2789 3100 libertati
2845 3061 3085 3100 consona
3145 3047 3309 3100 ctiam
3377 3043 3538 3099 verba
3604 3043 3746 3097 volo.

2168 3135 2506 3206 LOquacium
2531 3139 2676 3192 enim
2721 3150 2772 3192 et
2803 3139 3161 3208 impostorum
3191 3135 3472 3192 hominum
3512 3144 3618 3199 est,
3645 3133 3748 3187 alia

2169 3231 2352 3284 clausa
2394 3232 2445 3285 in
2485 3241 2720 3300 pectore,
2765 3233 2866 3284 alia
2917 3232 2968 3284 in
3022 3231 3198 3300 lingua
3239 3230 3438 3284 habere
3479 3235 3747 3297 prompta.

2168 3321 2367 3376 Eorum
2397 3339 2545 3387 vero,
2579 3324 2666 3392 qui
2696 3323 2846 3378 liberi
2878 3339 2996 3378 esse
3025 3330 3333 3391 coeperunt,
3357 3319 3502 3374 velut
3542 3318 3754 3387 insigne

2168 3415 2438 3482 quoddam
2469 3426 2550 3470 est
2579 3416 2864 3471 veritatem
2890 3416 3054 3471 libere
3077 3413 3341 3485 profiteri.
3385 3431 3404 3466 ι
3435 3411 3754 3480 Quicunque

2167 3508 2519 3563 confitebitur
2591 3525 2676 3563 me
2741 3525 2921 3564 coram
2978 3509 3311 3565 hominibus.
3345 3524 3366 3561 ι
3404 3505 3521 3561 Non
3584 3505 3754 3573 probo

2169 3601 2514 3655 meticulosos
2563 3602 2783 3667 milites,
2825 3603 3094 3671 fidemque
3159 3585 3318 3669 quam
3348 3585 3480 3654 mihi
3532 3612 3753 3653 scrvare

2167 3691 2388 3757 debent,
2438 3695 2620 3748 verbis
2666 3694 2991 3764 prodentes;
3018 3699 3285 3763 quotquot
3334 3707 3574 3747 meorum
3618 3705 3755 3759 prte-

2169 3784 2401 3839 miorum
2429 3797 2710 3854 compotes
2741 3785 2856 3840 ﬁeri
2895 3787 3140 3854 cupiunt,
3174 3785 3368 3839 illustri
3405 3782 3754 3838 confessione

2167 3877 2452 3930 Dominum
2499 3878 2994 3948 praedicentSuum,
3027 3886 3084 3931 ut
3117 3877 3188 3931 ita
3222 3891 3343 3930 cum
3379 3876 3755 3943 magnanimos

2169 3970 2220 4023 in
2270 3985 2355 4025 me
2404 3970 2709 4026 confitendo
2761 3971 2986 4039 spiritus
3032 3970 3391 4034 ostenderint,
3433 3967 3749 4036 prreclaram

2167 4062 2332 4116 etiam
2385 4064 2880 4119 remunerationem
2921 4064 3223 4118 obtineant.
3254 4061 3386 4128 Quae
3437 4075 3562 4116 vero
3598 4059 3755 4113 hmc?

2175 4173 2192 4205 ι
2240 4154 2555 4210 Confitebor
2581 4163 2636 4210 et
2667 4169 2767 4226 ego
2795 4169 2916 4211 eum
2953 4169 3140 4210 coram
3181 4153 3341 4208 Patre
3377 4166 3495 4205 meo
3521 4192 3536 4217 ,
3579 4149 3668 4218 qui
3699 4150 3751 4203 in

2169 4247 2324 4302 caelis
2357 4257 2462 4302 est.
2500 4266 2518 4299 ι

2249 4535 2356 4590 Sed
2396 4551 2466 4590 ne
2500 4544 2885 4606 praetereamus
2936 4535 3194 4590 latentem
3242 4534 3296 4588 in
3327 4534 3431 4589 hoc
3463 4532 3613 4588 dicto
3659 4533 3755 4586 do-

1719 4781 2037 4844 Francisci
2079 4781 2291 4844 Scorsi
2326 4787 2514 4843 notas.

553 4906 666 4978 (6|)
697 4904 976 4978 Evangelii
1023 4904 1446 4978 Joannis._th
1498 4905 1773 4978 pertinent
1819 4907 1885 4960 ad
1925 4908 2062 4962 hanc

2176 4905 2421 4978 μναστὰς
2459 4904 2754 4978 vocabant;
2786 4903 2927 4958 unde
2949 4911 3003 4959 et
3033 4903 3476 4978 γυμνασιάρχης,
3493 4903 3601 4978 _q_ui
3660 4904 3757 4960 toti

482 4975 809 5034 ἀκολουθίαν
835 4975 1242 5039 Evangeliorum
1273 4975 1412 5028 dicta
1440 4975 1566 5029 sunt
1596 4976 1663 5029 ab
1694 4976 1810 5040 ipso
1840 4986 2065 5031 auctore

485 5054 634 5104 hom.
675 5063 794 5114 quae
840 5055 921 5100 est
963 5046 1156 5100 ordine
1195 5044 1424 5116 quinta,
1467 5055 1521 5100 et
1573 5047 1644 5101 ibi
1692 5045 1893 5116 aliquid
1957 5047 2069 5102 for-

488 5130 634 5174 tasse
685 5117 1082 5169 adnotavimus.

561 5187 674 5257 (62)
704 5185 1172 5255 ngeus.Sauctos
1197 5201 1357 5254 supra
1393 5186 1444 5239 in
1479 5187 1685 5257 exordii
1711 5187 1815 5240 fine
1839 5187 2069 5243 athletas

485 5256 811 5321 voeaverat;
843 5272 984 5310 mmc
1009 5273 1129 5310 rum
1159 5257 1390 5323 ungendi
1420 5256 1584 5310 verbo
1613 5258 1803 5320 utitur,
1827 5258 2070 5312 alludere

485 5333 702 5383 videtur
727 5327 792 5379 ad
824 5342 1160 5394 moremquo
1185 5327 1403 5380 athletae
1443 5327 1693 5381 luctaturi
1733 5327 1882 5393 prius
1908 5342 2070 5396 unge-

486 5402 681 5457 bantur
712 5416 725 5451 :
757 5400 900 5450 unde
944 5397 1198 5449 ἀλεῖπται
1231 5397 1427 5455 vocati.
1466 5400 1556 5466 qui
1592 5399 1658 5450 ad
1692 5397 1744 5451 id
1778 5397 2066 5451 ministerii

486 5467 686 5525 addicti
736 5475 912 5532 erant,
961 5482 989 5518 a
1037 5467 1234 5534 quibus
1282 5466 1352 5521 Μ.
1402 5467 1608 5520 Tullius
1660 5467 2069 5522 similitudinem

487 5541 664 5612 petiit,
717 5535 888 5601 Epist.
937 5537 1091 5606 fana,
1137 5537 1233 5612 lib.
1264 5552 1326 5612 ιε
1376 5536 1480 5591 Sed
1524 5538 1704 5612 tjetlem
1753 5538 2074 5612 ttou_solum

486 5607 679 5666 salutis
718 5622 867 5672 metr,
921 5607 1366 5677 quemadmodum
1416 5608 1639 5672 medici,
1679 5611 1769 5661 sed
1821 5610 1977 5660 etiam
2018 5617 2075 5659 ut

488 5681 669 5749 alipta!
707 5678 895 5749 uirium
933 5687 982 5749 et
1017 5677 1220 5749 coloris
1260 5679 1517 5732 rationem
1553 5678 1742 5749 habere
1767 5678 2072 5749 voluissent.

491 5747 572 5806 Ei
596 5764 704 5819 quo
749 5747 869 5800 loco
903 5747 1126 5816 colligas
1160 5750 1305 5819 quod
1337 5756 1389 5801 et
1417 5749 1625 5819 notavit
1655 5747 1852 5800 Paulus
1880 5748 2074 5819 Manu-

493 5817 629 5884 tius,
663 5822 765 5873 hoc
799 5833 996 5871 nomen
1026 5817 1348 5872 attributum
1378 5818 1654 5880 oumibus,
1687 5819 1778 5886 qui
1809 5817 2079 5872 exercita-

496 5891 735 5946 tionibus
784 5888 1048 5957 gymuieis
1097 5887 1420 5942 athletarum
1470 5899 1757 5957 pra-erant,
1811 5903 1948 5958 quos
1980 5903 2078 5955 γυ-

2170 4973 2454 5047 gymnasio
2486 4973 2770 5047 praefectus
2797 4984 2946 5039 erat;
2994 4977 3058 5047 ad
3091 4975 3188 5029 hos
3213 4975 3377 5029 etiam
3434 4974 3757 5047 athletarum

2171 5044 2356 5100 unctio
2385 5044 2724 5110 pertinebat;
2753 5053 2914 5112 atque
2955 5045 3092 5099 adeo
3122 5060 3150 5098 a
3187 5054 3344 5112 parte
3377 5044 3619 5100 muneris
3649 5055 3762 5098 tan-

2171 5132 2330 5186 quam
2369 5116 2716 5186 apragcipua
2762 5115 3017 5186 ἀλεῖπται
3073 5116 3360 5186 nominati.
3412 5117 3617 5186 Atque_
3648 5116 3762 5169 haec

2169 5183 2346 5254 ampla
2381 5183 2710 5254 signiﬁcatio
2759 5183 3010 5239 c0nveuit
3063 5185 3231 5239 relato
3271 5183 3556 5241 Ciceronis
3604 5184 3762 5243 loco:

2169 5257 2350 5324 aliptae
2410 5257 2554 5308 enim
2609 5256 2827 5323 proprie
2884 5257 3084 5322 sumpti
3125 5256 3324 5310 virium
3376 5255 3589 5324 quidem
3654 5272 3760 5308 non

2173 5338 2354 5380 tamen
2387 5325 2586 5380 coloris
2633 5325 2834 5380 habere
2882 5324 3148 5379 rationem
3187 5328 3436 5394 tingendo
3464 5335 3710 5394 poterant
3747 5347 3759 5377 :

2169 5405 2420 5466 poterant
2455 5410 2585 5450 vero
2616 5394 2930 5465 γυμνασταὶ
2970 5396 3285 5466 praescripta
3320 5396 3529 5450 ratione
3564 5394 3760 5466 Victus,

2170 5464 2226 5520 et
2247 5464 2703 5521 exercitationum
2723 5466 2991 5535 corporis.
3018 5464 3194 5521 Utitur
3216 5467 3380 5518 etiam
3410 5479 3474 5517 eo
3497 5464 3761 5535 vocabulo

2174 5535 2428 5600 Aristot.,
2477 5536 2572 5592 lih.
2627 5552 2664 5588 ιι
2713 5533 2910 5590 Moral.
2964 5535 3261 5590 Commode
3297 5548 3457 5603 porro
3494 5534 3594 5586 hac
3625 5533 3764 5586 allu-

2176 5607 2330 5659 sione
2364 5620 2494 5660 usus
2544 5616 2626 5660 est
2680 5616 2865 5660 noster
2909 5606 2960 5658 iu
3019 5620 3076 5658 re
3125 5614 3179 5660 et
3229 5617 3402 5672 pugna
3459 5603 3760 5671 spirituali;

2177 5677 2616 5762 qqaudoquidem
2643 5678 2823 5762 gratia
2863 5676 3050 5755 sancti.
3081 5674 3535 5762 Spirit‘usluneuo
3550 5673 3766 5762 (dicitur

2177 5747 2195 5798 l
2225 5742 2482 5811 Joan.,_c.
2517 5763 2554 5800 ιι
2589 5764 2602 5798 :
2636 5742 2739 5801 Sed
2776 5761 2862 5799 vos
2910 5742 3199 5798 unctionem
3243 5743 3446 5796 habetis
3486 5760 3514 5796 rt
3545 5742 3762 5796 Sancto.

2180 5815 2245 5870 Et
2284 5816 2466 5871 itidem
2500 5816 2658 5871 infra.
