4070 6402
448 421 547 483 789

1793 418 2122 480 HOMILIA
2160 419 2317 481 XLI.

3610 417 3718 485 790

435 541 535 600 δας
562 538 671 590 τῶν
699 532 864 591 Λίθων
898 537 1215 609 δεχόμενος,
1260 537 1337 610 μὴ
1384 537 1578 607 στῆναι
1611 535 1711 607 τὴν
1743 537 2023 608 ἁμαρτίαν

2151 535 2217 590 lle
2239 534 2546 604 Stephanus
2570 532 2706 588 alios
2731 547 2896 603 super
2921 531 3058 590 alios
3088 531 3299 604 lapides
3329 506 3715 606 quasi'lngru-

433 633 548 693 τοῖς
572 628 1013 683 λιθολευστοῦσιν
1060 628 1355 699 ἐπηύχετο,
1390 629 1486 683 καὶ
1523 628 1867 699 ὁμολογήσας
1889 627 2027 681 ὲνὼ-

437 740 560 774 πιον
608 720 704 774 τοῦ
747 721 1029 791 συνεδρίου
1076 722 1169 775 τὸν
1213 721 1445 792 Ἰησοῦν,
1502 717 1640 774 εἶδεν
1683 721 1846 773 αὑτὸν
1891 737 2029 791 προ-

438 814 625 883 φανῶς
693 812 1173 883 ἀνθομολογοῦντα
1217 814 1310 868 τὸν
1355 813 1595 885 ἀθλητὴν
1651 813 1884 868 ἐνώπιον
1932 813 2027 867 τοῦ

442 906 678 973 Πατρός.
723 924 740 955 ι
776 902 899 959 Εἷδε
936 905 1045 976 γὰρ
1086 906 1213 970 τοὺς
1247 906 1515 976 οὐρανοὺς
1562 907 1899 976 ἀνεῳγότας,
1931 906 2028 958 καλ⁸

439 999 533 1050 τδν
558 998 688 1051 Υἱὸν
714 997 809 1050 τοῦ
852 997 989 1051 Θεοῦ
1024 1018 1040 1049 ι
1081 997 1171 1051 διὰ
1211 1000 1310 1067 τῆς
1348 999 1593 1062 στάσεως
1625 999 1735 1053 τῶν
1757 997 2025 1066 ἀγωνιζο-

442 1091 622 1159 μένων
692 1089 791 1159 τὴν
860 1091 1017 1159 νίκην
1071 1090 1441 1160 βραϐεύοντα·
1493 1092 1584 1146 καὶ
1638 1092 1690 1145 οί
1737 1090 2027 1144 ἀπόστολοι

439 1177 817 1247 τυπτηθέντες
851 1179 1100 1247 ἐξῆλθον,
1127 1181 1283 1250 φησὶ,
1322 1179 1613 1251 χαίροντες
1668 1181 1733 1233 ἐκ
1764 1180 1861 1232 τοῦ
1895 1197 2027 1233 συν-

440 1269 646 1338 εὲρίου,
683 1287 699 1318 ι
735 1268 1196 1340 Ὀτινὴξιώθησαν
1245 1270 1387 1341 ὑπὲρ
1428 1270 1522 1323 τοῦ
1557 1268 1821 1340 ὀνόματος
1860 1268 2026 1325 αὐτοῦ

420 1361 833 1431 τάτιμασθῆναι.
871 1381 889 1413 ι

417 1428 428 1503 i
516 1428 546 1505 cf
570 1428 761 1517 Ὅστις
801 1454 845 1507 δ’
873 1454 938 1507 ἂν
980 1455 1285 1526 ἀρνήσηταί
1329 1472 1396 1525 με
1437 1454 1748 1526 ἔμπροσθεν
1785 1453 1895 1508 τῶν
1935 1456 2028 1509 ἀν-

419 1527 697 1616 Ὀρώπων,
731 1548 1042 1618 ἀρνήσομαι
1074 1550 1237 1603 αὐτὸν
1264 1550 1418 1617 κάγὼ
1452 1548 1764 1619 ἔμπροσθεν
1792 1545 1887 1601 τοῦ
1917 1549 2029 1601 I11-

409 1638 563 1722 ;196;
604 1656 706 1709 μου
735 1639 829 1691 τοῦ
867 1642 926 1692 ὲν
957 1641 1230 1710 οὐρανοῖς.
1273 1660 1290 1692 ›
1328 1641 1528 1694 Σκόπει
1559 1640 1623 1711 δὴ
1656 1642 1805 1702 ὅπως
1840 1642 1897 1693 ἐν
1930 1641 2028 1711 μὲν

436 1730 515 1799 τῷ
545 1731 905 1800 ὁμολογῆσαι,
934 1732 1098 1804 ἔθηκε
1126 1735 1184 1786 τό
1204 1752 1217 1766 ·
1255 1754 1271 1786 ι
1306 1735 1395 1786 Ἑν
1423 1734 1577 1804 ἐμοί’
1605 1754 1623 1786 ι
1658 1735 1715 1786 ὲν
1742 1734 1799 1786 δὲ
1826 1733 1904 1803 τῷ
1932 1734 2029 1807 ἀρ-

2130 634 2312 680 entem
2348 625 2486 680 nivis
2518 623 2748 682 imbrem
2779 623 3079 693 excipiens,
3129 640 3197 679 ne
3227 624 3277 679 id
3316 634 3540 696 peccato
3583 625 3720 695 lapi-

2131 716 2386 771 dantibus
2418 724 2773 780 statueretur,
2799 717 2977 772 oravit
3007 716 3051 749 ⁸⁸
3073 733 3089 783 ;
3112 726 3308 771 etcum
3339 717 3391 770 in
3425 727 3720 785 conspectu

2131 807 2346 863 concilii
2386 805 2574 883 Iesum
2609 807 2899 863 confessus
2928 818 3097 874 esset,
3136 809 3266 864 vidit
3309 810 3484 878 ipsum
3531 821 3723 879 aperte

2131 915 2315 956 coram
2349 898 2509 954 Patre
2544 900 2610 954 de
2645 900 2849 954 athleta
2897 915 2996 955 suo
3049 901 3419 956 testimonium
3475 901 3717 955 vicissim

2130 993 2349 1049 dantem
2394 1008 2410 1047 :
2448 1010 2467 1044 ι
2502 990 2819 1047 Viditenim
2837 992 3008 1048 cmlos
3036 1000 3288 1064 apertos,
3323 992 3592 1048 etFilium
3628 994 3719 1047 Dei

2130 1094 2367 1140 stantem
2385 1084 2454 1149 ⁸⁸,
2502 1102 2521 1135 ›
2552 1083 2796 1139 victoria:
2829 1084 3049 1153 praemia
3098 1086 3394 1140 decernere
3439 1085 3718 1139 bellatori-

2132 1180 2266 1241 bus;
2320 1186 2374 1232 et
2417 1176 2651 1247 apostoli
2696 1175 3016 1230 verberibus
3054 1177 3181 1231 caesi
3213 1177 3458 1243 exibant,
3512 1178 3711 1247 inquit,

2131 1272 2433 1341 gaudentes
2469 1283 2537 1324 ex
2567 1267 2822 1334 concilio,
2858 1286 2877 1320 ι
2914 1267 3170 1336 quoniam
3195 1267 3344 1337 digni
3386 1269 3555 1323 habiti
3596 1276 3723 1323 sunt

2133 1379 2229 1434 pro
2268 1364 2488 1418 nomine
2521 1360 2639 1430 ejus
2666 1360 3051 1416 contumeliam
3084 1359 3201 1431 pati
3230 1360 3299 1416 ⁸³.
3338 1379 3355 1412 ι

2210 1475 2227 1507 ι
2269 1456 2373 1524 Qui
2409 1464 2592 1509 autem
2621 1454 2906 1525 negaverit
2939 1468 3027 1509 me
3052 1467 3238 1509 coram
3266 1453 3595 1521 hominibus,
3620 1470 3720 1511 ne-

2132 1548 2269 1618 gabo
2305 1556 2359 1600 et
2410 1561 2509 1617 ego
2541 1560 2663 1601 eum
2699 1561 2883 1601 coram
2935 1546 3097 1602 Patre
3144 1561 3288 1615 meo,
3337 1546 3429 1618 qui
3474 1547 3530 1603 in
3573 1547 3725 1604 ert-lis

2131 1649 2235 1698 est.
2278 1658 2296 1691 ι
2335 1638 2637 1695 Considera
2672 1640 2748 1694 uti
2781 1655 2904 1695 cum
2932 1640 2998 1696 de
3017 1640 3328 1696 conﬁtendo
3365 1641 3718 1711 loqueretur,

2133 1731 2349 1802 posuit:
2380 1750 2398 1782 ‹
2431 1727 2487 1783 ln
2517 1744 2637 1795 me;
2676 1748 2695 1781 ι
2731 1745 2855 1783 cum
2880 1744 3008 1783 vero
3031 1728 3098 1783 de
3117 1729 3386 1797 negando,
3423 1744 3528 1782 non
3558 1729 3720 1793 item;

439 1822 711 1892 νήσασθαι
742 1824 839 1893 οὐχ
870 1826 1066 1889 οὔτως,
1100 1825 1242 1878 ἀλλ’·
1279 1846 1295 1877 ι
1323 1826 1515 1889 ’Ὅστις
1546 1825 1843 1895 ἀρνήσεται
1877 1842 1964 1893 με.
2006 1844 2024 1875 ι

2142 1822 2229 1877 sed
2276 1840 2295 1873 ‹
2334 1820 2434 1886 Qui
2463 1820 2741 1889 negaverit
2777 1833 2884 1874 me.
2923 1837 2941 1871 ι
2977 1816 3093 1885 Qua
3126 1816 3194 1872 de
3218 1815 3424 1872 causa?
3459 1815 3722 1869 Nimirum

440 1910 538 1963 Διὰ
565 1911 646 1977 τί;
685 1912 749 1964 'H
787 1913 886 1982 μὲν
918 1913 1183 1984 ὁμολογία
1211 1915 1312 1967 οὐκ
1338 1915 1465 1969 ἄνευ
1508 1914 1719 1982 γίνεται
1751 1916 1852 1984 τῆς
1882 1912 2032 1975 θείας

442 2006 615 2074 ρῡπῆς
642 2021 656 2035 ⁸
693 2005 815 2058 οὐδὲ
857 2006 968 2077 γὰρ
1002 2006 1114 2060 τῶν
1148 2006 1388 2060 εὐκόλων
1423 2009 1538 2060 ἐστὶ
1560 2048 1574 2071 ,
1615 2007 1815 2078 μᾶλλον
1850 2006 1905 2061 δὲ
1941 2006 2034 2061 καὶ

442 2098 699 2162 καθάπαξ
730 2098 998 2153 ἀδύνατον
1023 2099 1100 2170 τῷ
1127 2100 1202 2170 μὴ
1228 2099 1333 2153 τῶν
1361 2100 1504 2153 κατὰ
1530 2101 1629 2172 τὴν
1654 2101 1801 2169 ζωὴν
1828 2099 2034 2169 ταύτην

442 2191 611 2261 ἡδέων
642 2194 1044 2264 προτιμήσαντι
1074 2197 1142 2249 τὰ
1176 2195 1251 2265 μὴ
1284 2195 1588 2265 φαινόμενοι
1608 2212 1621 2225 °
1654 2196 1713 2248 τὸ
1743 2195 1799 2248 δέ
1828 2212 1892 2263 γε
1938 2198 2035 2267 ἀρ-

441 2285 712 2355 νήσασθαι
746 2287 810 2338 ὲκ
842 2286 944 2355 τῆς
979 2285 1138 2355 ἡμῶν
1170 2286 1445 2359 ῥᾳθυμίας
1509 2289 1603 2340 καὶ
1636 2288 1732 2358 τῆς
1762 2288 1873 2341 τῶν
1906 2287 2035 2358 μελι-

440 2375 643 2429 λόντων
674 2377 1029 2441 ἀνελπιστίας
1063 2379 1296 2447 γίνεται.
1334 2379 1474 2431 Ἀλλ’
1503 2379 1693 2450 ὥσπερ
1732 2383 1852 2435 ἐκεῖ
1892 2382 2035 2451 μέγα

440 2469 503 2521 τὸ
548 2468 812 2536 ἔπαθλον,
852 2470 951 2524 καὶ
991 2474 1242 2541 κρεῖττον
1285 2470 1385 2525 οὐκ
1426 2470 1574 2525 ἔστιν
1613 2472 1818 2543 εὑρεῖν,
1861 2472 2036 2536 οὕτως

442 2561 683 2616 ἐνταῦθα
711 2562 922 2632 φοϐερὰ
954 2564 986 2635 ἡ
1017 2563 1239 2634 ἀπειλὴ,
1270 2566 1365 2618 καὶ
1397 2564 1602 2635 φρίκης
1632 2565 1919 2629 ἀνάπλεως
1940 2583 1953 2597 ο
1983 2566 2035 2619 τί

444 2655 555 2725 γὰρ
595 2654 662 2707 ἂν
704 2656 917 2723 γένοιτο
963 2657 1403 2728 φρικωδέστερον
1444 2655 1538 2709 τοῦ
1583 2657 1889 2728 ἀρνηθῆναι
1934 2659 2037 2711 ὑπὸ

442 2743 707 2813 Χριστοῦ,
743 2746 836 2798 καὶ
872 2743 1138 2798 ἀκοῦσαν
1177 2765 1194 2798 ι
1235 2746 1350 2799 Οὐκ
1381 2740 1502 2799 οῖδα
1537 2746 1713 2817 ὑμᾶς;
1756 2766 1774 2799 ι
1813 2747 1879 2801 Τί
1914 2747 1969 2801 δὲ
2002 2748 2036 2819 ἡ

442 2834 537 2887 τοῦ
560 2835 795 2905 ούρανοῦ
824 2838 1108 2910 προσθήκη
1136 2838 1411 2909 βούλεται,
1428 2838 1746 2911 ἀρκούντως
1772 2839 1901 2903 ἴσως
1918 2840 2033 2894 τοῦ·

450 2948 469 2980 ι
511 2928 869 2999 Ὀμολογήσω
914 2932 1079 2985 αὑτὸν
1124 2930 1281 2999 κάγὼ
1326 2932 1640 3003 ἔμπροσθεν
1678 2931 1776 2986 τοῦ
1825 2934 2038 3004 Πατρὸς

449 3038 585 3091 μους
628 3041 646 3073 ›
685 3022 905 3075 Εῖθιστο
938 3022 1016 3093 τῷ
1051 3024 1265 3094 Σωτῆρι
1288 3024 1420 3094 περὶ
1453 3024 1547 3077 τοῦ
1579 3024 1796 3095 Πατρὸς
1832 3024 2040 3078 ἐκδιδά-

446 3133 628 3169 σκοντι
661 3116 1011 3185 προστιθέναι
1042 3116 1118 3187 τῷ
1148 3117 1325 3188 λόγῳ·
1370 3138 1388 3170 ι
1426 3117 1531 3172 Τὸν
1558 3118 1835 3189 οὐράνιον.
1874 3137 1891 3170 ι
1930 3119 2041 3172 Καὶ

2136 1917 2262 1985 quia
2294 1912 2571 1971 confessio
2611 1914 2732 1969 sine
2761 1913 2949 1967 divino
2988 1910 3220 1981 impulsu
3268 1926 3376 1966 non
3410 1910 3498 1975 fit;
3549 1923 3726 1979 neque

2136 2012 2281 2065 enim
2312 2026 2398 2064 res
2432 2020 2514 2064 est
2548 2024 2609 2065 ex
2650 2009 2715 2063 iis
2744 2024 2866 2079 quae
2898 2007 3085 2063 faciles
3119 2006 3263 2062 factu
3292 2014 3439 2071 sunt,
3467 2006 3563 2060 sed
3605 2019 3727 2074 quae

2138 2118 2361 2173 prorsus
2395 2100 2509 2156 fieri
2560 2117 2667 2155 non
2720 2108 2940 2170 potest,
2994 2099 3097 2155 nisi
3160 2098 3284 2168 quis
3334 2098 3560 2166 hujusce
3600 2097 3726 2152 vitae

2136 2192 2553 2249 oblectamentis
2606 2191 2900 2247 invisibilia
2947 2189 3093 2245 bona
3136 2196 3419 2259 praeponat
3458 2202 3472 2240 :
3508 2185 3727 2256 negatio

2138 2302 2266 2342 vero
2301 2301 2368 2343 ex
2418 2294 2602 2339 nostra
2640 2284 2891 2340 socordia
2943 2283 3209 2351 nascitur,
3263 2292 3320 2337 et
3363 2297 3427 2337 ex
3470 2296 3535 2337 eo
3583 2279 3727 2350 qucd

2138 2382 2445 2437 futurorum
2484 2382 2754 2435 bonorum
2783 2393 2880 2449 spe
2907 2378 3027 2433 fulti
3068 2392 3173 2432 non
3211 2390 3418 2431 sumus.
3452 2373 3559 2430 Sed
3589 2374 3730 2430 sicut

2140 2475 2210 2530 ibi
2247 2473 2530 2544 przcmium
2556 2472 2800 2527 redditur
2827 2484 3078 2541 maguum
3123 2477 3176 2524 et
3202 2482 3310 2537 quo
3339 2467 3477 2522 nihil
3513 2467 3585 2521 sit
3616 2480 3730 2520 mc-

2139 2568 2242 2621 lius
2291 2566 2555 2635 reperire,
2612 2564 2685 2618 ita
2723 2563 2811 2616 hic
2852 2560 3126 2616 terribiles
3174 2560 3333 2614 mina:
3377 2567 3433 2613 et
3484 2557 3729 2614 horroris

2140 2660 2333 2728 plenae.
2375 2655 2512 2724 Quid
2546 2656 2688 2709 enim
2734 2652 3068 2720 horribilius,
3111 2667 3271 2722 quam
3320 2666 3349 2705 a
3385 2649 3604 2707 Christo
3636 2664 3731 2703 ne-

2139 2749 2252 2820 gari
2280 2758 2334 2803 et
2362 2747 2570 2812 audire,
2608 2764 2625 2796 ‹
2655 2743 2773 2799 Νοιι
2817 2744 2938 2797 novi
2968 2757 3062 2798 vos
3091 2742 3178 2795 3‘?
3218 2760 3235 2794 ι
3276 2740 3416 2808 Quid
3464 2755 3594 2795 vero
3622 2739 3728 2795 sibi

2141 2842 2256 2899 vult
2278 2842 2510 2912 adjectio
2530 2839 2692 2895 coeli?
2715 2853 2837 2894 cum
2866 2837 3096 2893 fortasse
3118 2837 3253 2891 salis
3277 2835 3515 2889 futurum
3538 2832 3733 2889 fuisset

2140 2936 2357 2991 dicere:
2390 2952 2408 2985 ι
2442 2932 2761 2989 Confitebor
2786 2939 2839 2985 et
2865 2944 2965 3001 ego
2989 2944 3113 2985 eum
3136 2943 3319 2984 coram
3348 2926 3507 2981 Patre
3528 2940 3667 2979 meo.
3705 2942 3725 2975 ι

2141 3028 2435 3083 Familiare
2467 3024 2736 3081 Salvatori
2771 3022 2892 3087 fuit,
2931 3037 3055 3077 cum
3093 3021 3161 3077 de
3199 3021 3363 3076 Patre
3392 3019 3731 3089 loqueretur,

2143 3122 2363 3186 addere,
2405 3139 2423 3173 ‹
2461 3118 2562 3187 Qui
2609 3120 2663 3173 in
2697 3117 2852 3173 coelis
2895 3124 2998 3171 est.
3047 3133 3067 3169 ι
3112 3113 3327 3168 Etenim
3374 3127 3496 3166 cum
3543 3111 3734 3166 admo-

444 3210 553 3279 γὰρ
600 3210 693 3281 καὶ
739 3208 940 3262 ὁπόταν
986 3213 1227 3280 παραινῇ
1277 3210 1353 3280 μὴ
1401 3212 1768 3281 καταφρονεῖν
1803 3210 1915 3265 τῶν
1955 3211 2037 3264 δο-

2147 3226 2325 3282 ueret,
2372 3230 2441 3271 ne
2484 3217 2966 3269 contemnerentur
3014 3209 3049 3264 ii
3083 3210 3174 3279 qui
3207 3206 3391 3278 pusilli
3422 3205 3676 3260 videntur
3714 3220 3730 3258 :

404 3301 688 3355 ’κἰύντων
713 3298 854 3355 εῖναι
886 3303 1128 3373 μικρῶνο
1168 3321 1187 3355 ι
1228 3305 1291 3355 Ol
1320 3302 1569 3371 ἄγγελοι,
1602 3305 1759 3374 φησὶ,
1791 3304 1879 3358 διὰ
1907 3322 2041 3359 παν-

443 3393 536 3456 τὲς
581 3393 843 3464 βλέπουσι
876 3394 938 3447 τὸ
980 3394 1273 3465 πρόσωπον
1303 3393 1396 3447 τοῦ
1443 3396 1661 3463 Πατρὸς
1708 3413 1812 3465 μου
1845 3396 1941 3449 τοῦ
1983 3398 2042 3449 ὲν

445 3486 732 3555 ούρανοῖςο
780 3505 799 3539 ι
848 3486 979 3540 καί·
1030 3505 1047 3538 ι
1100 3485 1327 3539 Γίνεσθε
1371 3487 1608 3551 τέλειοι,
1651 3486 1835 3551 καθὼς
1877 3489 1972 3543 καὶ
2012 3488 2042 3542 6

446 3577 640 3649 Πατὴρ
678 3577 836 3648 ἡμῶν
865 3578 892 3630 6
921 3578 1172 3649 οὐράνιος
1201 3578 1410 3643 τέλειός
1450 3581 1590 3633 ἐστι.
1630 3600 1649 3633 ι
1686 3580 1799 3633 Kal
1832 3581 1921 3634 ὅτε
1965 3580 2041 3652 μὴ

444 3668 701 3741 ἀκαίροις
745 3671 1040 3741 μερίμναις
1082 3671 1497 3742 ὲνασχολεῖσθαι
1539 3674 1805 3736 νουθετεῖ,
1845 3673 2040 3740 ἐπάγει

444 3758 643 3829 λέγων,
684 3758 760 3824 ὡς
807 3778 825 3811 ι
876 3756 1034 3813 Οἶδεν
1073 3762 1100 3814 6
1146 3760 1340 3831 Πατὴρ
1387 3760 1542 3830 ὑμῶν
1583 3764 1610 3814 ὁ
1651 3761 1925 3832 οὐράνιος,
1966 3753 2043 3815 ὧν

447 3850 638 3921 χρείαν
660 3849 813 3922 ἔχετε
833 3867 847 3881 ο
890 3869 908 3902 ι
945 3850 1073 3904 καί·
1108 3868 1127 3902 ι
1160 3849 1319 3906 Οῦτω
1348 3851 1621 3922 λαμψάτω
1646 3853 1707 3905 τὸ
1738 3852 1853 3922 φῶς
1887 3852 2044 3922 ὑμῶν

449 3942 763 4015 ἔμπροσθεν
789 3943 898 3995 τῶν
929 3943 1259 4014 ἀνθρώπων,
1292 3943 1379 3996 ἵνα
1409 3944 1611 4009 πάντες
1632 3945 1683 3997 οἱ
1706 3944 2044 4016 θεωροῦντες

449 4034 593 4104 ὑμᾶς
633 4032 904 4097 δοξάσωσι
961 4033 1054 4087 τὸν
1088 4033 1310 4105 Πατέρα
1343 4035 1499 4106 ὑμῶν
1531 4036 1621 4090 τὸν
1652 4038 1709 4090 ὲν
1737 4038 1849 4101 τοῖς
1879 4038 2044 4108 οὐραο

451 4128 586 4189 νοῖς.
635 4144 656 4179 ι
682 4126 799 4179 Καὶ
818 4124 1093 4179 διδάσκων
1114 4128 1242 4190 τοὺς
1270 4127 1542 4198 μαθητὰς,
1567 4128 1714 4192 ὅπως
1739 4128 1844 4200 χρὴ
1870 4146 2043 4200 προσ-

449 4217 738 4288 εύχεσθαι,
771 4219 862 4271 τὸν
890 4220 948 4273 ὲν
974 4222 1089 4283 τοῖς
1124 4221 1377 4291 οὐρανοῖς
1416 4222 1638 4292 Πατέρα
1667 4224 1768 4293 τῆς
1805 4239 2043 4294 προσευ-

451 4310 551 4380 χῆς
571 4311 861 4382 προοίμιον
878 4311 1084 4381 τίθησι.
1106 4313 1172 4366 Τί
1196 4312 1328 4380 γοῦν
1349 4312 1672 4385 βουλόμενος
1688 4314 1846 4368 τοῦτο
1871 4317 2041 4381 ποιεί;

462 4405 551 4469 Ὧς
599 4406 699 4477 μὲν
743 4406 893 4459 δοκεί
936 4424 1046 4461 τισι
1094 4406 1203 4460 τῶν
1251 4406 1569 4477 ἐξηγητῶν,
1617 4408 1808 4479 ἐπειδὴ
1856 4410 2044 4479 θρόνος

2150 3328 2168 3361 ι
2204 3306 2420 3376 Angeli,
2450 3305 2648 3376 inquit,
2684 3316 2903 3373 semper
2941 3300 3124 3355 vident
3166 3298 3360 3353 faciem
3391 3295 3571 3351 Patris
3605 3294 3733 3360 mei,

2143 3401 2237 3470 qui
2266 3399 2321 3454 in
2353 3397 2507 3453 cmlis
2537 3405 2621 3451 est
2650 3396 2732 3463 ⁸⁸,
2765 3413 2783 3446 ι
2819 3403 2874 3450 et
2905 3408 2919 3446 :
2959 3412 2977 3446 ‹
3010 3392 3204 3448 Estote
3245 3388 3498 3461 perfecti,
3522 3388 3659 3443 sicut
3683 3394 3737 3442 et

2142 3494 2305 3549 Pater
2328 3506 2485 3547 meus
2513 3489 2755 3547 caalestis
2787 3487 3060 3556 perlectus
3096 3496 3179 3541 est
3211 3486 3276 3538 ⁸⁸.
3312 3504 3330 3538 ι
3367 3482 3436 3538 Ει
3480 3498 3601 3538 cum
3638 3495 3737 3536 uos

2146 3584 2275 3638 item
2300 3582 2577 3646 hortatur,
2611 3596 2680 3635 ne
2708 3582 3065 3650 supervacuis
3094 3578 3240 3631 curis
3267 3588 3619 3645 occupemur,
3641 3574 3739 3627 ad-

2138 3674 2320 3746 jungit
2353 3673 2470 3727 haec
2498 3690 2514 3727 :
2555 3691 2574 3724 ‹
2608 3670 2725 3728 Scit
2754 3669 2899 3725 enim
2926 3668 3087 3723 Pater
3111 3676 3290 3723 vester
3315 3665 3580 3731 ccclesiis,
3610 3663 3738 3734 quia

2148 3764 2236 3820 his
2275 3764 2531 3819 omnibus
2580 3761 2838 3833 indigetis
2890 3759 2971 3827 '7;
3012 3777 3031 3810 ι
3079 3767 3178 3813 et:
3223 3776 3243 3810 ι
3284 3756 3377 3813 Sic
3414 3758 3597 3812 luceat
3646 3755 3736 3809 lux

2144 3865 2328 3912 vestra
2361 3871 2547 3912 coram
2583 3854 2919 3920 hominibus,
2962 3860 3021 3905 ut
3042 3865 3256 3914 omnes,
3281 3850 3373 3920 qui
3398 3850 3588 3904 vident
3617 3861 3736 3909 vos.

2145 3949 2306 4021 291
2363 3948 2669 4019 glorificent
2721 3945 2940 4002 Patrem
2990 3954 3255 4008 vestrum,
3309 3943 3401 4013 qui
3467 3942 3525 3997 in
3579 3940 3739 3998 cmlis

2148 4051 2232 4097 est
2279 4041 2348 4095 ⁸⁸.
2401 4058 2421 4093 ι
2476 4038 2540 4094 Ει
2572 4037 2866 4109 discipulos
2912 4036 3143 4093 formam
3192 4034 3464 4089 orationis
3513 4034 3736 4095 docens,

2147 4134 2362 4190 Patrem
2393 4132 2552 4204 quiin
2576 4130 2731 4187 caelis
2752 4140 2857 4192 est,
2880 4126 3482 4200 prooemiumorationis
3499 4127 3630 4183 facit
3661 4127 3730 4180 ⁸³.

2149 4227 2264 4293 Qua
2300 4225 2465 4296 igitur
2495 4232 2678 4279 mente
2708 4223 2811 4277 hoc
2841 4222 3003 4276 facit?
3049 4220 3215 4284 Sane,
3250 4229 3312 4275 ut
3340 4219 3615 4275 nonnullis
3643 4221 3730 4274 in-

2150 4329 2448 4389 terpretum
2488 4317 2689 4389 placet,
2719 4316 2976 4387 quoniam
3020 4315 3222 4371 caelum
3258 4316 3485 4371 thronus
3513 4323 3599 4370 est
3624 4313 3741 4376 Dei,

2148 4413 2228 4469 sic
2282 4421 2515 4468 testante
2566 4410 2856 4480 Scriptura
2910 4409 3143 4463 divina:
3210 4408 3472 4464 «Ccelnm
3516 4407 3744 4461 thronus

450 4498 567 4550 ἐστὶ
602 4498 697 4551 τοῦ
738 4497 877 4552 Θεοῦ
911 4501 939 4552 6
969 4498 1232 4570 οὐρανὸς,
1270 4500 1413 4553 οὕτω
1449 4499 1717 4571 λεγούσης
1751 4502 1853 4570 τῆς
1890 4500 2037 4565 θείας

2150 4520 2336 4571 meus;
2395 4513 2537 4557 terra
2587 4510 2764 4556 autem
2806 4502 3212 4570 suppedaneum
3243 4500 3326 4564 '°;
3363 4518 3382 4551 ι
3427 4506 3531 4552 et:
3575 4516 3593 4551 ι
3626 4497 3742 4553 Non

452 4591 677 4664 Γραφῆς
704 4610 717 4626 ·
754 4611 776 4645 ‹
816 4591 874 4646 '0
908 4593 1138 4663 οὐρανός
1177 4609 1269 4663 μοι
1306 4591 1527 4662 θρόνος,
1560 4594 1592 4663 ἡ
1629 4592 1687 4645 δὲ
1722 4593 1794 4662 γῆ
1837 4591 2045 4646 ὑποπό-

454 4682 567 4735 διον
587 4700 601 4713 ·
644 4702 667 4757 ιν
695 4684 791 4736 καί
811 4700 825 4714 ⁸
861 4703 880 4735 ‹
914 4684 1006 4754 Μὴ
1034 4683 1266 4755 ὀμνύετε
1295 4684 1375 4746 είς
1399 4684 1489 4736 τὸν
1516 4684 1746 4754 οὐρανὸν
1767 4724 1782 4749 ,
1810 4685 1895 4738 ὅτι
1925 4683 2052 4754 θρό-

2146 4598 2327 4669 jurate
2350 4612 2446 4667 per
2468 4595 2686 4660 crelmn,
2714 4595 2841 4664 quia
2872 4595 3102 4648 thronus
3124 4591 3220 4647 Dei
3245 4600 3327 4647 est
3355 4608 3370 4646 :
3405 4609 3425 4643 ι
3450 4591 3571 4645 idco
3596 4604 3745 4643 men-

2156 4688 2365 4743 tionem
2399 4688 2465 4741 de
2492 4684 2654 4740 Patre
2694 4683 2900 4739 faciens
2930 4682 3188 4737 thronum
3220 4680 3388 4735 etiam
3419 4678 3566 4733 illum
3615 4693 3741 4747 per—

451 4793 541 4840 νος
571 4779 688 4830 ἐστὶ
716 4776 810 4829 τοῦ
838 4776 973 4829 Θεοῦ
993 4793 1007 4808 ·
1045 4796 1063 4827 ι
1099 4776 1189 4829 διὰ
1226 4775 1389 4828 τοῦτο
1418 4775 1779 4845 μνημονεύων
1807 4777 1902 4828 τοῦ
1939 4778 2037 4830 Πα-

2152 4774 2424 4831 celebrem
2475 4772 2657 4838 addit,
2690 4772 2743 4826 in
2786 4786 2892 4843 quo
2922 4770 3122 4826 dicitur
3164 4768 3475 4826 considere.
3510 4766 3577 4823 Et
3612 4768 3739 4824 caeli

452 4865 600 4935 τρδς,
649 4864 975 4935 προστίθησι
1020 4866 1116 4917 καὶ
1159 4865 1251 4916 τὸν
1302 4863 1629 4934 περιϐόητον
1673 4863 1863 4934 θρόνον
1904 4866 1963 4918 ὲν
2007 4860 2037 4934 ᾇ

2153 4866 2374 4934 quidem
2413 4863 2634 4919 nomine
2672 4863 2830 4933 quasi
2872 4862 2925 4917 in
2962 4861 3251 4934 aenigmate
3286 4860 3578 4931 Seraphim
3634 4876 3739 4914 na-

452 4955 759 5027 ὲνιδρύσθαι
788 4955 1005 5022 λέγεται
1029 4970 1044 4986 ’
1073 4953 1169 5008 καὶ
1196 4955 1283 5008 διὰ
1307 4954 1401 5006 τοῦ
1430 4954 1661 5025 οὐρανοῦ
1687 4954 1785 5017 τὰς
1814 4958 1872 5008 ἑν
1898 4956 2049 5026 αὐτῷ

456 5049 792 5119 πυρσοφαεῖς
831 5047 1021 5109 οὐσίας
1053 5046 1163 5100 τῶν
1201 5046 1456 5116 Σεραφὶμ
1497 5047 1888 5117 αἰνιττόμενος.
1934 5048 2045 5102 Kal

456 5144 571 5192 ἐστι
615 5140 713 5209 μὲν
754 5138 884 5202 ἴσως
924 5139 1025 5192 οὐκ
1065 5139 1174 5192 ἀπὸ
1215 5139 1422 5191 σκοποῦ
1460 5139 1556 5191 τοῦ
1599 5139 1971 5209 προσήκοντος
2010 5141 2043 5210 ἡ

453 5231 680 5303 τοιαύτη
711 5231 941 5286 διάνοια.
976 5229 1122 5284 Ἀλλ’
1144 5231 1268 5301 ἐμοὶ
1297 5231 1444 5283 δοκεῖ
1472 5230 1532 5283 ού
1566 5230 1627 5283 τὸ
1659 5232 1921 5301 στοιχεῖον
1949 5228 2042 5283 τοῦ

523 5369 568 5399 ⁸⁸
598 5368 721 5425 Act.
758 5384 855 5434 vn,
889 5368 1121 5425 56—59.

1221 5369 1267 5401 "
1295 5370 1425 5423 ibid.
1462 5369 1551 5422 55.
1628 5368 1674 5399 ⁸³
1706 5369 1831 5423 Act.
1887 5385 1941 5430 ν,
1974 5368 2065 5423 41,

2141 5369 2188 5401 ⁸³
2216 5368 2409 5423 Matth.
2440 5382 2592 5431 XXIV,
2629 5366 2718 5422 15.
2794 5366 2840 5399 ⁸⁸
2876 5366 3071 5422 Matth.
3105 5382 3265 5431 xvm,
3298 5366 3386 5421 lO.

458 5453 509 5504 v,
543 5439 636 5497 48.
710 5439 757 5471 ⁸⁷
786 5438 979 5495 Matth.
1012 5456 1091 5509 vt,
1121 5441 1209 5497 52.
1287 5439 1334 5470 ⁸⁸
1358 5440 1546 5493 Matth.
1583 5455 1636 5504 v,
1666 5439 1752 5493 46.
1832 5439 1876 5472 ⁸⁸
1905 5438 2033 5493 Matt

2142 5456 2199 5503 η,
2229 5439 2282 5494 9.
2357 5441 2403 5472 ⁹⁰
2436 5440 2540 5493 lsa.
2578 5453 2726 5503 1.1m,
2762 5439 2815 5493 l.

2158 4967 2308 5011 turas
2337 4955 2679 5010 flammarum
2715 4955 2890 5010 instar
2947 4954 3205 5009 ardentes
3259 4953 3491 5008 involvit
3526 4969 3540 5005 :
3583 4964 3745 5022 atque

2158 5049 2248 5104 hic
2278 5064 2411 5105 sane
2442 5047 2755 5102 intellectus
2787 5046 3037 5102 fortassis
3067 5062 3096 5100 a
3129 5061 3296 5117 scopo
3322 5044 3603 5115 proposito
3637 5059 3742 5098 non

2154 5142 2394 5195 aberrat.
2417 5140 2523 5194 Sed
2549 5138 2908 5193 mihividetur
2944 5137 3293 5207 Evangelium
3315 5136 3361 5169 ’ί
3387 5138 3454 5192 de
3489 5136 3592 5192 hoc
3619 5138 3741 5191 corin

2157 5234 2428 5287 elemento
2461 5230 2572 5301 (67)
2611 5245 2718 5285 non
2783 5231 2936 5299 quasi
2967 5229 3034 5285 de
3065 5230 3245 5301 aliquo
3282 5238 3495 5285 secreto
3531 5228 3623 5282 Dei
3646 5228 3741 5277 du-

3477 5365 3526 5398 “
3553 5363 3739 5417 Μυιιιι·

2892 5437 2935 5470 ⁹¹
2970 5436 3167 5492 Matth.
3204 5453 3256 5502 v,
3294 5437 3348 5489 3.

1698 5555 2029 5619 Francisci
2064 5556 2282 5620 Scorsi
2312 5563 2497 5619 notas.

533 5676 648 5748 (67)
688 5675 765 5731 De
795 5676 891 5731 hoc
932 5676 1046 5731 caeli
1072 5677 1345 5733 elemento.
1370 5675 1579 5733 leum
1612 5687 1774 5731 vocat
1804 5675 2042 5732 elemen-

460 5756 597 5814 tum,
634 5750 775 5816 quod
807 5757 860 5801 et
887 5763 1048 5816 supra
1069 5749 1447 5802 adnotavimus
1473 5749 1621 5803 hom.
1659 5748 1745 5814 l7,
1784 5756 1898 5801 not.
1947 5748 2038 5801 95.

458 5818 631 5872 Porro
689 5832 811 5888 cum
848 5821 997 5871 addit
1027 5819 1285 5888 καθάπερ
1318 5837 1371 5872 τι
1403 5819 1817 5888 κεχωρισμένον
1840 5816 2045 5871 ἐκδιαί-

460 5905 615 5959 τημα
645 5887 739 5940 τοῦ
773 5888 935 5953 Θεοῦ,
980 5889 1082 5945 hoc
1106 5887 1619 5959 Tltcophaues'dicit
1644 5887 1663 5942 :'
1688 5888 1884 5943 coelum
1933 5903 2041 5943 non

2156 5678 2230 5731 ita
2296 5690 2418 5732 esse
2452 5675 2548 5732 Dei
2597 5675 2930 5732 domicilium
2995 5671 3396 5741 accipiendum,
3454 5669 3613 5739 quasi
3671 5672 3745 5723 sit

2157 5748 2359 5816 aliquid
2384 5746 2712 5815 disiunctum
2754 5754 2808 5800 et
2836 5757 3107 5816 secretum
3138 5813 3148 5816 _
3177 5743 3245 5795 ab
3282 5744 3584 5816 universo,_
3614 5756 3740 5794 eum

2159 5810 2481 5874 universum
2534 5818 2653 5886 ipse
2697 5830 2946 5886 peraeque
3024 5813 3265 5886 impleat.
3330 5822 3392 5886 et_
3442 5810 3737 5886 contineat,

2159 5887 2305 5957 quod
2370 5880 2601 5944 fortasse
2662 5880 2995 5951 rudioribus,
3076 5880 3144 5938 ad
3194 5897 3333 5951 quos
3381 5880 3741 5938 instruendos
