4070 6430
432 445 542 509 ’195

1640 438 2141 502 THEOPHANIS
2180 440 2526 501 CERAMEI

3598 442 3711 507 796

435 564 582 617 Pnim
622 558 864 615 charitas
915 565 1097 623 esset,
1131 556 1358 612 distrahi
1387 569 1452 612 ac
1494 555 1719 613 dissolvi
1753 572 1859 612 nou
1891 572 2018 628 pos-

2135 556 2307 621 ττολος
2332 572 2348 588 ο
2380 556 2491 609 οὐδ’
2515 556 2582 610 ἂν
2614 556 2643 610 ό
2678 554 2868 627 Σωτὴρ
2904 554 3220 627 ἐνομοθέτει
3257 556 3498 619 ἀδύνατα
3526 574 3540 589 ·
3581 579 3601 613 ι
3654 561 3720 615 Ei

434 665 522 709 set
555 668 570 706 :
605 669 625 703 ι
655 651 911 705 Charitas
945 651 1088 705 enim
1126 664 1403 718 nunquam
1443 649 1668 715 excidit,
1709 668 1729 702 ι
1770 650 1846 704 ait
1881 651 2029 720 Apo-

442 744 614 799 stolus
643 742 711 807 ",
742 756 917 810 neque
949 755 1078 795 vero
1105 756 1227 810 quze
1255 740 1374 795 ﬁeri
1416 755 1521 795 non
1553 750 1804 810 possunt,
1839 741 2029 797 Domi-

439 852 540 891 nus
566 836 784 904 juberet
813 849 827 886 :
866 852 884 884 ι
916 833 973 887 Si
1021 833 1166 902 quis,
1209 833 1407 901 inquit,
1440 836 1589 887 venit
1618 832 1685 887 ad
1715 847 1801 886 me
1826 843 1881 887 et
1918 849 2026 889 non

436 929 551 982 odit
602 939 812 998 patrem
867 942 1021 981 suum
1096 937 1192 980 aut
1236 936 1464 979 matrem
1496 939 1676 991 suam,
1712 941 1820 980 non
1852 935 2031 997 potest

440 1035 591 1075 meus
645 1034 768 1075 esse
817 1019 1140 1088 discipulus.
1182 1036 1202 1070 ι
1241 1017 1347 1071 Sed
1386 1033 1539 1073 amor
1570 1017 1855 1073 charitatis
1903 1019 2024 1088 qui-

438 1112 562 1165 dem
598 1111 1042 1165 inchoameutum
1079 1119 1161 1165 est
1204 1110 1478 1180 quoddam
1531 1119 1586 1163 et
1639 1111 1796 1180 quasi
1827 1109 2025 1164 funda-

442 1210 683 1255 mentum
706 1218 720 1254 :
741 1203 982 1257 charitas
1030 1217 1160 1257 vero
1180 1203 1439 1272 appellari
1468 1218 1809 1273 nequaquam
1836 1210 2028 1271 potest.

434 1294 618 1360 Quare
669 1296 887 1363 negotio
933 1294 1136 1363 aliquo,
1189 1304 1244 1348 et
1290 1293 2033 1365 cupiditatevehementiore

440 1385 691 1439 trahente
715 1400 958 1440 amorem
997 1386 1135 1441 solvi
1164 1388 1450 1456 contingit.
1494 1386 1598 1441 Sed
1637 1385 1795 1455 juxta
1827 1400 2031 1453 anago-

434 1477 615 1545 gicum
654 1491 899 1541 sensum,
936 1491 1033 1547 per
1068 1476 1238 1532 ﬁlium
1281 1487 1335 1533 et
1366 1478 1533 1532 ﬁliam
1575 1477 1799 1547 intelligi
1854 1477 2027 1547 possit

2124 667 2210 714 τις
2239 649 2459 721 ἔρχεται
2487 649 2629 721 πρός
2659 666 2747 719 με,
2777 650 2974 718 λέγων,
3003 650 3100 705 καὶ
3126 651 3184 705 οὗ
3219 654 3370 722 μισεῖ
3391 651 3481 705 τὸν
3509 654 3721 725 πατέρα

2128 741 2296 796 αὐτοῦ
2330 741 2427 794 καὶ
2457 740 2556 811 τὴν
2592 741 2828 813 μητέρα,
2864 741 2924 795 οὐ
2959 742 3185 797 δύναταί
3222 760 3327 813 μου
3363 738 3504 797 εἶναι
3541 745 3722 815 μαθηυ

2127 834 2247 902 τής.
2297 851 2325 885 ι
2366 832 2570 904 Ἀλλ’ή
2611 833 2763 901 φιλία
2805 835 3031 903 ἀγάπης
3073 834 3174 904 μὲν
3217 837 3364 890 ἐστιν
3407 836 3588 907 ἀρχὴ,
3632 841 3720 892 καὶ

2127 919 2240 978 οἷον
2267 924 2474 994 κρηπίς
2496 941 2510 953 ·
2540 924 2731 993 ἀγάπη
2758 923 2816 977 δὲ
2844 925 2947 977 οὐκ
2974 924 3040 979 ἂν
3065 924 3301 993 λέγοιτο.
3325 925 3491 979 Ὅθεν
3516 927 3572 987 δὲ
3601 926 3722 981 λύε-

2133 1015 2257 1069 σθαι
2287 1014 2492 1085 ταύτην
2523 1016 2812 1085 συμϐαίνει
2867 1016 3192 1087 πράγματός
3220 1035 3393 1085 τινος,
3427 1019 3460 1088 ἢ
3496 1019 3699 1089 σφοδρο

2130 1107 2292 1178 τέρου
2324 1108 2490 1161 πόθου
2526 1108 2874 1176 ὑφέλκοντος.
2908 1108 3068 1162 Κατὰ
3099 1109 3155 1163 δὲ
3181 1109 3271 1165 τὸν
3301 1110 3403 1180 τῆς
3431 1111 3725 1180 ἀναγωγῆς

2131 1201 2289 1269 λόγον
2334 1202 2508 1254 νοοῖτο
2538 1200 2605 1253 ἂν
2635 1200 2750 1263 υἱὸς
2779 1199 2812 1270 ἢ
2846 1200 3093 1272 θυγάτηρ
3146 1202 3217 1256 τά
3267 1204 3332 1256 ὲκ
3360 1199 3454 1255 τοῦ
3504 1202 3724 1272 θυμοειο

2127 1293 2252 1356 δοῦς
2302 1295 2395 1347 καὶ
2419 1294 2513 1347 τοῦ
2542 1294 2945 1364 ἐπιθυμητικοῦ
2978 1295 3183 1366 μέρους
3206 1295 3308 1365 τῆς
3333 1295 3516 1366 ψυχῆς
3537 1296 3724 1350 τικτό-

2134 1403 2275 1456 μενα
2302 1386 2484 1456 φαῦλα
2508 1389 2853 1457 γεννήματα.
2876 1387 3064 1442 Ταῦτα
3089 1387 3223 1457 γοῦν
3244 1389 3345 1455 τῆς
3366 1388 3460 1443 τοῦ
3486 1388 3726 1459 Χριστοῦ

2130 1480 2351 1547 ἀγάπης
2381 1481 2444 1534 οὐ
2478 1481 2586 1552 χρὴ
2620 1483 2918 1552 προτιμᾷν.

438 1584 560 1635 qua:
588 1582 655 1623 ex
693 1571 1107 1639 concupiscibili
1157 1580 1211 1625 et
1240 1570 1497 1626 irascibili
1528 1571 1725 1625 animae
1787 1582 1943 1642 parte
2005 1572 2221 1627 soboles
2290 1573 2427 1627 Inala
2462 1575 2832 1644 progignitur;
2873 1583 2927 1629 et
2996 1574 3108 1630 tunc
3145 1589 3277 1632 sane
3307 1574 3512 1633 Christi
3544 1576 3726 1632 chari-

442 1663 539 1718 tati
569 1663 905 1733 praeferenda
942 1681 1046 1720 non
1077 1674 1180 1722 est.

521 1775 542 1810 ι
575 1757 643 1813 Et
670 1760 762 1828 qui
796 1773 899 1813 non
945 1759 1086 1813 tollit
1118 1775 1341 1815 crucem
1391 1776 1568 1826 suam,
1612 1768 1669 1814 et
1711 1762 1860 1815 venit
1908 1767 2029 1830 post

440 1864 548 1914 ine,
583 1863 688 1903 non
717 1857 803 1904 est
836 1864 922 1904 me
951 1849 1163 1919 dignus.
1204 1868 1223 1901 ι
1255 1849 1394 1915 Quid
1442 1850 1515 1904 sit
1559 1864 1777 1904 crucem
1812 1848 2023 1911 tollere,

2212 1779 2231 1812 ι
2284 1762 2395 1815 Καὶ
2438 1759 2498 1824 ὃς
2542 1760 2603 1813 οὐ
2650 1760 2923 1830 λαμϐάνει
2966 1760 3059 1815 τὸν
3103 1763 3337 1833 σταυρὸν
3382 1766 3589 1833 αὐτοῦ,
3633 1757 3729 1822 «διαὶ

2132 1853 2421 1907 ἀκολουθεῖ
2453 1853 2631 1905 ὀπίσω
2670 1870 2807 1923 μου,
2838 1854 2937 1906 οὐκ
2967 1852 3083 1908 ἐστι
3118 1872 3219 1925 μου
3251 1855 3422 1922 ἄξιος.
3464 1876 3484 1909 ι
3525 1858 3592 1912 Τί
3628 1861 3730 1930 μέν

438 1940 639 2009 quidve
688 1939 964 1994 Christum
1020 1940 1196 2010 sequi,
1233 1941 1361 1996 alibi
1393 1956 1424 1996 a
1455 1940 1619 2012 293
1654 1942 1810 1996 nobis
1853 1939 2024 1996 fusius

2135 1947 2251 1999 ἐστι
2285 1945 2344 1999 τὸ
2384 1944 2569 1998 λαϐεῖν
2603 1944 2694 1997 τὸν
2736 1945 2990 2015 σταυρὸν,
3031 1945 3128 2000 καὶ
3165 1948 3220 1999 τί
3255 1948 3316 2000 τὺ
3360 1948 3731 2020 ἀκολουθῆσαι

438 2032 727 2085 dissertum
764 2042 869 2085 est.
905 2030 1062 2087 Nunc
1095 2047 1226 2087 vero
1267 2041 1477 2087 tantum
1522 2034 1723 2088 dixisse
1771 2033 1843 2087 sit
1892 2033 2030 2087 satis

437 2137 658 2180 crucem
686 2124 948 2193 appellari
993 2125 1354 2180 voluntariam
1391 2127 1573 2182 carnis
1621 2125 2031 2195 appetitionem,

438 2227 496 2271 et
529 2226 763 2271 mortem
825 2216 1029 2271 Christi
1081 2232 1246 2273 causa
1295 2229 1635 2288 susceptam;
1670 2218 1825 2289 sequi
1899 2231 2033 2273 vero

440 2307 623 2378 ipsum
648 2323 773 2364 esse
805 2309 929 2363 vitae
979 2309 1284 2376 rationem,
1316 2326 1478 2380 quam
1523 2311 1639 2380 ipse
1666 2311 1840 2366 factus
1868 2311 2033 2367 homo

440 2398 496 2455 in
523 2408 667 2455 terra
704 2400 901 2469 tenuit,
940 2411 1206 2471 quantum
1240 2400 1322 2457 fas
1350 2412 1437 2457 est
1466 2402 1674 2457 homini
1701 2402 1929 2457 imitari.

518 2705 541 2742 ι
586 2687 951 2756 Respondens
984 2692 1169 2741 autem
1209 2683 1406 2741 Petrus
1456 2683 1597 2740 dixit
1634 2683 1685 2739 ei
1730 2700 1747 2738 :
1783 2681 2032 2750 Domine,

443 2794 577 2836 ecce
610 2794 709 2835 nos
754 2778 1074 2849 reliquimus
1120 2778 1303 2833 omnia
1330 2819 1346 2843 ,
1394 2786 1446 2831 et
1496 2777 1670 2833 secuti
1710 2789 1897 2831 sumus
1931 2781 1982 2828 te
2015 2790 2033 2830 :

440 2874 574 2945 quid
606 2887 740 2944 ergo
784 2871 891 2927 erit
923 2870 1125 2926 nobis?
1162 2888 1181 2923 ι
1236 2868 1338 2925 Hic
1383 2868 1550 2937 aliqui
1602 2868 1748 2921 inani
1796 2866 2032 2936 quodam

449 2967 655 3035 impetu
737 2963 960 3016 ductum
1030 2968 1321 3015 autumant
1399 2956 1793 3027 discipulorum
1871 2971 2035 3027 cory-

441 3058 659 3129 phaenm
690 3054 842 3126 (75),
879 3062 937 3110 ut
968 3054 1069 3108 hoc
1115 3054 1365 3117 diceret,
1420 3050 1805 3107 scurrilitatem
1855 3049 2036 3119 potius

449 3148 768 3219 quamdam,
799 3161 962 3214 quam
1000 3145 1288 3201 veritatem
1337 3152 1635 3199 sectantes.
1691 3142 1857 3197 Aiunt
1888 3141 2033 3195 enim

447 3254 587 3294 vana
637 3237 1005 3292 ostentatione
1047 3235 1288 3304 iactasse
1347 3236 1568 3291 Petrum
1635 3235 1923 3304 reliquisse
1974 3249 2035 3289 se

2134 2037 2378 2111 Χριστῷ,
2408 2040 2465 2090 ὲν
2498 2038 2678 2100 ἄλλοις
2708 2038 2842 2107 ἡμῖν
2874 2035 3211 2109 πλατύτερον
3241 2039 3460 2111 εἴρηται
3500 2056 3516 2071 '
3545 2044 3642 2096 νῦν
3673 2044 3730 2096 δὲ

2133 2127 2388 2183 τοσοῦτον
2419 2128 2569 2181 ἔστιν
2595 2129 2793 2189 εἰπεῖν,
2818 2127 2893 2191 ὡς
2925 2130 3159 2199 σταυρὸν
3190 2131 3289 2200 μὲν
3314 2130 3465 2198 λέγει
3493 2133 3604 2188 τῶν
3629 2137 3731 2205 τῆς

2137 2219 2341 2289 σαρκὸς
2381 2217 2707 2288 θελημὰτων
2739 2218 2841 2290 τὴν
2878 2220 3129 2274 ἑκούσιον
3166 2221 3472 2293 νέκρωσιν,
3505 2228 3597 2278 καὶ
3630 2226 3727 2279 τὸν

2134 2314 2275 2384 ὑπὲρ
2305 2313 2473 2367 αὐτοῦ
2502 2313 2731 2367 θάνατον
2753 2330 2767 2344 °
2796 2315 2857 2366 τὸ
2881 2312 2937 2366 δὲ
2966 2314 3333 2387 ἀκολουθῆσαι
3365 2317 3513 2389 αὐτῷ
3537 2319 3599 2372 τὸ
3625 2319 3728 2392 τὴν

2135 2408 2346 2462 ἐκείνου
2391 2407 2690 2473 πολιτείαν,
2736 2408 2814 2470 ὡς
2858 2407 3089 2461 δυνατὸν
3130 2409 3431 2482 ἀνθρώπῳ,
3480 2412 3735 2483 μιμήσα-

2136 2502 2284 2566 σθαι,
2325 2499 2387 2565 ὃς
2431 2500 2823 2555 ἐπολιτεύσατο
2866 2502 2962 2556 ἐπὶ
3004 2502 3103 2573 τῆς
3148 2504 3252 2574 γῆς
3298 2504 3591 2573 γενόμενος
3636 2504 3730 2559 ἄν·

2135 2593 2166 2648 θ
2173 2611 2384 2666 ρωπος.

2213 2706 2233 2740 ‹
2274 2686 2627 2757 Ἀποκριθεὶς
2653 2686 2753 2741 δὲὸ
2780 2686 2991 2759 Πέτρος
3015 2702 3169 2740 ειπεν
3198 2687 3373 2759 αὐτῷ’
3398 2687 3597 2758 Κύριε,
3617 2688 3731 2742 ἰδοὺ

2135 2782 2298 2852 ἡμεῖς
2321 2780 2616 2851 ἀφήκαμεν
2648 2779 2851 2842 πάντα,
2881 2780 2977 2832 καὶ
3006 2779 3461 2851 ἠκολουθήσαμέν
3522 2799 3626 2843 σοι,
3667 2781 3728 2834 τί

2135 2873 2245 2943 ἄρα
2277 2871 2432 2924 ἔσται
2459 2872 2590 2941 ἡμῖν
2615 2887 2630 2937 ;
2675 2889 2694 2922 ι
2715 2870 2984 2925 Ἐνταῦθά
3013 2888 3160 2936 τινες
3194 2870 3398 2940 πολλὴν
3427 2871 3527 2942 τὴν
3558 2889 3735 2925 καται

2137 2963 2313 3033 φορὰν
2345 2962 2439 3016 τοῦ
2469 2960 3136 3033 κορυφαίουὲποιήσαντο,
3161 2961 3499 3034 εὐτραπελίᾳ
3560 2963 3735 3016 πλέον

2135 3053 2434 3126 ἥάληθείᾳ
2466 3055 2878 3123 στοιχήσαντες.
2936 3055 3078 3107 Φασὶ
3136 3053 3265 3124 γὰρ,
3332 3053 3408 3118 ὡς
3470 3054 3648 3124 μάτην
3705 3054 3736 3107 ό

2140 3147 2347 3215 Πέτρος
2374 3145 2736 3215 κομπολογεῖ,
2767 3144 2844 3209 ὡς
2883 3146 3045 3216 ἀφεὶς
3074 3145 3276 3211 πάντα,
3344 3145 3439 3199 καὶ
3497 3145 3735 3199 ἀκολου-

2138 3236 2308 3306 θήσας
2327 3234 2569 3307 Χριστῷ.
2598 3237 2664 3290 Τί
2696 3237 2805 3308 γὰρ
2853 3238 2948 3290 καὶ
3015 3236 3313 3306 κατέλειψε
3370 3236 3543 3308 πένης
3601 3253 3735 3306 τυγο

443 3333 627 3389 omnia
648 3371 663 3397 ,
693 3340 747 3386 et
772 3340 1020 3386 secutum
1052 3346 1174 3388 esse
1204 3331 1480 3386 Christum
1509 3346 1525 3396 ;
1558 3330 1685 3400 quid
1721 3330 1868 3386 enim
1899 3329 2027 3385 reli-

2138 3328 2337 3399 χάνων,
2367 3329 2463 3383 καὶ⁵
2498 3328 2687 3392 ἁλιεύς
2716 3346 2731 3394 ;
2768 3328 2965 3392 ἁλιέως
3004 3327 3062 3381 δὲ
3091 3328 3177 3393 τίς
3214 3327 3283 3382 ἂν
3313 3330 3400 3399 εἴη
3463 3331 3732 3384 πενέστε-

451 3426 606 3494 quit,
639 3424 731 3494 qui
785 3439 993 3494 panper
1039 3434 1093 3479 et
1148 3424 1389 3494 piscator
1435 3424 1590 3479 erat?
1621 3422 1754 3490 Quis
1794 3438 1920 3478 vero
1951 3423 2035 3493 pi-

446 3530 665 3576 scatore
690 3518 1023 3588 pauperior?
1056 3518 1156 3573 nisi
1198 3518 1323 3588 quis
1355 3518 1493 3573 forte
1538 3518 1717 3573 lacera
1772 3518 2034 3573 obtendat

448 3615 588 3668 retia
615 3653 632 3678 ,
666 3630 787 3680 quae
839 3609 1177 3669 resarciebat
1211 3609 1258 3665 is
1281 3651 1296 3676 ,
1329 3610 1423 3680 qui
1469 3610 1612 3664 unde
1658 3617 1876 3679 pararet
1924 3608 2029 3663 alia

2145 3438 2237 3491 ρος
2268 3438 2283 3487 ;
2314 3421 2363 3473 εἱ
2399 3421 2581 3492 μήτις
2630 3421 2766 3492 φαίη
2817 3421 2887 3475 τά
2936 3421 3278 3492 διερρωγότα
3343 3421 3453 3475 τῶν
3498 3420 3736 3478 δικτύων

2140 3515 2399 3585 τεμάχια,
2451 3513 2488 3568 ἃ
2531 3513 2595 3584 δὴ
2645 3514 3043 3584 συνέῤῥαπτεν,
3104 3514 3182 3577 ὡς
3243 3514 3317 3585 μὴ
3354 3514 3493 3591 έχων
3565 3516 3736 3570 πόθεν

2143 3607 2433 3676 πορίσαιτο
2490 3605 2677 3676 ἕτερα.
2728 3605 2916 3658 Ταῦτα
2987 3601 3142 3659 εἶπόν
3193 3623 3337 3668 τινες
3384 3606 3617 3676 τάληθὲς
3671 3609 3735 3661 οὐ

443 3720 554 3759 non
582 3704 814 3760 habebat
844 3722 859 3772 ;
889 3704 1006 3758 haec
1028 3702 1195 3772 aliqui
1224 3702 1479 3756 dixerunt
1502 3701 1786 3755 veritatem
1820 3700 2030 3754 minimc

2141 3699 2636 3769 περισκεψάμενοι.
2695 3699 2893 3769 Ἐχρῆν
2925 3700 3030 3770 γὰρ
3055 3699 3310 3766 συνιδεῖν,
3343 3700 3420 3765 ὡς
3473 3699 3613 3755 αὐτὰ
3662 3703 3736 3756 τὰ

448 3797 826 3852 attendentes.
847 3795 1150 3865 Oportebat
1200 3793 1348 3850 enim
1374 3792 1725 3848 considerare
1756 3792 1808 3846 in
1836 3792 2040 3848 retibus

446 3893 604 3963 ipsis,
627 3901 680 3947 et
711 3890 856 3959 navi,
877 3905 997 3958 quae
1026 3886 1569 3957 reliquit,omnesjilli
1592 3886 1796 3955 positas
1825 3887 2039 3940 tuendae

446 3989 572 4038 vitae
616 3984 880 4038 rationes.
916 3981 981 4036 Et
1011 3993 1143 4036 sane
1175 3979 1384 4050 exigua:
1416 3993 1569 4048 opes,
1594 3992 1744 4047 aeque
1769 3993 1832 4031 ac
1854 3977 2037 4031 mutue

443 4076 611 4130 animi
682 4074 936 4130 aﬂ‘ectum
1000 4073 1054 4127 in
1115 4071 1450 4142 pauperibus
1501 4068 1759 4123 retinent.
1816 4068 1923 4120 Sed
1985 4073 2040 4122 et

443 4165 833 4235 discipulorum
896 4163 988 4219 alii
1044 4160 1307 4231 pecunias
1349 4158 1512 4214 etiam
1547 4166 2036 4228 contempserunt:

444 4255 728 4311 Malthaaus
758 4256 902 4310 enim
951 4253 1114 4321 simul
1146 4267 1211 4307 ac
1260 4251 1537 4306 Christum
1567 4250 1718 4319 sequi
1777 4249 2038 4314 decrevit,

455 4364 520 4402 cx
565 4349 772 4404 telonio
802 4363 1034 4418 surgens
1072 4363 1177 4401 non
1210 4346 1364 4399 lucra
1396 4345 1557 4399 modo
1586 4343 1825 4412 reliquit,
1860 4344 1954 4396 sed
1985 4350 2041 4397 ct

449 4436 696 4504 pericula
734 4436 995 4506 neglexit.
1021 4434 1162 4507 (76),
1203 4449 1326 4505 quae
1359 4449 1388 4488 a
1431 4434 1771 4502 publicorum
1805 4432 2040 4503 vectiga-

513 4570 561 4605 “
588 4571 607 4625 Ι
637 4568 767 4627 Cor.
802 4585 903 4637 xu,
936 4570 992 4628 8.

2138 3793 2333 3846 δίκτυα
2386 3792 2482 3845 καὶ
2513 3792 2575 3846 τὸ
2593 3791 2800 3856 πλοῖον,
2823 3791 2859 3845 ἃ
2888 3792 2953 3860 δὴ
2980 3792 3271 3857 κατέλιπε,
3308 3793 3462 3846 πᾶσα
3489 3787 3559 3864 ἦν
3580 3792 3735 3864 αὐτῷ

2137 3884 2233 3938 τοῦ
2267 3883 2385 3954 βίου
2415 3884 2640 3954 ἀφορμή
2663 3899 2677 3912 ⁸
2708 3883 2805 3936 καὶ
2834 3883 2901 3936 τά
2925 3883 3083 3952 ὀλίγα
3115 3882 3249 3952 γοῦν
3267 3883 3377 3937 τῶν
3422 3883 3734 3955 χρημάτων

2137 3974 2237 4043 τὴν
2268 3974 2390 4045 ἴσην
2422 3977 2533 4036 τοῖς
2557 3974 2778 4037 πολλοῖς
2805 3975 3189 4045 προσπάθειαν
3234 3978 3292 4029 ὲν
3324 3977 3441 4039 τοῖς
3496 3975 3736 4047 πένησιν

2140 4063 2377 4135 ἔχουσιν.
2438 4065 2622 4118 Ἀλλοι
2676 4066 2735 4119 δὲ
2784 4066 2894 4121 τῶν
2954 4067 3215 4136 μαθητῶν
3282 4067 3380 4122 καὶ
3430 4068 3736 4138 χρημάτων

2140 4156 2449 4224 ὑπερόπται
2475 4157 2758 4225 γεγόνασι.
2790 4158 3073 4223 Ματθαῖος
3105 4158 3214 4229 γὰρ
3243 4158 3363 4229 ἃμα
3387 4158 3466 4229 τῷ
3497 4159 3733 4213 ἀκολου-

2139 4247 2303 4317 θῆσαι
2329 4248 2423 4301 τοῦ
2453 4248 2712 4302 τελωνίου
2776 4249 3080 4315 ἐξαναστὰς
3116 4251 3177 4303 οὐ
3216 4251 3285 4305 τὰ
3337 4250 3508 4321 κέρδη
3570 4251 3738 4321 μόνον

2139 4341 2459 4399 κατέλιπεν,
2497 4342 2760 4396 ἀλλὰκαὶ
2816 4343 2923 4397 τῶν
2990 4343 3256 4397 κινδύνων
3319 4344 3628 4415 ὑπερεῖδεν,
3680 4342 3736 4396 οἳ

2138 4433 2530 4487 ἐπακολουθεῖν
2552 4435 2705 4507 αὐτῷ
2735 4435 2962 4506 ἔμελλον
3010 4436 3162 4505 παρὰ
3199 4436 3309 4491 τῶν
3369 4436 3737 4491 εἰσπραττόν-

1705 4659 2030 4723 Francisci
2061 4656 2273 4721 Scorsi
2312 4663 2499 4719 nota).

444 4802 646 4856 ratum,
684 4805 809 4846 cum
837 4791 950 4845 ait:
1011 4791 1071 4846 Si
1100 4793 1219 4862 quis
1268 4792 1405 4847 venit
1437 4792 1510 4846 ad
1540 4807 1642 4857 me,
1667 4799 1723 4845 et
1760 4806 1865 4844 nou
1909 4789 2037 4842 odit.
2058 4792 2102 4847 ο
2132 4784 2403 4862 diﬁicilius
2432 4786 2507 4862 id,
2555 4793 2719 4853 atque
2748 4782 2896 4862 haud
2932 4797 3073 4862 scio,
3106 4797 3174 4837 an
3203 4785 3636 4853 consequentius
3671 4786 3729 4862 i_n

442 4873 646 4930 patrem
696 4878 871 4925 suum,
915 4871 1008 4914 aut
1052 4872 1275 4916 matrem
1317 4879 1493 4921 suum,
1528 4879 1633 4914 non
1681 4871 1847 4928 potest
1876 4876 2022 4913 meus

443 4950 555 4986 esse
576 5001 581 5002 ί
604 4931 895 5002 discipulus
927 4931 1081 5001 (Luc.
1115 4948 1227 4994 xw,
1257 4932 1371 4994 26).
1428 4931 1611 5002 Neque
1641 4933 1803 4987 enim.
1831 4931 2029 4995 inquit,

443 5001 583 5072 quod
625 5001 740 5069 ﬁeri
781 5018 885 5055 non
920 5012 1089 5072 potest
1151 5003 1279 5067 (non
1332 5001 1725 5070 potestautcm
1782 5016 1874 5072 ex
1915 5015 2015 5072 usu

446 5069 723 5129 communi
777 5069 1054 5141 loquendi,
1108 5073 1249 5128 idem
1306 5069 1413 5132 est.
1473 5079 1637 5140 atque
1688 5087 1794 5124 non
1847 5069 2031 5138 debet)

444 5143 750 5210 preciperet
806 5143 1080 5196 Dominus.
1119 5143 1342 5197 Domum
1386 5142 1634 5211 adiungit
1662 5141 1848 5209 φιλίαν
1882 5155 2035 5211 amo-

448 5229 560 5266 rem
606 5209 728 5267 esse
764 5212 1209 5267 inclmamentum
1268 5209 1654 5280 quoddam,‘et
1696 5213 1851 5279 quasi
1903 5209 2023 5264 fun-

445 5284 758 5336 damentum
823 5284 1108 5337 charitatis
1162 5285 1263 5352 τῆς
1293 5285 1542 5352 ἀγάπης,
1592 5283 1872 5352 nimirum,
1902 5280 2027 5348 quia

445 5366 602 5405 amor
649 5352 736 5406 ille
793 5353 1056 5407 naturalis
1111 5363 1167 5407 et
1221 5350 1584 5421 imperfectus
1635 5350 1823 5420 perﬁci
1854 5358 2033 5419 potest

442 5432 498 5475 et
553 5421 714 5492 dirigi
772 5439 800 5476 a
854 5424 1086 5483 ratione,
1142 5432 1201 5476 ut
1234 5424 1478 5478 charitas
1545 5423 1641 5475 ﬁat
1689 5431 1743 5492 et
1789 5422 2028 5492 dicatur.

445 5493 623 5561 Atque
658 5491 921 5546 hactenus
971 5494 1103 5546 mihi
1166 5495 1356 5547 videor
1403 5510 1475 5549 ex
1519 5493 1619 5545 hac
1677 5491 2031 5545 distinctione

446 5560 649 5615 ameris
684 5562 945 5616 naturalis
976 5573 1030 5616 et
1063 5564 1283 5616 humani
1313 5564 1453 5617 inter
1503 5562 1691 5629 φιλίαν
1718 5572 1768 5616 et
1799 5560 2030 5628 ἀγάπην

444 5642 833 5701 congruenter,
875 5640 930 5685 ct
986 5644 1352 5688 consentanee
1398 5633 1742 5701 explicuisse
1797 5646 2019 5684 omnem

448 5703 591 5755 hunc
624 5711 855 5757 tractum
923 5701 1183 5773 homiliaz,
1211 5713 1266 5759 et
1335 5704 1578 5773 singulas
1628 5701 2025 5773 propositiones

447 5785 588 5837 quas
616 5773 784 5827 habet
810 5773 955 5825 circa
976 5771 1180 5842 ,φιλίαν
1210 5771 1467 5839 amorem,
1500 5782 1555 5827 et
1582 5771 1809 5841 ἀγάπην
1840 5771 2022 5823 citari-

450 5851 609 5893 tatem
632 5856 799 5914 ;__nam
824 5842 868 5895 si
893 5841 1019 5909 quis
1049 5843 1179 5897 velit
1206 5859 1269 5914 ea
1301 5844 1575 5914 explicare
1609 5843 1676 5896 de
1702 5842 1819 5911 ipso
1843 5854 2029 5914 amore

453 5911 712 5981 naturali,
747 5921 1065 5982 comparato
1091 5914 1162 5971 ad
1182 5910 1507 5972 charitatem
1528 5910 2026 5975 supernaltll‘alem.

2134 4856 2393 4910 oumibus
2441 4855 2623 4908 facere
2666 4856 2884 4921 possit:
2920 4854 3141 4908 remitto
3169 4862 3352 4909 tamen
3407 4870 3566 4908 suum
3606 4855 3730 4906 cui-

2130 4927 2526 4997 quejutlicimn
2554 4934 2608 4977 et
2633 4925 3072 4997 explicationem,
3115 4925 3159 4980 si
3193 4924 3319 4995 quis
3376 4927 3551 4995 magis
3616 4926 3734 4978 ido—

2136 4995 2292 5050 ticam
2319 5006 2662 5049 commentus
2695 4995 2880 5049 fuerit.

2205 5067 2318 5134 (75)
2363 5065 2763 5130 Discipulorum
2825 5064 3190 5135 coryphaeum.
3256 5061 3507 5133 Adjnngc
3579 5065 3730 5118 hunc

2136 5137 2318 5191 locum
2378 5137 2446 5190 iis
2519 5151 2640 5203 quae
2697 5135 2935 5189 diximus
2997 5135 3258 5203 adversus
3321 5135 3607 5187 llzrreticus
3676 5148 3736 5189 et

2141 5204 2782 5331 gil-hismatégosGra‘cos
2815 5206 2881 5260 de
2921 5205 3157 5276 primatu
3193 5202 3250 5258 S.
3279 5204 3431 5259 Petri
3473 5205 3541 5258 ad
3574 5204 3731 5259 hom.

2203 5319 2219 5331 .
2254 5287 2367 5330 not.
2477 5315 2491 5329 .

2128 5279 2219 5341 57,
2254 5287 2367 5330 not.
2400 5278 2491 5331 68.

2201 5347 2313 5419 (76)
2350 5346 2454 5401 Sed
2486 5355 2536 5400 ct
2592 5346 2832 5419 pericula
2863 5343 3135 5419 neglexit.
3181 5344 3348 5419 _I_dem
3408 5343 3735 5419 observavit

2126 5415 2414 5486 Chrysost.
2455 5420 2603 5470 hom.
2640 5418 2690 5468 in
2719 5417 2821 5469 hoc
2861 5416 3116 5486 Evang.:
3171 5416 3487 5476 Matt/imus,
3526 5416 3729 5482 inquit,

2127 5491 2194 5540 ab
2227 5485 2338 5556 ipso
2385 5487 2576 5541 telonio
2624 5487 2878 5549 surrexit,
2933 5494 2983 5537 et
3022 5485 3310 5556 Clu-istum
3361 5497 3570 5539 secutus
3626 5497 3730 5547 est,

2129 5554 2433 5612 nou'solum
2477 5557 2641 5609 lucris
2684 5556 2898 5617 relictis,
2940 5554 3029 5608 sed
3067 5557 3226 5608 etiam
3283 5558 3599 5622 contemptis
3628 5572 3733 5624 φθ-

2130 5629 2339 5693 riculis,
2372 5643 2489 5696 qua:
2523 5628 2619 5680 eia
2660 5626 2981 5695 magistratu
3020 5625 3383 5696 inminebant,
3432 5629 3573 5695 quod
3627 5627 3734 5696 ign-

2131 5693 2610 5768 perfectasitelouii
2655 5693 2888 5750 rationes
2922 5696 3259 5768 reliquisset.
3321 5693 3470 5748 Idem
3511 5705 3566 5748 et
3626 5693 3728 5747 Xi-

2131 5767 2371 5836 philinus
2398 5767 2548 5821 Patr.
2584 5768 2873 5836 Constant.
2919 5767 2977 5818 in
3010 5768 3161 5821 hom.
3218 5779 3340 5834 qua:
3375 5774 3556 5819 exstat
3586 5774 3725 5819 tom.

2131 5834 2175 5893 ll
2210 5839 2276 5895 de
2309 5855 2485 5903 cruce,
2524 5838 2662 5907 apud
2693 5834 3037 5892 Grctserum.
