4070 6408
318 428 425 493 797

1715 434 2046 495 HOMILIA
2083 438 2242 501 XLI.

3484 444 3594 508 ’198

313 549 519 604 τωντά
547 549 804 620 δημόσια.
870 549 1082 614 ¹Ἄλλως
1135 566 1196 604 τε
1241 551 1304 605 οὐ
1372 552 1678 624 χρημάτων
1746 554 1891 622 μόνω

2014 553 2146 610 lium
2182 559 2528 614 exactoribus
2559 559 2633 614 illi
2686 561 3061 618 imminebant.
3111 563 3379 617 Prmterea
3425 564 3589 616 etiam

315 644 552 712 ἀφέντες
588 646 636 696 οἱ
666 644 933 714 μαθηταὶ,
971 647 1110 699 ἀλλὰ
1143 648 1240 700 καὶ
1270 648 1474 719 σαρκὸς
1537 651 1754 720 ήδονάς,
1813 655 1908 706 καὶ

316 737 645 802 συγγενείας
676 737 1019 805 σωματικὰς,
1051 740 1146 792 καὶ
1172 741 1427 808 συνήθεις
1485 743 1780 813 ἑταιρείας,
1815 744 1908 796 καὶ

317 828 435 896 βίου
461 826 581 893 ἔθη,
611 827 707 879 καὶ
738 828 838 880 ὅσα
866 831 1160 898 μαχόμενά
1185 833 1302 884 ἐστι
1330 833 1468 902 πρὸς
1521 834 1619 904 τὴν
1661 834 1756 887 τοῦ
1801 836 1907 888 Εὑ-

315 919 580 985 αγγελίου
616 919 930 988 ἀκρίϐειαν.
965 919 1126 974 Οὕτω
1156 922 1290 988 γοῦν
1333 924 1590 987 Ἰάκωϐος
1629 928 1729 980 καὶ
1794 928 1908 980 Ἰω-

314 1010 482 1077 άννης
509 1010 873 1075 ἀκούσαντες,
908 1032 926 1063 ι
952 1010 1328 1068 Ἀκολουθεῖτέ
1357 1035 1470 1085 μοι,
1499 1037 1518 1068 ι
1542 1019 1602 1071 οὐ
1627 1020 1685 1071 τὸ
1718 1019 1904 1071 πλοῖον

319 1103 505 1170 μόνον,
541 1103 634 1156 καὶ
659 1103 695 1157 ἃ.
733 1107 1066 1175 κατήρτιζον
1097 1108 1311 1172 δίκτυα,
1353 1110 1492 1163 ἀλλά
1545 1113 1641 1165 καὶ
1673 1113 1765 1165 τὸν
1797 1130 1902 1166 πα·

311 1194 451 1263 τέρα
478 1195 766 1250 Ζεϐεδαῖον
807 1198 1262 1254 καταλελοίπασι.
1284 1203 1498 1265 Παῦλος
1525 1203 1584 1255 δὲ
1617 1208 1754 1274 πρὸς
1790 1207 1902 1268 τοῖς

312 1286 498 1350 ἄλλοις
538 1290 673 1341 πᾶσι
709 1290 804 1341 καὶ
830 1291 971 1344 αὐτὰ
1000 1291 1069 1344 τὰ
1097 1294 1191 1345 τοῦ
1215 1295 1383 1364 νόμου
1433 1297 1900 1366 παραγγέλματα,

311 1377 394 1440 οἷς
450 1380 690 1452 ἀρχῆθεν
754 1383 1048 1454 συνέζησε,
1079 1386 1170 1440 διὰ
1221 1388 1460 1459 Χριστὸν
1491 1391 1739 1461 ἡγήσατο
1767 1391 1901 1446 σκύ·

311 1471 473 1528 ίαλα.

390 1660 408 1692 ι
458 1640 520 1697 Ὀ
548 1643 604 1696 δὲ
649 1647 858 1717 Ἰησοῦς
884 1645 1040 1704 εἷπεν
1075 1653 1258 1716 αὐτοῖς
1284 1673 1295 1684 ·
1375 1657 1568 1726 Ὑμεῖς
1594 1659 1641 1709 οῖ
1671 1659 1899 1713 ἀκολου·

312 1733 583 1801 θήσαντές
613 1755 705 1807 μοι
741 1741 800 1793 ἐν
831 1745 897 1812 τῇ
961 1744 1380 1818 παλιγγενεσία,
1443 1749 1571 1802 ὅταν
1633 1750 1834 1822 καθίσῃ
1873 1754 1900 1804 ὁ

312 1824 440 1887 Υἱὸς
469 1825 564 1879 τοῦ
597 1828 888 1900 ἀνθρώπου
916 1835 1008 1886 ἐπὶ
1049 1834 1241 1903 θρόνου
1297 1838 1455 1909 δόξης
1503 1841 1692 1905 αὐτοῦ,
1745 1841 1898 1893 καθί-

2011 659 2116 697 ιιοη
2150 647 2408 714 pecunias
2424 651 2585 701 modo
2614 649 2866 719 discipuli
2895 651 3271 719 repudiarunt,
3302 651 3406 704 sed-
3427 651 3592 704 etiam

2009 738 2191 792 carnis
2223 737 2525 806 voluptates
2556 751 2608 794 et
2639 744 3014 810 cognationes,
3041 755 3096 797 et
3128 744 3426 797 amicorum
3458 759 3592 796 con-

2009 830 2349 894 suetudiues,
2381 840 2432 885 et
2468 833 2592 886 vita:
2620 849 2730 888 sum
2767 850 2965 900 mores,
2997 845 3050 888 et
3073 842 3340 904 quotquot
3365 850 3591 888 summa:

2009 923 2331 988 perfectioui
2401 926 2727 993 evangelica:
2792 928 3182 996 repugnabant.
3241 927 3332 981 Sic
3391 927 3590 995 quippe

2007 1011 2241 1070 Jacobus
2299 1026 2353 1070 et
2389 1015 2646 1083 Joannes,
2701 1019 2788 1071 ubi
2837 1021 3125 1073 audierunt
3177 1037 3359 1076 vocem
3417 1020 3588 1085 illam,

2017 1123 2036 1155 ι
2085 1103 2389 1173 Sequimini
2427 1123 2512 1161 me
2541 1109 2608 1176 ’°,
2645 1128 2663 1159 ι
2701 1125 2808 1162 non
2839 1110 3016 1162 navim
3064 1113 3244 1175 modo,
3278 1121 3331 1165 et
3355 1127 3473 1182 quae
3506 1128 3592 1166 re-

2018 1199 2274 1253 ﬁciebant
2329 1201 2512 1264 retia,
2574 1202 2667 1254 sed
2703 1211 2756 1254 et
2799 1211 3006 1269 patrem
3061 1199 3382 1255 Zebedaeum
3433 1203 3590 1256 dese-

2007 1299 2255 1346 ruerunt.
2293 1290 2493 1345 Paulus
2526 1307 2649 1346 vero
2675 1301 2872 1360 przeter
2903 1291 3001 1343 alia
3027 1293 3232 1357 Omnia,
3254 1292 3397 1361 ipsas
3425 1295 3588 1346 etiam

2016 1380 2148 1448 legis
2182 1383 2616 1448 observationes,
2649 1383 2846 1451 quibus
2885 1397 2914 1436 a
2962 1382 3250 1450 principio,
3287 1398 3349 1434 ac
3387 1398 3480 1451 per
3509 1395 3591 1436 to-

2009 1481 2116 1523 tam
2155 1472 2410 1541 deinceps
2443 1481 2763 1526 assueverat
2816 1471 2983 1525 vitam
3011 1509 3027 1534 ,
3060 1483 3283 1541 propter
3311 1471 3587 1527 Christum

2006 1563 2303 1617 arbitratus
2341 1574 2426 1618 est
2472 1574 2712 1618 stercora
2747 1564 2813 1617 ⁸⁷.

2080 1672 2098 1705 ι
2123 1653 2284 1708 Jesus
2321 1666 2500 1709 autem
2543 1656 2677 1710 dixit
2717 1655 2821 1710 illis
2854 1656 2986 1712 :Vos
3021 1656 3109 1724 qui
3139 1655 3313 1710 secuti
3347 1654 3476 1708 estis
3503 1668 3593 1708 me

2003 1743 2055 1796 in
2079 1746 2507 1812 regeneratiOne,
2541 1762 2664 1799 cum
2697 1747 2897 1801 sederit
2918 1745 3338 1800 Filiushominis
3371 1745 3422 1799 in
3455 1745 3588 1799 sede

2005 1835 2310 1902 majestatis
2352 1851 2485 1904 suae,
2537 1838 2794 1892 sedebitis
2846 1847 2900 1892 et
2952 1853 3050 1893 vos
3077 1852 3242 1906 super
3269 1841 3427 1892 sedes
3452 1839 3586 1890 duo-

311 1915 472 1968 σεσθε
509 1919 603 1970 καὶ
638 1920 801 1988 ὑμεῖς
821 1922 915 1973 ἐπὶ
935 1923 1147 1978 δώδεκα
1175 1927 1398 1996 θρόνους
1459 1931 1738 2000 κρίνοντες
1795 1934 1891 1996 τὰς

2001 1930 2171 1984 decim
2199 1929 2506 1998 judicantes
2528 1931 2809 1986 duodecim
2837 1931 3008 1985 tribus
3037 1929 3222 1985 Israel.
3257 1949 3276 1981 ι
3313 1931 3580 1996 Quoniam

306 2004 521 2060 δώδεκα
555 2008 725 2075 φυλὰς
747 2011 840 2064 τοῦ
891 2015 1133 2086 Ἰσραήλ.
1173 2036 1190 2068 ι
1277 2019 1494 2090 Ἐπειδὴ
1555 2025 1706 2092 κοινῇ
1761 2024 1895 2076 πᾶσι

305 2100 421 2160 τοῖς
452 2100 722 2174 μαθηταῖς
755 2105 1050 2174 διελέγετο,
1077 2110 1246 2179 συνῆν
1277 2112 1334 2164 δὲ
1366 2113 1580 2177 τούτοις
1603 2117 1697 2168 καὶ
1720 2117 1893 2169 bide--

305 2190 606 2256 πτίστατος
639 2199 910 2270 μαθητὴς,
948 2202 1037 2254 διὰ
1065 2203 1226 2257 τοῦτο
1250 2206 1348 2258 οὐκ
1373 2203 1526 2260 εἶπεν
1561 2227 1579 2260 ι
1642 2211 1704 2262 υἱ
1764 2211 1894 2263 ἀκο-

304 2283 626 2351 λουθοῦντες
660 2308 773 2360 μοι,
811 2311 830 2343 ι
858 2293 976 2348 ἀλλ’
1012 2299 1077 2349 Ol
1100 2298 1641 2368 ἀκολουθήσαντές
1661 2321 1784 2372 μοι,
1843 2307 1892 2357 ot

303 2375 368 2466 τὸ
389 2378 707 2435 ἀκολουθεῖν
758 2386 922 2457 μέχρι
948 2387 1139 2451 τέλους
1172 2394 1532 2463 τηρήσαντες.
1567 2396 1722 2466 Ιᾘδει
1757 2397 1889 2466 γὰρ,

305 2465 446 2536 ᾔδει,
479 2469 554 2533 ὡς
587 2473 616 2524 ὁ
660 2472 865 2538 Ἰούδας
894 2479 1091 2548 μικρὸν
1115 2480 1240 2535 ὅσον
1266 2483 1427 2550 ἀφεὶς
1457 2484 1515 2536 τὸ
1574 2485 1891 2540 ἀκολουθεῖν

303 2558 406 2631 τὴν
440 2563 693 2618 ἐναντίαν
721 2571 1084 2638 τραπήσεται,
1116 2576 1210 2628 καὶ
1241 2575 1310 2628 δι’
1351 2570 1424 2630 ὧν
1456 2579 1708 2648 φανερῶς
1735 2586 1892 2651 ποιή-

304 2671 391 2707 σει
427 2663 664 2727 σημανεῖ
687 2664 788 2732 τῆς
813 2663 991 2736 ψυχῆς
1038 2672 1138 2738 τὴν
1195 2670 1570 2742 ἐναντιότητα.
1638 2672 1726 2736 Ὡς
1780 2676 1889 2744 γὰρ

304 2745 535 2816 φιλῆσαι
563 2750 801 2821 ἠθέλησε
836 2756 932 2808 τοῦ
980 2758 1304 2814 διδασκάλου
1358 2762 1418 2814 τὸ
1462 2765 1774 2834 πρόσωπον,
1830 2767 1890 2818 τὸ

303 2839 623 2896 ἀκολουθεῖν
663 2846 1002 2920 ἀπηνήνατο.
1043 2851 1102 2904 '0
1131 2853 1240 2923 γὰρ
1274 2853 1334 2906 τὺ
1394 2859 1688 2925 πρόσωπον
1719 2858 1890 2925 φιλῶν

300 2932 406 2985 οὐκ
436 2935 743 3003 ἀκολουθεῖ,
779 2941 895 2994 ἀλλ’
926 2945 1349 3014 ἀντιπρόσωπον
1380 2948 1620 3004 ἵσταται.
1667 2952 1730 3004 Ὃ
1757 2951 1890 3020 γοῦν

302 3026 932 3103 πεποίηκενιαίσθητῶς,
963 3036 1122 3090 τοῦτο
1188 3039 1426 3092 πέπονθε
1484 3043 1714 3112 νοητῶς,
1767 3045 1890 3097 ἀντὶ

299 3118 402 3172 τοῦ
437 3122 754 3179 ἀκολουθεῖν
785 3128 863 3196 τῷ
891 3129 1198 3202 διδασκάλῳ
1237 3132 1326 3186 διὰ
1386 3136 1673 3205 μιμήσεως
1730 3137 1891 3190 ἐναν-

1999 2037 2122 2076 cum
2157 2020 2412 2075 omnibus
2445 2021 2728 2088 discipulis
2755 2020 3120 2075 communiter
3144 2033 3453 2073 sermonem
3488 2020 3586 2070 ba-

1997 2113 2184 2180 bebat,
2212 2122 2436 2180 eratque
2468 2128 2587 2166 cum
2611 2113 2716 2167 illis
2754 2128 2856 2166 una
2889 2111 3264 2164 furacissimus
3297 2110 3384 2162 ille
3418 2109 3584 2163 disci-

1997 2207 2153 2277 pulus
2182 2247 2196 2272 ,
2230 2206 2352 2262 ideo
2385 2223 2491 2261 non
2533 2207 2669 2260 dixit
2691 2209 2738 2258 oi
2773 2205 3194 2266 ἀκολουθοῦντες
3260 2222 3350 2273 με,
3377 2203 3467 2271 qui
3498 2218 3583 2255 seu

1995 2299 2219 2369 qur‘mim’
2237 2315 2336 2362 me,
2359 2300 2452 2352 sed
2473 2299 2522 2351 oi
2544 2298 3014 2367 ἀκολουθήσαντες
3037 2299 3127 2368 qui
3148 2298 3200 2348 in
3223 2313 3302 2350 me
3323 2295 3586 2365 sequendo

1996 2391 2162 2464 294
2191 2393 2648 2462 perseveraveritis
2683 2391 2819 2460 (77).
2865 2391 3083 2446 Sciebat
3125 2389 3291 2450 enim,
3339 2387 3582 2455 profecto

1996 2487 2204 2541 sciebat
2256 2486 2495 2540 futurum
2535 2495 2586 2538 ut
2623 2485 2790 2540 Judas
2841 2484 3000 2552 paulo
3043 2492 3168 2552 post
3213 2496 3244 2535 a
3301 2482 3580 2549 sequendo

1995 2580 2319 2642 desisteret,
2365 2590 2420 2634 et
2451 2579 2786 2634 contrariam
2844 2577 3004 2632 iniret
3061 2579 3243 2640 viam,
3291 2585 3345 2629 et
3380 2589 3478 2644 per
3528 2576 3580 2625 id

1991 2672 2133 2741 quod
2170 2671 2347 2740 palam
2382 2677 2636 2739 gesturus
2660 2679 2776 2724 erat
2797 2709 2812 2733 ,
2860 2683 3114 2722 aversum
3147 2668 3389 2720 animum
3420 2679 3579 2718 suum

1992 2767 2350 2836 significaret.
2405 2767 2520 2832 Qua
2595 2767 2738 2819 enim
2791 2763 3034 2833 Magistri
3089 2763 3279 2816 faciem
3341 2759 3580 2814 osculari

1991 2860 2186 2923 voluit,
2226 2860 2378 2928 sequi
2413 2859 2710 2913 recusavit.
2753 2855 2857 2922 Qui
2891 2856 3032 2910 enim
3065 2852 3312 2908 osculum
3339 2854 3420 2905 ori
3455 2849 3580 2916 fert,

1993 2969 2099 3006 non
2143 2968 2286 3021 pone
2318 2953 2593 3022 sequitur,
2621 2951 2714 3005 sed
2752 2957 2939 3004 contra
2972 2946 3165 3000 faciem
3199 2944 3397 2997 adstat.
3427 2941 3578 3008 Quod

1994 3042 2160 3111 igitur
2204 3056 2370 3112 opere
2423 3042 2543 3112 ipso
2595 3038 2845 3094 sensibus
2898 3045 3114 3108 patente
3163 3033 3437 3105 patravit,
3477 3033 3582 3086 hoc

1993 3136 2158 3190 etiam
2193 3134 2342 3189 intus
2385 3135 2437 3188 in
2487 3133 2669 3187 animo
2701 3132 2896 3187 fecisse
2947 3129 3289 3195 intelligitur,
3320 3125 3577 3179 nimirum

302 3215 524 3278 τιωθεὶς
551 3218 640 3272 διὰ
664 3219 766 3288 τῆς
806 3223 1168 3295 φαυλότητος.
1232 3227 1324 3279 Διὸ
1374 3230 1468 3282 καὶ
1536 3230 1636 3298 τῆς
1689 3231 1888 3302 διπλῆς

1998 3239 2056 3280 ιιι
2098 3243 2198 3298 per
2249 3226 2596 3296 iniquitatem
2653 3223 2998 3279 adversarius
3045 3219 3275 3274 Domino
3320 3215 3581 3279 evaserit,

303 3305 456 3376 ζωῆς
486 3310 839 3384 ἀπεστερήθη
868 3317 1072 3389 ἀγχόνῃ
1129 3318 1490 3390 ἀποφθαρεὶς,
1517 3321 1611 3374 καὶ
1638 3323 1885 3387 εἰκότως·

311 3418 330 3448 ι
375 3401 567 3466 Οὐδεὶς
587 3405 697 3475 γὰρ
730 3407 1009 3476 δψεταιτὸ
1063 3411 1358 3481 πρόσωπον
1406 3413 1501 3467 τοῦ
1563 3414 1720 3479 Θεοῦ,
1791 3419 1888 3471 καὶ

300 3491 556 3562 ζήσεται,
598 3516 616 3548 ι
653 3499 838 3562 καθὼς
860 3501 935 3572 τῷ
958 3503 1187 3557 Μωῦσεῖ
1211 3507 1651 3576 κεχρημάτισται
1686 3523 1702 3537 ’
1731 3526 1887 3560 τουτ-

301 3585 476 3652 έστιν,
509 3589 699 3654 Οὐδεὶς
733 3595 1088 3659 ἐναντιωθεὶς
1115 3597 1192 3668 τῷ
1216 3597 1336 3668 Θεῷ
1366 3598 1466 3668 τὴν
1497 3598 1670 3669 ἀληθῆ
1730 3601 1887 3671 ζήσει

299 3673 473 3748 ζωὴν,
499 3680 614 3734 ἀλλ’
637 3683 665 3734 ό
697 3685 838 3737 κατὰ
864 3687 1105 3741 Μωῠςέα
1124 3689 1194 3742 τὰ
1212 3689 1435 3743 οπίσθια
1467 3690 1702 3758 βλέπων,
1719 3693 1887 3762 ἤγουν

298 3771 638 3829 ἀκολουθῶν.
676 3794 694 3827 ι
719 3778 910 3848 Ὑμεῖς
934 3779 1049 3844 οὖν,
1110 3781 1294 3851 φησὶν,
1347 3783 1396 3835 οἱ
1418 3783 1888 3853 ἀκολουθήσαντές

305 3880 423 3932 μοι,
460 3882 477 3914 ι
509 3866 605 3919 καὶ
632 3865 731 3938 τὴν
777 3869 922 3938 ἐμὴν
952 3869 1255 3934 πολιτείαν,
1313 3872 1390 3935 ὡς
1428 3873 1654 3943 ἐφικτὸν
1716 3891 1891 3944 μιμη-

309 3957 566 4027 σάμενοι,
591 3961 750 4014 τοῦτο
802 3964 864 4015 τὸ
915 3963 1087 4034 γέρας
1154 3967 1450 4036 κομίσεσθε
1508 3969 1568 4022 ὲν
1614 3970 1680 4038 τῇ
1731 3972 1885 4039 κοινῇ

299 4048 626 4116 ἀναστάσει,
662 4054 732 4125 ἣν
774 4055 1208 4125 παλιγγενεσίαν
1269 4059 1549 4120 ἐκάλεσεν,
1601 4061 1674 4124 ὡς
1731 4058 1888 4124 αὖθις

296 4143 692 4210 ἀναγεννῶσαν
723 4148 896 4216 ἡμᾶς,
932 4151 1026 4201 καὶ
1051 4152 1134 4212 εἰς
1163 4152 1224 4203 τὸ
1248 4153 1483 4222 ἀρχαῖον
1515 4155 1887 4222 μετάγουσαν,

296 4235 542 4302 ὁπηνίκα
580 4241 607 4291 ὁ
640 4238 768 4303 Υἱὸς
794 4241 888 4293 τοῦ
924 4241 1219 4313 ἀνθρώπου
1268 4243 1473 4316 καθίσῃ
1519 4246 1619 4298 οὐκ
1650 4249 1712 4299 ὲν
1737 4247 1892 4300 εὐτε-

296 4327 421 4398 λείᾳ
452 4332 546 4382 καὶ
577 4334 826 4402 σχήματι
853 4333 1120 4404 ταπεινῷ,
1169 4333 1356 4398 καθὼς
1386 4338 1582 4407 ὁρᾶται
1626 4339 1745 4402 νῦν,
1772 4336 1888 4390 ἀλλ’

304 4422 368 4473 ὲν
399 4425 686 4496 ἀπροσίτῳ
709 4427 835 4499 δόξῃ
869 4429 965 4481 καὶ
988 4429 1169 4499 θεῖκῇ,
1205 4429 1488 4482 καθιεῖσθε
1511 4430 1606 4488 καὶ
1637 4430 1798 4500 ὑμεῖς
1831 4430 1891 4483 ὲν

303 4517 618 4588 ἰσαρίθμοις
645 4519 860 4590 θρόνοις
911 4521 1010 4584 τὰς
1071 4521 1478 4593 Ἰσραηλιτικᾶς
1536 4523 1710 4591 φυλὰς
1767 4522 1890 4592 κρί-

297 4625 504 4673 νοντες.
535 4612 707 4665 Ταυτὶ
736 4613 794 4666 δὲ
823 4615 890 4666 τὰ
910 4615 1051 4684 ῥητὰ
1081 4614 1278 4684 διπλῆν
1310 4615 1491 4668 ὡδίνει
1511 4615 1609 4686 τὴν
1631 4616 1886 4687 ζήτησινο

302 4699 437 4770 μίαν
468 4704 591 4772 μὲν,
616 4706 664 4759 εἰ
697 4707 757 4759 ἐν
779 4710 842 4777 τῇ
880 4707 1112 4780 δευτέρᾳ
1145 4708 1421 4779 παρουσίᾳ
1469 4707 1712 4778 Χριστοῦ
1746 4709 1887 4763 καθ-

299 4795 445 4846 ῖεταί
485 4812 568 4856 τις
598 4796 784 4866 ἕτερος
830 4799 948 4868 μετ’
1009 4799 1183 4852 αὑτοῦ
1216 4815 1231 4830 ο
1275 4799 1472 4870 ἑτέραν
1503 4799 1582 4864 δὲ,
1627 4799 1747 4863 πῶς
1778 4803 1884 4871 τῆς

297 4888 540 4958 κρίσεως
559 4889 810 4959 δοθείσης
836 4890 914 4960 τῷ
938 4891 1054 4962 Υίῷ
1089 4892 1242 4962 παρά
1264 4891 1357 4945 τοῦ
1399 4893 1641 4964 Πατρὸς,
1664 4893 1724 4945 ἐν
1769 4895 1886 4957 τοῖς

289 4981 621 5046 ἀποστόλοις
641 4983 701 5036 τὸ
719 4985 927 5052 κρίνειν
964 4984 1402 5055 μετατεθήσεται
1441 5003 1456 5051 ;
1492 5003 1512 5038 r
1553 4984 1611 5039 '0
1642 4986 1749 5056 γὰρ
1778 4986 1888 5038 Πα-

297 5079 402 5144 τὴρ
437 5075 612 5146 κρίνει
635 5077 853 5145 οὐδένα,
885 5079 1057 5150 φησὶν
1090 5081 1120 5132 ὁ
1149 5081 1370 5153 Σωτὴρ,
1401 5079 1540 5136 ἀλλὰ
1565 5080 1666 5150 τὴν
1697 5079 1884 5150 κρίσιν

373 5230 420 5262 ⁸⁵
445 5229 636 5286 Matth.
676 5247 749 5298 tv,
782 5232 875 5287 22.
957 5233 1003 5267 ⁸⁷
1035 5233 1272 5305 Philipp.
1307 5251 1401 5300 ιιι,
1441 5235 1494 5292 8.

1993 3323 2083 3390 qui
2117 3337 2211 3389 per
2243 3320 2606 3374 imitationem
2641 3318 2790 3372 illum
2833 3316 2983 3385 sequi
3035 3313 3289 3370 debebat.
3341 3309 3496 3366 Unde
3527 3319 3584 3364 et

2001 3416 2196 3484 laqueo
2226 3423 2541 3483 peremptus
2581 3412 2847 3480 duplicem
2884 3410 3053 3462 vitam
3107 3406 3327 3468 amisit,
3375 3413 3428 3458 et
3464 3418 3580 3457 me-

1995 3508 2099 3562 rito
2131 3505 2348 3573 quidem
2383 3521 2482 3561 suo
2529 3524 2541 3560 :
2577 3525 2596 3557 ι
2634 3503 2805 3558 Nemo
2827 3503 2971 3557 enim
3001 3501 3195 3555 faciem
3235 3499 3324 3552 Dei
3358 3497 3578 3559 videbit,

1993 3610 2046 3655 et
2078 3601 2242 3667 vivet,
2285 3620 2303 3651 ι
2335 3599 2489 3667 juxta
2521 3598 2800 3654 oraculum
2835 3594 3004 3664 Moysi
3031 3596 3216 3647 datum
3246 3592 3314 3655 ’⁸,
3341 3591 3441 3645 hoc
3477 3598 3578 3652 est,

1991 3691 2161 3746 Nemo
2197 3691 2287 3760 qui
2339 3701 2531 3746 contra
2597 3690 2764 3743 Deum
2820 3689 3041 3749 adstat,
3097 3701 3282 3740 veram
3323 3685 3466 3738 vivet
3499 3683 3582 3738 vi-

1994 3793 2100 3839 tam
2128 3825 2142 3847 ,
2181 3784 2278 3839 sed
2305 3783 2395 3852 qui
2426 3782 2580 3851 juxta
2607 3779 2847 3852 Moysem
2892 3779 3194 3848 posteriora
3234 3777 3379 3831 videt
3407 3815 3420 3839 ,
3478 3775 3580 3829 hoc

1991 3885 2075 3932 est
2110 3877 2399 3945 sequitur:
2440 3893 2458 3926 ι
2501 3873 2608 3929 Vos
2645 3873 2835 3942 igitur,
2862 3873 3066 3943 inquit,
3099 3871 3194 3941 qui
3225 3869 3396 3924 secuti
3428 3867 3582 3922 eritis

1994 3984 2081 4022 tne
2106 4009 2120 4033 ,
2164 3986 2184 4019 ι
2224 3975 2278 4022 et
2306 3967 2430 4022 vita:
2465 3980 2600 4019 mea:
2641 3963 2948 4029 rationem,
2995 3971 3258 4032 quantum
3315 3958 3579 4026 consequi

1992 4076 2091 4130 pro
2149 4058 2407 4114 facultate
2460 4056 2708 4126 poteritis
2734 4095 2749 4120 ,
2782 4055 3021 4120 imitati,
3060 4053 3341 4124 prtemium
3393 4050 3582 4106 feretis

1993 4152 2048 4207 in
2088 4152 2332 4208 omnium
2359 4151 2640 4205 hominum
2684 4148 3126 4210 resurreCtione,
3155 4160 3315 4216 quam
3352 4158 3580 4213 regene-

1995 4245 2264 4298 rationem
2314 4242 2570 4312 appellat,
2605 4252 2797 4311 utpote
2845 4256 2964 4310 quae
3011 4255 3110 4294 nos
3143 4239 3320 4293 denuo
3371 4236 3578 4306 gignat.

1993 4348 2047 4393 et
2087 4338 2452 4406 inantiqnum
2513 4336 2765 4391 restituat
2820 4343 3053 4401 statum,
3116 4331 3333 4401 quando
3379 4328 3581 4384 sederit

1996 4429 2164 4484 Filius
2201 4428 2470 4494 hominis,
2506 4443 2612 4482 non
2660 4429 2714 4482 in
2750 4426 2960 4497 vulgari
3014 4433 3068 4481 et
3095 4423 3286 4478 humili
3329 4422 3430 4476 hoc
3486 4421 3581 4474 ha-

1996 4522 2134 4586 bitu,
2165 4521 2218 4574 in
2258 4535 2366 4592 quo
2408 4535 2552 4574 nunc
2583 4531 2845 4590 apparet,
2874 4519 2969 4574 sed
3013 4518 3065 4572 in
3099 4517 3382 4586 majestate
3427 4513 3578 4566 inac—

1996 4630 2148 4670 cessa
2209 4625 2374 4684 atque
2417 4614 2642 4676 divina,
2706 4611 2965 4667 sedebitis
3007 4618 3062 4665 et
3107 4624 3201 4663 vos
3249 4605 3578 4662 lsraelitieas

2007 4706 2182 4761 tribus
2232 4705 2516 4759 duodecim
2568 4702 2877 4773 iudicantes
2945 4703 2997 4755 in
3062 4699 3284 4753 totidem
3344 4693 3576 4750 thronis.

1997 4799 2274 4866 Duplicem
2315 4810 2478 4864 porro
2506 4795 2620 4849 hmc
2660 4794 2824 4848 verba
2867 4793 3264 4848 dubitationem
3318 4787 3576 4858 pariunt:

1996 4892 2221 4946 alteram
2304 4891 2564 4959 quidem,
2641 4896 2822 4942 utrum
2904 4887 2956 4941 in
3045 4884 3284 4941 secundo
3345 4881 3578 4936 adventu

1995 4985 2198 5040 Christi
2255 4985 2328 5039 sit
2382 4999 2634 5038 sessurus
2684 4998 2806 5036 cum
2857 4981 2946 5035 illo
2995 4981 3268 5051 quispiam
3301 4995 3316 5044 ;
3347 4976 3577 5031 alteram

1994 5092 2148 5145 vero,
2184 5079 2456 5148 quomodo
2506 5092 2630 5132 cum
2675 5077 2938 5148 judicium
2990 5089 3023 5131 a
3071 5074 3231 5130 Patre
3271 5074 3459 5128 datum
3510 5067 3580 5124 sit

1575 5235 1621 5268 ’⁸
1655 5235 1829 5290 Exod.
1893 5249 2066 5288 χχχιιι
2093 5273 2108 5298 ,
2143 5233 2236 5287 20.

1568 5370 1895 5432 Francisci
1925 5369 2135 5432 Scorsi
2167 5374 2357 5430 notua.

374 5491 486 5557 (77)
521 5490 624 5554 Qui
653 5491 707 5543 in
749 5507 831 5544 me
874 5492 1136 5561 sequendo
1171 5493 1647 5560 perseveruverrtis.
1707 5491 1878 5556 Hujus

295 5561 586 5614 sententia}
617 5563 696 5615 vis
725 5561 944 5616 elicitur
974 5565 1042 5616 ab
1072 5574 1294 5616 auctore
1322 5579 1350 5617 a
1383 5562 1572 5618 Cra-co
1595 5563 1891 5615 οἱάκολου-

297 5632 571 5699 θήσαντες
612 5632 754 5701 quod
805 5641 1019 5702 tempus
1065 5642 1150 5686 est
1177 5633 1431 5703 ἀόριστον
1457 5643 1511 5688 et
1539 5649 1636 5701 pro
1666 5645 1890 5701 praeter-

300 5703 380 5757 ito
443 5716 585 5769 Stepe
657 5703 924 5772 sumitur:
981 5703 1224 5770 adeoque
1259 5720 1285 5754 a
1345 5714 1530 5757 nostro
1591 5705 1886 5772 interprete

302 5772 579 5826 redditum
634 5782 740 5836 est,
795 5771 899 5836 Qui
945 5775 1112 5826 secuti
1176 5780 1301 5826 eatis
1348 5790 1470 5837 me;
1541 5775 1632 5828 sed
1702 5773 1884 5827 reddit

300 5843 711 5895 accommodate
755 5853 954 5912 potest,
991 5843 1097 5908 Qui
1137 5845 1303 5896 secuti
1340 5844 1548 5912 [mritis
1596 5862 1697 5906 me,
1735 5845 1879 5910 quod

299 5927 407 5968 uos
441 5913 667 5976 maioris
707 5913 1087 5980 explicationis
1144 5916 1319 5981 gratia
1357 5916 1594 5968 diximus
1675 5915 1780 5981 Qui
1822 5916 1878 5968 in

1987 5509 2070 5546 me
2105 5494 2362 5562 sequendo
2407 5490 2886 5562 perseveraveritis.
2929 5489 3026 5545 llic
3059 5493 3242 5562 etiam
3267 5490 3574 5562 adverten-

1994 5564 2120 5616 dum
2151 5555 2232 5616 est
2258 5555 2467 5630 partem
2513 5563 2672 5627 bujus
2699 5561 2998 5628 Evangelii,
3040 5563 3178 5628 quod
3211 5555 3570 5627 Theophanes

1989 5633 2214 5701 exponit
2263 5648 2359 5699 per
2407 5632 2546 5684 hanc
2611 5631 2946 5685 Dominicam
2977 5646 3098 5684 esse
3146 5631 3567 5697 desumptamex

1987 5717 2110 5771 cap.
2148 5718 2260 5767 tux,
2300 5701 2357 5756 S.
2424 5701 2684 5766 Matthtei,
2717 5718 2813 5754 nec
2861 5701 3136 5771 cohaerere
3167 5715 3286 5753 cum
3320 5702 3567 5766 superiu-

1986 5770 2161 5835 ribus,
2207 5789 2328 5836 quae
2360 5783 2487 5825 sunt
2544 5775 2683 5839 apud
2733 5772 2905 5838 ipsum
2959 5770 3153 5823 Matth.
3203 5785 3322 5836 cap.
3352 5785 3405 5833 χ,
3472 5771 3566 5826 sr-d

1981 5843 2154 5897 Graeri
2205 5842 2482 5912 Evangelii
2530 5843 2811 5912 lectiones,
2837 5844 3040 5912 quibus
3068 5841 3120 5894 iu
3151 5839 3385 5907 liturgiis
3411 5851 3568 5896 utun-

1983 5927 2069 5969 tur
2115 5929 2178 5969 ex
2222 5911 2388 5967 variis
2433 5913 2758 5984 quandoque
2788 5911 3061 5980 ﬁgmentis
3115 5920 3477 5980 componunt.
