4070 6468
404 449 513 513 ’199

1619 441 2114 505 THEOPHANIS
2152 440 2496 503 CERAMEI

3557 444 3667 506 £00

406 560 550 617 Filio
575 600 588 623 ,
620 559 674 613 in
702 556 974 635 apostolos
1029 554 1412 611 transferenda
1461 554 1534 611 sit
1576 528 1987 626 jndicandi’po-

2120 557 2273 610 πᾶσαν
2301 553 2501 609 δέδωκε
2524 552 2602 623 τῷ
2629 550 2767 623 Υίῷ.
2798 550 2985 626 Φαμὲν
3015 549 3109 605 οὖν
3166 550 3557 623 στοχαζόμενοι
3610 555 3673 618 ἐξ

412 664 607 708 testas.
642 650 881 705 Dicimus
912 650 1074 718 igitur
1103 664 1168 704 ex
1200 648 1316 721 ipsa
1348 647 1628 719 Evangelii
1651 648 1900 703 doctrina
1938 647 1992 702 id

412 744 727 813 colligentes
753 781 769 805 ,
800 744 1073 796 neminem
1121 741 1175 795 in
1212 739 1421 808 judicio
1471 755 1593 794 cum
1626 738 1844 794 Christo
1879 754 1995 795 ses-

415 849 624 888 surum.
656 833 834 900 Atque
886 833 986 887 hoc
1035 831 1088 885 in
1136 832 1250 900 ipsa
1300 831 1612 885 narratione
1652 844 1835 884 eorum
1878 843 1996 899 qua:

412 924 605 992 judicii
640 934 882 993 tempore
914 922 1163 977 facienda
1205 932 1352 984 sunt,
1388 922 1732 977 ostenditur:
1775 939 1793 972 ι
1833 919 1995 988 δενιιι

421 1016 561 1070 rabit
590 1016 759 1081 enim,
792 1015 988 1084 inquit,
1016 1016 1081 1068 ab
1110 1014 1366 1079 invicem,
1394 1023 1449 1067 et
1482 1023 1683 1066 statuet
1714 1028 1844 1066 oves
1873 1013 1997 1079 qui-

418 1106 543 1158 dem
580 1120 609 1158 a
642 1105 883 1170 dextris,
941 1106 1122 1159 bardos
1165 1114 1348 1159 autem
1395 1119 1425 1157 ιι
1465 1102 1703 1156 sinistris
1748 1104 1814 1155 ”.
1867 1101 1998 1167 Quis

418 1210 552 1251 vero
604 1212 725 1250 cum
780 1196 1096 1251 statuendus
1149 1196 1331 1249 audiat
1382 1210 1552 1258 oves,
1593 1195 1772 1247 sedem
1821 1204 2002 1246 mente

415 1284 731 1354 concipiat?
763 1285 856 1339 sed
888 1285 1043 1339 sedes
1088 1294 1143 1339 et
1173 1283 1344 1338 sessio
1375 1282 1487 1355 (78)
1539 1283 1803 1352 promissa
1836 1281 2000 1334 disci-

428 1374 571 1441 pulis
616 1377 1015 1445 praecellentem
1075 1375 1362 1443 quemdam
1401 1375 1657 1428 honorem
1707 1371 2003 1442 symbolice

423 1471 666 1543 signant.
700 1468 803 1522 Per
831 1482 896 1522 ea
925 1467 1169 1529 scilicet,
1213 1482 1331 1532 qua:
1360 1466 1500 1535 apud
1558 1480 1658 1518 nos
1705 1462 2002 1517 honorifica

427 1573 596 1625 sunt,
647 1558 931 1612 consuevit
980 1557 1158 1611 divina
1199 1556 1478 1623 Scriptura
1530 1570 1648 1623 ψιιε
1686 1570 1846 1623 supra
1883 1568 2002 1619 nos,

431 1666 660 1719 qumque
684 1649 864 1704 futura
904 1658 1055 1711 sunt,
1085 1655 1495 1715 repraesentare.
1528 1645 1680 1709 Quod
1713 1658 1839 1696 vero
1862 1642 2006 1711 judi-

434 1749 653 1794 caturos
680 1740 776 1804 ait,
815 1752 922 1792 non
968 1735 1241 1805 signiﬁcat
1279 1751 1371 1790 eos
1399 1736 1606 1789 laturos
1633 1749 1755 1787 esse
1781 1742 2006 1788 senten-

440 1831 569 1885 tiam
602 1829 753 1898 (79),
805 1828 902 1881 sed
935 1825 1089 1895 quasi
1125 1826 1604 1880 condemnaturus.
1652 1824 1866 1879 Etenim
1902 1824 2004 1894 ipsi

432 1935 557 1975 cum
593 1919 754 1972 etiam
791 1918 1040 1971 homines
1067 1904 1274 1981 essent,
1308 1930 1374 1972 eo
1404 1915 1589 1984 gloriae
1618 1927 2005 1985 pervenerunt,

435 2018 494 2063 ut
523 2008 660 2062 lucis
713 2006 879 2077 295
928 2014 1214 2061 consortes
1263 2007 1702 2075 appellarentur:
1751 2007 1824 2060 illi
1878 2022 2007 2061 vero

440 2101 630 2156 oculos
664 2100 830 2153 animi
874 2107 1068 2168 sponte
1117 2097 1429 2151 claudentes
1467 2097 1820 2167 intelligibilis
1865 2097 2008 2152 Solis

430 2189 614 2243 radios
654 2192 905 2257 excipere
937 2187 1246 2242 noluerunt.
1304 2186 1603 2243 Fatuiliare
1657 2204 1817 2258 porro
1864 2189 2013 2244 Scri-

432 2293 605 2353 ptura:
633 2292 737 2345 est,
755 2280 1017 2350 judicium
1048 2294 1145 2349 pro
1171 2281 1622 2336 condemnatione
1649 2297 1850 2350 ponere
1871 2323 1886 2347 ,
1917 2290 2009 2336 ut:

447 2391 467 2425 ι
516 2372 694 2427 Nolite
728 2373 996 2441 judicare,
1031 2382 1087 2426 ut
1127 2387 1234 2426 non
1282 2372 1599 2440 jndicemini
1636 2374 1651 2405 ³
1697 2392 1717 2426 ι
1754 2384 1853 2428 et:
1894 2393 1913 2426 ι
1956 2373 2014 2430 Si

429 2479 528 2519 nos
559 2466 706 2537 ipsos
730 2464 1172 2535 dijudicaremus,
1202 2481 1305 2518 non
1333 2464 1522 2534 utique
1543 2463 1932 2532 iudicarentur,
1956 2467 2008 2516 ἰ

427 2566 520 2611 et:
560 2574 580 2608 ι
616 2555 672 2610 lu
708 2571 815 2626 quo
845 2554 1049 2625 judicio
1082 2556 1477 2627 judicaveritis,
1501 2554 1879 2624 judicabinnini
1910 2559 1950 2612 ³.
1986 2576 2006 2610 ›

433 2646 548 2704 11Ιέ
603 2648 748 2702 enim
815 2647 868 2702 in
933 2647 1066 2701 locis
1120 2647 1433 2702 ostenditur
1489 2648 1933 2702 condemnandos
1982 2665 2011 2701 a

430 2740 540 2793 Deo
563 2781 579 2806 ,
609 2740 699 2810 qui
733 2739 1215 2795 condemnaverint
1241 2750 1604 2808 pcecatorem.

519 2851 538 2884 ι
587 2831 654 2886 Et
683 2831 995 2903 quicunque
1034 2833 1319 2902 reliquerit
1363 2835 1581 2888 domum
1611 2873 1627 2899 ,
1675 2844 1765 2887 aut
1796 2832 2017 2899 fratres,

438 2933 532 2979 aut
568 2940 810 2991 SOI'OI‘CS,
841 2934 934 2980 θυι
965 2935 1200 2995 patrem,
1241 2933 1334 2980 aut
1360 2935 1616 2991 matrem,
1651 2934 1745 2980 aut
1771 2941 2016 2993 USOI‘CIII,

445 3021 543 3069 aut
575 3015 737 3077 lilios,
771 3023 863 3068 aut
893 3030 1083 3084 agrum
1117 3026 1339 3086 propter
1366 3030 1559 3070 nomen
1592 3031 1792 3081 meum,
1829 3030 2020 3070 centu-

2094 647 2282 702 αὐτῶν
2305 645 2413 700 τῶν
2448 644 2844 714 εὐαγγελικῶν,
2872 643 2952 708 ὡς
2982 643 3162 706 οὐδεὶς
3214 644 3485 698 καθιεῖται
3517 647 3574 700 ὲν
3601 651 3669 717 τῇ

2096 740 2277 810 κρίσει
2301 736 2441 808 μετὰ
2471 735 2565 789 τοῦ
2596 734 2862 807 Χριστοῦ.
2898 736 3010 789 Καὶ
3033 733 3196 789 τοῦτο
3218 736 3276 788 ὲν
3304 734 3385 804 τῷ
3410 737 3672 806 κατὰτὴν

2096 830 2279 903 κρίσιν
2310 829 2583 882 δέδεικται
2622 827 2950 897 διηγήματι.
2993 846 3012 878 ο
3057 828 3303 896 Ἀφοριεῑ
3321 828 3452 896 γὰρ,
3479 830 3670 897 φησὶν,

2096 923 2194 976 ἀπ’
2221 920 2491 990 ἀλλήλων,
2528 921 2624 974 καὶ
2653 921 2842 990 στήσει
2862 921 2931 971 τὰ
2963 918 3062 989 μὲν
3083 918 3335 988 πρόὸατα
3363 921 3429 971 ἐκ
3458 918 3671 986 δεξιῶν,

2098 1012 2167 1067 τὰ
2201 1013 2258 1065 δὲ
2284 1012 2553 1084 ὲρίφιαὲξ
2603 1011 2925 1080 εὐωνύμων.
2962 1029 2982 1062 ι
3045 1009 3143 1073 Τίς
3198 1009 3256 1061 δὲ
3318 1008 3534 1063 ἀκούων
3592 1008 3677 1071 τὸ,

2106 1127 2124 1159 ι
2166 1106 2356 1178 στήσει
2417 1106 2580 1168 αὐτὰ,
2613 1122 2632 1156 ι
2687 1105 2964 1176 καθέδραν
3020 1104 3413 1174 ὑπονοήσειεν;
3473 1099 3589 1154 ἀλλ’
3629 1101 3680 1153 οἱ

2103 1198 2308 1269 θρόνοι,
2335 1198 2431 1250 καὶ
2458 1200 2491 1267 ἡ
2523 1198 2582 1250 ἐν
2619 1196 2834 1258 τούτοις
2887 1194 3185 1264 ὲνίδρυσις.
3223 1193 3290 1265 ἢν
3319 1195 3432 1256 τοῖς
3485 1208 3680 1260 φοιτη-

2102 1293 2225 1353 ταῖς
2254 1290 2678 1357 ὲπαγγέλλεται,
2710 1286 3162 1359 ὑπερϐαλλούσης
3190 1285 3359 1355 τιμῆς
3386 1286 3506 1336 ἐστι
3538 1282 3683 1348 σύμο

2106 1380 2282 1432 ϐολον.
2329 1380 2425 1434 Ἐκ
2457 1381 2566 1433 τῶν
2617 1381 2749 1449 παρ’
2782 1379 2917 1448 ἡμῖν
2978 1377 3089 1447 γὰρ
3137 1376 3335 1447 τιμίων
3394 1375 3585 1429 εἴωθεν
3647 1378 3681 1445 ή

2108 1472 2296 1543 Γραφὴ
2318 1473 2387 1523 τὰ
2423 1470 2563 1541 ὑπὲρ
2599 1471 2748 1540 ἡμᾶς
2797 1470 2890 1522 καὶ
2938 1468 3009 1521 τὰ
3063 1467 3327 1537 μέλλοντα
3385 1466 3684 1535 παριστᾷν.

2108 1562 2180 1615 Τὸ
2197 1563 2253 1616 δὲ
2289 1581 2308 1613 ε
2340 1562 2635 1632 Κρῖνοντες
2675 1581 2695 1613 ι
2725 1561 2785 1614 οὗ
2839 1560 2989 1629 δηλοῖ
3040 1559 3102 1611 τὸ
3151 1558 3514 1621 Δικάσαντες,
3573 1557 3690 1610 ἀλλ’

2109 1656 2271 1709 οἱονεὶ
2299 1655 2755 1726 Κατακρίνοντες.
2806 1652 3128 1722 Ἄνθρωποι
3175 1651 3284 1721 γὰρ
3320 1649 3694 1719 τυγχάνοντες

2112 1748 2205 1800 καὶ
2226 1748 2404 1811 αὐτοὶ,
2463 1749 2543 1809 εἰς
2610 1744 2885 1815 τοσαύτην
2923 1744 3338 1813 ὲπεφθάκεισαν
3392 1741 3552 1806 δόξαν
3600 1740 3699 1794 τοῦ

2112 1839 2291 1909 φωτὸς
2322 1837 2517 1891 ὀπαδοὶ
2551 1837 3001 1907 χρηματίσαντες
3031 1852 3047 1867 ο
3077 1836 3280 1889 ἐκεῖνοι
3326 1834 3385 1888 δὲ
3424 1833 3699 1903 μύσαντες

2111 1927 2291 1980 ἑκοντὶ
2314 1928 2440 1988 τοὺς
2469 1925 2786 1997 ὀφθαλμοὺς
2814 1925 2915 1995 τῆς
2929 1923 3132 1994 ψυχῆς,
3166 1926 3271 1977 οὐκ
3298 1922 3698 1993 ήὸουλήθησαν

2112 2016 2207 2070 τοῦ
2240 2016 2433 2086 νοητοῦ
2464 2015 2654 2069 Ἠλίου
2693 2016 2789 2079 τὰς
2813 2016 3041 2079 ἀκτῖνας
3084 2014 3453 2079 εἰσδέξασθαι.
3508 2014 3698 2083 Τέτρι-

2116 2126 2246 2162 πται
2268 2108 2324 2161 δὲ
2354 2109 2410 2160 ὲν
2439 2109 2505 2178 τῇ
2534 2108 2631 2178 τῆς
2648 2108 2871 2177 Γραφῆς
2898 2106 3164 2178 συνηθείᾳ
3210 2108 3394 2178 κρίσιν
3446 2105 3702 2173 λέγεσθαι

2113 2202 2213 2274 τὴν
2232 2202 2580 2272 κατάκρισιν,
2608 2200 2685 2264 ὡς
2712 2201 2805 2254 τό·
2840 2219 2859 2253 ι
2890 2200 2981 2273 Μὴ
3007 2200 3248 2272 κρίνετε,
3300 2200 3388 2254 ἵνα
3444 2198 3519 2270 μὴ
3581 2216 3702 2269 κρι‹

2121 2292 2251 2361 θῆτε
2277 2306 2290 2320 ’
2327 2309 2345 2339 ι
2379 2291 2502 2343 καί’
2537 2308 2555 2341 t
2590 2288 2652 2342 Εί
2683 2289 2883 2351 αὐτοὺς
2907 2288 3226 2359 ἐκρίναμεν,
3264 2287 3365 2340 οὐκ
3390 2285 3458 2340 ἂν
3481 2284 3701 2355 ἐκρινό-

2123 2381 2264 2452 μεθα
2285 2398 2299 2411 ο
2335 2400 2353 2433 ι
2373 2380 2501 2435 καί·
2535 2398 2553 2431 ι
2582 2381 2673 2433 Ἐν
2695 2373 2738 2447 ᾧ
2768 2380 3002 2450 κρίματι
3039 2379 3277 2449 κρίνετε,
3304 2374 3697 2449 κριθήσεσθε.»

2126 2477 2364 2529 Κὰκεῖσε
2398 2474 2508 2544 γὰρ
2532 2472 2628 2544 τὴν
2654 2475 2718 2526 ὲκ
2748 2470 2845 2525 τοῦ
2897 2471 3036 2525 Θεοῦ
3079 2473 3317 2542 ἐνέφηνε
3368 2470 3705 2541 κατάκρισιν

2128 2568 2193 2620 ὲκ
2223 2567 2317 2620 τοῦ
2341 2565 2697 2636 κατακρίνειν
2732 2563 2822 2619 τὸν
2854 2564 3271 2633 ἁμαρτάνοντι.

2201 2852 2220 2886 ι
2260 2832 2372 2888 Καὶ
2390 2832 2448 2896 ὃς
2481 2848 2566 2896 τις
2596 2832 2809 2903 ἀφῆκεν
2836 2830 3037 2898 οἰκίας,
3074 2832 3106 2901 ἢ
3139 2830 3425 2901 ἀδελφοὺς,
3470 2832 3503 2902 ἢ
3544 2831 3701 2884 ἀδελ-

2124 2925 2254 2993 φὰς,
2282 2926 2570 2998 ἤπατέρα,
2613 2925 2645 2995 ἢ
2701 2926 2937 2995 μητέρα,
2966 2924 2998 2994 ἢ
3026 2912 3291 2992 γυναῖκα,
3362 2925 3394 2994 ῆ
3454 2926 3640 2989 τέκνα,
3668 2924 3703 2995 ἦ

2126 3017 2296 3086 ἀγρὸν
2331 3016 2524 3069 ἕνεκεν
2554 3015 2645 3067 τοῦ
2667 3015 2933 3086 ὀνόματός
2976 3033 3102 3086 μου,
3170 3016 3708 3070 ἑκατονταπλασίονα

441 3104 586 3173 plum
647 3104 921 3175 accipiet,
975 3114 1030 3161 et
1083 3107 1249 3161 vitam
1311 3118 1570 3161 aeternam
1638 3105 1955 3175 possidebit.
1992 3122 2011 3156 ι

2122 3109 2377 3179 λήψεται,
2412 3107 2509 3161 καὶ
2546 3107 2690 3178 ζωὴν
2720 3108 2940 3161 αἰώνιον
2977 3108 3405 3179 κληρονομήσει.
3447 3128 3464 3160 ι
3505 3108 3712 3160 Σκόπει

442 3195 745 3252 Considera
803 3197 934 3251 mihi
969 3235 986 3263 ,
1041 3207 1095 3252 et
1123 3197 1395 3253 admirare
1442 3198 1692 3253 ordinem
1759 3186 2021 3251 doctrinae

438 3287 788 3355 evangelicae.
848 3286 1010 3354 Quasi
1053 3288 1202 3343 enim
1233 3303 1332 3358 per
1374 3287 1576 3343 scalam
1609 3302 1711 3343 nos
1760 3288 2027 3341 manudu-

440 3390 575 3432 cens
627 3379 695 3431 ab
732 3378 1083 3434 inferioribus
1115 3380 1298 3434 evehit
1322 3379 1389 3434 ad
1437 3379 1759 3448 superiora;
1793 3392 1886 3433 seu
1927 3393 2023 3447 po-

443 3475 584 3539 tius,
619 3476 793 3544 utqui
828 3478 904 3530 rei
957 3476 1214 3531 militaris
1254 3488 1527 3547 praecepta
1578 3481 1840 3539 tradunt,
1875 3477 2027 3546 prius

444 3564 665 3633 quidem
727 3566 968 3638 succingi
1005 3570 1290 3637 aptarique
1324 3569 1427 3623 sibi
1472 3584 1624 3623 arma
1649 3611 1663 3634 ,
1700 3570 1819 3624 tiro:
1844 3582 1904 3622 es
1932 3570 2028 3623 do-

446 3665 616 3713 cent:
650 3659 843 3713 deinde
896 3660 948 3713 in
988 3659 1054 3714 iis
1109 3662 1406 3715 tractandis
1460 3662 1733 3716 concinne
1770 3661 2018 3728 moveri,

445 3749 669 3804 dextere
716 3751 1035 3820 agiliterque
1106 3753 1324 3809 vibrare
1370 3753 1689 3822 cuspidem,
1717 3762 1771 3807 et
1798 3767 2019 3822 scopum

440 3838 576 3893 Scite
634 3836 848 3896 ferire:
885 3857 949 3897 ac
998 3851 1273 3912 postremo
1327 3844 1676 3915 praemiorum
1727 3844 2023 3912 cupiditate

442 3927 658 3985 illectos
688 3931 856 3986 vitam
909 3935 1075 3988 etiam
1110 3935 1281 4003 ipsam
1316 3935 1743 4005 partipendere,
1783 3944 1834 3991 ct
1861 3951 2025 4007 gene-

511 4096 558 4128 ’θ
584 4094 775 4151 Matth.
808 4068 940 4162 xiv,
973 4100 1026 4152 3.
1106 4100 1121 4130 ¹
1172 4100 1362 4155 Matth.
1402 4116 1451 4154 t‘t
1510 4118 1565 4164 ι,
1621 4102 1670 4156 1.

1752 4099 1824 4153 'l
1879 4101 2004 4155 Cor.
2056 4103 2298 4165 xxt,3|.

2131 3216 2221 3271 μοι
2253 3199 2355 3269 τῆς
2414 3198 2785 3268 εὐαγγελικῆς
2840 3198 3193 3261 διδασκαλίας
3248 3199 3346 3269 τὴν
3392 3199 3569 3263 τάξιν,
3613 3201 3712 3252 καὶ

2127 3289 2659 3360 θαύμασον.⁶Ὧσπερ
2703 3289 2813 3360 γὰρ
2845 3289 2931 3342 διὰ
2956 3288 3223 3359 κλίμακος
3250 3292 3396 3359 ἡμᾶς
3435 3306 3710 3360 χειραγω-

2126 3384 2217 3450 γεῖ
2235 3381 2344 3435 ἀπὸ
2376 3381 2487 3433 τῶν
2520 3380 2968 3451 χθαμαλωτέρων
2999 3383 3077 3444 εἰς
3103 3380 3164 3433 τὸ
3213 3379 3349 3450 ὕψος
3378 3382 3658 3448 ἀνάγουσα
3693 3398 3709 3413 ο

2131 3473 2333 3544 μᾶλλον
2356 3473 2414 3527 δὲ
2442 3472 2696 3543 καθάπερ
2756 3473 2804 3525 oi
2865 3473 2935 3526 τὰ
2991 3473 3232 3526 τακτικὰ
3293 3472 3713 3536 ἐκπαιδεύοντες

2130 3565 2351 3635 πρῶτον
2415 3564 2517 3634 μὲν
2594 3563 2915 3629 ὁπλίζεσθαι
2972 3564 3103 3627 τοὺς
3154 3564 3307 3628 νέους
3364 3563 3712 3617 διδάσκουσιν

2126 3657 2399 3722 εὐζώνως,
2435 3656 2629 3711 ἔπειτα
2680 3658 2945 3728 φέρεσθαι
3004 3658 3140 3729 πρὸς
3190 3663 3291 3728 τὴν
3334 3657 3549 3727 κίνησιν
3596 3659 3711 3711 τῶν

2127 3752 2308 3805 ὅπλων
2335 3750 2649 3823 εὐρύθμως,
2670 3744 3139 3822 τινάσσοντεςτήν
3171 3751 3376 3822 αἰχμὴν
3440 3752 3562 3804 λίαν
3613 3752 3709 3803 εὖ-

2132 3844 2407 3915 στρόφως,
2442 3844 2535 3895 καὶ
2568 3842 2708 3896 κατὰ
2740 3845 2944 3897 σκοπὸν
2980 3844 3199 3915 βάλλειν
3257 3845 3526 3912 εὐστόχως
3558 3861 3570 3873 ⁸
3612 3846 3716 3897 καὶ

2131 3936 2281 3998 τέλος
2311 3937 2376 4005 τῇ
2401 3934 2510 3988 τῶν
2540 3934 2792 3989 ἐπάθλων
2812 3935 3075 4006 ἐπιθυμίᾳ
3105 3936 3196 3989 καὶ
3240 3935 3411 4005 αὐτῆς
3441 3935 3714 4002 ἁλογῆεται

2372 4101 2394 4134 ³
2430 4100 2620 4155 Matth.
2660 4118 2767 4165 vn,
2803 4102 2859 4157 ἓ.

1708 4238 2029 4303 Francisci
2061 4239 2268 4301 Scursi
2305 4245 2494 4301 notua.

523 4386 635 4455 (78)
670 4385 831 4440 Sedes
866 4398 912 4438 et
946 4387 1134 4448 sessio,
1170 4396 1276 4439 etc.
1335 4384 1507 4441 liabet
1561 4388 1663 4441 huc
1729 4387 1869 4441 idem
1928 4386 2019 4441 hic

449 4456 613 4511 Pater
663 4458 809 4526 hum.
850 4456 943 4516 Ἡ.
1003 4459 1068 4508 ad
1123 4471 1285 4524 quam
1343 4457 1458 4526 lege
1487 4459 1629 4524 quod
1685 4458 2019 4512 uotatituus.

523 4526 635 4597 (79)
667 4524 894 4597 Laturos
926 4542 1038 4580 esse
1066 4524 1413 4582 sententiam;
1432 4526 1733 4596 Explicatio
1767 4528 1926 4580 allata
1955 4528 2021 4582 ab

2130 4394 2186 4439 et
2234 4385 2443 4452 κρίνειν
2483 4399 2623 4452 apun
2705 4384 3066 4454 nenphanem)
3099 4384 3311 4454 proprie
3363 4384 3490 4439 dicit
3534 4380 3716 4442 actum

2124 4457 2538 4523 jnrisdictionis,
2597 4464 2649 4508 et
2694 4458 2984 4521 superioris
3041 4456 3317 4525 potestatis
3346 4471 3366 4521 ;
3392 4455 3504 4510 hate
3534 4466 3713 4511 autem

2123 4526 2432 4594 jurisdictio
2485 4541 2605 4595 qua:
2649 4527 2718 4578 ad
2780 4525 3027 4579 ultimum
3077 4527 3344 4595 judicium
3409 4525 3715 4579 animarum

452 4594 555 4681 hoc
586 4597 747 4651 Patre
796 4596 863 4678 ad
899 4599 1230 4681 propositam
1264 4599 1331 4680 ab
1371 4600 1488 4681 ipso
1516 4594 1917 4681 'quﬁstionem,
1951 4613 2018 4677 an
2056 4594 2101 4648 Ι)
2129 4597 2228 4677 soli
2266 4595 2475 4648 Christo
2525 4596 2911 4678 cantatunicata
2958 4594 3386 4681 ςειίΡτρρνίιιηι
3411 4596 3716 4681 e‘rgo‘judi-

453 4669 504 4723 in
537 4681 791 4736 supremo
817 4667 1022 4734 judicio
1047 4681 1236 4720 omnes
1264 4669 1425 4721 simul
1453 4683 1573 4720 cum
1598 4666 1818 4720 Christo
1843 4666 2018 4720 saneti

451 4738 903 4803 sintjudicaturi,
931 4738 1124 4791 melius
1159 4737 1483 4805 intelligitur
1533 4751 1597 4789 ex
1667 4737 2024 4790 distinctione

447 4808 764 4862 Graecorum
800 4808 1327 4878 verborumxpivetv
1362 4816 1416 4860 ct
1485 4807 1860 4875 κατακρίνειν,
1906 4822 2025 4875 quin

450 4894 552 4933 nos
604 4887 875 4947 utcunque
907 4876 1235 4931 reddidimus
1261 4877 1531 4945 judicare,
1564 4877 2024 4939 etcondemnare;

453 4962 519 5001 ac
557 4946 801 5016 primunt
836 4948 1050 5014 quidem
1097 4948 1277 5016 signat
1328 4962 1585 5002 exercere
1613 4946 1898 5016 judicium,
1929 4962 2021 5000 seu

453 5018 599 5071 ferre
626 5021 993 5083 sententiam;
1052 5019 1349 5071 secundum
1404 5018 1690 5087 suffragari
1741 5019 2027 5071 sententia:

459 5089 612 5148 |at:n,
648 5102 744 5141 seu
778 5088 927 5140 illam
952 5088 1296 5156 approbare:
1337 5089 1569 5155 primum
1601 5089 1676 5140 ait
1701 5104 1822 5140 esse
1858 5087 2013 5140 Citri-

459 5158 528 5210 sti
558 5169 813 5225 tauquam
850 5157 1073 5227 legitimi
1108 5165 1162 5210 et
1194 5156 1431 5222 supremi
1453 5156 1693 5211 Judieis:
1725 5160 2024 5210 secundum

459 5238 795 5291 sanctorum,
830 5230 921 5296 qui
978 5228 1385 5292 comparatione
1422 5229 1502 5280 sui
1531 5227 1664 5280 alios
1692 5228 1883 5293 dignos
1905 5242 2028 5281 esse

456 5307 693 5351 :eternos
754 5298 1019 5366 supplicio
1082 5296 1495 5357 existimabunt,
1577 5300 1817 5364 adeoque
1883 5298 2029 5365 juste

460 5369 803 5421 damnatosa
853 5367 1090 5430 Christo,
1156 5367 1591 5434 quandoquidem
1646 5370 1832 5421 eadem
1900 5383 2023 5421 cum

459 5448 604 5491 esset
633 5437 875 5490 omnium
928 5434 1190 5497 conditio,
1218 5437 1518 5503 eademque
1548 5438 1601 5490 in
1658 5437 1914 5491 onmibns
1935 5452 2030 5505 po-

462 5518 632 5561 testas
679 5520 734 5561 et
768 5507 990 5560 libertas
1040 5507 1108 5558 ad
1152 5506 1514 5561 obedientium
1551 5509 1747 5563 divina:
1791 5509 1913 5574 legi,
1965 5523 2029 5561 ea

461 5578 636 5631 sancti
692 5577 939 5630 homines
995 5574 1155 5645 bene,
1194 5577 1422 5645 improbi
1479 5578 1619 5633 male
1652 5579 1733 5631 usi
1781 5576 2027 5631 fuerint:

465 5648 536 5700 ita
592 5646 818 5710 Suarez,
857 5654 988 5701 tom.
1039 5643 1102 5710 ιι,
1136 5645 1187 5699 in
1220 5643 1360 5714 part.
1408 5663 1490 5711 ιιι,
1537 5648 1598 5703 S.
1652 5647 1848 5702 Thom.
1876 5648 2032 5716 cujus

467 5717 581 5772 hnc
605 5718 766 5770 Verba
805 5733 916 5771 rem
941 5732 1157 5771 onmem
1178 5717 1475 5783 expediunt
1498 5736 1510 5770 :
1537 5718 1732 5771 Munus
1749 5717 2033 5785 judicmnti

466 5803 570 5858 non
599 5789 911 5858 attribuitur
972 5788 1169 5840 sanctis
1221 5802 1342 5839 cum
1402 5804 1465 5841 ea
1518 5789 1859 5858 proprietate,
1914 5804 2031 5856 qua:

467 5856 696 5913 Christo.
745 5856 1000 5912 Judicare
1057 5859 1196 5912 enim
1253 5865 1272 5927 ί
1310 5867 1474 5927 atque
1520 5856 1634 5915 hoc
1672 5868 1757 5914 est
1782 5859 2029 5924 δικάσαι,

2126 4668 2289 4728 ciunt,
2323 4675 2581 4717 attactum
2614 4664 3002 4736 iurisdictionis
3034 4666 3324 4736 signi/irai,
3362 4665 3463 4718 soli
3502 4664 3716 4719 Christo

2125 4737 2384 4795 convenit,
2410 4751 2576 4804 neque
2607 4735 2701 4787 ulti
2726 4745 3035 4789 sanctorum
3060 4734 3502 4791 communicatur.
3532 4736 3709 4789 Attri-
3726 4749 3760 4806 ς

2126 4807 2307 4860 buitur
2358 4822 2481 4873 ergo
2528 4806 2725 4859 sanctis
2776 4806 2874 4859 hoc
2916 4807 3187 4875 judicium
3220 4806 3388 4860 solum
3421 4809 3720 4859 secundum

2125 4876 2415 4946 quamdam
2470 4877 2939 4946 participationem
3007 4876 3237 4946 alicujus
3315 4876 3553 4941 honoris,
3637 4876 3719 4929 rel

2128 4946 2351 4998 actionis
2408 4945 2475 4996 ad
2515 4945 2783 5013 judicium
2839 4945 3168 5011 pertinentis.
3202 4947 3279 4999 Ac
3334 4946 3507 5011 primo
3564 4948 3720 5000 valde

2127 5016 2432 5084 improprie,
2465 5033 2527 5067 ac
2554 5016 2907 5084 metaphoricc
2938 5017 3110 5070 solum
3162 5017 3558 5082 comparatione
3579 5033 3721 5084 qua-

2130 5087 2278 5147 dum,
2343 5100 2447 5153 qua
2485 5085 2615 5149 iuin
2649 5086 2901 5140 dicuntur
2923 5088 3172 5154 judicare
3214 5093 3535 5153 peccatmu,
3592 5089 3723 5155 quia

2130 5159 2240 5209 suis
2269 5156 2427 5221 factis
2480 5167 2527 5208 et
2586 5157 2692 5209 vita
2718 5158 3000 5210 ostendunt
3026 5154 3146 5210 illos
3198 5170 3307 5210 esse
3328 5169 3479 5222 pana
3504 5154 3720 5223 dignus,

2130 5226 2257 5295 quia
2310 5224 2511 5277 similia
2543 5227 2755 5293 operari
2795 5236 3102 5293 potuerunt,
3153 5236 3202 5280 et
3254 5226 3613 5293 neglexerunt.
3651 5224 3723 5276 Et

2131 5294 2182 5348 in
2211 5295 2346 5348 hunc
2370 5295 2479 5364 fctio
2508 5295 2722 5348 modum
2741 5308 3006 5363 exponunt
3052 5297 3168 5349 loca
3222 5294 3514 5364 Scriptura:
3565 5296 3723 5348 multi

2131 5366 2359 5421 Patres:
2391 5363 2705 5436 Hieronym.
2744 5377 2791 5418 ct
2819 5366 3018 5420 clarius
3053 5363 3613 5436 Chrysostyhomlw,
3668 5368 3725 5418 in

2134 5436 2371 5499 Matth.;
2423 5434 2625 5487 Auctor
2678 5436 2997 5502 imperfecti,
3054 5433 3198 5489 Itoni.
3247 5436 3316 5489 55
3374 5436 3427 5487 in
3474 5433 3667 5487 Matth.
3708 5452 3726 5497 ;

2137 5504 2422 5575 TheOphyl.
2454 5503 2651 5575 Matth.
2687 5521 2812 5571 xix;
2854 5506 3104 5575 Enthym.
3143 5522 3264 5573 cap.
3298 5508 3362 5560 10
3392 5506 3447 5558 in
3482 5504 3673 5575 Matth.
3704 5522 3726 5568 ;

2138 5572 2403 5630 Theodfl
2448 5575 2517 5646 ad
2544 5572 2668 5629 Cor.
2716 5591 2788 5629 vt.
2842 5574 2952 5629 Nec
2989 5572 3225 5630 dissentit
3252 5578 3479 5646 August.
3509 5573 3603 5646 lib.
3654 5589 3726 5626 xx

2135 5646 2213 5700 De
2241 5648 2391 5717 civit.
2442 5645 2624 5714 Atque
2677 5645 2760 5700 his
2821 5646 3149 5717 suffragatur
3195 5643 3380 5700 noster
3412 5646 3499 5717 hic
3528 5643 3724 5717 Patr-ri,

2136 5717 2276 5772 duos
2322 5715 2463 5770 alios
2533 5717 2741 5786 modos,
2800 5714 3016 5786 quibus
3050 5717 3373 5770 attribuitur
3421 5714 3711 5786 judicandi

2140 5804 2359 5852 munus,
2394 5793 2449 5837 et
2477 5785 2692 5851 quidem
2721 5784 2892 5853 magis
2922 5788 3162 5856 proprie,
3196 5787 3343 5856 leges
3371 5784 3510 5855 apud
3543 5785 3726 5853 ipsum

2141 5861 2328 5913 eodem
2371 5857 2512 5920 loco,
2548 5868 2601 5909 et
2647 5856 2981 5923 Cornelium,
3012 5870 3065 5911 et
3092 5856 3431 5912 Janscnium.
