  <div class='ocr_page' id='page_1' title='image "/cluster/home/n/w/nwhite01/storage/ocr_20150623/132/coo.31924054870377/408.png"; bbox 0 0 4070 6424; ppageno 0'>
   <div class='ocr_carea' id='block_1_1' title="bbox 277 377 372 443">
    <p class='ocr_par' dir='ltr' id='par_1_1' title="bbox 277 377 372 443">
     <span class='ocr_line' id='line_1_1' title="bbox 277 377 372 443; baseline 0.011 -2"><span class='ocrx_word' id='word_1_1' title='bbox 277 377 372 443; x_wconf 82' lang='grc'><strong>801</strong></span> 
     </span>
    </p>
   </div>
   <div class='ocr_carea' id='block_1_2' title="bbox 1656 382 2191 442">
    <p class='ocr_par' dir='ltr' id='par_1_2' title="bbox 1656 382 2191 442">
     <span class='ocr_line' id='line_1_2' title="bbox 1656 382 2191 442; baseline 0.004 -2"><span class='ocrx_word' id='word_1_2' title='bbox 1656 382 1990 442; x_wconf 71' lang='grc' dir='ltr'><strong>ΠΟΜῙΙΛΑ</strong></span> <span class='ocrx_word' id='word_1_3' title='bbox 2037 383 2191 442; x_wconf 76' lang='grc' dir='ltr'><strong>ΧΠ.</strong></span> 
     </span>
    </p>
   </div>
   <div class='ocr_carea' id='block_1_3' title="bbox 3439 390 3545 451">
    <p class='ocr_par' dir='ltr' id='par_1_3' title="bbox 3439 390 3545 451">
     <span class='ocr_line' id='line_1_3' title="bbox 3439 390 3545 451; baseline -0.009 0"><span class='ocrx_word' id='word_1_4' title='bbox 3439 390 3545 451; x_wconf 77' lang='lat'><strong>802</strong></span> 
     </span>
    </p>
   </div>
   <div class='ocr_carea' id='block_1_4' title="bbox 277 496 1854 570">
    <p class='ocr_par' dir='ltr' id='par_1_4' title="bbox 277 496 1854 570">
     <span class='ocr_line' id='line_1_4' title="bbox 277 496 1854 570; baseline 0.001 -20"><span class='ocrx_word' id='word_1_5' title='bbox 277 499 372 566; x_wconf 78' lang='grc' dir='ltr'>τῆς</span> <span class='ocrx_word' id='word_1_6' title='bbox 399 496 569 567; x_wconf 77' lang='grc' dir='ltr'>ζωῆς,</span> <span class='ocrx_word' id='word_1_7' title='bbox 605 498 701 550; x_wconf 78' lang='grc' dir='ltr'>καὶ</span> <span class='ocrx_word' id='word_1_8' title='bbox 741 497 979 568; x_wconf 77' lang='grc' dir='ltr'>γενναίῳ</span> <span class='ocrx_word' id='word_1_9' title='bbox 1003 497 1296 569; x_wconf 78' lang='grc' dir='ltr'><strong>ὁρμήματι</strong></span> <span class='ocrx_word' id='word_1_10' title='bbox 1335 500 1586 569; x_wconf 77' lang='grc' dir='ltr'>χωρῆσαι</span> <span class='ocrx_word' id='word_1_11' title='bbox 1612 500 1750 570; x_wconf 70' lang='grc' dir='ltr'>πρὸς</span> <span class='ocrx_word' id='word_1_12' title='bbox 1773 499 1854 551; x_wconf 74' lang='grc' dir='ltr'><strong>τὸν</strong></span> 
     </span>
    </p>
   </div>
   <div class='ocr_carea' id='block_1_5' title="bbox 1959 496 3551 570">
    <p class='ocr_par' dir='ltr' id='par_1_5' title="bbox 1971 499 3551 567">
     <span class='ocr_line' id='line_1_5' title="bbox 1971 499 3551 567; baseline 0.006 -17"><span class='ocrx_word' id='word_1_13' title='bbox 1971 514 2094 551; x_wconf 85' lang='lat' dir='ltr'><strong>roso</strong></span> <span class='ocrx_word' id='word_1_14' title='bbox 2124 499 2326 567; x_wconf 89' lang='lat' dir='ltr'><strong>impetu</strong></span> <span class='ocrx_word' id='word_1_15' title='bbox 2379 499 2588 552; x_wconf 97' lang='lat' dir='ltr'><strong>hostem</strong></span> <span class='ocrx_word' id='word_1_16' title='bbox 2624 499 2884 554; x_wconf 88' lang='lat' dir='ltr'><strong>invadere</strong></span> <span class='ocrx_word' id='word_1_17' title='bbox 2914 518 2926 552; x_wconf 94' lang='lat'>:</span> <span class='ocrx_word' id='word_1_18' title='bbox 2960 501 3031 554; x_wconf 88' lang='lat' dir='ltr'><strong>ita</strong></span> <span class='ocrx_word' id='word_1_19' title='bbox 3080 504 3243 557; x_wconf 83' lang='lat' dir='ltr'><strong>etiam</strong></span> <span class='ocrx_word' id='word_1_20' title='bbox 3298 503 3551 560; x_wconf 87' lang='lat' dir='ltr'><strong>Salvator</strong></span> 
     </span>
    </p>
   </div>
   <div class='ocr_carea' id='block_1_6' title="bbox 275 589 1858 662">
    <p class='ocr_par' dir='ltr' id='par_1_6' title="bbox 275 589 1858 662">
     <span class='ocr_line' id='line_1_6' title="bbox 275 589 1858 662; baseline -0.001 -18"><span class='ocrx_word' id='word_1_21' title='bbox 275 591 570 644; x_wconf 84' lang='grc' dir='ltr'>ἀντίπαλον</span> <span class='ocrx_word' id='word_1_22' title='bbox 595 605 609 618; x_wconf 83' lang='lat'>&#39;</span> <span class='ocrx_word' id='word_1_23' title='bbox 635 589 780 643; x_wconf 82' lang='grc' dir='ltr'>οὕτω</span> <span class='ocrx_word' id='word_1_24' title='bbox 819 590 916 643; x_wconf 77' lang='grc' dir='ltr'>καὶ</span> <span class='ocrx_word' id='word_1_25' title='bbox 937 593 964 644; x_wconf 87' lang='grc' dir='ltr'>ὁ</span> <span class='ocrx_word' id='word_1_26' title='bbox 1004 590 1198 660; x_wconf 80' lang='grc' dir='ltr'>Σωτὴρ</span> <span class='ocrx_word' id='word_1_27' title='bbox 1229 591 1496 661; x_wconf 78' lang='grc' dir='ltr'>πρότερον</span> <span class='ocrx_word' id='word_1_28' title='bbox 1524 591 1622 660; x_wconf 77' lang='grc' dir='ltr'>μὲν</span> <span class='ocrx_word' id='word_1_29' title='bbox 1650 591 1858 662; x_wconf 79' lang='grc' dir='ltr'>ἔμπρο-</span> 
     </span>
    </p>
   </div>
   <div class='ocr_carea' id='block_1_7' title="bbox 282 681 1859 755">
    <p class='ocr_par' dir='ltr' id='par_1_7' title="bbox 282 681 1859 755">
     <span class='ocr_line' id='line_1_7' title="bbox 282 681 1859 755; baseline -0.001 -19"><span class='ocrx_word' id='word_1_30' title='bbox 282 683 406 736; x_wconf 83' lang='grc' dir='ltr'>σθεν</span> <span class='ocrx_word' id='word_1_31' title='bbox 431 683 542 735; x_wconf 85' lang='grc' dir='ltr'><strong>τῶν</strong></span> <span class='ocrx_word' id='word_1_32' title='bbox 576 681 884 752; x_wconf 80' lang='grc' dir='ltr'>ἀνθρώπων</span> <span class='ocrx_word' id='word_1_33' title='bbox 915 683 1210 752; x_wconf 76' lang='grc' dir='ltr'><strong>ὁμολογίαν</strong></span> <span class='ocrx_word' id='word_1_34' title='bbox 1251 684 1558 755; x_wconf 82' lang='grc' dir='ltr'><strong>ἀπῄτησεν,</strong></span> <span class='ocrx_word' id='word_1_35' title='bbox 1607 681 1727 736; x_wconf 78' lang='grc' dir='ltr'>εἶτα</span> <span class='ocrx_word' id='word_1_36' title='bbox 1759 684 1859 753; x_wconf 78' lang='grc' dir='ltr'>τῆς</span> 
     </span>
    </p>
   </div>
   <div class='ocr_carea' id='block_1_8' title="bbox 274 775 1856 847">
    <p class='ocr_par' dir='ltr' id='par_1_8' title="bbox 274 775 1856 847">
     <span class='ocr_line' id='line_1_8' title="bbox 274 775 1856 847; baseline 0 -19"><span class='ocrx_word' id='word_1_37' title='bbox 274 776 382 828; x_wconf 89' lang='grc' dir='ltr'><strong>τῶν</strong></span> <span class='ocrx_word' id='word_1_38' title='bbox 411 776 680 828; x_wconf 77' lang='grc' dir='ltr'>τεκόντων</span> <span class='ocrx_word' id='word_1_39' title='bbox 740 779 836 828; x_wconf 80' lang='grc' dir='ltr'>καὶ</span> <span class='ocrx_word' id='word_1_40' title='bbox 892 775 1001 828; x_wconf 89' lang='grc' dir='ltr'><strong>τῶν</strong></span> <span class='ocrx_word' id='word_1_41' title='bbox 1054 776 1264 829; x_wconf 86' lang='grc' dir='ltr'>τέκνων</span> <span class='ocrx_word' id='word_1_42' title='bbox 1327 777 1566 847; x_wconf 81' lang='grc' dir='ltr'>στοργῆς</span> <span class='ocrx_word' id='word_1_43' title='bbox 1622 777 1722 845; x_wconf 77' lang='grc' dir='ltr'><strong>τὴν</strong></span> <span class='ocrx_word' id='word_1_44' title='bbox 1778 778 1856 839; x_wconf 86' lang='grc' dir='ltr'><strong>είς</strong></span> 
     </span>
    </p>
   </div>
   <div class='ocr_carea' id='block_1_9' title="bbox 276 858 1858 945">
    <p class='ocr_par' dir='ltr' id='par_1_9' title="bbox 276 858 1858 945">
     <span class='ocr_line' id='line_1_9' title="bbox 276 858 1858 945; baseline 0.003 -24"><span class='ocrx_word' id='word_1_45' title='bbox 276 869 440 921; x_wconf 68' lang='grc' dir='ltr'>αὑτὸν</span> <span class='ocrx_word' id='word_1_46' title='bbox 469 868 654 936; x_wconf 78' lang='grc' dir='ltr'>φιλίαν</span> <span class='ocrx_word' id='word_1_47' title='bbox 718 869 1183 945; x_wconf 59' lang='grc' dir='ltr'>προυργιαίτερον</span> <span class='ocrx_word' id='word_1_48' title='bbox 1245 869 1534 923; x_wconf 77' lang='grc' dir='ltr'>τίθεσθαι·</span> <span class='ocrx_word' id='word_1_49' title='bbox 1604 858 1858 925; x_wconf 62' lang='grc' dir='ltr'>ὲκθτεῦθεν</span> 
     </span>
    </p>
   </div>
   <div class='ocr_carea' id='block_1_10' title="bbox 275 961 1856 1033">
    <p class='ocr_par' dir='ltr' id='par_1_10' title="bbox 275 961 1856 1033">
     <span class='ocr_line' id='line_1_10' title="bbox 275 961 1856 1033; baseline 0.001 -19"><span class='ocrx_word' id='word_1_50' title='bbox 275 962 466 1030; x_wconf 79' lang='grc' dir='ltr'>ἀνάγει</span> <span class='ocrx_word' id='word_1_51' title='bbox 496 963 588 1014; x_wconf 85' lang='grc' dir='ltr'><strong>τὸν</strong></span> <span class='ocrx_word' id='word_1_52' title='bbox 611 961 890 1033; x_wconf 79' lang='grc' dir='ltr'>ἀκροατὴν</span> <span class='ocrx_word' id='word_1_53' title='bbox 929 963 1068 1033; x_wconf 78' lang='grc' dir='ltr'>πρὸς</span> <span class='ocrx_word' id='word_1_54' title='bbox 1100 963 1160 1015; x_wconf 73' lang='grc' dir='ltr'>τὸ</span> <span class='ocrx_word' id='word_1_55' title='bbox 1182 964 1550 1031; x_wconf 77' lang='grc' dir='ltr'><strong>τελειότερον,</strong></span> <span class='ocrx_word' id='word_1_56' title='bbox 1582 964 1643 1015; x_wconf 75' lang='grc' dir='ltr'>τὸ</span> <span class='ocrx_word' id='word_1_57' title='bbox 1676 966 1856 1018; x_wconf 80' lang='grc' dir='ltr'>πάντα</span> 
     </span>
    </p>
   </div>
   <div class='ocr_carea' id='block_1_11' title="bbox 273 1050 1857 1126">
    <p class='ocr_par' dir='ltr' id='par_1_11' title="bbox 273 1050 1857 1126">
     <span class='ocr_line' id='line_1_11' title="bbox 273 1050 1857 1126; baseline 0.003 -23"><span class='ocrx_word' id='word_1_58' title='bbox 273 1050 344 1103; x_wconf 77' lang='grc' dir='ltr'>τὰ</span> <span class='ocrx_word' id='word_1_59' title='bbox 373 1051 498 1122; x_wconf 76' lang='grc' dir='ltr'>τῇδε</span> <span class='ocrx_word' id='word_1_60' title='bbox 535 1051 910 1114; x_wconf 72' lang='grc' dir='ltr'>καταπτύσαι,</span> <span class='ocrx_word' id='word_1_61' title='bbox 947 1053 1045 1105; x_wconf 76' lang='grc' dir='ltr'><strong>καὶ</strong></span> <span class='ocrx_word' id='word_1_62' title='bbox 1073 1053 1442 1124; x_wconf 80' lang='grc' dir='ltr'>ἀκολουθῆσαι</span> <span class='ocrx_word' id='word_1_63' title='bbox 1482 1055 1632 1124; x_wconf 78' lang='grc' dir='ltr'>αὐτῷ</span> <span class='ocrx_word' id='word_1_64' title='bbox 1676 1057 1857 1126; x_wconf 84' lang='grc' dir='ltr'>χωρή-</span> 
     </span>
    </p>
   </div>
   <div class='ocr_carea' id='block_1_12' title="bbox 276 1141 1850 1213">
    <p class='ocr_par' dir='ltr' id='par_1_12' title="bbox 276 1141 1850 1213">
     <span class='ocr_line' id='line_1_12' title="bbox 276 1141 1850 1213; baseline 0.004 -19"><span class='ocrx_word' id='word_1_65' title='bbox 276 1159 443 1194; x_wconf 72' lang='grc' dir='ltr'>σαντα</span> <span class='ocrx_word' id='word_1_66' title='bbox 486 1141 790 1213; x_wconf 74' lang='grc' dir='ltr'><strong>προθύμως</strong></span> <span class='ocrx_word' id='word_1_67' title='bbox 823 1143 963 1212; x_wconf 73' lang='grc' dir='ltr'>πρὸς</span> <span class='ocrx_word' id='word_1_68' title='bbox 1021 1142 1114 1196; x_wconf 86' lang='grc' dir='ltr'><strong>τὸν</strong></span> <span class='ocrx_word' id='word_1_69' title='bbox 1180 1145 1547 1199; x_wconf 77' lang='grc' dir='ltr'>ἐπονείδιστον</span> <span class='ocrx_word' id='word_1_70' title='bbox 1602 1148 1850 1200; x_wconf 75' lang='grc' dir='ltr'>θάνατον.</span> 
     </span>
    </p>
   </div>
   <div class='ocr_carea' id='block_1_13' title="bbox 274 1232 1861 1310">
    <p class='ocr_par' dir='ltr' id='par_1_13' title="bbox 274 1232 1861 1310">
     <span class='ocr_line' id='line_1_13' title="bbox 274 1232 1861 1310; baseline 0.003 -24"><span class='ocrx_word' id='word_1_71' title='bbox 274 1234 497 1296; x_wconf 62' lang='grc' dir='ltr'>Τούτοις</span> <span class='ocrx_word' id='word_1_72' title='bbox 522 1233 566 1286; x_wconf 86' lang='grc' dir='ltr'>δ’</span> <span class='ocrx_word' id='word_1_73' title='bbox 592 1235 828 1304; x_wconf 78' lang='grc' dir='ltr'><strong>ἐγείρων</strong></span> <span class='ocrx_word' id='word_1_74' title='bbox 870 1232 981 1287; x_wconf 85' lang='grc' dir='ltr'><strong>τῶν</strong></span> <span class='ocrx_word' id='word_1_75' title='bbox 1015 1235 1328 1290; x_wconf 80' lang='grc' dir='ltr'>ἀκουόντων</span> <span class='ocrx_word' id='word_1_76' title='bbox 1353 1239 1413 1290; x_wconf 85' lang='grc' dir='ltr'><strong>τὸ</strong></span> <span class='ocrx_word' id='word_1_77' title='bbox 1452 1240 1708 1310; x_wconf 65' lang='grc' dir='ltr'>φρόνημα</span> <span class='ocrx_word' id='word_1_78' title='bbox 1772 1240 1861 1291; x_wconf 79' lang='grc' dir='ltr'><strong>εὐ-</strong></span> 
     </span>
    </p>
   </div>
   <div class='ocr_carea' id='block_1_14' title="bbox 272 1325 1860 1402">
    <p class='ocr_par' dir='ltr' id='par_1_14' title="bbox 272 1325 1860 1402">
     <span class='ocr_line' id='line_1_14' title="bbox 272 1325 1860 1402; baseline 0.004 -26"><span class='ocrx_word' id='word_1_79' title='bbox 272 1325 622 1392; x_wconf 74' lang='grc' dir='ltr'>αγγελίζεται</span> <span class='ocrx_word' id='word_1_80' title='bbox 655 1327 758 1397; x_wconf 83' lang='grc' dir='ltr'><strong>τὴν</strong></span> <span class='ocrx_word' id='word_1_81' title='bbox 783 1327 1076 1389; x_wconf 78' lang='grc' dir='ltr'>ἀντίδοσιν,</span> <span class='ocrx_word' id='word_1_82' title='bbox 1098 1329 1636 1384; x_wconf 78' lang='grc' dir='ltr'>ἑκατονταπλασίονα</span> <span class='ocrx_word' id='word_1_83' title='bbox 1692 1331 1860 1402; x_wconf 70' lang='grc' dir='ltr'>λήψε-</span> 
     </span>
    </p>
   </div>
   <div class='ocr_carea' id='block_1_15' title="bbox 274 1418 1858 1496">
    <p class='ocr_par' dir='ltr' id='par_1_15' title="bbox 274 1418 1858 1496">
     <span class='ocr_line' id='line_1_15' title="bbox 274 1418 1858 1496; baseline 0.006 -25"><span class='ocrx_word' id='word_1_84' title='bbox 274 1418 398 1471; x_wconf 86' lang='grc' dir='ltr'>σθαι</span> <span class='ocrx_word' id='word_1_85' title='bbox 429 1418 606 1487; x_wconf 85' lang='grc' dir='ltr'>λέγων</span> <span class='ocrx_word' id='word_1_86' title='bbox 663 1421 752 1473; x_wconf 81' lang='grc' dir='ltr'><strong>τὸν</strong></span> <span class='ocrx_word' id='word_1_87' title='bbox 782 1421 850 1474; x_wconf 86' lang='grc' dir='ltr'>δι’</span> <span class='ocrx_word' id='word_1_88' title='bbox 880 1423 1046 1477; x_wconf 78' lang='grc' dir='ltr'>αὐτὸν</span> <span class='ocrx_word' id='word_1_89' title='bbox 1074 1426 1478 1496; x_wconf 79' lang='grc' dir='ltr'>παρωσάμενον</span> <span class='ocrx_word' id='word_1_90' title='bbox 1498 1425 1596 1496; x_wconf 80' lang='grc' dir='ltr'>τὴν</span> <span class='ocrx_word' id='word_1_91' title='bbox 1651 1427 1858 1496; x_wconf 80' lang='grc' dir='ltr'>παροῦ-</span> 
     </span>
    </p>
   </div>
   <div class='ocr_carea' id='block_1_16' title="bbox 275 1511 1186 1584">
    <p class='ocr_par' dir='ltr' id='par_1_16' title="bbox 275 1511 1186 1584">
     <span class='ocr_line' id='line_1_16' title="bbox 275 1511 1186 1584; baseline 0.009 -23"><span class='ocrx_word' id='word_1_92' title='bbox 275 1529 374 1562; x_wconf 79' lang='grc' dir='ltr'><strong>σαν</strong></span> <span class='ocrx_word' id='word_1_93' title='bbox 405 1511 601 1580; x_wconf 80' lang='grc' dir='ltr'>κτῆσίν</span> <span class='ocrx_word' id='word_1_94' title='bbox 627 1529 686 1564; x_wconf 84' lang='grc' dir='ltr'><strong>τε</strong></span> <span class='ocrx_word' id='word_1_95' title='bbox 721 1515 814 1566; x_wconf 79' lang='grc' dir='ltr'>καὶ</span> <span class='ocrx_word' id='word_1_96' title='bbox 838 1516 1186 1584; x_wconf 81' lang='grc' dir='ltr'>συγγένειαν.</span> 
     </span>
    </p>
   </div>
   <div class='ocr_carea' id='block_1_17' title="bbox 359 1603 1854 1680">
    <p class='ocr_par' dir='ltr' id='par_1_17' title="bbox 359 1603 1854 1680">
     <span class='ocr_line' id='line_1_17' title="bbox 359 1603 1854 1680; baseline 0.004 -24"><span class='ocrx_word' id='word_1_97' title='bbox 359 1603 499 1656; x_wconf 73' lang='grc' dir='ltr'>Ἀλλ’</span> <span class='ocrx_word' id='word_1_98' title='bbox 532 1606 770 1658; x_wconf 73' lang='grc' dir='ltr'>ἐνταῦθα</span> <span class='ocrx_word' id='word_1_99' title='bbox 803 1607 1032 1678; x_wconf 81' lang='grc' dir='ltr'>πάλινή</span> <span class='ocrx_word' id='word_1_100' title='bbox 1103 1607 1343 1680; x_wconf 82' lang='grc' dir='ltr'>βδελυρὰ</span> <span class='ocrx_word' id='word_1_101' title='bbox 1396 1609 1492 1662; x_wconf 82' lang='grc' dir='ltr'>τοῦ</span> <span class='ocrx_word' id='word_1_102' title='bbox 1563 1610 1854 1663; x_wconf 80' lang='grc' dir='ltr'>Ἰουλιανοὖ</span> 
     </span>
    </p>
   </div>
   <div class='ocr_carea' id='block_1_18' title="bbox 270 1697 1854 1772">
    <p class='ocr_par' dir='ltr' id='par_1_18' title="bbox 270 1697 1854 1772">
     <span class='ocr_line' id='line_1_18' title="bbox 270 1697 1854 1772; baseline 0.004 -24"><span class='ocrx_word' id='word_1_103' title='bbox 270 1697 510 1765; x_wconf 82' lang='grc' dir='ltr'>γλῶττα,</span> <span class='ocrx_word' id='word_1_104' title='bbox 535 1697 670 1749; x_wconf 82' lang='grc' dir='ltr'>ὡσεὶ</span> <span class='ocrx_word' id='word_1_105' title='bbox 698 1697 863 1768; x_wconf 79' lang='grc' dir='ltr'>ξυρὸν</span> <span class='ocrx_word' id='word_1_106' title='bbox 891 1702 1264 1772; x_wconf 76' lang='grc' dir='ltr'>ἠκονημένον,</span> <span class='ocrx_word' id='word_1_107' title='bbox 1313 1701 1606 1772; x_wconf 74' lang='grc' dir='ltr'>ψαλμικῶς</span> <span class='ocrx_word' id='word_1_108' title='bbox 1656 1703 1854 1769; x_wconf 83' lang='grc' dir='ltr'>εἰπεῖν,</span> 
     </span>
    </p>
   </div>
   <div class='ocr_carea' id='block_1_19' title="bbox 269 1792 1855 1868">
    <p class='ocr_par' dir='ltr' id='par_1_19' title="bbox 269 1792 1855 1868">
     <span class='ocr_line' id='line_1_19' title="bbox 269 1792 1855 1868; baseline 0.003 -23"><span class='ocrx_word' id='word_1_109' title='bbox 269 1792 555 1864; x_wconf 82' lang='grc' dir='ltr'>τέθηκται,</span> <span class='ocrx_word' id='word_1_110' title='bbox 583 1794 655 1846; x_wconf 85' lang='grc' dir='ltr'>τὰ</span> <span class='ocrx_word' id='word_1_111' title='bbox 691 1795 897 1866; x_wconf 85' lang='grc' dir='ltr'>συνὴοη</span> <span class='ocrx_word' id='word_1_112' title='bbox 927 1796 1025 1864; x_wconf 87' lang='grc' dir='ltr'>τῆς</span> <span class='ocrx_word' id='word_1_113' title='bbox 1051 1797 1250 1865; x_wconf 72' lang='grc' dir='ltr'>ἑαυτῆς</span> <span class='ocrx_word' id='word_1_114' title='bbox 1282 1797 1686 1868; x_wconf 80' lang='grc' dir='ltr'>ἀθυροστομίας</span> <span class='ocrx_word' id='word_1_115' title='bbox 1716 1799 1855 1851; x_wconf 82' lang='grc' dir='ltr'>ὅπλα</span> 
     </span>
    </p>
   </div>
   <div class='ocr_carea' id='block_1_20' title="bbox 271 1887 1852 1959">
    <p class='ocr_par' dir='ltr' id='par_1_20' title="bbox 271 1887 1852 1959">
     <span class='ocr_line' id='line_1_20' title="bbox 271 1887 1852 1959; baseline 0.003 -21"><span class='ocrx_word' id='word_1_116' title='bbox 271 1887 548 1955; x_wconf 75' lang='grc' dir='ltr'>κινήσασα</span> <span class='ocrx_word' id='word_1_117' title='bbox 582 1903 596 1916; x_wconf 90' lang='grc'><strong>·</strong></span> <span class='ocrx_word' id='word_1_118' title='bbox 622 1887 852 1959; x_wconf 79' lang='grc' dir='ltr'>διαγελᾷ</span> <span class='ocrx_word' id='word_1_119' title='bbox 874 1887 933 1941; x_wconf 80' lang='grc' dir='ltr'>τὸ</span> <span class='ocrx_word' id='word_1_120' title='bbox 960 1889 1138 1959; x_wconf 77' lang='grc' dir='ltr'>ῥῆμα,</span> <span class='ocrx_word' id='word_1_121' title='bbox 1164 1889 1257 1941; x_wconf 80' lang='grc' dir='ltr'><strong>καὶ</strong></span> <span class='ocrx_word' id='word_1_122' title='bbox 1287 1889 1544 1958; x_wconf 79' lang='grc' dir='ltr'><strong>κωμῳδεῖ</strong></span> <span class='ocrx_word' id='word_1_123' title='bbox 1588 1889 1648 1940; x_wconf 72' lang='grc' dir='ltr'>τὸ</span> <span class='ocrx_word' id='word_1_124' title='bbox 1683 1889 1852 1957; x_wconf 79' lang='grc' dir='ltr'>ἐπάγ-</span> 
     </span>
    </p>
   </div>
   <div class='ocr_carea' id='block_1_21' title="bbox 269 1978 1855 2051">
    <p class='ocr_par' dir='ltr' id='par_1_21' title="bbox 269 1978 1855 2051">
     <span class='ocr_line' id='line_1_21' title="bbox 269 1978 1855 2051; baseline 0.003 -20"><span class='ocrx_word' id='word_1_125' title='bbox 269 1980 470 2049; x_wconf 84' lang='grc' dir='ltr'>γελμα,</span> <span class='ocrx_word' id='word_1_126' title='bbox 500 1979 624 2032; x_wconf 84' lang='grc' dir='ltr'>καί·</span> <span class='ocrx_word' id='word_1_127' title='bbox 655 1978 718 2031; x_wconf 82' lang='grc' dir='ltr'><strong>Εἰ</strong></span> <span class='ocrx_word' id='word_1_128' title='bbox 752 1979 929 2046; x_wconf 78' lang='grc' dir='ltr'>τοῦτο,</span> <span class='ocrx_word' id='word_1_129' title='bbox 964 1983 1152 2051; x_wconf 76' lang='grc' dir='ltr'>φησὶν,</span> <span class='ocrx_word' id='word_1_130' title='bbox 1191 1980 1412 2050; x_wconf 66' lang='grc' dir='ltr'>ἀληθὲς,</span> <span class='ocrx_word' id='word_1_131' title='bbox 1440 1981 1489 2032; x_wconf 89' lang='grc' dir='ltr'>οἱ</span> <span class='ocrx_word' id='word_1_132' title='bbox 1522 1981 1855 2036; x_wconf 79' lang='grc' dir='ltr'>πιστεύσαν-</span> 
     </span>
    </p>
   </div>
   <div class='ocr_carea' id='block_1_22' title="bbox 264 2071 1852 2145">
    <p class='ocr_par' dir='ltr' id='par_1_22' title="bbox 264 2071 1852 2145">
     <span class='ocr_line' id='line_1_22' title="bbox 264 2071 1852 2145; baseline 0.004 -21"><span class='ocrx_word' id='word_1_133' title='bbox 264 2071 453 2140; x_wconf 86' lang='grc' dir='ltr'>τεςτῴ</span> <span class='ocrx_word' id='word_1_134' title='bbox 493 2073 694 2142; x_wconf 78' lang='grc' dir='ltr'>Ἰησοῦ,</span> <span class='ocrx_word' id='word_1_135' title='bbox 733 2074 947 2136; x_wconf 73' lang='grc' dir='ltr'>καὶτὰς</span> <span class='ocrx_word' id='word_1_136' title='bbox 975 2074 1125 2143; x_wconf 78' lang='grc' dir='ltr'>σφῶν</span> <span class='ocrx_word' id='word_1_137' title='bbox 1179 2074 1540 2138; x_wconf 78' lang='grc' dir='ltr'>συνοικούσας</span> <span class='ocrx_word' id='word_1_138' title='bbox 1585 2078 1852 2145; x_wconf 86' lang='grc' dir='ltr'>παρωσά-</span> 
     </span>
    </p>
   </div>
   <div class='ocr_carea' id='block_1_23' title="bbox 269 2163 1850 2240">
    <p class='ocr_par' dir='ltr' id='par_1_23' title="bbox 269 2163 1850 2240">
     <span class='ocr_line' id='line_1_23' title="bbox 269 2163 1850 2240; baseline 0.006 -24"><span class='ocrx_word' id='word_1_139' title='bbox 269 2181 446 2234; x_wconf 87' lang='grc' dir='ltr'>μενοι,</span> <span class='ocrx_word' id='word_1_140' title='bbox 477 2163 756 2232; x_wconf 70' lang='grc' dir='ltr'>διάὐτδν,</span> <span class='ocrx_word' id='word_1_141' title='bbox 804 2166 1000 2219; x_wconf 76' lang='grc' dir='ltr'>ἑκατὸν</span> <span class='ocrx_word' id='word_1_142' title='bbox 1036 2168 1159 2220; x_wconf 73' lang='grc' dir='ltr'>ἀντὶ</span> <span class='ocrx_word' id='word_1_143' title='bbox 1213 2170 1343 2238; x_wconf 72' lang='grc' dir='ltr'>μιᾶς</span> <span class='ocrx_word' id='word_1_144' title='bbox 1399 2169 1508 2238; x_wconf 83' lang='grc' dir='ltr'>ἄρα</span> <span class='ocrx_word' id='word_1_145' title='bbox 1557 2169 1850 2240; x_wconf 67' lang='grc' dir='ltr'>λήψαιντο.</span> 
     </span>
    </p>
   </div>
   <div class='ocr_carea' id='block_1_24' title="bbox 277 2254 1854 2334">
    <p class='ocr_par' dir='ltr' id='par_1_24' title="bbox 277 2254 1854 2334">
     <span class='ocr_line' id='line_1_24' title="bbox 277 2254 1854 2334; baseline 0.003 -24"><span class='ocrx_word' id='word_1_146' title='bbox 277 2258 480 2330; x_wconf 79' lang='grc' dir='ltr'>Ἐχρῆν</span> <span class='ocrx_word' id='word_1_147' title='bbox 518 2259 616 2328; x_wconf 82' lang='grc' dir='ltr'>μὲν</span> <span class='ocrx_word' id='word_1_148' title='bbox 648 2254 741 2313; x_wconf 79' lang='grc' dir='ltr'><strong>οὖν</strong></span> <span class='ocrx_word' id='word_1_149' title='bbox 773 2260 905 2323; x_wconf 71' lang='grc' dir='ltr'>ἴσως</span> <span class='ocrx_word' id='word_1_150' title='bbox 937 2261 1012 2323; x_wconf 87' lang='grc' dir='ltr'><strong>ὡς</strong></span> <span class='ocrx_word' id='word_1_151' title='bbox 1061 2261 1219 2324; x_wconf 81' lang='grc' dir='ltr'>κυνὸς</span> <span class='ocrx_word' id='word_1_152' title='bbox 1239 2261 1445 2333; x_wconf 72' lang='grc' dir='ltr'>ὑλακὴν</span> <span class='ocrx_word' id='word_1_153' title='bbox 1471 2263 1854 2334; x_wconf 81' lang='grc' dir='ltr'>παραδραμεῖν</span> 
     </span>
    </p>
   </div>
   <div class='ocr_carea' id='block_1_25' title="bbox 263 2348 1853 2425">
    <p class='ocr_par' dir='ltr' id='par_1_25' title="bbox 263 2348 1853 2425">
     <span class='ocr_line' id='line_1_25' title="bbox 263 2348 1853 2425; baseline 0.005 -26"><span class='ocrx_word' id='word_1_154' title='bbox 263 2348 327 2400; x_wconf 82' lang='grc' dir='ltr'><strong>τὸ</strong></span> <span class='ocrx_word' id='word_1_155' title='bbox 377 2348 705 2420; x_wconf 81' lang='grc' dir='ltr'>ληρώδημα.</span> <span class='ocrx_word' id='word_1_156' title='bbox 771 2349 913 2404; x_wconf 81' lang='grc' dir='ltr'>Ἀλλ’</span> <span class='ocrx_word' id='word_1_157' title='bbox 959 2351 1047 2405; x_wconf 82' lang='grc' dir='ltr'><strong>ἵνα</strong></span> <span class='ocrx_word' id='word_1_158' title='bbox 1128 2353 1203 2423; x_wconf 82' lang='grc' dir='ltr'><strong>μὴ</strong></span> <span class='ocrx_word' id='word_1_159' title='bbox 1273 2353 1398 2416; x_wconf 75' lang='grc' dir='ltr'>τοὺς</span> <span class='ocrx_word' id='word_1_160' title='bbox 1455 2354 1853 2425; x_wconf 83' lang='grc' dir='ltr'>ἀφελεστέρους</span> 
     </span>
    </p>
   </div>
   <div class='ocr_carea' id='block_1_26' title="bbox 237 2431 1852 2516">
    <p class='ocr_par' dir='ltr' id='par_1_26' title="bbox 237 2431 1852 2516">
     <span class='ocr_line' id='line_1_26' title="bbox 237 2431 1852 2516; baseline 0.004 -24"><span class='ocrx_word' id='word_1_161' title='bbox 237 2441 569 2516; x_wconf 41' lang='grc' dir='ltr'>’παρασύρῃ</span> <span class='ocrx_word' id='word_1_162' title='bbox 602 2443 661 2493; x_wconf 71' lang='grc' dir='ltr'><strong>τὸ</strong></span> <span class='ocrx_word' id='word_1_163' title='bbox 699 2441 967 2511; x_wconf 78' lang='grc' dir='ltr'>σόφισμα,</span> <span class='ocrx_word' id='word_1_164' title='bbox 1023 2445 1228 2515; x_wconf 75' lang='grc' dir='ltr'>φαμὲν,</span> <span class='ocrx_word' id='word_1_165' title='bbox 1289 2445 1364 2507; x_wconf 85' lang='grc' dir='ltr'><strong>ῶς</strong></span> <span class='ocrx_word' id='word_1_166' title='bbox 1423 2447 1482 2498; x_wconf 78' lang='grc' dir='ltr'><strong>οὐ</strong></span> <span class='ocrx_word' id='word_1_167' title='bbox 1526 2444 1636 2498; x_wconf 85' lang='grc' dir='ltr'><strong>τῶν</strong></span> <span class='ocrx_word' id='word_1_168' title='bbox 1673 2431 1852 2516; x_wconf 56' lang='grc' dir='ltr'>ἀυτῶν</span> 
     </span>
    </p>
   </div>
   <div class='ocr_carea' id='block_1_27' title="bbox 265 2532 1854 2606">
    <p class='ocr_par' dir='ltr' id='par_1_27' title="bbox 265 2532 1854 2606">
     <span class='ocr_line' id='line_1_27' title="bbox 265 2532 1854 2606; baseline 0.004 -22"><span class='ocrx_word' id='word_1_169' title='bbox 265 2532 430 2585; x_wconf 85' lang='grc' dir='ltr'>εἱδῶν</span> <span class='ocrx_word' id='word_1_170' title='bbox 471 2534 743 2586; x_wconf 74' lang='grc' dir='ltr'>ἀντίδοσιν</span> <span class='ocrx_word' id='word_1_171' title='bbox 799 2535 1221 2604; x_wconf 71' lang='grc' dir='ltr'>ἐπαγγέλλεται,</span> <span class='ocrx_word' id='word_1_172' title='bbox 1279 2537 1398 2590; x_wconf 76' lang='grc' dir='ltr'>οὐδὲ</span> <span class='ocrx_word' id='word_1_173' title='bbox 1444 2541 1715 2606; x_wconf 87' lang='grc' dir='ltr'>γυναῖκας</span> <span class='ocrx_word' id='word_1_174' title='bbox 1759 2538 1854 2591; x_wconf 79' lang='grc' dir='ltr'>καὶ</span> 
     </span>
    </p>
   </div>
   <div class='ocr_carea' id='block_1_28' title="bbox 261 2622 1853 2700">
    <p class='ocr_par' dir='ltr' id='par_1_28' title="bbox 261 2622 1853 2700">
     <span class='ocr_line' id='line_1_28' title="bbox 261 2622 1853 2700; baseline 0.001 -20"><span class='ocrx_word' id='word_1_175' title='bbox 261 2628 472 2698; x_wconf 74' lang='grc' dir='ltr'>ἀγροὺς</span> <span class='ocrx_word' id='word_1_176' title='bbox 495 2622 652 2682; x_wconf 71' lang='grc' dir='ltr'>εἶπεν</span> <span class='ocrx_word' id='word_1_177' title='bbox 678 2632 1069 2700; x_wconf 83' lang='grc' dir='ltr'>ἀντιπαρέξειν</span> <span class='ocrx_word' id='word_1_178' title='bbox 1126 2631 1334 2695; x_wconf 80' lang='grc' dir='ltr'>αὐτοῖς,</span> <span class='ocrx_word' id='word_1_179' title='bbox 1389 2631 1505 2683; x_wconf 81' lang='grc' dir='ltr'>ἀλλ’</span> <span class='ocrx_word' id='word_1_180' title='bbox 1563 2631 1686 2684; x_wconf 77' lang='grc' dir='ltr'>ἀντὶ</span> <span class='ocrx_word' id='word_1_181' title='bbox 1743 2632 1853 2683; x_wconf 87' lang='grc' dir='ltr'><strong>τῶν</strong></span> 
     </span>
    </p>
   </div>
   <div class='ocr_carea' id='block_1_29' title="bbox 263 2721 1854 2793">
    <p class='ocr_par' dir='ltr' id='par_1_29' title="bbox 263 2721 1854 2793">
     <span class='ocr_line' id='line_1_29' title="bbox 263 2721 1854 2793; baseline 0.004 -22"><span class='ocrx_word' id='word_1_182' title='bbox 263 2721 505 2790; x_wconf 73' lang='grc' dir='ltr'>ῥεόντων</span> <span class='ocrx_word' id='word_1_183' title='bbox 540 2722 607 2774; x_wconf 74' lang='grc' dir='ltr'>τὰ</span> <span class='ocrx_word' id='word_1_184' title='bbox 641 2725 897 2792; x_wconf 80' lang='grc' dir='ltr'>μένοντα,</span> <span class='ocrx_word' id='word_1_185' title='bbox 929 2723 1052 2775; x_wconf 66' lang='lat' dir='ltr'><strong>am</strong></span> <span class='ocrx_word' id='word_1_186' title='bbox 1083 2723 1194 2776; x_wconf 87' lang='grc' dir='ltr'><strong>τῶν</strong></span> <span class='ocrx_word' id='word_1_187' title='bbox 1252 2723 1529 2793; x_wconf 72' lang='grc' dir='ltr'>αἰσθητῶν</span> <span class='ocrx_word' id='word_1_188' title='bbox 1578 2723 1647 2777; x_wconf 85' lang='grc' dir='ltr'><strong>τὰ</strong></span> <span class='ocrx_word' id='word_1_189' title='bbox 1702 2727 1854 2778; x_wconf 72' lang='lat' dir='ltr'><strong>vomi-</strong></span> 
     </span>
    </p>
   </div>
   <div class='ocr_carea' id='block_1_30' title="bbox 266 2815 1852 2886">
    <p class='ocr_par' dir='ltr' id='par_1_30' title="bbox 266 2815 1852 2886">
     <span class='ocr_line' id='line_1_30' title="bbox 266 2815 1852 2886; baseline 0.004 -22"><span class='ocrx_word' id='word_1_190' title='bbox 266 2830 430 2882; x_wconf 83' lang='grc' dir='ltr'>μενα,</span> <span class='ocrx_word' id='word_1_191' title='bbox 463 2815 533 2866; x_wconf 75' lang='grc' dir='ltr'><strong>τὰ</strong></span> <span class='ocrx_word' id='word_1_192' title='bbox 565 2815 707 2886; x_wconf 86' lang='grc' dir='ltr'>ὑπὲρ</span> <span class='ocrx_word' id='word_1_193' title='bbox 738 2815 1045 2885; x_wconf 78' lang='grc' dir='ltr'>ὀφθαλμὸν,</span> <span class='ocrx_word' id='word_1_194' title='bbox 1082 2815 1179 2868; x_wconf 75' lang='grc' dir='ltr'><strong>καὶ</strong></span> <span class='ocrx_word' id='word_1_195' title='bbox 1210 2816 1403 2886; x_wconf 81' lang='grc' dir='ltr'>ἀκοὴν,</span> <span class='ocrx_word' id='word_1_196' title='bbox 1458 2817 1553 2869; x_wconf 74' lang='grc' dir='ltr'><strong>καὶ</strong></span> <span class='ocrx_word' id='word_1_197' title='bbox 1589 2817 1852 2872; x_wconf 77' lang='grc' dir='ltr'>διάνοιαν.</span> 
     </span>
    </p>
   </div>
   <div class='ocr_carea' id='block_1_31' title="bbox 267 2905 1854 2979">
    <p class='ocr_par' dir='ltr' id='par_1_31' title="bbox 267 2905 1854 2979">
     <span class='ocr_line' id='line_1_31' title="bbox 267 2905 1854 2979; baseline 0.003 -21"><span class='ocrx_word' id='word_1_198' title='bbox 267 2905 484 2969; x_wconf 82' lang='grc' dir='ltr'>Ἀλλως</span> <span class='ocrx_word' id='word_1_199' title='bbox 539 2925 598 2959; x_wconf 80' lang='grc' dir='ltr'><strong>τε</strong></span> <span class='ocrx_word' id='word_1_200' title='bbox 644 2910 750 2960; x_wconf 71' lang='grc' dir='ltr'>κὰν</span> <span class='ocrx_word' id='word_1_201' title='bbox 804 2908 881 2976; x_wconf 82' lang='grc' dir='ltr'>τῷ</span> <span class='ocrx_word' id='word_1_202' title='bbox 915 2910 1149 2979; x_wconf 79' lang='grc' dir='ltr'>παρόντι</span> <span class='ocrx_word' id='word_1_203' title='bbox 1203 2909 1304 2979; x_wconf 79' lang='grc' dir='ltr'><strong>βίῳ</strong></span> <span class='ocrx_word' id='word_1_204' title='bbox 1362 2912 1476 2972; x_wconf 87' lang='grc' dir='ltr'>τοῖς</span> <span class='ocrx_word' id='word_1_205' title='bbox 1530 2910 1854 2972; x_wconf 84' lang='grc' dir='ltr'>ἀποστόλοις</span> 
     </span>
    </p>
   </div>
   <div class='ocr_carea' id='block_1_32' title="bbox 265 2997 1857 3070">
    <p class='ocr_par' dir='ltr' id='par_1_32' title="bbox 265 2997 1857 3070">
     <span class='ocr_line' id='line_1_32' title="bbox 265 2997 1857 3070; baseline 0.004 -22"><span class='ocrx_word' id='word_1_206' title='bbox 265 2997 468 3049; x_wconf 72' lang='grc' dir='ltr'>πολλαὶ</span> <span class='ocrx_word' id='word_1_207' title='bbox 516 2997 626 3050; x_wconf 87' lang='grc' dir='ltr'><strong>τῶν</strong></span> <span class='ocrx_word' id='word_1_208' title='bbox 669 2999 914 3051; x_wconf 75' lang='grc' dir='ltr'>εὐσεϐῶν</span> <span class='ocrx_word' id='word_1_209' title='bbox 963 3000 1243 3066; x_wconf 83' lang='grc' dir='ltr'>γυναικῶν</span> <span class='ocrx_word' id='word_1_210' title='bbox 1308 2999 1662 3070; x_wconf 78' lang='grc' dir='ltr'>διηκόνησαν,</span> <span class='ocrx_word' id='word_1_211' title='bbox 1729 3002 1857 3070; x_wconf 76' lang='grc' dir='ltr'>περὶ</span> 
     </span>
    </p>
   </div>
   <div class='ocr_carea' id='block_1_33' title="bbox 259 3089 1858 3164">
    <p class='ocr_par' dir='ltr' id='par_1_33' title="bbox 259 3089 1858 3164">
     <span class='ocr_line' id='line_1_33' title="bbox 259 3089 1858 3164; baseline 0.003 -21"><span class='ocrx_word' id='word_1_212' title='bbox 259 3089 587 3159; x_wconf 74' lang='grc' dir='ltr'>ἐνδυμάτων</span> <span class='ocrx_word' id='word_1_213' title='bbox 618 3090 822 3158; x_wconf 78' lang='grc' dir='ltr'>αὐτῶν,</span> <span class='ocrx_word' id='word_1_214' title='bbox 865 3091 961 3144; x_wconf 77' lang='grc' dir='ltr'><strong>καὶ</strong></span> <span class='ocrx_word' id='word_1_215' title='bbox 997 3091 1106 3143; x_wconf 88' lang='grc' dir='ltr'><strong>τῶν</strong></span> <span class='ocrx_word' id='word_1_216' title='bbox 1126 3091 1302 3146; x_wconf 83' lang='grc' dir='ltr'>ἄλλων</span> <span class='ocrx_word' id='word_1_217' title='bbox 1325 3093 1644 3160; x_wconf 82' lang='grc' dir='ltr'>ἀναγκαίων</span> <span class='ocrx_word' id='word_1_218' title='bbox 1701 3095 1858 3164; x_wconf 81' lang='grc' dir='ltr'>κηδό-</span> 
     </span>
    </p>
   </div>
   <div class='ocr_carea' id='block_1_34' title="bbox 1967 591 3550 661">
    <p class='ocr_par' dir='ltr' id='par_1_34' title="bbox 1967 591 3550 661">
     <span class='ocr_line' id='line_1_34' title="bbox 1967 591 3550 661; baseline 0.01 -21"><span class='ocrx_word' id='word_1_219' title='bbox 1967 592 2115 657; x_wconf 88' lang='lat' dir='ltr'><strong>prius</strong></span> <span class='ocrx_word' id='word_1_220' title='bbox 2145 593 2362 659; x_wconf 83' lang='lat' dir='ltr'><strong>quidem</strong></span> <span class='ocrx_word' id='word_1_221' title='bbox 2390 633 2405 656; x_wconf 93' lang='lat'><strong>,</strong></span> <span class='ocrx_word' id='word_1_222' title='bbox 2442 603 2500 645; x_wconf 90' lang='lat' dir='ltr'><strong>ut</strong></span> <span class='ocrx_word' id='word_1_223' title='bbox 2540 591 2714 661; x_wconf 89' lang='lat' dir='ltr'><strong>ipsum</strong></span> <span class='ocrx_word' id='word_1_224' title='bbox 2746 609 2930 648; x_wconf 82' lang='lat' dir='ltr'><strong>coram</strong></span> <span class='ocrx_word' id='word_1_225' title='bbox 2978 595 3293 651; x_wconf 88' lang='lat' dir='ltr'><strong>hominibus</strong></span> <span class='ocrx_word' id='word_1_226' title='bbox 3324 601 3550 656; x_wconf 79' lang='lat' dir='ltr'><strong>conﬁte—</strong></span> 
     </span>
    </p>
   </div>
   <div class='ocr_carea' id='block_1_35' title="bbox 1961 684 3548 754">
    <p class='ocr_par' dir='ltr' id='par_1_35' title="bbox 1961 684 3548 754">
     <span class='ocr_line' id='line_1_35' title="bbox 1961 684 3548 754; baseline 0.007 -18"><span class='ocrx_word' id='word_1_227' title='bbox 1961 697 2169 750; x_wconf 84' lang='lat' dir='ltr'><strong>remur,</strong></span> <span class='ocrx_word' id='word_1_228' title='bbox 2223 684 2418 739; x_wconf 85' lang='lat' dir='ltr'><strong>dcinde</strong></span> <span class='ocrx_word' id='word_1_229' title='bbox 2461 694 2520 737; x_wconf 90' lang='lat' dir='ltr'><strong>ut</strong></span> <span class='ocrx_word' id='word_1_230' title='bbox 2552 697 2879 754; x_wconf 89' lang='lat' dir='ltr'><strong>parentum,</strong></span> <span class='ocrx_word' id='word_1_231' title='bbox 2939 698 2994 743; x_wconf 89' lang='lat' dir='ltr'><strong>et</strong></span> <span class='ocrx_word' id='word_1_232' title='bbox 3058 689 3294 744; x_wconf 80' lang='lat' dir='ltr'><strong>ﬁliorum</strong></span> <span class='ocrx_word' id='word_1_233' title='bbox 3349 691 3548 748; x_wconf 76' lang='lat' dir='ltr'><strong>affectu</strong></span> 
     </span>
    </p>
   </div>
   <div class='ocr_carea' id='block_1_36' title="bbox 1962 771 3550 852">
    <p class='ocr_par' dir='ltr' id='par_1_36' title="bbox 1962 771 3550 852">
     <span class='ocr_line' id='line_1_36' title="bbox 1962 771 3550 852; baseline 0.011 -28"><span class='ocrx_word' id='word_1_234' title='bbox 1962 771 2132 841; x_wconf 86' lang='lat' dir='ltr'><strong>ipsius</strong></span> <span class='ocrx_word' id='word_1_235' title='bbox 2180 778 2474 831; x_wconf 71' lang='lat' dir='ltr'><strong>amicitiam</strong></span> <span class='ocrx_word' id='word_1_236' title='bbox 2524 781 2975 846; x_wconf 68' lang='lat' dir='ltr'><strong>prmstabiliorem</strong></span> <span class='ocrx_word' id='word_1_237' title='bbox 3019 784 3423 852; x_wconf 73' lang='lat' dir='ltr'><strong>iudicaremus,</strong></span> <span class='ocrx_word' id='word_1_238' title='bbox 3457 803 3550 841; x_wconf 89' lang='lat' dir='ltr'><strong>re-</strong></span> 
     </span>
    </p>
   </div>
   <div class='ocr_carea' id='block_1_37' title="bbox 1967 867 3549 943">
    <p class='ocr_par' dir='ltr' id='par_1_37' title="bbox 1967 867 3549 943">
     <span class='ocr_line' id='line_1_37' title="bbox 1967 867 3549 943; baseline 0.009 -26"><span class='ocrx_word' id='word_1_239' title='bbox 1967 867 2189 937; x_wconf 80' lang='lat' dir='ltr'><strong>quisivit</strong></span> <span class='ocrx_word' id='word_1_240' title='bbox 2224 886 2235 921; x_wconf 93' lang='lat'><strong>:</strong></span> <span class='ocrx_word' id='word_1_241' title='bbox 2274 870 2480 922; x_wconf 60' lang='lat' dir='ltr'><strong>tunfad</strong></span> <span class='ocrx_word' id='word_1_242' title='bbox 2515 870 2838 940; x_wconf 78' lang='lat' dir='ltr'><strong>perfectiora</strong></span> <span class='ocrx_word' id='word_1_243' title='bbox 2896 875 3200 928; x_wconf 71' lang='lat' dir='ltr'><strong>auditorem</strong></span> <span class='ocrx_word' id='word_1_244' title='bbox 3241 891 3549 943; x_wconf 79' lang='lat' dir='ltr'><strong>promovet,</strong></span> 
     </span>
    </p>
   </div>
   <div class='ocr_carea' id='block_1_38' title="bbox 1965 963 3545 1040">
    <p class='ocr_par' dir='ltr' id='par_1_38' title="bbox 1965 963 3545 1040">
     <span class='ocr_line' id='line_1_38' title="bbox 1965 963 3545 1040; baseline 0.007 -24"><span class='ocrx_word' id='word_1_245' title='bbox 1965 963 2067 1016; x_wconf 87' lang='lat' dir='ltr'><strong>hoc</strong></span> <span class='ocrx_word' id='word_1_246' title='bbox 2107 972 2185 1015; x_wconf 76' lang='lat' dir='ltr'><strong>e:~t</strong></span> <span class='ocrx_word' id='word_1_247' title='bbox 2216 963 2281 1014; x_wconf 90' lang='lat' dir='ltr'><strong>ad</strong></span> <span class='ocrx_word' id='word_1_248' title='bbox 2311 963 2490 1015; x_wconf 88' lang='lat' dir='ltr'><strong>omnia</strong></span> <span class='ocrx_word' id='word_1_249' title='bbox 2524 966 2810 1032; x_wconf 66' lang='lat' dir='ltr'><strong>praesentis</strong></span> <span class='ocrx_word' id='word_1_250' title='bbox 2842 970 2964 1019; x_wconf 80' lang='lat' dir='ltr'><strong>vitae</strong></span> <span class='ocrx_word' id='word_1_251' title='bbox 2999 967 3136 1022; x_wconf 87' lang='lat' dir='ltr'><strong>bona</strong></span> <span class='ocrx_word' id='word_1_252' title='bbox 3173 971 3545 1040; x_wconf 82' lang='lat' dir='ltr'><strong>despicienda,</strong></span> 
     </span>
    </p>
   </div>
   <div class='ocr_carea' id='block_1_39' title="bbox 1962 1055 3552 1127">
    <p class='ocr_par' dir='ltr' id='par_1_39' title="bbox 1962 1055 3552 1127">
     <span class='ocr_line' id='line_1_39' title="bbox 1962 1055 3552 1127; baseline 0.009 -21"><span class='ocrx_word' id='word_1_253' title='bbox 1962 1063 2015 1106; x_wconf 89' lang='lat' dir='ltr'><strong>et</strong></span> <span class='ocrx_word' id='word_1_254' title='bbox 2050 1055 2114 1106; x_wconf 87' lang='lat' dir='ltr'><strong>ad</strong></span> <span class='ocrx_word' id='word_1_255' title='bbox 2146 1055 2482 1122; x_wconf 75' lang='lat' dir='ltr'><strong>sequendum</strong></span> <span class='ocrx_word' id='word_1_256' title='bbox 2525 1059 2732 1124; x_wconf 87' lang='lat' dir='ltr'><strong>ipsum,</strong></span> <span class='ocrx_word' id='word_1_257' title='bbox 2765 1071 2832 1112; x_wconf 76' lang='lat' dir='ltr'><strong>ac</strong></span> <span class='ocrx_word' id='word_1_258' title='bbox 2857 1063 3176 1127; x_wconf 78' lang='lat' dir='ltr'><strong>probrosam</strong></span> <span class='ocrx_word' id='word_1_259' title='bbox 3214 1066 3374 1117; x_wconf 87' lang='lat' dir='ltr'><strong>etiam</strong></span> <span class='ocrx_word' id='word_1_260' title='bbox 3411 1082 3552 1119; x_wconf 90' lang='lat' dir='ltr'><strong>mor-</strong></span> 
     </span>
    </p>
   </div>
   <div class='ocr_carea' id='block_1_40' title="bbox 1963 1152 3548 1226">
    <p class='ocr_par' dir='ltr' id='par_1_40' title="bbox 1963 1152 3548 1226">
     <span class='ocr_line' id='line_1_40' title="bbox 1963 1152 3548 1226; baseline 0.01 -27"><span class='ocrx_word' id='word_1_261' title='bbox 1963 1156 2066 1201; x_wconf 88' lang='lat' dir='ltr'><strong>tem</strong></span> <span class='ocrx_word' id='word_1_262' title='bbox 2120 1160 2372 1218; x_wconf 89' lang='lat' dir='ltr'><strong>prompto</strong></span> <span class='ocrx_word' id='word_1_263' title='bbox 2439 1152 2622 1205; x_wconf 91' lang='lat' dir='ltr'><strong>animo</strong></span> <span class='ocrx_word' id='word_1_264' title='bbox 2677 1154 3034 1208; x_wconf 87' lang='lat' dir='ltr'><strong>subeundam.</strong></span> <span class='ocrx_word' id='word_1_265' title='bbox 3092 1157 3268 1226; x_wconf 82' lang='lat' dir='ltr'><strong>Atque</strong></span> <span class='ocrx_word' id='word_1_266' title='bbox 3319 1159 3385 1212; x_wconf 91' lang='lat' dir='ltr'><strong>ad</strong></span> <span class='ocrx_word' id='word_1_267' title='bbox 3432 1161 3548 1215; x_wconf 67' lang='lat' dir='ltr'><strong>hmo</strong></span> 
     </span>
    </p>
   </div>
   <div class='ocr_carea' id='block_1_41' title="bbox 1959 1241 3545 1319">
    <p class='ocr_par' dir='ltr' id='par_1_41' title="bbox 1959 1241 3545 1319">
     <span class='ocr_line' id='line_1_41' title="bbox 1959 1241 3545 1319; baseline 0.008 -25"><span class='ocrx_word' id='word_1_268' title='bbox 1959 1241 2175 1309; x_wconf 79' lang='lat' dir='ltr'><strong>erigens</strong></span> <span class='ocrx_word' id='word_1_269' title='bbox 2207 1241 2542 1295; x_wconf 84' lang='lat' dir='ltr'><strong>audientium</strong></span> <span class='ocrx_word' id='word_1_270' title='bbox 2570 1244 2798 1310; x_wconf 85' lang='lat' dir='ltr'><strong>spiritus</strong></span> <span class='ocrx_word' id='word_1_271' title='bbox 2819 1285 2833 1307; x_wconf 90' lang='lat'><strong>,</strong></span> <span class='ocrx_word' id='word_1_272' title='bbox 2870 1251 3370 1303; x_wconf 83' lang='lat' dir='ltr'><strong>remunerationem</strong></span> <span class='ocrx_word' id='word_1_273' title='bbox 3407 1267 3545 1319; x_wconf 77' lang='lat' dir='ltr'><strong>prae-</strong></span> 
     </span>
    </p>
   </div>
   <div class='ocr_carea' id='block_1_42' title="bbox 1958 1331 3549 1406">
    <p class='ocr_par' dir='ltr' id='par_1_42' title="bbox 1958 1331 3549 1406">
     <span class='ocr_line' id='line_1_42' title="bbox 1958 1331 3549 1406; baseline 0.006 -24"><span class='ocrx_word' id='word_1_274' title='bbox 1958 1331 2120 1392; x_wconf 88' lang='lat' dir='ltr'><strong>dicit,</strong></span> <span class='ocrx_word' id='word_1_275' title='bbox 2156 1333 2468 1399; x_wconf 84' lang='lat' dir='ltr'><strong>centuplum</strong></span> <span class='ocrx_word' id='word_1_276' title='bbox 2503 1331 2713 1386; x_wconf 85' lang='lat' dir='ltr'><strong>scilicet</strong></span> <span class='ocrx_word' id='word_1_277' title='bbox 2754 1343 3104 1401; x_wconf 83' lang='lat' dir='ltr'><strong>accepturum</strong></span> <span class='ocrx_word' id='word_1_278' title='bbox 3135 1351 3279 1398; x_wconf 89' lang='lat' dir='ltr'><strong>eum,</strong></span> <span class='ocrx_word' id='word_1_279' title='bbox 3307 1339 3398 1406; x_wconf 89' lang='lat' dir='ltr'><strong>qui</strong></span> <span class='ocrx_word' id='word_1_280' title='bbox 3431 1339 3549 1406; x_wconf 79' lang='lat' dir='ltr'><strong>eius</strong></span> 
     </span>
    </p>
   </div>
   <div class='ocr_carea' id='block_1_43' title="bbox 1961 1424 3550 1499">
    <p class='ocr_par' dir='ltr' id='par_1_43' title="bbox 1961 1424 3550 1499">
     <span class='ocr_line' id='line_1_43' title="bbox 1961 1424 3550 1499; baseline 0.008 -25"><span class='ocrx_word' id='word_1_281' title='bbox 1961 1436 2127 1476; x_wconf 82' lang='lat' dir='ltr'><strong>causa</strong></span> <span class='ocrx_word' id='word_1_282' title='bbox 2169 1424 2524 1492; x_wconf 67' lang='lat' dir='ltr'><strong>praesentium</strong></span> <span class='ocrx_word' id='word_1_283' title='bbox 2577 1424 2843 1479; x_wconf 89' lang='lat' dir='ltr'><strong>honorum</strong></span> <span class='ocrx_word' id='word_1_284' title='bbox 2896 1429 3294 1496; x_wconf 83' lang='lat' dir='ltr'><strong>possessionem</strong></span> <span class='ocrx_word' id='word_1_285' title='bbox 3353 1444 3550 1499; x_wconf 76' lang='lat' dir='ltr'><strong>cogna-</strong></span> 
     </span>
    </p>
   </div>
   <div class='ocr_carea' id='block_1_44' title="bbox 1972 1514 2606 1585">
    <p class='ocr_par' dir='ltr' id='par_1_44' title="bbox 1972 1514 2606 1585">
     <span class='ocr_line' id='line_1_44' title="bbox 1972 1514 2606 1585; baseline 0.003 -17"><span class='ocrx_word' id='word_1_286' title='bbox 1972 1514 2286 1585; x_wconf 80' lang='lat' dir='ltr'><strong>tionemque</strong></span> <span class='ocrx_word' id='word_1_287' title='bbox 2314 1516 2606 1571; x_wconf 83' lang='lat' dir='ltr'><strong>dimiserit.</strong></span> 
     </span>
    </p>
   </div>
   <div class='ocr_carea' id='block_1_45' title="bbox 2035 1606 3555 1682">
    <p class='ocr_par' dir='ltr' id='par_1_45' title="bbox 2035 1606 3555 1682">
     <span class='ocr_line' id='line_1_45' title="bbox 2035 1606 3555 1682; baseline 0.007 -24"><span class='ocrx_word' id='word_1_288' title='bbox 2035 1606 2239 1660; x_wconf 85' lang='lat' dir='ltr'><strong>Verum</strong></span> <span class='ocrx_word' id='word_1_289' title='bbox 2285 1609 2369 1660; x_wconf 91' lang='lat' dir='ltr'><strong>hic</strong></span> <span class='ocrx_word' id='word_1_290' title='bbox 2414 1625 2607 1665; x_wconf 87' lang='lat' dir='ltr'><strong>rursus</strong></span> <span class='ocrx_word' id='word_1_291' title='bbox 2658 1610 2994 1665; x_wconf 83' lang='lat' dir='ltr'><strong>detestabilis</strong></span> <span class='ocrx_word' id='word_1_292' title='bbox 3043 1609 3250 1666; x_wconf 76' lang='lat' dir='ltr'><strong>Iuliani</strong></span> <span class='ocrx_word' id='word_1_293' title='bbox 3307 1611 3413 1682; x_wconf 91' lang='lat'><strong>(80)</strong></span> <span class='ocrx_word' id='word_1_294' title='bbox 3451 1614 3555 1668; x_wconf 91' lang='lat' dir='ltr'><strong>liu-</strong></span> 
     </span>
    </p>
   </div>
   <div class='ocr_carea' id='block_1_46' title="bbox 1959 1700 3548 1777">
    <p class='ocr_par' dir='ltr' id='par_1_46' title="bbox 1959 1700 3548 1777">
     <span class='ocr_line' id='line_1_46' title="bbox 1959 1700 3548 1777; baseline 0.009 -32"><span class='ocrx_word' id='word_1_295' title='bbox 1959 1715 2085 1771; x_wconf 75' lang='lat' dir='ltr'><strong>gua,</strong></span> <span class='ocrx_word' id='word_1_296' title='bbox 2110 1700 2273 1754; x_wconf 80' lang='lat' dir='ltr'><strong>veluti</strong></span> <span class='ocrx_word' id='word_1_297' title='bbox 2307 1701 2571 1756; x_wconf 83' lang='lat' dir='ltr'><strong>novacula</strong></span> <span class='ocrx_word' id='word_1_298' title='bbox 2591 1713 2775 1766; x_wconf 86' lang='lat' dir='ltr'><strong>acuta,</strong></span> <span class='ocrx_word' id='word_1_299' title='bbox 2801 1713 2858 1756; x_wconf 91' lang='lat' dir='ltr'><strong>ut</strong></span> <span class='ocrx_word' id='word_1_300' title='bbox 2888 1704 3017 1758; x_wconf 89' lang='lat' dir='ltr'><strong>illud</strong></span> <span class='ocrx_word' id='word_1_301' title='bbox 3050 1704 3246 1760; x_wconf 75' lang='lat' dir='ltr'><strong>[‘salmi</strong></span> <span class='ocrx_word' id='word_1_302' title='bbox 3268 1723 3548 1777; x_wconf 80' lang='lat' dir='ltr'><strong>usurpem,</strong></span> 
     </span>
    </p>
   </div>
   <div class='ocr_carea' id='block_1_47' title="bbox 1967 1792 3547 1858">
    <p class='ocr_par' dir='ltr' id='par_1_47' title="bbox 1967 1792 3547 1858">
     <span class='ocr_line' id='line_1_47' title="bbox 1967 1792 3547 1858; baseline 0.006 -12"><span class='ocrx_word' id='word_1_303' title='bbox 1967 1792 2206 1858; x_wconf 77' lang='lat' dir='ltr'><strong>acuitur,</strong></span> <span class='ocrx_word' id='word_1_304' title='bbox 2242 1802 2297 1848; x_wconf 86' lang='lat' dir='ltr'><strong>et</strong></span> <span class='ocrx_word' id='word_1_305' title='bbox 2328 1803 2585 1848; x_wconf 89' lang='lat' dir='ltr'><strong>consueta</strong></span> <span class='ocrx_word' id='word_1_306' title='bbox 2634 1810 2784 1848; x_wconf 89' lang='lat' dir='ltr'><strong>arma</strong></span> <span class='ocrx_word' id='word_1_307' title='bbox 2819 1811 2930 1852; x_wconf 69' lang='lat' dir='ltr'><strong>suae</strong></span> <span class='ocrx_word' id='word_1_308' title='bbox 2963 1797 3265 1852; x_wconf 85' lang='lat' dir='ltr'><strong>dicacitatis</strong></span> <span class='ocrx_word' id='word_1_309' title='bbox 3297 1802 3547 1856; x_wconf 89' lang='lat' dir='ltr'><strong>intentat.</strong></span> 
     </span>
    </p>
   </div>
   <div class='ocr_carea' id='block_1_48' title="bbox 1967 1889 3556 1960">
    <p class='ocr_par' dir='ltr' id='par_1_48' title="bbox 1967 1889 3556 1960">
     <span class='ocr_line' id='line_1_48' title="bbox 1967 1889 3556 1960; baseline 0.003 -17"><span class='ocrx_word' id='word_1_310' title='bbox 1967 1889 2184 1943; x_wconf 88' lang='lat' dir='ltr'><strong>Deridet</strong></span> <span class='ocrx_word' id='word_1_311' title='bbox 2212 1890 2314 1943; x_wconf 89' lang='lat' dir='ltr'><strong>hoc</strong></span> <span class='ocrx_word' id='word_1_312' title='bbox 2351 1889 2582 1953; x_wconf 90' lang='lat' dir='ltr'><strong>dictum,</strong></span> <span class='ocrx_word' id='word_1_313' title='bbox 2609 1900 2869 1959; x_wconf 85' lang='lat' dir='ltr'><strong>laxatque</strong></span> <span class='ocrx_word' id='word_1_314' title='bbox 2900 1889 3112 1945; x_wconf 86' lang='lat' dir='ltr'><strong>comico</strong></span> <span class='ocrx_word' id='word_1_315' title='bbox 3133 1907 3282 1946; x_wconf 87' lang='lat' dir='ltr'><strong>more</strong></span> <span class='ocrx_word' id='word_1_316' title='bbox 3319 1895 3556 1960; x_wconf 83' lang='lat' dir='ltr'><strong>promis-</strong></span> 
     </span>
    </p>
   </div>
   <div class='ocr_carea' id='block_1_49' title="bbox 1959 1978 3552 2053">
    <p class='ocr_par' dir='ltr' id='par_1_49' title="bbox 1959 1978 3552 2053">
     <span class='ocr_line' id='line_1_49' title="bbox 1959 1978 3552 2053; baseline 0.003 -21"><span class='ocrx_word' id='word_1_317' title='bbox 1959 1979 2189 2042; x_wconf 86' lang='lat' dir='ltr'><strong>sionem,</strong></span> <span class='ocrx_word' id='word_1_318' title='bbox 2227 1990 2321 2034; x_wconf 89' lang='lat' dir='ltr'><strong>et:</strong></span> <span class='ocrx_word' id='word_1_319' title='bbox 2364 1978 2418 2032; x_wconf 89' lang='lat' dir='ltr'><strong>Si</strong></span> <span class='ocrx_word' id='word_1_320' title='bbox 2469 1980 2570 2034; x_wconf 77' lang='lat' dir='ltr'><strong>hoc</strong></span> <span class='ocrx_word' id='word_1_321' title='bbox 2603 1994 2788 2032; x_wconf 84' lang='lat' dir='ltr'><strong>verum</strong></span> <span class='ocrx_word' id='word_1_322' title='bbox 2841 1989 2946 2045; x_wconf 87' lang='lat' dir='ltr'><strong>est,</strong></span> <span class='ocrx_word' id='word_1_323' title='bbox 2987 1980 3182 2050; x_wconf 87' lang='lat' dir='ltr'><strong>inquit,</strong></span> <span class='ocrx_word' id='word_1_324' title='bbox 3235 1983 3401 2050; x_wconf 78' lang='lat' dir='ltr'><strong>igitur</strong></span> <span class='ocrx_word' id='word_1_325' title='bbox 3457 1985 3552 2053; x_wconf 82' lang='lat' dir='ltr'><strong>qui</strong></span> 
     </span>
    </p>
   </div>
   <div class='ocr_carea' id='block_1_50' title="bbox 1955 2070 3553 2144">
    <p class='ocr_par' dir='ltr' id='par_1_50' title="bbox 1955 2070 3553 2144">
     <span class='ocr_line' id='line_1_50' title="bbox 1955 2070 3553 2144; baseline 0.003 -19"><span class='ocrx_word' id='word_1_326' title='bbox 1955 2070 2082 2126; x_wconf 86' lang='lat' dir='ltr'><strong>Jesu</strong></span> <span class='ocrx_word' id='word_1_327' title='bbox 2116 2072 2484 2133; x_wconf 86' lang='lat' dir='ltr'><strong>crediderint.</strong></span> <span class='ocrx_word' id='word_1_328' title='bbox 2533 2083 2591 2126; x_wconf 88' lang='lat' dir='ltr'><strong>et</strong></span> <span class='ocrx_word' id='word_1_329' title='bbox 2625 2087 2823 2126; x_wconf 79' lang='lat' dir='ltr'><strong>uxores</strong></span> <span class='ocrx_word' id='word_1_330' title='bbox 2861 2088 2992 2128; x_wconf 87' lang='lat' dir='ltr'><strong>suas</strong></span> <span class='ocrx_word' id='word_1_331' title='bbox 3022 2073 3140 2140; x_wconf 87' lang='lat' dir='ltr'><strong>ejus</strong></span> <span class='ocrx_word' id='word_1_332' title='bbox 3187 2089 3349 2128; x_wconf 87' lang='lat' dir='ltr'><strong>causa</strong></span> <span class='ocrx_word' id='word_1_333' title='bbox 3385 2091 3553 2144; x_wconf 87' lang='lat' dir='ltr'><strong>repu-</strong></span> 
     </span>
    </p>
   </div>
   <div class='ocr_carea' id='block_1_51' title="bbox 1958 2165 3551 2234">
    <p class='ocr_par' dir='ltr' id='par_1_51' title="bbox 1958 2165 3551 2234">
     <span class='ocr_line' id='line_1_51' title="bbox 1958 2165 3551 2234; baseline 0.003 -14"><span class='ocrx_word' id='word_1_334' title='bbox 1958 2165 2423 2234; x_wconf 83' lang='lat' dir='ltr'><strong>diariut,pro&#39;una</strong></span> <span class='ocrx_word' id='word_1_335' title='bbox 2453 2172 2667 2219; x_wconf 88' lang='lat' dir='ltr'><strong>centum</strong></span> <span class='ocrx_word' id='word_1_336' title='bbox 2688 2165 2888 2219; x_wconf 83' lang='lat' dir='ltr'><strong>habere</strong></span> <span class='ocrx_word' id='word_1_337' title='bbox 2917 2176 3164 2234; x_wconf 90' lang='lat' dir='ltr'><strong>possunt.</strong></span> <span class='ocrx_word' id='word_1_338' title='bbox 3185 2166 3288 2221; x_wconf 82' lang='lat' dir='ltr'><strong>Sed</strong></span> <span class='ocrx_word' id='word_1_339' title='bbox 3319 2166 3551 2224; x_wconf 77' lang='lat' dir='ltr'><strong>fortasse</strong></span> 
     </span>
    </p>
   </div>
   <div class='ocr_carea' id='block_1_52' title="bbox 1958 2255 3550 2326">
    <p class='ocr_par' dir='ltr' id='par_1_52' title="bbox 1958 2255 3550 2326">
     <span class='ocr_line' id='line_1_52' title="bbox 1958 2255 3550 2326; baseline 0.002 -15"><span class='ocrx_word' id='word_1_340' title='bbox 1958 2259 2127 2311; x_wconf 85' lang='lat' dir='ltr'><strong>satius</strong></span> <span class='ocrx_word' id='word_1_341' title='bbox 2152 2256 2329 2310; x_wconf 82' lang='lat' dir='ltr'><strong>fuerat</strong></span> <span class='ocrx_word' id='word_1_342' title='bbox 2364 2255 2676 2312; x_wconf 90' lang='lat' dir='ltr'><strong>irrisionem</strong></span> <span class='ocrx_word' id='word_1_343' title='bbox 2714 2257 2854 2310; x_wconf 87' lang='lat' dir='ltr'><strong>hanc</strong></span> <span class='ocrx_word' id='word_1_344' title='bbox 2895 2256 3052 2324; x_wconf 90' lang='lat' dir='ltr'><strong>quasi</strong></span> <span class='ocrx_word' id='word_1_345' title='bbox 3087 2257 3238 2311; x_wconf 85' lang='lat' dir='ltr'><strong>cauis</strong></span> <span class='ocrx_word' id='word_1_346' title='bbox 3275 2260 3550 2326; x_wconf 61' lang='lat' dir='ltr'><strong>prmterire</strong></span> 
     </span>
    </p>
   </div>
   <div class='ocr_carea' id='block_1_53' title="bbox 1959 2348 3547 2418">
    <p class='ocr_par' dir='ltr' id='par_1_53' title="bbox 1959 2348 3547 2418">
     <span class='ocr_line' id='line_1_53' title="bbox 1959 2348 3547 2418; baseline 0 -14"><span class='ocrx_word' id='word_1_347' title='bbox 1959 2352 2241 2404; x_wconf 84' lang='lat' dir='ltr'><strong>latratum.</strong></span> <span class='ocrx_word' id='word_1_348' title='bbox 2298 2348 2406 2402; x_wconf 87' lang='lat' dir='ltr'><strong>Sed</strong></span> <span class='ocrx_word' id='word_1_349' title='bbox 2458 2364 2527 2403; x_wconf 90' lang='lat' dir='ltr'><strong>ne</strong></span> <span class='ocrx_word' id='word_1_350' title='bbox 2578 2363 2642 2404; x_wconf 91' lang='lat' dir='ltr'><strong>eo</strong></span> <span class='ocrx_word' id='word_1_351' title='bbox 2702 2348 3038 2418; x_wconf 85' lang='lat' dir='ltr'><strong>sephismate</strong></span> <span class='ocrx_word' id='word_1_352' title='bbox 3086 2348 3446 2418; x_wconf 79' lang='lat' dir='ltr'><strong>simpliciores</strong></span> <span class='ocrx_word' id='word_1_353' title='bbox 3495 2351 3547 2404; x_wconf 91' lang='lat' dir='ltr'><strong>iu</strong></span> 
     </span>
    </p>
   </div>
   <div class='ocr_carea' id='block_1_54' title="bbox 1960 2441 3549 2509">
    <p class='ocr_par' dir='ltr' id='par_1_54' title="bbox 1960 2441 3549 2509">
     <span class='ocr_line' id='line_1_54' title="bbox 1960 2441 3549 2509; baseline 0 -11"><span class='ocrx_word' id='word_1_354' title='bbox 1960 2458 2203 2498; x_wconf 82' lang='lat' dir='ltr'><strong>errorem</strong></span> <span class='ocrx_word' id='word_1_355' title='bbox 2265 2443 2596 2509; x_wconf 87' lang='lat' dir='ltr'><strong>trahantur,</strong></span> <span class='ocrx_word' id='word_1_356' title='bbox 2654 2441 2888 2496; x_wconf 86' lang='lat' dir='ltr'><strong>dicimus</strong></span> <span class='ocrx_word' id='word_1_357' title='bbox 2943 2456 3052 2495; x_wconf 89' lang='lat' dir='ltr'><strong>non</strong></span> <span class='ocrx_word' id='word_1_358' title='bbox 3105 2455 3228 2496; x_wconf 78' lang='lat' dir='ltr'><strong>esse</strong></span> <span class='ocrx_word' id='word_1_359' title='bbox 3263 2456 3330 2495; x_wconf 82' lang='lat' dir='ltr'><strong>ex</strong></span> <span class='ocrx_word' id='word_1_360' title='bbox 3385 2443 3549 2498; x_wconf 87' lang='lat' dir='ltr'><strong>rebus</strong></span> 
     </span>
    </p>
   </div>
   <div class='ocr_carea' id='block_1_55' title="bbox 1957 2535 3550 2606">
    <p class='ocr_par' dir='ltr' id='par_1_55' title="bbox 1957 2535 3550 2606">
     <span class='ocr_line' id='line_1_55' title="bbox 1957 2535 3550 2606; baseline 0.001 -18"><span class='ocrx_word' id='word_1_361' title='bbox 1957 2538 2199 2606; x_wconf 79' lang='lat' dir='ltr'><strong>ejusdem</strong></span> <span class='ocrx_word' id='word_1_362' title='bbox 2250 2536 2450 2605; x_wconf 88' lang='lat' dir='ltr'><strong>speciei</strong></span> <span class='ocrx_word' id='word_1_363' title='bbox 2513 2535 3051 2605; x_wconf 86' lang='lat' dir='ltr'><strong>remunerationem,</strong></span> <span class='ocrx_word' id='word_1_364' title='bbox 3103 2549 3280 2604; x_wconf 83' lang='lat' dir='ltr'><strong>neque</strong></span> <span class='ocrx_word' id='word_1_365' title='bbox 3328 2550 3550 2599; x_wconf 66' lang='lat' dir='ltr'><strong>uxores.</strong></span> 
     </span>
    </p>
   </div>
   <div class='ocr_carea' id='block_1_56' title="bbox 1958 2627 3546 2700">
    <p class='ocr_par' dir='ltr' id='par_1_56' title="bbox 1958 2627 3546 2700">
     <span class='ocr_line' id='line_1_56' title="bbox 1958 2627 3546 2700; baseline 0.001 -18"><span class='ocrx_word' id='word_1_366' title='bbox 1958 2641 2048 2683; x_wconf 84' lang='lat' dir='ltr'><strong>aut</strong></span> <span class='ocrx_word' id='word_1_367' title='bbox 2089 2646 2248 2700; x_wconf 76' lang='lat' dir='ltr'><strong>agros</strong></span> <span class='ocrx_word' id='word_1_368' title='bbox 2306 2645 2366 2684; x_wconf 90' lang='lat' dir='ltr'><strong>se</strong></span> <span class='ocrx_word' id='word_1_369' title='bbox 2417 2630 2756 2684; x_wconf 87' lang='lat' dir='ltr'><strong>redditurum</strong></span> <span class='ocrx_word' id='word_1_370' title='bbox 2810 2645 2933 2684; x_wconf 84' lang='lat' dir='ltr'><strong>esse</strong></span> <span class='ocrx_word' id='word_1_371' title='bbox 2982 2627 3272 2683; x_wconf 87' lang='lat' dir='ltr'><strong>Dominum</strong></span> <span class='ocrx_word' id='word_1_372' title='bbox 3321 2630 3546 2689; x_wconf 80' lang='lat' dir='ltr'><strong>dixisse.</strong></span> 
     </span>
    </p>
   </div>
   <div class='ocr_carea' id='block_1_57' title="bbox 1957 2720 3550 2793">
    <p class='ocr_par' dir='ltr' id='par_1_57' title="bbox 1957 2720 3550 2793">
     <span class='ocr_line' id='line_1_57' title="bbox 1957 2720 3550 2793; baseline 0.001 -17"><span class='ocrx_word' id='word_1_373' title='bbox 1957 2725 2046 2778; x_wconf 88' lang='lat' dir='ltr'><strong>sed</strong></span> <span class='ocrx_word' id='word_1_374' title='bbox 2087 2723 2255 2793; x_wconf 78' lang='lat'><strong>296</strong></span> <span class='ocrx_word' id='word_1_375' title='bbox 2286 2722 2500 2777; x_wconf 86' lang='lat' dir='ltr'><strong>stabilia</strong></span> <span class='ocrx_word' id='word_1_376' title='bbox 2537 2737 2636 2792; x_wconf 92' lang='lat' dir='ltr'><strong>pro</strong></span> <span class='ocrx_word' id='word_1_377' title='bbox 2669 2720 2830 2776; x_wconf 83' lang='lat' dir='ltr'><strong>ﬂuxis</strong></span> <span class='ocrx_word' id='word_1_378' title='bbox 2854 2763 2868 2786; x_wconf 92' lang='lat'><strong>,</strong></span> <span class='ocrx_word' id='word_1_379' title='bbox 2904 2722 3261 2791; x_wconf 77' lang='lat' dir='ltr'><strong>iutelligihilia</strong></span> <span class='ocrx_word' id='word_1_380' title='bbox 3294 2739 3391 2792; x_wconf 91' lang='lat' dir='ltr'><strong>pro</strong></span> <span class='ocrx_word' id='word_1_381' title='bbox 3417 2739 3550 2777; x_wconf 82' lang='lat' dir='ltr'><strong>seu-</strong></span> 
     </span>
    </p>
   </div>
   <div class='ocr_carea' id='block_1_58' title="bbox 1959 2816 3548 2885">
    <p class='ocr_par' dir='ltr' id='par_1_58' title="bbox 1959 2816 3548 2885">
     <span class='ocr_line' id='line_1_58' title="bbox 1959 2816 3548 2885; baseline 0.002 -17"><span class='ocrx_word' id='word_1_382' title='bbox 1959 2817 2232 2882; x_wconf 82' lang='lat' dir='ltr'><strong>sihilihus,</strong></span> <span class='ocrx_word' id='word_1_383' title='bbox 2264 2832 2437 2884; x_wconf 87' lang='lat' dir='ltr'><strong>caque</strong></span> <span class='ocrx_word' id='word_1_384' title='bbox 2469 2832 2590 2885; x_wconf 71' lang='lat' dir='ltr'><strong>quae</strong></span> <span class='ocrx_word' id='word_1_385' title='bbox 2617 2816 2896 2870; x_wconf 88' lang='lat' dir='ltr'><strong>oculormn</strong></span> <span class='ocrx_word' id='word_1_386' title='bbox 2926 2824 2980 2870; x_wconf 91' lang='lat' dir='ltr'><strong>et</strong></span> <span class='ocrx_word' id='word_1_387' title='bbox 3007 2817 3245 2880; x_wconf 81' lang='lat' dir='ltr'><strong>auditus,</strong></span> <span class='ocrx_word' id='word_1_388' title='bbox 3271 2825 3323 2870; x_wconf 89' lang='lat' dir='ltr'><strong>et</strong></span> <span class='ocrx_word' id='word_1_389' title='bbox 3349 2818 3548 2871; x_wconf 85' lang='lat' dir='ltr'><strong>utentis</strong></span> 
     </span>
    </p>
   </div>
   <div class='ocr_carea' id='block_1_59' title="bbox 1957 2906 3547 2979">
    <p class='ocr_par' dir='ltr' id='par_1_59' title="bbox 1957 2906 3547 2979">
     <span class='ocr_line' id='line_1_59' title="bbox 1957 2906 3547 2979; baseline -0.002 -14"><span class='ocrx_word' id='word_1_390' title='bbox 1957 2922 2174 2979; x_wconf 62' lang='lat' dir='ltr'><strong>captum</strong></span> <span class='ocrx_word' id='word_1_391' title='bbox 2214 2909 2508 2962; x_wconf 84' lang='lat' dir='ltr'><strong>excedunt.</strong></span> <span class='ocrx_word' id='word_1_392' title='bbox 2539 2906 2807 2962; x_wconf 63' lang='lat' dir='ltr'><strong>Praeterea</strong></span> <span class='ocrx_word' id='word_1_393' title='bbox 2848 2922 2976 2961; x_wconf 90' lang='lat' dir='ltr'><strong>vero</strong></span> <span class='ocrx_word' id='word_1_394' title='bbox 3005 2907 3169 2961; x_wconf 87' lang='lat' dir='ltr'><strong>etiam</strong></span> <span class='ocrx_word' id='word_1_395' title='bbox 3205 2907 3257 2961; x_wconf 92' lang='lat' dir='ltr'><strong>in</strong></span> <span class='ocrx_word' id='word_1_396' title='bbox 3291 2909 3547 2977; x_wconf 66' lang='lat' dir='ltr'><strong>praesenti</strong></span> 
     </span>
    </p>
   </div>
   <div class='ocr_carea' id='block_1_60' title="bbox 1961 2999 3550 3070">
    <p class='ocr_par' dir='ltr' id='par_1_60' title="bbox 1961 2999 3550 3070">
     <span class='ocr_line' id='line_1_60' title="bbox 1961 2999 3550 3070; baseline 0 -16"><span class='ocrx_word' id='word_1_397' title='bbox 1961 3007 2066 3058; x_wconf 85' lang='lat' dir='ltr'><strong>vita</strong></span> <span class='ocrx_word' id='word_1_398' title='bbox 2127 3003 2310 3056; x_wconf 78' lang='lat' dir='ltr'><strong>multa:</strong></span> <span class='ocrx_word' id='word_1_399' title='bbox 2357 3002 2570 3070; x_wconf 90' lang='lat' dir='ltr'><strong>piarum</strong></span> <span class='ocrx_word' id='word_1_400' title='bbox 2625 2999 2912 3054; x_wconf 86' lang='lat' dir='ltr'><strong>mulierum</strong></span> <span class='ocrx_word' id='word_1_401' title='bbox 2969 2999 3230 3065; x_wconf 86' lang='lat' dir='ltr'><strong>apostolis</strong></span> <span class='ocrx_word' id='word_1_402' title='bbox 3275 3000 3550 3054; x_wconf 72' lang='lat' dir='ltr'><strong>laumlatze</strong></span> 
     </span>
    </p>
   </div>
   <div class='ocr_carea' id='block_1_61' title="bbox 1959 3092 3550 3164">
    <p class='ocr_par' dir='ltr' id='par_1_61' title="bbox 1959 3092 3550 3164">
     <span class='ocr_line' id='line_1_61' title="bbox 1959 3092 3550 3164; baseline -0.003 -14"><span class='ocrx_word' id='word_1_403' title='bbox 1959 3106 2114 3159; x_wconf 86' lang='lat' dir='ltr'><strong>Sttltl,</strong></span> <span class='ocrx_word' id='word_1_404' title='bbox 2149 3108 2201 3149; x_wconf 88' lang='lat' dir='ltr'><strong>et</strong></span> <span class='ocrx_word' id='word_1_405' title='bbox 2236 3095 2406 3164; x_wconf 88' lang='lat' dir='ltr'><strong>ipsius</strong></span> <span class='ocrx_word' id='word_1_406' title='bbox 2441 3093 2604 3148; x_wconf 88' lang='lat' dir='ltr'><strong>etiam</strong></span> <span class='ocrx_word' id='word_1_407' title='bbox 2637 3092 2985 3156; x_wconf 87' lang='lat' dir='ltr'><strong>vestimenti,</strong></span> <span class='ocrx_word' id='word_1_408' title='bbox 3009 3103 3062 3147; x_wconf 90' lang='lat' dir='ltr'><strong>et</strong></span> <span class='ocrx_word' id='word_1_409' title='bbox 3091 3093 3319 3147; x_wconf 85' lang='lat' dir='ltr'><strong>aliorqu</strong></span> <span class='ocrx_word' id='word_1_410' title='bbox 3365 3094 3430 3145; x_wconf 88' lang='lat' dir='ltr'><strong>ad</strong></span> <span class='ocrx_word' id='word_1_411' title='bbox 3469 3095 3550 3146; x_wconf 87' lang='lat' dir='ltr'><strong>vi-</strong></span> 
     </span>
    </p>
   </div>
   <div class='ocr_carea' id='block_1_62' title="bbox 264 3180 1854 3260">
    <p class='ocr_par' dir='ltr' id='par_1_62' title="bbox 264 3184 1854 3260">
     <span class='ocr_line' id='line_1_62' title="bbox 264 3184 1854 3260; baseline 0.003 -24"><span class='ocrx_word' id='word_1_412' title='bbox 264 3201 454 3254; x_wconf 85' lang='grc' dir='ltr'>μεναι.</span> <span class='ocrx_word' id='word_1_413' title='bbox 479 3185 628 3238; x_wconf 80' lang='grc' dir='ltr'>Μίαν</span> <span class='ocrx_word' id='word_1_414' title='bbox 648 3184 703 3237; x_wconf 80' lang='grc' dir='ltr'><strong>δὲ</strong></span> <span class='ocrx_word' id='word_1_415' title='bbox 722 3184 900 3238; x_wconf 85' lang='grc' dir='ltr'>οἰκίαν</span> <span class='ocrx_word' id='word_1_416' title='bbox 933 3186 960 3236; x_wconf 83' lang='grc' dir='ltr'><strong>ό</strong></span> <span class='ocrx_word' id='word_1_417' title='bbox 991 3185 1192 3255; x_wconf 77' lang='grc' dir='ltr'>Πέτρος</span> <span class='ocrx_word' id='word_1_418' title='bbox 1221 3185 1381 3254; x_wconf 62' lang='grc' dir='ltr'>ἀφεὶς</span> <span class='ocrx_word' id='word_1_419' title='bbox 1406 3189 1463 3238; x_wconf 81' lang='grc' dir='ltr'>ἐν</span> <span class='ocrx_word' id='word_1_420' title='bbox 1493 3190 1558 3258; x_wconf 85' lang='grc' dir='ltr'>τῇ</span> <span class='ocrx_word' id='word_1_421' title='bbox 1579 3188 1688 3258; x_wconf 81' lang='grc' dir='ltr'><strong>Βηο</strong></span> <span class='ocrx_word' id='word_1_422' title='bbox 1702 3189 1854 3260; x_wconf 76' lang='grc' dir='ltr'>σαῐὸᾄ</span> 
     </span>
    </p>
   </div>
   <div class='ocr_carea' id='block_1_63' title="bbox 1959 3180 3550 3260">
    <p class='ocr_par' dir='ltr' id='par_1_63' title="bbox 1963 3180 3550 3253">
     <span class='ocr_line' id='line_1_63' title="bbox 1963 3180 3550 3253; baseline -0.003 -12"><span class='ocrx_word' id='word_1_423' title='bbox 1963 3201 2068 3241; x_wconf 89' lang='lat' dir='ltr'><strong>tam</strong></span> <span class='ocrx_word' id='word_1_424' title='bbox 2094 3187 2523 3240; x_wconf 88' lang='lat' dir='ltr'><strong>necessariorum</strong></span> <span class='ocrx_word' id='word_1_425' title='bbox 2557 3184 2796 3238; x_wconf 86' lang='lat' dir='ltr'><strong>subsidia</strong></span> <span class='ocrx_word' id='word_1_426' title='bbox 2860 3192 3243 3253; x_wconf 86' lang='lat' dir='ltr'><strong>procurarunt.</strong></span> <span class='ocrx_word' id='word_1_427' title='bbox 3267 3180 3385 3237; x_wconf 86' lang='lat' dir='ltr'><strong>Una</strong></span> <span class='ocrx_word' id='word_1_428' title='bbox 3446 3182 3550 3236; x_wconf 82' lang='lat' dir='ltr'><strong>Pe-</strong></span> 
     </span>
    </p>
   </div>
   <div class='ocr_carea' id='block_1_64' title="bbox 262 3275 1857 3350">
    <p class='ocr_par' dir='ltr' id='par_1_64' title="bbox 262 3275 1857 3350">
     <span class='ocr_line' id='line_1_64' title="bbox 262 3275 1857 3350; baseline 0.003 -22"><span class='ocrx_word' id='word_1_429' title='bbox 262 3276 483 3329; x_wconf 81' lang='grc' dir='ltr'>πολλῶν</span> <span class='ocrx_word' id='word_1_430' title='bbox 507 3276 714 3348; x_wconf 79' lang='grc' dir='ltr'>ἐτέρων</span> <span class='ocrx_word' id='word_1_431' title='bbox 747 3275 940 3330; x_wconf 80' lang='grc' dir='ltr'>οἰκιῶν</span> <span class='ocrx_word' id='word_1_432' title='bbox 967 3277 1159 3346; x_wconf 84' lang='grc' dir='ltr'>γέγονε</span> <span class='ocrx_word' id='word_1_433' title='bbox 1192 3277 1446 3341; x_wconf 87' lang='grc' dir='ltr'>κὰτοικος</span> <span class='ocrx_word' id='word_1_434' title='bbox 1485 3297 1497 3309; x_wconf 88' lang='grc'><strong>·</strong></span> <span class='ocrx_word' id='word_1_435' title='bbox 1561 3282 1617 3331; x_wconf 84' lang='grc' dir='ltr'>ἐν</span> <span class='ocrx_word' id='word_1_436' title='bbox 1652 3283 1721 3350; x_wconf 86' lang='grc' dir='ltr'>γῇ</span> <span class='ocrx_word' id='word_1_437' title='bbox 1756 3280 1857 3349; x_wconf 80' lang='grc' dir='ltr'>μὲν</span> 
     </span>
    </p>
   </div>
   <div class='ocr_carea' id='block_1_65' title="bbox 263 3370 1856 3442">
    <p class='ocr_par' dir='ltr' id='par_1_65' title="bbox 263 3370 1856 3442">
     <span class='ocr_line' id='line_1_65' title="bbox 263 3370 1856 3442; baseline 0.002 -19"><span class='ocrx_word' id='word_1_438' title='bbox 263 3372 352 3424; x_wconf 80' lang='grc' dir='ltr'>ἔτι</span> <span class='ocrx_word' id='word_1_439' title='bbox 387 3371 724 3442; x_wconf 81' lang='grc' dir='ltr'>περιπολῶν,</span> <span class='ocrx_word' id='word_1_440' title='bbox 760 3374 858 3424; x_wconf 68' lang='grc' dir='ltr'><strong>καὶ</strong></span> <span class='ocrx_word' id='word_1_441' title='bbox 903 3371 1194 3441; x_wconf 78' lang='grc' dir='ltr'>κηρύττων</span> <span class='ocrx_word' id='word_1_442' title='bbox 1247 3370 1310 3423; x_wconf 81' lang='grc' dir='ltr'><strong>τὸ</strong></span> <span class='ocrx_word' id='word_1_443' title='bbox 1354 3371 1690 3440; x_wconf 83' lang='grc' dir='ltr'>Εὑαγγέλιον</span> <span class='ocrx_word' id='word_1_444' title='bbox 1752 3374 1856 3426; x_wconf 80' lang='grc' dir='ltr'>ὑπὸ</span> 
     </span>
    </p>
   </div>
   <div class='ocr_carea' id='block_1_66' title="bbox 259 3463 1854 3535">
    <p class='ocr_par' dir='ltr' id='par_1_66' title="bbox 259 3463 1854 3535">
     <span class='ocr_line' id='line_1_66' title="bbox 259 3463 1854 3535; baseline 0.001 -19"><span class='ocrx_word' id='word_1_445' title='bbox 259 3465 376 3516; x_wconf 79' lang='grc' dir='ltr'><strong>τῶν</strong></span> <span class='ocrx_word' id='word_1_446' title='bbox 419 3463 633 3516; x_wconf 80' lang='grc' dir='ltr'>πιστῶν</span> <span class='ocrx_word' id='word_1_447' title='bbox 663 3463 1034 3530; x_wconf 76' lang='grc' dir='ltr'>ξενιζόμενος,</span> <span class='ocrx_word' id='word_1_448' title='bbox 1072 3464 1169 3517; x_wconf 79' lang='grc' dir='ltr'>νῦν</span> <span class='ocrx_word' id='word_1_449' title='bbox 1198 3463 1257 3516; x_wconf 80' lang='grc' dir='ltr'>δὲ</span> <span class='ocrx_word' id='word_1_450' title='bbox 1291 3464 1394 3517; x_wconf 85' lang='grc' dir='ltr'><strong>ἁνά</strong></span> <span class='ocrx_word' id='word_1_451' title='bbox 1427 3467 1612 3518; x_wconf 81' lang='grc' dir='ltr'>πᾶσαν</span> <span class='ocrx_word' id='word_1_452' title='bbox 1645 3466 1746 3535; x_wconf 81' lang='grc' dir='ltr'><strong>τὴν</strong></span> <span class='ocrx_word' id='word_1_453' title='bbox 1776 3466 1854 3518; x_wconf 77' lang='grc' dir='ltr'><strong>οξ·-</strong></span> 
     </span>
    </p>
   </div>
   <div class='ocr_carea' id='block_1_67' title="bbox 260 3555 1850 3627">
    <p class='ocr_par' dir='ltr' id='par_1_67' title="bbox 260 3555 1850 3627">
     <span class='ocr_line' id='line_1_67' title="bbox 260 3555 1850 3627; baseline 0.001 -19"><span class='ocrx_word' id='word_1_454' title='bbox 260 3556 545 3625; x_wconf 81' lang='grc' dir='ltr'>κουμὲνην</span> <span class='ocrx_word' id='word_1_455' title='bbox 585 3557 747 3617; x_wconf 79' lang='grc' dir='ltr'>ναοὺς</span> <span class='ocrx_word' id='word_1_456' title='bbox 774 3556 914 3627; x_wconf 80' lang='grc' dir='ltr'>ἔχων</span> <span class='ocrx_word' id='word_1_457' title='bbox 950 3573 1027 3627; x_wconf 82' lang='grc' dir='ltr'>τῳ</span> <span class='ocrx_word' id='word_1_458' title='bbox 1053 3555 1265 3609; x_wconf 77' lang='grc' dir='ltr'>ἐκείνου</span> <span class='ocrx_word' id='word_1_459' title='bbox 1303 3557 1678 3627; x_wconf 82' lang='grc' dir='ltr'>κεκλημένους</span> <span class='ocrx_word' id='word_1_460' title='bbox 1736 3559 1850 3610; x_wconf 74' lang='grc' dir='ltr'>ὀνό-</span> 
     </span>
    </p>
   </div>
   <div class='ocr_carea' id='block_1_68' title="bbox 265 3648 1851 3720">
    <p class='ocr_par' dir='ltr' id='par_1_68' title="bbox 265 3648 1851 3720">
     <span class='ocr_line' id='line_1_68' title="bbox 265 3648 1851 3720; baseline 0.002 -19"><span class='ocrx_word' id='word_1_461' title='bbox 265 3665 430 3719; x_wconf 83' lang='grc' dir='ltr'>ματι.</span> <span class='ocrx_word' id='word_1_462' title='bbox 457 3648 638 3701; x_wconf 82' lang='grc' dir='ltr'>Καλὸν</span> <span class='ocrx_word' id='word_1_463' title='bbox 680 3648 737 3701; x_wconf 81' lang='grc' dir='ltr'><strong>δὲ</strong></span> <span class='ocrx_word' id='word_1_464' title='bbox 770 3650 999 3702; x_wconf 83' lang='grc' dir='ltr'>κάκεῖνο</span> <span class='ocrx_word' id='word_1_465' title='bbox 1048 3649 1530 3720; x_wconf 82' lang='grc' dir='ltr'>ὑποσημήνασθαι,</span> <span class='ocrx_word' id='word_1_466' title='bbox 1583 3651 1658 3713; x_wconf 87' lang='grc' dir='ltr'>ὡς</span> <span class='ocrx_word' id='word_1_467' title='bbox 1703 3650 1851 3704; x_wconf 79' lang='grc' dir='ltr'>ὀκτώ</span> 
     </span>
    </p>
   </div>
   <div class='ocr_carea' id='block_1_69' title="bbox 263 3736 1855 3814">
    <p class='ocr_par' dir='ltr' id='par_1_69' title="bbox 263 3736 1855 3814">
     <span class='ocr_line' id='line_1_69' title="bbox 263 3736 1855 3814; baseline 0.003 -21"><span class='ocrx_word' id='word_1_468' title='bbox 263 3744 378 3794; x_wconf 83' lang='grc' dir='ltr'>είσι</span> <span class='ocrx_word' id='word_1_469' title='bbox 422 3742 491 3794; x_wconf 80' lang='grc' dir='ltr'><strong>τὰ</strong></span> <span class='ocrx_word' id='word_1_470' title='bbox 544 3742 841 3812; x_wconf 83' lang='grc' dir='ltr'>πρόσωπα,</span> <span class='ocrx_word' id='word_1_471' title='bbox 902 3744 996 3794; x_wconf 72' lang='grc' dir='ltr'><strong>καὶ</strong></span> <span class='ocrx_word' id='word_1_472' title='bbox 1051 3742 1358 3812; x_wconf 81' lang='grc' dir='ltr'>πράγματα</span> <span class='ocrx_word' id='word_1_473' title='bbox 1414 3736 1490 3796; x_wconf 83' lang='grc' dir='ltr'>ὧν</span> <span class='ocrx_word' id='word_1_474' title='bbox 1548 3744 1855 3814; x_wconf 75' lang='grc' dir='ltr'>ἀποφοιτᾷν</span> 
     </span>
    </p>
   </div>
   <div class='ocr_carea' id='block_1_70' title="bbox 266 3834 1856 3908">
    <p class='ocr_par' dir='ltr' id='par_1_70' title="bbox 266 3834 1856 3908">
     <span class='ocr_line' id='line_1_70' title="bbox 266 3834 1856 3908; baseline 0.008 -27"><span class='ocrx_word' id='word_1_475' title='bbox 266 3834 612 3903; x_wconf 67' lang='grc' dir='ltr'>κεὶευόμεθα</span> <span class='ocrx_word' id='word_1_476' title='bbox 646 3851 660 3865; x_wconf 72' lang='grc' dir='ltr'><strong>ο</strong></span> <span class='ocrx_word' id='word_1_477' title='bbox 698 3835 892 3899; x_wconf 83' lang='grc' dir='ltr'>οἰκίαι,</span> <span class='ocrx_word' id='word_1_478' title='bbox 927 3835 1170 3904; x_wconf 75' lang='grc' dir='ltr'>ἀδελφοὶ,</span> <span class='ocrx_word' id='word_1_479' title='bbox 1195 3835 1446 3902; x_wconf 73' lang='grc' dir='ltr'>ἀδελφαὶ,</span> <span class='ocrx_word' id='word_1_480' title='bbox 1481 3839 1687 3907; x_wconf 80' lang='grc' dir='ltr'>πατὴρ,</span> <span class='ocrx_word' id='word_1_481' title='bbox 1751 3839 1856 3908; x_wconf 85' lang='grc' dir='ltr'><strong>μή·</strong></span> 
     </span>
    </p>
   </div>
   <div class='ocr_carea' id='block_1_71' title="bbox 260 3927 1855 3999">
    <p class='ocr_par' dir='ltr' id='par_1_71' title="bbox 260 3927 1855 3999">
     <span class='ocr_line' id='line_1_71' title="bbox 260 3927 1855 3999; baseline 0.003 -21"><span class='ocrx_word' id='word_1_482' title='bbox 260 3945 396 3998; x_wconf 76' lang='grc' dir='ltr'>τηρ,</span> <span class='ocrx_word' id='word_1_483' title='bbox 426 3927 586 3998; x_wconf 78' lang='grc' dir='ltr'>γυνὴ,</span> <span class='ocrx_word' id='word_1_484' title='bbox 615 3929 804 3994; x_wconf 80' lang='grc' dir='ltr'>τέκνα,</span> <span class='ocrx_word' id='word_1_485' title='bbox 838 3929 935 3982; x_wconf 82' lang='grc' dir='ltr'>καὶ</span> <span class='ocrx_word' id='word_1_486' title='bbox 965 3929 1153 3999; x_wconf 87' lang='grc' dir='ltr'>ἀγροί.</span> <span class='ocrx_word' id='word_1_487' title='bbox 1201 3928 1352 3983; x_wconf 78' lang='grc' dir='ltr'>Ἀντὶ</span> <span class='ocrx_word' id='word_1_488' title='bbox 1371 3929 1583 3984; x_wconf 80' lang='grc' dir='ltr'>τούτων</span> <span class='ocrx_word' id='word_1_489' title='bbox 1606 3927 1702 3984; x_wconf 79' lang='grc' dir='ltr'><strong>οὖν</strong></span> <span class='ocrx_word' id='word_1_490' title='bbox 1745 3931 1855 3984; x_wconf 90' lang='grc' dir='ltr'><strong>τῶν</strong></span> 
     </span>
    </p>
   </div>
   <div class='ocr_carea' id='block_1_72' title="bbox 259 4020 1856 4094">
    <p class='ocr_par' dir='ltr' id='par_1_72' title="bbox 259 4020 1856 4094">
     <span class='ocr_line' id='line_1_72' title="bbox 259 4020 1856 4094; baseline 0.003 -21"><span class='ocrx_word' id='word_1_491' title='bbox 259 4023 346 4084; x_wconf 80' lang='grc' dir='ltr'>εἰς</span> <span class='ocrx_word' id='word_1_492' title='bbox 372 4020 514 4072; x_wconf 82' lang='grc' dir='ltr'>ὀκτὼ</span> <span class='ocrx_word' id='word_1_493' title='bbox 537 4021 938 4092; x_wconf 78' lang='grc' dir='ltr'>διαιρουμένων</span> <span class='ocrx_word' id='word_1_494' title='bbox 969 4023 1356 4094; x_wconf 81' lang='grc' dir='ltr'>ἀντιπαρέχειν</span> <span class='ocrx_word' id='word_1_495' title='bbox 1391 4026 1419 4077; x_wconf 92' lang='grc' dir='ltr'>ὁ</span> <span class='ocrx_word' id='word_1_496' title='bbox 1448 4023 1658 4094; x_wconf 83' lang='grc' dir='ltr'>Κύριος</span> <span class='ocrx_word' id='word_1_497' title='bbox 1680 4026 1856 4094; x_wconf 80' lang='grc' dir='ltr'>ἐπηγ-</span> 
     </span>
    </p>
   </div>
   <div class='ocr_carea' id='block_1_73' title="bbox 259 4114 1854 4188">
    <p class='ocr_par' dir='ltr' id='par_1_73' title="bbox 259 4114 1854 4188">
     <span class='ocr_line' id='line_1_73' title="bbox 259 4114 1854 4188; baseline 0.003 -23"><span class='ocrx_word' id='word_1_498' title='bbox 259 4115 490 4183; x_wconf 81' lang='grc' dir='ltr'>γείλατο</span> <span class='ocrx_word' id='word_1_499' title='bbox 511 4115 658 4168; x_wconf 83' lang='grc' dir='ltr'><strong>κατὰ</strong></span> <span class='ocrx_word' id='word_1_500' title='bbox 688 4114 789 4186; x_wconf 77' lang='grc' dir='ltr'>τὴν</span> <span class='ocrx_word' id='word_1_501' title='bbox 824 4117 1020 4187; x_wconf 77' lang='grc' dir='ltr'>ὀγδόην</span> <span class='ocrx_word' id='word_1_502' title='bbox 1051 4117 1152 4188; x_wconf 81' lang='grc' dir='ltr'>τὴν</span> <span class='ocrx_word' id='word_1_503' title='bbox 1188 4116 1494 4186; x_wconf 81' lang='grc' dir='ltr'>μέλλουσαν</span> <span class='ocrx_word' id='word_1_504' title='bbox 1513 4117 1582 4170; x_wconf 80' lang='grc' dir='ltr'>τὰ</span> <span class='ocrx_word' id='word_1_505' title='bbox 1619 4118 1854 4184; x_wconf 83' lang='grc' dir='ltr'>ἑστῶτα,</span> 
     </span>
    </p>
   </div>
   <div class='ocr_carea' id='block_1_74' title="bbox 260 4199 1856 4281">
    <p class='ocr_par' dir='ltr' id='par_1_74' title="bbox 260 4199 1856 4281">
     <span class='ocr_line' id='line_1_74' title="bbox 260 4199 1856 4281; baseline 0.003 -21"><span class='ocrx_word' id='word_1_506' title='bbox 260 4207 364 4260; x_wconf 75' lang='grc' dir='ltr'><strong>καὶ</strong></span> <span class='ocrx_word' id='word_1_507' title='bbox 398 4199 745 4276; x_wconf 83' lang='grc' dir='ltr'>μένοντα,ὧν</span> <span class='ocrx_word' id='word_1_508' title='bbox 768 4207 1066 4278; x_wconf 85' lang='grc' dir='ltr'>δηλωτικὸς</span> <span class='ocrx_word' id='word_1_509' title='bbox 1110 4210 1137 4260; x_wconf 84' lang='grc' dir='ltr'>ὁ</span> <span class='ocrx_word' id='word_1_510' title='bbox 1170 4209 1360 4276; x_wconf 76' lang='grc' dir='ltr'>ὄγδοος</span> <span class='ocrx_word' id='word_1_511' title='bbox 1410 4208 1648 4281; x_wconf 79' lang='grc' dir='ltr'>ἀριθμὸς</span> <span class='ocrx_word' id='word_1_512' title='bbox 1689 4212 1856 4275; x_wconf 75' lang='grc' dir='ltr'>κύϐος</span> 
     </span>
    </p>
   </div>
   <div class='ocr_carea' id='block_1_75' title="bbox 261 4295 1857 4372">
    <p class='ocr_par' dir='ltr' id='par_1_75' title="bbox 261 4295 1857 4372">
     <span class='ocr_line' id='line_1_75' title="bbox 261 4295 1857 4372; baseline 0.003 -22"><span class='ocrx_word' id='word_1_513' title='bbox 261 4295 370 4361; x_wconf 79' lang='grc' dir='ltr'>ὢν,</span> <span class='ocrx_word' id='word_1_514' title='bbox 395 4296 471 4359; x_wconf 88' lang='grc' dir='ltr'><strong>ῶς</strong></span> <span class='ocrx_word' id='word_1_515' title='bbox 500 4315 656 4367; x_wconf 83' lang='grc' dir='ltr'>φασι,</span> <span class='ocrx_word' id='word_1_516' title='bbox 682 4299 927 4368; x_wconf 82' lang='grc' dir='ltr'>πρῶτος,</span> <span class='ocrx_word' id='word_1_517' title='bbox 955 4299 1050 4351; x_wconf 66' lang='grc' dir='ltr'><strong>καὶ</strong></span> <span class='ocrx_word' id='word_1_518' title='bbox 1079 4298 1173 4351; x_wconf 84' lang='grc' dir='ltr'>τοῦ</span> <span class='ocrx_word' id='word_1_519' title='bbox 1238 4299 1458 4370; x_wconf 85' lang='grc' dir='ltr'>πρώτου</span> <span class='ocrx_word' id='word_1_520' title='bbox 1507 4301 1857 4372; x_wconf 79' lang='grc' dir='ltr'>τετραγώνου</span> 
     </span>
    </p>
   </div>
   <div class='ocr_carea' id='block_1_76' title="bbox 258 4390 1859 4463">
    <p class='ocr_par' dir='ltr' id='par_1_76' title="bbox 258 4390 1859 4463">
     <span class='ocr_line' id='line_1_76' title="bbox 258 4390 1859 4463; baseline 0.002 -17"><span class='ocrx_word' id='word_1_521' title='bbox 258 4390 575 4460; x_wconf 78' lang='grc' dir='ltr'>διπλάσιος,</span> <span class='ocrx_word' id='word_1_522' title='bbox 608 4392 704 4447; x_wconf 71' lang='grc' dir='ltr'>καὶ</span> <span class='ocrx_word' id='word_1_523' title='bbox 732 4390 1022 4462; x_wconf 85' lang='grc' dir='ltr'>σημαίνων</span> <span class='ocrx_word' id='word_1_524' title='bbox 1043 4392 1104 4445; x_wconf 85' lang='grc' dir='ltr'>τὺ</span> <span class='ocrx_word' id='word_1_525' title='bbox 1129 4393 1383 4463; x_wconf 89' lang='grc' dir='ltr'>μόνιμον,</span> <span class='ocrx_word' id='word_1_526' title='bbox 1411 4393 1510 4446; x_wconf 84' lang='grc' dir='ltr'>καὶ</span> <span class='ocrx_word' id='word_1_527' title='bbox 1531 4393 1859 4462; x_wconf 87' lang='grc' dir='ltr'>δυσκίνητον</span> 
     </span>
    </p>
   </div>
   <div class='ocr_carea' id='block_1_77' title="bbox 1959 3275 3552 3340">
    <p class='ocr_par' dir='ltr' id='par_1_77' title="bbox 1959 3275 3552 3340">
     <span class='ocr_line' id='line_1_77' title="bbox 1959 3275 3552 3340; baseline -0.003 -8"><span class='ocrx_word' id='word_1_528' title='bbox 1959 3292 2073 3334; x_wconf 89' lang='lat' dir='ltr'><strong>trus</strong></span> <span class='ocrx_word' id='word_1_529' title='bbox 2103 3281 2154 3332; x_wconf 91' lang='lat' dir='ltr'><strong>in</strong></span> <span class='ocrx_word' id='word_1_530' title='bbox 2192 3278 2480 3333; x_wconf 84' lang='lat' dir='ltr'><strong>Bethsaida</strong></span> <span class='ocrx_word' id='word_1_531' title='bbox 2507 3277 2672 3332; x_wconf 89' lang='lat' dir='ltr'><strong>domo</strong></span> <span class='ocrx_word' id='word_1_532' title='bbox 2694 3277 2905 3340; x_wconf 84' lang='lat' dir='ltr'><strong>relicta,</strong></span> <span class='ocrx_word' id='word_1_533' title='bbox 2935 3277 3132 3330; x_wconf 87' lang='lat' dir='ltr'><strong>multas</strong></span> <span class='ocrx_word' id='word_1_534' title='bbox 3153 3275 3288 3328; x_wconf 90' lang='lat' dir='ltr'><strong>alias</strong></span> <span class='ocrx_word' id='word_1_535' title='bbox 3308 3279 3372 3328; x_wconf 89' lang='lat' dir='ltr'><strong>ad</strong></span> <span class='ocrx_word' id='word_1_536' title='bbox 3396 3275 3552 3329; x_wconf 85' lang='lat' dir='ltr'><strong>habi-</strong></span> 
     </span>
    </p>
   </div>
   <div class='ocr_carea' id='block_1_78' title="bbox 1957 3367 3550 3438">
    <p class='ocr_par' dir='ltr' id='par_1_78' title="bbox 1957 3367 3550 3438">
     <span class='ocr_line' id='line_1_78' title="bbox 1957 3367 3550 3438; baseline -0.002 -14"><span class='ocrx_word' id='word_1_537' title='bbox 1957 3374 2182 3426; x_wconf 87' lang='lat' dir='ltr'><strong>tandum</strong></span> <span class='ocrx_word' id='word_1_538' title='bbox 2211 3373 2422 3426; x_wconf 80' lang='lat' dir='ltr'><strong>habuit.</strong></span> <span class='ocrx_word' id='word_1_539' title='bbox 2445 3371 2510 3424; x_wconf 85' lang='lat' dir='ltr'><strong>Et</strong></span> <span class='ocrx_word' id='word_1_540' title='bbox 2531 3371 2752 3438; x_wconf 86' lang='lat' dir='ltr'><strong>quidem</strong></span> <span class='ocrx_word' id='word_1_541' title='bbox 2776 3371 2902 3423; x_wconf 91' lang='lat' dir='ltr'><strong>dum</strong></span> <span class='ocrx_word' id='word_1_542' title='bbox 2935 3378 3246 3423; x_wconf 84' lang='lat' dir='ltr'><strong>versaretur</strong></span> <span class='ocrx_word' id='word_1_543' title='bbox 3277 3369 3328 3421; x_wconf 93' lang='lat' dir='ltr'><strong>iu</strong></span> <span class='ocrx_word' id='word_1_544' title='bbox 3363 3367 3550 3431; x_wconf 87' lang='lat' dir='ltr'><strong>terris,</strong></span> 
     </span>
    </p>
   </div>
   <div class='ocr_carea' id='block_1_79' title="bbox 1959 3460 3554 3534">
    <p class='ocr_par' dir='ltr' id='par_1_79' title="bbox 1959 3460 3554 3534">
     <span class='ocr_line' id='line_1_79' title="bbox 1959 3460 3554 3534; baseline -0.006 -14"><span class='ocrx_word' id='word_1_545' title='bbox 1959 3477 2014 3520; x_wconf 91' lang='lat' dir='ltr'><strong>et</strong></span> <span class='ocrx_word' id='word_1_546' title='bbox 2047 3465 2404 3534; x_wconf 83' lang='lat' dir='ltr'><strong>Evangeliqu</strong></span> <span class='ocrx_word' id='word_1_547' title='bbox 2438 3463 2762 3531; x_wconf 66' lang='lat' dir='ltr'><strong>prmdicaret</strong></span> <span class='ocrx_word' id='word_1_548' title='bbox 2785 3500 2801 3525; x_wconf 88' lang='lat'><strong>,</strong></span> <span class='ocrx_word' id='word_1_549' title='bbox 2835 3479 2867 3515; x_wconf 87' lang='lat' dir='ltr'><strong>a</strong></span> <span class='ocrx_word' id='word_1_550' title='bbox 2913 3461 3162 3516; x_wconf 83' lang='lat' dir='ltr'><strong>ﬁdelibus</strong></span> <span class='ocrx_word' id='word_1_551' title='bbox 3195 3460 3428 3531; x_wconf 85' lang='lat' dir='ltr'><strong>hospitio</strong></span> <span class='ocrx_word' id='word_1_552' title='bbox 3453 3475 3554 3514; x_wconf 78' lang='lat' dir='ltr'><strong>ex-</strong></span> 
     </span>
    </p>
   </div>
   <div class='ocr_carea' id='block_1_80' title="bbox 1954 3554 3544 3624">
    <p class='ocr_par' dir='ltr' id='par_1_80' title="bbox 1954 3554 3544 3624">
     <span class='ocr_line' id='line_1_80' title="bbox 1954 3554 3544 3624; baseline -0.001 -20"><span class='ocrx_word' id='word_1_553' title='bbox 1954 3566 2146 3624; x_wconf 78' lang='lat' dir='ltr'><strong>ceptus</strong></span> <span class='ocrx_word' id='word_1_554' title='bbox 2179 3564 2300 3617; x_wconf 71' lang='lat' dir='ltr'><strong>CSl;</strong></span> <span class='ocrx_word' id='word_1_555' title='bbox 2337 3568 2482 3607; x_wconf 88' lang='lat' dir='ltr'><strong>nunc</strong></span> <span class='ocrx_word' id='word_1_556' title='bbox 2511 3568 2644 3606; x_wconf 68' lang='lat' dir='ltr'><strong>VCI‘O</strong></span> <span class='ocrx_word' id='word_1_557' title='bbox 2683 3554 2847 3607; x_wconf 86' lang='lat' dir='ltr'><strong>etiam</strong></span> <span class='ocrx_word' id='word_1_558' title='bbox 2883 3568 2980 3621; x_wconf 91' lang='lat' dir='ltr'><strong>per</strong></span> <span class='ocrx_word' id='word_1_559' title='bbox 3020 3567 3237 3605; x_wconf 89' lang='lat' dir='ltr'><strong>omnem</strong></span> <span class='ocrx_word' id='word_1_560' title='bbox 3275 3562 3544 3604; x_wconf 69' lang='lat' dir='ltr'><strong>[Cl‘l‘ill’lllll</strong></span> 
     </span>
    </p>
   </div>
   <div class='ocr_carea' id='block_1_81' title="bbox 1957 3643 3544 3712">
    <p class='ocr_par' dir='ltr' id='par_1_81' title="bbox 1957 3643 3544 3712">
     <span class='ocr_line' id='line_1_81' title="bbox 1957 3643 3544 3712; baseline -0.006 -10"><span class='ocrx_word' id='word_1_561' title='bbox 1957 3651 2145 3702; x_wconf 80' lang='lat' dir='ltr'><strong>orbem</strong></span> <span class='ocrx_word' id='word_1_562' title='bbox 2181 3648 2348 3700; x_wconf 77' lang='lat' dir='ltr'><strong>inulla</strong></span> <span class='ocrx_word' id='word_1_563' title='bbox 2381 3647 2592 3698; x_wconf 88' lang='lat' dir='ltr'><strong>habens</strong></span> <span class='ocrx_word' id='word_1_564' title='bbox 2641 3644 2840 3712; x_wconf 86' lang='lat' dir='ltr'><strong>templa</strong></span> <span class='ocrx_word' id='word_1_565' title='bbox 2879 3659 2980 3698; x_wconf 89' lang='lat' dir='ltr'><strong>suo</strong></span> <span class='ocrx_word' id='word_1_566' title='bbox 3022 3643 3226 3697; x_wconf 85' lang='lat' dir='ltr'><strong>nomini</strong></span> <span class='ocrx_word' id='word_1_567' title='bbox 3274 3645 3544 3696; x_wconf 81' lang='lat' dir='ltr'><strong>dedicata.</strong></span> 
     </span>
    </p>
   </div>
   <div class='ocr_carea' id='block_1_82' title="bbox 1959 3735 3549 3802">
    <p class='ocr_par' dir='ltr' id='par_1_82' title="bbox 1959 3735 3549 3802">
     <span class='ocr_line' id='line_1_82' title="bbox 1959 3735 3549 3802; baseline -0.007 -4"><span class='ocrx_word' id='word_1_568' title='bbox 1959 3742 2066 3798; x_wconf 89' lang='lat' dir='ltr'><strong>Sed</strong></span> <span class='ocrx_word' id='word_1_569' title='bbox 2109 3751 2163 3795; x_wconf 90' lang='lat' dir='ltr'><strong>et</strong></span> <span class='ocrx_word' id='word_1_570' title='bbox 2217 3739 2350 3792; x_wconf 89' lang='lat' dir='ltr'><strong>illud</strong></span> <span class='ocrx_word' id='word_1_571' title='bbox 2388 3739 2669 3792; x_wconf 87' lang='lat' dir='ltr'><strong>insinuare</strong></span> <span class='ocrx_word' id='word_1_572' title='bbox 2721 3753 2828 3790; x_wconf 92' lang='lat' dir='ltr'><strong>non</strong></span> <span class='ocrx_word' id='word_1_573' title='bbox 2878 3736 3227 3802; x_wconf 86' lang='lat' dir='ltr'><strong>injucundnm</strong></span> <span class='ocrx_word' id='word_1_574' title='bbox 3275 3735 3381 3788; x_wconf 89' lang='lat' dir='ltr'><strong>erit</strong></span> <span class='ocrx_word' id='word_1_575' title='bbox 3428 3750 3549 3802; x_wconf 89' lang='lat' dir='ltr'><strong>per-</strong></span> 
     </span>
    </p>
   </div>
   <div class='ocr_carea' id='block_1_83' title="bbox 1955 3829 3546 3901">
    <p class='ocr_par' dir='ltr' id='par_1_83' title="bbox 1955 3829 3546 3901">
     <span class='ocr_line' id='line_1_83' title="bbox 1955 3829 3546 3901; baseline -0.008 -9"><span class='ocrx_word' id='word_1_576' title='bbox 1955 3853 2122 3892; x_wconf 89' lang='lat' dir='ltr'><strong>sonas</strong></span> <span class='ocrx_word' id='word_1_577' title='bbox 2149 3843 2204 3890; x_wconf 89' lang='lat' dir='ltr'><strong>et</strong></span> <span class='ocrx_word' id='word_1_578' title='bbox 2229 3849 2341 3899; x_wconf 78' lang='lat' dir='ltr'><strong>res,</strong></span> <span class='ocrx_word' id='word_1_579' title='bbox 2372 3848 2400 3885; x_wconf 87' lang='lat' dir='ltr'><strong>a</strong></span> <span class='ocrx_word' id='word_1_580' title='bbox 2433 3830 2631 3900; x_wconf 88' lang='lat' dir='ltr'><strong>quibus</strong></span> <span class='ocrx_word' id='word_1_581' title='bbox 2657 3830 2919 3901; x_wconf 88' lang='lat' dir='ltr'><strong>jubemur</strong></span> <span class='ocrx_word' id='word_1_582' title='bbox 2946 3829 3234 3892; x_wconf 83' lang='lat' dir='ltr'><strong>excedere,</strong></span> <span class='ocrx_word' id='word_1_583' title='bbox 3260 3829 3546 3882; x_wconf 89' lang='lat' dir='ltr'><strong>octonario</strong></span> 
     </span>
    </p>
   </div>
   <div class='ocr_carea' id='block_1_84' title="bbox 1956 3924 3544 3990">
    <p class='ocr_par' dir='ltr' id='par_1_84' title="bbox 1956 3924 3544 3990">
     <span class='ocr_line' id='line_1_84' title="bbox 1956 3924 3544 3990; baseline -0.006 -6"><span class='ocrx_word' id='word_1_584' title='bbox 1956 3924 2748 3989; x_wconf 88' lang='lat' dir='ltr'><strong>munerocontineri,domum,</strong></span> <span class='ocrx_word' id='word_1_585' title='bbox 2786 3925 3010 3986; x_wconf 83' lang='lat' dir='ltr'><strong>fratres,</strong></span> <span class='ocrx_word' id='word_1_586' title='bbox 3041 3937 3285 3986; x_wconf 82' lang='lat' dir='ltr'><strong>sorores,</strong></span> <span class='ocrx_word' id='word_1_587' title='bbox 3307 3932 3544 3990; x_wconf 84' lang='lat' dir='ltr'><strong>patrem,</strong></span> 
     </span>
    </p>
   </div>
   <div class='ocr_carea' id='block_1_85' title="bbox 1959 4014 3548 4083">
    <p class='ocr_par' dir='ltr' id='par_1_85' title="bbox 1959 4014 3548 4083">
     <span class='ocr_line' id='line_1_85' title="bbox 1959 4014 3548 4083; baseline -0.006 -6"><span class='ocrx_word' id='word_1_588' title='bbox 1959 4035 2217 4083; x_wconf 89' lang='lat' dir='ltr'><strong>matrem,</strong></span> <span class='ocrx_word' id='word_1_589' title='bbox 2256 4033 2506 4080; x_wconf 78' lang='lat' dir='ltr'><strong>uxorem,</strong></span> <span class='ocrx_word' id='word_1_590' title='bbox 2531 4017 2696 4079; x_wconf 87' lang='lat' dir='ltr'><strong>ﬁlios,</strong></span> <span class='ocrx_word' id='word_1_591' title='bbox 2725 4031 2904 4083; x_wconf 80' lang='lat' dir='ltr'><strong>agros.</strong></span> <span class='ocrx_word' id='word_1_592' title='bbox 2937 4015 3044 4070; x_wconf 90' lang='lat' dir='ltr'><strong>Pro</strong></span> <span class='ocrx_word' id='word_1_593' title='bbox 3069 4014 3152 4067; x_wconf 88' lang='lat' dir='ltr'><strong>his</strong></span> <span class='ocrx_word' id='word_1_594' title='bbox 3178 4015 3344 4081; x_wconf 81' lang='lat' dir='ltr'><strong>igitur</strong></span> <span class='ocrx_word' id='word_1_595' title='bbox 3365 4015 3416 4066; x_wconf 91' lang='lat' dir='ltr'><strong>in</strong></span> <span class='ocrx_word' id='word_1_596' title='bbox 3443 4015 3548 4068; x_wconf 81' lang='lat' dir='ltr'><strong>huc</strong></span> 
     </span>
    </p>
   </div>
   <div class='ocr_carea' id='block_1_86' title="bbox 1959 4104 3547 4172">
    <p class='ocr_par' dir='ltr' id='par_1_86' title="bbox 1959 4104 3547 4172">
     <span class='ocr_line' id='line_1_86' title="bbox 1959 4104 3547 4172; baseline -0.008 0"><span class='ocrx_word' id='word_1_597' title='bbox 1959 4130 2189 4172; x_wconf 90' lang='lat' dir='ltr'><strong>numero</strong></span> <span class='ocrx_word' id='word_1_598' title='bbox 2225 4112 2532 4168; x_wconf 88' lang='lat' dir='ltr'><strong>distributis</strong></span> <span class='ocrx_word' id='word_1_599' title='bbox 2565 4110 2618 4163; x_wconf 91' lang='lat' dir='ltr'><strong>in</strong></span> <span class='ocrx_word' id='word_1_600' title='bbox 2673 4107 2853 4163; x_wconf 81' lang='lat' dir='ltr'><strong>futura</strong></span> <span class='ocrx_word' id='word_1_601' title='bbox 2914 4107 3000 4160; x_wconf 90' lang='lat' dir='ltr'><strong>illa</strong></span> <span class='ocrx_word' id='word_1_602' title='bbox 3050 4117 3240 4159; x_wconf 84' lang='lat' dir='ltr'><strong>octava</strong></span> <span class='ocrx_word' id='word_1_603' title='bbox 3268 4145 3284 4170; x_wconf 90' lang='lat'><strong>,</strong></span> <span class='ocrx_word' id='word_1_604' title='bbox 3329 4104 3547 4160; x_wconf 88' lang='lat' dir='ltr'><strong>stabilia</strong></span> 
     </span>
    </p>
   </div>
   <div class='ocr_carea' id='block_1_87' title="bbox 1969 4195 3546 4276">
    <p class='ocr_par' dir='ltr' id='par_1_87' title="bbox 1969 4195 3546 4276">
     <span class='ocr_line' id='line_1_87' title="bbox 1969 4195 3546 4276; baseline -0.008 -15"><span class='ocrx_word' id='word_1_605' title='bbox 1969 4224 2032 4261; x_wconf 90' lang='lat' dir='ltr'><strong>ac</strong></span> <span class='ocrx_word' id='word_1_606' title='bbox 2069 4202 2443 4276; x_wconf 85' lang='lat' dir='ltr'><strong>permanentia</strong></span> <span class='ocrx_word' id='word_1_607' title='bbox 2475 4199 2816 4255; x_wconf 86' lang='lat' dir='ltr'><strong>redditurum</strong></span> <span class='ocrx_word' id='word_1_608' title='bbox 2854 4212 2914 4250; x_wconf 90' lang='lat' dir='ltr'><strong>se</strong></span> <span class='ocrx_word' id='word_1_609' title='bbox 2946 4195 3209 4250; x_wconf 89' lang='lat' dir='ltr'><strong>Dominus</strong></span> <span class='ocrx_word' id='word_1_610' title='bbox 3243 4195 3546 4264; x_wconf 86' lang='lat' dir='ltr'><strong>pollicetur,</strong></span> 
     </span>
    </p>
   </div>
   <div class='ocr_carea' id='block_1_88' title="bbox 1962 4289 3547 4369">
    <p class='ocr_par' dir='ltr' id='par_1_88' title="bbox 1962 4289 3547 4369">
     <span class='ocr_line' id='line_1_88' title="bbox 1962 4289 3547 4369; baseline -0.007 -16"><span class='ocrx_word' id='word_1_611' title='bbox 1962 4314 2086 4369; x_wconf 82' lang='lat' dir='ltr'><strong>quae</strong></span> <span class='ocrx_word' id='word_1_612' title='bbox 2120 4313 2251 4351; x_wconf 85' lang='lat' dir='ltr'><strong>sane</strong></span> <span class='ocrx_word' id='word_1_613' title='bbox 2286 4297 2471 4364; x_wconf 83' lang='lat' dir='ltr'><strong>signat</strong></span> <span class='ocrx_word' id='word_1_614' title='bbox 2504 4293 2619 4361; x_wconf 87' lang='lat' dir='ltr'><strong>ipse</strong></span> <span class='ocrx_word' id='word_1_615' title='bbox 2654 4305 2916 4345; x_wconf 89' lang='lat' dir='ltr'><strong>numerus</strong></span> <span class='ocrx_word' id='word_1_616' title='bbox 2943 4290 3278 4353; x_wconf 90' lang='lat' dir='ltr'><strong>octouarins,</strong></span> <span class='ocrx_word' id='word_1_617' title='bbox 3311 4289 3404 4359; x_wconf 92' lang='lat' dir='ltr'><strong>qui</strong></span> <span class='ocrx_word' id='word_1_618' title='bbox 3437 4291 3547 4357; x_wconf 87' lang='lat' dir='ltr'><strong>pri-</strong></span> 
     </span>
    </p>
   </div>
   <div class='ocr_carea' id='block_1_89' title="bbox 1963 4384 3547 4460">
    <p class='ocr_par' dir='ltr' id='par_1_89' title="bbox 1963 4384 3547 4460">
     <span class='ocr_line' id='line_1_89' title="bbox 1963 4384 3547 4460; baseline -0.008 -8"><span class='ocrx_word' id='word_1_619' title='bbox 1963 4412 2085 4452; x_wconf 90' lang='lat' dir='ltr'><strong>mus</strong></span> <span class='ocrx_word' id='word_1_620' title='bbox 2115 4399 2198 4449; x_wconf 89' lang='lat' dir='ltr'><strong>est</strong></span> <span class='ocrx_word' id='word_1_621' title='bbox 2223 4391 2397 4447; x_wconf 82' lang='lat' dir='ltr'><strong>cubus</strong></span> <span class='ocrx_word' id='word_1_622' title='bbox 2435 4387 2585 4460; x_wconf 84' lang='lat'>(8|),</span> <span class='ocrx_word' id='word_1_623' title='bbox 2619 4395 2678 4440; x_wconf 93' lang='lat' dir='ltr'><strong>ut</strong></span> <span class='ocrx_word' id='word_1_624' title='bbox 2727 4386 2919 4448; x_wconf 90' lang='lat' dir='ltr'><strong>aiunt,</strong></span> <span class='ocrx_word' id='word_1_625' title='bbox 2957 4393 3012 4439; x_wconf 87' lang='lat' dir='ltr'><strong>et</strong></span> <span class='ocrx_word' id='word_1_626' title='bbox 3061 4384 3222 4454; x_wconf 82' lang='lat' dir='ltr'><strong>primi</strong></span> <span class='ocrx_word' id='word_1_627' title='bbox 3280 4384 3547 4454; x_wconf 74' lang='lat' dir='ltr'><strong>tetragoni</strong></span> 
     </span>
    </p>
   </div>
   <div class='ocr_carea' id='block_1_90' title="bbox 1509 4536 2298 4600">
    <p class='ocr_par' dir='ltr' id='par_1_90' title="bbox 1509 4536 2298 4600">
     <span class='ocr_line' id='line_1_90' title="bbox 1509 4536 2298 4600; baseline -0.004 -6"><span class='ocrx_word' id='word_1_628' title='bbox 1509 4536 1830 4598; x_wconf 87' lang='lat' dir='ltr'><strong>Francisei</strong></span> <span class='ocrx_word' id='word_1_629' title='bbox 1864 4536 2072 4600; x_wconf 88' lang='lat' dir='ltr'><strong>Scorsi</strong></span> <span class='ocrx_word' id='word_1_630' title='bbox 2109 4539 2298 4595; x_wconf 63' lang='lat' dir='ltr'><strong>notae.</strong></span> 
     </span>
    </p>
   </div>
   <div class='ocr_carea' id='block_1_91' title="bbox 343 4645 3546 4731">
    <p class='ocr_par' dir='ltr' id='par_1_91' title="bbox 343 4645 3546 4731">
     <span class='ocr_line' id='line_1_91' title="bbox 343 4645 3546 4731; baseline -0.005 -17"><span class='ocrx_word' id='word_1_631' title='bbox 343 4658 457 4731; x_wconf 86' lang='lat'><strong>(80)</strong></span> <span class='ocrx_word' id='word_1_632' title='bbox 501 4657 836 4731; x_wconf 62' lang='lat' dir='ltr'><strong>Detestabilis</strong></span> <span class='ocrx_word' id='word_1_633' title='bbox 896 4657 1127 4712; x_wconf 79' lang='lat' dir='ltr'><strong>Iuliani.</strong></span> <span class='ocrx_word' id='word_1_634' title='bbox 1179 4655 1296 4712; x_wconf 77' lang='lat' dir='ltr'><strong>Non</strong></span> <span class='ocrx_word' id='word_1_635' title='bbox 1348 4667 1566 4712; x_wconf 86' lang='lat' dir='ltr'><strong>exstant</strong></span> <span class='ocrx_word' id='word_1_636' title='bbox 1619 4670 1855 4726; x_wconf 88' lang='lat' dir='ltr'><strong>quatuor</strong></span> <span class='ocrx_word' id='word_1_637' title='bbox 1888 4667 1930 4722; x_wconf 77' lang='grc' dir='ltr'><strong>ι)</strong></span> <span class='ocrx_word' id='word_1_638' title='bbox 1962 4659 2149 4714; x_wconf 88' lang='lat' dir='ltr'><strong>videre</strong></span> <span class='ocrx_word' id='word_1_639' title='bbox 2177 4665 2260 4710; x_wconf 82' lang='lat' dir='ltr'><strong>est</strong></span> <span class='ocrx_word' id='word_1_640' title='bbox 2302 4653 2483 4731; x_wconf 77' lang='lat' dir='ltr'><strong>multis</strong></span> <span class='ocrx_word' id='word_1_641' title='bbox 2524 4652 2574 4703; x_wconf 93' lang='lat' dir='ltr'><strong>in</strong></span> <span class='ocrx_word' id='word_1_642' title='bbox 2619 4649 2765 4729; x_wconf 77' lang='lat' dir='ltr'><strong>hisce</strong></span> <span class='ocrx_word' id='word_1_643' title='bbox 2789 4645 3163 4731; x_wconf 66' lang='lat' dir='ltr'><strong>sermonibus,</strong></span> <span class='ocrx_word' id='word_1_644' title='bbox 3213 4655 3266 4698; x_wconf 88' lang='lat' dir='ltr'><strong>et</strong></span> <span class='ocrx_word' id='word_1_645' title='bbox 3300 4645 3546 4697; x_wconf 84' lang='lat' dir='ltr'><strong>animad-</strong></span> 
     </span>
    </p>
   </div>
   <div class='ocr_carea' id='block_1_92' title="bbox 260 4729 1851 4799">
    <p class='ocr_par' dir='ltr' id='par_1_92' title="bbox 260 4729 1851 4799">
     <span class='ocr_line' id='line_1_92' title="bbox 260 4729 1851 4799; baseline -0.003 -11"><span class='ocrx_word' id='word_1_646' title='bbox 260 4729 418 4796; x_wconf 80' lang='lat' dir='ltr'><strong>libri,</strong></span> <span class='ocrx_word' id='word_1_647' title='bbox 440 4729 588 4799; x_wconf 84' lang='lat' dir='ltr'><strong>quos</strong></span> <span class='ocrx_word' id='word_1_648' title='bbox 620 4729 867 4784; x_wconf 86' lang='lat' dir='ltr'><strong>Julianus</strong></span> <span class='ocrx_word' id='word_1_649' title='bbox 898 4731 1158 4799; x_wconf 87' lang='lat' dir='ltr'><strong>Apostata</strong></span> <span class='ocrx_word' id='word_1_650' title='bbox 1187 4731 1445 4782; x_wconf 87' lang='lat' dir='ltr'><strong>adversus</strong></span> <span class='ocrx_word' id='word_1_651' title='bbox 1477 4732 1765 4799; x_wconf 68' lang='lat' dir='ltr'><strong>Evangelia</strong></span> <span class='ocrx_word' id='word_1_652' title='bbox 1801 4733 1851 4784; x_wconf 92' lang='lat' dir='ltr'><strong>iu</strong></span> 
     </span>
    </p>
   </div>
   <div class='ocr_carea' id='block_1_93' title="bbox 263 4799 1856 4871">
    <p class='ocr_par' dir='ltr' id='par_1_93' title="bbox 263 4799 1856 4871">
     <span class='ocr_line' id='line_1_93' title="bbox 263 4799 1856 4871; baseline -0.003 -13"><span class='ocrx_word' id='word_1_653' title='bbox 263 4807 386 4871; x_wconf 86' lang='lat' dir='ltr'><strong>ipsa</strong></span> <span class='ocrx_word' id='word_1_654' title='bbox 434 4799 654 4854; x_wconf 89' lang='lat' dir='ltr'><strong>Persica</strong></span> <span class='ocrx_word' id='word_1_655' title='bbox 707 4799 1054 4868; x_wconf 81' lang='lat' dir='ltr'><strong>expeditione</strong></span> <span class='ocrx_word' id='word_1_656' title='bbox 1110 4799 1348 4867; x_wconf 86' lang='lat' dir='ltr'><strong>scripsit,</strong></span> <span class='ocrx_word' id='word_1_657' title='bbox 1400 4801 1493 4854; x_wconf 89' lang='lat' dir='ltr'><strong>sed</strong></span> <span class='ocrx_word' id='word_1_658' title='bbox 1526 4799 1680 4871; x_wconf 56' lang='lat' dir='ltr'><strong>felici</strong></span> <span class='ocrx_word' id='word_1_659' title='bbox 1725 4816 1856 4854; x_wconf 81' lang='lat' dir='ltr'><strong>Sane</strong></span> 
     </span>
    </p>
   </div>
   <div class='ocr_carea' id='block_1_94' title="bbox 261 4870 1850 4938">
    <p class='ocr_par' dir='ltr' id='par_1_94' title="bbox 261 4870 1850 4938">
     <span class='ocr_line' id='line_1_94' title="bbox 261 4870 1850 4938; baseline -0.002 -10"><span class='ocrx_word' id='word_1_660' title='bbox 261 4870 491 4928; x_wconf 85' lang='lat' dir='ltr'><strong>interitu</strong></span> <span class='ocrx_word' id='word_1_661' title='bbox 523 4871 720 4926; x_wconf 82' lang='lat' dir='ltr'><strong>abolita</strong></span> <span class='ocrx_word' id='word_1_662' title='bbox 754 4878 915 4934; x_wconf 91' lang='lat' dir='ltr'><strong>sunt;</strong></span> <span class='ocrx_word' id='word_1_663' title='bbox 949 4871 1013 4924; x_wconf 87' lang='lat' dir='ltr'><strong>de</strong></span> <span class='ocrx_word' id='word_1_664' title='bbox 1049 4885 1155 4938; x_wconf 89' lang='lat' dir='ltr'><strong>quo</strong></span> <span class='ocrx_word' id='word_1_665' title='bbox 1193 4871 1277 4938; x_wconf 77' lang='lat' dir='ltr'><strong>egi</strong></span> <span class='ocrx_word' id='word_1_666' title='bbox 1327 4873 1472 4923; x_wconf 88' lang='lat' dir='ltr'><strong>hom.</strong></span> <span class='ocrx_word' id='word_1_667' title='bbox 1521 4870 1576 4930; x_wconf 83' lang='grc'>5,</span> <span class='ocrx_word' id='word_1_668' title='bbox 1626 4881 1736 4924; x_wconf 83' lang='grc' dir='ltr'>ηοι.</span> <span class='ocrx_word' id='word_1_669' title='bbox 1794 4872 1850 4925; x_wconf 72' lang='grc'><strong>2.</strong></span> 
     </span>
    </p>
   </div>
   <div class='ocr_carea' id='block_1_95' title="bbox 260 4938 1858 5010">
    <p class='ocr_par' dir='ltr' id='par_1_95' title="bbox 260 4938 1858 5010">
     <span class='ocr_line' id='line_1_95' title="bbox 260 4938 1858 5010; baseline -0.002 -11"><span class='ocrx_word' id='word_1_670' title='bbox 260 4945 378 4999; x_wconf 76' lang='lat' dir='ltr'><strong>Sed</strong></span> <span class='ocrx_word' id='word_1_671' title='bbox 424 4943 562 5010; x_wconf 87' lang='lat' dir='ltr'><strong>apud</strong></span> <span class='ocrx_word' id='word_1_672' title='bbox 621 4940 910 4996; x_wconf 86' lang='lat' dir='ltr'><strong>Baronium</strong></span> <span class='ocrx_word' id='word_1_673' title='bbox 954 4950 1084 4996; x_wconf 90' lang='lat' dir='ltr'><strong>tom.</strong></span> <span class='ocrx_word' id='word_1_674' title='bbox 1133 4938 1221 5003; x_wconf 67' lang='grc' dir='ltr'><strong>ιγ,</strong></span> <span class='ocrx_word' id='word_1_675' title='bbox 1255 4939 1321 4992; x_wconf 90' lang='lat' dir='ltr'><strong>ad</strong></span> <span class='ocrx_word' id='word_1_676' title='bbox 1353 4954 1482 4994; x_wconf 90' lang='lat' dir='ltr'><strong>ann.</strong></span> <span class='ocrx_word' id='word_1_677' title='bbox 1518 4939 1646 5002; x_wconf 76' lang='grc'>562,</span> <span class='ocrx_word' id='word_1_678' title='bbox 1678 4951 1858 4996; x_wconf 84' lang='lat' dir='ltr'><strong>exstat</strong></span> 
     </span>
    </p>
   </div>
   <div class='ocr_carea' id='block_1_96' title="bbox 260 5010 1850 5083">
    <p class='ocr_par' dir='ltr' id='par_1_96' title="bbox 260 5010 1850 5083">
     <span class='ocr_line' id='line_1_96' title="bbox 260 5010 1850 5083; baseline -0.003 -13"><span class='ocrx_word' id='word_1_679' title='bbox 260 5015 441 5083; x_wconf 87' lang='lat' dir='ltr'><strong>ipsius</strong></span> <span class='ocrx_word' id='word_1_680' title='bbox 464 5013 659 5083; x_wconf 77' lang='lat' dir='ltr'><strong>Juliaui</strong></span> <span class='ocrx_word' id='word_1_681' title='bbox 694 5025 935 5065; x_wconf 81' lang='lat' dir='ltr'><strong>scomma</strong></span> <span class='ocrx_word' id='word_1_682' title='bbox 967 5012 1018 5083; x_wconf 89' lang='lat' dir='ltr'><strong>i_n</strong></span> <span class='ocrx_word' id='word_1_683' title='bbox 1056 5010 1420 5083; x_wconf 74' lang='lat' dir='ltr'><strong>evangelicum</strong></span> <span class='ocrx_word' id='word_1_684' title='bbox 1455 5021 1850 5083; x_wconf 86' lang='lat' dir='ltr'><strong>paupertatem.</strong></span> 
     </span>
    </p>
   </div>
   <div class='ocr_carea' id='block_1_97' title="bbox 257 5080 1854 5140">
    <p class='ocr_par' dir='ltr' id='par_1_97' title="bbox 257 5080 1854 5140">
     <span class='ocr_line' id='line_1_97' title="bbox 257 5080 1854 5140; baseline -0.003 0"><span class='ocrx_word' id='word_1_685' title='bbox 257 5080 407 5140; x_wconf 75' lang='lat' dir='ltr'><strong>Cum</strong></span> <span class='ocrx_word' id='word_1_686' title='bbox 439 5086 582 5137; x_wconf 89' lang='lat' dir='ltr'><strong>enim</strong></span> <span class='ocrx_word' id='word_1_687' title='bbox 621 5082 929 5136; x_wconf 86' lang='lat' dir='ltr'><strong>Edessenos</strong></span> <span class='ocrx_word' id='word_1_688' title='bbox 963 5080 1306 5134; x_wconf 85' lang='lat' dir='ltr'><strong>Christianos</strong></span> <span class='ocrx_word' id='word_1_689' title='bbox 1332 5081 1402 5134; x_wconf 88' lang='lat' dir='ltr'><strong>ob</strong></span> <span class='ocrx_word' id='word_1_690' title='bbox 1431 5081 1682 5134; x_wconf 88' lang='lat' dir='ltr'><strong>delictum</strong></span> <span class='ocrx_word' id='word_1_691' title='bbox 1713 5097 1854 5135; x_wconf 81' lang='lat' dir='ltr'><strong>cout-</strong></span> 
     </span>
    </p>
   </div>
   <div class='ocr_carea' id='block_1_98' title="bbox 259 5151 1857 5222">
    <p class='ocr_par' dir='ltr' id='par_1_98' title="bbox 259 5151 1857 5222">
     <span class='ocr_line' id='line_1_98' title="bbox 259 5151 1857 5222; baseline -0.004 -12"><span class='ocrx_word' id='word_1_692' title='bbox 259 5159 496 5210; x_wconf 83' lang='lat' dir='ltr'><strong>missum</strong></span> <span class='ocrx_word' id='word_1_693' title='bbox 545 5151 859 5206; x_wconf 82' lang='lat' dir='ltr'><strong>multandos</strong></span> <span class='ocrx_word' id='word_1_694' title='bbox 909 5154 1137 5220; x_wconf 86' lang='lat' dir='ltr'><strong>pecunia</strong></span> <span class='ocrx_word' id='word_1_695' title='bbox 1165 5152 1467 5222; x_wconf 75' lang='lat' dir='ltr'><strong>statuisset,</strong></span> <span class='ocrx_word' id='word_1_696' title='bbox 1516 5151 1656 5218; x_wconf 85' lang='lat' dir='ltr'><strong>quod</strong></span> <span class='ocrx_word' id='word_1_697' title='bbox 1708 5153 1857 5219; x_wconf 80' lang='lat' dir='ltr'><strong>ipsis,</strong></span> 
     </span>
    </p>
   </div>
   <div class='ocr_carea' id='block_1_99' title="bbox 258 5219 1856 5293">
    <p class='ocr_par' dir='ltr' id='par_1_99' title="bbox 258 5219 1856 5293">
     <span class='ocr_line' id='line_1_99' title="bbox 258 5219 1856 5293; baseline -0.004 -13"><span class='ocrx_word' id='word_1_698' title='bbox 258 5227 470 5293; x_wconf 88' lang='lat' dir='ltr'><strong>inquit,</strong></span> <span class='ocrx_word' id='word_1_699' title='bbox 496 5242 526 5277; x_wconf 84' lang='grc' dir='ltr'><strong>α</strong></span> <span class='ocrx_word' id='word_1_700' title='bbox 562 5223 672 5291; x_wconf 74' lang='lat' dir='ltr'><strong>lege</strong></span> <span class='ocrx_word' id='word_1_701' title='bbox 700 5219 1002 5274; x_wconf 76' lang='lat' dir='ltr'><strong>admirabili</strong></span> <span class='ocrx_word' id='word_1_702' title='bbox 1022 5224 1122 5291; x_wconf 85' lang='lat' dir='ltr'><strong>(sic</strong></span> <span class='ocrx_word' id='word_1_703' title='bbox 1161 5221 1365 5293; x_wconf 85' lang='lat' dir='ltr'><strong>ironice</strong></span> <span class='ocrx_word' id='word_1_704' title='bbox 1381 5219 1733 5293; x_wconf 78' lang='lat' dir='ltr'><strong>Evangelium</strong></span> <span class='ocrx_word' id='word_1_705' title='bbox 1756 5238 1856 5291; x_wconf 85' lang='lat' dir='ltr'><strong>ap-</strong></span> 
     </span>
    </p>
   </div>
   <div class='ocr_carea' id='block_1_100' title="bbox 261 5291 1859 5365">
    <p class='ocr_par' dir='ltr' id='par_1_100' title="bbox 261 5291 1859 5365">
     <span class='ocr_line' id='line_1_100' title="bbox 261 5291 1859 5365; baseline -0.001 -17"><span class='ocrx_word' id='word_1_706' title='bbox 261 5291 456 5365; x_wconf 74' lang='lat' dir='ltr'><strong>pellat)</strong></span> <span class='ocrx_word' id='word_1_707' title='bbox 499 5298 810 5361; x_wconf 83' lang='lat' dir='ltr'><strong>imperatum</strong></span> <span class='ocrx_word' id='word_1_708' title='bbox 851 5301 948 5365; x_wconf 77' lang='lat' dir='ltr'><strong>est,</strong></span> <span class='ocrx_word' id='word_1_709' title='bbox 983 5308 1086 5365; x_wconf 78' lang='lat' dir='ltr'><strong>quo</strong></span> <span class='ocrx_word' id='word_1_710' title='bbox 1126 5291 1340 5365; x_wconf 71' lang='lat' dir='ltr'><strong>[acilius</strong></span> <span class='ocrx_word' id='word_1_711' title='bbox 1372 5291 1424 5343; x_wconf 86' lang='lat' dir='ltr'><strong>in</strong></span> <span class='ocrx_word' id='word_1_712' title='bbox 1453 5298 1859 5365; x_wconf 80' lang='lat' dir='ltr'><strong>reguum_ccelo-</strong></span> 
     </span>
    </p>
   </div>
   <div class='ocr_carea' id='block_1_101' title="bbox 257 5361 1855 5428">
    <p class='ocr_par' dir='ltr' id='par_1_101' title="bbox 257 5361 1855 5428">
     <span class='ocr_line' id='line_1_101' title="bbox 257 5361 1855 5428; baseline -0.003 -9"><span class='ocrx_word' id='word_1_713' title='bbox 257 5361 386 5420; x_wconf 71' lang='lat' dir='ltr'><strong>rum</strong></span> <span class='ocrx_word' id='word_1_714' title='bbox 437 5361 669 5426; x_wconf 60' lang='lat' dir='ltr'><strong>ueniant,</strong></span> <span class='ocrx_word' id='word_1_715' title='bbox 729 5378 823 5414; x_wconf 84' lang='lat' dir='ltr'><strong>nos</strong></span> <span class='ocrx_word' id='word_1_716' title='bbox 867 5361 1040 5414; x_wconf 59' lang='lat' dir='ltr'><strong>ade</strong></span> <span class='ocrx_word' id='word_1_717' title='bbox 1067 5362 1366 5415; x_wconf 72' lang='lat' dir='ltr'><strong>hominibus</strong></span> <span class='ocrx_word' id='word_1_718' title='bbox 1418 5378 1562 5428; x_wconf 89' lang='lat' dir='ltr'><strong>opem</strong></span> <span class='ocrx_word' id='word_1_719' title='bbox 1616 5361 1855 5426; x_wconf 82' lang='lat' dir='ltr'><strong>tulimus,</strong></span> 
     </span>
    </p>
   </div>
   <div class='ocr_carea' id='block_1_102' title="bbox 257 5429 1858 5506">
    <p class='ocr_par' dir='ltr' id='par_1_102' title="bbox 257 5429 1858 5506">
     <span class='ocr_line' id='line_1_102' title="bbox 257 5429 1858 5506; baseline -0.005 -16"><span class='ocrx_word' id='word_1_720' title='bbox 257 5452 554 5506; x_wconf 83' lang='lat' dir='ltr'><strong>eorumque</strong></span> <span class='ocrx_word' id='word_1_721' title='bbox 583 5434 832 5499; x_wconf 77' lang='lat' dir='ltr'><strong>pecunias</strong></span> <span class='ocrx_word' id='word_1_722' title='bbox 868 5435 1147 5506; x_wconf 63' lang='lat' dir='ltr'><strong>omnesad</strong></span> <span class='ocrx_word' id='word_1_723' title='bbox 1185 5429 1858 5506; x_wconf 50' lang='lat' dir='ltr'><strong>[insanorum-Ecclesia</strong></span> 
     </span>
    </p>
   </div>
   <div class='ocr_carea' id='block_1_103' title="bbox 255 5502 1852 5574">
    <p class='ocr_par' dir='ltr' id='par_1_103' title="bbox 255 5502 1852 5574">
     <span class='ocr_line' id='line_1_103' title="bbox 255 5502 1852 5574; baseline -0.004 -14"><span class='ocrx_word' id='word_1_724' title='bbox 255 5509 386 5562; x_wconf 76' lang='grc' dir='ltr'><strong>ιυίεὶ</strong></span> <span class='ocrx_word' id='word_1_725' title='bbox 413 5502 693 5574; x_wconf 62' lang='grc' dir='ltr'>Ῑιίηςδᾶηιειδ,</span> <span class='ocrx_word' id='word_1_726' title='bbox 726 5513 780 5554; x_wconf 84' lang='lat' dir='ltr'><strong>ut</strong></span> <span class='ocrx_word' id='word_1_727' title='bbox 812 5503 969 5554; x_wconf 78' lang='lat' dir='ltr'><strong>militi</strong></span> <span class='ocrx_word' id='word_1_728' title='bbox 1003 5503 1344 5565; x_wconf 81' lang='lat' dir='ltr'><strong>dividamlur,</strong></span> <span class='ocrx_word' id='word_1_729' title='bbox 1379 5512 1426 5574; x_wconf 78' lang='lat' dir='ltr'><strong>et</strong></span> <span class='ocrx_word' id='word_1_730' title='bbox 1459 5502 1760 5569; x_wconf 76' lang='lat' dir='ltr'><strong>facultates,</strong></span> <span class='ocrx_word' id='word_1_731' title='bbox 1787 5513 1852 5554; x_wconf 75' lang='lat' dir='ltr'><strong>ut</strong></span> 
     </span>
    </p>
   </div>
   <div class='ocr_carea' id='block_1_104' title="bbox 255 5573 1851 5639">
    <p class='ocr_par' dir='ltr' id='par_1_104' title="bbox 255 5573 1851 5639">
     <span class='ocr_line' id='line_1_104' title="bbox 255 5573 1851 5639; baseline -0.003 -10"><span class='ocrx_word' id='word_1_732' title='bbox 255 5573 463 5631; x_wconf 77' lang='lat' dir='ltr'><strong>nostris</strong></span> <span class='ocrx_word' id='word_1_733' title='bbox 497 5575 718 5637; x_wconf 79' lang='lat' dir='ltr'><strong>privatis</strong></span> <span class='ocrx_word' id='word_1_734' title='bbox 753 5573 1155 5636; x_wconf 78' lang='lat' dir='ltr'><strong>attribuantur,-</strong></span> <span class='ocrx_word' id='word_1_735' title='bbox 1186 5589 1285 5638; x_wconf 87' lang='lat' dir='ltr'><strong>quo</strong></span> <span class='ocrx_word' id='word_1_736' title='bbox 1319 5573 1399 5623; x_wconf 78' lang='lat' dir='ltr'><strong>illi</strong></span> <span class='ocrx_word' id='word_1_737' title='bbox 1431 5587 1689 5639; x_wconf 76' lang='lat' dir='ltr'><strong>pauperes</strong></span> <span class='ocrx_word' id='word_1_738' title='bbox 1723 5574 1851 5639; x_wconf 74' lang='lat' dir='ltr'><strong>[acti</strong></span> 
     </span>
    </p>
   </div>
   <div class='ocr_carea' id='block_1_105' title="bbox 251 5642 1849 5717">
    <p class='ocr_par' dir='ltr' id='par_1_105' title="bbox 251 5642 1849 5717">
     <span class='ocr_line' id='line_1_105' title="bbox 251 5642 1849 5717; baseline -0.004 -15"><span class='ocrx_word' id='word_1_739' title='bbox 251 5651 514 5717; x_wconf 70' lang='lat' dir='ltr'><strong>sapiant;</strong></span> <span class='ocrx_word' id='word_1_740' title='bbox 556 5661 721 5714; x_wconf 82' lang='lat' dir='ltr'><strong>neque</strong></span> <span class='ocrx_word' id='word_1_741' title='bbox 758 5659 912 5717; x_wconf 54' lang='lat' dir='ltr'><strong>regno</strong></span> <span class='ocrx_word' id='word_1_742' title='bbox 938 5642 1177 5717; x_wconf 72' lang='lat' dir='ltr'><strong>_cr_r_lesti,</strong></span> <span class='ocrx_word' id='word_1_743' title='bbox 1204 5645 1344 5717; x_wconf 72' lang='lat' dir='ltr'><strong>quod</strong></span> <span class='ocrx_word' id='word_1_744' title='bbox 1375 5658 1528 5717; x_wconf 66' lang='grc' dir='ltr'><strong>ηιιηεΔ</strong></span> <span class='ocrx_word' id='word_1_745' title='bbox 1549 5644 1849 5717; x_wconf 15' lang='lat' dir='ltr'><strong>etiantispe—</strong></span> 
     </span>
    </p>
   </div>
   <div class='ocr_carea' id='block_1_106' title="bbox 249 5710 1852 5787">
    <p class='ocr_par' dir='ltr' id='par_1_106' title="bbox 249 5710 1852 5787">
     <span class='ocr_line' id='line_1_106' title="bbox 249 5710 1852 5787; baseline -0.002 -15"><span class='ocrx_word' id='word_1_746' title='bbox 249 5710 410 5782; x_wconf 55' lang='lat' dir='ltr'><strong>ra&#39;nt,</strong></span> <span class='ocrx_word' id='word_1_747' title='bbox 439 5710 734 5787; x_wconf 75' lang='lat' dir='ltr'><strong>prireuiur.</strong></span> <span class='ocrx_word' id='word_1_748' title='bbox 772 5710 900 5787; x_wconf 58' lang='lat' dir='ltr'><strong>Haec</strong></span> <span class='ocrx_word' id='word_1_749' title='bbox 930 5710 1129 5787; x_wconf 84' lang='lat' dir='ltr'><strong>Juliani</strong></span> <span class='ocrx_word' id='word_1_750' title='bbox 1163 5710 1443 5776; x_wconf 81' lang='lat' dir='ltr'><strong>dicacitas,</strong></span> <span class='ocrx_word' id='word_1_751' title='bbox 1481 5713 1530 5765; x_wconf 90' lang='lat' dir='ltr'><strong>hi</strong></span> <span class='ocrx_word' id='word_1_752' title='bbox 1570 5716 1852 5768; x_wconf 80' lang='lat' dir='ltr'><strong>mordaces</strong></span> 
     </span>
    </p>
   </div>
   <div class='ocr_carea' id='block_1_107' title="bbox 250 5784 1854 5854">
    <p class='ocr_par' dir='ltr' id='par_1_107' title="bbox 250 5784 1854 5854">
     <span class='ocr_line' id='line_1_107' title="bbox 250 5784 1854 5854; baseline -0.009 -10"><span class='ocrx_word' id='word_1_753' title='bbox 250 5784 528 5854; x_wconf 44' lang='lat' dir='ltr'><strong>sales,&#39;et</strong></span> <span class='ocrx_word' id='word_1_754' title='bbox 574 5786 668 5839; x_wconf 89' lang='lat' dir='ltr'><strong>alii</strong></span> <span class='ocrx_word' id='word_1_755' title='bbox 716 5784 1018 5850; x_wconf 78' lang='lat' dir='ltr'><strong>huiusmodi</strong></span> <span class='ocrx_word' id='word_1_756' title='bbox 1057 5787 1314 5838; x_wconf 86' lang='lat' dir='ltr'><strong>adversus</strong></span> <span class='ocrx_word' id='word_1_757' title='bbox 1346 5797 1482 5849; x_wconf 90' lang='lat' dir='ltr'><strong>quos</strong></span> <span class='ocrx_word' id='word_1_758' title='bbox 1530 5793 1715 5837; x_wconf 87' lang='lat' dir='ltr'><strong>uoster</strong></span> <span class='ocrx_word' id='word_1_759' title='bbox 1762 5799 1854 5837; x_wconf 82' lang='lat' dir='ltr'><strong>sa-</strong></span> 
     </span>
    </p>
   </div>
   <div class='ocr_carea' id='block_1_108' title="bbox 249 5854 1852 5932">
    <p class='ocr_par' dir='ltr' id='par_1_108' title="bbox 249 5854 1852 5932">
     <span class='ocr_line' id='line_1_108' title="bbox 249 5854 1852 5932; baseline -0.006 -14"><span class='ocrx_word' id='word_1_760' title='bbox 249 5866 479 5932; x_wconf 76' lang='lat' dir='ltr'><strong>pienter</strong></span> <span class='ocrx_word' id='word_1_761' title='bbox 509 5867 567 5914; x_wconf 89' lang='lat' dir='ltr'><strong>et</strong></span> <span class='ocrx_word' id='word_1_762' title='bbox 597 5855 686 5928; x_wconf 84' lang='lat' dir='ltr'><strong>pie</strong></span> <span class='ocrx_word' id='word_1_763' title='bbox 717 5856 955 5926; x_wconf 75' lang='lat' dir='ltr'><strong>linguam</strong></span> <span class='ocrx_word' id='word_1_764' title='bbox 996 5863 1052 5909; x_wconf 91' lang='lat' dir='ltr'><strong>et</strong></span> <span class='ocrx_word' id='word_1_765' title='bbox 1092 5854 1290 5926; x_wconf 86' lang='lat' dir='ltr'><strong>stylum</strong></span> <span class='ocrx_word' id='word_1_766' title='bbox 1321 5867 1479 5907; x_wconf 91' lang='lat' dir='ltr'><strong>suum</strong></span> <span class='ocrx_word' id='word_1_767' title='bbox 1518 5855 1756 5918; x_wconf 79' lang='lat' dir='ltr'><strong>exacuit,</strong></span> <span class='ocrx_word' id='word_1_768' title='bbox 1793 5865 1852 5911; x_wconf 86' lang='lat' dir='ltr'><strong>ut</strong></span> 
     </span>
    </p>
   </div>
   <div class='ocr_carea' id='block_1_109' title="bbox 1962 4720 2927 4788">
    <p class='ocr_par' dir='ltr' id='par_1_109' title="bbox 1962 4720 2927 4788">
     <span class='ocr_line' id='line_1_109' title="bbox 1962 4720 2927 4788; baseline -0.012 -6"><span class='ocrx_word' id='word_1_769' title='bbox 1962 4745 2175 4784; x_wconf 90' lang='lat' dir='ltr'><strong>versum</strong></span> <span class='ocrx_word' id='word_1_770' title='bbox 2201 4744 2227 4777; x_wconf 88' lang='lat' dir='ltr'><strong>a</strong></span> <span class='ocrx_word' id='word_1_771' title='bbox 2264 4725 2418 4777; x_wconf 82' lang='lat' dir='ltr'><strong>nobis</strong></span> <span class='ocrx_word' id='word_1_772' title='bbox 2451 4725 2502 4775; x_wconf 92' lang='lat' dir='ltr'><strong>in</strong></span> <span class='ocrx_word' id='word_1_773' title='bbox 2536 4720 2927 4788; x_wconf 81' lang='lat' dir='ltr'><strong>superioribus.</strong></span> 
     </span>
    </p>
   </div>
   <div class='ocr_carea' id='block_1_110' title="bbox 2029 4789 3537 4870">
    <p class='ocr_par' dir='ltr' id='par_1_110' title="bbox 2029 4789 3537 4870">
     <span class='ocr_line' id='line_1_110' title="bbox 2029 4789 3537 4870; baseline -0.011 -17"><span class='ocrx_word' id='word_1_774' title='bbox 2029 4801 2142 4870; x_wconf 84' lang='lat'><strong>(8|)</strong></span> <span class='ocrx_word' id='word_1_775' title='bbox 2183 4797 2288 4862; x_wconf 86' lang='lat' dir='ltr'><strong>Qui</strong></span> <span class='ocrx_word' id='word_1_776' title='bbox 2311 4797 2516 4864; x_wconf 83' lang='lat' dir='ltr'><strong>primus</strong></span> <span class='ocrx_word' id='word_1_777' title='bbox 2549 4807 2621 4844; x_wconf 81' lang='lat' dir='ltr'><strong>es!</strong></span> <span class='ocrx_word' id='word_1_778' title='bbox 2654 4792 2835 4870; x_wconf 63' lang='lat' dir='ltr'><strong>cubas.</strong></span> <span class='ocrx_word' id='word_1_779' title='bbox 2868 4789 3218 4870; x_wconf 78' lang='lat' dir='ltr'><strong>Octouarium</strong></span> <span class='ocrx_word' id='word_1_780' title='bbox 3253 4801 3537 4839; x_wconf 80' lang='lat' dir='ltr'><strong>numerum</strong></span> 
     </span>
    </p>
   </div>
   <div class='ocr_carea' id='block_1_111' title="bbox 1955 4860 3538 4926">
    <p class='ocr_par' dir='ltr' id='par_1_111' title="bbox 1955 4860 3538 4926">
     <span class='ocr_line' id='line_1_111' title="bbox 1955 4860 3538 4926; baseline -0.011 -1"><span class='ocrx_word' id='word_1_781' title='bbox 1955 4860 2073 4926; x_wconf 69' lang='lat' dir='ltr'><strong>esse</strong></span> <span class='ocrx_word' id='word_1_782' title='bbox 2121 4860 2340 4926; x_wconf 80' lang='lat' dir='ltr'><strong>cubum,</strong></span> <span class='ocrx_word' id='word_1_783' title='bbox 2407 4873 2459 4917; x_wconf 76' lang='lat' dir='ltr'><strong>et</strong></span> <span class='ocrx_word' id='word_1_784' title='bbox 2511 4877 2631 4916; x_wconf 77' lang='lat' dir='ltr'><strong>esse</strong></span> <span class='ocrx_word' id='word_1_785' title='bbox 2684 4863 2914 4926; x_wconf 88' lang='lat' dir='ltr'><strong>primum</strong></span> <span class='ocrx_word' id='word_1_786' title='bbox 2973 4860 3278 4911; x_wconf 87' lang='lat' dir='ltr'><strong>ostenditur</strong></span> <span class='ocrx_word' id='word_1_787' title='bbox 3331 4871 3391 4905; x_wconf 72' lang='lat' dir='ltr'><strong>ex</strong></span> <span class='ocrx_word' id='word_1_788' title='bbox 3430 4872 3538 4926; x_wconf 62' lang='lat' dir='ltr'><strong>six</strong></span> 
     </span>
    </p>
   </div>
   <div class='ocr_carea' id='block_1_112' title="bbox 1956 4925 3544 4997">
    <p class='ocr_par' dir='ltr' id='par_1_112' title="bbox 1956 4925 3544 4997">
     <span class='ocr_line' id='line_1_112' title="bbox 1956 4925 3544 4997; baseline -0.011 -3"><span class='ocrx_word' id='word_1_789' title='bbox 1956 4925 2291 4997; x_wconf 77' lang='lat' dir='ltr'><strong>deﬁnitione,</strong></span> <span class='ocrx_word' id='word_1_790' title='bbox 2312 4925 2406 4988; x_wconf 80' lang='lat' dir='ltr'><strong>lib.</strong></span> <span class='ocrx_word' id='word_1_791' title='bbox 2426 4950 2496 4986; x_wconf 82' lang='lat' dir='ltr'><strong>vn</strong></span> <span class='ocrx_word' id='word_1_792' title='bbox 2522 4925 2756 4985; x_wconf 77' lang='lat' dir='ltr'><strong>Euclldis</strong></span> <span class='ocrx_word' id='word_1_793' title='bbox 2775 4931 2860 4982; x_wconf 89' lang='lat' dir='ltr'><strong>ubi</strong></span> <span class='ocrx_word' id='word_1_794' title='bbox 2880 4928 3337 4990; x_wconf 73' lang='lat' dir='ltr'><strong>delinitur-cubas,</strong></span> <span class='ocrx_word' id='word_1_795' title='bbox 3362 4925 3544 4997; x_wconf 69' lang='grc' dir='ltr'>Κύεος</span> 
     </span>
    </p>
   </div>
   <div class='ocr_carea' id='block_1_113' title="bbox 1953 4996 3540 5072">
    <p class='ocr_par' dir='ltr' id='par_1_113' title="bbox 1953 4996 3540 5072">
     <span class='ocr_line' id='line_1_113' title="bbox 1953 4996 3540 5072; baseline -0.011 -8"><span class='ocrx_word' id='word_1_796' title='bbox 1953 5015 1981 5064; x_wconf 87' lang='grc' dir='ltr'>ὁ</span> <span class='ocrx_word' id='word_1_797' title='bbox 2035 5013 2215 5072; x_wconf 83' lang='grc' dir='ltr'>ἰσάκις</span> <span class='ocrx_word' id='word_1_798' title='bbox 2263 4996 2381 5066; x_wconf 75' lang='grc' dir='ltr'>ἶσος</span> <span class='ocrx_word' id='word_1_799' title='bbox 2427 5003 2610 5065; x_wconf 76' lang='grc' dir='ltr'>ἰσάκις</span> <span class='ocrx_word' id='word_1_800' title='bbox 2660 5001 2692 5070; x_wconf 83' lang='grc' dir='ltr'><strong>ἢ</strong></span> <span class='ocrx_word' id='word_1_801' title='bbox 2746 5002 2851 5053; x_wconf 63' lang='grc' dir='ltr'>ὑπὸ</span> <span class='ocrx_word' id='word_1_802' title='bbox 2889 4999 3057 5068; x_wconf 86' lang='grc' dir='ltr'>τριῶν</span> <span class='ocrx_word' id='word_1_803' title='bbox 3105 4999 3234 5072; x_wconf 75' lang='grc' dir='ltr'>ἴσων</span> <span class='ocrx_word' id='word_1_804' title='bbox 3287 4996 3540 5072; x_wconf 75' lang='grc' dir='ltr'>ἀριθμῶν</span> 
     </span>
    </p>
   </div>
   <div class='ocr_carea' id='block_1_114' title="bbox 1959 5071 3539 5150">
    <p class='ocr_par' dir='ltr' id='par_1_114' title="bbox 1959 5071 3539 5150">
     <span class='ocr_line' id='line_1_114' title="bbox 1959 5071 3539 5150; baseline -0.009 -18"><span class='ocrx_word' id='word_1_805' title='bbox 1959 5071 2350 5150; x_wconf 74' lang='grc' dir='ltr'>περιεχόμενος</span> <span class='ocrx_word' id='word_1_806' title='bbox 2373 5094 2384 5105; x_wconf 69' lang='grc' dir='ltr'><strong>ε</strong></span> <span class='ocrx_word' id='word_1_807' title='bbox 2421 5074 2524 5138; x_wconf 78' lang='lat' dir='ltr'><strong>Qui</strong></span> <span class='ocrx_word' id='word_1_808' title='bbox 2563 5083 2633 5125; x_wconf 81' lang='lat' dir='ltr'><strong>est</strong></span> <span class='ocrx_word' id='word_1_809' title='bbox 2665 5072 2937 5138; x_wconf 72' lang='lat' dir='ltr'><strong>(vqiialiter</strong></span> <span class='ocrx_word' id='word_1_810' title='bbox 2967 5071 3187 5146; x_wconf 69' lang='lat' dir='ltr'><strong>a&#39;quah&#39;s</strong></span> <span class='ocrx_word' id='word_1_811' title='bbox 3219 5071 3539 5150; x_wconf 39' lang='lat' dir='ltr'><strong>aequaliter,</strong></span> 
     </span>
    </p>
   </div>
   <div class='ocr_carea' id='block_1_115' title="bbox 1960 5139 3543 5215">
    <p class='ocr_par' dir='ltr' id='par_1_115' title="bbox 1960 5139 3543 5215">
     <span class='ocr_line' id='line_1_115' title="bbox 1960 5139 3543 5215; baseline -0.009 -11"><span class='ocrx_word' id='word_1_812' title='bbox 1960 5139 2154 5215; x_wconf 53' lang='lat' dir='ltr'><strong>rel&#39;qu&#39;i</strong></span> <span class='ocrx_word' id='word_1_813' title='bbox 2178 5139 2270 5200; x_wconf 74' lang='lat' dir='ltr'><strong>sub</strong></span> <span class='ocrx_word' id='word_1_814' title='bbox 2295 5145 2784 5215; x_wconf 64' lang='lat' dir='ltr'><strong>tribusmquolttm.‘</strong></span> <span class='ocrx_word' id='word_1_815' title='bbox 2821 5141 3054 5215; x_wconf 68' lang='lat' dir='ltr'><strong>numeris</strong></span> <span class='ocrx_word' id='word_1_816' title='bbox 3087 5139 3410 5215; x_wconf 80' lang='lat' dir='ltr'><strong>cont_inetur_.</strong></span> <span class='ocrx_word' id='word_1_817' title='bbox 3441 5142 3543 5189; x_wconf 79' lang='lat' dir='ltr'><strong>huc</strong></span> 
     </span>
    </p>
   </div>
   <div class='ocr_carea' id='block_1_116' title="bbox 1959 5208 3541 5288">
    <p class='ocr_par' dir='ltr' id='par_1_116' title="bbox 1959 5208 3541 5288">
     <span class='ocr_line' id='line_1_116' title="bbox 1959 5208 3541 5288; baseline -0.009 -13"><span class='ocrx_word' id='word_1_818' title='bbox 1959 5234 2042 5276; x_wconf 67' lang='lat' dir='ltr'><strong>est</strong></span> <span class='ocrx_word' id='word_1_819' title='bbox 2075 5208 2405 5288; x_wconf 70' lang='lat' dir='ltr'><strong>cXplicatore</strong></span> <span class='ocrx_word' id='word_1_820' title='bbox 2451 5208 2843 5288; x_wconf 76' lang='lat' dir='ltr'><strong>Cltristophoro</strong></span> <span class='ocrx_word' id='word_1_821' title='bbox 2876 5209 3276 5288; x_wconf 50' lang='lat' dir='ltr'><strong>Cluvii),ncttjus</strong></span> <span class='ocrx_word' id='word_1_822' title='bbox 3309 5208 3541 5288; x_wconf 61' lang='lat' dir='ltr'><strong>unitate:</strong></span> 
     </span>
    </p>
   </div>
   <div class='ocr_carea' id='block_1_117' title="bbox 1958 5279 3540 5358">
    <p class='ocr_par' dir='ltr' id='par_1_117' title="bbox 1958 5279 3540 5358">
     <span class='ocr_line' id='line_1_117' title="bbox 1958 5279 3540 5358; baseline -0.009 -15"><span class='ocrx_word' id='word_1_823' title='bbox 1958 5297 2012 5344; x_wconf 77' lang='lat' dir='ltr'><strong>iu</strong></span> <span class='ocrx_word' id='word_1_824' title='bbox 2044 5279 2280 5358; x_wconf 56' lang='lat' dir='ltr'><strong>lonéum,</strong></span> <span class='ocrx_word' id='word_1_825' title='bbox 2313 5288 2482 5339; x_wconf 86' lang='lat' dir='ltr'><strong>latum</strong></span> <span class='ocrx_word' id='word_1_826' title='bbox 2518 5279 2680 5358; x_wconf 70' lang='lat' dir='ltr'><strong>atque</strong></span> <span class='ocrx_word' id='word_1_827' title='bbox 2704 5281 3021 5351; x_wconf 76' lang='lat' dir='ltr'><strong>profundum</strong></span> <span class='ocrx_word' id='word_1_828' title='bbox 3056 5280 3322 5358; x_wconf 67' lang='lat' dir='ltr'><strong>disposita’</strong></span> <span class='ocrx_word' id='word_1_829' title='bbox 3352 5279 3540 5356; x_wconf 64' lang='lat' dir='ltr'><strong>cubum</strong></span> 
     </span>
    </p>
   </div>
   <div class='ocr_carea' id='block_1_118' title="bbox 1958 5349 3538 5426">
    <p class='ocr_par' dir='ltr' id='par_1_118' title="bbox 1958 5349 3538 5426">
     <span class='ocr_line' id='line_1_118' title="bbox 1958 5349 3538 5426; baseline -0.012 -11"><span class='ocrx_word' id='word_1_830' title='bbox 1958 5349 2329 5426; x_wconf 65' lang='lat' dir='ltr'><strong>geomeiricum</strong></span> <span class='ocrx_word' id='word_1_831' title='bbox 2354 5349 2609 5426; x_wconf 62' lang='lat' dir='ltr'><strong>referunt,</strong></span> <span class='ocrx_word' id='word_1_832' title='bbox 2638 5355 2711 5426; x_wconf 84' lang='lat' dir='ltr'><strong>ita</strong></span> <span class='ocrx_word' id='word_1_833' title='bbox 2739 5349 2996 5426; x_wconf 49' lang='lat' dir='ltr'><strong>ufomues</strong></span> <span class='ocrx_word' id='word_1_834' title='bbox 3028 5349 3144 5426; x_wconf 64' lang='lat' dir='ltr'><strong>ejus</strong></span> <span class='ocrx_word' id='word_1_835' title='bbox 3171 5349 3538 5426; x_wconf 66' lang='lat' dir='ltr'><strong>diiueusiones,</strong></span> 
     </span>
    </p>
   </div>
   <div class='ocr_carea' id='block_1_119' title="bbox 1957 5418 3540 5495">
    <p class='ocr_par' dir='ltr' id='par_1_119' title="bbox 1957 5418 3540 5495">
     <span class='ocr_line' id='line_1_119' title="bbox 1957 5418 3540 5495; baseline -0.013 -11"><span class='ocrx_word' id='word_1_836' title='bbox 1957 5418 2207 5484; x_wconf 63' lang='lat' dir='ltr'><strong>ninnium</strong></span> <span class='ocrx_word' id='word_1_837' title='bbox 2253 5418 2527 5494; x_wconf 52' lang='lat' dir='ltr'><strong>lungit&#39;udo</strong></span> <span class='ocrx_word' id='word_1_838' title='bbox 2549 5463 2562 5487; x_wconf 91' lang='lat'><strong>,</strong></span> <span class='ocrx_word' id='word_1_839' title='bbox 2593 5425 2819 5495; x_wconf 78' lang='lat' dir='ltr'><strong>latitudo</strong></span> <span class='ocrx_word' id='word_1_840' title='bbox 2841 5461 2855 5485; x_wconf 90' lang='lat'><strong>,</strong></span> <span class='ocrx_word' id='word_1_841' title='bbox 2891 5432 2939 5495; x_wconf 68' lang='lat' dir='ltr'><strong>et</strong></span> <span class='ocrx_word' id='word_1_842' title='bbox 2985 5419 3253 5495; x_wconf 51' lang='lat' dir='ltr'><strong>altitudo,</strong></span> <span class='ocrx_word' id='word_1_843' title='bbox 3282 5418 3389 5495; x_wconf 61' lang='lat' dir='ltr'><strong>sive</strong></span> <span class='ocrx_word' id='word_1_844' title='bbox 3416 5429 3540 5495; x_wconf 69' lang='lat' dir='ltr'><strong>pro-</strong></span> 
     </span>
    </p>
   </div>
   <div class='ocr_carea' id='block_1_120' title="bbox 1961 5488 3539 5567">
    <p class='ocr_par' dir='ltr' id='par_1_120' title="bbox 1961 5488 3539 5567">
     <span class='ocr_line' id='line_1_120' title="bbox 1961 5488 3539 5567; baseline -0.013 -13"><span class='ocrx_word' id='word_1_845' title='bbox 1961 5504 2220 5564; x_wconf 74' lang='lat' dir='ltr'><strong>funditas,</strong></span> <span class='ocrx_word' id='word_1_846' title='bbox 2273 5488 2498 5567; x_wconf 51' lang='lat' dir='ltr'><strong>n&#39;q&#39;uales</strong></span> <span class='ocrx_word' id='word_1_847' title='bbox 2541 5495 2684 5567; x_wconf 73' lang='lat' dir='ltr'><strong>aint,</strong></span> <span class='ocrx_word' id='word_1_848' title='bbox 2719 5492 2795 5544; x_wconf 83' lang='lat' dir='ltr'><strong>rel</strong></span> <span class='ocrx_word' id='word_1_849' title='bbox 2850 5491 2940 5560; x_wconf 84' lang='lat' dir='ltr'><strong>qui</strong></span> <span class='ocrx_word' id='word_1_850' title='bbox 2984 5505 3048 5542; x_wconf 79' lang='lat' dir='ltr'><strong>ea:</strong></span> <span class='ocrx_word' id='word_1_851' title='bbox 3087 5488 3539 5567; x_wconf 44' lang='lat' dir='ltr'><strong>.mut&#39;tiplicatione</strong></span> 
     </span>
    </p>
   </div>
   <div class='ocr_carea' id='block_1_121' title="bbox 1962 5554 3538 5634">
    <p class='ocr_par' dir='ltr' id='par_1_121' title="bbox 1962 5554 3538 5634">
     <span class='ocr_line' id='line_1_121' title="bbox 1962 5554 3538 5634; baseline -0.011 -12"><span class='ocrx_word' id='word_1_852' title='bbox 1962 5554 2144 5623; x_wconf 67' lang='lat' dir='ltr'><strong>mutuo</strong></span> <span class='ocrx_word' id='word_1_853' title='bbox 2187 5554 2346 5622; x_wconf 64' lang='lat' dir='ltr'><strong>triuni</strong></span> <span class='ocrx_word' id='word_1_854' title='bbox 2375 5566 2660 5634; x_wconf 60' lang='lat' dir='ltr'><strong>aequalium</strong></span> <span class='ocrx_word' id='word_1_855' title='bbox 2695 5554 3030 5634; x_wconf 67' lang='lat' dir='ltr'><strong>numerorum</strong></span> <span class='ocrx_word' id='word_1_856' title='bbox 3080 5558 3217 5634; x_wconf 65' lang='lat' dir='ltr'><strong>inter</strong></span> <span class='ocrx_word' id='word_1_857' title='bbox 3251 5554 3305 5634; x_wconf 68' lang='lat' dir='ltr'><strong>se</strong></span> <span class='ocrx_word' id='word_1_858' title='bbox 3335 5554 3538 5622; x_wconf 78' lang='lat' dir='ltr'><strong>produ-</strong></span> 
     </span>
    </p>
   </div>
   <div class='ocr_carea' id='block_1_122' title="bbox 1961 5629 3535 5707">
    <p class='ocr_par' dir='ltr' id='par_1_122' title="bbox 1961 5629 3535 5707">
     <span class='ocr_line' id='line_1_122' title="bbox 1961 5629 3535 5707; baseline -0.022 -13"><span class='ocrx_word' id='word_1_859' title='bbox 1961 5645 2115 5694; x_wconf 85' lang='lat' dir='ltr'><strong>citur.</strong></span> <span class='ocrx_word' id='word_1_860' title='bbox 2149 5643 2222 5696; x_wconf 87' lang='lat' dir='ltr'><strong>lta</strong></span> <span class='ocrx_word' id='word_1_861' title='bbox 2263 5629 2514 5707; x_wconf 44' lang='lat' dir='ltr'><strong>porro&#39;se</strong></span> <span class='ocrx_word' id='word_1_862' title='bbox 2547 5638 2704 5707; x_wconf 66' lang='lat' dir='ltr'><strong>habet</strong></span> <span class='ocrx_word' id='word_1_863' title='bbox 2737 5631 3070 5707; x_wconf 81' lang='lat' dir='ltr'><strong>octonarius,</strong></span> <span class='ocrx_word' id='word_1_864' title='bbox 3102 5629 3193 5707; x_wconf 73' lang='lat' dir='ltr'><strong>qui</strong></span> <span class='ocrx_word' id='word_1_865' title='bbox 3219 5629 3318 5705; x_wconf 80' lang='lat' dir='ltr'><strong>sub</strong></span> <span class='ocrx_word' id='word_1_866' title='bbox 3352 5639 3535 5707; x_wconf 65' lang='lat' dir='ltr'><strong>aqua-</strong></span> 
     </span>
    </p>
   </div>
   <div class='ocr_carea' id='block_1_123' title="bbox 1962 5697 3538 5772">
    <p class='ocr_par' dir='ltr' id='par_1_123' title="bbox 1962 5697 3538 5772">
     <span class='ocr_line' id='line_1_123' title="bbox 1962 5697 3538 5772; baseline -0.011 -10"><span class='ocrx_word' id='word_1_867' title='bbox 1962 5716 2101 5766; x_wconf 84' lang='lat' dir='ltr'><strong>libus</strong></span> <span class='ocrx_word' id='word_1_868' title='bbox 2132 5697 2374 5765; x_wconf 75' lang='lat' dir='ltr'><strong>numeris</strong></span> <span class='ocrx_word' id='word_1_869' title='bbox 2407 5707 2461 5768; x_wconf 77' lang='grc'>2,</span> <span class='ocrx_word' id='word_1_870' title='bbox 2493 5705 2548 5768; x_wconf 74' lang='grc'>2,</span> <span class='ocrx_word' id='word_1_871' title='bbox 2581 5713 2635 5757; x_wconf 88' lang='lat' dir='ltr'><strong>et</strong></span> <span class='ocrx_word' id='word_1_872' title='bbox 2665 5703 2701 5754; x_wconf 72' lang='grc'>2</span> <span class='ocrx_word' id='word_1_873' title='bbox 2735 5702 3076 5772; x_wconf 82' lang='lat' dir='ltr'><strong>continetur;</strong></span> <span class='ocrx_word' id='word_1_874' title='bbox 3112 5697 3161 5749; x_wconf 88' lang='lat' dir='ltr'><strong>bi</strong></span> <span class='ocrx_word' id='word_1_875' title='bbox 3193 5697 3334 5748; x_wconf 84' lang='lat' dir='ltr'><strong>enim</strong></span> <span class='ocrx_word' id='word_1_876' title='bbox 3362 5698 3538 5772; x_wconf 55' lang='grc' dir='ltr'><strong>άμενος</strong></span> 
     </span>
    </p>
   </div>
   <div class='ocr_carea' id='block_1_124' title="bbox 1962 5769 3536 5847">
    <p class='ocr_par' dir='ltr' id='par_1_124' title="bbox 1962 5769 3536 5847">
     <span class='ocr_line' id='line_1_124' title="bbox 1962 5769 3536 5847; baseline -0.013 -11"><span class='ocrx_word' id='word_1_877' title='bbox 1962 5783 2048 5836; x_wconf 86' lang='lat' dir='ltr'><strong>siti</strong></span> <span class='ocrx_word' id='word_1_878' title='bbox 2085 5787 2136 5835; x_wconf 90' lang='lat' dir='ltr'><strong>in</strong></span> <span class='ocrx_word' id='word_1_879' title='bbox 2174 5786 2410 5847; x_wconf 80' lang='lat' dir='ltr'><strong>longum,</strong></span> <span class='ocrx_word' id='word_1_880' title='bbox 2448 5778 2640 5847; x_wconf 84' lang='lat' dir='ltr'><strong>latum,</strong></span> <span class='ocrx_word' id='word_1_881' title='bbox 2677 5783 2732 5847; x_wconf 82' lang='lat' dir='ltr'><strong>et</strong></span> <span class='ocrx_word' id='word_1_882' title='bbox 2765 5769 3114 5847; x_wconf 71' lang='lat' dir='ltr'><strong>profundunt,</strong></span> <span class='ocrx_word' id='word_1_883' title='bbox 3149 5769 3536 5847; x_wconf 74' lang='lat' dir='ltr'><strong>geuuietrientn</strong></span> 
     </span>
    </p>
   </div>
   <div class='ocr_carea' id='block_1_125' title="bbox 1962 5836 3511 5914">
    <p class='ocr_par' dir='ltr' id='par_1_125' title="bbox 1962 5836 3511 5914">
     <span class='ocr_line' id='line_1_125' title="bbox 1962 5836 3511 5914; baseline -0.015 -5"><span class='ocrx_word' id='word_1_884' title='bbox 1962 5853 2199 5909; x_wconf 68' lang='lat' dir='ltr'><strong>referunt</strong></span> <span class='ocrx_word' id='word_1_885' title='bbox 2226 5836 2448 5914; x_wconf 67' lang='lat' dir='ltr'><strong>cubum,</strong></span> <span class='ocrx_word' id='word_1_886' title='bbox 2494 5836 2650 5914; x_wconf 84' lang='lat' dir='ltr'><strong>cujus</strong></span> <span class='ocrx_word' id='word_1_887' title='bbox 2684 5836 2980 5910; x_wconf 73' lang='lat' dir='ltr'><strong>longitudo,</strong></span> <span class='ocrx_word' id='word_1_888' title='bbox 3021 5836 3264 5898; x_wconf 82' lang='lat' dir='ltr'><strong>latitudo,</strong></span> <span class='ocrx_word' id='word_1_889' title='bbox 3311 5836 3511 5904; x_wconf 83' lang='lat' dir='ltr'><strong>proluu</strong></span> 
     </span>
    </p>
   </div>
  </div>
