4070 6420
465 358 578 422 803

1681 351 2182 412 TllEOPHANIS
2221 351 2564 412 CERAMEI

3628 349 3732 410 8M

468 475 728 546 duplum,
764 484 926 544 atque
962 473 1036 527 ita
1094 480 1399 525 inturorum
1447 465 1789 536 prmmiorum
1841 464 2038 520 stabili-

2151 466 2260 519 τῶν
2283 467 2520 518 αἰωνίων
2545 464 2811 535 ἀμοιϐῶν.
2857 463 2949 535 Μὴ
2983 464 3078 518 οὖν
3110 463 3491 534 ἀχθεσθῶμεν,
3518 466 3734 534 ἀγαπη-

469 577 634 622 tatem
689 566 1227 632 itnmobilitatcmque
1305 560 1644 629 signiﬁcans.
1709 555 1820 609 llae
1878 555 2042 622 igitur

474 668 580 713 tam
618 659 767 713 suavi
803 656 1157 727 promissione
1188 652 1413 714 sull'ulti,
1443 667 1511 705 ne
1538 661 1760 720 gravate
1783 647 2042 712 feramus,

472 747 800 810 charissimi,
819 746 862 799 si
888 744 1116 815 hujusce
1146 743 1328 797 mundi
1357 739 1812 795 delectationibus
1841 736 2045 791 Christi

475 853 640 891 causa
680 837 979 904 privemur,
1034 831 1346 901 centuplum
1380 839 1435 884 et
1476 829 1638 881 vitam
1667 836 1925 880 mtcrnam
1957 837 2048 877 re-

470 941 721 997 cepturos
751 942 852 981 nos
882 936 1189 994 sperantes,
1215 923 1386 992 gratia
1421 919 1599 989 magni
1626 918 1718 971 Dei
1761 926 1814 971 et
1845 916 2048 979 Patris,

481 1034 531 1071 et
563 1019 685 1072 Filii
720 1019 840 1085 ejus
885 1015 1148 1084 nuigcniti
1181 1055 1195 1079 ,
1250 1024 1303 1067 ct
1352 1010 1649 1068 Salvatoris
1696 1008 1870 1062 nostri
1913 1005 2045 1061 Jesu

473 1110 724 1174 Christi,
776 1118 826 1162 et
867 1107 1036 1175 ipsius
1075 1104 1333 1158 adorandi
1386 1102 1620 1171 Spiritus
1645 1140 1662 1166 ,
1711 1100 1965 1154 increatae
1993 1106 2050 1150 et

474 1200 1048 1271 incomprehensibilis
1071 1195 1378 1260 Trinitatis,
1408 1195 1492 1248 cui
1523 1193 1749 1247 debetur
1772 1189 1940 1259 gloria
1990 1199 2048 1243 et

469 1292 761 1362 imperium
792 1293 844 1346 in
874 1292 1069 1346 saecula
1104 1289 1442 1346 διιιευίοτιιιιι.
1472 1288 1666 1340 Amen.

1003 1425 1281 1484 llOMlLlA
1344 1423 1503 1478 XLII.

543 1564 611 1620 In
656 1565 753 1618 illa
785 1564 938 1618 verba
961 1578 980 1616 :
1020 1581 1036 1613 ι
1067 1560 1307 1614 Lucerna
1342 1558 1576 1628 corporis
1606 1566 1680 1611 est
1711 1556 1914 1610 oculus.
1949 1574 1967 1608 ι

543 1720 739 1775 Gratus
786 1719 1031 1779 debitor,
1073 1714 1284 1770 etiamsi
1333 1713 1475 1767 nulla
1527 1713 1575 1765 ei
1651 1711 1976 1766 exhibeatur
2012 1726 2042 1764 a

2151 559 2258 619 τοί,
2290 555 2378 609 διὰ
2408 557 2498 609 τὸν
2525 555 2763 619 Χριστὸν
2788 555 2898 607 τῶν
2921 553 3016 608 τοῦ
3046 557 3255 625 κόσμου
3291 556 3464 625 ἡδέων
3493 557 3733 610 ἀποστεο

2155 648 2250 718 ρού
2259 664 2414 717 μενοι
2443 647 2620 718 ταύτῃ
2640 649 2704 716 τῇ
2721 647 2953 718 γλυκείᾳ
2979 646 3287 716 ἐπαγγελίᾳ
3304 648 3402 699 ὲπε
3413 647 3734 717 ρειδόμενοι,

2155 742 2251 794 καὶ
2287 740 2703 808 προσδοκῶντες
2740 741 3276 795 ἑκατονταπλασίονα
3321 741 3612 811 λήψεσθαι,
3639 746 3738 795 καὶ

2155 831 2304 902 ζωὴν
2329 833 2548 885 αἰώνιον
2584 833 2771 903 χάριτι
2801 832 2898 885 τοῦ
2932 832 3172 903 μεγάλου
3207 832 3341 884 Θεοῦ
3371 833 3464 885 καί
3494 833 3732 903 Πατρδς,

2155 927 2251 977 καὶ
2283 923 2378 978 τοῦ
2407 923 2736 993 μονογενοῦς
2769 923 2938 977 αὑτοῦ
2971 924 3103 978 Υἱοῦ
3132 924 3229 976 καὶ
3278 924 3530 991 Σωτῆρος
3577 925 3737 993 ἡμῶν

2165 1017 2343 1088 Ἰησοῦ
2360 1015 2623 1087 Χριστοῦ,
2656 1016 2752 1069 καὶ
2779 1015 3163 1086 προσκυνητοῦ
3194 1015 3360 1068 αὐτοῦ
3393 1015 3734 1084 Πνεύματος,

2152 1107 2254 1180 τῆς
2281 1108 2538 1162 ἀκτίστου
2570 1107 2665 1161 καὶ
2697 1108 3006 1177 ἀχωρίστου
3032 1106 3285 1174 Τριάδος,
3377 1105 3579 1175 πρέπει
3609 1103 3738 1170 δόξα

2156 1203 2254 1257 καὶ
2288 1201 2490 1273 κράτος
2519 1202 2601 1264 εἰς
2620 1201 2746 1265 τοὺς
2777 1200 3002 1262 αἰῶνας,
3040 1199 3234 1271 Ἀμήν,

2815 1422 3059 1476 ΟΜΙΛΙΑ
3083 1423 3216 1476 MB'.

2151 1554 2256 1620 Εἰς
2271 1553 2360 1620 τὸ,
2387 1572 2408 1608 ι
2435 1555 2670 1625 Λύχνος
2687 1556 2794 1610 τοῦ
2817 1555 3093 1627 σώματός
3120 1557 3339 1610 ἐστινό
3364 1555 3726 1626 ὀφθαλμός.»

2225 1707 2338 1760 Καὶ
2393 1707 2804 1778 χρεωφειλέτης
2868 1707 3220 1776 εὐχάριστός,
3279 1705 3385 1758 κᾶν
3459 1704 3733 1775 μηδεμίαν

470 1813 743 1867 creditore
776 1810 1023 1864 molestia
1051 1849 1064 1871 ,
1104 1817 1282 1860 tamen
1345 1821 1371 1856 a
1423 1802 1751 1859 conscientia
1791 1804 2038 1857 stimula-

2155 1801 2260 1852 ὑπὸ
2289 1799 2384 1852 τοῦ
2424 1799 2708 1853 δανειστοῦ
2734 1800 2876 1871 φέρῃ
2910 1800 3011 1870 τὴν
3037 1798 3284 1869 ὄχλησιν,
3314 1799 3466 1869 ὅμως
3493 1799 3597 1852 sua
3623 1798 3720 1851 τοῦ

469 1912 558 1956 tus
609 1904 677 1956 de
748 1903 928 1955 debito
995 1900 1230 1968 cogitat,
1291 1897 1729 1964 solutionemque
1786 1903 2043 1950 maturat.

468 1994 582 2062 Ego
637 1995 802 2063 igitur
838 1993 999 2046 etiam
1037 1992 1274 2044 debitum
1320 1987 1600 2042 soluturus
1649 1989 1843 2047 venio,
1892 1985 2044 2054 cujus

466 2086 709 2141 solvendi
752 2086 865 2152 jam
922 2082 1186 2150 prteteriit
1235 2080 1370 2132 dies.
1413 2079 1774 2142 Quamobrem
1811 2091 2042 2144 evange-

466 2173 587 2228 lica:
633 2173 869 2227 lucerna:
905 2171 1108 2224 lumine
1163 2168 1449 2223 illustratis
1494 2166 1691 2221 animis
1739 2166 2043 2221 doctrinam

467 2267 681 2321 Domini
715 2266 1018 2319 audiamus.

545 2379 565 2410 ι
612 2357 760 2412 Dixit
792 2356 1056 2411 Dominus
1087 2355 1395 2425 parabolam
1423 2356 1600 2408 hanc:
1641 2351 1886 2406 Lucerna
1917 2364 2043 2405 coro

467 2451 616 2519 poris
631 2461 714 2505 est
731 2450 919 2503 oculus
936 2449 976 2504 ⁸.
993 2466 1010 2499 ι
1035 2448 1119 2503 Ab
1140 2449 1205 2501 iis
1225 2465 1343 2516 quae
1369 2449 1468 2502 sub
1495 2460 1714 2500 sensum
1739 2444 1958 2507 cadunt,
1975 2443 2041 2498 ad

463 2557 526 2595 ea
544 2540 1025 2610 quaeintelligentia
1061 2539 1225 2609 297
1259 2539 1791 2608 comprehenduntur
1809 2551 1904 2591 nos
1924 2535 2044 2590 Sal-

464 2643 622 2687 vator
640 2633 916 2697 attollens,
942 2633 1216 2700 sapienter
1233 2632 1453 2684 omnino
1473 2630 1650 2698 parvis
1672 2639 1724 2683 et
1742 2627 2045 2697 aspectabi—

466 2727 607 2779 libus
629 2725 946 2778 sublimiora
973 2723 1187 2789 inserit,
1219 2733 1298 2786 ut,
1326 2722 1592 2791 siquidem
1619 2720 1834 2774 difﬁcile
1857 2721 2042 2773 videa-

467 2828 557 2871 tur
586 2815 639 2868 in
667 2817 843 2884 primo
873 2831 930 2870 se
967 2813 1227 2869 oll‘crente
1253 2828 1438 2878 sensu,
1490 2829 1584 2882 per
1614 2812 2039 2881 speculationem

463 2906 768 2976 pervadens
798 2920 950 2960 mens
980 2906 1031 2958 in
1061 2905 1348 2959 sententia:
1392 2903 1689 2974 penetralia
1726 2903 2041 2956 introduca-

466 3009 576 3054 tur.
601 2999 754 3065 Quod
784 2999 871 3052 hic
899 2997 1062 3050 etiam
1092 2997 1326 3066 reperire
1347 3006 1464 3049 est:
1498 3011 1620 3048 nam
1660 3010 1780 3048 cum
1813 2995 1879 3049 de
1895 3004 2037 3048 statu

462 3094 655 3144 animae
711 3089 1064 3144 conveniente
1115 3089 1385 3141 disserere
1419 3086 1624 3148 vellet,
1661 3085 1728 3138 ab
1786 3086 2036 3153 exemplo

461 3182 706 3252 corporis
745 3180 980 3250 sumpsit
1009 3180 1296 3234 exordium
1354 3197 1367 3233 :

462 3285 547 3331 est
595 3276 805 3330 oculus.
851 3292 870 3324 ι
913 3272 1019 3326 Per
1057 3272 1466 3326 translationem
1495 3272 1710 3326 oculum
1761 3271 2038 3326 lucernam

464 3366 702 3436 appellat
729 3381 743 3417 :
784 3379 906 3418 nam
941 3373 995 3418 et
1024 3374 1220 3416 natura
1251 3363 1366 3431 ipsa
1398 3363 1452 3416 in
1485 3363 1755 3432 superiori
1793 3365 2038 3431 corporis

463 3470 617 3530 parte
666 3471 921 3529 tauquam
975 3474 1138 3529 super
1185 3459 1567 3513 candelabrum
1619 3459 1806 3514 oculos
1873 3460 2040 3514 collo-

463 3554 631 3617 cavit,
661 3564 716 3607 et
750 3559 820 3606 ita
855 3553 1088 3606 instituit
1113 3592 1126 3616 ,
1170 3561 1226 3604 ut
1250 3561 1435 3605 essent
1467 3552 1678 3620 corpori
1720 3551 1885 3605 duces
1914 3553 2034 3618 viae,

461 3657 514 3701 ct
562 3647 693 3701 illud
752 3657 899 3701 recte
947 3647 1332 3715 gubernarent.
1372 3643 1639 3699 Prmlcrca
1687 3646 1876 3700 oculus
1911 3661 2037 3700 sen-

462 3755 620 3794 suum
653 3737 883 3792 sortitus
909 3746 991 3790 est
1041 3737 1404 3806 principatum
1439 3734 1589 3806 (82);
1624 3751 1747 3788 nam
1784 3737 1872 3789 alii
1911 3752 2037 3791 scn-

459 3847 642 3895 suum,
671 3840 726 3883 et
759 3840 1004 3896 tempore
1054 3837 1108 3883 et
1139 3829 1257 3884 loco
1286 3829 1529 3897 indigent
1554 3869 1568 3895 ,
1603 3839 1661 3882 ut
1689 3844 1786 3883 sua
1823 3829 2034 3898 objecta

457 3923 798 3992 percipiant;
855 3920 1044 3975 oculus
1100 3935 1231 3974 vero
1290 3933 1566 3973 momento
1630 3921 1888 3990 temporis
1945 3937 2032 3976 res

455 4014 814 4082 aspectabiles
856 4013 1234 4080 apprehendit.
1275 4011 1654 4066 Verumtamen
1685 4027 1792 4067 non
1825 4013 1934 4082 agit
1962 4015 2030 4069 de

456 4102 814 4158 fabricatione
861 4103 1042 4166 oculi,
1093 4104 1182 4170 qui
1238 4104 1454 4157 videtur
1507 4104 1558 4156 in
1615 4118 1880 4172 corpore,
1943 4120 2030 4159 se-

453 4208 629 4263 quens
678 4193 822 4246 enim
877 4194 1080 4246 dictum
1131 4193 1422 4260 prohibet,
1471 4196 1762 4263 quominus
1809 4196 2027 4253 videndi

454 4286 878 4338 instrumentum
909 4283 1310 4351 intelligamus;
1345 4286 1416 4336 ait
1451 4287 1593 4338 enim
1622 4305 1636 4340 :

529 4395 547 4428 ι
585 4376 642 4431 Si
669 4377 863 4432 oculus
895 4387 1016 4430 tuus
1046 4377 1210 4430 fuerit
1237 4376 1487 4444 simplex.
1526 4398 1544 4431 ι
1581 4379 1862 4446 Quomodo
1893 4397 2022 4438 vero

517 4535 540 4567 ⁸
583 4536 773 4592 Matth.
817 4552 904 4605 v1,
945 4537 1016 4592 ἓξ
1055 4554 1209 4609 seqq.

2153 1890 2454 1953 συνειδότος
2478 1891 2802 1960 νυττόμενος
2853 1889 3055 1960 μελετᾷ
3083 1889 3144 1942 τὸ
3165 1889 3345 1960 χρέος,
3382 1889 3476 1942 καὶ
3509 1890 3732 1942 σπεύδει

2150 1982 2286 2050 πρὸς
2315 1981 2416 2051 τὴν
2441 1982 2771 2052 ἁπόλφησιν.
2801 1982 2960 2036 Ἥκω
2999 1983 3184 2035 τοίνυν
3238 1981 3394 2051 κάγὼ
3425 1983 3604 2054 χρέος,
3637 1984 3732 2036 καὶ

2147 2074 2448 2129 ἀποδώσων
2497 2078 2628 2146 ὑμῖν
2668 2077 3041 2149 ὑπερήμερον.
3099 2079 3200 2147 Ato;
3225 2078 3290 2148 δὴ
3323 2077 3401 2149 τῷ
3454 2079 3596 2148 φωτὶ
3635 2079 3732 2133 τοῦ

2147 2167 2508 2237 εύαγγελικοῦ
2554 2167 2748 2239 λύχνου
2805 2171 2906 2233 τὰς
2966 2171 3146 2240 ψυχὰς
3203 2171 3572 2238 αύγασυέντες
3632 2174 3732 2245 τῆς

2147 2259 2494 2330 Δεσποτικῆς
2519 2261 2878 2324 διδασκαλίας
2912 2261 3264 2332 ἀκούσωμεν.

2226 2373 2244 2405 ι
2275 2345 2446 2404 Εἶπεν
2493 2356 2521 2407 ό
2574 2355 2781 2424 Κύριος
2833 2353 2931 2424 τὴν
2979 2352 3299 2424 παραϐολὴν
3385 2353 3626 2425 ταύτηνο
3672 2355 3732 2408 '0

2147 2445 2342 2515 λύχνος
2369 2447 2464 2501 τοῦ
2508 2446 2762 2516 σώματός
2791 2447 2943 2500 ἐστιν
2976 2448 3004 2499 ὁ
3046 2444 3346 2515 ὀφθαλμός.
3387 2464 3405 2498 ι
3448 2445 3587 2500 ’Δπὸ
3617 2449 3730 2502 τῶν

2148 2539 2428 2608 αἰσθητῶν
2504 2539 2654 2608 ἡμᾶς
2678 2540 2705 2591 ὁ
2732 2538 2926 2608 Σωτὴρ
2958 2538 3176 2606 ἀνάγων
3206 2544 3287 2604 εἰς
3322 2540 3390 2592 τὰ
3423 2540 3724 2609 νοούμενα,

2146 2632 2442 2700 πανσόφως
2474 2634 2590 2693 τοῖς
2640 2633 2864 2700 μικροῖς
2916 2632 3012 2685 καὶ
3065 2634 3420 2702 φαινομένοις
3487 2634 3731 2701 ἐγκατα-

2147 2724 2362 2794 σπείρει
2395 2724 2464 2775 τὰ
2497 2723 2829 2795 ὑψηλότερα,
2861 2724 2930 2777 ἵν’
2954 2725 3009 2776 εἰ
3035 2742 3087 2777 τι
3109 2727 3371 2798 δυσχερὲς
3401 2727 3551 2780 δοκεῖ
3583 2733 3728 2782 κατὰ

2143 2820 2243 2889 τὴν
2265 2817 2558 2888 πρόχειρον
2583 2817 2818 2882 έννοιαν,
2844 2820 2871 2870 ὁ
2906 2817 3030 2880 νοῦς
3047 2819 3368 2888 ἐμϐατεύων
3385 2821 3472 2873 διὰ
3490 2820 3729 2892 θεωρίας

2143 2910 2374 2980 εἰσαχθῇ
2406 2909 2545 2979 πρὸς
2578 2908 2638 2962 τὸ
2662 2909 2758 2962 τοῦ
2795 2911 3068 2981 νοήματος
3124 2913 3319 2965 ἄδυτον
3341 2928 3356 2942 ο
3412 2914 3550 2984 ὅπερ
3609 2913 3728 2966 ἐστι

2143 3002 2425 3057 κάνταῦθα
2464 3003 2646 3072 εὑρεῖν
2681 3017 2697 3033 ·
2732 3003 3056 3072 βουλόμενος
3087 3005 3196 3074 γὰρ
3229 3007 3404 3058 εἰπεῖν
3462 3007 3593 3076 περί
3625 3007 3729 3076 τῆς

2144 3094 2464 3166 πρεπούσης
2501 3098 2564 3165 τῇ
2595 3097 2742 3166 ψυχῇ
2771 3098 3182 3162 καταστάσεως,
3213 3100 3322 3152 ἀπὸ
3344 3097 3442 3154 τοῦ
3475 3117 3726 3171 σωματι-

1427 3198 1446 3230 ι
1497 3178 1741 3232 Lucerna
1789 3179 2038 3247 corporis

2144 3185 2243 3239 κοῦ
2275 3187 2730 3258 παραδείγματος
2762 3188 2991 3259 ἄρχεται
3026 3207 3039 3221 °
3091 3210 3108 3241 ι
3150 3181 3210 3243 ὁΟ
3245 3192 3438 3263 λύχνος
3487 3168 3585 3246 τοῦ
3618 3193 3728 3246 atii-

2145 3281 2320 3348 ματός
2346 3280 2495 3332 ἐστιν
2523 3281 2550 3331 ὁ
2572 3280 2877 3351 ὀφθαλμός.
2907 3301 2925 3332 ι
2963 3282 3172 3352 Λύχνον
3225 3285 3502 3354 τροπικῶς
3525 3285 3728 3356 ὀνομά·

2140 3373 2223 3436 ζει
2257 3372 2350 3425 τὸν
2376 3372 2678 3442 ὀφθαλμόν.
2722 3373 2880 3426 Οὕτω
2909 3374 3018 3445 γὰρ
3056 3379 3150 3429 καὶ
3181 3377 3214 3448 ὴ
3243 3377 3426 3445 φύσις,
3459 3378 3573 3432 ἄνω
3625 3379 3725 3433 τοῦ

2141 3464 2420 3535 σώματος,
2457 3465 2533 3528 ὡς
2554 3467 2647 3519 ἐπὶ
2675 3467 2900 3538 λυχνίαν
2932 3467 3196 3537 ἐρείσασα
3225 3470 3350 3530 τοὺς
3383 3471 3724 3540 ὀφθαλμοὺς,

2137 3557 2206 3610 δι’
2242 3558 2426 3611 αὐτῶν
2467 3548 2785 3630 ὁδηγεῖσοαι
2816 3560 2878 3612 τὸ
2909 3560 3092 3630 σῶμα,
3152 3563 3241 3615 καὶ
3269 3562 3590 3618 διοικεῖσθαι
3618 3581 3722 3617 κα-

2137 3651 2245 3716 λῶς
2275 3653 2689 3722 παρεσκεύασε.
2721 3653 2831 3706 Καὶ
2847 3653 2907 3706 τὸ
2927 3654 3035 3707 τῶν
3055 3655 3362 3726 αἰσθήσεων
3383 3653 3523 3710 εἶναι
3553 3655 3723 3726 κῦρος

2137 3750 2166 3801 ὁ
2200 3747 2482 3818 ὀφθαλμὸς
2535 3749 2892 3820 ἐκληρώσατο
2925 3769 2942 3786 ο
2983 3753 3040 3804 αἰ
3083 3751 3182 3822 μὲν
3244 3751 3354 3823 γὰρ
3395 3752 3556 3806 ἄλλαι
3607 3750 3724 3803 τῶν

2136 3837 2451 3911 αἰσθήσεων
2512 3841 2608 3894 καί
2634 3843 2956 3912 χρόνουκαὶ
2972 3843 3137 3897 τόπου
3179 3843 3395 3898 δέονται
3453 3843 3590 3914 πρίις
3617 3843 3721 3913 τὴν

2135 3929 2231 3982 τοῦ
2261 3929 2520 3999 αἰσθητοῦ
2547 3933 2853 4003 κατάληψιν
2874 3952 2886 3967 ο
2920 3935 3199 4006 ὀφθαλμὸς
3241 3936 3297 3989 δὲ
3329 3937 3576 4008 ἀχρόνως
3606 3936 3719 3989 τῶν

2136 4020 2350 4092 ὁρατῶν
2394 4023 2804 4094 ἐπιδράττεται.
2851 4025 3000 4096 Πλὴν
3049 4028 3110 4080 ού
3175 4027 3306 4099 περὶ
3363 4029 3720 4100 κατασκευῆς

2135 4111 2425 4182 ὀφθαλμοῦ
2488 4115 2753 4186 αἰσθητοῦ
2823 4117 2856 4189 ἢ
2909 4121 3224 4186 σωματικοῦ
3277 4120 3632 4190 διαλέγεται·
3679 4123 3715 4193 ἠ

2135 4206 2246 4275 γὰρ
2297 4206 2545 4277 ἑπομένη
2574 4209 2736 4280 ῥῆσις
2791 4211 2892 4264 ούκ
2943 4213 3230 4283 ἐπιτρέπει
3272 4214 3414 4268 νοεῖν
3463 4215 3616 4284 ἡμᾶς
3651 4213 3717 4266 τὸ

2133 4296 2232 4364 τῆς
2253 4296 2427 4366 ὅψεως
2454 4300 2832 4372 αἰσθητήριονο
2857 4305 2993 4374 φησί
3014 4305 3143 4375 γάρ’

2216 4406 2234 4439 ι
2273 4389 2335 4441 Εἰ
2367 4392 2396 4442 ὁ
2425 4392 2705 4463 ὀφθαλμός
2737 4411 2830 4449 σου
2861 4396 3144 4472 ἁπλοῦς
3212 4420 3232 4454 ι
3253 4399 3363 4455 Ποῦ
3388 4400 3444 4453 δὲ
3478 4398 3717 4475 ἁρμόσει

1680 4663 2000 4725 Francisci
2037 4669 2250 4731 Scorsi
2283 4681 2470 4735 natm.

451 4807 694 4903 ilius-“Sil
724 4808 838 4903 ipse
860 4807 1101 4903 Pinarius
1128 4801 1412 4903 numerus;
1447 4809 1559 4862 sive
1589 4812 1772 4874 etiam,
1799 4814 1922 4878 quia
1954 4826 2021 4903 οξ
2055 4817 2099 4870 D
2129 4813 2298 4872 Porro
2347 4832 2526 4878 autem
2577 4827 2723 4893 quod
2775 4829 2934 4882 etiam
2979 4831 3049 4886 sit
3095 4832 3289 4899 duplex
3344 4843 3703 4903 tetragOnum,

444 4890 632 4929 eorum
666 4879 1117 4944 multiplicatione
1141 4889 1322 4932 mutua
1357 4892 1712 4946 procreatur;
1743 4897 1865 4935 cum
1889 4897 1955 4935 ex
1987 4881 2024 4934 2

447 4945 500 4998 in
523 4948 566 5018 2
607 4948 699 4998 liat
730 4964 987 5002 nuincrus
1022 4949 1076 5012 4,
1106 4960 1159 5003 et
1189 4950 1222 5001 4
1259 4951 1310 5003 iu
1339 4945 1375 5003 2
1410 4949 1660 5018 gignatur
1686 4945 1942 5005 numerus
1968 4953 2024 5015 8,

445 5014 641 5088 quiest
674 5018 864 5088 cubus,
921 5029 975 5070 et
1013 5021 1228 5088 quidem
1269 5014 1495 5087 primus,
1532 5035 1656 5073 cum
1699 5021 1873 5075 nullus
1903 5014 2029 5075 ante

446 5085 622 5160 ipsum
677 5086 810 5160 hanc
874 5085 1134 5142 rationem
1192 5085 1388 5143 habeat
1422 5091 1617 5160 ;rquod
1669 5100 1848 5143 autem
1881 5094 2028 5160 ,ejus

446 5156 682 5234 unitates
719 5157 925 5225 disponi
960 5160 1030 5212 ita
1076 5159 1306 5227 possint,
1339 5168 1397 5212 ut
1425 5156 1630 5214 dictum
1679 5169 1786 5227 est,
1821 5177 1887 5215 ex
1923 5156 2026 5215 liae

445 5226 612 5293 ligura
643 5240 983 5295 perSpicuum
1017 5226 1139 5282 erit.

919 5321 1032 5398 2‘\
1458 5321 1518 5398 "7|
1539 5325 1586 5398 ξ,
1627 5330 1659 5377 2

1045 5403 1058 5764 l

2128 4891 2438 4972 octonarius
2475 4891 2774 4972 nuiii‘erus,
2810 4902 3072 4970 intelliges
3112 4891 3184 4956 εἰ
3207 4903 3274 4956 iis
3314 4918 3433 4972 quae
3478 4891 3586 4959 dixi
3635 4891 3706 4960 de

2129 4966 2408 5030 tetragono
2437 4965 2501 5016 ad
2534 4966 2678 5020 hom.
2714 4970 2806 5030 24,
2844 4980 2955 5023 ιιοι.
2982 4965 3080 5026 ⁷75.

2197 5028 2554 5112 (ὃῇρειξιίαρ
2609 5028 2852 5112 sensuum
2913 5043 3262 5107 principatum
3320 5047 3539 5099 sortitus
3601 5058 3701 5102 est.

2124 5094 2378 5184 concinit
2421 5099 2621 5184 Philo,_
2647 5107 2744 5160 lib.
2793 5110 2863 5161 De
2905 5094 3701 5183 ipeciaiiiasieg'iiué'li'sié'zii

2126 5180 2180 5252 tu
2209 5183 2423 5252 corpore
2450 5177 2802 5252 principatum
2843 5191 3038 5233 natura
3068 5184 3212 5235 dedit
3239 5177 3418 5252 capiti,
3449 5188 3526 5238 ila
3565 5187 3705 5240 inter

2127 5245 2340 5316 cetera:
2383 5257 2568 5316 sensus
2619 5251 2892 5314 imperium
2945 5267 3097 5316 penes
3135 5245 3312 5307 oculos
3356 5245 3467 5309 esse
3512 5255 3701 5310 voluit.

2126 5302 2645 5403 fiff;1_°t9::.§9'¥£
2662 5332 2685 5403 3
2732 5302 2956 5403 Ῐίὲσπνέ
2982 5321 3080 5390 τὴν
3112 5321 3365 5403 abem?
3396 5324 3702 5403 ῂγεμονίαγ

2126 5377 2348 5464 ᾐξξιξςις
2377 5380 2553 5464 {lividae
2588 5385 2819 5464 κεφαλῇ,
2859 5377 3003 5464 οὕτω
3021 5377 3139 5464 jacet
3166 5377 3274 5446 τῶν
3302 5377 3608 5464 αἰσθησέων
3636 5377 3701 5448 τὸ

2043 5498 2061 5514 ,
2126 5448 2327 5513 κράτος
2358 5448 2636 5524 Δἀνέδωκεν
2666 5448 2981 5524 ὀφθαλμοῖς.
3021 5461 3171 5517 Unde
3200 5465 3364 5517 infert
3395 5481 3410 5519 :
3441 5448 3569 5517 ideo
3601 5467 3698 5519 hos

2122 5529 2325 5604 quoque
2351 5521 2404 5571 in
2421 5522 2642 5604 sublimi
2675 5521 2972 5592 cellocevil,
3009 5546 3061 5582 ιιι
3092 5536 3390 5599 principes;
3415 5546 3461 5587 et
3487 5537 3698 5604 quidem

2122 5592 2286 5674 ΫΫῘΨ
2311 5592 2476 5668 mium
2495 5594 2802 5674 "3’,‘?"f‘05.
2842 5603 2930 5674 Sed
2956 5592 3216 5668 pra'c'ipue
3235 5592 3348 5656 loco
3370 5592 3477 5658 lam
3498 5592 3694 5674 insigni

2117 5659 2498 5779 ᾕὶρρηιρίειιο.
2527 5661 2656 5720 Vide
2673 5659 2869 5734 ipsum,
2888 5671 2932 5725 si
2951 5659 3152 5739 studes,
3173 5689 3364 5730 versus
3391 5659 3694 5742 linem—eius
