4070 6418
378 369 486 436 807

1601 364 2100 434 THEOPHANIS
2140 362 2490 423 CERAMEI

3571 375 3677 439 808

455 506 477 539 ι
529 483 586 540 Si
639 483 832 540 oculus
876 490 1003 537 tuus
1050 480 1213 536 fuerit
1262 483 1522 552 simplex,
1557 497 1728 541 totum
1778 475 1975 554 corpus

2160 500 2178 531 ι
2221 481 2352 534 Ἐὰν
2370 481 2397 532 6
2426 480 2709 551 ὀφθαλμός
2736 500 2829 536 σου
2857 483 3062 549 ἁπλοῦς
3163 486 3285 541 ὅλον
3310 487 3371 541 τὸ
3409 488 3570 559 σῶμά
3584 509 3681 546 σου

383 589 534 634 tuum
579 577 816 631 lucidum
863 576 990 629 erit.
1027 593 1046 626 ι
1087 573 1154 627 Ει
1186 575 1382 631 merito
1420 595 1435 630 :
1476 593 1600 632 nam
1639 578 1683 632 si
1716 578 1859 632 oculi
1900 574 1972 631 tui

382 679 531 725 recta
585 669 771 723 vident
818 666 969 734 juxta
1019 665 1226 719 dictum
1279 666 1556 736 Sapientis
1609 668 1757 741 (86),
1800 678 1972 723 totum

381 773 579 828 corpus
639 772 702 811 ea
760 771 879 826 quae
938 764 1151 810 natura:
1204 765 1290 809 est
1333 772 1614 828 congrua,
1657 759 1977 827 operatione

383 847 753 903 illustratur“.
820 845 973 901 lianc
1042 845 1454 916 simplicitatem
1526 847 1764 903 habebat
1829 848 1974 903 beati

384 940 605 995 Davidis
641 938 853 994 oculus.
882 938 1094 994 Idcirco
1128 952 1254 994 cum
1288 937 1401 994 Deo
1436 939 1668 1010 loquens
1703 939 1918 995 dicebat
1957 957 1971 995 :

386 1051 405 1086 ι
436 1033 685 1099 Domine,
710 1046 815 1087 non
846 1042 929 1086 est
954 1030 1250 1087 exaltatum
1280 1046 1377 1086 cor
1402 1046 1582 1087 meum
1601 1073 1616 1098 ,
1646 1046 1820 1104 neque
1850 1032 1974 1088 elati

379 1135 503 1181 sunt
550 1125 691 1180 oculi
743 1126 847 1180 mei
868 1127 913 1179 '.
956 1144 976 1177 ι
1028 1123 1097 1177 Ει
1145 1126 1402 1195 quoniam
1448 1126 1682 1181 elatione
1725 1129 1875 1182 visus
1925 1127 1975 1181 ei

302 1268 305 1269 ν
380 1220 632 1282 carebat,
660 1228 716 1274 et
761 1218 814 1273 in
860 1218 978 1274 solo
1021 1218 1164 1273 bono
1209 1228 1534 1289 occupatus,
1569 1229 1739 1274 totum
1778 1234 1977 1287 corpus

380 1312 499 1381 ejus
536 1312 776 1367 lucidum
812 1320 926 1365 erat
956 1311 1012 1365 in
1049 1312 1195 1367 nulla
1228 1328 1288 1367 re
1317 1311 1619 1368 oﬂ'endens.
1649 1312 1784 1367 Nam
1822 1314 1978 1367 audi-

381 1414 472 1457 tus
499 1405 718 1473 quidem
754 1404 809 1457 in
842 1403 1179 1467 excipiendis
1215 1403 1415 1457 divinis
1448 1401 1610 1457 rebus
1645 1412 1765 1458 erat
1796 1402 1978 1457 inten-

383 1504 503 1561 tus;
556 1497 627 1549 ait
677 1496 823 1549 enim
879 1513 893 1549 :
949 1513 969 1547 ι
1025 1496 1254 1550 Audiam
1304 1495 1431 1566 quid
1481 1494 1736 1565 loquatur
1784 1495 1837 1549 in
1892 1508 1977 1549 me

386 1588 646 1643 liomintts
699 1588 935 1642 Deus”.
971 1606 992 1641 ι
1046 1587 1306 1644 Gustatus
1356 1603 1485 1644 vero
1535 1602 1632 1657 pro
1677 1587 1824 1642 omni
1869 1586 1975 1642 alia

383 1679 706 1747 dulcedine,
757 1695 877 1748 qua:
938 1681 1190 1735 homines
1247 1680 1414 1735 animi
1475 1678 1977 1750 perturbationibus

380 1771 647 1827 obnoxios
712 1772 1052 1842 permulcere
1119 1773 1295 1839 solet,
1361 1772 1561 1827 divinis
1629 1772 1977 1827 sermonibus

381 1865 759 1920 delectabatur
790 1883 804 1923 :
847 1884 866 1917 ι
898 1865 1069 1933 Quam
1105 1866 1281 1920 dulcia
1315 1866 1560 1921 faucibus
1589 1864 1727 1921 meis
1760 1866 1973 1935 eloquia
2008 1843 2051 1899 Β

381 1958 506 2010 tua!
541 1972 702 2028 super
742 1957 848 2012 mel
893 1959 973 2011 ori
1004 1958 1206 2013 meo“.
1250 1978 1269 2011 ι
1292 1956 1482 2013 Manus
1498 1972 1629 2012 vero
1647 1958 1871 2013 tollebat
1906 1958 1974 2013 ad

382 2048 548 2103 Deum
600 2065 615 2103 :
673 2068 693 2101 ι
749 2049 995 2104 Elevatie
1041 2065 1301 2104 manuum
1352 2063 1599 2104 mearum
1642 2049 1973 2105 sacriﬁcium

376 2142 753 2208 vespertinum
776 2143 843 2194 ι’.
887 2159 904 2192 ι
964 2139 1139 2196 Pedes
1188 2157 1295 2196 non
1344 2141 1591 2211 oblique,
1621 2149 1675 2197 et
1720 2142 1976 2198 indecore

380 2236 764 2302 movebantur,
806 2236 904 2289 sed
956 2234 1160 2289 ﬁducia
1205 2236 1256 2289 in
1309 2235 1480 2290 Deum
1530 2234 1734 2289 suﬁulti
1784 2246 1972 2303 erant;

376 2327 501 2382 ideo
526 2327 742 2383 dicebat
769 2345 784 2383 :
827 2346 846 2379 ι
878 2327 981 2383 Pes
1016 2342 1169 2382 meus
1201 2328 1355 2383 stetit
1383 2329 1436 2382 in
1469 2327 1780 2397 directo";
1817 2347 1836 2381 ι
1873 2335 1970 2383 et:

382 2437 402 2469 ι
452 2419 702 2474 Statuisti
752 2434 918 2488 super
961 2427 1174 2489 petram
1215 2420 1381 2488 pedes
1428 2434 1602 2479 meos,
1636 2427 1690 2474 et
1725 2419 1972 2474 direxisti

376 2527 598 2583 gressus
635 2513 871 2568 meos“.
914 2530 932 2564 ι
969 2514 1163 2569 Omnia
1199 2514 1367 2568 divini
1399 2511 1551 2569 Vatis
1594 2513 1835 2568 membra
1878 2527 1975 2583 per

375 2604 518 2659 oculi
545 2604 954 2675 simplicitatem
985 2605 1039 2660 in
1071 2606 1253 2660 divino
1283 2605 1483 2662 timore
1510 2605 1873 2662 inhaerebant.

457 2715 479 2749 ι
537 2696 595 2752 Si
642 2708 826 2752 autem
876 2698 1069 2752 Oculus
1116 2708 1238 2753 tuus
1288 2697 1451 2752 fuerit
1498 2713 1762 2767 nequam,
1798 2707 1969 2752 totum

377 2806 579 2860 corpus
617 2799 768 2845 tuum
810 2792 1158 2845 tenebrosum
1197 2791 1323 2845 erit.
1367 2807 1387 2840 ι
1435 2791 1642 2846 Ordine
1675 2792 1973 2860 procedere

377 2884 558 2936 oratio
594 2898 698 2936 non
735 2882 969 2937 videtur.
1007 2881 1143 2936 Nam
1178 2882 1362 2936 verbis
1400 2881 1507 2935 illis
1554 2899 1567 2934 :
1619 2899 1639 2933 ι
1684 2882 1741 2936 Si
1781 2882 1974 2937 oculus

381 2986 506 3030 tuus
542 2976 706 3030 fuerit
748 2975 1013 3046 simplex,
1052 2993 1072 3028 ι
1112 2975 1544 3047 subiungendum
1580 2976 1882 3040 videbatur,
1913 2974 1971 3031 Si

376 3078 556 3123 autem
588 3068 781 3123 oculus
811 3079 933 3123 tuus
963 3068 1121 3123 fuerit
1159 3068 1520 3138 compositus;
1552 3066 1788 3134 simplici
1820 3068 1963 3123 enim

380 3162 740 3231 compositum
795 3161 1109 3231 opponitur.
1161 3161 1267 3215 Sed
1323 3175 1391 3215 ue
1438 3158 1605 3230 299
1650 3170 1969 3231 putaremus

379 3268 568 3308 vocem
614 3253 800 3318 illam,
834 3253 1102 3323 simplex,
1137 3256 1203 3307 de
1256 3252 1397 3307 oculi
1452 3263 1728 3307 structura
1768 3253 1975 3327 dictam

381 3345 575 3409 fuisse,
609 3346 703 3401 sed
734 3347 802 3400 de
832 3346 1069 3399 naturali
1102 3345 1440 3415 operatione,
1472 3355 1529 3397 ut
1557 3345 1730 3399 oratio
1761 3359 1976 3415 quoque

379 3450 567 3495 nostra
598 3440 1016 3505 demonstravit,
1052 3449 1338 3509 propterea
1372 3438 1552 3492 subdit
1587 3455 1600 3491 :
1643 3454 1662 3488 ι
1702 3435 1759 3492 Si
1795 3447 1973 3491 autem

378 3533 570 3588 oculus
597 3542 722 3587 tuus
753 3532 919 3589 luerit
948 3548 1210 3602 nequam,
1245 3550 1265 3583 ι
1307 3541 1364 3585 ut
1392 3546 1490 3602 per
1520 3530 1573 3586 id
1607 3530 1749 3601 quod
1785 3544 1979 3585 conse-

381 3627 599 3695 quitur,
644 3627 1022 3681 ratiocinando
1074 3625 1346 3695 intelligas
1394 3625 1446 3679 id
1492 3624 1634 3694 quod
1681 3624 1973 3695 praecedit;

380 3716 509 3787 quia
542 3716 802 3786 nequitiae
837 3717 1054 3771 bonitas
1089 3717 1273 3786 potius
1304 3716 1622 3786 opponitur.
1657 3715 1838 3782 Atque
1872 3713 1976 3768 hoc

379 3819 485 3875 est,
514 3812 659 3880 quod
690 3824 788 3879 per
819 3809 1226 3879 simplicitatem
1256 3808 1617 3879 signiﬁcatur.

457 3922 477 3955 ι
508 3904 564 3958 Si
593 3912 774 3958 autem
804 3902 995 3957 oculus
1022 3910 1145 3956 tuus
1171 3900 1336 3957 fuerit
1364 3914 1624 3970 nequam,
1655 3907 1824 3953 totum
1853 3912 1977 3952 cor-

378 4010 481 4066 pus
517 4006 666 4049 tuum
701 3993 1055 4049 tenebrosum
1090 3992 1227 4059 erit;
1268 4011 1288 4046 )
1331 4007 1458 4045 nam
1511 3990 1704 4046 oculus
1740 4004 1973 4061 nequam

383 4101 442 4143 et
481 4089 680 4153 elatus,
701 4085 965 4141 amittens
1008 4086 1257 4141 contueri
1298 4100 1360 4140 ea
1402 4099 1636 4154 quorum
1675 4084 1852 4140 factus
1891 4091 1978 4139 est

380 4194 572 4245 causa,
604 4178 923 4247 passionum
959 4177 1310 4233 incitamenta
1347 4178 1741 4247 circumspicit.
1774 4179 1976 4244 Quam-

380 4274 572 4327 obrem
628 4278 804 4324 totum
854 4284 1054 4335 corpus
1104 4269 1250 4323 velut
1300 4268 1355 4322 in
1413 4269 1650 4323 tenebris
1700 4268 1974 4335 ambulat,

367 4364 553 4420 oculis
597 4362 1010 4418 cmentientibus
1053 4375 1264 4415 errans.
1289 4360 1581 4415 Curiosum
1631 4363 1775 4416 hunc
1814 4374 1975 4432 aspe-

376 4465 529 4511 ctum
560 4453 826 4509 Dominus
855 4466 1115 4508 coercens
1149 4453 1409 4521 przecepit
1447 4470 1461 4508 :
1505 4471 1524 4505 ι
1561 4452 1680 4508 Νοη
1717 4456 1976 4525 concupi-

2080 573 2347 645 φωτεινδν
2375 573 2585 628 ἔσται.)
2614 576 2725 628 Καὶ
2755 577 2901 647 μάλα
2924 579 3171 643 εἰκότως·
3194 582 3241 633 εί
3273 579 3381 652 γὰρ
3397 582 3448 635 οἱ
3477 582 3682 652 ὀφθαλ-

2082 666 2173 735 μοί
2209 684 2303 720 σου
2351 666 2472 719 λεῖα
2523 667 2818 753 βλέπουσι,
2860 671 3004 724 κατὰ
3059 688 3150 724 τον
3197 674 3425 727 εἰπόντα
3489 676 3676 743 σοφὸν,

2084 758 2195 811 πᾶν
2218 757 2281 810 τὸ
2304 757 2466 827 σῶμα
2496 761 2563 828 τῇ
2600 760 2741 813 κατὰ
2794 759 2958 828 φύσιν
3010 762 3266 834 ἐνεργείᾳ
3309 765 3683 832 καταφωτίζεο

2078 868 2195 905 ται.
2250 851 2473 923 Ταύτην
2516 847 2631 922 εἶχε
2675 852 2777 923 τὴν
2823 854 3109 926 ἁπλότητα
3164 855 3192 907 6
3247 854 3342 909 τοῦ
3403 857 3679 927 μακαρίου

2080 944 2249 997 Δαὸὶδ
2291 943 2612 1016 ὀφθαλμός⁸
2673 945 2755 999 διὸ
2805 948 2902 1000 καὶ
2955 947 3111 1017 ἔλεγε
3168 949 3309 1019 πρδς
3356 950 3450 1004 τὶν
3502 951 3678 1005 Θεόνο

2085 1056 2104 1090 ι
2145 1037 2347 1109 Κύριε,
2378 1039 2478 1108 οὐχ
2508 1035 2702 1110 ὑψώθη
2732 1041 2766 1111 ἡ
2796 1040 2998 1114 καρδία
3035 1060 3160 1113 μου.
3188 1041 3311 1096 οὖδέ
3369 1043 3681 1113 ἐμετεωρί-

2081 1130 2291 1201 σθησαν
2313 1133 2362 1185 οἱ
2384 1132 2662 1203 ὀφθαλμοί
2685 1151 2813 1204 μου.
2845 1155 2864 1186 ι
2897 1135 3008 1189 Καὶ
3034 1136 3226 1208 ἐπειδὴ
3262 1138 3681 1210 ὰμετεὼριστον

2081 1219 2197 1290 εἶχε
2229 1222 2330 1292 τὴν
2355 1224 2550 1291 ὅρασιν
2582 1223 2720 1294 πρὸς
2750 1227 2915 1295 μόνον
2940 1228 3416 1299 ἀπησχολημένην
3443 1231 3505 1282 τὸ
3541 1232 3682 1299 ἀγα-

2081 1312 2197 1378 θὸν,
2236 1315 2386 1367 ἆπαν
2418 1315 2587 1368 αὐτοῦ
2612 1316 2675 1368 τὸ
2715 1317 2878 1387 σῶμα
2908 1319 3177 1389 φωτεινὸν
3216 1322 3278 1374 τὸ
3323 1323 3680 1394 προσκόπτον

2079 1408 2138 1459 ἐν
2171 1409 2404 1478 μηδενί·
2439 1412 2473 1481 ἡ
2492 1411 2594 1480 μὲν
2620 1412 2730 1484 γὰρ
2779 1413 2918 1485 ἀκοὴ
2975 1415 3332 1487 ἀπησχόλητο
3394 1419 3534 1488 πρὸς
3575 1420 3678 1492 τὴν

2080 1501 2232 1555 θείαν
2257 1502 2530 1557 ἐνώτισινο
2572 1524 2589 1556 ι
2635 1505 2973 1577 Ἀκούσομαι
3006 1507 3137 1579 γὰρ,
3176 1511 3333 1579 φησὶ,
3366 1510 3420 1563 τί
3450 1511 3679 1581 λαλήσει

2082 1596 2140 1647 ἐν
2177 1596 2306 1666 ἐμοὶ
2342 1598 2552 1668 Κύριος
2581 1601 2610 1653 6
2649 1599 2804 1664 Θεός.
2839 1620 2856 1651 ι
2903 1601 2969 1654 Ἥ
3011 1602 3068 1655 δὲ
3101 1602 3313 1671 γεῦσις,
3366 1604 3482 1657 ἀντ’
3508 1605 3679 1674 ἄλλης

2079 1688 2423 1761 γλυκύτητος
2470 1692 2776 1765 ἡδυνούσης
2836 1694 2964 1759 τοὺς
3000 1696 3296 1766 ἐμπαθεῖς,
3327 1701 3441 1762 τοῖς
3495 1700 3679 1767 λόγοις

2079 1783 2177 1836 τοῦ
2212 1783 2350 1836 θεοῦ
2371 1784 2712 1856 ἐφηδύνετο⁸
2753 1806 2771 1839 ι
2819 1789 2911 1850 Ὠς
2956 1790 3165 1857 γλυκέα
3192 1789 3271 1861 τῷ
3295 1790 3531 1863 λάρυγγί
3573 1810 3677 1862 μου
3760 1812 3765 1817 ί

2084 1874 2153 1927 τὰ
2176 1874 2337 1943 λόγιά
2378 1894 2473 1930 σου
2504 1880 2518 1933 ι
2547 1878 2690 1950 ὑπὲρ
2739 1880 2971 1953 μέλιτῷ
3023 1882 3257 1954 στόματί
3323 1901 3449 1956 μου.
3485 1903 3507 1937 ›
3563 1885 3679 1949 Τὰς

2084 1972 2272 2041 χεῖρας
2293 1968 2442 2041 εἶχεν
2466 1972 2847 2045 ἐπαιρομένας
2869 1974 2951 2038 εἰς
2982 1975 3117 2029 Θεόν
3138 1990 3153 2006 ο
3192 1995 3212 2028 ι
3255 1977 3536 2046 Ἐπαρσις
3562 1976 3675 2029 τῶν

2084 2062 2286 2131 χειρῶν
2311 2079 2416 2133 μου
2446 2063 2610 2119 θυσία
2643 2066 2932 2141 ἐσπερινή.
2976 2088 2995 2121 ι
3031 2071 3094 2123 Ol
3126 2070 3293 2136 πόδες
3322 2071 3383 2124 ού
3441 2069 3679 2133 σκολιῶς

2083 2152 2388 2223 ἐκινοῦντο,
2420 2157 2517 2209 καὶ
2542 2159 2835 2229 ἀπρεπῶς,
2863 2161 2981 2214 ἀλλ’
3010 2163 3395 2234 ἐνηρεισμὲνοι
3426 2162 3560 2233 πρὸς
3576 2161 3679 2232 τὴν

2083 2246 2167 2308 είς
2205 2246 2340 2299 Θεὸν
2374 2243 2523 2320 ἦσαν
2554 2250 2889 2324 πεποίθησιν
2915 2270 2931 2284 ·
2961 2253 3043 2307 διὸ
3067 2255 3287 2324 ἔλεγεν·
3353 2274 3372 2307 ι
3427 2255 3487 2309 ὐ
3539 2255 3679 2319 ποῦς

2087 2357 2190 2411 μου
2215 2341 2344 2413 ἐστη
2369 2344 2428 2399 ἐν
2449 2344 2712 2416 εὐθύτητι
2733 2363 2748 2379 ⁶
2787 2369 2804 2401 ι
2829 2350 2924 2404 καί
2941 2365 2957 2381 °
2994 2369 3013 2403 ι
3030 2352 3307 2421 Ἔστησας
3331 2352 3425 2405 ἐπὶ
3469 2352 3679 2421 πέτραν

2082 2436 2209 2497 τοὺς
2235 2438 2406 2501 πόδας
2431 2457 2557 2511 μου,
2590 2442 2686 2495 καὶ
2707 2443 3053 2508 κατεύθυνας
3078 2444 3147 2500 τὰ
3171 2444 3493 2516 διαδήματά
3511 2463 3669 2515 μου.»

2086 2529 2276 2583 Πάντα
2302 2531 2371 2585 τὰ
2401 2533 2495 2586 τοῦ
2528 2534 2677 2589 θείου
2697 2537 2990 2609 Προφήτου
3021 2538 3160 2609 μέλη
3175 2541 3243 2610 τῇ
3269 2540 3364 2592 τοῦ
3387 2538 3675 2609 ὀφθαλμοῦ

2084 2621 2351 2694 ἁπλότητι
2388 2626 2527 2695 πρὸς
2554 2627 2646 2680 τὸν
2669 2627 2817 2683 θεῖον
2840 2630 3008 2700 φόϐον
3032 2632 3334 2704 ἐνίσχοντο.

2162 2733 2181 2764 ι
2240 2714 2368 2768 Ἐὰν
2388 2716 2445 2771 δὲ
2491 2720 2519 2771 6
2550 2717 2830 2791 ὀφθαλμός
2882 2740 2977 2776 σου
3033 2726 3272 2797 πονηρὸς
3320 2722 3380 2799 ᾖ,
3434 2727 3556 2780 ὅλον
3613 2726 3678 2782 τὸ

2085 2804 2248 2874 σῶμά
2298 2825 2393 2862 σου
2427 2812 2705 2865 σκοτεινὸν
2730 2812 2909 2868 ἔσται.
2940 2833 2960 2867 ι
2997 2818 3157 2869 Δοκεῖ
3189 2817 3267 2888 μὴ
3319 2819 3463 2871 κατά
3520 2818 3677 2884 τάξιν

2081 2898 2110 2949 6
2135 2897 2296 2965 λόγος
2328 2902 2724 2972 προέρχεσοαι.
2771 2906 2915 2977 Πρὸς
2971 2906 3083 2980 γὰρ
3120 2909 3182 2961 τό
3214 2924 3227 2939 ·
3269 2928 3289 2961 ι
3351 2910 3479 2965 Ἐὰν
3513 2911 3543 2963 6
3577 2911 3680 2980 όφο

2084 2988 2295 3060 θαλμός
2326 3009 2423 3045 σου
2458 2994 2665 3059 ἁπλοῦς
2700 2993 2760 3069 ᾖ,
2804 3018 2822 3050 ι
2858 3001 3033 3071 ἐχρῆν
3066 3003 3391 3072 ἐπενεγκεῖν
3412 3021 3426 3036 ·
3488 3003 3616 3058 Ἐὰν
3644 3005 3678 3058 6

2081 3076 2363 3146 ὀφθαλμός
2393 3097 2490 3134 σου
2524 3081 2840 3160 σύνθετοςῇ
2872 3089 2987 3159 ’τῷ
3019 3090 3129 3161 γὰρ
3190 3092 3356 3163 ἁπλῷ
3383 3092 3444 3145 τὸ
3479 3093 3677 3147 σύνθε-

2003 3210 2047 3266 C
2081 3185 2177 3221 τον
2202 3171 2532 3227 ἀντίκειται.
2570 3173 2718 3229 Ἀλλ’
2744 3177 2835 3232 ἵνα
2863 3180 2939 3250 μὴ
2970 3182 3228 3253 περὶτῆς
3256 3184 3351 3237 τοῦ
3386 3183 3674 3256 ὀφθαλμοῦ

2083 3265 2440 3333 κατασκευῆς
2474 3269 2734 3338 εἰρῆσθαι
2794 3273 3085 3344 νοήσωμεν
3132 3275 3195 3328 τὸ
3244 3276 3474 3341 ἁπλοῦν,
3532 3277 3677 3334 ἀλλὰ

2080 3357 2211 3426 περὶ
2233 3358 2336 3427 τῆς
2395 3361 2540 3413 κατὰ
2594 3362 2756 3431 φύσιν
2798 3366 3108 3437 ἐνεργείας,
3178 3369 3255 3433 ὡς
3317 3372 3462 3425 καὶό
3510 3371 3674 3439 λόγος

2078 3447 2331 3514 ἀπέδειξε
2359 3466 2374 3480 ·
2397 3450 2488 3504 διὰ
2512 3452 2673 3506 τοῦτο
2706 3455 2968 3526 ἐπιφέρει
2996 3474 3010 3487 ο
3050 3476 3069 3510 ι
3124 3459 3252 3513 Ἐὰν
3314 3461 3373 3514 δὲ
3398 3463 3427 3515 6
3465 3463 3670 3533 ὀφθαλ-

2081 3539 2183 3609 μός
2211 3558 2306 3594 σου
2339 3544 2581 3614 πονηρὸς
2664 3563 2677 3577 ο
2710 3565 2728 3596 ι
2774 3548 2863 3601 ἵνα
2891 3549 2982 3602 διὰ
3009 3550 3105 3604 τοῦ
3139 3552 3410 3623 ἑπομένου
3465 3559 3671 3629 νοήσῃς

2076 3634 2139 3687 τὸ
2168 3635 2606 3707 προηγούμενον,
2643 3640 3106 3715 συλλογισάμενος
3130 3646 3214 3700 ὅτι
3240 3647 3320 3717 τῷ
3351 3649 3575 3719 πονηρῷ
3606 3649 3672 3703 τὸ

2078 3727 2287 3796 ἀγαθὸν
2322 3729 2528 3799 μᾶλλον
2564 3732 2912 3787 ἀντίκειται·
2948 3735 3228 3793 καὶτοῦτό
3280 3740 3400 3794 ἐστι
3458 3744 3520 3797 τὸ
3577 3742 3669 3798 διὰ

2077 3821 2177 3889 τῆς
2210 3821 2518 3892 ἁπλότητος
2545 3825 2978 3897 σημαινόμενον.

2155 3929 2175 3962 ι
2216 3911 2345 3965 Ἐὰν
2374 3913 2429 3966 δὲ
2463 3914 2493 3966 6
2512 3914 2794 3987 ὀφθαλμός
2825 3935 2920 3972 σου
2945 3917 3251 3997 πονηρδςῇ,
3277 3922 3399 3978 ὅλον
3419 3925 3481 3978 τὸ
3505 3926 3669 3997 σῶμα

2079 4018 2175 4054 σου
2215 4005 2496 4060 σκοτεινὸν
2524 4007 2679 4061 ἔσται
2711 4028 2725 4043 ο
2768 4029 2787 4061 ι
2823 4012 2977 4082 ὁγὰρ
3006 4014 3242 4085 πονηρὸς
3255 4015 3537 4085 ὀφθαλμὸς
3570 4019 3668 4072 καὶ

2080 4094 2379 4165 μετέωρος,
2406 4098 2569 4168 ἀφεὶς
2595 4101 2782 4155 ἐκεῖνα
2805 4108 3190 4174 περισκοπεῖν,
3222 4102 3298 4161 ὧν
3343 4108 3508 4163 ἕνεκα
3565 4110 3668 4178 γέ-

2077 4201 2229 4252 γονε,
2264 4188 2652 4259 περιαθρείτὰ
2680 4191 2792 4244 τῶν
2827 4194 3018 4247 παθῶν
3076 4196 3505 4266 ὑπεκκαύματα.
3573 4200 3670 4254 Διὸ

2076 4276 2175 4329 καὶ
2204 4275 2352 4331 ἅπαν
2381 4279 2443 4331 τὸ
2492 4281 2654 4352 σῶμα
2684 4282 2760 4345 ὡς
2794 4286 2854 4337 ἐν
2893 4286 3078 4340 σκότει
3122 4288 3442 4356 πορεύεται,
3468 4294 3534 4359 τῇ
3555 4291 3670 4343 τῶν

2077 4372 2349 4442 ὀμμάτων
2369 4374 2712 4448 ἀμϐλυωπίᾳ
2740 4378 3259 4449 περιπλανώμενον.
3280 4381 3518 4451 Ταύτην
3566 4380 3668 4453 τὴν

2081 4466 2378 4536 περίεργον
2457 4466 2590 4522 θέαν
2661 4470 3007 4524 ἀναστέλλων
3050 4473 3078 4525 6
3137 4473 3271 4537 Θεδς
3316 4474 3666 4529 ἐνετείλατο·

380 4560 500 4601 sees
546 4558 775 4599 uxorem
824 4542 1064 4614 proximi
1116 4542 1224 4611 tui,
1255 4550 1312 4597 et
1355 4543 1612 4599 universa
1663 4558 1785 4614 quae
1833 4545 1975 4601 illius

2085 4576 2104 4609 ι
2136 4559 2253 4612 Οὐκ
2286 4560 2655 4632 ἐπιθυμήσεις
2683 4565 2782 4632 τὴν
2814 4567 3055 4632 γυναῖκα
3086 4565 3180 4619 τοῦ
3243 4566 3477 4636 πλησίου
3546 4586 3666 4635 σου,

379 4639 592 4695 sunt".
637 4657 656 4691 ι
714 4636 912 4691 Postea
957 4650 1091 4691 vero
1141 4637 1357 4690 curiose
1408 4635 1691 4691 mulierem
1742 4637 1973 4707 intueri,

382 4729 713 4786 adulterium
750 4743 873 4784 esse
906 4726 1077 4793 dixit,
1110 4727 1353 4805 radicem
1391 4727 1679 4798 passionis
1696 4729 1974 4798 spinarum

379 4825 616 4880 feracem
671 4822 912 4878 evellens
963 4820 1114 4891 (87),
1149 4833 1217 4875 ex
1271 4834 1380 4889 qua
1430 4819 1693 4875 nimirum
1747 4829 1889 4876 terra
1940 4836 1974 4875 a

379 4917 649 4990 principio
697 4918 884 4985 spinas
930 4914 1087 4969 nobis
1133 4914 1412 4983 produxit,
1450 4928 1651 4982 pravus
1693 4915 1836 4968 enim
1886 4914 1974 4969 ille

378 5011 580 5080 plantae
610 5017 941 5077 conspectus
970 5005 1171 5059 malam
1203 5004 1360 5060 nobis
1387 5019 1568 5060 escam
1596 5005 1793 5081 emisit.
1824 5005 1973 5073 Quo-

382 5102 526 5156 niam
558 5116 711 5166 vero,
739 5112 802 5154 ut
831 5099 1021 5169 optimi
1053 5099 1258 5169 quique
1284 5097 1449 5154 ﬂores
1480 5099 1726 5168 pulchris
1758 5102 1971 5155 extrin-

377 5207 541 5246 secus
570 5190 713 5245 foliis
743 5192 1117 5255 involvuntur,
1148 5189 1220 5243 ita
1246 5202 1416 5244 sacrae
1446 5188 1745 5258 Scriptura:
1774 5204 1970 5246 sensus

2076 4650 2202 4702 ούδέ
2227 4652 2331 4704 ὅσα
2362 4652 2603 4722 ὑπάρχει
2627 4654 2802 4726 αὐτῷ.
2845 4672 2863 4706 ο
2901 4655 3175 4727 ’Ὕστερον
3210 4657 3269 4709 δὲ
3296 4657 3393 4711 καὶ
3416 4659 3666 4729 μοιχείαν

2077 4738 2335 4809 ὠνόμασε
2367 4741 2430 4795 τὸ
2465 4744 2778 4815 περιέργως
2809 4748 3050 4813 γυναῖκα
3082 4746 3234 4812 ἰδεῖν,
3272 4747 3373 4820 τὴν
3422 4750 3669 4821 ἁκανθη-

2073 4828 2242 4899 φόρον
2264 4829 2424 4901 ῥίζαν
2456 4831 2551 4884 τοῦ
2586 4832 2793 4892 πάθους
2829 4835 3079 4899 ἐκσπῶν,
3108 4834 3170 4900 ἐξ
3196 4830 3265 4906 ἦς
3319 4837 3454 4908 ἡμῖν
3483 4837 3665 4910 ἀρχῇ..

2073 4920 2168 4973 θεν
2202 4922 2236 4991 ἡ
2264 4921 2333 4990 γῆ
2364 4921 2464 4985 τὰς
2498 4923 2743 4988 ἀκάνθας
2784 4925 3089 4996 ἐϐλάστησε
3145 4942 3159 4957 ’
3215 4927 3252 4997 ἠ
3290 4929 3402 5000 γὰρ
3444 4930 3667 4999 πονηρὰ

2075 5010 2172 5065 τοῦ
2201 5012 2371 5082 φυτοῦ
2395 5014 2494 5067 θέα
2523 5015 2621 5085 τὴν
2662 5015 2841 5088 κακὴν
2887 5019 3023 5089 ἡμῖν
3063 5018 3369 5093 ἐϐλάστησε
3425 5019 3659 5092 βρῶσιν.

2075 5104 2337 5176 ιἘπειδὴ,
2368 5104 2561 5177 ὥσπερ
2587 5108 2695 5162 τῶν
2742 5110 2952 5164 ἀνθέων
2989 5110 3060 5164 τὰ
3115 5112 3381 5167 κάλλιστα
3440 5102 3665 5184 ὡραίοις

2079 5197 2284 5263 ἔξωθεν
2307 5198 2532 5268 φύλλοις
2574 5202 3068 5273 περιχλαινιζεται,
3101 5205 3247 5262 οὕτω
3271 5207 3341 5262 τὰ
3364 5209 3465 5277 τῆς
3498 5208 3666 5275 ἁγίας

449 5330 473 5361 ⁸
496 5329 657 5411 νηοῖςἶ
682 5342 755 5411 Iv_,
776 5326 868 5381 25.
945 5327 967 5357 '
991 5324 1375 5411 Psal._§£xx._l
1390 5326 1699 5411 .M'°_.1_’sa_l_.
1726 5331 2027 5411 Lsxxnv",_9.
2110 5335 2149 5365 ¹¹
2175 5333 2321 5393 Psal.
2348 5350 2537 5403 cum,
2567 5337 2691 5393 l05.
2770 5340 2812 5372 ¹¹
2836 5340 2981 5397 Psai.
3004 5357 3129 5409 CXL,
3155 5344 3212 5401 2.
3291 5346 3334 5379 ¹³
3352 5344 3500 5401 Psal.
3529 5361 3659 5411 xxv,

382 5398 470 5455 12.
552 5400 593 5430 ⁸⁵⁵
621 5399 764 5452 Psal.
792 5413 980 5463 xxxix,
1002 5398 1056 5450 5.
1136 5400 1178 5430 ’⁸
1206 5397 1378 5452 Exod.
1403 5396 1617 5463 20,17;
1655 5401 1808 5454 Deut.
1833 5415 1886 5463 ν,
1910 5401 2001 5457 21.

1642 5518 1970 5581 Francisci
2005 5519 2215 5581 Scorsi
2250 5526 2440 5581 notua.

451 5637 564 5709 (86)
611 5634 783 5690 Juxta
825 5637 1025 5709 dictum
1080 5632 1367 5709 Sapientis‘.
1418 5636 1832 5693 Proverltiorum
1880 5649 1963 5695 est

381 5706 587 5765 dictum
622 5724 743 5779 cap.
778 5725 848 5779 tv.
886 5706 1023 5761 LXX
1060 5710 1159 5761 :Oi
1198 5708 1469 5779 ὀφθαλμοί
1494 5726 1585 5761 σου
1610 5709 1746 5779 ὀρθὰ
1769 5709 1968 5779 βλεπέ-

380 5795 565 5831 τωσαν
585 5793 598 5806 ·
618 5775 686 5849 τὰ
710 5778 766 5830 δέ
793 5777 1044 5849 ϐλεφαρά
1065 5796 1159 5832 σου
1182 5775 1390 5831 νευέτω
1413 5780 1620 5833 δίκαια.
1636 5775 1706 5833 At
1734 5775 1917 5833 nostra
1948 5799 1960 5835 :

383 5849 540 5903 Oculi
572 5848 648 5901 tui
680 5860 821 5901 recta
851 5848 1081 5917 videant,
1126 5862 1173 5905 et
1211 5854 1473 5921 palpebra:
1518 5867 1622 5903 tum
1661 5853 1959 5918 prwredaut

2072 5658 2281 5711 gressus
2313 5650 2451 5711 (quos.

2150 5713 2262 5787 {87)
2315 5710 2581 5787 Ειοείίεηε.
2635 5714 2692 5770 ln
2749 5716 2992 5787 Exempl.
3050 5722 3310 5778 Panorm.
3369 5726 3661 5784 scribentis

2076 5782 2338 5866 vitioyro
2367 5785 2612 5853 ὲκσπῶν,
2638 5793 2778 5858 quod
2804 5802 2887 5843 est
2919 5782 2974 5845 in
3006 5791 3200 5859 Vatic.,
3233 5807 3514 5850 exaratum
3540 5782 3662 5854 erat

2072 5869 2303 5907 εκστων.
