4070 6400
391 380 501 443 813

1754 378 2081 437 IWMILIA
2126 377 2311 435 XLII.

3558 381 3667 447 814

389 496 725 557 ιωτίσαντες
750 492 811 546 τὸ
840 493 1018 563 νόημα
1043 494 1123 557 εἰς
1140 494 1399 564 Χριστὸν,
1420 492 1559 546 κατὰ
1588 492 1683 563 τὴν
1716 492 1807 543 τοῦ
1826 494 1991 544 Ἀπο-

2100 494 2147 544 in
2182 489 2553 559 captivitatem
2607 490 2915 558 rcdigentes
2956 506 3177 549 sensum
3237 493 3291 549 in
3347 496 3669 566 obsequium

391 590 575 642 στόλου
610 588 962 657 παραίνεσιν.
992 585 1201 657 Λύχνος
1232 586 1340 656 γὰρ
1365 585 1527 656 ἡμῶν
1549 586 1643 638 καὶ
1693 585 1975 653 ὀφθαλμὸς

390 682 553 745 εῦτός
581 683 730 732 ἐστιν
764 682 791 733 6
830 679 1089 750 Χριστός.
1147 678 1358 749 Λύχνος
1386 679 1497 749 γὰρ
1555 678 1975 746 ἐτυμολογεῖται

391 774 541 841 παρὰ
580 773 641 824 τὸ
674 772 826 825 λύειν
874 773 936 824 τὸ
996 770 1181 840 νύχος,
1212 772 1383 842 ἦγουν
1437 770 1499 823 τὸ
1534 770 1747 830 σκότος.
1786 768 1882 831 Τίς
1916 766 1973 820 δέ

390 872 537 919 ἐστιν
568 866 759 935 ἕτερος
790 866 817 917 6
854 865 953 932 τῆς
996 864 1275 934 ἁμαρτίας
1322 861 1495 925 λύσας
1549 862 1648 931 τὴν
1714 861 1976 928 ζόφωσιν,

391 960 485 1014 καὶ
512 959 572 1011 τὸ
600 959 718 1028 φῶς
744 960 844 1029 τῆς
876 957 1135 1026 γνώσεως
1188 957 1585 1029 χαρισάμενος,
1640 956 1755 1009 ἀλλ’
1788 956 1820 1026 ἢ
1880 955 1980 1009 αῦ-

390 1053 480 1115 τὸς
511 1052 540 1103 6
573 1050 746 1104 εἰπών
773 1068 787 1083 ο
826 1068 845 1102 ι
892 1048 1040 1117 Ἐγώ
1085 1051 1204 1120 είμι
1241 1050 1302 1102 τὸ
1352 1050 1468 1119 φῶς
1522 1047 1617 1102 τοῦ
1668 1047 1915 1117 κόσμου;
1953 1067 1971 1099 ι

392 1144 562 1208 Λῦτὸς
612 1144 722 1216 γάρ
780 1145 929 1197 ἐστιν
978 1144 1055 1207 ὼς
1111 1143 1334 1213 ἀληθῶς
1391 1142 1453 1194 τὸ
1504 1141 1643 1212 φῶς,
1678 1140 1707 1193 ὃ
1750 1141 1979 1210 φωτίζει

390 1238 570 1290 πάντα
638 1235 928 1306 ἄνθρωπον
976 1236 1277 1306 ἐρχόμενον
1307 1236 1413 1302 ᾔεις
1476 1235 1570 1288 τὸν
1631 1234 1839 1305 κόσμον
1870 1232 1982 1287 τῶν

392 1328 628 1398 ἀρετῶν.
656 1328 778 1389 Πῶς
811 1328 867 1380 δὲ
916 1321 1072 1392 οὗτος
1108 1327 1391 1397 ὀφοαλμὸς
1459 1329 1577 1382 ἐστι
1626 1330 1722 1381 καὶ
1791 1326 1983 1398 λύχνος

392 1421 688 1491 ἡμέτερος,
717 1421 745 1472 ὁ
790 1420 947 1489 λόγος
968 1421 1133 1484 δείξει
1187 1423 1548 1491 σαφέστερον.
1592 1422 1843 1490 Κεφαλὴ
1880 1421 1985 1475 τοῦ

393 1512 508 1577 τῆς
524 1514 894 1579 Ἐκκλησίας
907 1513 1302 1583 πληρώματος
1320 1514 1484 1575 αὑτός
1500 1516 1647 1566 ἐστιν
1664 1513 1692 1565 6
1710 1514 1982 1581 Χριστός·

392 1604 538 1657 οὕτω
565 1604 672 1676 γὰρ
699 1607 727 1659 6
756 1606 932 1675 μέγας
953 1606 1163 1669 Παυλός
1187 1623 1353 1676 φησιν
1374 1622 1386 1635 ο
1424 1624 1442 1657 ι
1487 1606 1685 1674 Ἡμεῖς
1722 1607 1779 1659 δὲ
1812 1605 1987 1675 σῶμα

395 1694 584 1749 αὐτοῦ
604 1734 618 1755 ,
654 1695 752 1747 καὶ
795 1695 933 1765 μέλη
960 1696 1024 1749 ἐκ
1082 1697 1334 1767 μέρους-ι
1364 1697 1607 1767 κεφαλῆς
1636 1697 1692 1750 δὲ
1721 1699 1779 1750 τὸ
1798 1700 1993 1769 κράτι-

396 1804 524 1840 στον
564 1787 924 1859 αἰσθητήριον
952 1788 981 1840 6
1020 1788 1329 1860 ὀφθαλμός.
1358 1790 1576 1885 Ὠσπερ
1626 1786 1719 1842 οὖν
1775 1790 1988 1858 κεφαλή
2020 1824 2067 1885 Β

397 1880 574 1943 ἐστιν,
607 1877 754 1933 οὕτω
776 1878 883 1950 ἄρα
912 1881 1012 1935 καί
1045 1881 1352 1953 ὀφθαλμὸς,
1394 1883 1485 1953 ὑφ’
1518 1877 1579 1938 οὗ
1604 1884 1666 1936 τὸ
1690 1884 1799 1937 πᾶν
1828 1884 1990 1955 σῶμα

395 1974 494 2043 τῆς
517 1972 853 2045 Ἑκκλησίας
891 1975 1215 2044 φωτίζεται.
1253 1976 1392 2029 Λίαν
1443 1976 1500 2029 δὲ
1555 1978 1927 2049 παρεμφερὴς
1960 1980 1989 2031 6

395 2060 590 2133 λύχνος
620 2063 722 2130 τῆς
750 2063 845 2116 τοῦ
874 2064 1049 2132 Λόγου
1085 2065 1437 2136 σαρκώσιῖως.
1477 2067 1636 2121 Κατὰ
1666 2067 1829 2136 φύσιν
1884 2070 1993 2140 γὰρ

397 2152 533 2217 Θεὸς
572 2154 859 2226 ὑπάρχων,
897 2158 993 2209 καὶ
1021 2155 1161 2227 σὰρξ
1194 2158 1314 2211 κατ’
1333 2160 1652 2228 οἰκονομίαν
1674 2160 1989 2229 γενόμενος,

396 2242 487 2300 οἷα
524 2248 587 2316 δὴ
625 2253 740 2317 φῶς
764 2249 1098 2305 κατόύσίαν
1140 2255 1581 2323 ἁπεριγράπτως
1612 2254 1690 2325 τῷ
1720 2258 1819 2325 τῆς
1854 2273 1993 2326 σαρ-

400 2340 495 2403 κὸς
528 2342 788 2412 ὀστράκῳ
828 2342 1086 2414 καθάπερ
1112 2343 1292 2415 λύχνῳ
1344 2345 1432 2399 διὰ
1476 2344 1649 2416 μέσης
1696 2345 1877 2417 ψυχῆς
1919 2347 1994 2410 ὡς

398 2433 491 2487 διὰ
526 2432 846 2506 θρυαλλίδος
903 2435 963 2488 τὸ
1016 2434 1128 2507 πῦρ
1190 2437 1415 2502 ἐνωθὲν,
1458 2436 1553 2490 τοῦ
1607 2439 1836 2502 σκότους
1890 2439 1992 2509 τῆς

400 2527 628 2593 ἀγνοίας
684 2526 840 2599 ὧφῡη
901 2528 1184 2599 λυτήριον.
1221 2530 1333 2583 Καὶ
1395 2529 1529 2599 γοῦν
1584 2532 1676 2583 καὶ
1709 2533 1738 2584 6
1785 2530 1995 2603 Κύριος

398 2617 548 2672 οὕτω
572 2620 738 2690 φησίν
766 2639 778 2652 ·
828 2639 846 2672 ι
884 2621 1079 2684 Οὐδεὶς
1126 2622 1272 2692 ἅψας
1295 2623 1492 2694 λύχνον
1527 2624 1797 2678 καλύπτει
1828 2624 1995 2679 αὑτὸν

402 2713 635 2766 σκεύει·
683 2731 701 2764 ›
743 2713 1060 2780 τουτέστιν,
1100 2716 1292 2779 Οὐδεὶς
1348 2718 1406 2769 ἐν
1434 2717 1617 2787 ἑαυτῷ
1665 2717 1756 2770 τὸν
1822 2719 1996 2787 Λόγον

403 2802 755 2874 κτησάμενος
787 2803 877 2857 διὰ
906 2804 1170 2871 πίστεως,
1227 2800 1315 2860 οἷα
1374 2806 1571 2878 λύχνον
1630 2807 1997 2880 δᾳδουχοῦντα

401 2894 497 2949 τὸν
530 2895 681 2963 νοῦν,
718 2896 985 2951 καλύπτει
1025 2898 1189 2952 αὑτὸν
1215 2899 1294 2968 τῷ
1322 2901 1496 2971 χοῖκῷ
1546 2902 1881 2972 φρονήματι,
1922 2903 1998 2966 ὡς

405 2989 779 3060 ἁνενέργητον
808 2990 904 3043 τοῦ
928 2990 1175 3044 τοιούτου
1200 2991 1397 3063 λύχνου
1429 2994 1489 3047 τὸ
1514 2994 1629 3063 φῶς
1669 2996 1960 3060 φαίνεσθαι
1980 3012 1995 3027 ⁸

405 3084 469 3137 ού
496 3086 563 3155 τῇ
597 3085 771 3139 αὑτοῦ
810 3084 996 3157 φύσει,
1026 3083 1165 3138 ἀλλὰ
1198 3088 1267 3157 τῇ
1319 3087 1569 3158 ῥᾳθυμίᾳ
1607 3087 1703 3141 τοῦ
1756 3087 1995 3159 ἔχοντος.

2084 583 2313 646 Christi,
2346 592 2422 635 .ut
2473 584 2723 639 hortatur
2772 585 3067 654 Apostolus
3103 587 3169 641 ”.
3230 586 3479 644 Lucerna
3523 591 3669 644 enim

2086 668 2531 731 nobis'etoculus
2564 678 2772 746 ipseest
2812 678 3083 735 Christus.
3104 682 3239 735 Nam
3266 682 3543 738 lucernam
3562 683 3675 755 (9i)

2088 764 2263 819 Graeci
2315 765 2533 837 λύχνον,
2568 769 2827 837 lychnum
2865 772 3160 840 appellant,
3197 775 3339 845 quod
3386 776 3562 830 solvat
3589 784 3673 829 te-

2092 859 2331 912 nebras:
2396 861 2517 928 quis
2548 873 2730 915 autem
2771 864 2909 917 alius
2956 865 3244 933 caliginem
3293 868 3503 935 peccati
3557 867 3673 922 dis-

2090 951 2281 1015 cnssit,
2352 967 2415 1004 ac
2463 953 2791 1021 cognitionis
2844 955 3023 1009 lumen
3077 959 3393 1012 hominibus
3440 959 3671 1027 largitus

2090 1054 2195 1105 est,
2250 1043 2353 1095 nisi
2406 1043 2451 1096 is
2481 1044 2571 1113 qui
2608 1044 2781 1098 dixit:
2819 1064 2838 1096 ι
2879 1044 2992 1116 Ego
3024 1062 3140 1101 sum
3178 1049 3267 1102 lux
3303 1051 3488 1103 mundi
3526 1050 3617 1101 “?
3647 1069 3665 1100 ι

2091 1136 2214 1204 Ipse
2264 1136 2411 1191 enim
2470 1151 2600 1191 vere
2655 1147 2738 1192 est
2802 1138 2917 1206 lux,
2974 1156 3092 1210 quae
3143 1142 3413 1198 illuminat
3451 1159 3675 1200 omnem

2091 1226 2366 1279 hominem
2411 1228 2717 1282 venientem
2751 1229 2802 1284 in
2847 1233 3105 1285 mundum
3137 1233 3183 1263 ’⁸
3218 1236 3480 1288 virtutum
3534 1234 3673 1306 (9‘2)-

2092 1316 2374 1382 Quomodo
2450 1334 2582 1374 vero
2636 1320 2725 1375 hic
2769 1323 2933 1377 simul
2984 1325 3054 1392 sit
3102 1325 3292 1379 oculus
3349 1336 3404 1380 et
3456 1328 3677 1383 lucerna

2092 1418 2305 1473 nostra,
2354 1410 2570 1474 planius
2600 1414 2774 1469 oratio
2823 1415 3245 1471 demonstrabit.
3316 1417 3485 1488 Caput
3506 1420 3679 1488 pleni-

2096 1500 2293 1555 tudinis
2351 1502 2601 1558 Ecclesia:
2640 1515 2722 1561 est
2761 1507 2874 1577 ipse
2920 1507 3159 1564 Christus
3194 1509 3280 1574 ¹⁶;
3327 1510 3400 1564 ita
3434 1510 3578 1566 enim
3602 1513 3681 1567 ait

2098 1608 2326 1663 magnus
2386 1596 2664 1662 apostolus
2722 1598 2921 1652 Paulus
2980 1616 2993 1653 :
3065 1600 3176 1653 Nos
3246 1617 3376 1657 vero
3416 1644 3430 1667 ,
3496 1620 3682 1671 corpus

2096 1687 2264 1755 ipsius
2308 1706 2326 1737 ι
2360 1688 2427 1751 ’⁷,
2450 1700 2502 1744 et
2547 1709 2564 1742 ι
2604 1688 2846 1746 Membra
2883 1692 2950 1747 de
2981 1696 3224 1749 metnbro
3249 1695 3313 1751 ’⁸.
3354 1715 3373 1748 ι
3412 1695 3683 1753 Praestan-

2099 1776 2370 1833 tissimum
2409 1791 2588 1835 autem
2643 1784 2914 1838 sentiendi
2951 1784 3371 1842 instrumentum
3413 1788 3469 1843 in
3504 1789 3683 1859 capito

2095 1868 2287 1924 oculus
2343 1880 2447 1926 est.
2479 1871 2595 1937 Qua
2630 1872 2796 1938 igitur
2850 1876 3063 1931 ratione
3087 1887 3169 1932 est
3193 1887 3380 1949 caput,
3406 1894 3472 1935 ea
3514 1884 3681 1935 etiam

2094 1962 2283 2016 oculus
2334 1974 2468 2032 est,
2531 1980 2559 2019 a
2620 1981 2727 2035 quo
2778 1976 2946 2022 totmn
2989 1984 3187 2039 corpus
3241 1970 3505 2027 Ecclesiae
3557 1973 3681 2027 illu«

2094 2062 2321 2109 Stratur.
2377 2056 2547 2111 l‘orro
2571 2067 2748 2112 autem
2782 2060 2941 2114 valde
2957 2061 3286 2117 assimilatur
3314 2062 3685 2121 lncarnationi

2099 2143 2261 2199 Verbi
2317 2146 2557 2203 lucerna.
2628 2148 2788 2216 Nam,
2848 2168 2970 2207 eum
3035 2152 3271 2209 Verbum
3332 2166 3530 2211 natura
3611 2159 3686 2214 sit

2103 2234 2264 2303 Deus,
2306 2247 2360 2290 et
2406 2253 2504 2307 per
2534 2240 2996 2309 dispensationem
3056 2260 3186 2300 caro
3232 2245 3433 2301 factum
3480 2251 3574 2313 sit,
3605 2253 3687 2303 uti

2103 2329 2280 2383 lumen
2306 2331 2603 2386 secundum
2630 2335 2992 2391 substantiam
3037 2338 3505 2412 incircumscripte
3537 2352 3689 2399 testa:

2099 2420 2282 2473 carnis
2312 2422 2465 2489 quasi
2507 2423 2741 2480 lucerna:
2790 2428 2965 2481 media
2996 2429 3200 2497 anima,
3251 2440 3309 2485 ut
3352 2449 3449 2502 per
3480 2434 3690 2505 ellyclt-

2103 2517 2250 2571 nium
2301 2518 2439 2586 ignis
2484 2522 2695 2574 unitum
2754 2525 3007 2591 apparuit
3060 2526 3313 2581 tenebras
3363 2528 3687 2595 ignorantiae

2104 2613 2490 2679 discussurus;
2524 2622 2578 2665 et
2613 2623 2763 2668 certe
2815 2615 3076 2669 Dominus
3131 2619 3209 2671 sic
3267 2621 3382 2672 ait:
3431 2639 3449 2672 ι
3513 2621 3691 2679 Nemo

2103 2704 2380 2760 lucernam
2422 2707 2725 2762 accendens
2754 2708 2929 2777 operit
2983 2725 3101 2765 eam
3139 2727 3268 2767 vase
3294 2714 3383 2780 ’νς
3417 2735 3435 2767 ι
3472 2716 3524 2771 id
3582 2726 3692 2786 est,

2102 2796 2272 2852 Nemo
2312 2797 2550 2853 Verbum
2584 2800 2637 2853 in
2665 2815 2724 2855 se
2756 2801 2876 2870 ipso
2923 2818 3020 2873 per
3054 2805 3213 2860 fidem
3250 2809 3540 2878 possidens
3570 2819 3693 2866 tan-

2101 2906 2263 2959 quam
2296 2892 2575 2946 lucernam
2636 2895 2801 2948 menti
2857 2897 3239 2964 praelucentem
3278 2908 3495 2956 terrena
3546 2902 3685 2959 illud

2103 2981 2434 3052 cogitatione
2491 2984 2774 3053 contegit;
2839 2987 2911 3040 ita
2976 2998 3034 3041 ut
3090 2989 3270 3045 lumen
3326 2993 3548 3061 hujusce
3604 2996 3692 3051 lu-

2108 3092 2287 3133 cernae
2327 3078 2562 3133 otiosum
2612 3081 2881 3148 videatur,
2934 3099 3039 3137 non
3086 3097 3278 3156 suapte
3315 3095 3529 3154 natura,
3592 3094 3693 3146 sed

408 3177 616 3232 Τοῦτον
643 3179 738 3231 τὸν
773 3178 995 3250 λύχνον,
1026 3179 1172 3249 φημὶ
1202 3179 1265 3249 δὴ
1296 3179 1388 3233 τὸν
1424 3180 1653 3251 Κύριον,
1685 3183 1713 3235 6
1741 3181 1837 3235 τοῦ
1870 3199 1992 3253 προ-

2109 3167 2251 3236 ejus,
2323 3171 2415 3240 qui
2468 3170 2596 3225 illud
2646 3173 2890 3228 continet
2965 3178 3313 3248 negligentia.
3376 3180 3691 3238 Lucernam

405 3270 583 3340 φὴτου
640 3270 915 3342 Ζαχαρίου
975 3270 1386 3340 προδλεπτικὸς
1436 3271 1719 3343 ὀφθαλμὸς
1742 3273 1818 3335 ὡς
1854 3275 1997 3344 λαμ-

404 3363 599 3417 πάδιον
625 3362 893 3418 ἐθεάσατο
919 3380 933 3396 ο
965 3381 983 3415 ‹
1037 3363 1219 3434 Ἐώρα
1270 3364 1380 3435 γὰρ
1406 3405 1421 3430 ,
1444 3366 1601 3435 φησὶ,
1639 3365 1735 3417 καὶ
1768 3364 1877 3419 ἰδοῦ
1897 3367 1993 3418 λυ-

404 3454 535 3525 χνία
562 3458 765 3527 χρυσῆ,
796 3457 896 3512 καὶ
923 3455 1236 3526 λαμπάδιον
1265 3457 1455 3511 ἐπάνω
1476 3458 1651 3529 αὐτῆς
1672 3475 1687 3492 ο
1718 3478 1736 3511 ι
1771 3459 1860 3514 διὰ
1893 3460 1994 3531 μὲν

402 3548 504 3619 τῆς
582 3549 809 3621 λυχνίας
843 3549 945 3623 τὴν
996 3550 1335 3619 Ἐκκλησίαν
1389 3550 1728 3623 δηλῶν,[διὰ
1776 3552 1833 3605 δὲ
1898 3552 1994 3606 τοῦ

404 3642 719 3711 λαμπαδίου
752 3642 844 3696 τὸν
876 3643 1237 3713 σαρκωθέντα
1287 3643 1468 3715 δηλῶν
1506 3644 1663 3702 Θεὸν.
1699 3644 1855 3699 Οὕτω
1884 3645 1994 3717 γὰρ

406 3732 500 3785 καὶ
532 3732 624 3786 διὰ
674 3732 898 3786 Ἡσαΐου
957 3735 1126 3805 φησὶν
1156 3736 1183 3788 6
1207 3733 1344 3795 Θεὸς
1375 3735 1472 3788 καὶ
1511 3735 1705 3806 Πατήρ
1740 3748 1754 3763 ·
1796 3754 1817 3787 ‹
1845 3734 1996 3801 Ἐξεο

402 3824 658 3879 λεύσεται
683 3826 761 3891 ὡς
791 3826 907 3896 φῶς
935 3828 967 3899 ἡ
1003 3827 1325 3900 δικαιοσύνη
1352 3845 1455 3900 μου
1480 3869 1494 3893 ,
1538 3828 1598 3881 τὸ
1629 3829 1685 3882 δὲ
1724 3831 1997 3900 σωτήριόν

408 3934 514 3987 μου
557 3916 633 3981 ὡς
693 3916 920 3987 λαμπὰς
980 3918 1346 3989 καυθήσεται.
1389 3938 1409 3972 ι
1449 3921 1607 3974 Ἔπεὶ
1656 3921 1713 3974 δὲ
1768 3922 1995 3993 ἡφύσις

406 4008 569 4080 ἡμῶν
608 4009 719 4063 τῶν
752 4010 1023 4066 ἐναντίων
1060 4011 1185 4065 ἐστὶ
1214 4011 1468 4082 δεκτικὴ,
1499 4012 1595 4065 ἐὰν
1651 4012 1752 4083 μὲν
1778 4013 1994 4085 ἔχωμεν

404 4101 468 4153 ἐν
506 4100 722 4165 ἑαυτοῖς
748 4101 839 4155 τὸν
867 4102 1004 4155 Θεὸν
1031 4103 1229 4172 Λόγον,
1263 4103 1339 4167 ὡς
1381 4102 1579 4174 λύχνον
1626 4104 1994 4175 δᾳδουχοῦντα

406 4195 471 4245 τὸ
503 4193 561 4245 ἐν
623 4194 757 4264 ἡμῖν
802 4195 1014 4265 νοερὸν,
1073 4195 1471 4266 φωτιζόμεθαο
1505 4197 1555 4249 εί
1608 4196 1666 4249 δὲ
1726 4197 1991 4268 ῥᾳθύμως

410 4285 661 4356 βιοῦντες
696 4288 799 4357 τὴν
848 4288 1122 4347 ἐναντίαν,
1148 4291 1243 4343 καὶ
1296 4287 1510 4362 ζοφώδη
1558 4290 1790 4360 δύναμιν
1821 4292 1994 4345 εἰσδε-

406 4378 654 4449 ξώμεθα,
716 4383 784 4452 τῇ
844 4379 1099 4452 ἐπιμιξίᾳ
1144 4379 1240 4434 τοῦ
1293 4381 1554 4452 ἄρχοντος
1604 4382 1699 4435 τοῦ
1769 4384 1996 4448 σκότους

405 4472 506 4525 καὶ
534 4474 698 4544 ἡμεῖς
739 4473 1137 4544 μελαινόμεθα,
1176 4491 1195 4525 ι
1222 4473 1298 4538 ὡς
1324 4473 1665 4545 σκηνώματα
1696 4476 1888 4547 Κηδάρ
1912 4494 1925 4507 °
1968 4497 1988 4530 ι

2112 3261 2277 3328 hanc,
2335 3262 2649 3331 Dominum,
2688 3266 2931 3337 inquam,
2960 3272 3248 3341 perspicax
3294 3275 3436 3330 vatis
3487 3275 3695 3331 Zacha-

2109 3355 2204 3409 rias
2253 3355 2448 3411 oculos
2502 3356 2634 3411 vidit
2675 3367 2930 3427 tanquam
2980 3361 3327 3433 lampadem;
3364 3366 3442 3419 ait
3492 3369 3640 3423 enim
3674 3386 3691 3421 :

2112 3471 2131 3504 ι
2169 3450 2284 3507 Vidi
2324 3461 2379 3506 et
2438 3468 2567 3508 ecce
2617 3456 3004 3512 candelabrum
3077 3475 3326 3525 aureum,
3373 3473 3429 3518 et
3483 3464 3694 3536 lampas

2106 3560 2270 3615 super
2310 3545 2442 3601 illud
2480 3546 2547 3603 ³⁰.
2580 3566 2598 3599 ι
2651 3546 2756 3603 Per
2814 3551 3201 3608 candelabrum
3264 3555 3561 3612 Ecclesiam
3619 3562 3697 3614 si-

2108 3653 2306 3708 gnans,
2365 3653 2461 3707 per
2532 3638 2836 3708 lampadem
2896 3657 3026 3697 vero
3101 3645 3441 3703 incarnatum
3501 3651 3695 3708 Deum.

2113 3731 2207 3786 Sic
2248 3731 2394 3784 enim
2428 3729 2593 3783 etiam
2626 3746 2723 3801 per
2753 3731 2949 3787 Isaiam
2975 3734 3115 3789 Deus
3140 3745 3194 3791 et
3224 3737 3389 3795 Pater
3418 3742 3695 3812 loquitur:

2112 3840 2129 3873 ι
2166 3822 2485 3891 Egredietur
2550 3832 2613 3877 ut
2673 3823 2852 3879 lumen
2916 3825 3128 3894 justitia
3184 3845 3325 3896 mea,
3355 3842 3409 3887 et
3443 3832 3698 3893 Salutare

2106 3915 2270 3987 302
2317 3933 2494 3973 meum
2532 3920 2675 3974 sicut
2734 3918 2944 3988 lampas
2995 3921 3210 3978 ardebit
3244 3924 3309 3980 ³¹.
3355 3944 3373 3976 ι
3425 3929 3695 3993 Quoniam

2108 4024 2239 4062 vero
2294 4008 2698 4064 contrariorum
2756 4010 3027 4078 receptrix
3094 4021 3180 4066 est
3230 4023 3423 4069 natura
3486 4027 3695 4083 nostra.

2106 4101 2374 4171 siquidem
2425 4102 2480 4155 in
2545 4101 2702 4157 nobis
2732 4101 3051 4157 habebimus
3107 4102 3277 4159 Deum
3310 4104 3568 4176 Verbum,
3602 4113 3697 4181 qui

2107 4196 2262 4264 quasi
2298 4194 2521 4249 lucerna
2578 4195 2743 4250 menti
2804 4203 3004 4249 nostra:
3059 4197 3371 4264 praeluceat,
3422 4201 3697 4258 illumina-

2108 4289 2326 4342 bimur:
2387 4289 2469 4343 sin
2520 4305 2651 4345 vero
2705 4289 2932 4359 ignaviae
2985 4289 3175 4356 dediti,
3231 4297 3563 4349 contrariam
3629 4313 3697 4353 ac

2107 4390 2511 4444 tenebricosam
2548 4390 2654 4442 vim
2711 4388 3087 4452 admittemus.
3129 4404 3229 4444 nos
3293 4406 3511 4461 quoque
3539 4396 3695 4464 prin-

2103 4482 2240 4550 cipis
2290 4480 2636 4535 tenebrarum
2693 4482 3091 4536 consuetudine
3144 4482 3534 4551 nigrescemus,
3575 4507 3592 4538 ι
3636 4499 3697 4541 ιιι

411 4539 684 4637 κατὰ⁷
709 4539 767 4619 ἐν
792 4566 869 4637 τῷ
895 4539 1140 4637 ’ᾼσματι
1163 4565 1387 4639 νύμφην
1416 4539 1707 4637 *γινδμενοι
1732 4609 1747 4630 ,
1769 4539 1992 4638 ’ἔχοντες

2109 4573 2453 4629 tabernacula
2478 4572 2653 4626 Cedar
2688 4571 2732 4602 ³³
2764 4589 2778 4625 :
2813 4592 2831 4625 ι
2868 4574 3322 4641 quemadmodum
3360 4592 3555 4645 sponsu
3578 4580 3692 4644 illa,

408 4656 471 4710 τὸ
496 4654 685 4729 αἶσχος
720 4660 1071 4714 ἐπείσακτον.

479 4855 623 4909 Ἀλλ’
646 4857 759 4928 ὁρῶ
796 4858 889 4913 τὸν
940 4858 1221 4927 βέλτιστον
1265 4860 1481 4913 ἐκεῖνον
1536 4859 1789 4913 διάκονον
1843 4860 1998 4933 ’ύπνῳ

413 4947 755 5019 βαρούμενον
780 4967 796 4983 ο
821 4950 911 5019 ἐφ’
949 4950 1145 5014 ἱκανὰς
1200 4952 1311 5021 γὰρ
1349 4950 1500 5022 ὧρας
1535 4953 1879 5022 ἐπιτηρήσας
1914 4950 1995 5008 εἷ-

409 5040 502 5095 δον
532 5042 609 5106 ὡς
643 5043 879 5115 κάτοχον
904 5044 1364 5116 κραδαινόμενον,
1398 5047 1495 5099 καὶ
1526 5044 1585 5097 τὸ
1604 5043 1826 5116 βλέμμα
1857 5048 1997 5117 χαῦ-

484 5203 530 5234 ¹³
561 5202 604 5257 ll
633 5200 766 5257 Cor.
796 5216 853 5267 ι,
880 5201 935 5258 5.
1012 5203 1063 5236 ’δ
1091 5203 1252 5261 Joan.
1273 5222 1394 5271 vm,
1421 5208 1511 5262 12.
1588 5211 1634 5242 ’⁸
1668 5208 1826 5263 Joan.
1857 5206 1898 5269 l,
1934 5206 1988 5261 9.

2082 5208 2129 5243 "
2171 5208 2373 5278 Ephes.
2405 5222 2480 5274 tv,
2504 5208 2594 5273 l5,

409 5270 503 5328 27.
577 5276 623 5307 ’³
652 5272 768 5329 Luc
790 5288 912 5341 vm,
958 5274 1048 5329 16.
1127 5277 1172 5309 ³⁸
1202 5270 1435 5335 Zachar.
1487 5295 1563 5345 tv,
1588 5281 1643 5334 4.
1721 5281 1762 5311 ³¹
1792 5280 1896 5336 lsa.
1934 5294 1992 5333 ωε

2100 5279 2152 5335 2.
2216 5270 2276 5310 ’³³
2316 5270 2474 5335 Cant.
2509 5278 2551 5343 Ι,
2579 5270 2655 5346 '5.

2106 4673 2175 4728 de
2214 4686 2317 4741 qua
2352 4670 2404 4725 in
2432 4671 2664 4725 Cantico
2698 4671 2903 4725 mentio
2934 4670 3183 4735 habetur,
3215 4673 3567 4729 adventitiam
3596 4680 3695 4733 fui-

2106 4766 2329 4819 ditatem
2357 4764 2643 4817 habentes.

2177 4860 2284 4914 Sed
2324 4860 2482 4914 video
2517 4858 2781 4926 optimum
2829 4858 2978 4912 illum
3038 4859 3327 4916 diaconum
3361 4880 3551 4919 somno
3577 4883 3697 4935 gra-

2103 4965 2324 5017 vatum;
2395 4966 2523 5006 nam
2584 4967 2707 5006 cum
2756 4953 2845 5005 diu
2905 4951 3055 5006 illum
3099 4954 3477 5012 observasse")
3512 5001 3526 5024 ,
3580 4962 3698 5014 vid-

2104 5048 2429 5107 titubantem
2464 5045 2618 5114 quasi
2675 5044 2937 5100 comitiali
2974 5046 3170 5101 morbo
3216 5063 3553 5122 correptum,
3615 5057 3694 5108 rei

2714 5211 2760 5243 ’⁷
2796 5210 2998 5281 Ephes.
3036 5224 3090 5276 v,
3126 5211 3216 5266 50.
3319 5212 3364 5243 ’⁵³
3395 5210 3562 5267 lCor.
3598 5232 3693 5281 xu,

1652 5399 1973 5460 Francisci
2017 5399 2229 5461 Scorsi
2267 5406 2455 5458 nota).

487 5520 599 5589 (91)
638 5516 779 5572 Ναηι
818 5534 1108 5574 .ucernam.
1142 5519 1320 5589 Etym.
1347 5534 1494 5591 mag.
1534 5521 1742 5589 Λύχνος
1780 5521 2001 5588 λέγεται

415 5590 814 5660 παρὰβὸ-λύειν
835 5592 894 5642 τὸ
916 5591 1098 5660 νύχος,
1122 5590 1268 5644 τοῦτ’
1297 5591 1415 5644 ἐστι
1442 5590 1503 5644 τὸ
1534 5595 1744 5653 σκότος.
1777 5592 2001 5645 Iisdem-

416 5659 523 5729 que
558 5663 769 5731 verbis,
786 5659 917 5716 dicit
946 5659 1041 5715 καὶ
1075 5662 1396 5731 ἐτυμολογεῖ
1426 5662 1584 5717 Pater
1612 5663 1699 5717 hic
1735 5664 2001 5716 sermonis

418 5732 500 5783 sui
533 5732 671 5787 bene
702 5734 913 5786 doctus.

491 5803 602 5869 (92)
639 5801 700 5854 In
726 5803 981 5855 mundum
1011 5803 1293 5857 virtutum.
1328 5802 1438 5857 Iloc
1477 5814 1557 5856 est
1590 5803 1640 5855 in
1672 5804 1997 5857 laboriosam

416 5874 677 5927 Virtutum
722 5875 1194 5940 exercitatiOnem,
1244 5891 1361 5942 qune
1412 5875 1462 5928 in
1511 5876 1611 5927 huc
1657 5877 1855 5930 mundo
1905 5891 1999 5928 seu

2104 5522 2209 5573 vita
2245 5533 2511 5583 versatur,
2545 5536 2651 5589 quo
2689 5521 2939 5592 loquendi
2975 5523 3134 5575 modo
3170 5539 3296 5575 usus
3324 5532 3401 5576 est
3433 5523 3485 5574 S.
3518 5522 3691 5578 Maxi-

2104 5607 2226 5645 mus
2264 5601 2489 5661 martyr,
2524 5601 2583 5645 ut
2627 5594 2936 5646 monuimus
2984 5608 3144 5660 supra
3190 5596 3329 5645 hom.
3372 5594 3464 5654 ‘23.
3508 5606 3562 5647 et
3592 5612 3688 5648 co—

2104 5664 2307 5729 piosius
2368 5664 2781 5731 explanabimus
2847 5678 2971 5717 cum
3044 5665 3160 5729 ipso
3228 5661 3555 5729 Theophane
3623 5668 3690 5718 ad

2105 5735 2252 5786 hom.
2303 5733 2391 5797 6|,
2444 5735 2529 5785 ubi
2576 5744 2629 5787 et
2673 5737 2785 5802 ipse
2819 5733 3160 5786 enucleatius
3195 5735 3244 5787 id
3290 5738 3462 5796 doct-I,
3501 5748 3553 5787 et
3593 5754 3691 5789 nos

2106 5805 2155 5855 in
2199 5806 2340 5856 notis
