4070 6406
364 312 470 379 815

1576 313 2070 373 THEOPIIANIS
2110 316 2455 377 CERAMEI

3527 320 3633 382 816

363 428 586 480 missam
623 423 794 478 aciem
854 423 1157 487 oculorum,
1206 436 1402 492 corpus
1475 423 1715 492 indigum
1782 423 1939 477 fulci—

2052 441 2162 490 W’,
2195 424 2291 478 καὶ
2347 426 2408 478 τὸ
2462 424 2623 496 σῶμα
2688 427 3083 500 στηριγμάτων
3135 428 3505 500 ἐπιδεόμενον,
3538 431 3635 483 καὶ

363 515 582 581 tne-ritis,
616 524 673 569 et-
700 513 936 569 animam
970 513 1137 567 veluti
1169 514 1497 578 avolantem,
1526 514 1740 568 vivente
1770 514 1947 569 adlme

362 604 527 662 etiam
558 620 825 675 corpore;
880 604 1104 660 alterum
1140 620 1268 658 vero
1300 603 1541 659 cubitum
1598 621 1794 672 sopore
1852 622 1941 661 so-

364 700 561 762 lutum,
602 707 656 752 et
718 697 807 754 vix
855 699 1087 752 summis
1142 697 1328 768 digitis
1366 698 1724 768 attingentem
1753 714 1943 769 genas.

366 791 473 845 Sed
532 792 662 845 heus
696 800 751 842 tu
795 789 923 858 quid
976 790 1111 859 agis,
1145 789 1529 859 intempestiva
1561 791 1947 845 dormitatione

369 889 740 953 praegravatus
764 880 787 934 ?
811 879 949 946 Quid
979 892 1030 935 te
1078 881 1331 935 audiendi
1388 881 1664 936 sermonis
1704 891 1946 951 tempore

364 973 659 1027 dedecoras
709 988 739 1027 a
785 988 977 1026 somno
1032 973 1327 1027 subactus?
1365 973 1528 1041 Atqui
1584 973 1629 1028 si
1693 972 1943 1029 insanam

363 1063 591 1117 muliere
612 1062 897 1116 saltantem
933 1064 1166 1123 videres.
1200 1074 1294 1118 aut
1321 1063 1673 1120 libidinosum
1702 1076 1941 1119 scortum

359 1157 624 1210 obscenas
681 1154 985 1209 cantilenas
1026 1164 1276 1220 cantans,
1333 1156 1647 1226 vigilantem
1702 1156 1944 1211 auditum

366 1257 760 1318 aspectumque
791 1256 1027 1304 teneres.
1056 1247 1210 1303 Nunc
1232 1263 1360 1304 vero
1395 1266 1517 1305 eum
1542 1250 1756 1305 divinas
1787 1260 1952 1308 voces'

363 1342 809 1411 interpretamur,
866 1342 1117 1410 plumbea
1168 1342 1264 1396 tibi
1315 1344 1518 1397 acediae
1552 1359 1726 1399 massa
1753 1344 1939 1414 palpe-

360 1433 486 1487 bras
505 1432 762 1502 Opprimit
786 1450 800 1499 ;
828 1434 1207 1503 expergiscere
1228 1449 1451 1488 excussa
1479 1434 1714 1503 pigritia.
1752 1435 1944 1488 Annon

366 1529 417 1580 in
453 1526 602 1580 Actis
651 1525 1021 1593 apostolorum
1076 1526 1359 1592 audivisti,
1398 1528 1668 1596 quomodo
1705 1524 1942 1592 Troade,

359 1616 593 1670 docente
626 1614 816 1680 Paulo,
869 1616 1191 1672 adolescens
1225 1618 1443 1685 quidam
1500 1618 1721 1672 nomine
1776 1617 1945 1689 Euty-

360 1708 521 1770 chus,
574 1720 695 1763 cum
759 1706 1146 1773 obdormisset,
1202 1708 1386 1778 lapsus
1425 1724 1518 1777 per
1574 1708 1867 1764 fenestram
1913 1725 1943 1765 e

360 1804 520 1855 tertio
541 1800 846 1865 caenaculo,
878 1810 1123 1855 mortuus
1163 1812 1246 1856 est
1271 1801 1352 1855 ”?
1384 1799 1514 1867 Quae
1539 1802 1766 1857 historia
1807 1818 1939 1859 sane

361 1907 414 1948 te
444 1896 619 1958 docet,
665 1908 788 1947 eum
837 1892 1370 1973 quiatlldnetrinam
1397 1895 1561 1949 divini
1617 1895 1769 1950 verbi
1822 1898 1941 1951 ani-

361 2003 504 2041 mum
565 2002 671 2040 non
707 1986 995 2056 diligenter
1019 1987 1270 2054 attendit,
1315 2002 1412 2057 per
1445 1986 1742 2043 fenestram
1784 1988 1938 2058 deje-

358 2092 502 2137 ctttm
562 2083 629 2136 de
678 2083 840 2136 tertio
882 2082 1170 2137 cmnacnlo
1202 2082 1474 2151 spirituali
1525 2082 1806 2141 decidere.
1834 2083 1937 2138 Per

358 2176 653 2231 fenestram
714 2190 840 2230 vero
901 2175 1221 2243 intelligitur
1252 2190 1443 2231 sensus
1475 2192 1489 2242 ;
1556 2176 1627 2230 ita
1661 2177 1806 2231 enim
1844 2195 1939 2247 ap-

356 2269 541 2339 pellati
601 2278 722 2322 sunt
772 2284 964 2324 sensus
1007 2284 1034 2322 a
1067 2266 1328 2333 Jeremia,
1361 2283 1483 2322 eum
1521 2269 1691 2324 dixit:
1741 2290 1758 2321 ι
1790 2268 1939 2325 Mors

358 2362 605 2416 ascendit
630 2377 725 2430 per
759 2359 1027 2415 fenestras
1078 2369 1283 2415 vestras
1316 2360 1382 2414 ³⁸,
1420 2379 1438 2411 ι
1480 2359 1614 2415 Tres
1655 2375 1780 2415 vero
1805 2376 1937 2415 cou-

358 2455 686 2522 tignatioitcs
710 2461 842 2508 sunt
881 2454 1085 2523 opinio,
1125 2468 1278 2507 mens
1317 2464 1368 2506 et
1406 2453 1779 2523 intelligentia.
1836 2453 1941 2519 Qui

357 2549 503 2605 enim
558 2549 840 2604 conciunis
900 2561 1143 2619 tempore
1178 2550 1380 2614 stertit,
1419 2561 1673 2616 tanquam
1707 2566 1736 2601 a
1762 2559 1931 2603 terre-

355 2644 445 2699 nis
493 2644 691 2713 ligatus
722 2643 1078 2713 imaginibus,
1119 2658 1146 2695 ιι
1186 2641 1475 2711 prazcipuis
1512 2642 1679 2695 animi
1708 2641 1942 2695 inculta-

354 2748 501 2802 tibus
557 2747 757 2800 excidit
792 2762 804 2799 :
855 2746 943 2813 qui
977 2754 1159 2799 autem
1219 2746 1286 2799 ab
1336 2745 1405 2799 iis
1448 2745 1676 2810 excidit,
1706 2761 1814 2799 non
1856 2754 1940 2800 est

356 2840 726 2895 numerandus
793 2836 846 2889 in
910 2836 1065 2889 vivis.
1131 2835 1367 2888 Somnus
1423 2834 1569 2888 enim
1626 2834 1798 2888 frater
1855 2843 1939 2889 est

356 2930 549 2986 mortis
596 2930 735 3002 (9'5),
783 2939 839 2982 ut
876 2928 1086 2983 externi
1118 2942 1334 2997 quoque
1367 2927 1631 2981 sentiunt.
1663 2928 1940 2993 Quamob-

355 3038 472 3078 rem
538 3038 657 3084 oro,
699 3030 758 3075 ut
802 3021 1041 3090 vigilanti
1090 3030 1142 3074 et
1171 3028 1380 3074 attento
1413 3019 1595 3072 animo
1619 3021 1937 3074 concionem

2048 514 2148 588 τὴν
2174 517 2353 589 ψυχὴν
2375 518 2565 589 ῶσπερ
2598 521 3014 593 ἀφιπταμὲνην,
3052 523 3146 576 καὶ
3183 521 3384 586 ζῶντος
3432 522 3511 574 ἔτι
3539 520 3634 574 τοῦ

2052 610 2308 680 σώματος
2326 628 2340 643 δ
2388 610 2617 680 θάτερον
2649 612 2706 666 δὲ
2735 613 2915 685 πῆχυν
2938 613 3016 682 τῷ
3042 613 3198 684 ὕπνῳ
3220 613 3509 684 λυόμενον,
3542 612 3637 665 καὶ

2053 704 2207 771 μόλις
2243 703 2435 773 ἄκροις
2481 704 2767 769 δακτύλοις
2814 708 2914 776 τῆς
2970 708 3210 778 παρειάς
3266 706 3633 776 ἐπιψαύοντα.

2050 795 2212 848 Ἀλλά
2247 797 2357 867 γὰρ
2393 797 2488 850 καὶ
2511 798 2563 851 τί
2594 800 2848 871 πάσχεις,
2880 794 2923 853 ὧ
2954 793 3131 864 οὗτος,
3157 799 3368 869 ἀκαίρῳ
3393 814 3635 864 νυσταγ-

2052 887 2139 959 μῷ
2183 888 2588 960 βαρυνόμενος;
2625 892 2690 944 Τί
2751 893 2809 945 δὲ
2863 894 3060 945 σαυτὸν
3127 891 3408 962 αἱσχύνεις
3470 892 3526 943 ἐν
3556 890 3636 956 τῷ

2050 980 2228 1050 καιρῷ
2264 981 2364 1052 τῆς
2395 981 2719 1048 ἀκροάσεως
2753 982 2905 1053 ὕπνῳ
2954 982 3473 1054 δουλαγωγούμενος
3506 1000 3523 1049 ',
3570 982 3633 1034 Ei

2048 1072 2104 1125 δὲ
2145 1073 2236 1126 καὶ
2273 1074 2642 1145 ποδοστρόφον
2701 1076 2938 1146 μαινάδα
2986 1075 3332 1147 ὀρχουμένην
3376 1073 3573 1142 ἐώρας,
3599 1072 3634 1143 ἢ

2049 1168 2369 1239 κασσωρίδα
2402 1169 2703 1238 μαχλῶσαν
2763 1168 3057 1238 ἀσελγείας
3109 1167 3342 1240 ᾄδουσαν
3388 1168 3635 1236 ῥήματα,

2050 1258 2333 1329 ἄγρυπνον
2396 1260 2465 1313 ἂν
2523 1262 2741 1332 ἐτήρεις
2805 1262 2899 1314 καὶ
2932 1259 3055 1330 δψιν
3087 1261 3181 1313 καὶ
3205 1261 3399 1329 ἀκοήν.
3433 1257 3547 1335 Νῦν
3575 1257 3633 1310 δὲ

2047 1352 2155 1406 τῶν
2181 1352 2343 1407 θείων
2368 1355 2828 1426 ἑρμηνευομένων
2864 1354 3059 1423 φωνῶν
3090 1355 3122 1424 ἡ
3158 1356 3257 1424 τῆς
3292 1352 3520 1423 metu;
3553 1368 3632 1404 σοι

2054 1446 2311 1519 μολυϐδὶς
2368 1447 2694 1518 ὲπιϐαρύνει
2720 1447 2789 1502 τὰ
2846 1448 3115 1518 βλέφαρα.
3154 1447 3382 1517 Ἐγρεο,
3411 1444 3510 1513 τὴν
3541 1445 3634 1513 ρᾳ-

2050 1540 2249 1610 θυμίαν
2287 1540 2717 1610 ἐκτιναξάμενος
2743 1555 2756 1568 ·
2792 1538 2825 1610 ἢ
2858 1541 2961 1592 οὐκ
2988 1538 3236 1609 ἀκήκοας
3264 1543 3322 1590 ἐν
3347 1537 3463 1598 ταῖς
3485 1535 3634 1603 Πρά-

2050 1632 2217 1700 ξεσιν,
2246 1632 2321 1696 ὠς
2352 1634 2409 1685 ὲν
2453 1635 2519 1701 τῇ
2583 1632 2626 1684 Τ
2633 1631 2800 1701 ρωάδι
2850 1630 2942 1684 τοῦ
3000 1630 3216 1684 Παύλου
3269 1628 3633 1689 διδάσκοντος,

1973 1746 2020 1806 Β
2050 1725 2267 1788 νεανίας
2299 1742 2383 1787 τις
2414 1725 2655 1797 Εὔτυχος
2689 1724 2982 1790 νυστάξας,
3016 1725 3112 1778 καὶ
3141 1723 3232 1777 διὰ
3285 1722 3501 1795 θυρίδος
3528 1719 3633 1773 ἀπὸ

2047 1813 2143 1867 τοῦ
2174 1816 2462 1885 τριστέγου
2498 1816 2680 1870 πεσὼν
2715 1816 2956 1869 ἀπέθανε
2986 1835 3001 1877 ς
3045 1814 3203 1869 τοῦτο
3237 1815 3335 1883 τῆς
3395 1814 3635 1882 ἱστορίας

2049 1910 2411 1981 διδασκούσης
2449 1927 2532 1976 σε,
2561 1910 2637 1973 ὼς
2694 1911 2722 1962 ὀ
2763 1912 2837 1980 μὴ
2892 1908 3176 1978 νηφόντως
3218 1905 3506 1977 προσέχων
3566 1905 3633 1976 τῇ

2055 2004 2164 2057 τῶν
2192 2003 2352 2057 θείων
2390 2003 2589 2072 λογίων
2628 2001 2945 2073 διδασκαλίᾳ
2977 2000 3313 2054 καταπίπτει
3359 1997 3453 2049 τοῦ
3482 2013 3632 2049 νοου-

2057 2096 2221 2165 μένου
2253 2096 2567 2163 τριστέγου,
2596 2095 2685 2148 διὰ
2715 2095 2815 2163 τῆς
2861 2094 3078 2164 θυρίδος
3111 2090 3592 2159 καταϐαλλόμενος
3619 2103 3631 2117 ·

2058 2191 2261 2243 νοεῖται
2290 2188 2347 2242 δὲ
2371 2188 2528 2258 θυρὶς
2563 2188 2663 2257 μὲν
2687 2189 2719 2256 ἡ
2741 2186 2996 2257 αἴσθησις
3016 2203 3027 2215 ·
3057 2186 3202 2239 οὕτω
3232 2184 3342 2256 γὰρ
3366 2182 3631 2253 Ἱερεμίας

2056 2282 2156 2345 τὰς
2191 2282 2480 2351 αἰσθήσεις
2505 2281 2795 2349 ὠνόμασεν
2819 2297 2833 2312 ’
2872 2299 2890 2331 ι
2937 2279 3157 2350 ’Λνέ6η,
3181 2279 3377 2345 λέγων,
3408 2275 3631 2335 θάνατῑς

2052 2374 2139 2429 διὰ
2159 2375 2268 2427 τῶν
2292 2373 2522 2443 θυρίδων
2547 2372 2727 2427 αὐτῶν
2752 2390 2764 2402 ·
2795 2391 2812 2422 ι
2842 2375 3102 2441 τριστὲγη
3125 2371 3177 2423 δὲ
3198 2370 3347 2435 δόξα,
3367 2368 3462 2421 καὶ
3489 2365 3631 2429 νοῦς,

2052 2467 2149 2521 καὶ
2179 2466 2407 2521 διάνοια.
2460 2466 2518 2518 'U
2552 2468 2662 2536 γὰρ
2690 2467 2747 2516 ὲν
2777 2464 2957 2536 καιρῴ
3014 2462 3364 2524 διδασκαλίας
3399 2461 3636 2530 ῥέγχων,

2055 2560 2128 2623 ὡς
2155 2560 2260 2612 ὑπὸ
2290 2559 2401 2612 τῶν
2426 2557 2703 2629 αίσθητῶν
2742 2557 3056 2624 ςαντασιῶν
3074 2555 3428 2625 πεδούμενος,
3466 2568 3638 2604 κατα-

2054 2653 2243 2705 πίπτει
2273 2651 2380 2705 τῶν
2406 2651 2506 2721 τῆς
2557 2649 2735 2721 ψυχῆς
2770 2650 3124 2720 κυριωτέρων
3157 2646 3444 2716 δυνάμεων
3470 2658 3484 2672 ·
3517 2646 3544 2695 ὸ
3577 2641 3638 2695 δὲ

2052 2742 2258 2795 τούτων
2315 2742 2599 2794 ἐκπίπτων
2652 2743 2709 2793 ὲν
2768 2744 2879 2804 τοῖς
2914 2740 3082 2804 ζῶσιν
3113 2740 3213 2791 οὐκ
3248 2737 3394 2790 ἐστιν
3422 2754 3434 2766 ·
3469 2735 3636 2797 ὕπνος

2053 2832 2162 2904 γάρ
2195 2833 2427 2887 θανάτου
2467 2831 2820 2900 κασίγνητος,
2859 2832 2933 2894 ὡς
2965 2831 3113 2883 δοκεῖ
3142 2831 3236 2883 καὶ
3263 2832 3375 2891 τοῖς
3410 2825 3633 2892 ἔξωθεν.

2057 2927 2170 2994 Διὸ,
2207 2926 2537 2998 παρακαλῶ,
2587 2926 2904 2995 ἐγρηγόρως
2942 2928 3037 2979 καὶ
3063 2923 3341 2994 νηφόντως
3387 2922 3453 2990 τῇ
3485 2918 3637 2972 διδα-

2054 3018 2253 3090 σκαλίᾳ
2270 3018 2745 3089 προσέχωμεν,”ίνα
2766 3019 2839 3088 μὴ
2863 3017 2960 3071 καὶ
2980 3018 3141 3087 ὑμεῖς
3162 3013 3535 3084 κατακριθῆτε
3555 3010 3635 3073 ὡς

354 3114 611 3180 audiatis,
657 3122 714 3169 ut
780 3129 891 3169 nec
924 3128 1016 3169 vos
1070 3113 1404 3168 damnetnini
1443 3123 1699 3180 tanquam
1736 3114 1939 3167 nullmn

2047 3110 2307 3181 ἄκαρποι,
2339 3112 2435 3163 καὶ
2462 3113 2628 3181 ἡμεῖς
2680 3112 2941 3180 φανῶμεν
2980 3111 3041 3163 τὸ
3084 3106 3471 3175 καθαρώτατον
3533 3104 3636 3175 τῆς

356 3204 659 3263 referentes
708 3214 942 3261 tructum
970 3222 985 3271 ;
1016 3218 1189 3273 neque
1222 3219 1322 3259 nos
1356 3203 1643 3257 videamur
1677 3203 1763 3258 lae
1791 3205 1939 3258 Seri-

354 3304 529 3366 ptura:
592 3292 945 3364 purissimum
1009 3293 1062 3347 in
1127 3302 1328 3346 terram
1390 3293 1590 3347 frustra
1644 3293 1939 3364 emulgere,

356 3397 453 3442 aut
493 3386 559 3440 ad
592 3386 790 3442 surdos
820 3386 1023 3440 habere
1049 3399 1381 3438 sermonem.
1411 3382 1937 3455 Auditionem303

357 3491 491 3534 vero
521 3478 738 3533 actione
767 3479 1052 3546 ohsignate
1083 3496 1095 3532 :
1139 3496 1155 3526 ι
1187 3476 1303 3531 Non
1329 3479 1472 3531 enim
1510 3477 1788 3533 auditores
1815 3478 1945 3553 legis

355 3571 485 3642 justi
522 3580 649 3627 sunt
676 3572 818 3642 apud
856 3571 1048 3635 Deum,
1081 3573 1231 3625 utait
1266 3573 1558 3640 Apostolus
1590 3612 1605 3639 ,
1635 3573 1729 3625 sed
1765 3571 1939 3626 factoe

358 3679 448 3719 res
486 3663 551 3718 ³⁸.
590 3682 608 3715 ι
645 3661 710 3717 Et
747 3663 1048 3717 Dominus:
1089 3681 1108 3713 ι
1149 3663 1321 3726 Beati,
1360 3664 1558 3732 inquit,
1586 3665 1675 3735 qui
1704 3665 1938 3719 audiunt

355 3753 581 3809 verbum
636 3753 755 3819 Dei,
788 3762 844 3806 et
872 3752 1343 3808 custodiuntillud
1378 3752 1444 3806 ³⁸.
1483 3771 1502 3805 ›
1533 3753 1622 3808 Sic
1652 3752 1937 3820 facientes,

355 3844 665 3901 etdiviumn
687 3854 1014 3915 prreceptum
1040 3853 1301 3913 tanquam
1348 3843 1623 3899 lucernam
1655 3846 1939 3912 habentes,

356 3954 478 4007 qua:
503 3937 666 3992 vitam
728 3946 969 3995 nostram
1026 3938 1322 4003 illuminet,
1379 3953 1659 4007 nunquam
1690 3937 1757 3994 de
1789 3948 1937 3994 recta

356 4031 441 4084 via
492 4030 864 4108 deﬂectemus,
924 4045 1098 4099 neque
1164 4029 1421 4098 obliquas
1498 4030 1761 4086 faciemus
1816 4031 1941 4086 vitae

356 4124 772 4188 conversiones,
832 4123 926 4177 sed
981 4131 1129 4177 recta
1170 4122 1573 4190 .procedemns
1604 4123 1670 4177 ad
1726 4122 1938 4177 bratatu

2049 3202 2271 3274 Γραιρῆς
2306 3205 2447 3271 γάλα
2476 3204 2556 3266 εἰς
2612 3203 2716 3272 γῆν
2768 3203 3020 3272 ματαίως
3059 3200 3421 3270 ἀμέλγοντες,
3452 3194 3486 3266 ἢ
3519 3213 3635 3249 κω-

2048 3301 2169 3367 φοῖς
2201 3299 2260 3349 τὸ
2317 3296 2414 3350 τοῦ
2451 3297 2615 3365 λόγου
2669 3296 3077 3365 διαλεγόμενοι.
3116 3293 3228 3362 Τὴν
3253 3291 3309 3344 δὲ
3362 3290 3635 3359 ἀκρόασιν

2046 3392 2111 3461 τῇ
2139 3388 2339 3460 πράξει
2365 3380 2810 3459 ἐπισφραγίσατε
2838 3401 2851 3415 '
2881 3405 2899 3437 ι
2921 3386 2996 3440 Οὐ
3027 3383 3137 3457 γὰρ
3159 3385 3211 3439 οἱ
3236 3383 3508 3455 ἀκροαταὶ
3535 3378 3633 3433 τοῦ

2046 3481 2213 3551 νόμου
2238 3479 2439 3533 δίκαιοι
2466 3480 2620 3551 παρὰ
2640 3480 2719 3549 τῷ
2743 3480 2890 3550 Θεῷ,
2916 3478 2991 3542 ὦς
3014 3496 3183 3551 φησιν
3214 3479 3244 3532 ὁ
3280 3476 3630 3538 Ἀπόστολος,

2045 3571 2164 3625 ἀλλ’
2195 3572 2246 3624 οἱ
2273 3572 2554 3641 ποιηταί.»
2590 3572 2701 3626 Καὶ
2733 3574 2760 3625 ὁ
2782 3570 3018 3643 Κύριος,
3068 3589 3087 3622 ι
3112 3571 3415 3641 Μακάριοι,
3442 3569 3630 3640 φησὶν,

2044 3666 2095 3716 oi
2126 3663 2420 3727 ἀκούοντες
2454 3662 2546 3716 τὸν
2582 3663 2741 3733 λόγον
2774 3663 2872 3717 τοῦ
2906 3661 3063 3727 Θεοῦ,
3097 3663 3197 3716 καὶ
3258 3661 3632 3731 φυλάσσοντες

2045 3756 2228 3810 αὐτόν.
2267 3776 2285 3807 ι
2327 3757 2484 3811 Οὕτω
2509 3755 2812 3820 ποιοῦντες,
2866 3756 2962 3809 καὶ
2991 3756 3092 3824 τὴν
3125 3753 3278 3806 θείαν
3310 3752 3531 3824 ἐντολὴν
3555 3753 3631 3815 ῶς

2044 3847 2237 3916 λύχνον
2271 3848 2482 3918 ἔχοντες
2522 3848 2868 3917 φωτίζουσαν
2922 3848 3012 3901 τὸν
3059 3847 3177 3917 βίον
3227 3845 3408 3918 ἡμῶν,
3432 3848 3531 3899 οὐκ
3564 3848 3631 3899 ἄν

2044 3956 2176 3991 ποτε
2204 3940 2762 4012 σκολιοδρομὴσομεν,
2795 3939 2921 3993 οὐδὲ
2973 3937 3270 4009 καμπύλας
3327 3939 3630 4009 ποιήσομεν

2042 4030 2137 4085 τοῦ
2175 4031 2291 4101 βίου
2342 4032 2442 4096 τὰς
2497 4032 2731 4101 τροπὰς,
2791 4032 2907 4086 ἀλλ’
2950 4031 3436 4104 εύθυδρομήσομεν
3490 4031 3631 4102 πρὸς

2043 4125 2140 4195 τὴν
2184 4127 2465 4195 μακαρίαν
2525 4125 2670 4197 ζωὴν
2727 4129 2786 4180 ἐν
2846 4127 3069 4198 Χριστῴ
3112 4127 3290 4197 Ἰησοῦ
3336 4124 3411 4197 τῷ
3439 4125 3630 4196 Κυρίῳ

356 4217 523 4271 vitam
557 4218 610 4271 in
641 4216 860 4272 Christo
892 4215 1018 4270 Jesu
1045 4215 1272 4269 Domino
1304 4226 1512 4279 nostro,
1542 4217 1626 4271 cui
1655 4216 1829 4285 gloria
1884 4225 1939 4270 et

2047 4218 2228 4289 ἡμῶν,
2264 4213 2367 4288 ᾧή
2418 4218 2544 4285 δόξα
2598 4220 2692 4272 καὶ
2747 4219 2807 4273 τὸ
2863 4221 3066 4291 κράτος
3116 4222 3197 4284 εἰς
3238 4219 3362 4282 τοὺς
3396 4219 3623 4283 αἰῶνας.

360 4307 649 4376 imperium
678 4307 732 4360 in
777 4305 995 4361 saecula.
1029 4306 1226 4359 Amen.

892 4416 1175 4472 HUlllLlA
1219 4416 1402 4473 XLII].

449 4510 516 4565 In
552 4510 752 4581 reliqua
779 4510 894 4581 ejus
940 4512 1121 4636 dictil:
1186 4509 1471 4613 (“Lucerna
1507 4512 1740 4578 cotpuris
1767 4523 1841 4565 est

983 4597 1075 4635 ocu
1105 4598 1163 4635 us
1244 4622 1257 4635 .
1290 4598 1307 4632 ι

983 4597 1163 4635 οειιιιιι
1194 4597 1257 4635 ’¹.
1290 4598 1307 4632 ι

431 4675 660 4733 Mendici
691 4686 743 4733 et
769 4676 1001 4747 gregarii
1031 4692 1322 4748 pauperes,
1346 4675 1443 4744 qui
1479 4677 1669 4731 domos
1700 4676 1936 4732 cireum-

355 4783 521 4834 eunt,
583 4781 635 4824 et
667 4785 785 4839 qua:
820 4769 1025 4823 alendze
1068 4769 1189 4822 vitae
1242 4769 1354 4822 sint
1402 4769 1560 4832 satis,
1613 4781 1935 4839 comparant

430 4923 618 4978 “Aet.
652 4940 742 4989 xx,
768 4927 820 4978 9.
901 4928 944 4957 "’
984 4925 1183 4981 Jerem.
1231 4942 1307 4993 ιι,
1337 4926 1426 4980 21.

1508 4927 1549 4956 ³⁸
1585 4926 1743 4982 Rom.
1777 4941 1835 4991 ιι,
1873 4925 1959 4981 15.
2036 4927 2081 4959 ³⁸
2118 4926 2248 4983 Luc.
2298 4944 2358 4993 ll,
2394 4927 2483 4983 28.

2056 4312 2250 4383 Ἀμήν.

2626 4429 2874 4485 ΟΜΙΛΙΑ
2913 4426 3046 4483 MI".

2048 4522 2151 4586 Εἰς
2180 4519 2253 4574 τὰ
2286 4520 2572 4575 ἐπίλοιπα
2598 4522 2704 4578 τοῦ
2730 4537 2744 4552 ⁸
2781 4542 2799 4574 ι
2847 4522 2910 4575 '0
2954 4523 3186 4591 λύχνος
3215 4521 3321 4577 τοῦ
3350 4520 3628 4592 σώματός

2502 4593 2673 4647 ἐστιν
2699 4597 2732 4645 ό
2755 4594 3082 4662 ὀφθαλμός.
3106 4611 3125 4643 ι

2116 4685 2178 4736 Οἱ
2210 4683 2448 4755 ἀγύρται
2486 4685 2583 4738 καὶ
2609 4685 2854 4753 ἀγελαῖοι
2884 4686 3116 4756 πένητες
3142 4685 3240 4748 τὰς
3273 4684 3450 4747 οἰκίας
3470 4700 3625 4753 περι-

2042 4771 2380 4835 νοστοῦντες,
2425 4774 2519 4825 καὶ
2557 4773 2626 4825 τὰ
2657 4773 2883 4844 ζωαρκῆ
2929 4776 2992 4826 ὲκ
3026 4775 3441 4846 προσαιτήσεως
3472 4788 3627 4837 πορι-

2567 4930 2607 4960 ³⁷
2642 4929 2839 4987 Mattlt.
2882 4946 2956 4995 ιι,
2988 4930 3083 4984 ‘22.

1599 5072 1920 5133 Francisei
1957 5074 2163 5135 Scorsi
2205 5085 2388 5135 notae.

428 5187 799 5263 (937)780mnus
826 5193 962 5244 enim
995 5192 1161 5257 [ναίειν
1195 5204 1267 5246 est
1312 5204 1442 5245 mort
1460 5197 1495 5245 ’δ
1558 5194 1774 5247 Externi
1810 5195 1929 5263 phi-

356 5261 564 5329 losophi
592 5273 684 5312 seu
711 5272 877 5328 poene
902 5263 995 5331 qui
1023 5273 1073 5315 et
1100 5265 1196 5328 ipsi
1227 5280 1319 5331 per
1337 5264 1546 5318 fabulas
1566 5261 1933 5333 philosophati-

355 5341 785 5402 sunt,_somttum
819 5334 1156 5399 appellavere
1192 5349 1506 5400 gennauum
1533 5337 1742 5401 inertis,
1776 5338 1928 5402 cujus

354 5399 727 5469 appellationis
779 5413 941 5469 atque
998 5399 1292 5474 sententiae
1347 5419 1533 5456 eorum
1599 5399 1738 5458 sunt
1774 5399 1923 5474 pinna

353 5474 958 5551 poet-nutathquibus
994 5473 1105 5523 luce
1148 5474 1414 5526 delibasse
1443 5474 1513 5527 sit
1545 5479 1695 5529 satis.
1730 5473 1921 5530 senet.

353 5537 406 5594 in
448 5537 670 5593 Hercul.
715 5542 935 5608 furenti,

425 5610 607 5681 Tuque
631 5628 659 5661 υ
684 5613 931 5675 domitor,
963 5627 1159 5675 sonum,
1193 5611 1453 5681 laborum,

426 5681 559 5732 Pars
591 5680 834 5734 Immone:
869 5682 1051 5735 melior
1082 5683 1225 5743 vita',

424 5747 616 5801 Frater
652 5751 717 5802 du
729 5767 797 5804 rw
828 5752 1074 5821 iungut’de
1095 5756 1293 5807 mortis.

2033 5197 2093 5248 lit
2128 5196 2311 5266 Virgil.
2345 5196 2564 5250 xEncid.
2591 5215 2642 5253 γι
2686 5216 2699 5251 :

2105 5290 2166 5342 Et
2196 5298 2612 5361 consanguineus
2647 5294 2772 5348 lelhi
2803 5313 2975 5363 δορον.

2032 5383 2091 5434 Et
2117 5386 2362 5452 Orpheus
2389 5387 2440 5438 in
2480 5386 2677 5455 hymno
2703 5402 2955 5441 somnum
2982 5388 3260 5456 allnqttmis
3290 5410 3298 5441 :

2027 5476 2501 5545 Αὑῖοκαλίγνητος
2528 5478 2638 5547 γάρ
2670 5479 2804 5547 ἔφης
2836 5481 3001 5549 λήθυς
3043 5483 3278 5534 θαι-λάτοι
3316 5500 3400 5535 τε.

2108 5582 2400 5635 Germanus
2424 5594 2475 5635 tu
2510 5600 2561 5637 cs
2584 5583 2858 5638 oblivionis
2890 5598 2934 5638 ει
2965 5594 3166 5641 mut-Iis.

2038 5689 2195 5741 l‘luta
2230 5689 2341 5750 iege
2377 5688 2516 5754 apud
2578 5688 2859 5744 Μιιιίἱιιιιιιι
2899 5692 3076 5747 nam»
3100 5705 3147 5747 et
3186 5695 3384 5749 Luduv.
3418 5695 3616 5752 Lacer-

2038 5769 2157 5813 dam
2186 5762 2238 5812 in
2283 5760 2471 5813 δευρί).
2504 5770 2556 5813 et
2596 5758 2735 5831 Virg.
2772 5766 2858 5832 qui
2893 5767 3004 5818 base
3035 5766 3297 5833 pluribus.
