4070 6400
392 430 500 494 817

1738 431 2068 492 ΠΟΜΙῌΑ
2112 433 2333 492 XLIII.

3573 430 3634 488 δαὶ
3649 432 3682 490 8

393 549 637 615 ζε-εμενοι,
672 545 724 597 εἴ
765 565 862 597 που
915 547 1118 616 τύχωσι
1161 545 1442 616 τραπέζης
1474 546 1798 609 πολυτελοῦς
1837 547 1986 617 ὄψοις

2098 546 2236 608 sibi,
2291 547 2434 615 stipe
2487 547 2749 615 cogenda.
2809 545 2983 600 sicubi
3041 546 3241 597 lautam
3296 558 3579 605 mensam,
3634 556 3681 598 et

393 638 818 707 ἐστιὸασμὲνης,
885 640 979 690 καὶ
1031 637 1345 709 πληθούσης
1375 641 1833 710 καρυκευμάτων,
1891 642 1983 691 καὶ

396 730 569 783 πολλά
601 731 834 801 ἐχούσης
865 731 1121 800 ἐδώδιμα,
1158 734 1256 795 τὰς
1290 735 1439 802 σφῶν
1483 733 1761 804 γαστέρας
1812 734 1983 802 ἀφθό-

396 839 506 884 νως
561 822 915 894 κορέσαντες,
982 824 1376 892 ἐγκολποῦνται
1430 828 1527 897 τῆς
1583 827 1864 896 τραπέζης
1917 827 1986 878 τὰ

395 911 650 978 λείψανα,
682 914 780 980 τὴν
809 915 887 975 είς
914 913 1107 984 αὔριον
1138 916 1347 988 τροφὴν
1383 919 1446 969 ἐκ
1495 917 1701 969 τούτων
1728 918 1985 987 ταμιευό-

399 1025 575 1078 μενοι.
621 1006 776 1058 Ἑπεὶ
807 1006 898 1059 οῦν
949 1007 1046 1059 καὶ
1085 1009 1233 1078 ἡμᾶς
1266 1007 1394 1079 χθὲς
1435 1009 1462 1060 ό
1496 1009 1850 1076 εὐαγγελικὺς
1892 1008 1985 1062 λύ-

397 1115 526 1170 χνος
553 1098 631 1169 np
677 1099 908 1168 ποικίλῳ
947 1100 1055 1152 τῶν
1087 1103 1377 1172 νοημάτων
1413 1102 1671 1165 ἑστιάσας
1708 1103 1979 1170 ἐκόρεσεν,

393 1193 472 1256 ὡς
504 1192 581 1262 μὴ
611 1192 898 1263 ἐξισχῦσαι
927 1199 1020 1246 καὶ
1066 1195 1172 1246 τῶν
1230 1195 1357 1265 ἑξῆς
1416 1195 1593 1264 λόγων
1647 1196 1983 1266 ἐφάψασθαι,

397 1284 533 1356 φέρε
565 1284 664 1354 τῆς
697 1284 955 1354 χθεσινῆς
988 1285 1274 1356 τραπέζης
1318 1287 1386 1341 τὰ
1427 1288 1653 1358 λείψανα
1693 1291 1986 1358 προθῶμεν

400 1376 645 1447 σήμερον
674 1376 812 1446 πρὸς
851 1375 1094 1428 ἑστίασιν
1124 1391 1137 1405 °
1180 1376 1344 1430 ίκανά
1383 1377 1492 1450 γάρ
1523 1377 1694 1432 ταῦτα
1726 1380 1825 1447 τῆς
1852 1399 1984 1446 τρα-

397 1469 572 1542 πέζης
601 1471 670 1524 τὰ
703 1471 914 1541 ψιχίδια
944 1473 1042 1534 τὰς
1075 1473 1360 1540 φιλοθὲους
1393 1476 1619 1546 κορέσαι
1643 1475 1840 1546 ψυχάς.

481 1580 498 1611 ι
527 1559 720 1623 Οὐδεὶς
771 1561 1002 1615 δύναται
1051 1563 1170 1616 δυσὶ
1229 1565 1443 1635 κυρίοις
1477 1566 1776 1621 δουλεύειν.
1815 1587 1833 1618 ›
1877 1571 1984 1622 Καὶ

401 1653 509 1724 μὴν
529 1653 630 1706 οὐκ
657 1652 920 1706 ἀδύνατον
948 1653 1043 1707 ἕνα
1097 1653 1376 1709 δουλεύειν
1423 1658 1544 1710 δυσί
1571 1677 1584 1689 ·
1629 1663 1844 1722 κοινοὺς
1875 1663 1985 1733 γὰρ

397 1746 618 1809 οἰκέτας
646 1745 865 1816 ὁρῶμεν
889 1746 1140 1810 πολλοῦς.
1185 1749 1325 1802 Ἀλλ’
1354 1751 1414 1802 οὐ
1447 1750 1702 1818 περὶτῶν
1730 1754 1808 1806 ἐνὶ
1843 1771 1987 1808 στοι-

397 1836 644 1907 χοὺντων
680 1837 947 1910 θελήματι
973 1839 1275 1909 ἐκληπτέον
1315 1840 1411 1912 τὴν
1460 1844 1744 1915 παροῦσαν
1771 1847 1985 1915 ἀπόφα-

2087 649 2420 692 exstructam
2483 641 2736 710 cupcdiis;
2775 651 2821 693 ct
2878 638 3244 694 condimentis
3300 638 3687 698 abutulantem,

2089 743 2142 787 et
2175 731 2430 786 refertam
2469 733 2664 787 eduliis
2700 734 2843 786 nacti
2897 732 3121 796 fuerint,
3153 741 3441 801 postquam
3474 729 3688 784 abunde

2091 832 2330 879 ventrem
2355 825 2660 894 explerint,
2697 843 2896 880 mensa:
2936 825 3194 895 reliquias
3232 825 3284 879 in
3328 827 3506 878 sinum
3552 839 3685 878 con-

2086 917 2302 986 jiciunt,
2327 916 2378 969 in
2407 927 2682 985 posterum
2709 917 2850 969 diem
2880 917 3134 987 pabulum
3166 916 3266 970 sibi
3300 915 3684 968 rt‘CmttiClilCS.

2088 1011 2314 1078 Quando
2372 1012 2538 1081 igitur
2570 1023 2624 1067 et
2677 1027 2773 1066 nos
2824 1028 3037 1080 quoque
3089 1011 3398 1081 evangeliea
3433 996 3682 1064 'lneerua

2093 1101 2350 1155 convivio
2379 1111 2633 1171 acceptos
2684 1103 2942 1158 hesterno
2985 1104 3074 1157 die
3113 1119 3374 1158 sensuum
3426 1103 3689 1155 varietate

2091 1195 2334 1260 satiavit,
2371 1195 2506 1249 adeo
2559 1206 2613 1250 ιιι
2662 1196 2824 1249 verba
2883 1196 3162 1262 sequentia
3201 1194 3689 1262 attingerent-qui-

2091 1287 2350 1352 verimus,
2385 1304 2485 1358 age
2511 1289 2780 1344 hesternze
2815 1307 3016 1345 mensa:
3065 1289 3325 1358 reliquias
3371 1289 3435 1340 ad
3467 1287 3685 1357 epulum

2092 1381 2253 1434 hodie
2284 1383 2668 1452 proferamus';
2694 1385 2972 1439 suﬂiciunt
3004 1384 3146 1439 enim
3175 1385 3290 1438 haec
3319 1383 3461 1437 illius
3491 1400 3690 1436 Il‘cnsu‘.

2092 1470 2396 1542 fragmenta
2465 1477 2530 1528 ad
2577 1478 2791 1530 animas
2842 1477 2933 1530 Dei
2990 1485 3236 1530 amantes
3282 1473 3592 1543 explendas,
3621 1472 3686 1524 ³⁸.

2176 1584 2193 1615 ι
2223 1565 2396 1622 Nemo
2429 1578 2608 1636 potest
2639 1568 2853 1623 duobus
2899 1569 3137 1624 dominis
3185 1567 3413 1621 servire.
3455 1585 3472 1616 θ
3527 1565 3688 1634 Atqui

2092 1669 2150 1712 ut
2187 1673 2329 1712 unus
2365 1660 2580 1714 duobus
2613 1662 2816 1715 serviat
2849 1675 3193 1731 nequaquam
3227 1675 3294 1713 ex
3329 1659 3393 1712 iis
3424 1666 3533 1720 est,
3569 1672 3690 1726 qua:

2096 1751 2210 1802 ἢθη-ἰ
2262 1761 2566 1820 nequeunt.
2622 1751 2884 1808 Videmus
2915 1753 3059 1808 enim
3116 1751 3317 1806 multos
3373 1761 3692 1804 communes

2091 1840 2348 1897 fanndos.
2405 1842 2604 1897 Verum
2657 1858 2765 1899 non
2803 1845 2870 1899 de
2916 1846 3166 1910 duobus,
3220 1857 3451 1912 quorum
3495 1856 3598 1893 una
3637 1848 3692 1893 et

399 1945 486 1982 σιν
515 1945 530 1960 ·
585 1929 635 1980 εί
681 1928 792 1999 γάρ
845 1924 956 1982 εἶεν
995 1929 1088 1983 δύο
1123 1932 1189 1984 τὰ
1235 1933 1377 1986 αὐτά
1428 1935 1832 2002 ἐπιτάττοντες,
1891 1939 1987 1992 καὶ

2098 1937 2284 1990 eadem
2359 1937 2429 1990 sit
2492 1936 2783 2002 voluntas,
2867 1939 2981 1992 lucc
3030 1937 3299 1991 sententia
3331 1936 3491 1989 debet
3531 1930 3692 1987 intel.

400 2020 571 2091 μηδὲν
593 2019 846 2092 ἀλλήλοις
895 2022 1326 2093 ἐναντιούμενοι,
1369 2025 1430 2077 οὐ
1458 2027 1550 2080 δύο
1584 2029 1704 2081 τότε
1734 2031 1985 2102 νομίζον-

396 2121 491 2160 ται
530 2107 716 2178 κύριοι
752 2125 764 2138 ο
822 2108 938 2162 ἀλλ’
981 2111 1030 2163 οί
1071 2111 1141 2164 τά
1187 2112 1542 2183 ἀντικείμενα
1575 2120 1984 2189 ἐπιτάττοντες,

395 2194 483 2263 οἷς
514 2201 798 2272 ἀμήχανον
837 2204 1247 2259 ὑποτάσσεσθαι
1294 2208 1556 2264 τάναντία
1585 2213 1988 2285 διαπραττομέ-

397 2310 536 2358 νοις.
568 2296 742 2350 Τοῦτο
760 2297 819 2349 δὲ
854 2298 1206 2369 συμϐολικῶς
1237 2302 1622 2358 ὲπιτάττονται
1653 2305 1748 2360 καὶ
1775 2309 1842 2360 τὰ
1875 2325 1984 2363 πα-

398 2387 528 2440 λαιά
562 2388 934 2460 διατάγματα.
983 2392 1094 2446 Καὶ
1140 2394 1216 2464 πῆ
1253 2393 1355 2464 μὲν
1384 2395 1473 2448 τὸν
1497 2399 1798 2466 ἀμπελῶνα
1828 2402 1988 2454 σπεί-

401 2497 520 2551 ρειν
550 2482 652 2536 οὐκ
688 2484 1102 2550 ὲπιτρὲπονται,
1130 2487 1203 2556 πῆ
1240 2486 1296 2538 δε
1323 2488 1538 2556 ἱμάτιον
1568 2491 1882 2561 ὑφασμένον
1922 2494 1987 2548 ὲκ

397 2571 546 2626 δυοῖν
575 2575 652 2646 μὴ
681 2576 1049 2646 ἀμπέχεσθαι,
1093 2577 1188 2630 καὶ
1221 2578 1307 2632 διὰ
1346 2581 1554 2636 τούτων
1585 2586 1986 2654 νομοθετοῦντα

398 2667 495 2720 τὸν
515 2669 612 2738 τῆς
639 2669 819 2740 ψυχῆς
842 2671 1144 2741 ἀμπελῶνα
1171 2672 1263 2725 τὴν
1293 2674 1402 2727 ἀπὸ
1431 2677 1529 2747 τῆς
1559 2679 1794 2745 πίστεως
1812 2699 1987 2753 γεωρ·
2015 2717 2018 2720 ν

399 2760 670 2828 γούμενον
696 2765 788 2816 καὶ
820 2765 911 2817 τὸν
945 2764 1145 2834 βότρυν
1169 2768 1632 2836 καρποφοροῦντα
1657 2772 1748 2825 τὸν
1771 2775 1985 2843 νοητὸν,

399 2849 464 2908 οὗ
491 2855 551 2909 τὸ
581 2851 722 2926 αἷμα
749 2859 911 2911 ποτὸν
949 2859 1222 2928 σωτήριον
1257 2862 1372 2924 τοῖς
1402 2864 1724 2920 πιστεύουσι
1753 2866 1985 2935 γίνεται,

399 2945 594 3022 τοῦτον
641 2951 715 3022 μὴ
758 2959 1150 3028 κατασπείρειν
1184 2963 1295 3024 τοῖς
1330 2961 1596 3024 ἐναντίοις
1651 2961 1986 3033 σπέρμασιν,

399 3035 484 3105 οἷς
517 3043 545 3094 ὁ
572 3044 766 3114 ἐχθρὸς
793 3048 885 3100 τὸν
924 3051 1272 3122 ἐσπαρμένον
1309 3057 1457 3108 σῖτον
1489 3054 1795 3122 ἐνόθευσεν,
1827 3057 1902 3120 ὡς
1929 3058 1987 3110 ὲν

401 3137 470 3206 τῇ
505 3136 614 3189 τῶν
657 3139 914 3204 ζιζανίων
962 3145 1249 3217 παραϐολῇ
1289 3148 1714 3218 μεμαθήκαμεν,
1755 3148 1879 3204 οὔτε
1913 3151 1990 3205 δι-

404 3229 572 3282 πλοῦν
607 3233 822 3301 ἱμάτιον
868 3236 1260 3301 ὲνδιδύσκεταιῐ
1298 3237 1360 3304 ἐξ
1391 3240 1655 3294 ἐναντίων
1697 3239 1989 3310 δογμάτων

403 3325 896 3392 συνυφαινὸμενον.
939 3328 1083 3397 Πρδς
1114 3328 1222 3400 γὰρ
1254 3329 1331 3399 τῷ
1379 3333 1643 3396 ἀπρεπεῖ,
1684 3331 1779 3384 καὶ
1822 3333 1996 3401 ἀνάρ-

406 3432 625 3483 μοστον.
673 3437 691 3468 ι
721 3419 817 3482 Τίς
849 3419 1004 3492 (γὰρ)
1039 3425 1294 3476 κοινωνία
1327 3425 1468 3493 φωτὶ
1521 3425 1660 3494 πρὸς
1686 3426 1916 3492 σκότοςς
1967 3449 1984 3478 ι

484 3617 501 3647 ι
537 3598 726 3660 Οὐδεὶς
774 3597 867 3652 οὖν
893 3600 1117 3656 δύναται
1164 3604 1285 3656 δυσὶ
1318 3603 1530 3674 κυρίοις
1579 3605 1852 3659 δουλεύειν
1885 3623 1896 3634 ·
1958 3610 1990 3677 ἦ

407 3688 519 3760 γὰρ
551 3690 644 3743 τὸν
685 3691 782 3745 ἕνα
837 3696 1080 3763 μισήσει,
1121 3698 1216 3749 καί⁸
1248 3699 1337 3750 τὸν
1368 3697 1556 3767 ἕτερον
1605 3701 1880 3772 ἀγαπήσει

403 3779 501 3833 τοῦ
530 3781 646 3844 sib;
669 3783 979 3852 ἀνθέξεται,
1017 3788 1112 3840 καὶ
1143 3787 1238 3841 τοῦ
1270 3790 1460 3859 ἑτέρου
1496 3795 1926 3863 καταφρονήσει.
1969 3815 1986 3848 ι

416 3873 642 3944 Ἐπειδὴ
673 3878 1030 3947 παρακατιὼν
1058 3882 1085 3932 ὁ
1123 3881 1282 3950 λόγος
1327 3883 1652 3952 λευκότερον
1701 3889 1992 3958 σαφηνίζει

403 3966 552 4054 τίνες
577 3969 628 4021 οἱ
659 3967 753 4022 δύο
788 3971 989 4042 κύριοι,
1038 3975 1130 4026 τὸν
1173 3976 1309 4030 Θεὸν
1347 3980 1538 4045 εἰπὼν,
1577 3981 1672 4034 καὶ
1713 3981 1806 4034 τὸν
1839 4001 1990 4053 μαμ-

408 4061 598 4129 μωνᾶ,
651 4064 918 4133 προσήκει
949 4069 1091 4118 νοεῖν
1133 4067 1209 4130 ὼς
1238 4069 1320 4133 τὸ,
1357 4071 1603 4139 μισήσει,
1646 4073 1742 4125 καὶ
1773 4073 1854 4138 τὸ,
1900 4077 1993 4128 ἀν-

405 4149 650 4216 θέξεται,
682 4153 772 4205 ἐπὶ
805 4155 898 4206 τοῦ
947 4160 1230 4226 μαμμωνᾶ
1277 4163 1469 4230 τέταχε
1522 4162 1586 4214 τὸ
1632 4162 1708 4225 δὲ,
1753 4165 1994 4236 ’ἀγαπή-

406 4261 513 4307 σει,
542 4246 638 4298 καὶ
669 4250 1116 4320 καταφρονήσει,
1153 4252 1245 4304 ὲπὶ
1265 4253 1359 4306 τοῦ
1389 4255 1547 4309 Θεοῦ.
1580 4258 1642 4309 Οἱ
1674 4259 1783 4327 γάρ
1813 4258 1998 4327 βδελυ-

409 4337 496 4406 ροὶ
523 4340 618 4391 καὶ
649 4339 979 4410 φαυλόεργοι
1007 4343 1068 4394 οὐ
1104 4343 1323 4412 μισοῦσι
1351 4346 1507 4411 Θεὸν,
1549 4348 1686 4401 ἀλλὰ
1713 4367 1993 4421 καταφρο-

405 4429 598 4483 νοῦσι·
666 4433 760 4485 καὶ
824 4433 926 4486 οὐκ
987 4436 1246 4502 ἀγαπῶσι
1298 4438 1390 4490 τὸν
1451 4443 1810 4509 μαμμωνᾶν,
1877 4444 1996 4496 ἀλλ’

405 4521 752 4590 ἀντέχονται.
803 4525 1139 4594 Μαμμωνᾶν
1167 4527 1223 4580 δὲ
1273 4527 1366 4580 τὸν
1425 4529 1656 4583 πλοῦτον
1707 4532 1990 4587 ἐκάλεσεν.

2096 2027 2228 2098 ligi:
2265 2029 2308 2083 si
2351 2031 2495 2084 enim
2529 2041 2714 2086 essent
2760 2032 2887 2094 duo,
2939 2031 3033 2099 qni
3088 2030 3278 2084 eadem
3331 2027 3691 2097 prmeipcrent

2097 2130 2148 2175 et
2173 2121 2304 2176 nihil
2341 2123 2483 2177 inter
2528 2138 2588 2179 se
2640 2123 3005 2189 dissiderent,
3043 2132 3153 2176 ltnn
3195 2135 3303 2175 non
3346 2122 3450 2174 duo
3501 2133 3689 2172 cense-

2099 2226 2286 2269 rentur
2337 2215 2562 2270 domini.
2613 2215 2718 2271 Sed
2753 2216 2845 2286 qui
2889 2215 3189 2286 pugna-otia
3228 2213 3444 2284 jubent,
3491 2211 3689 2282 quibus

2099 2306 2213 2360 ﬁeri
2267 2307 2414 2362 nullo
2469 2309 2632 2363 modo
2678 2319 2878 2378 potest,
2932 2319 2991 2362 ut
3045 2322 3274 2376 pareas,
3326 2320 3449 2360 cum
3498 2319 3687 2358 eorum

2097 2397 2290 2454 eﬂ‘ecta
2319 2401 2594 2454 contraria
2639 2401 2768 2454 sint.
2811 2401 2924 2454 Hoc
2953 2410 3136 2453 autem
3185 2397 3472 2469 allegorice
3511 2395 3688 2465 prisca

2101 2491 2190 2546 illa
2239 2503 2514 2562 praecepta
2571 2493 2953 2563 praesen-ibunt.
2996 2492 3130 2546 Nam
3175 2491 3304 2544 alibi
3339 2489 3556 2557 quidem
3604 2486 3688 2539 vi-

2099 2599 2255 2638 neam
2291 2585 2396 2640 seri
2434 2599 2544 2640 non
2592 2585 2917 2654 permittunt
2952 2584 2996 2616 ’9
3021 2625 3034 2648 ,
3083 2583 3208 2636 alibi
3242 2596 3369 2635 vero
3401 2579 3690 2649 prohibent

2100 2677 2482 2730 vestimentum
2535 2691 2602 2731 ex
2641 2675 2851 2730 duobus
2891 2683 3204 2730 contextum
3244 2673 3492 2735 induere,
3528 2677 3690 2738 atque

2099 2767 2180 2820 his
2219 2769 2494 2832 sanciunt,
2547 2782 2612 2822 ne
2643 2767 2803 2821 vinea
2859 2769 3053 2821 anima:
3111 2783 3203 2835 per
3239 2764 3397 2819 [idem
3452 2762 3687 2821 exculta,

2099 2869 2152 2912 et
2212 2858 2552 2926 spiritualcm
2610 2858 2896 2927 proferens
2944 2858 3110 2930 304,
3159 2871 3480 2919 racemum,
3536 2853 3690 2919 cuius

2097 2951 2316 3021 sanguis
2337 2951 2621 3022 (94)fpotus
2636 2960 2719 3007 est
2734 2952 3082 3007 credentibus
3098 2949 3377 3013 salutaris,
3395 2947 3691 3002 seminibus

2097 3044 2389 3098 contrariis
2423 3055 2659 3106 seratur,
2693 3045 2892 3113 quibus
2940 3044 3194 3098 inimicus
3237 3041 3685 3120 triticumsatutu

2099 3134 2443 3204 adulteravit,
2472 3148 2529 3192 ut
2559 3138 2847 3192 didicimus
2869 3137 2920 3190 in
2974 3137 3227 3207 parabola
3262 3133 3594 3189 zizaniorum
3621 3129 3688 3196 “;

2102 3241 2205 3280 neu
2247 3228 2370 3296 quis
2397 3228 2591 3282 vestitu
2628 3227 2829 3296 duplici
2876 3227 3154 3292 induatur,
3193 3227 3446 3280 nimirum
3492 3224 3581 3293 qui
3623 3238 3685 3275 ex

2102 3323 2394 3376 contrariis
2419 3324 2780 3393 ,dogmatibus
2815 3331 3109 3378 contextus
3137 3321 3230 3376 sit.
3281 3320 3417 3374 Nam
3463 3329 3687 3386 praetcr-

2098 3431 2260 3485 quam
2296 3415 2443 3484 quod
2489 3416 2806 3471 indecorum
2835 3425 2940 3481 est,
2967 3416 3191 3469 minime
3217 3414 3378 3470 etiam
3415 3411 3688 3466 convenit.

2099 3507 2254 3573 Nam,
2299 3526 2316 3558 ι
2348 3508 2478 3574 Qum
2501 3509 2736 3563 societas
2773 3509 2876 3561 luci
2911 3509 2976 3561 ad
3007 3506 3263 3562 tenebras
3289 3505 3370 3558 “1’
3399 3523 3416 3556 ι

2175 3618 2192 3649 ι
2222 3599 2363 3669 Ergo
2393 3614 2550 3652 nemo
2583 3607 2762 3669 potest
2799 3599 3011 3653 duobus
3042 3598 3274 3650 dominis
3305 3594 3513 3649 servire
3546 3610 3560 3649 :
3596 3601 3688 3644 aut

2096 3691 2242 3746 enim
2282 3707 2448 3744 unum
2499 3689 2624 3745 odio
2663 3690 2902 3752 habebit,
2955 3699 3008 3744 et
3045 3690 3274 3742 alterum
3319 3686 3541 3750 diliget;
3597 3697 3688 3735 aut

2097 3799 2264 3838 unutn
2319 3783 2630 3848 sustinebit,
2683 3790 2738 3835 et
2791 3781 3019 3835 alterum
3076 3786 3410 3834 conlemnet.
3446 3797 3463 3828 ι
3535 3775 3686 3841 Quo-

2098 3878 2242 3930 niam
2311 3877 2652 3946 subsequens
2693 3874 2870 3928 oratio
2907 3874 3152 3928 declarat
3189 3871 3429 3940 apertius
3459 3869 3680 3937 quinam

2097 3968 2206 4022 sint
2235 3969 2287 4020 hi
2320 3968 2426 4020 duo
2468 3965 2670 4020 domini
2697 4005 2710 4028 ,
2748 3964 2916 4017 Deum
2958 3963 3212 4015 videlicet
3235 3971 3290 4014 et
3321 3972 3686 4012 mammonam

2097 4061 2316 4122 dicens,
2359 4059 2664 4129 intelligere
2713 4066 2930 4128 oportet
2987 4053 3133 4123 quod
3191 4054 3315 4107 odio
3376 4051 3578 4104 habere
3635 4060 3689 4099 et

2097 4154 2388 4215 sustinere,
2425 4154 2490 4206 ad
2533 4165 2934 4213 mannnonam,
3008 4163 3193 4201 amare
3255 4163 3381 4199 vero
3413 4153 3464 4196 et
3503 4150 3692 4196 eonte-

2100 4260 2286 4299 muere
2320 4244 2556 4298 refertur
2574 4245 2642 4295 ad
2666 4243 2856 4296 Deum.
2889 4241 3168 4311 Flagitiosi
3196 4242 3340 4293 enim
3373 4248 3428 4291 et
3458 4235 3689 4306 improbi

2101 4337 2269 4390 Deum
2309 4351 2418 4388 non
2449 4336 2706 4399 oderunt,
2758 4336 2851 4390 sed
2903 4344 3294 4398 centenmunt;
3347 4347 3522 4400 neque
3568 4328 3692 4382 dili-

2099 4439 2232 4498 gunt
2313 4443 2680 4481 mammonam
2718 4469 2733 4493 ,
2793 4427 2886 4480 sed
2936 4427 3260 4488 sustinent;
3326 4438 3687 4476 mammonam

2101 4529 2285 4575 autem
2342 4520 2558 4575 divitias
2605 4520 2918 4588 appellavit.
2967 4518 3166 4572 Contra
3205 4532 3333 4569 vero
3380 4515 3512 4580 justi
3565 4511 3688 4564 dili-

403 4612 475 4666 υἱ
515 4614 573 4666 δὲ
620 4613 824 4668 δίκαιοι
877 4615 1185 4686 τοῦμπαλιν
1241 4619 1498 4686 ἀγαπῶσι
1549 4621 1640 4673 τὸν
1693 4622 1847 4686 Θεὸν,
1902 4626 1989 4677 καῖ

2106 4623 2238 4683 gunt
2310 4612 2525 4677 Deum,
2591 4623 2643 4666 et
2699 4611 2919 4665 divitias
2973 4609 3338 4663 detestantur.
3395 4606 3686 4673 Propterea

408 4707 781 4776 μυσάττονται
830 4709 889 4761 τὸ
920 4709 1174 4762 πλουτεῖν
1203 4726 1213 4738 ⁸
1248 4711 1336 4764 διὰ
1366 4712 1526 4766 τοῦτο
1558 4715 1619 4767 τὸ
1665 4715 1765 4785 μέν
1794 4735 1808 4748 ⁸
1861 4739 1878 4771 ι
1923 4723 1992 4774 “II

404 4800 500 4853 τὸν
531 4800 626 4867 ἕνα
679 4802 928 4872 μισήσει,
982 4803 1078 4855 καὶ
1126 4804 1218 4856 τὸν
1266 4805 1455 4875 ἕτερον
1504 4808 1808 4879 ἀγαπήσει,
1847 4830 1864 4862 ι
1900 4815 1995 4866 ἐπὶ

404 4891 518 4944 τῶν
549 4892 774 4960 ἀγαθῶν
807 4895 1066 4946 τέτακται
1101 4910 1114 4924 ·
1139 4894 1198 4946 τὸ
1223 4894 1300 4960 δὲ,
1345 4914 1362 4946 ι
1405 4897 1474 4948 Ἢ
1498 4895 1590 4949 τοῦ
1627 4899 1747 4961 ἑνὸς
1769 4900 1994 4967 ἀνθέξε-

407 5001 532 5051 ται,
553 4985 650 5037 xui.
681 4983 776 5038 τοῦ
825 4985 1015 5055 ἑτέρου
1066 4987 1502 5057 καταφρονήσει,
1543 5007 1561 5038 ι
1600 4989 1824 5042 ἐπὶτῶν
1857 4992 1993 5059 φαύ-

407 5075 540 5130 λων.
595 5078 741 5130 «Διὰ
803 5077 963 5130 τοῦτο
1017 5078 1162 5146 λέγω
1222 5081 1387 5149 ὑμῖνο
1423 5081 1513 5152 Μὴ
1571 5084 1870 5152 μεριμνᾶτε
1924 5087 1988 5155 τῇ

406 5170 556 5240 ψυχῇ
596 5169 753 5238 ὑμῶν
793 5170 844 5222 τί
880 5171 1116 5240 φάγητε,
1157 5172 1252 5223 καὶ
1287 5173 1339 5223 τί
1386 5173 1570 5242 πίητε,
1611 5173 1853 5244 μηδὲτῷ
1887 5176 1992 5226 σῶ-

412 5278 545 5330 ματι
588 5261 743 5328 ὑμῶν
775 5262 825 5314 τί
875 5261 1190 5330 ἐνδύσησθε.
1235 5283 1254 5314 ›
1315 5264 1420 5316 Καὶ
1477 5266 1584 5333 μὴν
1636 5267 1734 5336 οὐχ
1782 5268 1814 5336 ἡ
1844 5267 1991 5336 ψυχὴ

410 5351 584 5403 ἐσθίει
616 5353 711 5405 καὶ
755 5351 924 5417 πίνει,
951 5352 1090 5405 ἀλλὰ.
1136 5354 1196 5404 τὸ
1255 5353 1432 5424 σῶμα.
1508 5356 1648 5408 Ἀλλ’
1709 5358 1897 5426 ἐπειδὴ
1933 5359 1992 5410 τὸ

413 5442 573 5514 σῶμα
624 5443 962 5513 τρεφόμενον
991 5445 1201 5513 συνέχει
1238 5447 1331 5498 καί
1365 5446 1461 5516 τὴν
1493 5447 1672 5517 ψυχήν
1702 5465 1715 5478 '
1757 5447 1830 5517 μὴ
1865 5466 1989 5517 τρε-

484 5581 527 5613 ³⁸
556 5581 749 5638 Matth.
781 5597 856 5648 v1,
888 5583 942 5645 '2,
977 5582 1008 5635 ι
1042 5598 1193 5652 seqq.
1273 5585 1315 5615 ³³
1344 5584 1515 5639 Levit.
1549 5601 1661 5649 xix,
1695 5586 1780 5638 l9.

1859 5587 1904 5617 ⁵⁸
1935 5585 2090 5641 Deut.
2128 5602 2262 5650 xxu,
2294 5586 2348 5652 9,
2385 5587 2470 5640 ll.

2102 4708 2262 4760 verba
2299 4705 2456 4760 haec:
2503 4722 2521 4755 ι
2550 4705 2657 4756 Aut
2711 4718 2874 4755 unum
2916 4701 3042 4754 odio
3088 4700 3308 4754 habebit
3355 4707 3408 4750 ct
3453 4697 3684 4749 alteru'n

2103 4798 2310 4868 diliget,
2350 4817 2367 4849 ι
2408 4797 2692 4862 debonis;
2730 4796 2815 4849 illa
2843 4810 2970 4849 vero
3002 4813 3016 4848 :
3065 4813 3082 4845 ι
3120 4796 3222 4846 Aut
3251 4808 3416 4844 mium
3445 4789 3690 4844 sustine-

2106 4890 2200 4951 bit,
2231 4901 2284 4942 et
2321 4888 2551 4943 alterum
2583 4898 2920 4948 contemnet,
2947 4906 2964 4936 ι
2999 4883 3344 4952 deimprobis
3375 4884 3515 4936 dicta
3541 4892 3688 4936 sunt.

2110 5000 2128 5032 ι
2164 4981 2286 5036 Ideo
2333 4981 2452 5035 dico
2486 4980 2674 5045 vobis,
2710 4995 2778 5033 nc
2821 4978 3035 5032 solliciti
3068 4976 3186 5030 sitis
3230 4976 3425 5028 animae
3471 4984 3687 5036 vestr-.r,

2103 5076 2232 5145 quid
2281 5075 2640 5137 manducetis,
2689 5081 2780 5126 aut
2818 5072 2947 5140 quid
2994 5069 3222 5135 bibatis,
3263 5085 3438 5138 neque
3471 5070 3688 5134 corpori

2107 5179 2291 5224 vestro
2323 5168 2452 5240 quid
2484 5168 2808 5222 induamini.
2847 5186 2865 5217 ι
2901 5165 3063 5235 Atqui
3107 5179 3207 5220 nec
3252 5165 3384 5228 edit,
3424 5179 3520 5216 nec
3559 5161 3692 5214 bibit

2106 5267 2307 5329 anima,
2343 5265 2434 5318 sed
2470 5261 2894 5332 eorpus.Verum
2928 5261 3052 5329 quia
3081 5275 3298 5329 corpus,
3324 5258 3466 5327 quod
3505 5256 3687 5314 alitur,

2105 5358 2340 5410 animam
2397 5357 2560 5410 etiam
2613 5355 2907 5420 continet;
2959 5355 3174 5423 corpori
3221 5353 3361 5405 enim
3414 5352 3690 5402 subtracm

2105 5449 2402 5512 alimento,
2453 5457 2507 5502 et
2556 5448 2796 5500 animam
2837 5447 3003 5500 etiam
3046 5444 3283 5515 disjungi
3318 5443 3402 5496 vel
3448 5436 3686 5509 separari

2548 5589 2587 5618 "
2620 5586 2808 5641 Matth.
2846 5602 2965 5646 xm,
2996 5585 3085 5640 25.
3163 5584 3208 5616 ¹⁶¹
3245 5583 3264 5635 1
3301 5583 3423 5638 Cor.
3457 5599 3494 5636 ι.
3523 5585 3576 5637 6.

1655 5718 1977 5779 Fraucisci
2019 5718 2230 5780 Scorsi
2269 5727 2450 5780 notae.

490 5835 602 5905 (91)
631 5834 796 5904 Cujus
826 5836 1061 5903 sanguis.
1083 5837 1313 5906 Sanguis
1339 5851 1556 5892 vocatur
1577 5840 1758 5892 viuum
1782 5856 2005 5909 expres-

418 5924 537 5964 sum
581 5923 642 5961 ex
666 5923 764 5960 uva
796 5922 888 5976 per
925 5917 1136 5976 tropum
1175 5914 1224 5961 in
1281 5909 1433 5963 Cant.
1473 5911 1625 5965 Deut.
1685 5911 1940 5966 usitatum
1984 5932 1994 5965 :

2120 5840 2180 5892 Et
2207 5842 2514 5908 sanguinem
2538 5857 2646 5892 uva:
2672 5840 2862 5894 biberet
2883 5835 3291 5908 meracissimum
3310 5833 3489 5908 (Deut.
3512 5848 3682 5899 χχιιι,

2114 5912 2224 5976 Η).
2269 5905 2558 5976 ΙιῙ·.ίριιιιιιι‹,-
2594 5914 2737 5966 hom.
2772 5911 2825 5972 4,
2858 5926 2975 5972 ψιςυ
3005 5919 3083 5962 est
3115 5907 3147 5957 9.
3175 5909 3237 5958 de
3280 5905 3464 5958 Erum.
