4070 6422
396 373 503 437 819

1600 368 2020 430 THEOPHAN
2032 368 2100 427 lS
2134 367 2472 427 CERAMEI

3554 367 3661 431 820

396 496 621 540 necesse
651 481 770 551 est;
796 482 1006 539 videtur
1047 496 1177 538 vero
1201 481 1368 537 etiam
1403 481 1581 536 anima
1609 484 1783 552 magis
1824 483 1969 537 oble-

2080 479 2319 549 φαμένου
2361 479 2473 548 γάρ
2517 476 2613 530 τοῦ
2656 475 2909 548 σώματος
2949 475 3168 547 ἀνάγκη
3204 474 3297 529 καὶ
3335 475 3435 546 τὴν
3482 475 3661 547 ψυχὴν

396 574 574 640 ctari,
621 588 786 643 quam
836 587 1067 643 corpus,
1114 573 1256 642 quod
1318 573 1556 627 nutritur
1603 585 1660 630 et
1708 575 1976 640 vestitur;

394 672 681 732 prepterea
730 661 862 718 dicit
911 678 926 715 :
984 678 1003 713 ι
1040 660 1251 717 Animae
1303 672 1496 719 vestra:
1550 664 1683 733 quid
1746 664 1973 719 mandu-

395 754 552 810 cetis.
591 773 613 806 ι
1238 752 1249 761 ’

434 832 495 898 ”‹
531 846 800 916 Respicite
834 847 1074 905 volatilia
1117 849 1267 915 caeli,
1313 850 1572 919 quoniam
1618 863 1724 903 non
1766 856 1976 911 serunt,

398 953 574 1008 neque
604 947 844 995 metunt:
878 949 933 995 et
956 939 1117 996 Pater
1142 951 1319 997 vester
1341 941 1580 997 caelestis
1611 940 1788 1011 pascit
1814 940 1924 995 illa.
1954 957 1974 991 ι

396 1033 470 1089 Ut
500 1035 800 1106 corrigeret
827 1034 1048 1090 timidos
1078 1034 1170 1104 qui
1199 1035 1310 1090 Deo
1342 1048 1451 1090 non
1486 1033 1786 1100 conﬁdunt,
1812 1047 1980 1103 seque

393 1124 544 1179 inani
576 1125 762 1182 labore
791 1126 1110 1190 coniiciunt,
1150 1126 1218 1181 ab
1253 1126 1435 1180 avium
1474 1124 1717 1180 minimis
1749 1125 1981 1194 sumpsit

391 1215 723 1285 exemplum,
760 1223 820 1270 ut
871 1215 1016 1285 quod
1065 1226 1260 1271 natura
1328 1230 1575 1286 passeres
1621 1216 1843 1281 habent,
1881 1216 1981 1270 hoc

394 1318 495 1362 nos
525 1308 807 1364 voluntate
853 1310 1169 1364 habeamus.
1204 1307 1342 1362 Nam
1382 1309 1469 1364 cui
1505 1310 1639 1363 viles
1683 1309 1980 1378 passerculi

391 1412 539 1452 cura:
572 1406 719 1463 sunt,
746 1398 790 1452 is
822 1408 1072 1468 quantae,
1100 1398 1188 1454 die
1215 1399 1372 1464 mibi,
1400 1414 1546 1454 curae
1576 1399 1853 1470 propriam
1883 1401 1981 1455 ba-

394 1488 545 1544 bebit
593 1490 929 1563 imaginem?
970 1489 1181 1562 Quique
1220 1490 1291 1546 ob
1330 1506 1452 1545 eam
1501 1500 1674 1545 totum
1717 1491 1981 1546 mundum

390 1579 491 1634 tibi
520 1581 796 1650 produxit,
823 1597 933 1652 quo
964 1591 1119 1653 pacto
1163 1592 1267 1638 tua:
1316 1582 1578 1653 indigebit
1627 1583 1771 1653 opis,
1828 1592 1887 1638 ut
1916 1598 1979 1638 ea

390 1688 515 1742 quae
539 1676 844 1730 necessaria
868 1686 1015 1740 sunt,
1067 1674 1162 1731 tibi
1197 1675 1506 1744 suppeditet
1531 1674 1738 1747 ‘lquam
1763 1680 1979 1732 tandem

390 1764 657 1820 adhibent
683 1764 1019 1836 diligentiam
1068 1768 1380 1822 animantes
1427 1766 1657 1822 rationis
1703 1776 1975 1838 expertes,

390 1865 452 1909 ut
478 1856 601 1911 vita:
644 1855 899 1912 alimenta
946 1857 1181 1927 parent?
1223 1873 1474 1928 quaenam
1519 1866 1650 1914 sunt
1695 1873 1974 1929 passerum

391 1947 561 2000 arva?
609 1961 731 2016 quas
804 1947 1001 2003 horrea
1054 1949 1387 2004 corvorum?
1419 1948 1517 2005 Vis
1570 1951 1759 2006 audire
1811 1953 1979 2008 unde-

390 2053 514 2093 nam
541 2038 703 2110 305
737 2040 916 2096 victus
944 2041 1285 2097 ministretur
1309 2041 1457 2097 illis?
1488 2042 1631 2098 Audi
1663 2043 1928 2111 psalmum
1961 2063 1976 2100 :

396 2149 415 2181 ι
451 2128 557 2197 Qui
605 2132 699 2185 dat
733 2130 999 2200 iumentis
1036 2146 1217 2188 eseam
1251 2134 1518 2203 ipsorum,
1564 2142 1619 2189 et
1644 2135 1809 2205 pultis
1854 2151 1980 2194 cor-

389 2235 581 2276 vorum
614 2220 1001 2279 invocantibus
1026 2237 1152 2279 eum
1181 2225 1248 2280 “.
1288 2243 1307 2277 ι
1345 2225 1586 2282 Dicimus
1617 2238 1799 2284 autem
1823 2230 1978 2285 volu-

391 2326 517 2369 cres
567 2312 678 2369 Deo
709 2328 854 2370 cura:
882 2330 1028 2382 esse,
1060 2317 1265 2388 quippe
1296 2333 1419 2374 cum
1454 2320 1544 2375 det
1574 2319 1680 2376 illis
1710 2323 1977 2393 cognitio-

389 2420 556 2474 nem,
621 2407 765 2464 unde
819 2408 922 2465 sibi
972 2409 1155 2466 cibum
1212 2421 1478 2481 quaerant.
1532 2410 1760 2469 Videtur
1813 2416 1975 2471 etiam

386 2497 653 2555 Dominus
703 2515 801 2571 per
858 2501 975 2557 base
1032 2502 1192 2560 nobis
1237 2507 1291 2559 in
1344 2506 1663 2561 memoriam
1721 2522 1978 2565 revocare

389 2589 661 2646 rationem
694 2592 819 2649 vitae
860 2608 1022 2663 quam
1068 2595 1285 2662 generis
1316 2600 1489 2653 nostri
1534 2599 1810 2671 principes
1847 2602 1975 2657 olim

389 2681 447 2736 in
480 2683 730 2752 paradiso
756 2687 1011 2754 agebant,
1060 2688 1209 2743 omni
1265 2703 1399 2744 cura
1442 2691 1669 2747 liberam
1719 2702 1774 2747 et
1798 2693 1977 2749 omnis

389 2773 680 2829 varietatis
709 2785 1008 2845 expertem.
1041 2778 1366 2837 Venustiore
1394 2798 1523 2838 vero
1547 2798 1708 2840 sensu
1732 2784 1975 2841 volatilia

388 2862 513 2919 εωΙὶ
562 2864 790 2936 intelligi
845 2880 1073 2939 possunt
1101 2871 1133 2925 ii
1167 2871 1258 2942 qui
1306 2888 1400 2943 per
1427 2875 1552 2931 vita:
1580 2875 1973 2946 integritatem,

388 2964 626 3010 mentem
666 2956 863 3014 habent
908 2960 962 3015 in
1006 2960 1146 3017 cutio
1173 2962 1427 3029 deﬁxam,
1460 2974 1517 3020 et
1547 2966 1762 3022 virtutis
1793 2967 1975 3024 suble-

386 3053 587 3100 vantur
615 3046 753 3117 alis;
804 3050 898 3119 qui
947 3065 1123 3119 neque
1172 3054 1447 3109 seminant
1481 3055 1534 3111 in
1581 3071 1769 3122 carne,
1803 3073 1976 3127 neque

2080 570 2504 640 διαζεύγνυσθαι
2536 588 2550 603 ο
2605 570 2754 624 δοκεῖ
2800 569 2859 623 δὲ
2911 568 3007 623 καὶ
3045 568 3371 645 συνήδεσθαι
3422 571 3455 640 ή
3511 568 3660 639 ψυχὴ

2086 664 2290 734 μᾶλλον
2321 665 2681 736 τρεφομένου,
2718 662 2751 734 ἢ
2778 661 3103 733 ἐνδυομένου
3129 675 3141 688 ·
3175 662 3262 715 διὰ
3292 659 3452 715 τοῦτό
3481 679 3613 734 φησι
3645 678 3661 693 ·

2090 772 2109 805 ‹
2145 754 2223 823 Τῇ
2252 754 2397 825 ψυχῇ
2436 754 2589 824 ὑμῶν
2622 753 2675 807 τί
2704 752 2937 823 φάγητε.
2975 771 2994 804 ι

2167 870 2186 901 ι
2240 846 2581 917 Ἐμδλέψατε
2617 844 2788 909 εἰςτά
2819 844 3044 899 πετεινά
3074 843 3168 897 τοῦ
3194 843 3451 916 ούρανοῦ,
3482 845 3564 897 δτι
3602 844 3663 898 ού
3738 854 3743 865 ‘

2085 940 2428 1010 σπείρουσιν,
2469 937 2593 991 οὐδὲ
2628 936 2957 1008 θερίζουσιν,
2997 937 3091 990 καὶ
3134 936 3164 989 ό
3203 935 3395 1006 Πατὴρ
3427 935 3584 1005 ύμῶν
3636 936 3666 988 ό

2082 1036 2334 1105 οὐράνιος
2357 1031 2552 1105 τρέφει
2578 1030 2742 1087 αὐτά.
2780 1048 2798 1082 ι
2839 1029 3125 1083 Παιδεύων
3149 1028 3278 1090 τοὺς
3307 1027 3668 1105 ὀλιγοψύχους

2083 1124 2478 1188 ἀπιστοῦντας,
2535 1123 2631 1178 καί.
2668 1121 2895 1193 μόχθοις
2945 1121 3177 1184 εἰκαίοις
3218 1121 3447 1184 ἑαυτοὺς
3491 1104 3667 1175 κατα-

2084 1199 2407 1288 τρύχοντας,
2443 1216 2513 1271 τὰ
2558 1215 2822 1268 ἐλάττονα
2859 1213 2970 1267 τῶν
3001 1213 3268 1267 πετεινῶν
3306 1211 3530 1283 εἴληφεν
3586 1216 3670 1276 εἰς

2085 1308 2462 1380 παράδειγμα,
2496 1305 2565 1359 ἵν’
2594 1306 2733 1376 ὅπερ
2776 1304 2892 1375 ἔχει
2924 1303 2993 1358 τά
3034 1303 3293 1374 στρουθία
3327 1305 3392 1357 ἐκ
3427 1303 3669 1373 φύσεως⁸

2083 1399 2259 1452 ταῦτα
2287 1398 2453 1469 ἡμεῖς
2483 1396 2704 1468 σχῶμεν
2739 1397 2805 1449 ἐκ
2839 1397 3239 1467 προαιρέσεως.
3280 1395 3340 1448 Ὃ
3374 1395 3482 1466 γὰρ
3516 1396 3670 1448 εὐτε-

2083 1489 2193 1543 λῶν
2248 1487 2547 1560 στρουθίων
2594 1488 2917 1560 κηδόμενος,
2977 1487 3155 1559 πόσην
3208 1486 3277 1541 ἂν
3333 1486 3511 1550 εἴποις
3565 1486 3671 1557 τῆς

2087 1580 2223 1645 ἰδίας
2273 1580 2484 1645 εἰκόνος
2519 1580 2780 1651 φροντίδα
2815 1580 3138 1651 ποιήσηται,
3174 1580 3316 1651 ὑπὲρ
3347 1575 3417 1650 ἧς
3462 1578 3673 1649 κόσμον

2082 1673 2203 1726 ὅλον
2238 1690 2323 1726 σοι
2355 1670 2683 1744 παρασχὼν,
2712 1670 2830 1734 πῶς
2872 1669 3026 1724 ἔσται
3057 1670 3159 1740 σῆς
3208 1669 3493 1742 ἐνεργείας
3542 1670 3674 1724 ἑπι-

2081 1765 2229 1837 δεὴς,
2281 1763 2425 1817 ὥστε
2477 1763 2548 1818 τὰ
2583 1763 2686 1833 τῆς
2733 1762 2924 1834 χρείας
2968 1779 3052 1816 σοι
3099 1763 3451 1833 παρασχεῖν;
3507 1760 3675 1814 ποίαν

2078 1857 2354 1928 εἰσφέρειν
2389 1854 2593 1926 σπουδὴ
2620 1857 2654 1927 ή
2694 1854 2804 1907 τῶν
2836 1854 3049 1923 ἀλόγων
3093 1854 3258 1923 φύσις
3333 1851 3670 1924 ποριζομένη

2076 1952 2147 2004 τὰ
2182 1950 2281 2021 τῆς
2313 1949 2457 2020 ζωῆς
2486 1948 2687 2015 ςΠοῖαι
2716 1947 2829 2000 τῶν
2881 1937 3185 2018 στρουθίων
3209 1946 3442 2017 ἄρουραι
3468 1961 3483 2011 ;
3513 1944 3672 1997 Ποῖαι

2077 2042 2189 2095 τῶν
2215 2042 2468 2111 κοράκων
2504 2040 2782 2111 ἀποθῆκαι
2804 2056 2818 2107 ;
2845 2037 3039 2093 Βούλει
3064 2037 3255 2110 μαθεῖν
3281 2035 3453 2110 [ὅθεν]
3482 2036 3673 2099 αὐτοῖς

2079 2134 2113 2205 ή
2141 2133 2236 2188 τοῦ
2271 2133 2371 2205 ζῇν
2404 2133 2672 2204 χορηγία;
2710 2133 2979 2186 Ἀκουσον
3004 2130 3101 2185 τοῦ
3120 2128 3339 2201 ψαλμοῦ
3364 2145 3381 2161 ο
3409 2147 3428 2181 ι
3463 2128 3673 2181 Διδόντι

2078 2227 2192 2289 τοῖς
2225 2226 2446 2297 κτήνεσι
2475 2225 2706 2298 τροφὴν,
2738 2226 2835 2279 καὶ
2870 2226 2984 2289 τοῖς
3012 2224 3259 2286 νεοσσοῖς
3284 2220 3396 2275 τῶν
3418 2220 3673 2293 κοράκων

2079 2319 2193 2382 τοῖς
2240 2316 2698 2388 ἐπικαλουμένοις
2747 2315 2934 2371 αὑτόνι
2973 2335 2994 2369 ι
3031 2313 3221 2385 Φαμὲν
3270 2312 3329 2368 δὲ
3386 2313 3479 2366 τὸν
3534 2310 3672 2365 Θεὸν

2079 2408 2340 2481 κήδεσθαι
2362 2408 2473 2462 τῶν
2507 2407 2751 2478 πτηνῶν,
2780 2406 2857 2472 ὡς
2885 2406 3243 2479 παρασχόντα
3282 2403 3496 2468 τούτοις
3525 2403 3673 2472 γνῶ-

2082 2519 2192 2569 σιν,
2223 2501 2349 2556 ὅθεν
2407 2499 2775 2573 μαστεύσαιεν
2823 2500 2925 2571 τήν
2970 2499 3203 2571 τροφήν.
3244 2498 3434 2551 Ἐοικε
3488 2496 3547 2550 δὲ
3578 2494 3671 2550 διὰ

2079 2592 2286 2647 τούτων
2316 2593 2766 2666 ἀναμιμνήσκειν
2797 2592 2947 2662 ήμᾶς
2976 2590 3076 2662 τῆς
3102 2590 3163 2642 ὲν
3184 2588 3508 2661 παραδείσῳ
3545 2587 3668 2641 δια-

2021 2696 2038 2713 '
2077 2684 2288 2754 γωγῆς,
2341 2684 2403 2737 ἐν
2535 2682 2635 2754 τὴν
2681 2681 2982 2751 ἀκήδεστον
3038 2679 3188 2752 ζωὴν
3241 2680 3336 2734 καὶ
3380 2678 3669 2734 ἀποίκιλον

2078 2768 2228 2844 εἶχον
2292 2775 2343 2828 οἱ
2398 2773 2638 2844 ἀρχηγοὶ
2673 2773 2772 2827 τοῦ
2821 2772 3018 2842 γένους
3073 2770 3253 2843 ἡμῶν.
3310 2769 3671 2841 Κομψότερον

2076 2862 2122 2917 δ’
2144 2865 2410 2917 ὲννοοῖντο
2436 2862 2503 2917 ἂν
2533 2864 2601 2918 τὰ
2629 2863 2854 2919 πετεινά
2876 2864 2970 2917 τοῦ
2999 2862 3236 2934 οὐρανοῦ
3267 2863 3317 2915 οἰ
3370 2862 3459 2916 διὰ
3491 2861 3668 2920 καθα-

2080 2955 2284 3026 ρότητα
2334 2953 2450 3026 βίου
2498 2956 2579 3018 εἰς
2617 2955 2849 3027 οὐρανὸν
2884 2955 2945 3008 τὸ
2980 2955 3240 3026 φρόνημα
3285 2954 3529 3025 ἔχοντες,
3567 2954 3667 3007 καὶ

2075 3047 2190 3110 τοῖς
2245 3044 2346 3115 τῆς
2404 3045 2607 3117 ἀρετῆς
2657 3048 2882 3117 πτεροῖς
2936 3043 3333 3115 κουφιζόμενοι
3362 3061 3378 3077 ο
3424 3043 3476 3097 οἳ
3536 3042 3664 3096 οὒτε

390 3143 603 3191 metunt
657 3141 1088 3208 corruptionem.
1150 3160 1170 3195 ι
1226 3143 1357 3216 Qui}
1403 3148 1548 3202 enim
1609 3148 1842 3204 seminat
1917 3150 1969 3204 in

2079 3134 2400 3207 σπείρουσιν
2431 3136 2512 3200 εἰς
2537 3137 2637 3207 τὴν
2694 3136 2900 3205 σάρκα,
2950 3134 3076 3189 οὔτε
3126 3134 3404 3206 θερίζουσι
3429 3133 3663 3204 φθοράν·

386 3242 572 3293 carne,
607 3229 786 3301 inquit
814 3233 1128 3303 Apostolus,
1170 3239 1238 3291 de
1270 3252 1438 3293 carne
1476 3248 1644 3295 metet
1671 3241 1974 3310 corruptio-

388 3334 512 3374 nem
541 3321 623 3377 “.
659 3340 679 3375 ι
717 3351 789 3364 --
824 3343 844 3378 ι
876 3324 1065 3398 Neque
1094 3338 1430 3398 congregant
1464 3329 1519 3384 in
1575 3329 1794 3398 horrea,
1831 3352 1850 3384 ι
1881 3332 1969 3389 ubi

386 3427 571 3483 arrogo
613 3423 670 3471 et
721 3417 865 3472 tinea
899 3431 1250 3489 generantur.
1299 3431 1355 3477 et
1404 3423 1492 3478 ubi
1527 3421 1678 3480 fures
1707 3433 1761 3479 et
1820 3441 1972 3495 gras-

385 3515 599 3562 satores
626 3506 907 3579 eﬂ‘odiunt,
938 3527 1077 3582 quos
1109 3511 1268 3569 Pater
1293 3513 1537 3570 caelestis
1580 3526 1719 3583 pane
1761 3518 1969 3573 caelesti

386 3600 579 3665 nutrit,
613 3599 716 3656 hoc
748 3611 832 3659 est
870 3606 1037 3660 verbo
1067 3606 1181 3661 oris
1218 3606 1325 3662 sui.

460 3805 479 3837 ι
515 3785 645 3854 Quis
665 3789 809 3843 enim
840 3800 1077 3848 vestrum
1106 3802 1282 3863 potest
1325 3796 1565 3865 adjicere
1595 3798 1663 3852 ad
1698 3806 1966 3856 staturam

378 3893 535 3933 suam
592 3880 835 3935 cubitum
872 3884 1085 3938 unum?
1117 3903 1136 3936 ι
1177 3884 1475 3942 Considera
1509 3889 1833 3958 evangeliea:
1875 3905 1967 3947 sa-

379 3971 596 4038 pientia:
672 3975 1127 4044 amplitudinem,
1191 3990 1393 4047 quanta
1472 3980 1620 4035 brevi
1695 3983 1967 4038 sententia

375 4065 877 4133 comprehenderit.
930 4067 1025 4124 llis
1058 4070 1204 4124 enim
1253 4072 1435 4126 verbis
1478 4081 1695 4129 coercet
1739 4090 1832 4129 eos
1875 4075 1964 4144 qui

377 4167 475 4220 per
502 4155 828 4224 cupiditates
871 4172 932 4212 se
970 4161 1037 4213 ad
1076 4159 1255 4214 inania
1297 4161 1623 4230 eﬂ‘undunt;
1669 4173 1724 4218 et
1767 4165 1964 4219 intem-

374 4247 644 4314 pestivam
680 4248 1399 4321 sollicitudinem’pt-oltibet
1431 4271 1445 4308 :
1476 4263 1531 4309 et
1579 4254 1832 4311 fortassis
1861 4258 1965 4312 ltoc

372 4337 490 4392 vult
537 4339 847 4409 signiﬁcare
893 4342 1062 4397 Mosis
1113 4342 1440 4413 legislatoris
1481 4349 1711 4415 aenigma
1746 4363 1762 4402 :
1806 4365 1825 4400 ι
1860 4348 1962 4414 Qui

375 4431 616 4488 ambulat
641 4448 803 4503 super
835 4450 1046 4500 manus,
1087 4435 1399 4493 immundus
1427 4449 1531 4504 est,
1562 4450 1616 4492 et
1645 4439 1738 4508 qui
1763 4439 1961 4494 multos

2082 3244 2102 3279 ι
2150 3226 2208 3282 Ὀ
2250 3226 2361 3298 γὰρ
2410 3227 2672 3299 σπείρων»
2707 3228 2895 3299 φησὶνι
2931 3229 3013 3291 είς
3041 3227 3145 3299 τὴν
3202 3228 3383 3299 σάρκα
3448 3228 3513 3281 ἐκ
3559 3227 3666 3297 τῆς

2075 3320 2279 3393 σαρκὸς
2324 3321 2533 3392 θερίσει
2574 3321 2783 3393 φθοράν
2813 3336 2828 3353 ⁸
2876 3339 3001 3374 »-ι
3032 3321 3159 3375 οὕτε
3227 3320 3552 3390 συνάγουσιν
3582 3322 3664 3385 εἰς

2072 3414 2384 3485 ἀποθήκας,
2415 3432 2434 3466 ι
2490 3414 2623 3468 ὅπου
2671 3415 2774 3484 σὴς
2820 3415 2918 3468 καὶ
2959 3414 3167 3485 βρῶσις
3207 3413 3531 3479 ἑντίκτεται,
3565 3414 3664 3468 καὶ

2071 3507 2206 3561 ὅπου
2244 3507 2480 3563 κλέπται
2504 3510 2599 3562 καὶ
2622 3507 2823 3581 λῃσταί
2849 3508 3254 3579 διορύσσουσιν,
3286 3507 3381 3572 οὒς
3411 3510 3439 3562 ὀ
3470 3507 3664 3577 Πατὴρ

2069 3600 2098 3653 ὁ
2123 3599 2376 3671 οὐράνιος
2405 3599 2485 3671 τῷ
2526 3600 2766 3672 οὐρανίῳ
2793 3600 3075 3672 διατρέφει
3133 3600 3311 3672 ἄρτῳ,
3342 3598 3422 3666 τῷ
3451 3599 3663 3670 ῥήματι

2069 3693 2315 3765 δηλονότι
2347 3694 2442 3748 τοῦ
2474 3695 2746 3763 στόματος
2780 3695 2994 3750 αὐτοῦ.’

2146 3806 2166 3840 ι
2203 3788 2301 3852 Τίς
2342 3789 2455 3859 γάρ
2503 3789 2562 3856 ἐξ
2612 3789 2770 3859 ὑμῶν
2825 3788 3052 3844 δύναται
3083 3787 3401 3859 προσθεῖναι
3434 3786 3533 3839 ἐπὶ
3558 3787 3662 3856 τὴν

2070 3878 2293 3949 ἡλικίαν
2319 3880 2489 3934 αὑτοῦ
2526 3880 2708 3951 πῆχυν
2737 3880 2836 3934 ’ἐνα
2867 3897 2881 3948 ;
2919 3899 2937 3932 ι
2976 3880 3178 3933 Σκόπει
3221 3879 3323 3950 τῆς
3365 3877 3662 3947 εὐαγγελι-

2068 3973 2172 4042 κῆς
2202 3972 2398 4042 σοφίας
2428 3973 2489 4025 τὸ
2518 3970 2743 4037 πλάτος,
2769 3972 2873 4026 ὅσα
2901 3973 2935 4043 ἡ
2971 3973 3202 4044 βραχεῖα
3228 3969 3383 4042 φωνὴ
3407 3969 3666 4039 περιέλα-

2068 4063 2183 4120 ϐεν.
2230 4064 2289 4118 Ἀ
2302 4064 2521 4135 πείργει
2550 4065 2661 4136 γὰρ
2687 4063 2776 4118 διά
2803 4063 3011 4117 τούτων
3042 4066 3168 4127 τοὺς
3195 4066 3313 4126 ταῖς
3338 4061 3664 4130 ἐπιθυμίαις

2066 4157 2455 4228 διαχεομένους
2486 4158 2579 4210 ἐπὶ
2612 4157 2684 4210 τά
2719 4157 2950 4227 μάταια,
2981 4156 3082 4211 καὶ
3114 4155 3319 4209 κωλύει
3362 4155 3462 4226 τὴν
3490 4153 3660 4207 ἄκαι-

2069 4263 2163 4317 ρον
2196 4245 2498 4317 μέριμναν,
2538 4246 2635 4300 καὶ
2666 4247 2808 4317 τάχα
2840 4245 3001 4299 τοῦτο
3031 4244 3283 4316 βούλεται
3326 4243 3524 4315 δηλοῦν
3557 4243 3659 4297 τοῦ

2066 4337 2358 4406 νομοθέτου
2384 4337 2655 4402 ’Μωσέως
2711 4337 2774 4391 τὸ
2821 4336 3055 4406 αἴνιγμα
3085 4353 3097 4366 ·
3140 4356 3158 4389 ι
3201 4338 3301 4400 Ὃς
3357 4334 3661 4406 πορεύεται

2066 4430 2158 4481 ἐπὶ
2188 4430 2390 4501 χειρῶν
2411 4468 2426 4494 ,
2470 4428 2781 4499 ἀκάθαρτος
2803 4468 2818 4493 ,
2852 4430 2949 4483 καί.
2990 4429 3049 4493 ὃς
3080 4428 3417 4500 πολυπληθεῖ
3453 4427 3614 4481 ποσίν
3636 4467 3656 4495 ,

370 4520 539 4575 habet
588 4523 752 4593 pedes
799 4524 1111 4580 immundus
1139 4526 1205 4580 ⁸⁸.
1240 4545 1258 4578 ι
1318 4527 1422 4582 Per
1455 4529 1688 4597 primum
1734 4530 1949 4600 quidem

2074 4520 2419 4593 ἱκάθαρτος.»
2456 4522 2555 4575 Διά
2589 4523 2688 4591 μὲν
2704 4520 2798 4574 τοῦ
2830 4521 3050 4591 πρώτου
3076 4518 3298 4593 ᾐνίξατο
3325 4520 3418 4574 τὸν
3449 4521 3509 4573 ὲν
3531 4521 3659 4583 ταῖς

369 4612 604 4668 obscure
662 4614 985 4669 innuiteum
1013 4619 1104 4687 qui
1152 4618 1204 4672 in
1243 4617 1477 4688 prepriis
1522 4621 1772 4676 manibus
1803 4637 1952 4692 spem

370 4705 497 4759 vitae
524 4707 843 4762 collocatam
873 4709 1073 4776 habet;
1111 4712 1309 4767 multos
1344 4727 1472 4768 vero
1505 4714 1665 4782 pedes
1695 4729 1817 4769 eum
1861 4715 1955 4769 ba-

370 4796 502 4850 bere
531 4798 686 4863 dixit,
714 4800 806 4869 qui
846 4816 932 4857 res
987 4804 1334 4872 persequitur
1378 4795 1650 4873 corporis,
1683 4816 1738 4858 et
1770 4806 1823 4860 in
1854 4822 1951 4861 su-

368 4892 726 4957 pervacaneis
753 4894 912 4948 rebus
946 4910 1068 4951 sese
1121 4904 1383 4952 macerat.
1434 4895 1739 4966 Utrumque
1788 4898 1955 4969 igitur

370 4980 661 5049 appellavit
715 4985 1074 5050 intntuttdutn,
1135 4999 1192 5044 et
1250 4991 1466 5045 merito.
1528 4991 1738 5047 Natura
1805 4995 1950 5049 enim

369 5077 566 5142 quaarit
620 5092 816 5148 panem
852 5091 906 5135 et
950 5083 1358 5149 vestimentum,
1394 5098 1517 5152 quae
1566 5086 1850 5156 suppleant
1900 5088 1952 5141 id

368 5167 514 5231 quod
567 5169 780 5237 corpori
838 5171 1037 5236 deest,
1095 5173 1241 5241 quod
1296 5183 1349 5228 et
1406 5172 1578 5230 Jacub
1625 5177 1950 5244 precabatur

369 5258 559 5314 dicens
591 5276 605 5317 :
647 5279 667 5313 ι
699 5259 755 5317 Si
797 5264 1100 5332 respexerit
1135 5265 1277 5320 Deus
1313 5268 1487 5337 patris
1519 5269 1646 5334 mei,
1693 5279 1748 5322 et
1783 5270 1947 5324 dede-

370 5349 443 5404 rit
469 5350 599 5406 tnihi
632 5367 828 5422 panem
860 5365 915 5409 et
944 5356 1325 5411 vestimentum
1359 5358 1424 5413 ⁸⁸⁵.
1462 5377 1481 5411 ι
1549 5359 1625 5414 Ita
1660 5360 1823 5416 etiam
1856 5363 1951 5415 ad-

372 5453 555 5497 mouet
584 5459 684 5499 nos
706 5446 757 5499 itt
791 5446 1039 5502 oratione
1073 5449 1344 5515 Salvator,
1381 5465 1448 5505 tte
1475 5452 1593 5518 plus
1620 5453 1687 5506 de
1720 5453 1954 5507 terrenis

369 5538 532 5591 rebus
582 5546 851 5606 petamus,
887 5555 1049 5608 quam
1091 5552 1147 5595 ut
1187 5558 1379 5611 panem
1425 5545 1801 5609 quotidianum
1835 5544 1948 5616 (95)

2067 4614 2227 4678 ἰδίαις
2250 4614 2439 4686 χερσὶν
2464 4613 2660 4685 ἔχοντα
2681 4614 2782 4684 τὴν
2805 4611 2998 4666 ἐλπίδα
3017 4611 3113 4665 τοῦ
3134 4611 3256 4683 ζῇν
3281 4611 3657 4682 πολυπληθεῖν

2061 4707 2118 4760 δὲ
2139 4702 2258 4759 εἷπε
2279 4708 2405 4760 ποσὶ
2433 4706 2524 4759 τὸν
2551 4706 2711 4775 πέριξ
2729 4705 2838 4760 τῶν
2857 4705 3188 4775 σωματικῶν
3204 4705 3653 4776 περιερχόμενον,
3722 4731 3728 4735 -

2063 4801 2158 4853 καί.
2176 4798 2585 4871 κατατρύχοντα
2623 4798 2815 4853 ἑαυτὸν
2856 4799 2916 4851 ἐν
2934 4800 3047 4861 τοῖς
3068 4800 3364 4870 περιττοῖς.
3382 4798 3654 4868 Ἀμφοτέο

2063 4909 2192 4963 ρους
2209 4888 2302 4946 οὖν
2321 4892 2668 4960 ἀκαθάρτους
2685 4876 2935 4958 ἐκάλεσε,
2956 4892 3051 4945 καὶ
3074 4890 3299 4955 εἰκότως
3315 4893 3381 4962 ’ή
3404 4891 3514 4962 γὰρ
3542 4892 3650 4958 φύ-

2057 5003 2140 5051 σις
2153 4987 2315 5056 άρτον
2332 4986 2485 5058 ζητεῖ
2500 4987 2593 5040 καὶ
2614 4986 2828 5056 ἱμάτιον
2844 4985 3057 5055 ἀναπλη
3067 4984 3264 5055 ροῦντα
3278 4983 3339 5036 τὸ
3358 4982 3535 5037 ἐνδέον
3550 4981 3648 5035 τοῦ

2054 5078 2377 5149 σώματος,δ
2397 5080 2493 5133 καὶ
2540 5076 2734 5132 Ἰακὼϐ
2759 5077 3032 5148 ἐπηύχετο
3053 5077 3262 5143 λέγων·
3304 5093 3323 5127 ι
3366 5075 3491 5129 Ἐὰν
3522 5075 3649 5127 ὲπι-

2052 5168 2225 5241 ϐλέψῃ
2244 5171 2272 5223 ό
2292 5170 2424 5232 Θεὸς
2450 5167 2542 5222 τοῦ
2568 5167 2775 5237 πατρός
2801 5185 2927 5237 μου,
2952 5169 3046 5220 καὶ
3065 5166 3177 5238 δῴη
3207 5183 3297 5237 μοι
3314 5165 3498 5236 ἄρτον,
3548 5165 3649 5218 καὶ

2061 5262 2302 5333 ἱμάτιον.
2347 5261 2506 5315 Οὕτω
2543 5262 2640 5315 καὶ
2673 5263 2733 5316 ἐν
2761 5263 2828 5330 τῇ
2862 5262 3142 5330 προσευχῇ
3179 5259 3437 5329 παραινεῖ
3463 5258 3491 5310 ὁ
3530 5258 3652 5311 Σω-

2062 5356 2168 5428 τὴρ
2244 5356 2321 5425 μὴ
2380 5356 2543 5408 πλέον
2592 5354 2852 5423 εὔχεσθαι
2900 5353 3010 5407 τῶν
3053 5353 3149 5407 τοῦ
3184 5354 3415 5423 κόσμου,
3455 5352 3489 5422 ἢ
3549 5350 3649 5405 τὸν

2058 5448 2338 5501 ἐπιούσιον
2378 5448 2545 5518 ἄρτον
2568 5445 2759 5500 λαδεῖν
2791 5460 2805 5475 ’
2837 5445 2899 5499 οὐ
2927 5446 3169 5517 τρυφὴν,
3202 5445 3297 5498 καὶ
3330 5444 3429 5514 τὴν
3459 5445 3645 5495 ποικί-

2057 5547 2155 5616 λην
2179 5545 2288 5599 τῶν
2328 5546 2611 5617 μαγείρων
2636 5543 2846 5614 χλιδὴν,
2875 5543 2985 5597 οὐδ’
3012 5542 3260 5606 εὐανθεῖς
3291 5541 3640 5613 ἁλουργίδας.

438 5653 486 5685 ⁸³
516 5654 658 5709 Psal.
695 5669 876 5723 cum,
908 5660 963 5715 9.
1043 5658 1092 5693 ³⁸
1140 5659 1315 5714 Galat.
1359 5676 1432 5725 τι,
1465 5658 1518 5714 8.
1594 5661 1639 5693 ’⁸⁵
1671 5661 1843 5716 Levit.
1880 5678 1958 5729 xt,

2074 5706 2084 5731 ,
2114 5667 2203 5721 42.
2279 5666 2326 5698 ’⁸⁸
2358 5664 2495 5720 Gen.
2526 5680 2714 5729 xxvut,
2754 5662 2842 5718 ΞΟ.

1619 5758 1941 5823 Francisei
1976 5760 2186 5823 Scorsi
2224 5767 2411 5823 nota}.

443 5850 552 5917 (95)
592 5851 781 5909 l’uncm
803 5858 1193 5927 quotidianum.
1232 5859 1429 5919 V'ucetu
1489 5849 1969 5934 ἐπιούσιονξιιιιιιιιι

2076 5867 2291 5934 cbabet
2332 5877 2511 5925 uoster
2551 5866 2623 5924 ita
2656 5867 2812 5926 vertit
2854 5875 3042 5923 auctor
3076 5865 3250 5924 Gloss.
3303 5867 3490 5925 Escur.
3544 5864 3637 5921 τὸν
