  <div class='ocr_page' id='page_1' title='image "/cluster/home/n/w/nwhite01/storage/ocr_20150623/132/coo.31924054870377/419.png"; bbox 0 0 4070 6458; ppageno 0'>
   <div class='ocr_carea' id='block_1_1' title="bbox 349 339 453 400">
    <p class='ocr_par' dir='ltr' id='par_1_1' title="bbox 349 339 453 400">
     <span class='ocr_line' id='line_1_1' title="bbox 349 339 453 400; baseline 0.038 -3"><span class='ocrx_word' id='word_1_1' title='bbox 349 339 453 400; x_wconf 69' lang='lat'><strong>823</strong></span> 
     </span>
    </p>
   </div>
   <div class='ocr_carea' id='block_1_2' title="bbox 1523 348 2400 414">
    <p class='ocr_par' dir='ltr' id='par_1_2' title="bbox 1523 348 2400 414">
     <span class='ocr_line' id='line_1_2' title="bbox 1523 348 2400 414; baseline 0.007 -8"><span class='ocrx_word' id='word_1_2' title='bbox 1523 349 1934 408; x_wconf 69' lang='lat' dir='ltr'><strong>THEOPUAN</strong></span> <span class='ocrx_word' id='word_1_3' title='bbox 1949 349 2015 406; x_wconf 81' lang='lat' dir='ltr'><strong>lS</strong></span> <span class='ocrx_word' id='word_1_4' title='bbox 2057 348 2251 410; x_wconf 71' lang='lat' dir='ltr'><strong>CERA</strong></span> <span class='ocrx_word' id='word_1_5' title='bbox 2262 355 2400 414; x_wconf 81' lang='lat' dir='ltr'><strong>MEI</strong></span> 
     </span>
    </p>
   </div>
   <div class='ocr_carea' id='block_1_3' title="bbox 3507 346 3619 410">
    <p class='ocr_par' dir='ltr' id='par_1_3' title="bbox 3507 346 3619 410">
     <span class='ocr_line' id='line_1_3' title="bbox 3507 346 3619 410; baseline -0.027 -1"><span class='ocrx_word' id='word_1_6' title='bbox 3507 346 3619 410; x_wconf 58' lang='lat'><strong>82$</strong></span> 
     </span>
    </p>
   </div>
   <div class='ocr_carea' id='block_1_4' title="bbox 348 454 1949 540">
    <p class='ocr_par' dir='ltr' id='par_1_4' title="bbox 348 454 1940 534">
     <span class='ocr_line' id='line_1_4' title="bbox 348 454 1940 534; baseline 0.008 -32"><span class='ocrx_word' id='word_1_7' title='bbox 348 454 626 524; x_wconf 75' lang='lat' dir='ltr'><strong>quisieris,</strong></span> <span class='ocrx_word' id='word_1_8' title='bbox 667 466 846 511; x_wconf 83' lang='lat' dir='ltr'><strong>tamen</strong></span> <span class='ocrx_word' id='word_1_9' title='bbox 889 472 958 513; x_wconf 90' lang='lat' dir='ltr'><strong>ne</strong></span> <span class='ocrx_word' id='word_1_10' title='bbox 999 459 1204 528; x_wconf 82' lang='lat' dir='ltr'><strong>vulgari</strong></span> <span class='ocrx_word' id='word_1_11' title='bbox 1235 460 1454 530; x_wconf 79' lang='lat' dir='ltr'><strong>quidem</strong></span> <span class='ocrx_word' id='word_1_12' title='bbox 1483 464 1596 534; x_wconf 83' lang='lat' dir='ltr'><strong>agri</strong></span> <span class='ocrx_word' id='word_1_13' title='bbox 1638 462 1752 517; x_wconf 88' lang='lat' dir='ltr'><strong>lilio</strong></span> <span class='ocrx_word' id='word_1_14' title='bbox 1786 462 1940 517; x_wconf 83' lang='lat' dir='ltr'><strong>simi-</strong></span> 
     </span>
    </p>
   </div>
   <div class='ocr_carea' id='block_1_5' title="bbox 2051 454 3626 540">
    <p class='ocr_par' dir='ltr' id='par_1_5' title="bbox 2051 462 3626 540">
     <span class='ocr_line' id='line_1_5' title="bbox 2051 462 3626 540; baseline 0.01 -25"><span class='ocrx_word' id='word_1_15' title='bbox 2051 462 2218 534; x_wconf 76' lang='grc' dir='ltr'>ἀγροῦ</span> <span class='ocrx_word' id='word_1_16' title='bbox 2263 467 2610 538; x_wconf 64' lang='grc' dir='ltr'>ἀφομοιῶσαι</span> <span class='ocrx_word' id='word_1_17' title='bbox 2666 468 2872 540; x_wconf 80' lang='grc' dir='ltr'><strong>δυνήσῃ</strong></span> <span class='ocrx_word' id='word_1_18' title='bbox 2933 467 3288 536; x_wconf 77' lang='grc' dir='ltr'>τδ.ἔνδυμα⁶</span> <span class='ocrx_word' id='word_1_19' title='bbox 3341 462 3461 518; x_wconf 75' lang='grc' dir='ltr'>οὐδὲ</span> <span class='ocrx_word' id='word_1_20' title='bbox 3517 464 3626 532; x_wconf 59' lang='grc' dir='ltr'><strong>γὰρ</strong></span> 
     </span>
    </p>
   </div>
   <div class='ocr_carea' id='block_1_6' title="bbox 352 549 1940 625">
    <p class='ocr_par' dir='ltr' id='par_1_6' title="bbox 352 549 1940 625">
     <span class='ocr_line' id='line_1_6' title="bbox 352 549 1940 625; baseline 0.007 -27"><span class='ocrx_word' id='word_1_21' title='bbox 352 549 456 603; x_wconf 86' lang='lat' dir='ltr'><strong>lem</strong></span> <span class='ocrx_word' id='word_1_22' title='bbox 515 550 721 617; x_wconf 85' lang='lat' dir='ltr'><strong>poteris</strong></span> <span class='ocrx_word' id='word_1_23' title='bbox 773 553 963 618; x_wconf 67' lang='lat' dir='ltr'><strong>pati-are</strong></span> <span class='ocrx_word' id='word_1_24' title='bbox 1021 553 1311 618; x_wconf 85' lang='lat' dir='ltr'><strong>vestitum;</strong></span> <span class='ocrx_word' id='word_1_25' title='bbox 1365 568 1466 608; x_wconf 90' lang='lat' dir='ltr'><strong>nec</strong></span> <span class='ocrx_word' id='word_1_26' title='bbox 1516 556 1660 610; x_wconf 88' lang='lat' dir='ltr'><strong>enim</strong></span> <span class='ocrx_word' id='word_1_27' title='bbox 1713 571 1940 625; x_wconf 84' lang='lat' dir='ltr'><strong>magnus</strong></span> 
     </span>
    </p>
   </div>
   <div class='ocr_carea' id='block_1_7' title="bbox 353 641 1938 718">
    <p class='ocr_par' dir='ltr' id='par_1_7' title="bbox 353 641 1938 718">
     <span class='ocr_line' id='line_1_7' title="bbox 353 641 1938 718; baseline 0.003 -22"><span class='ocrx_word' id='word_1_28' title='bbox 353 641 611 696; x_wconf 79' lang='lat' dir='ltr'><strong>Salomon</strong></span> <span class='ocrx_word' id='word_1_29' title='bbox 650 643 750 696; x_wconf 85' lang='lat' dir='ltr'><strong>hoc</strong></span> <span class='ocrx_word' id='word_1_30' title='bbox 780 641 976 696; x_wconf 74' lang='lat' dir='ltr'><strong>eﬂ&#39;ecit.</strong></span> <span class='ocrx_word' id='word_1_31' title='bbox 1017 643 1072 696; x_wconf 90' lang='lat' dir='ltr'><strong>Si</strong></span> <span class='ocrx_word' id='word_1_32' title='bbox 1123 658 1256 710; x_wconf 79' lang='lat' dir='ltr'><strong>ergo</strong></span> <span class='ocrx_word' id='word_1_33' title='bbox 1306 644 1356 698; x_wconf 90' lang='lat' dir='ltr'><strong>id</strong></span> <span class='ocrx_word' id='word_1_34' title='bbox 1392 647 1538 715; x_wconf 89' lang='lat' dir='ltr'><strong>quod</strong></span> <span class='ocrx_word' id='word_1_35' title='bbox 1585 661 1775 718; x_wconf 66' lang='lat' dir='ltr'><strong>magna</strong></span> <span class='ocrx_word' id='word_1_36' title='bbox 1808 661 1938 701; x_wconf 85' lang='lat' dir='ltr'><strong>cura</strong></span> 
     </span>
    </p>
   </div>
   <div class='ocr_carea' id='block_1_8' title="bbox 352 733 1992 807">
    <p class='ocr_par' dir='ltr' id='par_1_8' title="bbox 352 733 1992 807">
     <span class='ocr_line' id='line_1_8' title="bbox 352 733 1992 807; baseline 0.004 -20"><span class='ocrx_word' id='word_1_37' title='bbox 352 743 410 787; x_wconf 90' lang='lat' dir='ltr'><strong>et</strong></span> <span class='ocrx_word' id='word_1_38' title='bbox 439 733 625 789; x_wconf 85' lang='lat' dir='ltr'><strong>labore</strong></span> <span class='ocrx_word' id='word_1_39' title='bbox 663 735 929 801; x_wconf 62' lang='lat' dir='ltr'><strong>quaesisti,</strong></span> <span class='ocrx_word' id='word_1_40' title='bbox 966 751 1034 788; x_wconf 89' lang='lat' dir='ltr'><strong>ne</strong></span> <span class='ocrx_word' id='word_1_41' title='bbox 1064 735 1284 790; x_wconf 84' lang='lat' dir='ltr'><strong>herbam</strong></span> <span class='ocrx_word' id='word_1_42' title='bbox 1319 739 1540 807; x_wconf 80' lang='lat' dir='ltr'><strong>quidem</strong></span> <span class='ocrx_word' id='word_1_43' title='bbox 1569 738 1680 792; x_wconf 86' lang='lat' dir='ltr'><strong>cito</strong></span> <span class='ocrx_word' id='word_1_44' title='bbox 1727 753 1941 794; x_wconf 86' lang='lat' dir='ltr'><strong>marce-</strong></span> <span class='ocrx_word' id='word_1_45' title='bbox 1962 774 1992 798; x_wconf 74' lang='lat'><strong>,-</strong></span> 
     </span>
    </p>
   </div>
   <div class='ocr_carea' id='block_1_9' title="bbox 351 806 2034 908">
    <p class='ocr_par' dir='ltr' id='par_1_9' title="bbox 351 806 2034 908">
     <span class='ocr_line' id='line_1_9' title="bbox 351 806 2034 908; baseline 0.004 -30"><span class='ocrx_word' id='word_1_46' title='bbox 351 832 596 879; x_wconf 78' lang='lat' dir='ltr'><strong>scentem</strong></span> <span class='ocrx_word' id='word_1_47' title='bbox 632 839 851 894; x_wconf 72' lang='lat' dir='ltr'><strong>mquare</strong></span> <span class='ocrx_word' id='word_1_48' title='bbox 895 836 1096 890; x_wconf 83' lang='lat' dir='ltr'><strong>potest,</strong></span> <span class='ocrx_word' id='word_1_49' title='bbox 1123 841 1223 882; x_wconf 89' lang='lat' dir='ltr'><strong>cur</strong></span> <span class='ocrx_word' id='word_1_50' title='bbox 1262 841 1388 908; x_wconf 57' lang='lat' dir='ltr'><strong>&#39;non</strong></span> <span class='ocrx_word' id='word_1_51' title='bbox 1439 829 1602 884; x_wconf 86' lang='lat' dir='ltr'><strong>rebus</strong></span> <span class='ocrx_word' id='word_1_52' title='bbox 1639 829 1797 885; x_wconf 80' lang='lat' dir='ltr'><strong>facile</strong></span> <span class='ocrx_word' id='word_1_53' title='bbox 1848 846 1944 900; x_wconf 85' lang='lat' dir='ltr'><strong>pa-</strong></span> <span class='ocrx_word' id='word_1_54' title='bbox 2013 806 2034 832; x_wconf 71' lang='grc'><em>”</em></span> 
     </span>
    </p>
   </div>
   <div class='ocr_carea' id='block_1_10' title="bbox 351 915 1942 992">
    <p class='ocr_par' dir='ltr' id='par_1_10' title="bbox 351 915 1942 992">
     <span class='ocr_line' id='line_1_10' title="bbox 351 915 1942 992; baseline 0.005 -22"><span class='ocrx_word' id='word_1_55' title='bbox 351 915 614 970; x_wconf 85' lang='lat' dir='ltr'><strong>rabilibns</strong></span> <span class='ocrx_word' id='word_1_56' title='bbox 659 917 907 986; x_wconf 86' lang='lat' dir='ltr'><strong>corporis</strong></span> <span class='ocrx_word' id='word_1_57' title='bbox 977 920 1438 974; x_wconf 87' lang='lat' dir='ltr'><strong>necessitudinem</strong></span> <span class='ocrx_word' id='word_1_58' title='bbox 1485 921 1714 992; x_wconf 79' lang='lat' dir='ltr'><strong>exples?</strong></span> <span class='ocrx_word' id='word_1_59' title='bbox 1773 922 1942 978; x_wconf 87' lang='lat' dir='ltr'><strong>Porro</strong></span> 
     </span>
    </p>
   </div>
   <div class='ocr_carea' id='block_1_11' title="bbox 352 1006 1939 1080">
    <p class='ocr_par' dir='ltr' id='par_1_11' title="bbox 352 1006 1939 1080">
     <span class='ocr_line' id='line_1_11' title="bbox 352 1006 1939 1080; baseline 0.005 -20"><span class='ocrx_word' id='word_1_60' title='bbox 352 1021 450 1074; x_wconf 87' lang='lat' dir='ltr'><strong>per</strong></span> <span class='ocrx_word' id='word_1_61' title='bbox 474 1006 644 1060; x_wconf 88' lang='lat' dir='ltr'><strong>lilium</strong></span> <span class='ocrx_word' id='word_1_62' title='bbox 664 1007 937 1077; x_wconf 79' lang='lat' dir='ltr'><strong>signiﬁcat</strong></span> <span class='ocrx_word' id='word_1_63' title='bbox 971 1011 1210 1064; x_wconf 86' lang='lat' dir='ltr'><strong>animam</strong></span> <span class='ocrx_word' id='word_1_64' title='bbox 1250 1012 1380 1066; x_wconf 85' lang='lat' dir='ltr'><strong>nihil</strong></span> <span class='ocrx_word' id='word_1_65' title='bbox 1411 1014 1798 1080; x_wconf 88' lang='lat' dir='ltr'><strong>possidentem,</strong></span> <span class='ocrx_word' id='word_1_66' title='bbox 1828 1024 1883 1068; x_wconf 91' lang='lat' dir='ltr'><strong>ct</strong></span> <span class='ocrx_word' id='word_1_67' title='bbox 1909 1028 1939 1068; x_wconf 86' lang='lat' dir='ltr'><strong>a</strong></span> 
     </span>
    </p>
   </div>
   <div class='ocr_carea' id='block_1_12' title="bbox 354 1097 1940 1174">
    <p class='ocr_par' dir='ltr' id='par_1_12' title="bbox 354 1097 1940 1174">
     <span class='ocr_line' id='line_1_12' title="bbox 354 1097 1940 1174; baseline 0.005 -23"><span class='ocrx_word' id='word_1_68' title='bbox 354 1097 816 1154; x_wconf 85' lang='lat' dir='ltr'><strong>sollicitudinibus</strong></span> <span class='ocrx_word' id='word_1_69' title='bbox 858 1101 1111 1162; x_wconf 80' lang='lat' dir='ltr'><strong>liberam.</strong></span> <span class='ocrx_word' id='word_1_70' title='bbox 1141 1117 1305 1170; x_wconf 88' lang='lat' dir='ltr'><strong>quam</strong></span> <span class='ocrx_word' id='word_1_71' title='bbox 1357 1113 1589 1160; x_wconf 79' lang='lat' dir='ltr'><strong>exornat</strong></span> <span class='ocrx_word' id='word_1_72' title='bbox 1638 1105 1854 1174; x_wconf 83' lang='lat' dir='ltr'><strong>quidem</strong></span> <span class='ocrx_word' id='word_1_73' title='bbox 1911 1121 1940 1159; x_wconf 89' lang='lat' dir='ltr'><strong>a</strong></span> 
     </span>
    </p>
   </div>
   <div class='ocr_carea' id='block_1_13' title="bbox 351 1192 1944 1264">
    <p class='ocr_par' dir='ltr' id='par_1_13' title="bbox 351 1192 1944 1264">
     <span class='ocr_line' id='line_1_13' title="bbox 351 1192 1944 1264; baseline 0.005 -21"><span class='ocrx_word' id='word_1_74' title='bbox 351 1192 586 1244; x_wconf 80' lang='lat' dir='ltr'><strong>terrenis</strong></span> <span class='ocrx_word' id='word_1_75' title='bbox 625 1193 914 1248; x_wconf 83' lang='lat' dir='ltr'><strong>abscessus</strong></span> <span class='ocrx_word' id='word_1_76' title='bbox 954 1193 1091 1263; x_wconf 87' lang='lat'><strong>(99),</strong></span> <span class='ocrx_word' id='word_1_77' title='bbox 1126 1195 1382 1264; x_wconf 83' lang='lat' dir='ltr'><strong>splendor</strong></span> <span class='ocrx_word' id='word_1_78' title='bbox 1431 1211 1562 1252; x_wconf 87' lang='lat' dir='ltr'><strong>vero</strong></span> <span class='ocrx_word' id='word_1_79' title='bbox 1610 1198 1944 1252; x_wconf 73' lang='lat' dir='ltr'><strong>castimonia:</strong></span> 
     </span>
    </p>
   </div>
   <div class='ocr_carea' id='block_1_14' title="bbox 351 1280 1940 1355">
    <p class='ocr_par' dir='ltr' id='par_1_14' title="bbox 351 1280 1940 1355">
     <span class='ocr_line' id='line_1_14' title="bbox 351 1280 1940 1355; baseline 0.007 -23"><span class='ocrx_word' id='word_1_80' title='bbox 351 1280 660 1344; x_wconf 79' lang='lat' dir='ltr'><strong>candidam,</strong></span> <span class='ocrx_word' id='word_1_81' title='bbox 695 1282 869 1350; x_wconf 91' lang='lat' dir='ltr'><strong>pietas</strong></span> <span class='ocrx_word' id='word_1_82' title='bbox 901 1293 956 1338; x_wconf 85' lang='lat' dir='ltr'><strong>et</strong></span> <span class='ocrx_word' id='word_1_83' title='bbox 987 1285 1178 1355; x_wconf 79' lang='lat' dir='ltr'><strong>religio</strong></span> <span class='ocrx_word' id='word_1_84' title='bbox 1214 1287 1710 1343; x_wconf 87' lang='lat' dir='ltr'><strong>redditodoratam.</strong></span> <span class='ocrx_word' id='word_1_85' title='bbox 1743 1287 1940 1343; x_wconf 88' lang='lat' dir='ltr'><strong>Litium</strong></span> 
     </span>
    </p>
   </div>
   <div class='ocr_carea' id='block_1_15' title="bbox 349 1373 1944 1442">
    <p class='ocr_par' dir='ltr' id='par_1_15' title="bbox 349 1373 1944 1442">
     <span class='ocr_line' id='line_1_15' title="bbox 349 1373 1944 1442; baseline 0.006 -15"><span class='ocrx_word' id='word_1_86' title='bbox 349 1373 498 1428; x_wconf 88' lang='lat' dir='ltr'><strong>enim</strong></span> <span class='ocrx_word' id='word_1_87' title='bbox 532 1373 607 1442; x_wconf 89' lang='grc' dir='ltr'><strong>(Ι)</strong></span> <span class='ocrx_word' id='word_1_88' title='bbox 661 1375 889 1430; x_wconf 87' lang='lat' dir='ltr'><strong>multum</strong></span> <span class='ocrx_word' id='word_1_89' title='bbox 935 1393 996 1432; x_wconf 89' lang='lat' dir='ltr'><strong>se</strong></span> <span class='ocrx_word' id='word_1_90' title='bbox 1027 1393 1056 1434; x_wconf 89' lang='lat' dir='ltr'><strong>e</strong></span> <span class='ocrx_word' id='word_1_91' title='bbox 1099 1390 1240 1434; x_wconf 88' lang='lat' dir='ltr'><strong>terra</strong></span> <span class='ocrx_word' id='word_1_92' title='bbox 1275 1381 1470 1436; x_wconf 89' lang='lat' dir='ltr'><strong>tollens</strong></span> <span class='ocrx_word' id='word_1_93' title='bbox 1502 1383 1695 1437; x_wconf 84' lang='lat' dir='ltr'><strong>calami</strong></span> <span class='ocrx_word' id='word_1_94' title='bbox 1739 1383 1794 1436; x_wconf 91' lang='lat' dir='ltr'><strong>in</strong></span> <span class='ocrx_word' id='word_1_95' title='bbox 1826 1399 1944 1437; x_wconf 90' lang='lat' dir='ltr'><strong>mo-</strong></span> 
     </span>
    </p>
   </div>
   <div class='ocr_carea' id='block_1_16' title="bbox 350 1465 1946 1545">
    <p class='ocr_par' dir='ltr' id='par_1_16' title="bbox 350 1465 1946 1545">
     <span class='ocr_line' id='line_1_16' title="bbox 350 1465 1946 1545; baseline 0.008 -29"><span class='ocrx_word' id='word_1_96' title='bbox 350 1466 482 1519; x_wconf 89' lang='lat' dir='ltr'><strong>dum</strong></span> <span class='ocrx_word' id='word_1_97' title='bbox 543 1465 730 1523; x_wconf 86' lang='lat' dir='ltr'><strong>ﬂorem</strong></span> <span class='ocrx_word' id='word_1_98' title='bbox 789 1485 820 1522; x_wconf 87' lang='lat' dir='ltr'><strong>e</strong></span> <span class='ocrx_word' id='word_1_99' title='bbox 889 1469 1107 1540; x_wconf 76' lang='lat' dir='ltr'><strong>fastigio</strong></span> <span class='ocrx_word' id='word_1_100' title='bbox 1160 1472 1388 1542; x_wconf 75' lang='lat' dir='ltr'><strong>profert.</strong></span> <span class='ocrx_word' id='word_1_101' title='bbox 1440 1472 1754 1545; x_wconf 86' lang='lat' dir='ltr'><strong>Hujnsmodi</strong></span> <span class='ocrx_word' id='word_1_102' title='bbox 1815 1485 1946 1530; x_wconf 84' lang='lat' dir='ltr'><strong>sunt.</strong></span> 
     </span>
    </p>
   </div>
   <div class='ocr_carea' id='block_1_17' title="bbox 352 1556 1948 1630">
    <p class='ocr_par' dir='ltr' id='par_1_17' title="bbox 352 1556 1948 1630">
     <span class='ocr_line' id='line_1_17' title="bbox 352 1556 1948 1630; baseline 0.009 -21"><span class='ocrx_word' id='word_1_103' title='bbox 352 1556 552 1610; x_wconf 68' lang='lat' dir='ltr'><strong>animm</strong></span> <span class='ocrx_word' id='word_1_104' title='bbox 616 1573 736 1628; x_wconf 70' lang='lat' dir='ltr'><strong>qua:</strong></span> <span class='ocrx_word' id='word_1_105' title='bbox 794 1575 957 1630; x_wconf 81' lang='lat' dir='ltr'><strong>supra</strong></span> <span class='ocrx_word' id='word_1_106' title='bbox 1013 1579 1099 1617; x_wconf 87' lang='lat' dir='ltr'><strong>res</strong></span> <span class='ocrx_word' id='word_1_107' title='bbox 1149 1573 1398 1621; x_wconf 83' lang='lat' dir='ltr'><strong>terrenas</strong></span> <span class='ocrx_word' id='word_1_108' title='bbox 1451 1581 1512 1623; x_wconf 88' lang='lat' dir='ltr'><strong>se</strong></span> <span class='ocrx_word' id='word_1_109' title='bbox 1567 1567 1834 1623; x_wconf 84' lang='lat' dir='ltr'><strong>levarunt.</strong></span> <span class='ocrx_word' id='word_1_110' title='bbox 1883 1569 1948 1623; x_wconf 86' lang='lat' dir='ltr'><strong>Et</strong></span> 
     </span>
    </p>
   </div>
   <div class='ocr_carea' id='block_1_18' title="bbox 352 1651 1943 1732">
    <p class='ocr_par' dir='ltr' id='par_1_18' title="bbox 352 1651 1943 1732">
     <span class='ocr_line' id='line_1_18' title="bbox 352 1651 1943 1732; baseline 0.012 -33"><span class='ocrx_word' id='word_1_111' title='bbox 352 1651 815 1717; x_wconf 84' lang='lat' dir='ltr'><strong>quemadmodum</strong></span> <span class='ocrx_word' id='word_1_112' title='bbox 841 1653 1010 1708; x_wconf 89' lang='lat' dir='ltr'><strong>lilium</strong></span> <span class='ocrx_word' id='word_1_113' title='bbox 1035 1672 1094 1711; x_wconf 85' lang='lat' dir='ltr'><strong>ea</strong></span> <span class='ocrx_word' id='word_1_114' title='bbox 1124 1660 1298 1728; x_wconf 75' lang='lat' dir='ltr'><strong>gratia</strong></span> <span class='ocrx_word' id='word_1_115' title='bbox 1333 1670 1421 1716; x_wconf 88' lang='lat' dir='ltr'><strong>est</strong></span> <span class='ocrx_word' id='word_1_116' title='bbox 1448 1660 1768 1717; x_wconf 85' lang='lat' dir='ltr'><strong>admirabile</strong></span> <span class='ocrx_word' id='word_1_117' title='bbox 1801 1665 1943 1732; x_wconf 89' lang='lat' dir='ltr'><strong>quod</strong></span> 
     </span>
    </p>
   </div>
   <div class='ocr_carea' id='block_1_19' title="bbox 353 1743 1944 1821">
    <p class='ocr_par' dir='ltr' id='par_1_19' title="bbox 353 1743 1944 1821">
     <span class='ocr_line' id='line_1_19' title="bbox 353 1743 1944 1821; baseline 0.011 -27"><span class='ocrx_word' id='word_1_118' title='bbox 353 1743 756 1810; x_wconf 80' lang='lat' dir='ltr'><strong>pulchritudine</strong></span> <span class='ocrx_word' id='word_1_119' title='bbox 801 1756 855 1800; x_wconf 93' lang='lat' dir='ltr'><strong>et</strong></span> <span class='ocrx_word' id='word_1_120' title='bbox 885 1746 1184 1816; x_wconf 75' lang='lat' dir='ltr'><strong>fragrantia</strong></span> <span class='ocrx_word' id='word_1_121' title='bbox 1217 1751 1503 1821; x_wconf 62' lang='lat' dir='ltr'><strong>praeditum</strong></span> <span class='ocrx_word' id='word_1_122' title='bbox 1533 1753 1628 1818; x_wconf 85' lang='lat' dir='ltr'><strong>sit,</strong></span> <span class='ocrx_word' id='word_1_123' title='bbox 1653 1753 1724 1808; x_wconf 88' lang='lat' dir='ltr'><strong>ita</strong></span> <span class='ocrx_word' id='word_1_124' title='bbox 1749 1755 1944 1811; x_wconf 70' lang='lat' dir='ltr'><strong>anima:</strong></span> 
     </span>
    </p>
   </div>
   <div class='ocr_carea' id='block_1_20' title="bbox 2043 554 3629 632">
    <p class='ocr_par' dir='ltr' id='par_1_20' title="bbox 2043 554 3629 632">
     <span class='ocr_line' id='line_1_20' title="bbox 2043 554 3629 632; baseline -0.004 -20"><span class='ocrx_word' id='word_1_125' title='bbox 2043 559 2300 630; x_wconf 84' lang='grc' dir='ltr'>Σολομῶν</span> <span class='ocrx_word' id='word_1_126' title='bbox 2345 563 2373 614; x_wconf 87' lang='grc' dir='ltr'>ὁ</span> <span class='ocrx_word' id='word_1_127' title='bbox 2421 561 2591 625; x_wconf 82' lang='grc' dir='ltr'>πολὺς</span> <span class='ocrx_word' id='word_1_128' title='bbox 2633 559 2794 614; x_wconf 83' lang='grc' dir='ltr'>τοῦτο</span> <span class='ocrx_word' id='word_1_129' title='bbox 2850 558 3238 632; x_wconf 79' lang='grc' dir='ltr'>κατώρθωσεν.</span> <span class='ocrx_word' id='word_1_130' title='bbox 3289 557 3351 610; x_wconf 78' lang='grc' dir='ltr'><strong>Εἰ</strong></span> <span class='ocrx_word' id='word_1_131' title='bbox 3379 556 3510 623; x_wconf 78' lang='grc' dir='ltr'>γοῦν</span> <span class='ocrx_word' id='word_1_132' title='bbox 3567 554 3629 606; x_wconf 76' lang='grc' dir='ltr'>τδ</span> 
     </span>
    </p>
   </div>
   <div class='ocr_carea' id='block_1_21' title="bbox 2045 647 3623 722">
    <p class='ocr_par' dir='ltr' id='par_1_21' title="bbox 2045 647 3623 722">
     <span class='ocr_line' id='line_1_21' title="bbox 2045 647 3623 722; baseline -0.003 -18"><span class='ocrx_word' id='word_1_133' title='bbox 2045 650 2356 722; x_wconf 80' lang='grc' dir='ltr'>περιέργως</span> <span class='ocrx_word' id='word_1_134' title='bbox 2395 668 2476 704; x_wconf 90' lang='grc' dir='ltr'><strong>σοι</strong></span> <span class='ocrx_word' id='word_1_135' title='bbox 2521 652 2617 707; x_wconf 76' lang='grc' dir='ltr'>καὶ</span> <span class='ocrx_word' id='word_1_136' title='bbox 2659 653 2798 721; x_wconf 70' lang='grc' dir='ltr'>μετὰ</span> <span class='ocrx_word' id='word_1_137' title='bbox 2829 652 2990 704; x_wconf 87' lang='grc' dir='ltr'>πόνου</span> <span class='ocrx_word' id='word_1_138' title='bbox 3030 649 3230 720; x_wconf 79' lang='grc' dir='ltr'>κτηθὲν</span> <span class='ocrx_word' id='word_1_139' title='bbox 3261 647 3380 701; x_wconf 77' lang='grc' dir='ltr'>οὐδὲ</span> <span class='ocrx_word' id='word_1_140' title='bbox 3413 649 3477 716; x_wconf 83' lang='grc' dir='ltr'>τῇ</span> <span class='ocrx_word' id='word_1_141' title='bbox 3514 663 3623 716; x_wconf 70' lang='grc' dir='ltr'>μαι</span> 
     </span>
    </p>
   </div>
   <div class='ocr_carea' id='block_1_22' title="bbox 2051 738 3628 817">
    <p class='ocr_par' dir='ltr' id='par_1_22' title="bbox 2051 738 3628 817">
     <span class='ocr_line' id='line_1_22' title="bbox 2051 738 3628 817; baseline -0.006 -21"><span class='ocrx_word' id='word_1_142' title='bbox 2051 743 2346 817; x_wconf 79' lang='grc' dir='ltr'>ραινομένῃ</span> <span class='ocrx_word' id='word_1_143' title='bbox 2403 745 2512 817; x_wconf 79' lang='grc' dir='ltr'>πόᾳ</span> <span class='ocrx_word' id='word_1_144' title='bbox 2538 743 2842 814; x_wconf 77' lang='grc' dir='ltr'><strong>ὡμοίωται,</strong></span> <span class='ocrx_word' id='word_1_145' title='bbox 2883 744 2935 796; x_wconf 78' lang='grc' dir='ltr'><strong>τί</strong></span> <span class='ocrx_word' id='word_1_146' title='bbox 2997 743 3070 812; x_wconf 75' lang='grc' dir='ltr'>μὴ</span> <span class='ocrx_word' id='word_1_147' title='bbox 3113 743 3228 802; x_wconf 85' lang='grc' dir='ltr'>τοῖς</span> <span class='ocrx_word' id='word_1_148' title='bbox 3281 738 3628 809; x_wconf 76' lang='grc' dir='ltr'>εὐπορίστοις</span> 
     </span>
    </p>
   </div>
   <div class='ocr_carea' id='block_1_23' title="bbox 2045 829 3630 906">
    <p class='ocr_par' dir='ltr' id='par_1_23' title="bbox 2045 829 3630 906">
     <span class='ocr_line' id='line_1_23' title="bbox 2045 829 3630 906; baseline -0.006 -18"><span class='ocrx_word' id='word_1_149' title='bbox 2045 834 2382 906; x_wconf 77' lang='grc' dir='ltr'><strong>ἀναπληροῖς</strong></span> <span class='ocrx_word' id='word_1_150' title='bbox 2433 834 2534 906; x_wconf 87' lang='grc' dir='ltr'><strong>τὴν</strong></span> <span class='ocrx_word' id='word_1_151' title='bbox 2579 838 2674 889; x_wconf 85' lang='grc' dir='ltr'><strong>τοῦ</strong></span> <span class='ocrx_word' id='word_1_152' title='bbox 2718 836 2971 906; x_wconf 83' lang='grc' dir='ltr'>σώματος</span> <span class='ocrx_word' id='word_1_153' title='bbox 3025 833 3280 896; x_wconf 72' lang='grc' dir='ltr'>ἔνδειανς</span> <span class='ocrx_word' id='word_1_154' title='bbox 3341 829 3630 900; x_wconf 71' lang='grc' dir='ltr'>’Υποδηλοῖ</span> 
     </span>
    </p>
   </div>
   <div class='ocr_carea' id='block_1_24' title="bbox 2049 919 3629 1000">
    <p class='ocr_par' dir='ltr' id='par_1_24' title="bbox 2049 919 3629 1000">
     <span class='ocr_line' id='line_1_24' title="bbox 2049 919 3629 1000; baseline -0.004 -20"><span class='ocrx_word' id='word_1_155' title='bbox 2049 926 2106 980; x_wconf 80' lang='grc' dir='ltr'><strong>δὲ</strong></span> <span class='ocrx_word' id='word_1_156' title='bbox 2155 926 2244 980; x_wconf 80' lang='grc' dir='ltr'><strong>διὰ</strong></span> <span class='ocrx_word' id='word_1_157' title='bbox 2279 927 2374 980; x_wconf 85' lang='grc' dir='ltr'><strong>τοῦ</strong></span> <span class='ocrx_word' id='word_1_158' title='bbox 2431 927 2620 1000; x_wconf 83' lang='grc' dir='ltr'>κρίνου</span> <span class='ocrx_word' id='word_1_159' title='bbox 2673 928 2767 982; x_wconf 70' lang='grc' dir='ltr'>καὶ</span> <span class='ocrx_word' id='word_1_160' title='bbox 2809 927 2908 999; x_wconf 84' lang='grc' dir='ltr'>τὴν</span> <span class='ocrx_word' id='word_1_161' title='bbox 2959 927 3245 997; x_wconf 86' lang='grc' dir='ltr'>ἀκτήμονα</span> <span class='ocrx_word' id='word_1_162' title='bbox 3291 921 3492 992; x_wconf 68' lang='grc' dir='ltr'>ψυχὴν,</span> <span class='ocrx_word' id='word_1_163' title='bbox 3533 919 3629 974; x_wconf 74' lang='grc' dir='ltr'><strong>καὶ</strong></span> 
     </span>
    </p>
   </div>
   <div class='ocr_carea' id='block_1_25' title="bbox 2045 1015 3628 1090">
    <p class='ocr_par' dir='ltr' id='par_1_25' title="bbox 2045 1015 3628 1090">
     <span class='ocr_line' id='line_1_25' title="bbox 2045 1015 3628 1090; baseline -0.004 -18"><span class='ocrx_word' id='word_1_164' title='bbox 2045 1019 2380 1090; x_wconf 82' lang='grc' dir='ltr'>ἀμέριμνον,</span> <span class='ocrx_word' id='word_1_165' title='bbox 2417 1018 2486 1090; x_wconf 74' lang='grc' dir='ltr'>ἢν</span> <span class='ocrx_word' id='word_1_166' title='bbox 2534 1023 2732 1090; x_wconf 83' lang='grc' dir='ltr'>κοσμεῖ</span> <span class='ocrx_word' id='word_1_167' title='bbox 2774 1019 2938 1090; x_wconf 79' lang='grc' dir='ltr'><strong>μὲνὴ</strong></span> <span class='ocrx_word' id='word_1_168' title='bbox 2987 1019 3086 1089; x_wconf 74' lang='grc' dir='ltr'>τῆς</span> <span class='ocrx_word' id='word_1_169' title='bbox 3132 1017 3265 1086; x_wconf 77' lang='grc' dir='ltr'>ὕλης</span> <span class='ocrx_word' id='word_1_170' title='bbox 3303 1015 3628 1078; x_wconf 72' lang='grc' dir='ltr'><strong>ἀπόστασις,</strong></span> 
     </span>
    </p>
   </div>
   <div class='ocr_carea' id='block_1_26' title="bbox 2045 1107 3633 1184">
    <p class='ocr_par' dir='ltr' id='par_1_26' title="bbox 2045 1107 3633 1184">
     <span class='ocr_line' id='line_1_26' title="bbox 2045 1107 3633 1184; baseline -0.003 -20"><span class='ocrx_word' id='word_1_171' title='bbox 2045 1112 2318 1166; x_wconf 74' lang='grc' dir='ltr'>λευκαίνει</span> <span class='ocrx_word' id='word_1_172' title='bbox 2369 1111 2425 1166; x_wconf 76' lang='grc' dir='ltr'><strong>δὲ</strong></span> <span class='ocrx_word' id='word_1_173' title='bbox 2471 1114 2504 1182; x_wconf 88' lang='grc' dir='ltr'>ἡ</span> <span class='ocrx_word' id='word_1_174' title='bbox 2551 1117 2650 1182; x_wconf 76' lang='grc' dir='ltr'>τῆς</span> <span class='ocrx_word' id='word_1_175' title='bbox 2691 1111 3046 1184; x_wconf 61' lang='grc' dir='ltr'>σωφροσύνης</span> <span class='ocrx_word' id='word_1_176' title='bbox 3081 1107 3440 1182; x_wconf 83' lang='grc' dir='ltr'>μαρμαρυγὴ,</span> <span class='ocrx_word' id='word_1_177' title='bbox 3488 1108 3633 1160; x_wconf 84' lang='grc' dir='ltr'>εὐω-</span> 
     </span>
    </p>
   </div>
   <div class='ocr_carea' id='block_1_27' title="bbox 2046 1199 3630 1276">
    <p class='ocr_par' dir='ltr' id='par_1_27' title="bbox 2046 1199 3630 1276">
     <span class='ocr_line' id='line_1_27' title="bbox 2046 1199 3630 1276; baseline -0.004 -18"><span class='ocrx_word' id='word_1_178' title='bbox 2046 1205 2224 1272; x_wconf 80' lang='grc' dir='ltr'>διάζει</span> <span class='ocrx_word' id='word_1_179' title='bbox 2254 1205 2311 1258; x_wconf 83' lang='grc' dir='ltr'><strong>δὲ</strong></span> <span class='ocrx_word' id='word_1_180' title='bbox 2344 1207 2377 1276; x_wconf 83' lang='grc' dir='ltr'><strong>ἡ</strong></span> <span class='ocrx_word' id='word_1_181' title='bbox 2415 1205 2691 1260; x_wconf 77' lang='grc' dir='ltr'>εὐσέϐεια.</span> <span class='ocrx_word' id='word_1_182' title='bbox 2726 1205 2802 1260; x_wconf 75' lang='grc' dir='ltr'>Τὸ</span> <span class='ocrx_word' id='word_1_183' title='bbox 2836 1206 2938 1275; x_wconf 86' lang='grc' dir='ltr'>μὲν</span> <span class='ocrx_word' id='word_1_184' title='bbox 2989 1205 3101 1274; x_wconf 81' lang='grc' dir='ltr'>γὰρ</span> <span class='ocrx_word' id='word_1_185' title='bbox 3153 1203 3338 1274; x_wconf 78' lang='grc' dir='ltr'>κρίνον</span> <span class='ocrx_word' id='word_1_186' title='bbox 3367 1201 3462 1254; x_wconf 75' lang='grc' dir='ltr'><strong>ἐπὶ</strong></span> <span class='ocrx_word' id='word_1_187' title='bbox 3492 1199 3630 1252; x_wconf 82' lang='grc' dir='ltr'>πολὺ</span> 
     </span>
    </p>
   </div>
   <div class='ocr_carea' id='block_1_28' title="bbox 2045 1293 3626 1370">
    <p class='ocr_par' dir='ltr' id='par_1_28' title="bbox 2045 1293 3626 1370">
     <span class='ocr_line' id='line_1_28' title="bbox 2045 1293 3626 1370; baseline -0.006 -18"><span class='ocrx_word' id='word_1_188' title='bbox 2045 1299 2144 1366; x_wconf 82' lang='grc' dir='ltr'>τῆς</span> <span class='ocrx_word' id='word_1_189' title='bbox 2173 1299 2272 1368; x_wconf 83' lang='grc' dir='ltr'>γῆς</span> <span class='ocrx_word' id='word_1_190' title='bbox 2303 1298 2469 1370; x_wconf 78' lang='grc' dir='ltr'>ἀρθὲν</span> <span class='ocrx_word' id='word_1_191' title='bbox 2501 1297 2880 1368; x_wconf 75' lang='grc' dir='ltr'>καλαμοειδῶς</span> <span class='ocrx_word' id='word_1_192' title='bbox 2911 1297 2972 1350; x_wconf 67' lang='grc' dir='ltr'>τὸ</span> <span class='ocrx_word' id='word_1_193' title='bbox 3009 1295 3168 1358; x_wconf 83' lang='grc' dir='ltr'>άνθος</span> <span class='ocrx_word' id='word_1_194' title='bbox 3215 1297 3278 1346; x_wconf 81' lang='grc' dir='ltr'>ὲκ</span> <span class='ocrx_word' id='word_1_195' title='bbox 3311 1293 3414 1362; x_wconf 73' lang='grc' dir='ltr'>τῆς</span> <span class='ocrx_word' id='word_1_196' title='bbox 3458 1309 3626 1362; x_wconf 86' lang='grc' dir='ltr'>κορυ-</span> 
     </span>
    </p>
   </div>
   <div class='ocr_carea' id='block_1_29' title="bbox 2048 1387 3632 1460">
    <p class='ocr_par' dir='ltr' id='par_1_29' title="bbox 2048 1387 3632 1460">
     <span class='ocr_line' id='line_1_29' title="bbox 2048 1387 3632 1460; baseline -0.006 -14"><span class='ocrx_word' id='word_1_197' title='bbox 2048 1391 2158 1460; x_wconf 77' lang='grc' dir='ltr'><strong>φῆς</strong></span> <span class='ocrx_word' id='word_1_198' title='bbox 2190 1391 2500 1446; x_wconf 83' lang='grc' dir='ltr'>ἀναδίδωσι.</span> <span class='ocrx_word' id='word_1_199' title='bbox 2533 1391 2796 1444; x_wconf 77' lang='grc' dir='ltr'>Τοιαῦται</span> <span class='ocrx_word' id='word_1_200' title='bbox 2824 1391 2880 1444; x_wconf 81' lang='grc' dir='ltr'>δὲ</span> <span class='ocrx_word' id='word_1_201' title='bbox 2925 1390 2980 1443; x_wconf 77' lang='grc' dir='ltr'><strong>αἱ</strong></span> <span class='ocrx_word' id='word_1_202' title='bbox 3013 1389 3121 1443; x_wconf 83' lang='grc' dir='ltr'>τῶν</span> <span class='ocrx_word' id='word_1_203' title='bbox 3149 1389 3354 1457; x_wconf 68' lang='grc' dir='ltr'>γηΐνων</span> <span class='ocrx_word' id='word_1_204' title='bbox 3385 1387 3632 1456; x_wconf 72' lang='grc' dir='ltr'>ὑπεραρο</span> 
     </span>
    </p>
   </div>
   <div class='ocr_carea' id='block_1_30' title="bbox 2049 1476 3632 1554">
    <p class='ocr_par' dir='ltr' id='par_1_30' title="bbox 2049 1476 3632 1554">
     <span class='ocr_line' id='line_1_30' title="bbox 2049 1476 3632 1554; baseline -0.004 -19"><span class='ocrx_word' id='word_1_205' title='bbox 2049 1482 2226 1535; x_wconf 86' lang='grc' dir='ltr'>θεῖσαι</span> <span class='ocrx_word' id='word_1_206' title='bbox 2255 1481 2447 1554; x_wconf 78' lang='grc' dir='ltr'>ψυχαί.</span> <span class='ocrx_word' id='word_1_207' title='bbox 2480 1482 2592 1535; x_wconf 68' lang='grc' dir='ltr'><strong>Καὶ</strong></span> <span class='ocrx_word' id='word_1_208' title='bbox 2623 1481 2814 1552; x_wconf 84' lang='grc' dir='ltr'>ὥσπερ</span> <span class='ocrx_word' id='word_1_209' title='bbox 2863 1481 2920 1534; x_wconf 82' lang='grc' dir='ltr'><strong>τὸ</strong></span> <span class='ocrx_word' id='word_1_210' title='bbox 2977 1480 3164 1550; x_wconf 79' lang='grc' dir='ltr'>κρίνον</span> <span class='ocrx_word' id='word_1_211' title='bbox 3206 1479 3263 1531; x_wconf 83' lang='grc' dir='ltr'>ὲν</span> <span class='ocrx_word' id='word_1_212' title='bbox 3295 1476 3468 1548; x_wconf 78' lang='grc' dir='ltr'>τούτῳ</span> <span class='ocrx_word' id='word_1_213' title='bbox 3498 1477 3632 1529; x_wconf 82' lang='grc' dir='ltr'>θαυ-</span> 
     </span>
    </p>
   </div>
   <div class='ocr_carea' id='block_1_31' title="bbox 2051 1568 3632 1644">
    <p class='ocr_par' dir='ltr' id='par_1_31' title="bbox 2051 1568 3632 1644">
     <span class='ocr_line' id='line_1_31' title="bbox 2051 1568 3632 1644; baseline -0.002 -18"><span class='ocrx_word' id='word_1_214' title='bbox 2051 1570 2306 1642; x_wconf 75' lang='grc' dir='ltr'>μάζεται,</span> <span class='ocrx_word' id='word_1_215' title='bbox 2352 1574 2410 1625; x_wconf 82' lang='grc' dir='ltr'>ὲν</span> <span class='ocrx_word' id='word_1_216' title='bbox 2440 1572 2520 1644; x_wconf 81' lang='grc' dir='ltr'>τῷ</span> <span class='ocrx_word' id='word_1_217' title='bbox 2561 1572 2750 1644; x_wconf 80' lang='grc' dir='ltr'>φέρειν</span> <span class='ocrx_word' id='word_1_218' title='bbox 2779 1571 2980 1634; x_wconf 84' lang='grc' dir='ltr'>κάλλος</span> <span class='ocrx_word' id='word_1_219' title='bbox 3011 1571 3106 1625; x_wconf 74' lang='grc' dir='ltr'>καὶ</span> <span class='ocrx_word' id='word_1_220' title='bbox 3139 1569 3419 1634; x_wconf 79' lang='grc' dir='ltr'>εὖπνοιαν,</span> <span class='ocrx_word' id='word_1_221' title='bbox 3454 1568 3632 1632; x_wconf 74' lang='grc' dir='ltr'>οὕτως</span> 
     </span>
    </p>
   </div>
   <div class='ocr_carea' id='block_1_32' title="bbox 2047 1659 3630 1735">
    <p class='ocr_par' dir='ltr' id='par_1_32' title="bbox 2047 1659 3630 1735">
     <span class='ocr_line' id='line_1_32' title="bbox 2047 1659 3630 1735; baseline -0.003 -20"><span class='ocrx_word' id='word_1_222' title='bbox 2047 1663 2082 1734; x_wconf 87' lang='grc' dir='ltr'><strong>ή</strong></span> <span class='ocrx_word' id='word_1_223' title='bbox 2113 1661 2262 1735; x_wconf 79' lang='grc' dir='ltr'>ψυχή</span> <span class='ocrx_word' id='word_1_224' title='bbox 2285 1665 2344 1718; x_wconf 83' lang='grc' dir='ltr'><strong>ἐν</strong></span> <span class='ocrx_word' id='word_1_225' title='bbox 2365 1664 2480 1727; x_wconf 85' lang='grc' dir='ltr'>τοῖς</span> <span class='ocrx_word' id='word_1_226' title='bbox 2504 1663 2628 1717; x_wconf 69' lang='grc' dir='ltr'>δνσὶ</span> <span class='ocrx_word' id='word_1_227' title='bbox 2658 1663 2866 1726; x_wconf 81' lang='grc' dir='ltr'>τούτοις</span> <span class='ocrx_word' id='word_1_228' title='bbox 2901 1661 3014 1732; x_wconf 74' lang='grc' dir='ltr'>ἔχει</span> <span class='ocrx_word' id='word_1_229' title='bbox 3042 1662 3104 1716; x_wconf 73' lang='grc' dir='ltr'>τὸ</span> <span class='ocrx_word' id='word_1_230' title='bbox 3137 1661 3363 1724; x_wconf 81' lang='grc' dir='ltr'>τέλειον,</span> <span class='ocrx_word' id='word_1_231' title='bbox 3391 1659 3448 1713; x_wconf 76' lang='grc' dir='ltr'>ἐν</span> <span class='ocrx_word' id='word_1_232' title='bbox 3472 1677 3529 1713; x_wconf 85' lang='grc' dir='ltr'><strong>τε</strong></span> <span class='ocrx_word' id='word_1_233' title='bbox 3562 1661 3630 1728; x_wconf 80' lang='grc' dir='ltr'>τῇ</span> 
     </span>
    </p>
   </div>
   <div class='ocr_carea' id='block_1_33' title="bbox 2047 1749 3632 1826">
    <p class='ocr_par' dir='ltr' id='par_1_33' title="bbox 2047 1749 3632 1826">
     <span class='ocr_line' id='line_1_33' title="bbox 2047 1749 3632 1826; baseline -0.004 -18"><span class='ocrx_word' id='word_1_234' title='bbox 2047 1754 2158 1808; x_wconf 85' lang='grc' dir='ltr'>τῶν</span> <span class='ocrx_word' id='word_1_235' title='bbox 2187 1754 2476 1826; x_wconf 80' lang='grc' dir='ltr'>δογμάτων</span> <span class='ocrx_word' id='word_1_236' title='bbox 2514 1753 2740 1822; x_wconf 80' lang='grc' dir='ltr'><strong>ἀψευδεῖ</strong></span> <span class='ocrx_word' id='word_1_237' title='bbox 2769 1753 2984 1825; x_wconf 77' lang='grc' dir='ltr'>φυλακῇ</span> <span class='ocrx_word' id='word_1_238' title='bbox 3019 1753 3113 1807; x_wconf 72' lang='grc' dir='ltr'>καὶ</span> <span class='ocrx_word' id='word_1_239' title='bbox 3165 1755 3230 1823; x_wconf 83' lang='grc' dir='ltr'>τῇ</span> <span class='ocrx_word' id='word_1_240' title='bbox 3261 1753 3492 1823; x_wconf 79' lang='grc' dir='ltr'>τηρήσει.</span> <span class='ocrx_word' id='word_1_241' title='bbox 3521 1749 3632 1801; x_wconf 84' lang='grc' dir='ltr'>τῶν</span> 
     </span>
    </p>
   </div>
   <div class='ocr_carea' id='block_1_34' title="bbox 352 1819 1949 1919">
    <p class='ocr_par' dir='ltr' id='par_1_34' title="bbox 352 1819 1944 1904">
     <span class='ocr_line' id='line_1_34' title="bbox 352 1819 1944 1904; baseline 0.009 -14"><span class='ocrx_word' id='word_1_242' title='bbox 352 1834 621 1903; x_wconf 80' lang='lat' dir='ltr'><strong>perfectio</strong></span> <span class='ocrx_word' id='word_1_243' title='bbox 674 1839 728 1890; x_wconf 93' lang='lat' dir='ltr'><strong>in</strong></span> <span class='ocrx_word' id='word_1_244' title='bbox 791 1838 876 1894; x_wconf 90' lang='lat' dir='ltr'><strong>his</strong></span> <span class='ocrx_word' id='word_1_245' title='bbox 930 1842 1140 1896; x_wconf 79' lang='lat' dir='ltr'><strong>duobus</strong></span> <span class='ocrx_word' id='word_1_246' title='bbox 1185 1819 1438 1900; x_wconf 79' lang='lat' dir='ltr'><strong>videlicet</strong></span> <span class='ocrx_word' id='word_1_247' title='bbox 1483 1846 1538 1900; x_wconf 91' lang='lat' dir='ltr'><strong>in</strong></span> <span class='ocrx_word' id='word_1_248' title='bbox 1573 1846 1944 1904; x_wconf 86' lang='lat' dir='ltr'><strong>custodiendis</strong></span> 
     </span>
    </p>
   </div>
   <div class='ocr_carea' id='block_1_35' title="bbox 2051 1819 3632 1919">
    <p class='ocr_par' dir='ltr' id='par_1_35' title="bbox 2052 1819 3632 1919">
     <span class='ocr_line' id='line_1_35' title="bbox 2052 1819 3632 1919; baseline -0.004 -17"><span class='ocrx_word' id='word_1_249' title='bbox 2052 1819 2302 1902; x_wconf 61' lang='grc' dir='ltr'>ἐντολῶνί</span> <span class='ocrx_word' id='word_1_250' title='bbox 2333 1850 2444 1902; x_wconf 77' lang='grc' dir='ltr'><strong>Καὶ</strong></span> <span class='ocrx_word' id='word_1_251' title='bbox 2475 1819 2620 1919; x_wconf 45' lang='grc' dir='ltr'>τινα</span> <span class='ocrx_word' id='word_1_252' title='bbox 2647 1849 2748 1918; x_wconf 75' lang='grc' dir='ltr'>τῆς</span> <span class='ocrx_word' id='word_1_253' title='bbox 2779 1819 3036 1916; x_wconf 72' lang='grc' dir='ltr'>τοιαύτης</span> <span class='ocrx_word' id='word_1_254' title='bbox 3059 1847 3178 1902; x_wconf 73' lang='grc' dir='ltr'>εστι</span> <span class='ocrx_word' id='word_1_255' title='bbox 3205 1819 3436 1915; x_wconf 47' lang='lat' dir='ltr'><strong>Limes</strong></span> <span class='ocrx_word' id='word_1_256' title='bbox 3467 1845 3527 1896; x_wconf 80' lang='grc' dir='ltr'>ἐν</span> <span class='ocrx_word' id='word_1_257' title='bbox 3552 1843 3632 1914; x_wconf 80' lang='grc' dir='ltr'><strong>τῷ</strong></span> 
     </span>
    </p>
   </div>
   <div class='ocr_carea' id='block_1_36' title="bbox 353 1923 1941 2018">
    <p class='ocr_par' dir='ltr' id='par_1_36' title="bbox 353 1923 1941 2018">
     <span class='ocr_line' id='line_1_36' title="bbox 353 1923 1941 2018; baseline 0.012 -42"><span class='ocrx_word' id='word_1_258' title='bbox 353 1923 568 2018; x_wconf 53' lang='lat' dir='ltr'><strong>sincere</strong></span> <span class='ocrx_word' id='word_1_259' title='bbox 596 1926 719 1982; x_wconf 78' lang='lat' dir='ltr'><strong>ﬁdei</strong></span> <span class='ocrx_word' id='word_1_260' title='bbox 739 1929 1006 1999; x_wconf 83' lang='lat' dir='ltr'><strong>dogmatis</strong></span> <span class='ocrx_word' id='word_1_261' title='bbox 1051 1933 1450 2004; x_wconf 79' lang='lat' dir='ltr'><strong>servandis’que</strong></span> <span class='ocrx_word' id='word_1_262' title='bbox 1487 1935 1798 2018; x_wconf 57' lang='lat' dir='ltr'><strong>mandatisv</strong></span> <span class='ocrx_word' id='word_1_263' title='bbox 1835 1949 1941 1997; x_wconf 87' lang='lat' dir='ltr'><strong>est.</strong></span> 
     </span>
    </p>
   </div>
   <div class='ocr_carea' id='block_1_37' title="bbox 352 2013 1941 2098">
    <p class='ocr_par' dir='ltr' id='par_1_37' title="bbox 352 2013 1941 2098">
     <span class='ocr_line' id='line_1_37' title="bbox 352 2013 1941 2098; baseline 0.011 -29"><span class='ocrx_word' id='word_1_264' title='bbox 352 2013 628 2074; x_wconf 82' lang='lat' dir='ltr'><strong>Fortassis</strong></span> <span class='ocrx_word' id='word_1_265' title='bbox 658 2021 723 2074; x_wconf 86' lang='lat' dir='ltr'><strong>ad</strong></span> <span class='ocrx_word' id='word_1_266' title='bbox 761 2023 1069 2092; x_wconf 88' lang='lat' dir='ltr'><strong>hujusmodi</strong></span> <span class='ocrx_word' id='word_1_267' title='bbox 1100 2027 1336 2082; x_wconf 82' lang='lat' dir='ltr'><strong>animum</strong></span> <span class='ocrx_word' id='word_1_268' title='bbox 1369 2031 1603 2098; x_wconf 84' lang='lat' dir='ltr'><strong>pertinet</strong></span> <span class='ocrx_word' id='word_1_269' title='bbox 1632 2013 1941 2086; x_wconf 85' lang='lat' dir='ltr'><strong>encomium</strong></span> 
     </span>
    </p>
   </div>
   <div class='ocr_carea' id='block_1_38' title="bbox 351 2108 1948 2180">
    <p class='ocr_par' dir='ltr' id='par_1_38' title="bbox 351 2108 1948 2180">
     <span class='ocr_line' id='line_1_38' title="bbox 351 2108 1948 2180; baseline 0.008 -16"><span class='ocrx_word' id='word_1_270' title='bbox 351 2108 484 2164; x_wconf 85' lang='lat' dir='ltr'><strong>illud</strong></span> <span class='ocrx_word' id='word_1_271' title='bbox 517 2115 681 2180; x_wconf 90' lang='lat' dir='ltr'><strong>,qnod</strong></span> <span class='ocrx_word' id='word_1_272' title='bbox 711 2115 762 2168; x_wconf 93' lang='lat' dir='ltr'><strong>in</strong></span> <span class='ocrx_word' id='word_1_273' title='bbox 792 2113 1020 2170; x_wconf 77' lang='lat' dir='ltr'><strong>Cantica</strong></span> <span class='ocrx_word' id='word_1_274' title='bbox 1052 2119 1284 2172; x_wconf 88' lang='lat' dir='ltr'><strong>habetur</strong></span> <span class='ocrx_word' id='word_1_275' title='bbox 1312 2139 1326 2174; x_wconf 88' lang='lat'><strong>:</strong></span> <span class='ocrx_word' id='word_1_276' title='bbox 1364 2139 1384 2172; x_wconf 75' lang='grc' dir='ltr'><strong>ι</strong></span> <span class='ocrx_word' id='word_1_277' title='bbox 1414 2121 1568 2176; x_wconf 88' lang='lat' dir='ltr'><strong>Sient</strong></span> <span class='ocrx_word' id='word_1_278' title='bbox 1601 2122 1771 2176; x_wconf 91' lang='lat' dir='ltr'><strong>lilium</strong></span> <span class='ocrx_word' id='word_1_279' title='bbox 1806 2123 1948 2178; x_wconf 86' lang='lat' dir='ltr'><strong>inter</strong></span> 
     </span>
    </p>
   </div>
   <div class='ocr_carea' id='block_1_39' title="bbox 353 2204 1947 2272">
    <p class='ocr_par' dir='ltr' id='par_1_39' title="bbox 353 2204 1947 2272">
     <span class='ocr_line' id='line_1_39' title="bbox 353 2204 1947 2272; baseline 0.006 -14"><span class='ocrx_word' id='word_1_280' title='bbox 353 2204 562 2272; x_wconf 86' lang='lat' dir='ltr'><strong>spinas,</strong></span> <span class='ocrx_word' id='word_1_281' title='bbox 595 2207 674 2262; x_wconf 82' lang='lat' dir='ltr'><strong>sic</strong></span> <span class='ocrx_word' id='word_1_282' title='bbox 705 2207 878 2264; x_wconf 86' lang='lat' dir='ltr'><strong>amica</strong></span> <span class='ocrx_word' id='word_1_283' title='bbox 911 2224 1029 2266; x_wconf 88' lang='lat' dir='ltr'><strong>mea</strong></span> <span class='ocrx_word' id='word_1_284' title='bbox 1081 2211 1224 2266; x_wconf 88' lang='lat' dir='ltr'><strong>inter</strong></span> <span class='ocrx_word' id='word_1_285' title='bbox 1259 2212 1396 2266; x_wconf 85' lang='lat' dir='ltr'><strong>tilias</strong></span> <span class='ocrx_word' id='word_1_286' title='bbox 1434 2213 1502 2269; x_wconf 79' lang='grc'><strong>⁸⁸.</strong></span> <span class='ocrx_word' id='word_1_287' title='bbox 1546 2232 1566 2266; x_wconf 80' lang='grc'><strong><em>›</em></strong></span> <span class='ocrx_word' id='word_1_288' title='bbox 1618 2213 1759 2268; x_wconf 84' lang='lat' dir='ltr'><strong>Pura</strong></span> <span class='ocrx_word' id='word_1_289' title='bbox 1791 2228 1947 2268; x_wconf 73' lang='lat' dir='ltr'><strong>nam.</strong></span> 
     </span>
    </p>
   </div>
   <div class='ocr_carea' id='block_1_40' title="bbox 353 2297 1946 2376">
    <p class='ocr_par' dir='ltr' id='par_1_40' title="bbox 353 2297 1946 2376">
     <span class='ocr_line' id='line_1_40' title="bbox 353 2297 1946 2376; baseline 0.005 -24"><span class='ocrx_word' id='word_1_290' title='bbox 353 2312 464 2369; x_wconf 88' lang='lat' dir='ltr'><strong>que</strong></span> <span class='ocrx_word' id='word_1_291' title='bbox 509 2297 687 2353; x_wconf 87' lang='lat' dir='ltr'><strong>anima</strong></span> <span class='ocrx_word' id='word_1_292' title='bbox 742 2299 886 2356; x_wconf 89' lang='lat' dir='ltr'><strong>inter</strong></span> <span class='ocrx_word' id='word_1_293' title='bbox 933 2301 1118 2372; x_wconf 88' lang='lat' dir='ltr'><strong>spinas</strong></span> <span class='ocrx_word' id='word_1_294' title='bbox 1159 2304 1286 2358; x_wconf 74' lang='lat' dir='ltr'><strong>vita:</strong></span> <span class='ocrx_word' id='word_1_295' title='bbox 1333 2303 1498 2376; x_wconf 84' lang='lat' dir='ltr'><strong>hujus</strong></span> <span class='ocrx_word' id='word_1_296' title='bbox 1541 2313 1732 2360; x_wconf 81' lang='lat' dir='ltr'><strong>exorta</strong></span> <span class='ocrx_word' id='word_1_297' title='bbox 1783 2307 1946 2360; x_wconf 88' lang='lat' dir='ltr'><strong>rebus</strong></span> 
     </span>
    </p>
   </div>
   <div class='ocr_carea' id='block_1_41' title="bbox 353 2391 1942 2454">
    <p class='ocr_par' dir='ltr' id='par_1_41' title="bbox 353 2391 1942 2454">
     <span class='ocr_line' id='line_1_41' title="bbox 353 2391 1942 2454; baseline 0.005 -10"><span class='ocrx_word' id='word_1_298' title='bbox 353 2391 609 2446; x_wconf 88' lang='lat' dir='ltr'><strong>omnibus</strong></span> <span class='ocrx_word' id='word_1_299' title='bbox 635 2392 930 2447; x_wconf 85' lang='lat' dir='ltr'><strong>antecellit.</strong></span> <span class='ocrx_word' id='word_1_300' title='bbox 963 2391 1134 2450; x_wconf 82' lang='lat' dir='ltr'><strong>Recte</strong></span> <span class='ocrx_word' id='word_1_301' title='bbox 1161 2395 1326 2450; x_wconf 88' lang='lat' dir='ltr'><strong>etiam</strong></span> <span class='ocrx_word' id='word_1_302' title='bbox 1357 2397 1564 2452; x_wconf 87' lang='lat' dir='ltr'><strong>addidit</strong></span> <span class='ocrx_word' id='word_1_303' title='bbox 1596 2412 1666 2454; x_wconf 88' lang='lat' dir='ltr'><strong>ne</strong></span> <span class='ocrx_word' id='word_1_304' title='bbox 1693 2395 1942 2452; x_wconf 86' lang='lat' dir='ltr'><strong>Salomo-</strong></span> 
     </span>
    </p>
   </div>
   <div class='ocr_carea' id='block_1_42' title="bbox 355 2483 1944 2560">
    <p class='ocr_par' dir='ltr' id='par_1_42' title="bbox 355 2483 1944 2560">
     <span class='ocr_line' id='line_1_42' title="bbox 355 2483 1944 2560; baseline 0.006 -23"><span class='ocrx_word' id='word_1_305' title='bbox 355 2497 480 2538; x_wconf 89' lang='lat' dir='ltr'><strong>ncm</strong></span> <span class='ocrx_word' id='word_1_306' title='bbox 535 2483 752 2552; x_wconf 69' lang='lat' dir='ltr'><strong>quidem</strong></span> <span class='ocrx_word' id='word_1_307' title='bbox 803 2495 862 2539; x_wconf 91' lang='lat' dir='ltr'><strong>ut</strong></span> <span class='ocrx_word' id='word_1_308' title='bbox 906 2501 1070 2540; x_wconf 90' lang='lat' dir='ltr'><strong>unum</strong></span> <span class='ocrx_word' id='word_1_309' title='bbox 1121 2503 1151 2542; x_wconf 77' lang='grc' dir='ltr'><strong>ο</strong></span> <span class='ocrx_word' id='word_1_310' title='bbox 1201 2487 1330 2544; x_wconf 88' lang='lat' dir='ltr'><strong>liliis</strong></span> <span class='ocrx_word' id='word_1_311' title='bbox 1373 2500 1620 2560; x_wconf 82' lang='lat' dir='ltr'><strong>opertum</strong></span> <span class='ocrx_word' id='word_1_312' title='bbox 1655 2489 1844 2546; x_wconf 82' lang='lat' dir='ltr'><strong>fuisse.</strong></span> <span class='ocrx_word' id='word_1_313' title='bbox 1897 2489 1944 2547; x_wconf 88' lang='lat' dir='ltr'><strong>Is</strong></span> 
     </span>
    </p>
   </div>
   <div class='ocr_carea' id='block_1_43' title="bbox 353 2577 1945 2647">
    <p class='ocr_par' dir='ltr' id='par_1_43' title="bbox 353 2577 1945 2647">
     <span class='ocr_line' id='line_1_43' title="bbox 353 2577 1945 2647; baseline 0.008 -20"><span class='ocrx_word' id='word_1_314' title='bbox 353 2577 499 2629; x_wconf 83' lang='lat' dir='ltr'><strong>enim</strong></span> <span class='ocrx_word' id='word_1_315' title='bbox 532 2591 654 2631; x_wconf 91' lang='lat' dir='ltr'><strong>cum</strong></span> <span class='ocrx_word' id='word_1_316' title='bbox 688 2578 968 2647; x_wconf 66' lang='lat' dir='ltr'><strong>sapientia:</strong></span> <span class='ocrx_word' id='word_1_317' title='bbox 999 2577 1158 2636; x_wconf 87' lang='lat' dir='ltr'><strong>laude</strong></span> <span class='ocrx_word' id='word_1_318' title='bbox 1197 2579 1509 2646; x_wconf 86' lang='lat' dir='ltr'><strong>claruisset,</strong></span> <span class='ocrx_word' id='word_1_319' title='bbox 1547 2584 1614 2638; x_wconf 86' lang='lat' dir='ltr'><strong>ad</strong></span> <span class='ocrx_word' id='word_1_320' title='bbox 1644 2597 1762 2639; x_wconf 89' lang='lat' dir='ltr'><strong>eam</strong></span> <span class='ocrx_word' id='word_1_321' title='bbox 1809 2584 1945 2639; x_wconf 89' lang='lat' dir='ltr'><strong>inte-</strong></span> 
     </span>
    </p>
   </div>
   <div class='ocr_carea' id='block_1_44' title="bbox 357 2667 1420 2743">
    <p class='ocr_par' dir='ltr' id='par_1_44' title="bbox 357 2667 1420 2743">
     <span class='ocr_line' id='line_1_44' title="bbox 357 2667 1420 2743; baseline 0.008 -21"><span class='ocrx_word' id='word_1_322' title='bbox 357 2667 616 2738; x_wconf 79' lang='lat' dir='ltr'><strong>gritatem</strong></span> <span class='ocrx_word' id='word_1_323' title='bbox 650 2669 986 2726; x_wconf 79' lang='lat' dir='ltr'><strong>castimonia:</strong></span> <span class='ocrx_word' id='word_1_324' title='bbox 1013 2686 1118 2725; x_wconf 90' lang='lat' dir='ltr'><strong>non</strong></span> <span class='ocrx_word' id='word_1_325' title='bbox 1153 2672 1420 2743; x_wconf 75' lang='lat' dir='ltr'><strong>adiunxit.</strong></span> 
     </span>
    </p>
   </div>
   <div class='ocr_carea' id='block_1_45' title="bbox 432 2760 1944 2834">
    <p class='ocr_par' dir='ltr' id='par_1_45' title="bbox 432 2760 1944 2834">
     <span class='ocr_line' id='line_1_45' title="bbox 432 2760 1944 2834; baseline 0.008 -21"><span class='ocrx_word' id='word_1_326' title='bbox 432 2780 452 2812; x_wconf 71' lang='grc' dir='ltr'><strong>ε</strong></span> <span class='ocrx_word' id='word_1_327' title='bbox 489 2760 545 2815; x_wconf 91' lang='lat' dir='ltr'><strong>Si</strong></span> <span class='ocrx_word' id='word_1_328' title='bbox 578 2772 760 2816; x_wconf 87' lang='lat' dir='ltr'><strong>autem</strong></span> <span class='ocrx_word' id='word_1_329' title='bbox 796 2761 977 2817; x_wconf 79' lang='lat' dir='ltr'><strong>fenum</strong></span> <span class='ocrx_word' id='word_1_330' title='bbox 1015 2764 1154 2833; x_wconf 81' lang='lat' dir='ltr'><strong>agri,</strong></span> <span class='ocrx_word' id='word_1_331' title='bbox 1190 2767 1333 2834; x_wconf 85' lang='lat' dir='ltr'><strong>quod</strong></span> <span class='ocrx_word' id='word_1_332' title='bbox 1381 2767 1547 2821; x_wconf 89' lang='lat' dir='ltr'><strong>hodie</strong></span> <span class='ocrx_word' id='word_1_333' title='bbox 1593 2781 1679 2824; x_wconf 82' lang='lat' dir='ltr'><strong>est</strong></span> <span class='ocrx_word' id='word_1_334' title='bbox 1722 2776 1778 2826; x_wconf 89' lang='lat' dir='ltr'><strong>et</strong></span> <span class='ocrx_word' id='word_1_335' title='bbox 1821 2785 1944 2825; x_wconf 86' lang='lat' dir='ltr'><strong>cras</strong></span> 
     </span>
    </p>
   </div>
   <div class='ocr_carea' id='block_1_46' title="bbox 355 2856 1941 2933">
    <p class='ocr_par' dir='ltr' id='par_1_46' title="bbox 355 2856 1941 2933">
     <span class='ocr_line' id='line_1_46' title="bbox 355 2856 1941 2933; baseline 0.003 -21"><span class='ocrx_word' id='word_1_336' title='bbox 355 2857 412 2912; x_wconf 82' lang='lat' dir='ltr'><strong>in</strong></span> <span class='ocrx_word' id='word_1_337' title='bbox 452 2856 727 2912; x_wconf 89' lang='lat' dir='ltr'><strong>clibanum</strong></span> <span class='ocrx_word' id='word_1_338' title='bbox 767 2858 1024 2925; x_wconf 89' lang='lat' dir='ltr'><strong>mittitur,</strong></span> <span class='ocrx_word' id='word_1_339' title='bbox 1049 2859 1190 2914; x_wconf 88' lang='lat' dir='ltr'><strong>Deus</strong></span> <span class='ocrx_word' id='word_1_340' title='bbox 1223 2859 1304 2914; x_wconf 89' lang='lat' dir='ltr'><strong>sic</strong></span> <span class='ocrx_word' id='word_1_341' title='bbox 1335 2863 1500 2916; x_wconf 86' lang='lat' dir='ltr'><strong>vestit</strong></span> <span class='ocrx_word' id='word_1_342' title='bbox 1533 2862 1632 2933; x_wconf 74' lang='lat'><strong>(9.).</strong></span> <span class='ocrx_word' id='word_1_343' title='bbox 1669 2881 1688 2915; x_wconf 74' lang='grc' dir='ltr'><strong>ι</strong></span> <span class='ocrx_word' id='word_1_344' title='bbox 1737 2865 1941 2930; x_wconf 84' lang='lat' dir='ltr'><strong>Quem-</strong></span> 
     </span>
    </p>
   </div>
   <div class='ocr_carea' id='block_1_47' title="bbox 356 2950 1941 3026">
    <p class='ocr_par' dir='ltr' id='par_1_47' title="bbox 356 2950 1941 3026">
     <span class='ocr_line' id='line_1_47' title="bbox 356 2950 1941 3026; baseline 0.004 -23"><span class='ocrx_word' id='word_1_345' title='bbox 356 2950 648 3005; x_wconf 86' lang='lat' dir='ltr'><strong>admodum</strong></span> <span class='ocrx_word' id='word_1_346' title='bbox 678 2966 774 3021; x_wconf 81' lang='lat' dir='ltr'><strong>per</strong></span> <span class='ocrx_word' id='word_1_347' title='bbox 805 2951 979 3006; x_wconf 81' lang='lat' dir='ltr'><strong>lilium</strong></span> <span class='ocrx_word' id='word_1_348' title='bbox 1011 2952 1210 3007; x_wconf 88' lang='lat' dir='ltr'><strong>virtute</strong></span> <span class='ocrx_word' id='word_1_349' title='bbox 1234 2953 1492 3022; x_wconf 67' lang='lat' dir='ltr'><strong>praeditos</strong></span> <span class='ocrx_word' id='word_1_350' title='bbox 1513 2957 1744 3010; x_wconf 86' lang='lat' dir='ltr'><strong>obscure</strong></span> <span class='ocrx_word' id='word_1_351' title='bbox 1771 2955 1941 3026; x_wconf 79' lang='lat' dir='ltr'><strong>signi-</strong></span> 
     </span>
    </p>
   </div>
   <div class='ocr_carea' id='block_1_48' title="bbox 355 3041 1938 3116">
    <p class='ocr_par' dir='ltr' id='par_1_48' title="bbox 355 3041 1938 3116">
     <span class='ocr_line' id='line_1_48' title="bbox 355 3041 1938 3116; baseline 0.002 -20"><span class='ocrx_word' id='word_1_352' title='bbox 355 3041 571 3104; x_wconf 76' lang='lat' dir='ltr'><strong>ﬁcavit,</strong></span> <span class='ocrx_word' id='word_1_353' title='bbox 604 3042 676 3094; x_wconf 90' lang='lat' dir='ltr'><strong>ita</strong></span> <span class='ocrx_word' id='word_1_354' title='bbox 709 3057 807 3111; x_wconf 88' lang='lat' dir='ltr'><strong>per</strong></span> <span class='ocrx_word' id='word_1_355' title='bbox 839 3041 1025 3097; x_wconf 80' lang='lat' dir='ltr'><strong>fetntm</strong></span> <span class='ocrx_word' id='word_1_356' title='bbox 1072 3042 1251 3098; x_wconf 91' lang='lat' dir='ltr'><strong>innuit</strong></span> <span class='ocrx_word' id='word_1_357' title='bbox 1301 3059 1396 3099; x_wconf 86' lang='lat' dir='ltr'><strong>eos</strong></span> <span class='ocrx_word' id='word_1_358' title='bbox 1444 3044 1538 3114; x_wconf 89' lang='lat' dir='ltr'><strong>qui</strong></span> <span class='ocrx_word' id='word_1_359' title='bbox 1572 3044 1735 3116; x_wconf 78' lang='lat'><strong>307</strong></span> <span class='ocrx_word' id='word_1_360' title='bbox 1771 3046 1938 3100; x_wconf 90' lang='lat' dir='ltr'><strong>animi</strong></span> 
     </span>
    </p>
   </div>
   <div class='ocr_carea' id='block_1_49' title="bbox 2054 1936 3630 2014">
    <p class='ocr_par' dir='ltr' id='par_1_49' title="bbox 2054 1936 3630 2014">
     <span class='ocr_line' id='line_1_49' title="bbox 2054 1936 3630 2014; baseline -0.003 -21"><span class='ocrx_word' id='word_1_361' title='bbox 2054 1940 2294 2014; x_wconf 81' lang='grc' dir='ltr'>’ᾉσματι</span> <span class='ocrx_word' id='word_1_362' title='bbox 2333 1939 2556 2004; x_wconf 78' lang='grc' dir='ltr'>ἔπαινος</span> <span class='ocrx_word' id='word_1_363' title='bbox 2581 1957 2595 1972; x_wconf 80' lang='grc' dir='ltr'><strong>ο</strong></span> <span class='ocrx_word' id='word_1_364' title='bbox 2629 1959 2648 1992; x_wconf 70' lang='grc' dir='ltr'><strong>ι</strong></span> <span class='ocrx_word' id='word_1_365' title='bbox 2694 1941 2788 2004; x_wconf 78' lang='grc' dir='ltr'>Ὠς</span> <span class='ocrx_word' id='word_1_366' title='bbox 2819 1941 3006 2012; x_wconf 83' lang='grc' dir='ltr'>κρίνον</span> <span class='ocrx_word' id='word_1_367' title='bbox 3053 1942 3111 1993; x_wconf 79' lang='grc' dir='ltr'><strong>ἐν</strong></span> <span class='ocrx_word' id='word_1_368' title='bbox 3161 1941 3312 2010; x_wconf 79' lang='grc' dir='ltr'>μέσῳ</span> <span class='ocrx_word' id='word_1_369' title='bbox 3351 1936 3630 2004; x_wconf 81' lang='grc' dir='ltr'>ἀκανθῶν,</span> 
     </span>
    </p>
   </div>
   <div class='ocr_carea' id='block_1_50' title="bbox 2049 2029 3627 2103">
    <p class='ocr_par' dir='ltr' id='par_1_50' title="bbox 2049 2029 3627 2103">
     <span class='ocr_line' id='line_1_50' title="bbox 2049 2029 3627 2103; baseline -0.003 -19"><span class='ocrx_word' id='word_1_370' title='bbox 2049 2031 2224 2096; x_wconf 77' lang='grc' dir='ltr'>οὕτως</span> <span class='ocrx_word' id='word_1_371' title='bbox 2263 2035 2299 2102; x_wconf 81' lang='grc' dir='ltr'><strong>ἡ</strong></span> <span class='ocrx_word' id='word_1_372' title='bbox 2349 2031 2552 2103; x_wconf 81' lang='grc' dir='ltr'>ἀδελφή</span> <span class='ocrx_word' id='word_1_373' title='bbox 2610 2049 2710 2102; x_wconf 91' lang='grc' dir='ltr'><strong>μου</strong></span> <span class='ocrx_word' id='word_1_374' title='bbox 2755 2033 2814 2086; x_wconf 81' lang='grc' dir='ltr'>ἐν</span> <span class='ocrx_word' id='word_1_375' title='bbox 2865 2031 3016 2102; x_wconf 78' lang='grc' dir='ltr'>μέσῳ</span> <span class='ocrx_word' id='word_1_376' title='bbox 3063 2029 3174 2084; x_wconf 80' lang='grc' dir='ltr'>τῶν</span> <span class='ocrx_word' id='word_1_377' title='bbox 3219 2029 3557 2098; x_wconf 78' lang='grc' dir='ltr'>θυγατέρων.</span> <span class='ocrx_word' id='word_1_378' title='bbox 3606 2046 3627 2080; x_wconf 75' lang='grc' dir='ltr'><strong>ι</strong></span> 
     </span>
    </p>
   </div>
   <div class='ocr_carea' id='block_1_51' title="bbox 2057 2119 3635 2198">
    <p class='ocr_par' dir='ltr' id='par_1_51' title="bbox 2057 2119 3635 2198">
     <span class='ocr_line' id='line_1_51' title="bbox 2057 2119 3635 2198; baseline -0.006 -18"><span class='ocrx_word' id='word_1_379' title='bbox 2057 2123 2124 2180; x_wconf 88' lang='grc' dir='ltr'><strong><em>Ἥ</em></strong></span> <span class='ocrx_word' id='word_1_380' title='bbox 2155 2125 2264 2198; x_wconf 79' lang='grc' dir='ltr'>γὰρ</span> <span class='ocrx_word' id='word_1_381' title='bbox 2294 2123 2514 2196; x_wconf 85' lang='grc' dir='ltr'>καθαρὰ</span> <span class='ocrx_word' id='word_1_382' title='bbox 2547 2122 2716 2193; x_wconf 70' lang='grc' dir='ltr'>ψυχὴ,</span> <span class='ocrx_word' id='word_1_383' title='bbox 2753 2127 2812 2178; x_wconf 76' lang='grc' dir='ltr'>ἐν</span> <span class='ocrx_word' id='word_1_384' title='bbox 2848 2123 3001 2192; x_wconf 78' lang='grc' dir='ltr'>μέσῳ</span> <span class='ocrx_word' id='word_1_385' title='bbox 3031 2121 3275 2194; x_wconf 80' lang='grc' dir='ltr'>φυομένη</span> <span class='ocrx_word' id='word_1_386' title='bbox 3303 2120 3414 2173; x_wconf 86' lang='grc' dir='ltr'>τῶν</span> <span class='ocrx_word' id='word_1_387' title='bbox 3450 2119 3635 2190; x_wconf 82' lang='grc' dir='ltr'>βιωτι-</span> 
     </span>
    </p>
   </div>
   <div class='ocr_carea' id='block_1_52' title="bbox 2047 2209 3632 2285">
    <p class='ocr_par' dir='ltr' id='par_1_52' title="bbox 2047 2209 3632 2285">
     <span class='ocr_line' id='line_1_52' title="bbox 2047 2209 3632 2285; baseline -0.007 -11"><span class='ocrx_word' id='word_1_388' title='bbox 2047 2219 2160 2274; x_wconf 82' lang='grc' dir='ltr'><strong>κῶν</strong></span> <span class='ocrx_word' id='word_1_389' title='bbox 2213 2218 2490 2284; x_wconf 79' lang='grc' dir='ltr'>ἀκανθῶν,</span> <span class='ocrx_word' id='word_1_390' title='bbox 2545 2220 2766 2271; x_wconf 84' lang='grc' dir='ltr'>πάντων</span> <span class='ocrx_word' id='word_1_391' title='bbox 2831 2218 3281 2285; x_wconf 83' lang='grc' dir='ltr'>ὑπερανίσταται.</span> <span class='ocrx_word' id='word_1_392' title='bbox 3330 2211 3530 2276; x_wconf 85' lang='grc' dir='ltr'>Καλῶς</span> <span class='ocrx_word' id='word_1_393' title='bbox 3573 2209 3632 2264; x_wconf 82' lang='grc' dir='ltr'><strong>δὲ</strong></span> 
     </span>
    </p>
   </div>
   <div class='ocr_carea' id='block_1_53' title="bbox 2049 2303 3632 2384">
    <p class='ocr_par' dir='ltr' id='par_1_53' title="bbox 2049 2303 3632 2384">
     <span class='ocr_line' id='line_1_53' title="bbox 2049 2303 3632 2384; baseline -0.006 -18"><span class='ocrx_word' id='word_1_394' title='bbox 2049 2311 2358 2384; x_wconf 82' lang='grc' dir='ltr'>προσέθηκε</span> <span class='ocrx_word' id='word_1_395' title='bbox 2405 2310 2502 2377; x_wconf 83' lang='grc' dir='ltr'><strong>τὸ,</strong></span> <span class='ocrx_word' id='word_1_396' title='bbox 2552 2329 2572 2364; x_wconf 71' lang='grc' dir='ltr'><strong>ι</strong></span> <span class='ocrx_word' id='word_1_397' title='bbox 2603 2311 2736 2365; x_wconf 71' lang='grc' dir='ltr'><strong>Οὐδὲ</strong></span> <span class='ocrx_word' id='word_1_398' title='bbox 2769 2309 3030 2377; x_wconf 84' lang='grc' dir='ltr'>Σολομῶν</span> <span class='ocrx_word' id='word_1_399' title='bbox 3087 2307 3164 2372; x_wconf 85' lang='grc' dir='ltr'><strong>ὡς</strong></span> <span class='ocrx_word' id='word_1_400' title='bbox 3194 2306 3252 2362; x_wconf 77' lang='grc' dir='ltr'>ἓν</span> <span class='ocrx_word' id='word_1_401' title='bbox 3295 2305 3402 2358; x_wconf 84' lang='grc' dir='ltr'>τῶν</span> <span class='ocrx_word' id='word_1_402' title='bbox 3428 2303 3632 2377; x_wconf 76' lang='grc' dir='ltr'>κρίνων</span> 
     </span>
    </p>
   </div>
   <div class='ocr_carea' id='block_1_54' title="bbox 2047 2393 3630 2474">
    <p class='ocr_par' dir='ltr' id='par_1_54' title="bbox 2047 2393 3630 2474">
     <span class='ocr_line' id='line_1_54' title="bbox 2047 2393 3630 2474; baseline -0.006 -16"><span class='ocrx_word' id='word_1_403' title='bbox 2047 2403 2434 2474; x_wconf 86' lang='grc' dir='ltr'>περιεϐάλλετο</span> <span class='ocrx_word' id='word_1_404' title='bbox 2461 2416 2474 2433; x_wconf 88' lang='grc'><em>’</em></span> <span class='ocrx_word' id='word_1_405' title='bbox 2516 2420 2534 2454; x_wconf 69' lang='grc' dir='ltr'><strong>ι</strong></span> <span class='ocrx_word' id='word_1_406' title='bbox 2569 2403 2666 2456; x_wconf 72' lang='grc' dir='ltr'>καὶ</span> <span class='ocrx_word' id='word_1_407' title='bbox 2699 2401 2863 2462; x_wconf 71' lang='grc' dir='ltr'>αὐτὸς</span> <span class='ocrx_word' id='word_1_408' title='bbox 2896 2400 3006 2469; x_wconf 82' lang='grc' dir='ltr'>γὰρ</span> <span class='ocrx_word' id='word_1_409' title='bbox 3032 2401 3060 2454; x_wconf 86' lang='grc' dir='ltr'><strong>ό</strong></span> <span class='ocrx_word' id='word_1_410' title='bbox 3092 2399 3152 2453; x_wconf 79' lang='grc' dir='ltr'>ὲν</span> <span class='ocrx_word' id='word_1_411' title='bbox 3194 2398 3356 2468; x_wconf 75' lang='grc' dir='ltr'>σοφίᾳ</span> <span class='ocrx_word' id='word_1_412' title='bbox 3385 2393 3630 2466; x_wconf 83' lang='grc' dir='ltr'>γεγονὼς</span> 
     </span>
    </p>
   </div>
   <div class='ocr_carea' id='block_1_55' title="bbox 2047 2489 3630 2568">
    <p class='ocr_par' dir='ltr' id='par_1_55' title="bbox 2047 2489 3630 2568">
     <span class='ocr_line' id='line_1_55' title="bbox 2047 2489 3630 2568; baseline -0.006 -18"><span class='ocrx_word' id='word_1_413' title='bbox 2047 2495 2391 2568; x_wconf 77' lang='grc' dir='ltr'>περιϐόητος,</span> <span class='ocrx_word' id='word_1_414' title='bbox 2422 2495 2484 2548; x_wconf 89' lang='grc' dir='ltr'>τδ</span> <span class='ocrx_word' id='word_1_415' title='bbox 2504 2494 2746 2566; x_wconf 71' lang='grc' dir='ltr'>καθαρδν</span> <span class='ocrx_word' id='word_1_416' title='bbox 2777 2495 2876 2564; x_wconf 80' lang='grc' dir='ltr'>τῆς</span> <span class='ocrx_word' id='word_1_417' title='bbox 2895 2491 3250 2564; x_wconf 77' lang='grc' dir='ltr'>σωφροσύνης</span> <span class='ocrx_word' id='word_1_418' title='bbox 3301 2489 3403 2544; x_wconf 77' lang='grc' dir='ltr'>οὐκ</span> <span class='ocrx_word' id='word_1_419' title='bbox 3453 2489 3630 2542; x_wconf 75' lang='grc' dir='ltr'>ἐπεκ-</span> 
     </span>
    </p>
   </div>
   <div class='ocr_carea' id='block_1_56' title="bbox 2045 2593 2269 2661">
    <p class='ocr_par' dir='ltr' id='par_1_56' title="bbox 2045 2593 2269 2661">
     <span class='ocr_line' id='line_1_56' title="bbox 2045 2593 2269 2661; baseline -0.004 -17"><span class='ocrx_word' id='word_1_420' title='bbox 2045 2593 2269 2661; x_wconf 79' lang='grc' dir='ltr'>τήτατο.</span> 
     </span>
    </p>
   </div>
   <div class='ocr_carea' id='block_1_57' title="bbox 2123 2763 3632 2840">
    <p class='ocr_par' dir='ltr' id='par_1_57' title="bbox 2123 2763 3632 2840">
     <span class='ocr_line' id='line_1_57' title="bbox 2123 2763 3632 2840; baseline -0.006 -18"><span class='ocrx_word' id='word_1_421' title='bbox 2123 2788 2142 2822; x_wconf 75' lang='grc' dir='ltr'><strong>ι</strong></span> <span class='ocrx_word' id='word_1_422' title='bbox 2174 2771 2234 2824; x_wconf 78' lang='lat' dir='ltr'><strong>El</strong></span> <span class='ocrx_word' id='word_1_423' title='bbox 2267 2770 2322 2823; x_wconf 70' lang='grc' dir='ltr'><strong>δὲ</strong></span> <span class='ocrx_word' id='word_1_424' title='bbox 2353 2769 2444 2822; x_wconf 78' lang='grc' dir='ltr'><strong>τὸν</strong></span> <span class='ocrx_word' id='word_1_425' title='bbox 2477 2769 2674 2840; x_wconf 80' lang='grc' dir='ltr'>χόρτον</span> <span class='ocrx_word' id='word_1_426' title='bbox 2698 2765 2799 2820; x_wconf 84' lang='grc' dir='ltr'><strong>τοῦ</strong></span> <span class='ocrx_word' id='word_1_427' title='bbox 2831 2765 3028 2834; x_wconf 85' lang='grc' dir='ltr'>ἀγροῦ,</span> <span class='ocrx_word' id='word_1_428' title='bbox 3069 2765 3316 2836; x_wconf 82' lang='grc' dir='ltr'>σήμερον</span> <span class='ocrx_word' id='word_1_429' title='bbox 3353 2763 3488 2816; x_wconf 74' lang='grc' dir='ltr'>ὄντα</span> <span class='ocrx_word' id='word_1_430' title='bbox 3531 2763 3632 2815; x_wconf 71' lang='grc' dir='ltr'><strong>καὶ</strong></span> 
     </span>
    </p>
   </div>
   <div class='ocr_carea' id='block_1_58' title="bbox 2049 2851 3634 2930">
    <p class='ocr_par' dir='ltr' id='par_1_58' title="bbox 2049 2851 3634 2930">
     <span class='ocr_line' id='line_1_58' title="bbox 2049 2851 3634 2930; baseline -0.006 -16"><span class='ocrx_word' id='word_1_431' title='bbox 2049 2858 2242 2930; x_wconf 74' lang='grc' dir='ltr'>αὔριον</span> <span class='ocrx_word' id='word_1_432' title='bbox 2274 2861 2356 2922; x_wconf 75' lang='grc' dir='ltr'>εἰς</span> <span class='ocrx_word' id='word_1_433' title='bbox 2407 2857 2667 2910; x_wconf 59' lang='grc' dir='ltr'>κλίϐανον</span> <span class='ocrx_word' id='word_1_434' title='bbox 2719 2855 3078 2926; x_wconf 79' lang='grc' dir='ltr'>βαλλόμενον,</span> <span class='ocrx_word' id='word_1_435' title='bbox 3105 2856 3134 2908; x_wconf 88' lang='grc' dir='ltr'><strong>ό</strong></span> <span class='ocrx_word' id='word_1_436' title='bbox 3163 2855 3298 2913; x_wconf 77' lang='grc' dir='ltr'>Θεὸς</span> <span class='ocrx_word' id='word_1_437' title='bbox 3325 2851 3499 2916; x_wconf 79' lang='grc' dir='ltr'>οὕτως</span> <span class='ocrx_word' id='word_1_438' title='bbox 3523 2853 3634 2922; x_wconf 65' lang='grc' dir='ltr'>ἁμα</span> 
     </span>
    </p>
   </div>
   <div class='ocr_carea' id='block_1_59' title="bbox 2046 2945 3636 3023">
    <p class='ocr_par' dir='ltr' id='par_1_59' title="bbox 2046 2945 3636 3023">
     <span class='ocr_line' id='line_1_59' title="bbox 2046 2945 3636 3023; baseline -0.007 -17"><span class='ocrx_word' id='word_1_439' title='bbox 2046 2953 2310 3023; x_wconf 78' lang='grc' dir='ltr'>φιὲννυσι.</span> <span class='ocrx_word' id='word_1_440' title='bbox 2326 2969 2344 3000; x_wconf 75' lang='grc' dir='ltr'><strong>ι</strong></span> <span class='ocrx_word' id='word_1_441' title='bbox 2379 2950 2594 3020; x_wconf 85' lang='grc' dir='ltr'>Ὥσπερ</span> <span class='ocrx_word' id='word_1_442' title='bbox 2616 2949 2702 3002; x_wconf 83' lang='grc' dir='ltr'><strong>διὰ</strong></span> <span class='ocrx_word' id='word_1_443' title='bbox 2729 2947 2824 3001; x_wconf 86' lang='grc' dir='ltr'><strong>τοῦ</strong></span> <span class='ocrx_word' id='word_1_444' title='bbox 2847 2947 3036 3018; x_wconf 73' lang='grc' dir='ltr'>κρίνου</span> <span class='ocrx_word' id='word_1_445' title='bbox 3057 2947 3181 3009; x_wconf 70' lang='grc' dir='ltr'>τοὺς</span> <span class='ocrx_word' id='word_1_446' title='bbox 3200 2947 3488 3016; x_wconf 79' lang='grc' dir='ltr'>ἐναρέτους</span> <span class='ocrx_word' id='word_1_447' title='bbox 3511 2945 3602 3017; x_wconf 77' lang='grc' dir='ltr'>ῂνῖ</span> <span class='ocrx_word' id='word_1_448' title='bbox 3623 2975 3636 2985; x_wconf 90' lang='grc'><strong>-</strong></span> 
     </span>
    </p>
   </div>
   <div class='ocr_carea' id='block_1_60' title="bbox 2046 3037 3636 3112">
    <p class='ocr_par' dir='ltr' id='par_1_60' title="bbox 2046 3037 3636 3112">
     <span class='ocr_line' id='line_1_60' title="bbox 2046 3037 3636 3112; baseline -0.005 -14"><span class='ocrx_word' id='word_1_449' title='bbox 2046 3045 2198 3111; x_wconf 80' lang='grc' dir='ltr'>ξατο,</span> <span class='ocrx_word' id='word_1_450' title='bbox 2223 3044 2366 3097; x_wconf 78' lang='grc' dir='ltr'>οὕτω</span> <span class='ocrx_word' id='word_1_451' title='bbox 2386 3043 2474 3096; x_wconf 76' lang='grc' dir='ltr'><strong>διὰ</strong></span> <span class='ocrx_word' id='word_1_452' title='bbox 2506 3041 2602 3095; x_wconf 84' lang='grc' dir='ltr'><strong>τοῦ</strong></span> <span class='ocrx_word' id='word_1_453' title='bbox 2633 3041 2828 3112; x_wconf 85' lang='grc' dir='ltr'>χόρτου</span> <span class='ocrx_word' id='word_1_454' title='bbox 2867 3039 2943 3112; x_wconf 74' lang='grc' dir='ltr'>(τι)</span> <span class='ocrx_word' id='word_1_455' title='bbox 2967 3041 3062 3094; x_wconf 74' lang='grc' dir='ltr'><strong>καὶ</strong></span> <span class='ocrx_word' id='word_1_456' title='bbox 3091 3039 3219 3108; x_wconf 77' lang='grc' dir='ltr'>ἄξια</span> <span class='ocrx_word' id='word_1_457' title='bbox 3249 3037 3636 3110; x_wconf 79' lang='grc' dir='ltr'>γεωργοῦντας</span> 
     </span>
    </p>
   </div>
   <div class='ocr_carea' id='block_1_61' title="bbox 352 3129 1949 3211">
    <p class='ocr_par' dir='ltr' id='par_1_61' title="bbox 352 3133 1946 3211">
     <span class='ocr_line' id='line_1_61' title="bbox 352 3133 1946 3211; baseline 0.001 -23"><span class='ocrx_word' id='word_1_458' title='bbox 352 3133 866 3204; x_wconf 77' lang='lat' dir='ltr'><strong>perturbationibus</strong></span> <span class='ocrx_word' id='word_1_459' title='bbox 896 3133 1129 3202; x_wconf 83' lang='lat' dir='ltr'><strong>subjecti</strong></span> <span class='ocrx_word' id='word_1_460' title='bbox 1163 3145 1315 3211; x_wconf 83' lang='lat' dir='ltr'><strong>sunt,</strong></span> <span class='ocrx_word' id='word_1_461' title='bbox 1355 3145 1412 3190; x_wconf 87' lang='lat' dir='ltr'><strong>et</strong></span> <span class='ocrx_word' id='word_1_462' title='bbox 1437 3135 1602 3204; x_wconf 80' lang='lat' dir='ltr'><strong>digna</strong></span> <span class='ocrx_word' id='word_1_463' title='bbox 1629 3146 1946 3207; x_wconf 82' lang='lat' dir='ltr'><strong>perpetrant</strong></span> 
     </span>
    </p>
   </div>
   <div class='ocr_carea' id='block_1_62' title="bbox 2051 3129 3637 3211">
    <p class='ocr_par' dir='ltr' id='par_1_62' title="bbox 2051 3129 3637 3204">
     <span class='ocr_line' id='line_1_62' title="bbox 2051 3129 3637 3204; baseline -0.004 -14"><span class='ocrx_word' id='word_1_464' title='bbox 2051 3135 2146 3190; x_wconf 84' lang='grc' dir='ltr'><strong>τοῦ</strong></span> <span class='ocrx_word' id='word_1_465' title='bbox 2187 3135 2410 3189; x_wconf 78' lang='grc' dir='ltr'>αἰωνίου</span> <span class='ocrx_word' id='word_1_466' title='bbox 2449 3133 2646 3204; x_wconf 81' lang='grc' dir='ltr'>πυρὸς,</span> <span class='ocrx_word' id='word_1_467' title='bbox 2679 3136 2818 3204; x_wconf 83' lang='grc' dir='ltr'>ὅπερ</span> <span class='ocrx_word' id='word_1_468' title='bbox 2873 3133 3133 3203; x_wconf 85' lang='grc' dir='ltr'>ὠνόμασε</span> <span class='ocrx_word' id='word_1_469' title='bbox 3179 3131 3457 3186; x_wconf 80' lang='grc' dir='ltr'>κλίϐανον.</span> <span class='ocrx_word' id='word_1_470' title='bbox 3495 3129 3637 3184; x_wconf 78' lang='grc' dir='ltr'>Καθ’</span> 
     </span>
    </p>
   </div>
   <div class='ocr_carea' id='block_1_63' title="bbox 355 3207 1942 3298">
    <p class='ocr_par' dir='ltr' id='par_1_63' title="bbox 355 3207 1942 3298">
     <span class='ocr_line' id='line_1_63' title="bbox 355 3207 1942 3298; baseline 0.003 -18"><span class='ocrx_word' id='word_1_471' title='bbox 355 3227 485 3294; x_wconf 80' lang='lat' dir='ltr'><strong>igne</strong></span> <span class='ocrx_word' id='word_1_472' title='bbox 519 3227 880 3296; x_wconf 85' lang='lat' dir='ltr'><strong>sempiterno,</strong></span> <span class='ocrx_word' id='word_1_473' title='bbox 929 3240 1089 3296; x_wconf 88' lang='lat' dir='ltr'><strong>quem</strong></span> <span class='ocrx_word' id='word_1_474' title='bbox 1143 3207 1339 3279; x_wconf 77' lang='lat' dir='ltr'><strong>clibarii</strong></span> <span class='ocrx_word' id='word_1_475' title='bbox 1379 3226 1600 3282; x_wconf 86' lang='lat' dir='ltr'><strong>nomine</strong></span> <span class='ocrx_word' id='word_1_476' title='bbox 1631 3227 1942 3298; x_wconf 84' lang='lat' dir='ltr'><strong>appellavit.</strong></span> 
     </span>
    </p>
   </div>
   <div class='ocr_carea' id='block_1_64' title="bbox 358 3316 1946 3391">
    <p class='ocr_par' dir='ltr' id='par_1_64' title="bbox 358 3316 1946 3391">
     <span class='ocr_line' id='line_1_64' title="bbox 358 3316 1946 3391; baseline 0.001 -17"><span class='ocrx_word' id='word_1_477' title='bbox 358 3319 478 3374; x_wconf 72' lang='lat' dir='ltr'><strong>Alia</strong></span> <span class='ocrx_word' id='word_1_478' title='bbox 515 3334 647 3374; x_wconf 80' lang='lat' dir='ltr'><strong>vero</strong></span> <span class='ocrx_word' id='word_1_479' title='bbox 677 3319 893 3372; x_wconf 86' lang='lat' dir='ltr'><strong>ratione</strong></span> <span class='ocrx_word' id='word_1_480' title='bbox 937 3317 1178 3371; x_wconf 84' lang='lat' dir='ltr'><strong>animam</strong></span> <span class='ocrx_word' id='word_1_481' title='bbox 1230 3316 1403 3371; x_wconf 90' lang='lat' dir='ltr'><strong>lilium</strong></span> <span class='ocrx_word' id='word_1_482' title='bbox 1454 3319 1705 3382; x_wconf 84' lang='lat' dir='ltr'><strong>vocavit,</strong></span> <span class='ocrx_word' id='word_1_483' title='bbox 1745 3335 1946 3391; x_wconf 83' lang='lat' dir='ltr'><strong>corpus</strong></span> 
     </span>
    </p>
   </div>
   <div class='ocr_carea' id='block_1_65' title="bbox 359 3407 1946 3480">
    <p class='ocr_par' dir='ltr' id='par_1_65' title="bbox 359 3407 1946 3480">
     <span class='ocr_line' id='line_1_65' title="bbox 359 3407 1946 3480; baseline 0.004 -20"><span class='ocrx_word' id='word_1_484' title='bbox 359 3427 492 3466; x_wconf 83' lang='lat' dir='ltr'><strong>vero</strong></span> <span class='ocrx_word' id='word_1_485' title='bbox 527 3411 712 3465; x_wconf 78' lang='lat' dir='ltr'><strong>fenum</strong></span> <span class='ocrx_word' id='word_1_486' title='bbox 752 3407 894 3480; x_wconf 77' lang='lat' dir='ltr'><strong>agri.</strong></span> <span class='ocrx_word' id='word_1_487' title='bbox 926 3409 1140 3478; x_wconf 89' lang='lat' dir='ltr'><strong>Corpus</strong></span> <span class='ocrx_word' id='word_1_488' title='bbox 1172 3423 1427 3478; x_wconf 80' lang='lat' dir='ltr'><strong>namque,</strong></span> <span class='ocrx_word' id='word_1_489' title='bbox 1477 3411 1946 3480; x_wconf 82' lang='lat' dir='ltr'><strong>quodjuvenlutis</strong></span> 
     </span>
    </p>
   </div>
   <div class='ocr_carea' id='block_1_66' title="bbox 363 3502 1947 3574">
    <p class='ocr_par' dir='ltr' id='par_1_66' title="bbox 363 3502 1947 3574">
     <span class='ocr_line' id='line_1_66' title="bbox 363 3502 1947 3574; baseline 0.001 -17"><span class='ocrx_word' id='word_1_490' title='bbox 363 3519 498 3560; x_wconf 85' lang='lat' dir='ltr'><strong>vere</strong></span> <span class='ocrx_word' id='word_1_491' title='bbox 523 3505 683 3574; x_wconf 88' lang='lat' dir='ltr'><strong>quasi</strong></span> <span class='ocrx_word' id='word_1_492' title='bbox 715 3503 880 3558; x_wconf 86' lang='lat' dir='ltr'><strong>herba</strong></span> <span class='ocrx_word' id='word_1_493' title='bbox 913 3502 1160 3567; x_wconf 77' lang='lat' dir='ltr'><strong>virescit,</strong></span> <span class='ocrx_word' id='word_1_494' title='bbox 1185 3503 1236 3555; x_wconf 91' lang='lat' dir='ltr'><strong>in</strong></span> <span class='ocrx_word' id='word_1_495' title='bbox 1265 3504 1378 3572; x_wconf 75' lang='lat' dir='ltr'><strong>ipsa</strong></span> <span class='ocrx_word' id='word_1_496' title='bbox 1413 3508 1710 3560; x_wconf 86' lang='lat' dir='ltr'><strong>senectutis</strong></span> <span class='ocrx_word' id='word_1_497' title='bbox 1759 3516 1947 3561; x_wconf 70' lang='lat' dir='ltr'><strong>aestate</strong></span> 
     </span>
    </p>
   </div>
   <div class='ocr_carea' id='block_1_67' title="bbox 362 3593 1948 3676">
    <p class='ocr_par' dir='ltr' id='par_1_67' title="bbox 362 3593 1948 3676">
     <span class='ocr_line' id='line_1_67' title="bbox 362 3593 1948 3676; baseline -0.001 -25"><span class='ocrx_word' id='word_1_498' title='bbox 362 3598 419 3651; x_wconf 90' lang='lat' dir='ltr'><strong>in</strong></span> <span class='ocrx_word' id='word_1_499' title='bbox 473 3595 710 3666; x_wconf 82' lang='lat' dir='ltr'><strong>sepulcri</strong></span> <span class='ocrx_word' id='word_1_500' title='bbox 771 3593 989 3676; x_wconf 74' lang='lat' dir='ltr'><strong>clibano</strong></span> <span class='ocrx_word' id='word_1_501' title='bbox 1046 3596 1290 3664; x_wconf 85' lang='lat' dir='ltr'><strong>ponitur.</strong></span> <span class='ocrx_word' id='word_1_502' title='bbox 1353 3595 1507 3662; x_wconf 83' lang='lat' dir='ltr'><strong>Quod</strong></span> <span class='ocrx_word' id='word_1_503' title='bbox 1563 3609 1694 3650; x_wconf 90' lang='lat' dir='ltr'><strong>vcro</strong></span> <span class='ocrx_word' id='word_1_504' title='bbox 1748 3611 1948 3665; x_wconf 87' lang='lat' dir='ltr'><strong>corpus</strong></span> 
     </span>
    </p>
   </div>
   <div class='ocr_carea' id='block_1_68' title="bbox 363 3687 1945 3757">
    <p class='ocr_par' dir='ltr' id='par_1_68' title="bbox 363 3687 1945 3757">
     <span class='ocr_line' id='line_1_68' title="bbox 363 3687 1945 3757; baseline 0 -12"><span class='ocrx_word' id='word_1_505' title='bbox 363 3698 610 3745; x_wconf 88' lang='lat' dir='ltr'><strong>nostrum</strong></span> <span class='ocrx_word' id='word_1_506' title='bbox 641 3690 767 3743; x_wconf 84' lang='lat' dir='ltr'><strong>feno</strong></span> <span class='ocrx_word' id='word_1_507' title='bbox 797 3688 865 3742; x_wconf 88' lang='lat' dir='ltr'><strong>sit</strong></span> <span class='ocrx_word' id='word_1_508' title='bbox 895 3688 1099 3749; x_wconf 83' lang='lat' dir='ltr'><strong>simile.</strong></span> <span class='ocrx_word' id='word_1_509' title='bbox 1133 3687 1306 3742; x_wconf 81' lang='lat' dir='ltr'><strong>lsaias</strong></span> <span class='ocrx_word' id='word_1_510' title='bbox 1341 3690 1508 3742; x_wconf 87' lang='lat' dir='ltr'><strong>etiam</strong></span> <span class='ocrx_word' id='word_1_511' title='bbox 1543 3699 1731 3757; x_wconf 88' lang='lat' dir='ltr'><strong>aperte</strong></span> <span class='ocrx_word' id='word_1_512' title='bbox 1761 3689 1945 3746; x_wconf 89' lang='lat' dir='ltr'><strong>decla-</strong></span> 
     </span>
    </p>
   </div>
   <div class='ocr_carea' id='block_1_69' title="bbox 362 3780 1951 3850">
    <p class='ocr_par' dir='ltr' id='par_1_69' title="bbox 362 3780 1951 3850">
     <span class='ocr_line' id='line_1_69' title="bbox 362 3780 1951 3850; baseline -0.002 -12"><span class='ocrx_word' id='word_1_513' title='bbox 362 3785 527 3850; x_wconf 86' lang='lat' dir='ltr'><strong>ravit,</strong></span> <span class='ocrx_word' id='word_1_514' title='bbox 549 3798 670 3838; x_wconf 88' lang='lat' dir='ltr'><strong>cum</strong></span> <span class='ocrx_word' id='word_1_515' title='bbox 699 3781 835 3837; x_wconf 82' lang='lat' dir='ltr'><strong>dixit</strong></span> <span class='ocrx_word' id='word_1_516' title='bbox 867 3799 880 3832; x_wconf 90' lang='lat'>:</span> <span class='ocrx_word' id='word_1_517' title='bbox 913 3800 932 3833; x_wconf 71' lang='grc' dir='ltr'><strong>ε</strong></span> <span class='ocrx_word' id='word_1_518' title='bbox 961 3780 1154 3837; x_wconf 89' lang='lat' dir='ltr'><strong>Omnis</strong></span> <span class='ocrx_word' id='word_1_519' title='bbox 1197 3795 1324 3834; x_wconf 86' lang='lat' dir='ltr'><strong>caro</strong></span> <span class='ocrx_word' id='word_1_520' title='bbox 1365 3780 1548 3836; x_wconf 81' lang='lat' dir='ltr'><strong>fenum</strong></span> <span class='ocrx_word' id='word_1_521' title='bbox 1572 3781 1643 3835; x_wconf 77' lang='lat'><strong>&quot;.</strong></span> <span class='ocrx_word' id='word_1_522' title='bbox 1673 3799 1694 3834; x_wconf 73' lang='grc' dir='ltr'><strong>ι</strong></span> <span class='ocrx_word' id='word_1_523' title='bbox 1721 3781 1951 3837; x_wconf 76' lang='lat' dir='ltr'><strong>Videtur</strong></span> 
     </span>
    </p>
   </div>
   <div class='ocr_carea' id='block_1_70' title="bbox 361 3872 1950 3944">
    <p class='ocr_par' dir='ltr' id='par_1_70' title="bbox 361 3872 1950 3944">
     <span class='ocr_line' id='line_1_70' title="bbox 361 3872 1950 3944; baseline 0.002 -18"><span class='ocrx_word' id='word_1_524' title='bbox 361 3890 496 3930; x_wconf 77' lang='lat' dir='ltr'><strong>vero</strong></span> <span class='ocrx_word' id='word_1_525' title='bbox 531 3874 665 3928; x_wconf 88' lang='lat' dir='ltr'><strong>mihi</strong></span> <span class='ocrx_word' id='word_1_526' title='bbox 702 3884 756 3928; x_wconf 89' lang='lat' dir='ltr'><strong>et</strong></span> <span class='ocrx_word' id='word_1_527' title='bbox 803 3872 994 3937; x_wconf 87' lang='lat' dir='ltr'><strong>Isaias,</strong></span> <span class='ocrx_word' id='word_1_528' title='bbox 1055 3881 1112 3926; x_wconf 89' lang='lat' dir='ltr'><strong>et</strong></span> <span class='ocrx_word' id='word_1_529' title='bbox 1161 3873 1468 3935; x_wconf 81' lang='lat' dir='ltr'><strong>exemplum</strong></span> <span class='ocrx_word' id='word_1_530' title='bbox 1521 3873 1800 3944; x_wconf 75' lang='lat' dir='ltr'><strong>Evangelii</strong></span> <span class='ocrx_word' id='word_1_531' title='bbox 1853 3889 1950 3944; x_wconf 88' lang='lat' dir='ltr'><strong>per</strong></span> 
     </span>
    </p>
   </div>
   <div class='ocr_carea' id='block_1_71' title="bbox 361 3965 1952 4036">
    <p class='ocr_par' dir='ltr' id='par_1_71' title="bbox 361 3965 1952 4036">
     <span class='ocr_line' id='line_1_71' title="bbox 361 3965 1952 4036; baseline -0.001 -14"><span class='ocrx_word' id='word_1_532' title='bbox 361 3969 476 4024; x_wconf 78' lang='lat' dir='ltr'><strong>feni</strong></span> <span class='ocrx_word' id='word_1_533' title='bbox 528 3965 949 4024; x_wconf 88' lang='lat' dir='ltr'><strong>similitudinem</strong></span> <span class='ocrx_word' id='word_1_534' title='bbox 985 3977 1202 4020; x_wconf 69' lang='lat' dir='ltr'><strong>natura:</strong></span> <span class='ocrx_word' id='word_1_535' title='bbox 1247 3965 1524 4020; x_wconf 86' lang='lat' dir='ltr'><strong>miseriam</strong></span> <span class='ocrx_word' id='word_1_536' title='bbox 1571 3965 1818 4021; x_wconf 89' lang='lat' dir='ltr'><strong>attollere</strong></span> <span class='ocrx_word' id='word_1_537' title='bbox 1850 3981 1952 4036; x_wconf 85' lang='lat' dir='ltr'><strong>po-</strong></span> 
     </span>
    </p>
   </div>
   <div class='ocr_carea' id='block_1_72' title="bbox 362 4057 1952 4132">
    <p class='ocr_par' dir='ltr' id='par_1_72' title="bbox 362 4057 1952 4132">
     <span class='ocr_line' id='line_1_72' title="bbox 362 4057 1952 4132; baseline -0.002 -16"><span class='ocrx_word' id='word_1_538' title='bbox 362 4064 473 4118; x_wconf 87' lang='lat' dir='ltr'><strong>tius</strong></span> <span class='ocrx_word' id='word_1_539' title='bbox 507 4073 669 4132; x_wconf 83' lang='lat' dir='ltr'><strong>quam</strong></span> <span class='ocrx_word' id='word_1_540' title='bbox 724 4061 982 4129; x_wconf 84' lang='lat' dir='ltr'><strong>abjiccre,</strong></span> <span class='ocrx_word' id='word_1_541' title='bbox 1041 4059 1481 4130; x_wconf 85' lang='lat' dir='ltr'><strong>quandoquidem</strong></span> <span class='ocrx_word' id='word_1_542' title='bbox 1537 4059 1762 4114; x_wconf 89' lang='lat' dir='ltr'><strong>omnino</strong></span> <span class='ocrx_word' id='word_1_543' title='bbox 1804 4057 1952 4126; x_wconf 84' lang='lat' dir='ltr'><strong>pejor</strong></span> 
     </span>
    </p>
   </div>
   <div class='ocr_carea' id='block_1_73' title="bbox 363 4151 1950 4222">
    <p class='ocr_par' dir='ltr' id='par_1_73' title="bbox 363 4151 1950 4222">
     <span class='ocr_line' id='line_1_73' title="bbox 363 4151 1950 4222; baseline -0.006 -10"><span class='ocrx_word' id='word_1_544' title='bbox 363 4154 440 4212; x_wconf 81' lang='lat' dir='ltr'><strong>sit</strong></span> <span class='ocrx_word' id='word_1_545' title='bbox 495 4155 672 4217; x_wconf 62' lang='lat' dir='ltr'><strong>foeno;</strong></span> <span class='ocrx_word' id='word_1_546' title='bbox 723 4153 906 4209; x_wconf 77' lang='lat' dir='ltr'><strong>fenum</strong></span> <span class='ocrx_word' id='word_1_547' title='bbox 969 4167 1208 4222; x_wconf 85' lang='lat' dir='ltr'><strong>namque</strong></span> <span class='ocrx_word' id='word_1_548' title='bbox 1272 4151 1406 4205; x_wconf 89' lang='lat' dir='ltr'><strong>nihil</strong></span> <span class='ocrx_word' id='word_1_549' title='bbox 1453 4151 1617 4206; x_wconf 86' lang='lat' dir='ltr'><strong>habet</strong></span> <span class='ocrx_word' id='word_1_550' title='bbox 1667 4165 1698 4204; x_wconf 88' lang='lat' dir='ltr'><strong>a</strong></span> <span class='ocrx_word' id='word_1_551' title='bbox 1756 4160 1950 4205; x_wconf 88' lang='lat' dir='ltr'><strong>natura</strong></span> 
     </span>
    </p>
   </div>
   <div class='ocr_carea' id='block_1_74' title="bbox 361 4240 1948 4316">
    <p class='ocr_par' dir='ltr' id='par_1_74' title="bbox 361 4240 1948 4316">
     <span class='ocr_line' id='line_1_74' title="bbox 361 4240 1948 4316; baseline -0.004 -16"><span class='ocrx_word' id='word_1_552' title='bbox 361 4243 758 4316; x_wconf 67' lang='lat' dir='ltr'><strong>iniucundum;</strong></span> <span class='ocrx_word' id='word_1_553' title='bbox 811 4251 866 4298; x_wconf 87' lang='lat' dir='ltr'><strong>at</strong></span> <span class='ocrx_word' id='word_1_554' title='bbox 913 4257 1116 4313; x_wconf 87' lang='lat' dir='ltr'><strong>corpus</strong></span> <span class='ocrx_word' id='word_1_555' title='bbox 1161 4251 1405 4297; x_wconf 89' lang='lat' dir='ltr'><strong>nostrum</strong></span> <span class='ocrx_word' id='word_1_556' title='bbox 1458 4240 1667 4298; x_wconf 66' lang='lat' dir='ltr'><strong>lictoris</strong></span> <span class='ocrx_word' id='word_1_557' title='bbox 1715 4250 1770 4297; x_wconf 91' lang='lat' dir='ltr'><strong>et</strong></span> <span class='ocrx_word' id='word_1_558' title='bbox 1827 4255 1948 4295; x_wconf 90' lang='lat' dir='ltr'><strong>mo-</strong></span> 
     </span>
    </p>
   </div>
   <div class='ocr_carea' id='block_1_75' title="bbox 364 4333 1950 4403">
    <p class='ocr_par' dir='ltr' id='par_1_75' title="bbox 364 4333 1950 4403">
     <span class='ocr_line' id='line_1_75' title="bbox 364 4333 1950 4403; baseline -0.003 -12"><span class='ocrx_word' id='word_1_559' title='bbox 364 4339 538 4395; x_wconf 73' lang='lat' dir='ltr'><strong>lestia:</strong></span> <span class='ocrx_word' id='word_1_560' title='bbox 585 4347 672 4393; x_wconf 88' lang='lat' dir='ltr'><strong>est</strong></span> <span class='ocrx_word' id='word_1_561' title='bbox 712 4335 952 4398; x_wconf 81' lang='lat' dir='ltr'><strong>oliicina.</strong></span> <span class='ocrx_word' id='word_1_562' title='bbox 1005 4351 1130 4391; x_wconf 88' lang='lat' dir='ltr'><strong>cum</strong></span> <span class='ocrx_word' id='word_1_563' title='bbox 1181 4348 1338 4389; x_wconf 91' lang='lat' dir='ltr'><strong>omne</strong></span> <span class='ocrx_word' id='word_1_564' title='bbox 1387 4333 1442 4388; x_wconf 89' lang='lat' dir='ltr'><strong>id</strong></span> <span class='ocrx_word' id='word_1_565' title='bbox 1488 4335 1630 4403; x_wconf 91' lang='lat' dir='ltr'><strong>quod</strong></span> <span class='ocrx_word' id='word_1_566' title='bbox 1679 4333 1848 4387; x_wconf 82' lang='lat' dir='ltr'><strong>sumit</strong></span> <span class='ocrx_word' id='word_1_567' title='bbox 1897 4333 1950 4386; x_wconf 92' lang='lat' dir='ltr'><strong>in</strong></span> 
     </span>
    </p>
   </div>
   <div class='ocr_carea' id='block_1_76' title="bbox 366 4423 1950 4498">
    <p class='ocr_par' dir='ltr' id='par_1_76' title="bbox 366 4423 1950 4498">
     <span class='ocr_line' id='line_1_76' title="bbox 366 4423 1950 4498; baseline -0.005 -12"><span class='ocrx_word' id='word_1_568' title='bbox 366 4429 773 4498; x_wconf 86' lang='lat' dir='ltr'><strong>corruptionem</strong></span> <span class='ocrx_word' id='word_1_569' title='bbox 809 4440 863 4482; x_wconf 88' lang='lat' dir='ltr'><strong>et</strong></span> <span class='ocrx_word' id='word_1_570' title='bbox 895 4436 1244 4484; x_wconf 82' lang='lat' dir='ltr'><strong>excrementa</strong></span> <span class='ocrx_word' id='word_1_571' title='bbox 1297 4434 1603 4482; x_wconf 81' lang='lat' dir='ltr'><strong>convertat.</strong></span> <span class='ocrx_word' id='word_1_572' title='bbox 1655 4423 1950 4492; x_wconf 83' lang='lat' dir='ltr'><strong>Propterea</strong></span> 
     </span>
    </p>
   </div>
   <div class='ocr_carea' id='block_1_77' title="bbox 437 4568 1339 4632">
    <p class='ocr_par' dir='ltr' id='par_1_77' title="bbox 437 4568 1339 4632">
     <span class='ocr_line' id='line_1_77' title="bbox 437 4568 1339 4632; baseline -0.004 -4"><span class='ocrx_word' id='word_1_573' title='bbox 437 4575 482 4605; x_wconf 79' lang='lat'><strong>&#39;°</strong></span> <span class='ocrx_word' id='word_1_574' title='bbox 517 4571 673 4627; x_wconf 85' lang='lat' dir='ltr'><strong>Cant.</strong></span> <span class='ocrx_word' id='word_1_575' title='bbox 710 4587 768 4632; x_wconf 90' lang='grc' dir='ltr'><strong>ιι,</strong></span> <span class='ocrx_word' id='word_1_576' title='bbox 806 4571 856 4623; x_wconf 76' lang='lat'><strong>2.</strong></span> <span class='ocrx_word' id='word_1_577' title='bbox 933 4570 976 4602; x_wconf 85' lang='grc'><strong>⁵¹</strong></span> <span class='ocrx_word' id='word_1_578' title='bbox 1019 4569 1123 4623; x_wconf 84' lang='lat' dir='ltr'><strong>lsa.</strong></span> <span class='ocrx_word' id='word_1_579' title='bbox 1159 4585 1244 4632; x_wconf 77' lang='lat' dir='ltr'><strong>XL,</strong></span> <span class='ocrx_word' id='word_1_580' title='bbox 1284 4568 1339 4624; x_wconf 87' lang='lat'><strong>6.</strong></span> 
     </span>
    </p>
   </div>
   <div class='ocr_carea' id='block_1_78' title="bbox 2047 3223 3636 3297">
    <p class='ocr_par' dir='ltr' id='par_1_78' title="bbox 2047 3223 3636 3297">
     <span class='ocr_line' id='line_1_78' title="bbox 2047 3223 3636 3297; baseline -0.003 -16"><span class='ocrx_word' id='word_1_581' title='bbox 2047 3227 2239 3297; x_wconf 73' lang='grc' dir='ltr'>ἕτερον</span> <span class='ocrx_word' id='word_1_582' title='bbox 2293 3226 2351 3281; x_wconf 79' lang='grc' dir='ltr'><strong>δὲ</strong></span> <span class='ocrx_word' id='word_1_583' title='bbox 2413 3225 2574 3294; x_wconf 88' lang='grc' dir='ltr'>λόγον</span> <span class='ocrx_word' id='word_1_584' title='bbox 2627 3224 2729 3296; x_wconf 81' lang='grc' dir='ltr'><strong>τὴν</strong></span> <span class='ocrx_word' id='word_1_585' title='bbox 2772 3225 2873 3296; x_wconf 77' lang='grc' dir='ltr'><strong>μὲν</strong></span> <span class='ocrx_word' id='word_1_586' title='bbox 2924 3224 3106 3296; x_wconf 77' lang='grc' dir='ltr'>ψυχὴν</span> <span class='ocrx_word' id='word_1_587' title='bbox 3168 3227 3354 3294; x_wconf 82' lang='grc' dir='ltr'>κρίνον</span> <span class='ocrx_word' id='word_1_588' title='bbox 3385 3223 3636 3292; x_wconf 73' lang='grc' dir='ltr'>ἐκάλεσε,</span> 
     </span>
    </p>
   </div>
   <div class='ocr_carea' id='block_1_79' title="bbox 2048 3316 3638 3390">
    <p class='ocr_par' dir='ltr' id='par_1_79' title="bbox 2048 3316 3638 3390">
     <span class='ocr_line' id='line_1_79' title="bbox 2048 3316 3638 3390; baseline -0.003 -16"><span class='ocrx_word' id='word_1_589' title='bbox 2048 3320 2110 3374; x_wconf 71' lang='grc' dir='ltr'>τὸ</span> <span class='ocrx_word' id='word_1_590' title='bbox 2140 3321 2196 3374; x_wconf 78' lang='grc' dir='ltr'><strong>δὲ</strong></span> <span class='ocrx_word' id='word_1_591' title='bbox 2223 3319 2385 3390; x_wconf 77' lang='grc' dir='ltr'>σῶμα</span> <span class='ocrx_word' id='word_1_592' title='bbox 2413 3319 2606 3390; x_wconf 84' lang='grc' dir='ltr'>χόρτον</span> <span class='ocrx_word' id='word_1_593' title='bbox 2644 3317 2736 3372; x_wconf 86' lang='grc' dir='ltr'><strong>τοῦ</strong></span> <span class='ocrx_word' id='word_1_594' title='bbox 2765 3317 2938 3390; x_wconf 86' lang='grc' dir='ltr'>ἀγροῦ</span> <span class='ocrx_word' id='word_1_595' title='bbox 2965 3336 2979 3350; x_wconf 77' lang='grc' dir='ltr'><strong>ο</strong></span> <span class='ocrx_word' id='word_1_596' title='bbox 3011 3318 3207 3388; x_wconf 76' lang='grc' dir='ltr'>τδ’γὰρ</span> <span class='ocrx_word' id='word_1_597' title='bbox 3234 3316 3297 3390; x_wconf 82' lang='grc' dir='ltr'><strong>δὴ</strong></span> <span class='ocrx_word' id='word_1_598' title='bbox 3323 3317 3508 3388; x_wconf 84' lang='grc' dir='ltr'>σῶμα,</span> <span class='ocrx_word' id='word_1_599' title='bbox 3547 3334 3638 3370; x_wconf 80' lang='grc' dir='ltr'>τε·</span> 
     </span>
    </p>
   </div>
   <div class='ocr_carea' id='block_1_80' title="bbox 2051 3409 3638 3482">
    <p class='ocr_par' dir='ltr' id='par_1_80' title="bbox 2051 3409 3638 3482">
     <span class='ocr_line' id='line_1_80' title="bbox 2051 3409 3638 3482; baseline -0.003 -17"><span class='ocrx_word' id='word_1_600' title='bbox 2051 3412 2211 3482; x_wconf 85' lang='grc' dir='ltr'>θηλδς</span> <span class='ocrx_word' id='word_1_601' title='bbox 2241 3413 2318 3476; x_wconf 85' lang='grc' dir='ltr'>ὡς</span> <span class='ocrx_word' id='word_1_602' title='bbox 2347 3413 2480 3482; x_wconf 83' lang='grc' dir='ltr'>χλόη</span> <span class='ocrx_word' id='word_1_603' title='bbox 2505 3413 2566 3465; x_wconf 86' lang='grc' dir='ltr'>ὲν</span> <span class='ocrx_word' id='word_1_604' title='bbox 2588 3410 2666 3480; x_wconf 83' lang='grc' dir='ltr'>τῷ</span> <span class='ocrx_word' id='word_1_605' title='bbox 2691 3411 2792 3482; x_wconf 75' lang='grc' dir='ltr'>τῆς</span> <span class='ocrx_word' id='word_1_606' title='bbox 2831 3411 3086 3480; x_wconf 86' lang='grc' dir='ltr'>νεότητος</span> <span class='ocrx_word' id='word_1_607' title='bbox 3120 3411 3268 3477; x_wconf 73' lang='grc' dir='ltr'>ἔαρι,</span> <span class='ocrx_word' id='word_1_608' title='bbox 3301 3412 3358 3462; x_wconf 83' lang='grc' dir='ltr'>ὲν</span> <span class='ocrx_word' id='word_1_609' title='bbox 3381 3409 3459 3478; x_wconf 84' lang='grc' dir='ltr'>τῷ</span> <span class='ocrx_word' id='word_1_610' title='bbox 3481 3410 3638 3479; x_wconf 81' lang='grc' dir='ltr'>θέρει</span> 
     </span>
    </p>
   </div>
   <div class='ocr_carea' id='block_1_81' title="bbox 2049 3501 3636 3576">
    <p class='ocr_par' dir='ltr' id='par_1_81' title="bbox 2049 3501 3636 3576">
     <span class='ocr_line' id='line_1_81' title="bbox 2049 3501 3636 3576; baseline -0.003 -18"><span class='ocrx_word' id='word_1_611' title='bbox 2049 3503 2144 3558; x_wconf 87' lang='grc' dir='ltr'><strong>τοῦ</strong></span> <span class='ocrx_word' id='word_1_612' title='bbox 2181 3504 2370 3576; x_wconf 83' lang='grc' dir='ltr'>γήρως</span> <span class='ocrx_word' id='word_1_613' title='bbox 2392 3505 2474 3567; x_wconf 76' lang='grc' dir='ltr'>εις</span> <span class='ocrx_word' id='word_1_614' title='bbox 2499 3505 2593 3557; x_wconf 73' lang='grc' dir='ltr'>τὸν</span> <span class='ocrx_word' id='word_1_615' title='bbox 2617 3502 2712 3556; x_wconf 90' lang='grc' dir='ltr'><strong>τοῦ</strong></span> <span class='ocrx_word' id='word_1_616' title='bbox 2755 3502 2929 3573; x_wconf 81' lang='grc' dir='ltr'>τάφου</span> <span class='ocrx_word' id='word_1_617' title='bbox 2959 3501 3170 3555; x_wconf 82' lang='grc' dir='ltr'>τίθεται</span> <span class='ocrx_word' id='word_1_618' title='bbox 3200 3501 3473 3556; x_wconf 81' lang='grc' dir='ltr'>κλίϐανον.</span> <span class='ocrx_word' id='word_1_619' title='bbox 3509 3501 3636 3554; x_wconf 84' lang='grc' dir='ltr'>Ὅτι</span> 
     </span>
    </p>
   </div>
   <div class='ocr_carea' id='block_1_82' title="bbox 2050 3593 3636 3668">
    <p class='ocr_par' dir='ltr' id='par_1_82' title="bbox 2050 3593 3636 3668">
     <span class='ocr_line' id='line_1_82' title="bbox 2050 3593 3636 3668; baseline -0.001 -18"><span class='ocrx_word' id='word_1_620' title='bbox 2050 3596 2161 3665; x_wconf 77' lang='grc' dir='ltr'>γὰρ</span> <span class='ocrx_word' id='word_1_621' title='bbox 2192 3597 2253 3650; x_wconf 71' lang='grc' dir='ltr'>τδ</span> <span class='ocrx_word' id='word_1_622' title='bbox 2283 3597 2554 3667; x_wconf 78' lang='grc' dir='ltr'>ἡμέτερον</span> <span class='ocrx_word' id='word_1_623' title='bbox 2580 3596 2741 3666; x_wconf 81' lang='grc' dir='ltr'>σῶμα</span> <span class='ocrx_word' id='word_1_624' title='bbox 2765 3597 2948 3668; x_wconf 81' lang='grc' dir='ltr'>χόρτῳ</span> <span class='ocrx_word' id='word_1_625' title='bbox 2966 3597 3360 3666; x_wconf 79' lang='grc' dir='ltr'>παρείκασται,</span> <span class='ocrx_word' id='word_1_626' title='bbox 3393 3593 3636 3662; x_wconf 79' lang='grc' dir='ltr'>ἐδήλωσε</span> 
     </span>
    </p>
   </div>
   <div class='ocr_carea' id='block_1_83' title="bbox 2056 3687 3637 3756">
    <p class='ocr_par' dir='ltr' id='par_1_83' title="bbox 2056 3687 3637 3756">
     <span class='ocr_line' id='line_1_83' title="bbox 2056 3687 3637 3756; baseline -0.002 -12"><span class='ocrx_word' id='word_1_627' title='bbox 2056 3689 2151 3744; x_wconf 71' lang='grc' dir='ltr'><strong>καὶ</strong></span> <span class='ocrx_word' id='word_1_628' title='bbox 2192 3688 2418 3752; x_wconf 79' lang='grc' dir='ltr'>Ἡσαΐας</span> <span class='ocrx_word' id='word_1_629' title='bbox 2438 3689 2612 3741; x_wconf 77' lang='grc' dir='ltr'>εἰπών</span> <span class='ocrx_word' id='word_1_630' title='bbox 2635 3703 2648 3717; x_wconf 89' lang='grc'><strong>·</strong></span> <span class='ocrx_word' id='word_1_631' title='bbox 2684 3707 2702 3740; x_wconf 76' lang='grc' dir='ltr'><strong>ι</strong></span> <span class='ocrx_word' id='word_1_632' title='bbox 2737 3689 2898 3741; x_wconf 80' lang='grc' dir='ltr'>Πᾶσα</span> <span class='ocrx_word' id='word_1_633' title='bbox 2924 3687 3060 3756; x_wconf 80' lang='grc' dir='ltr'>σὰρξ</span> <span class='ocrx_word' id='word_1_634' title='bbox 3088 3687 3303 3756; x_wconf 77' lang='grc' dir='ltr'>χόρτος.</span> <span class='ocrx_word' id='word_1_635' title='bbox 3348 3706 3367 3738; x_wconf 71' lang='grc' dir='ltr'><strong>ι</strong></span> <span class='ocrx_word' id='word_1_636' title='bbox 3400 3689 3560 3740; x_wconf 81' lang='grc' dir='ltr'>Δοκεῖ</span> <span class='ocrx_word' id='word_1_637' title='bbox 3579 3688 3637 3741; x_wconf 79' lang='grc' dir='ltr'><strong>δέ</strong></span> 
     </span>
    </p>
   </div>
   <div class='ocr_carea' id='block_1_84' title="bbox 2057 3777 3638 3850">
    <p class='ocr_par' dir='ltr' id='par_1_84' title="bbox 2057 3777 3638 3850">
     <span class='ocr_line' id='line_1_84' title="bbox 2057 3777 3638 3850; baseline -0.003 -14"><span class='ocrx_word' id='word_1_638' title='bbox 2057 3798 2149 3850; x_wconf 85' lang='grc' dir='ltr'><strong>μοι</strong></span> <span class='ocrx_word' id='word_1_639' title='bbox 2177 3781 2276 3835; x_wconf 74' lang='grc' dir='ltr'><strong>καὶ</strong></span> <span class='ocrx_word' id='word_1_640' title='bbox 2327 3781 2584 3842; x_wconf 80' lang='grc' dir='ltr'>Ἡσαΐας,</span> <span class='ocrx_word' id='word_1_641' title='bbox 2619 3780 2716 3832; x_wconf 73' lang='grc' dir='ltr'><strong>καὶ</strong></span> <span class='ocrx_word' id='word_1_642' title='bbox 2748 3778 2810 3831; x_wconf 82' lang='grc' dir='ltr'>τὸ</span> <span class='ocrx_word' id='word_1_643' title='bbox 2839 3779 2934 3832; x_wconf 86' lang='grc' dir='ltr'><strong>τοῦ</strong></span> <span class='ocrx_word' id='word_1_644' title='bbox 2961 3778 3300 3847; x_wconf 79' lang='grc' dir='ltr'>Εὐαγγελίου</span> <span class='ocrx_word' id='word_1_645' title='bbox 3327 3777 3638 3847; x_wconf 77' lang='grc' dir='ltr'>ὑπόδειγμα</span> 
     </span>
    </p>
   </div>
   <div class='ocr_carea' id='block_1_85' title="bbox 2053 3872 3641 3944">
    <p class='ocr_par' dir='ltr' id='par_1_85' title="bbox 2053 3872 3641 3944">
     <span class='ocr_line' id='line_1_85' title="bbox 2053 3872 3641 3944; baseline 0 -18"><span class='ocrx_word' id='word_1_646' title='bbox 2053 3872 2144 3927; x_wconf 77' lang='grc' dir='ltr'>διὰ</span> <span class='ocrx_word' id='word_1_647' title='bbox 2170 3874 2272 3942; x_wconf 81' lang='grc' dir='ltr'>τῆς</span> <span class='ocrx_word' id='word_1_648' title='bbox 2308 3874 2520 3938; x_wconf 85' lang='grc' dir='ltr'>εἰκόνος</span> <span class='ocrx_word' id='word_1_649' title='bbox 2555 3872 2654 3927; x_wconf 82' lang='grc' dir='ltr'><strong>τοῦ</strong></span> <span class='ocrx_word' id='word_1_650' title='bbox 2684 3873 2880 3944; x_wconf 86' lang='grc' dir='ltr'>χόρτου</span> <span class='ocrx_word' id='word_1_651' title='bbox 2933 3872 3223 3942; x_wconf 75' lang='grc' dir='ltr'>σεμνύνειν</span> <span class='ocrx_word' id='word_1_652' title='bbox 3284 3872 3511 3944; x_wconf 79' lang='grc' dir='ltr'>μᾶλλον,</span> <span class='ocrx_word' id='word_1_653' title='bbox 3537 3872 3641 3926; x_wconf 83' lang='grc' dir='ltr'>οὐκ</span> 
     </span>
    </p>
   </div>
   <div class='ocr_carea' id='block_1_86' title="bbox 2054 3963 3640 4034">
    <p class='ocr_par' dir='ltr' id='par_1_86' title="bbox 2054 3963 3640 4034">
     <span class='ocr_line' id='line_1_86' title="bbox 2054 3963 3640 4034; baseline 0 -17"><span class='ocrx_word' id='word_1_654' title='bbox 2054 3964 2354 4028; x_wconf 77' lang='grc' dir='ltr'>εὐτελίζειν</span> <span class='ocrx_word' id='word_1_655' title='bbox 2398 3963 2500 4034; x_wconf 84' lang='grc' dir='ltr'><strong>τὴν</strong></span> <span class='ocrx_word' id='word_1_656' title='bbox 2546 3965 2646 4034; x_wconf 83' lang='grc' dir='ltr'>τῆς</span> <span class='ocrx_word' id='word_1_657' title='bbox 2697 3963 2918 4033; x_wconf 84' lang='grc' dir='ltr'>φύσεως</span> <span class='ocrx_word' id='word_1_658' title='bbox 2981 3964 3301 4034; x_wconf 84' lang='grc' dir='ltr'>ἀθλιότητα,</span> <span class='ocrx_word' id='word_1_659' title='bbox 3347 3965 3471 4017; x_wconf 73' lang='grc' dir='ltr'>ἐπεὶ</span> <span class='ocrx_word' id='word_1_660' title='bbox 3496 3964 3640 4017; x_wconf 79' lang='grc' dir='ltr'>κατὰ</span> 
     </span>
    </p>
   </div>
   <div class='ocr_carea' id='block_1_87' title="bbox 2055 4053 3639 4125">
    <p class='ocr_par' dir='ltr' id='par_1_87' title="bbox 2055 4053 3639 4125">
     <span class='ocr_line' id='line_1_87' title="bbox 2055 4053 3639 4125; baseline -0.004 -14"><span class='ocrx_word' id='word_1_661' title='bbox 2055 4056 2192 4112; x_wconf 77' lang='grc' dir='ltr'>πολὺ</span> <span class='ocrx_word' id='word_1_662' title='bbox 2242 4053 2340 4108; x_wconf 80' lang='grc' dir='ltr'><strong>τοῦ</strong></span> <span class='ocrx_word' id='word_1_663' title='bbox 2399 4055 2598 4125; x_wconf 80' lang='grc' dir='ltr'>χόρτου</span> <span class='ocrx_word' id='word_1_664' title='bbox 2651 4055 2852 4125; x_wconf 78' lang='grc' dir='ltr'>χείρων</span> <span class='ocrx_word' id='word_1_665' title='bbox 2883 4055 3033 4107; x_wconf 78' lang='grc' dir='ltr'>ἐστίν</span> <span class='ocrx_word' id='word_1_666' title='bbox 3057 4071 3071 4085; x_wconf 87' lang='grc'><strong>·</strong></span> <span class='ocrx_word' id='word_1_667' title='bbox 3109 4057 3136 4108; x_wconf 87' lang='grc' dir='ltr'>ὁ</span> <span class='ocrx_word' id='word_1_668' title='bbox 3163 4055 3263 4125; x_wconf 82' lang='grc' dir='ltr'><strong>μὲν</strong></span> <span class='ocrx_word' id='word_1_669' title='bbox 3301 4053 3413 4124; x_wconf 87' lang='grc' dir='ltr'>γὰρ</span> <span class='ocrx_word' id='word_1_670' title='bbox 3440 4053 3639 4123; x_wconf 84' lang='grc' dir='ltr'>χόρτος</span> 
     </span>
    </p>
   </div>
   <div class='ocr_carea' id='block_1_88' title="bbox 2054 4147 3641 4220">
    <p class='ocr_par' dir='ltr' id='par_1_88' title="bbox 2054 4147 3641 4220">
     <span class='ocr_line' id='line_1_88' title="bbox 2054 4147 3641 4220; baseline -0.003 -14"><span class='ocrx_word' id='word_1_671' title='bbox 2054 4150 2312 4220; x_wconf 70' lang='grc' dir='ltr'>οὐδεμίαν</span> <span class='ocrx_word' id='word_1_672' title='bbox 2350 4149 2546 4219; x_wconf 73' lang='grc' dir='ltr'>ἀηδίαν</span> <span class='ocrx_word' id='word_1_673' title='bbox 2603 4148 2718 4218; x_wconf 80' lang='grc' dir='ltr'>ἔχει</span> <span class='ocrx_word' id='word_1_674' title='bbox 2769 4151 2834 4202; x_wconf 84' lang='grc' dir='ltr'>ἐκ</span> <span class='ocrx_word' id='word_1_675' title='bbox 2883 4148 3122 4218; x_wconf 84' lang='grc' dir='ltr'>φύσεως,</span> <span class='ocrx_word' id='word_1_676' title='bbox 3165 4149 3225 4202; x_wconf 73' lang='grc' dir='ltr'>τὸ</span> <span class='ocrx_word' id='word_1_677' title='bbox 3258 4149 3316 4202; x_wconf 82' lang='grc' dir='ltr'><strong>δὲ</strong></span> <span class='ocrx_word' id='word_1_678' title='bbox 3368 4147 3641 4218; x_wconf 78' lang='grc' dir='ltr'>ἡμέτερον</span> 
     </span>
    </p>
   </div>
   <div class='ocr_carea' id='block_1_89' title="bbox 2058 4239 3642 4312">
    <p class='ocr_par' dir='ltr' id='par_1_89' title="bbox 2058 4239 3642 4312">
     <span class='ocr_line' id='line_1_89' title="bbox 2058 4239 3642 4312; baseline -0.003 -16"><span class='ocrx_word' id='word_1_679' title='bbox 2058 4240 2218 4312; x_wconf 75' lang='grc' dir='ltr'>σῶμα</span> <span class='ocrx_word' id='word_1_680' title='bbox 2249 4240 2428 4310; x_wconf 82' lang='grc' dir='ltr'>ὀσμῆς</span> <span class='ocrx_word' id='word_1_681' title='bbox 2477 4241 2572 4292; x_wconf 80' lang='grc' dir='ltr'><strong>καὶ</strong></span> <span class='ocrx_word' id='word_1_682' title='bbox 2627 4240 2818 4310; x_wconf 82' lang='grc' dir='ltr'>ἀηδίας</span> <span class='ocrx_word' id='word_1_683' title='bbox 2850 4242 2998 4292; x_wconf 75' lang='grc' dir='ltr'>ἐστὶν</span> <span class='ocrx_word' id='word_1_684' title='bbox 3043 4241 3437 4310; x_wconf 74' lang='grc' dir='ltr'>ἐργαστήριον,</span> <span class='ocrx_word' id='word_1_685' title='bbox 3491 4239 3642 4293; x_wconf 75' lang='grc' dir='ltr'>ἅπαν</span> 
     </span>
    </p>
   </div>
   <div class='ocr_carea' id='block_1_90' title="bbox 2053 4331 3644 4404">
    <p class='ocr_par' dir='ltr' id='par_1_90' title="bbox 2053 4331 3644 4404">
     <span class='ocr_line' id='line_1_90' title="bbox 2053 4331 3644 4404; baseline -0.003 -16"><span class='ocrx_word' id='word_1_686' title='bbox 2053 4335 2116 4388; x_wconf 86' lang='grc' dir='ltr'><strong>τὸ</strong></span> <span class='ocrx_word' id='word_1_687' title='bbox 2144 4333 2350 4404; x_wconf 79' lang='grc' dir='ltr'>ληφθὲν</span> <span class='ocrx_word' id='word_1_688' title='bbox 2381 4335 2462 4397; x_wconf 81' lang='grc' dir='ltr'><strong>εἰς</strong></span> <span class='ocrx_word' id='word_1_689' title='bbox 2491 4331 2796 4404; x_wconf 76' lang='grc' dir='ltr'>διαφθορὰν</span> <span class='ocrx_word' id='word_1_690' title='bbox 2825 4333 3062 4402; x_wconf 76' lang='grc' dir='ltr'>μετάγον</span> <span class='ocrx_word' id='word_1_691' title='bbox 3093 4334 3190 4386; x_wconf 86' lang='grc' dir='ltr'>καί</span> <span class='ocrx_word' id='word_1_692' title='bbox 3232 4332 3511 4403; x_wconf 84' lang='grc' dir='ltr'>ἀχρειοῦν.</span> <span class='ocrx_word' id='word_1_693' title='bbox 3541 4331 3644 4384; x_wconf 78' lang='grc' dir='ltr'><strong>Διὰ</strong></span> 
     </span>
    </p>
   </div>
   <div class='ocr_carea' id='block_1_91' title="bbox 2054 4420 3640 4496">
    <p class='ocr_par' dir='ltr' id='par_1_91' title="bbox 2054 4420 3640 4496">
     <span class='ocr_line' id='line_1_91' title="bbox 2054 4420 3640 4496; baseline -0.004 -14"><span class='ocrx_word' id='word_1_694' title='bbox 2054 4426 2214 4482; x_wconf 84' lang='grc' dir='ltr'>τοῦτο</span> <span class='ocrx_word' id='word_1_695' title='bbox 2242 4427 2340 4482; x_wconf 71' lang='grc' dir='ltr'>καὶ</span> <span class='ocrx_word' id='word_1_696' title='bbox 2365 4426 2531 4480; x_wconf 72' lang='grc' dir='ltr'>Δαϐὶδ</span> <span class='ocrx_word' id='word_1_697' title='bbox 2564 4426 2627 4480; x_wconf 78' lang='grc' dir='ltr'><strong>οὐ</strong></span> <span class='ocrx_word' id='word_1_698' title='bbox 2653 4425 2850 4496; x_wconf 87' lang='grc' dir='ltr'>χόρτον</span> <span class='ocrx_word' id='word_1_699' title='bbox 2886 4420 3008 4478; x_wconf 77' lang='grc' dir='ltr'>εἶπε</span> <span class='ocrx_word' id='word_1_700' title='bbox 3055 4425 3147 4478; x_wconf 82' lang='grc' dir='ltr'><strong>τὸν</strong></span> <span class='ocrx_word' id='word_1_701' title='bbox 3176 4423 3486 4495; x_wconf 83' lang='grc' dir='ltr'>ἄνθρωπον,</span> <span class='ocrx_word' id='word_1_702' title='bbox 3521 4420 3640 4476; x_wconf 80' lang='grc' dir='ltr'>ἀλλ’</span> 
     </span>
    </p>
   </div>
   <div class='ocr_carea' id='block_1_92' title="bbox 1603 4657 2404 4720">
    <p class='ocr_par' dir='ltr' id='par_1_92' title="bbox 1603 4657 2404 4720">
     <span class='ocr_line' id='line_1_92' title="bbox 1603 4657 2404 4720; baseline -0.001 -1"><span class='ocrx_word' id='word_1_703' title='bbox 1603 4657 1928 4720; x_wconf 79' lang='lat' dir='ltr'><strong>Francisci</strong></span> <span class='ocrx_word' id='word_1_704' title='bbox 1965 4658 2179 4720; x_wconf 85' lang='lat' dir='ltr'><strong>Scorsi</strong></span> <span class='ocrx_word' id='word_1_705' title='bbox 2219 4665 2404 4720; x_wconf 62' lang='lat' dir='ltr'><strong>noue.</strong></span> 
     </span>
    </p>
   </div>
   <div class='ocr_carea' id='block_1_93' title="bbox 365 4783 3644 4860">
    <p class='ocr_par' dir='ltr' id='par_1_93' title="bbox 365 4783 3644 4860">
     <span class='ocr_line' id='line_1_93' title="bbox 365 4783 3644 4860; baseline -0.001 -22"><span class='ocrx_word' id='word_1_706' title='bbox 365 4790 583 4860; x_wconf 71' lang='lat' dir='ltr'><strong>proprie</strong></span> <span class='ocrx_word' id='word_1_707' title='bbox 637 4804 789 4860; x_wconf 10' lang='lat' dir='ltr'><strong>citreo</strong></span> <span class='ocrx_word' id='word_1_708' title='bbox 827 4788 976 4840; x_wconf 76' lang='lat' dir='ltr'><strong>color</strong></span> <span class='ocrx_word' id='word_1_709' title='bbox 1005 4787 1326 4860; x_wconf 71' lang='lat' dir='ltr'><strong>conﬁciatur</strong></span> <span class='ocrx_word' id='word_1_710' title='bbox 1379 4783 1656 4860; x_wconf 74' lang='lat' dir='ltr'><strong>attigimus</strong></span> <span class='ocrx_word' id='word_1_711' title='bbox 1679 4787 1768 4860; x_wconf 82' lang='lat' dir='ltr'><strong>_ad</strong></span> <span class='ocrx_word' id='word_1_712' title='bbox 1793 4785 1946 4860; x_wconf 53' lang='lat' dir='ltr'><strong>born.</strong></span> <span class='ocrx_word' id='word_1_713' title='bbox 1977 4785 2030 4844; x_wconf 93' lang='lat' dir='ltr'><strong>D</strong></span> <span class='ocrx_word' id='word_1_714' title='bbox 2057 4785 2353 4860; x_wconf 61' lang='lat' dir='ltr'><strong>cubitorum</strong></span> <span class='ocrx_word' id='word_1_715' title='bbox 2389 4785 2572 4860; x_wconf 63' lang='lat' dir='ltr'><strong>trium,</strong></span> <span class='ocrx_word' id='word_1_716' title='bbox 2606 4785 2854 4860; x_wconf 70' lang='lat' dir='ltr'><strong>languido</strong></span> <span class='ocrx_word' id='word_1_717' title='bbox 2888 4801 3088 4854; x_wconf 78' lang='lat' dir='ltr'><strong>semper</strong></span> <span class='ocrx_word' id='word_1_718' title='bbox 3111 4787 3267 4850; x_wconf 77' lang='lat' dir='ltr'><strong>collo,</strong></span> <span class='ocrx_word' id='word_1_719' title='bbox 3290 4795 3339 4841; x_wconf 85' lang='lat' dir='ltr'><strong>et</strong></span> <span class='ocrx_word' id='word_1_720' title='bbox 3390 4803 3492 4841; x_wconf 77' lang='lat' dir='ltr'><strong>non</strong></span> <span class='ocrx_word' id='word_1_721' title='bbox 3527 4787 3644 4854; x_wconf 76' lang='lat' dir='ltr'><strong>suf-</strong></span> 
     </span>
    </p>
   </div>
   <div class='ocr_carea' id='block_1_94' title="bbox 364 4853 1952 4924">
    <p class='ocr_par' dir='ltr' id='par_1_94' title="bbox 364 4853 1952 4924">
     <span class='ocr_line' id='line_1_94' title="bbox 364 4853 1952 4924; baseline -0.006 -11"><span class='ocrx_word' id='word_1_722' title='bbox 364 4853 596 4920; x_wconf 45' lang='lat' dir='ltr'><strong>‘27,&#39;uot.</strong></span> <span class='ocrx_word' id='word_1_723' title='bbox 657 4857 746 4912; x_wconf 79' lang='lat'><strong>50.</strong></span> <span class='ocrx_word' id='word_1_724' title='bbox 785 4874 942 4924; x_wconf 78' lang='lat' dir='ltr'><strong>quam</strong></span> <span class='ocrx_word' id='word_1_725' title='bbox 989 4858 1129 4919; x_wconf 84' lang='lat' dir='ltr'><strong>vide,</strong></span> <span class='ocrx_word' id='word_1_726' title='bbox 1149 4867 1202 4911; x_wconf 87' lang='lat' dir='ltr'><strong>et</strong></span> <span class='ocrx_word' id='word_1_727' title='bbox 1245 4868 1518 4920; x_wconf 65' lang='lat' dir='ltr'><strong>auctores,</strong></span> <span class='ocrx_word' id='word_1_728' title='bbox 1545 4857 1637 4920; x_wconf 80' lang='lat' dir='ltr'><strong>qui</strong></span> <span class='ocrx_word' id='word_1_729' title='bbox 1661 4855 1728 4908; x_wconf 86' lang='lat' dir='ltr'><strong>de</strong></span> <span class='ocrx_word' id='word_1_730' title='bbox 1755 4853 1838 4907; x_wconf 83' lang='lat' dir='ltr'><strong>his</strong></span> <span class='ocrx_word' id='word_1_731' title='bbox 1871 4855 1952 4905; x_wconf 77' lang='lat' dir='ltr'><strong>l&#39;n-</strong></span> 
     </span>
    </p>
   </div>
   <div class='ocr_carea' id='block_1_95' title="bbox 368 4924 1952 4992">
    <p class='ocr_par' dir='ltr' id='par_1_95' title="bbox 368 4924 1952 4992">
     <span class='ocr_line' id='line_1_95' title="bbox 368 4924 1952 4992; baseline -0.006 -8"><span class='ocrx_word' id='word_1_732' title='bbox 368 4934 504 4991; x_wconf 81' lang='lat' dir='ltr'><strong>sius,</strong></span> <span class='ocrx_word' id='word_1_733' title='bbox 567 4929 636 4982; x_wconf 90' lang='lat' dir='ltr'><strong>ibi</strong></span> <span class='ocrx_word' id='word_1_734' title='bbox 685 4930 901 4982; x_wconf 81' lang='lat' dir='ltr'><strong>relatos.</strong></span> <span class='ocrx_word' id='word_1_735' title='bbox 962 4927 1096 4992; x_wconf 76' lang='lat' dir='ltr'><strong>Quae</strong></span> <span class='ocrx_word' id='word_1_736' title='bbox 1140 4937 1318 4980; x_wconf 87' lang='lat' dir='ltr'><strong>autem</strong></span> <span class='ocrx_word' id='word_1_737' title='bbox 1380 4927 1452 4980; x_wconf 91' lang='lat' dir='ltr'><strong>ibi</strong></span> <span class='ocrx_word' id='word_1_738' title='bbox 1508 4926 1835 4978; x_wconf 66' lang='lat' dir='ltr'><strong>adnotantur</strong></span> <span class='ocrx_word' id='word_1_739' title='bbox 1887 4924 1952 4975; x_wconf 85' lang='lat' dir='ltr'><strong>de</strong></span> 
     </span>
    </p>
   </div>
   <div class='ocr_carea' id='block_1_96' title="bbox 367 4995 1949 5062">
    <p class='ocr_par' dir='ltr' id='par_1_96' title="bbox 367 4995 1949 5062">
     <span class='ocr_line' id='line_1_96' title="bbox 367 4995 1949 5062; baseline -0.003 -11"><span class='ocrx_word' id='word_1_740' title='bbox 367 5000 624 5053; x_wconf 71' lang='lat' dir='ltr'><strong>coccineo</strong></span> <span class='ocrx_word' id='word_1_741' title='bbox 682 5001 883 5062; x_wconf 83' lang='lat' dir='ltr'><strong>colore,</strong></span> <span class='ocrx_word' id='word_1_742' title='bbox 928 4997 1320 5052; x_wconf 83' lang='lat' dir='ltr'><strong>confirmantur</strong></span> <span class='ocrx_word' id='word_1_743' title='bbox 1380 5013 1446 5050; x_wconf 80' lang='lat' dir='ltr'><strong>ex</strong></span> <span class='ocrx_word' id='word_1_744' title='bbox 1511 4995 1614 5048; x_wconf 89' lang='lat' dir='ltr'><strong>hoc</strong></span> <span class='ocrx_word' id='word_1_745' title='bbox 1660 4996 1798 5056; x_wconf 88' lang='lat' dir='ltr'><strong>loco,</strong></span> <span class='ocrx_word' id='word_1_746' title='bbox 1857 4995 1949 5047; x_wconf 91' lang='lat' dir='ltr'><strong>ubi</strong></span> 
     </span>
    </p>
   </div>
   <div class='ocr_carea' id='block_1_97' title="bbox 367 5065 1742 5137">
    <p class='ocr_par' dir='ltr' id='par_1_97' title="bbox 367 5065 1742 5137">
     <span class='ocr_line' id='line_1_97' title="bbox 367 5065 1742 5137; baseline -0.003 -14"><span class='ocrx_word' id='word_1_747' title='bbox 367 5069 726 5134; x_wconf 84' lang='lat' dir='ltr'><strong>Theophanes</strong></span> <span class='ocrx_word' id='word_1_748' title='bbox 760 5069 852 5120; x_wconf 82' lang='lat' dir='ltr'><strong>dat</strong></span> <span class='ocrx_word' id='word_1_749' title='bbox 883 5083 1064 5126; x_wconf 83' lang='lat' dir='ltr'><strong>cocos.</strong></span> <span class='ocrx_word' id='word_1_750' title='bbox 1099 5068 1158 5120; x_wconf 77' lang='grc' dir='ltr'>τὸ</span> <span class='ocrx_word' id='word_1_751' title='bbox 1181 5065 1438 5137; x_wconf 81' lang='grc' dir='ltr'>ἐρύθημα</span> <span class='ocrx_word' id='word_1_752' title='bbox 1469 5066 1742 5137; x_wconf 86' lang='lat' dir='ltr'><strong>ruborem.</strong></span> 
     </span>
    </p>
   </div>
   <div class='ocr_carea' id='block_1_98' title="bbox 442 5135 1947 5210">
    <p class='ocr_par' dir='ltr' id='par_1_98' title="bbox 442 5135 1947 5210">
     <span class='ocr_line' id='line_1_98' title="bbox 442 5135 1947 5210; baseline -0.003 -16"><span class='ocrx_word' id='word_1_753' title='bbox 442 5139 552 5210; x_wconf 84' lang='lat'><strong>(99)</strong></span> <span class='ocrx_word' id='word_1_754' title='bbox 596 5141 636 5192; x_wconf 88' lang='grc' dir='ltr'><strong><em>Λ</em></strong></span> <span class='ocrx_word' id='word_1_755' title='bbox 702 5141 917 5192; x_wconf 82' lang='lat' dir='ltr'><strong>terrenis</strong></span> <span class='ocrx_word' id='word_1_756' title='bbox 958 5135 1246 5210; x_wconf 73' lang='lat' dir='ltr'><strong>abscessus.</strong></span> <span class='ocrx_word' id='word_1_757' title='bbox 1282 5136 1356 5190; x_wconf 80' lang='lat' dir='ltr'><strong>Ita</strong></span> <span class='ocrx_word' id='word_1_758' title='bbox 1397 5136 1601 5210; x_wconf 80' lang='lat' dir='ltr'><strong>reddidi</strong></span> <span class='ocrx_word' id='word_1_759' title='bbox 1644 5146 1692 5189; x_wconf 85' lang='lat' dir='ltr'><strong>et</strong></span> <span class='ocrx_word' id='word_1_760' title='bbox 1715 5135 1855 5189; x_wconf 88' lang='lat' dir='ltr'><strong>edidi</strong></span> <span class='ocrx_word' id='word_1_761' title='bbox 1881 5153 1947 5189; x_wconf 81' lang='lat' dir='ltr'><strong>ex</strong></span> 
     </span>
    </p>
   </div>
   <div class='ocr_carea' id='block_1_99' title="bbox 367 5207 1948 5274">
    <p class='ocr_par' dir='ltr' id='par_1_99' title="bbox 367 5207 1948 5274">
     <span class='ocr_line' id='line_1_99' title="bbox 367 5207 1948 5274; baseline -0.004 -10"><span class='ocrx_word' id='word_1_762' title='bbox 367 5207 496 5266; x_wconf 76' lang='lat' dir='ltr'><strong>lect.</strong></span> <span class='ocrx_word' id='word_1_763' title='bbox 533 5215 657 5265; x_wconf 79' lang='lat' dir='ltr'><strong>cod.</strong></span> <span class='ocrx_word' id='word_1_764' title='bbox 687 5210 740 5274; x_wconf 81' lang='lat'><strong>5,</strong></span> <span class='ocrx_word' id='word_1_765' title='bbox 761 5212 846 5262; x_wconf 87' lang='lat' dir='ltr'><strong>ubi</strong></span> <span class='ocrx_word' id='word_1_766' title='bbox 875 5210 1101 5262; x_wconf 81' lang='lat' dir='ltr'><strong>habetur</strong></span> <span class='ocrx_word' id='word_1_767' title='bbox 1131 5207 1456 5272; x_wconf 81' lang='grc' dir='ltr'>ἀπόστασις,</span> <span class='ocrx_word' id='word_1_768' title='bbox 1487 5207 1798 5270; x_wconf 77' lang='lat' dir='ltr'><strong>abscessus,</strong></span> <span class='ocrx_word' id='word_1_769' title='bbox 1824 5221 1948 5260; x_wconf 86' lang='lat' dir='ltr'><strong>cunt</strong></span> 
     </span>
    </p>
   </div>
   <div class='ocr_carea' id='block_1_100' title="bbox 369 5277 1950 5348">
    <p class='ocr_par' dir='ltr' id='par_1_100' title="bbox 369 5277 1950 5348">
     <span class='ocr_line' id='line_1_100' title="bbox 369 5277 1950 5348; baseline -0.005 -12"><span class='ocrx_word' id='word_1_770' title='bbox 369 5283 424 5336; x_wconf 86' lang='lat' dir='ltr'><strong>in</strong></span> <span class='ocrx_word' id='word_1_771' title='bbox 474 5279 722 5333; x_wconf 84' lang='lat' dir='ltr'><strong>Panorm.</strong></span> <span class='ocrx_word' id='word_1_772' title='bbox 799 5280 1099 5342; x_wconf 72' lang='grc' dir='ltr'>ὑπόστασις</span> <span class='ocrx_word' id='word_1_773' title='bbox 1125 5279 1268 5347; x_wconf 88' lang='lat' dir='ltr'><strong>quod</strong></span> <span class='ocrx_word' id='word_1_774' title='bbox 1305 5279 1483 5348; x_wconf 82' lang='lat' dir='ltr'><strong>signat</strong></span> <span class='ocrx_word' id='word_1_775' title='bbox 1504 5277 1950 5348; x_wconf 65' lang='lat' dir='ltr'><strong>substantianret</strong></span> 
     </span>
    </p>
   </div>
   <div class='ocr_carea' id='block_1_101' title="bbox 370 5347 1954 5416">
    <p class='ocr_par' dir='ltr' id='par_1_101' title="bbox 370 5347 1954 5416">
     <span class='ocr_line' id='line_1_101' title="bbox 370 5347 1954 5416; baseline -0.004 -12"><span class='ocrx_word' id='word_1_776' title='bbox 370 5354 436 5404; x_wconf 83' lang='lat' dir='ltr'><strong>ad</strong></span> <span class='ocrx_word' id='word_1_777' title='bbox 467 5355 606 5404; x_wconf 87' lang='lat' dir='ltr'><strong>hunc</strong></span> <span class='ocrx_word' id='word_1_778' title='bbox 641 5350 816 5405; x_wconf 84' lang='lat' dir='ltr'><strong>locum</strong></span> <span class='ocrx_word' id='word_1_779' title='bbox 848 5349 979 5403; x_wconf 90' lang='lat' dir='ltr'><strong>nihil</strong></span> <span class='ocrx_word' id='word_1_780' title='bbox 1005 5351 1258 5416; x_wconf 85' lang='lat' dir='ltr'><strong>pertinet,</strong></span> <span class='ocrx_word' id='word_1_781' title='bbox 1283 5359 1339 5400; x_wconf 90' lang='lat' dir='ltr'><strong>ut</strong></span> <span class='ocrx_word' id='word_1_782' title='bbox 1366 5347 1440 5400; x_wconf 80' lang='lat' dir='ltr'><strong>ex</strong></span> <span class='ocrx_word' id='word_1_783' title='bbox 1473 5347 1732 5415; x_wconf 77' lang='lat' dir='ltr'><strong>applicata</strong></span> <span class='ocrx_word' id='word_1_784' title='bbox 1760 5347 1954 5398; x_wconf 84' lang='lat' dir='ltr'><strong>simili-</strong></span> 
     </span>
    </p>
   </div>
   <div class='ocr_carea' id='block_1_102' title="bbox 369 5417 1954 5488">
    <p class='ocr_par' dir='ltr' id='par_1_102' title="bbox 369 5417 1954 5488">
     <span class='ocr_line' id='line_1_102' title="bbox 369 5417 1954 5488; baseline -0.003 -16"><span class='ocrx_word' id='word_1_785' title='bbox 369 5422 557 5477; x_wconf 85' lang='lat' dir='ltr'><strong>tudine</strong></span> <span class='ocrx_word' id='word_1_786' title='bbox 577 5423 814 5474; x_wconf 77' lang='lat' dir='ltr'><strong>anctoris</strong></span> <span class='ocrx_word' id='word_1_787' title='bbox 851 5428 1097 5488; x_wconf 82' lang='lat' dir='ltr'><strong>apparet,</strong></span> <span class='ocrx_word' id='word_1_788' title='bbox 1121 5418 1210 5486; x_wconf 88' lang='lat' dir='ltr'><strong>qui</strong></span> <span class='ocrx_word' id='word_1_789' title='bbox 1245 5417 1340 5480; x_wconf 86' lang='lat' dir='ltr'><strong>ait,</strong></span> <span class='ocrx_word' id='word_1_790' title='bbox 1382 5419 1553 5470; x_wconf 88' lang='lat' dir='ltr'><strong>lilium</strong></span> <span class='ocrx_word' id='word_1_791' title='bbox 1602 5431 1724 5470; x_wconf 83' lang='lat' dir='ltr'><strong>sese</strong></span> <span class='ocrx_word' id='word_1_792' title='bbox 1750 5427 1954 5488; x_wconf 81' lang='lat' dir='ltr'><strong>eterra</strong></span> 
     </span>
    </p>
   </div>
   <div class='ocr_carea' id='block_1_103' title="bbox 371 5486 1953 5556">
    <p class='ocr_par' dir='ltr' id='par_1_103' title="bbox 371 5486 1953 5556">
     <span class='ocr_line' id='line_1_103' title="bbox 371 5486 1953 5556; baseline -0.005 -9"><span class='ocrx_word' id='word_1_793' title='bbox 371 5491 684 5556; x_wconf 80' lang='lat' dir='ltr'><strong>Sustollere,</strong></span> <span class='ocrx_word' id='word_1_794' title='bbox 717 5486 962 5556; x_wconf 81' lang='lat' dir='ltr'><strong>adeoque</strong></span> <span class='ocrx_word' id='word_1_795' title='bbox 987 5489 1172 5541; x_wconf 85' lang='lat' dir='ltr'><strong>animo</strong></span> <span class='ocrx_word' id='word_1_796' title='bbox 1206 5489 1336 5540; x_wconf 87' lang='lat' dir='ltr'><strong>nihil</strong></span> <span class='ocrx_word' id='word_1_797' title='bbox 1365 5488 1418 5542; x_wconf 89' lang='lat' dir='ltr'><strong>in</strong></span> <span class='ocrx_word' id='word_1_798' title='bbox 1447 5498 1587 5541; x_wconf 88' lang='lat' dir='ltr'><strong>terra</strong></span> <span class='ocrx_word' id='word_1_799' title='bbox 1635 5486 1953 5553; x_wconf 86' lang='lat' dir='ltr'><strong>possidenti,</strong></span> 
     </span>
    </p>
   </div>
   <div class='ocr_carea' id='block_1_104' title="bbox 372 5557 1956 5625">
    <p class='ocr_par' dir='ltr' id='par_1_104' title="bbox 372 5557 1956 5625">
     <span class='ocr_line' id='line_1_104' title="bbox 372 5557 1956 5625; baseline -0.005 -9"><span class='ocrx_word' id='word_1_800' title='bbox 372 5573 427 5616; x_wconf 89' lang='lat' dir='ltr'><strong>et</strong></span> <span class='ocrx_word' id='word_1_801' title='bbox 472 5578 503 5616; x_wconf 88' lang='lat' dir='ltr'><strong>a</strong></span> <span class='ocrx_word' id='word_1_802' title='bbox 545 5562 778 5616; x_wconf 84' lang='lat' dir='ltr'><strong>terrenis</strong></span> <span class='ocrx_word' id='word_1_803' title='bbox 801 5561 1012 5615; x_wconf 82' lang='lat' dir='ltr'><strong>elevato</strong></span> <span class='ocrx_word' id='word_1_804' title='bbox 1063 5568 1354 5625; x_wconf 80' lang='lat' dir='ltr'><strong>erertoque</strong></span> <span class='ocrx_word' id='word_1_805' title='bbox 1409 5567 1556 5612; x_wconf 88' lang='lat' dir='ltr'><strong>recte</strong></span> <span class='ocrx_word' id='word_1_806' title='bbox 1602 5557 1956 5616; x_wconf 78' lang='lat' dir='ltr'><strong>assiniilatur.</strong></span> 
     </span>
    </p>
   </div>
   <div class='ocr_carea' id='block_1_105' title="bbox 445 5627 1955 5702">
    <p class='ocr_par' dir='ltr' id='par_1_105' title="bbox 445 5627 1955 5702">
     <span class='ocr_line' id='line_1_105' title="bbox 445 5627 1955 5702; baseline -0.002 -19"><span class='ocrx_word' id='word_1_807' title='bbox 445 5632 522 5702; x_wconf 80' lang='grc'><strong>(1)</strong></span> <span class='ocrx_word' id='word_1_808' title='bbox 578 5631 781 5702; x_wconf 75' lang='lat' dir='ltr'><strong>Litium</strong></span> <span class='ocrx_word' id='word_1_809' title='bbox 817 5630 974 5702; x_wconf 78' lang='lat' dir='ltr'><strong>enim,</strong></span> <span class='ocrx_word' id='word_1_810' title='bbox 1022 5639 1128 5682; x_wconf 84' lang='lat' dir='ltr'><strong>etc.</strong></span> <span class='ocrx_word' id='word_1_811' title='bbox 1174 5627 1315 5702; x_wconf 78' lang='lat' dir='ltr'><strong>Plin.</strong></span> <span class='ocrx_word' id='word_1_812' title='bbox 1353 5629 1446 5682; x_wconf 89' lang='lat' dir='ltr'><strong>lib.</strong></span> <span class='ocrx_word' id='word_1_813' title='bbox 1489 5643 1603 5702; x_wconf 52' lang='lat' dir='ltr'><strong>xvi.</strong></span> <span class='ocrx_word' id='word_1_814' title='bbox 1644 5641 1766 5702; x_wconf 75' lang='lat' dir='ltr'><strong>cap.</strong></span> <span class='ocrx_word' id='word_1_815' title='bbox 1801 5628 1861 5702; x_wconf 14' lang='lat'><strong>4,7</strong></span> <span class='ocrx_word' id='word_1_816' title='bbox 1888 5627 1955 5680; x_wconf 77' lang='lat' dir='ltr'><strong>de</strong></span> 
     </span>
    </p>
   </div>
   <div class='ocr_carea' id='block_1_106' title="bbox 374 5698 1956 5767">
    <p class='ocr_par' dir='ltr' id='par_1_106' title="bbox 374 5698 1956 5767">
     <span class='ocr_line' id='line_1_106' title="bbox 374 5698 1956 5767; baseline -0.003 -13"><span class='ocrx_word' id='word_1_817' title='bbox 374 5698 538 5754; x_wconf 65' lang='lat' dir='ltr'><strong>uno:</strong></span> <span class='ocrx_word' id='word_1_818' title='bbox 587 5703 696 5753; x_wconf 76' lang='lat' dir='ltr'><strong>Nec</strong></span> <span class='ocrx_word' id='word_1_819' title='bbox 728 5701 823 5753; x_wconf 76' lang='lat' dir='ltr'><strong>ulli</strong></span> <span class='ocrx_word' id='word_1_820' title='bbox 875 5701 1062 5767; x_wconf 79' lang='lat' dir='ltr'><strong>ﬂorum</strong></span> <span class='ocrx_word' id='word_1_821' title='bbox 1104 5698 1379 5752; x_wconf 58' lang='lat' dir='ltr'><strong>excelsitas</strong></span> <span class='ocrx_word' id='word_1_822' title='bbox 1438 5699 1630 5767; x_wconf 83' lang='lat' dir='ltr'><strong>major,</strong></span> <span class='ocrx_word' id='word_1_823' title='bbox 1691 5699 1956 5750; x_wconf 81' lang='lat' dir='ltr'><strong>interdum</strong></span> 
     </span>
    </p>
   </div>
   <div class='ocr_carea' id='block_1_107' title="bbox 2057 4856 2676 4925">
    <p class='ocr_par' dir='ltr' id='par_1_107' title="bbox 2057 4856 2676 4925">
     <span class='ocr_line' id='line_1_107' title="bbox 2057 4856 2676 4925; baseline 0.002 -18"><span class='ocrx_word' id='word_1_824' title='bbox 2057 4857 2262 4925; x_wconf 74' lang='lat' dir='ltr'><strong>ﬁciente</strong></span> <span class='ocrx_word' id='word_1_825' title='bbox 2289 4856 2474 4920; x_wconf 74' lang='lat' dir='ltr'><strong>capitis</strong></span> <span class='ocrx_word' id='word_1_826' title='bbox 2507 4858 2676 4908; x_wconf 82' lang='lat' dir='ltr'><strong>oneri.</strong></span> 
     </span>
    </p>
   </div>
   <div class='ocr_carea' id='block_1_108' title="bbox 2133 4924 3646 4998">
    <p class='ocr_par' dir='ltr' id='par_1_108' title="bbox 2133 4924 3646 4998">
     <span class='ocr_line' id='line_1_108' title="bbox 2133 4924 3646 4998; baseline 0.003 -20"><span class='ocrx_word' id='word_1_827' title='bbox 2133 4926 2210 4993; x_wconf 72' lang='lat'><strong>(‘3)</strong></span> <span class='ocrx_word' id='word_1_828' title='bbox 2261 4925 2435 4998; x_wconf 77' lang='lat' dir='ltr'><strong>Deus_</strong></span> <span class='ocrx_word' id='word_1_829' title='bbox 2461 4925 2539 4978; x_wconf 78' lang='lat' dir='ltr'><strong>sic</strong></span> <span class='ocrx_word' id='word_1_830' title='bbox 2582 4926 2756 4998; x_wconf 52' lang='grc' dir='ltr'><strong>ιιιιειὶι.Δ</strong></span> <span class='ocrx_word' id='word_1_831' title='bbox 2817 4925 2876 4980; x_wconf 83' lang='grc' dir='ltr'>Ὀ</span> <span class='ocrx_word' id='word_1_832' title='bbox 2913 4925 3048 4990; x_wconf 82' lang='grc' dir='ltr'>Θεὸς</span> <span class='ocrx_word' id='word_1_833' title='bbox 3104 4924 3279 4990; x_wconf 66' lang='grc' dir='ltr'>οὕτως</span> <span class='ocrx_word' id='word_1_834' title='bbox 3313 4928 3646 4998; x_wconf 71' lang='grc' dir='ltr'>ἀμφιέννυσι</span> 
     </span>
    </p>
   </div>
   <div class='ocr_carea' id='block_1_109' title="bbox 2059 4995 3641 5064">
    <p class='ocr_par' dir='ltr' id='par_1_109' title="bbox 2059 4995 3641 5064">
     <span class='ocr_line' id='line_1_109' title="bbox 2059 4995 3641 5064; baseline -0.002 -16"><span class='ocrx_word' id='word_1_835' title='bbox 2059 4995 2247 5048; x_wconf 86' lang='lat' dir='ltr'><strong>deerat</strong></span> <span class='ocrx_word' id='word_1_836' title='bbox 2299 4997 2352 5048; x_wconf 91' lang='lat' dir='ltr'><strong>in</strong></span> <span class='ocrx_word' id='word_1_837' title='bbox 2409 4995 2662 5049; x_wconf 79' lang='lat' dir='ltr'><strong>Panorm.</strong></span> <span class='ocrx_word' id='word_1_838' title='bbox 2714 4995 2853 5049; x_wconf 85' lang='lat' dir='ltr'><strong>sicut</strong></span> <span class='ocrx_word' id='word_1_839' title='bbox 2883 4998 3158 5064; x_wconf 71' lang='lat' dir='ltr'><strong>superiora</strong></span> <span class='ocrx_word' id='word_1_840' title='bbox 3201 4995 3367 5052; x_wconf 76' lang='lat' dir='ltr'><strong>etiaui</strong></span> <span class='ocrx_word' id='word_1_841' title='bbox 3405 4995 3512 5050; x_wconf 75' lang='lat' dir='ltr'><strong>duo</strong></span> <span class='ocrx_word' id='word_1_842' title='bbox 3537 5000 3641 5052; x_wconf 70' lang='lat' dir='ltr'><strong>alia</strong></span> 
     </span>
    </p>
   </div>
   <div class='ocr_carea' id='block_1_110' title="bbox 2060 5065 3646 5132">
    <p class='ocr_par' dir='ltr' id='par_1_110' title="bbox 2060 5065 3646 5132">
     <span class='ocr_line' id='line_1_110' title="bbox 2060 5065 3646 5132; baseline 0.004 -15"><span class='ocrx_word' id='word_1_843' title='bbox 2060 5065 2394 5130; x_wconf 67' lang='lat' dir='ltr'><strong>fragmenta;</strong></span> <span class='ocrx_word' id='word_1_844' title='bbox 2443 5081 2567 5118; x_wconf 88' lang='lat' dir='ltr'><strong>nam</strong></span> <span class='ocrx_word' id='word_1_845' title='bbox 2617 5079 2736 5132; x_wconf 87' lang='lat' dir='ltr'><strong>post</strong></span> <span class='ocrx_word' id='word_1_846' title='bbox 2770 5066 2858 5118; x_wconf 90' lang='lat' dir='ltr'><strong>illa</strong></span> <span class='ocrx_word' id='word_1_847' title='bbox 2891 5067 3050 5117; x_wconf 76' lang='lat' dir='ltr'><strong>verba</strong></span> <span class='ocrx_word' id='word_1_848' title='bbox 3082 5084 3096 5120; x_wconf 91' lang='lat'><strong>:</strong></span> <span class='ocrx_word' id='word_1_849' title='bbox 3132 5066 3358 5131; x_wconf 79' lang='lat' dir='ltr'><strong>Qumth</strong></span> <span class='ocrx_word' id='word_1_850' title='bbox 3388 5067 3474 5121; x_wconf 85' lang='lat' dir='ltr'><strong>dic</strong></span> <span class='ocrx_word' id='word_1_851' title='bbox 3516 5070 3646 5124; x_wconf 79' lang='lat' dir='ltr'><strong>mihi</strong></span> 
     </span>
    </p>
   </div>
   <div class='ocr_carea' id='block_1_111' title="bbox 2055 5135 3642 5204">
    <p class='ocr_par' dir='ltr' id='par_1_111' title="bbox 2055 5135 3642 5204">
     <span class='ocr_line' id='line_1_111' title="bbox 2055 5135 3642 5204; baseline 0.002 -17"><span class='ocrx_word' id='word_1_852' title='bbox 2055 5151 2198 5187; x_wconf 70' lang='lat' dir='ltr'><strong>cum:</strong></span> <span class='ocrx_word' id='word_1_853' title='bbox 2237 5138 2505 5204; x_wconf 64' lang='lat' dir='ltr'><strong>propriam</strong></span> <span class='ocrx_word' id='word_1_854' title='bbox 2565 5135 2769 5188; x_wconf 84' lang='lat' dir='ltr'><strong>habebit</strong></span> <span class='ocrx_word' id='word_1_855' title='bbox 2811 5137 3113 5200; x_wconf 73' lang='lat' dir='ltr'><strong>imaginem,</strong></span> <span class='ocrx_word' id='word_1_856' title='bbox 3165 5151 3467 5204; x_wconf 83' lang='lat' dir='ltr'><strong>sequuntur</strong></span> <span class='ocrx_word' id='word_1_857' title='bbox 3507 5140 3642 5201; x_wconf 75' lang='lat' dir='ltr'><strong>hznc,</strong></span> 
     </span>
    </p>
   </div>
   <div class='ocr_carea' id='block_1_112' title="bbox 2069 5199 3643 5279">
    <p class='ocr_par' dir='ltr' id='par_1_112' title="bbox 2069 5199 3643 5279">
     <span class='ocr_line' id='line_1_112' title="bbox 2069 5199 3643 5279; baseline 0.001 -21"><span class='ocrx_word' id='word_1_858' title='bbox 2069 5199 2244 5274; x_wconf 79' lang='grc' dir='ltr'>’Υπὲρ</span> <span class='ocrx_word' id='word_1_859' title='bbox 2297 5199 2366 5279; x_wconf 78' lang='grc' dir='ltr'>ἦς</span> <span class='ocrx_word' id='word_1_860' title='bbox 2392 5207 2598 5279; x_wconf 78' lang='grc' dir='ltr'>κόσμον</span> <span class='ocrx_word' id='word_1_861' title='bbox 2661 5199 2966 5279; x_wconf 40' lang='grc' dir='ltr'>ὃλονηοωζ,</span> <span class='ocrx_word' id='word_1_862' title='bbox 3000 5223 3168 5279; x_wconf 80' lang='lat' dir='ltr'><strong>usque</strong></span> <span class='ocrx_word' id='word_1_863' title='bbox 3197 5199 3263 5260; x_wconf 82' lang='lat' dir='ltr'><strong>ad</strong></span> <span class='ocrx_word' id='word_1_864' title='bbox 3311 5199 3643 5279; x_wconf 63' lang='grc' dir='ltr'>παρασχεῖν,</span> 
     </span>
    </p>
   </div>
   <div class='ocr_carea' id='block_1_113' title="bbox 2060 5277 3642 5344">
    <p class='ocr_par' dir='ltr' id='par_1_113' title="bbox 2060 5277 3642 5344">
     <span class='ocr_line' id='line_1_113' title="bbox 2060 5277 3642 5344; baseline 0.006 -20"><span class='ocrx_word' id='word_1_865' title='bbox 2060 5291 2182 5340; x_wconf 72' lang='lat' dir='ltr'><strong>qua:</strong></span> <span class='ocrx_word' id='word_1_866' title='bbox 2211 5277 2568 5338; x_wconf 82' lang='lat' dir='ltr'><strong>restituimus,</strong></span> <span class='ocrx_word' id='word_1_867' title='bbox 2603 5285 2658 5330; x_wconf 89' lang='lat' dir='ltr'><strong>et</strong></span> <span class='ocrx_word' id='word_1_868' title='bbox 2692 5277 2950 5329; x_wconf 81' lang='lat' dir='ltr'><strong>vertimus</strong></span> <span class='ocrx_word' id='word_1_869' title='bbox 2988 5286 3045 5328; x_wconf 91' lang='lat' dir='ltr'><strong>ut</strong></span> <span class='ocrx_word' id='word_1_870' title='bbox 3091 5277 3246 5344; x_wconf 76' lang='lat' dir='ltr'><strong>legis,</strong></span> <span class='ocrx_word' id='word_1_871' title='bbox 3277 5288 3332 5332; x_wconf 86' lang='lat' dir='ltr'><strong>et</strong></span> <span class='ocrx_word' id='word_1_872' title='bbox 3361 5277 3450 5332; x_wconf 88' lang='lat' dir='ltr'><strong>ubi</strong></span> <span class='ocrx_word' id='word_1_873' title='bbox 3482 5277 3550 5332; x_wconf 87' lang='lat' dir='ltr'><strong>de</strong></span> <span class='ocrx_word' id='word_1_874' title='bbox 3580 5277 3642 5334; x_wconf 91' lang='lat' dir='ltr'><strong>S.</strong></span> 
     </span>
    </p>
   </div>
   <div class='ocr_carea' id='block_1_114' title="bbox 2056 5344 3645 5414">
    <p class='ocr_par' dir='ltr' id='par_1_114' title="bbox 2056 5344 3645 5414">
     <span class='ocr_line' id='line_1_114' title="bbox 2056 5344 3645 5414; baseline 0.001 -14"><span class='ocrx_word' id='word_1_875' title='bbox 2056 5344 2264 5400; x_wconf 58' lang='lat' dir='ltr'><strong>Joanne</strong></span> <span class='ocrx_word' id='word_1_876' title='bbox 2313 5344 2550 5414; x_wconf 80' lang='lat' dir='ltr'><strong>Baptista</strong></span> <span class='ocrx_word' id='word_1_877' title='bbox 2605 5361 2786 5400; x_wconf 81' lang='lat' dir='ltr'><strong>sermo</strong></span> <span class='ocrx_word' id='word_1_878' title='bbox 2833 5355 2916 5398; x_wconf 84' lang='lat' dir='ltr'><strong>est</strong></span> <span class='ocrx_word' id='word_1_879' title='bbox 2955 5357 3008 5400; x_wconf 85' lang='lat' dir='ltr'><strong>et</strong></span> <span class='ocrx_word' id='word_1_880' title='bbox 3057 5349 3122 5400; x_wconf 86' lang='lat' dir='ltr'><strong>ad</strong></span> <span class='ocrx_word' id='word_1_881' title='bbox 3161 5349 3250 5402; x_wconf 84' lang='lat' dir='ltr'><strong>illa</strong></span> <span class='ocrx_word' id='word_1_882' title='bbox 3317 5351 3481 5402; x_wconf 84' lang='lat' dir='ltr'><strong>verba</strong></span> <span class='ocrx_word' id='word_1_883' title='bbox 3526 5347 3645 5402; x_wconf 85' lang='lat' dir='ltr'><strong>:Et</strong></span> 
     </span>
    </p>
   </div>
   <div class='ocr_carea' id='block_1_115' title="bbox 2057 5417 3645 5488">
    <p class='ocr_par' dir='ltr' id='par_1_115' title="bbox 2057 5417 3645 5488">
     <span class='ocr_line' id='line_1_115' title="bbox 2057 5417 3645 5488; baseline 0.001 -20"><span class='ocrx_word' id='word_1_884' title='bbox 2057 5417 2275 5488; x_wconf 63' lang='lat' dir='ltr'><strong>lectulis</strong></span> <span class='ocrx_word' id='word_1_885' title='bbox 2335 5417 2621 5488; x_wconf 68' lang='lat' dir='ltr'><strong>victitqret,</strong></span> <span class='ocrx_word' id='word_1_886' title='bbox 2671 5417 2917 5484; x_wconf 85' lang='lat' dir='ltr'><strong>sequitur</strong></span> <span class='ocrx_word' id='word_1_887' title='bbox 2957 5433 2971 5468; x_wconf 93' lang='lat'><strong><em>:</em></strong></span> <span class='ocrx_word' id='word_1_888' title='bbox 3021 5417 3131 5469; x_wconf 73' lang='grc' dir='ltr'><strong>Καὶ</strong></span> <span class='ocrx_word' id='word_1_889' title='bbox 3179 5417 3325 5488; x_wconf 71' lang='grc' dir='ltr'>θριξὶ</span> <span class='ocrx_word' id='word_1_890' title='bbox 3379 5419 3645 5487; x_wconf 81' lang='grc' dir='ltr'>καμήλων</span> 
     </span>
    </p>
   </div>
   <div class='ocr_carea' id='block_1_116' title="bbox 2057 5486 3647 5558">
    <p class='ocr_par' dir='ltr' id='par_1_116' title="bbox 2057 5486 3647 5558">
     <span class='ocr_line' id='line_1_116' title="bbox 2057 5486 3647 5558; baseline 0.001 -19"><span class='ocrx_word' id='word_1_891' title='bbox 2057 5487 2398 5556; x_wconf 84' lang='grc' dir='ltr'>σκεπόμενος</span> <span class='ocrx_word' id='word_1_892' title='bbox 2425 5486 2566 5558; x_wconf 42' lang='grc' dir='ltr'><strong>χιιί</strong></span> <span class='ocrx_word' id='word_1_893' title='bbox 2619 5488 2938 5539; x_wconf 80' lang='lat' dir='ltr'><strong>camelortun</strong></span> <span class='ocrx_word' id='word_1_894' title='bbox 2997 5489 3119 5555; x_wconf 75' lang='lat' dir='ltr'><strong>pilis</strong></span> <span class='ocrx_word' id='word_1_895' title='bbox 3178 5486 3466 5558; x_wconf 72' lang='lat' dir='ltr'><strong>tegeretur,</strong></span> <span class='ocrx_word' id='word_1_896' title='bbox 3526 5505 3647 5558; x_wconf 77' lang='lat' dir='ltr'><strong>qum</strong></span> 
     </span>
    </p>
   </div>
   <div class='ocr_carea' id='block_1_117' title="bbox 2054 5555 3644 5626">
    <p class='ocr_par' dir='ltr' id='par_1_117' title="bbox 2054 5555 3644 5626">
     <span class='ocr_line' id='line_1_117' title="bbox 2054 5555 3644 5626; baseline 0.003 -19"><span class='ocrx_word' id='word_1_897' title='bbox 2054 5559 2236 5610; x_wconf 88' lang='lat' dir='ltr'><strong>omnia</strong></span> <span class='ocrx_word' id='word_1_898' title='bbox 2291 5573 2358 5609; x_wconf 78' lang='lat' dir='ltr'><strong>ex</strong></span> <span class='ocrx_word' id='word_1_899' title='bbox 2433 5555 2552 5610; x_wconf 83' lang='lat' dir='ltr'><strong>Vat.</strong></span> <span class='ocrx_word' id='word_1_900' title='bbox 2611 5561 2732 5609; x_wconf 86' lang='lat' dir='ltr'><strong>cod.</strong></span> <span class='ocrx_word' id='word_1_901' title='bbox 2777 5563 3114 5626; x_wconf 73' lang='lat' dir='ltr'><strong>recuperari,</strong></span> <span class='ocrx_word' id='word_1_902' title='bbox 3150 5568 3206 5611; x_wconf 93' lang='lat' dir='ltr'><strong>nt</strong></span> <span class='ocrx_word' id='word_1_903' title='bbox 3231 5555 3424 5614; x_wconf 60' lang='lat' dir='ltr'><strong>&#39;vidoas</strong></span> <span class='ocrx_word' id='word_1_904' title='bbox 3450 5557 3581 5612; x_wconf 80' lang='lat' dir='ltr'><strong>nihil</strong></span> <span class='ocrx_word' id='word_1_905' title='bbox 3614 5575 3644 5612; x_wconf 88' lang='lat' dir='ltr'><strong>a</strong></span> 
     </span>
    </p>
   </div>
   <div class='ocr_carea' id='block_1_118' title="bbox 2063 5627 3646 5700">
    <p class='ocr_par' dir='ltr' id='par_1_118' title="bbox 2063 5627 3646 5700">
     <span class='ocr_line' id='line_1_118' title="bbox 2063 5627 3646 5700; baseline 0.001 -19"><span class='ocrx_word' id='word_1_906' title='bbox 2063 5642 2150 5700; x_wconf 87' lang='lat' dir='ltr'><strong>me</strong></span> <span class='ocrx_word' id='word_1_907' title='bbox 2201 5627 2622 5700; x_wconf 69' lang='lat' dir='ltr'><strong>prietermissum</strong></span> <span class='ocrx_word' id='word_1_908' title='bbox 2675 5627 2966 5700; x_wconf 73' lang='lat' dir='ltr'><strong>diligentia:</strong></span> <span class='ocrx_word' id='word_1_909' title='bbox 3019 5629 3069 5682; x_wconf 92' lang='lat' dir='ltr'><strong>in</strong></span> <span class='ocrx_word' id='word_1_910' title='bbox 3104 5629 3187 5684; x_wconf 89' lang='lat' dir='ltr'><strong>his</strong></span> <span class='ocrx_word' id='word_1_911' title='bbox 3214 5629 3452 5685; x_wconf 87' lang='lat' dir='ltr'><strong>homiliis</strong></span> <span class='ocrx_word' id='word_1_912' title='bbox 3481 5646 3646 5700; x_wconf 76' lang='lat' dir='ltr'><strong>quam</strong></span> 
     </span>
    </p>
   </div>
   <div class='ocr_carea' id='block_1_119' title="bbox 2058 5697 2792 5767">
    <p class='ocr_par' dir='ltr' id='par_1_119' title="bbox 2058 5697 2792 5767">
     <span class='ocr_line' id='line_1_119' title="bbox 2058 5697 2792 5767; baseline 0.003 -18"><span class='ocrx_word' id='word_1_913' title='bbox 2058 5698 2264 5767; x_wconf 74' lang='lat' dir='ltr'><strong>integre</strong></span> <span class='ocrx_word' id='word_1_914' title='bbox 2286 5712 2522 5767; x_wconf 62' lang='lat' dir='ltr'><strong>possein,</strong></span> <span class='ocrx_word' id='word_1_915' title='bbox 2551 5697 2792 5752; x_wconf 85' lang='lat' dir='ltr'><strong>edendis.</strong></span> 
     </span>
    </p>
   </div>
   <div class='ocr_carea' id='block_1_120' title="bbox 443 5813 3640 5879">
    <p class='ocr_par' dir='ltr' id='par_1_120' title="bbox 443 5813 3640 5879">
     <span class='ocr_line' id='line_1_120' title="bbox 443 5813 3640 5879; baseline 0 -12"><span class='ocrx_word' id='word_1_916' title='bbox 443 5816 514 5872; x_wconf 82' lang='lat' dir='ltr'><strong>ta}</strong></span> <span class='ocrx_word' id='word_1_917' title='bbox 541 5813 632 5864; x_wconf 82' lang='lat' dir='ltr'><strong>Hic</strong></span> <span class='ocrx_word' id='word_1_918' title='bbox 664 5819 800 5877; x_wconf 82' lang='lat' dir='ltr'><strong>lapsu</strong></span> <span class='ocrx_word' id='word_1_919' title='bbox 826 5825 866 5878; x_wconf 63' lang='grc' dir='ltr'>ι)</span> <span class='ocrx_word' id='word_1_920' title='bbox 881 5816 1175 5879; x_wconf 63' lang='lat' dir='ltr'><strong>p&#39;tglaftltitto</strong></span> <span class='ocrx_word' id='word_1_921' title='bbox 1229 5816 1410 5864; x_wconf 59' lang='lat' dir='ltr'><strong>omisso.</strong></span> <span class='ocrx_word' id='word_1_922' title='bbox 1435 5825 1542 5865; x_wconf 74' lang='lat' dir='ltr'><strong>Sunt</strong></span> <span class='ocrx_word' id='word_1_923' title='bbox 1567 5816 1791 5876; x_wconf 56' lang='lat' dir='ltr'><strong>qundam</strong></span> <span class='ocrx_word' id='word_1_924' title='bbox 1825 5815 1870 5863; x_wconf 90' lang='lat' dir='ltr'><strong>in</strong></span> <span class='ocrx_word' id='word_1_925' title='bbox 1898 5815 2116 5863; x_wconf 71' lang='lat' dir='ltr'><strong>ciitioz-e</strong></span> <span class='ocrx_word' id='word_1_926' title='bbox 2146 5815 2305 5865; x_wconf 68' lang='lat' dir='ltr'><strong>Patris</strong></span> <span class='ocrx_word' id='word_1_927' title='bbox 2333 5817 2516 5870; x_wconf 64' lang='lat' dir='ltr'><strong>Sv&#39;orsi,</strong></span> <span class='ocrx_word' id='word_1_928' title='bbox 2545 5822 2593 5864; x_wconf 85' lang='lat' dir='ltr'><strong>ut</strong></span> <span class='ocrx_word' id='word_1_929' title='bbox 2623 5831 2682 5866; x_wconf 75' lang='lat' dir='ltr'><strong>ex</strong></span> <span class='ocrx_word' id='word_1_930' title='bbox 2723 5820 2829 5877; x_wconf 73' lang='lat' dir='ltr'><strong>ejus</strong></span> <span class='ocrx_word' id='word_1_931' title='bbox 2863 5818 3281 5876; x_wconf 72' lang='lat' dir='ltr'><strong>interpretatione</strong></span> <span class='ocrx_word' id='word_1_932' title='bbox 3314 5817 3468 5877; x_wconf 77' lang='lat' dir='ltr'><strong>patet.</strong></span> <span class='ocrx_word' id='word_1_933' title='bbox 3502 5817 3640 5868; x_wconf 71' lang='lat' dir='ltr'><strong>lint&#39;r.</strong></span> 
     </span>
    </p>
   </div>
  </div>
