4070 6412
457 388 560 449 827

1633 382 2129 445 THEOPHANIS
2167 385 2512 448 CERAMEI

3610 397 3714 460 828

455 494 627 548 tiores
653 489 798 547 enim
848 488 1338 561 propensioresque
1368 488 1435 545 ad
1461 488 1790 545 credendum
1807 490 2020 547 Christe

2133 494 2240 548 τῶν
2257 496 2430 559 ἐθνῶν
2450 491 2688 562 πίστεως
2705 499 2949 574 ἐλέγχων
2967 502 3332 577 άριδηλότατα
3351 521 3362 535 ·
3384 506 3711 580 ἑτοιμότερα

456 595 585 643 sunt
605 594 813 656 gentes.
848 582 980 639 Vide
1008 581 1154 638 enim
1197 582 1273 636 uti
1308 596 1374 637 ex
1409 581 1674 636 diametro
1715 579 2024 638 Jndtnorum
2051 637 2067 653 ο

452 678 815 742 contumacia,
865 684 922 731 et
962 675 1208 743 gentium
1257 674 1630 745 promptitudo
1677 674 1902 727 distent.
1946 673 2027 728 Illi

456 785 652 841 nempe
684 769 767 824 vel
806 767 1149 824 contumeliis
1178 767 1427 823 insectati
1462 777 1588 821 sunt
1615 767 1921 834 Christum;
1970 777 2028 821 at

451 862 869 933 Syropbmnissa
902 858 1123 930 gentilis
1155 875 1281 915 cmn
1316 870 1483 926 esset,
1525 859 1798 928 indignant
1852 859 2027 927 gratia

450 971 511 1010 se
542 956 778 1022 vocavit,
818 964 874 1011 et
906 958 985 1010 uti
1037 956 1091 1010 in
1138 956 1441 1011 catulorum
1501 969 1726 1009 numero
1776 968 2027 1009 recense-

450 1058 619 1113 retur,
653 1060 720 1104 et-
757 1048 1030 1117 particeps
1083 1046 1239 1103 ﬁeret
1285 1047 1551 1102 micarum
1598 1060 1665 1100 ex
1709 1044 2026 1101 Judzeorum

446 1154 636 1194 mensa
662 1139 971 1193 cadentium
1001 1139 1330 1205 obsecravit,
1363 1154 1522 1208 quam
1557 1148 1735 1194 tamen
1761 1137 1836 1192 illi
1869 1153 2029 1207 repu-

456 1232 686 1286 diabant
704 1232 774 1286 ".
796 1229 863 1285 Et
884 1231 972 1286 hic
996 1231 1181 1286 itidem
1219 1232 1466 1286 centurio
1502 1232 1779 1301 indignum
1801 1230 2026 1284 omnino

449 1339 512 1379 se
531 1324 760 1393 judicat,
790 1325 883 1396 qui
912 1324 1204 1379 Dominum
1233 1324 1334 1379 sub
1365 1330 1568 1379 tectum
1596 1324 1821 1393 recipiat
1845 1339 2022 1378 suum.

448 1417 795 1487 Quapropter
822 1427 875 1472 et
906 1418 982 1471 illi
1029 1416 1425 1471 incredulitatis
1459 1431 1571 1471 suae
1604 1416 1825 1485 praemia
1876 1429 2028 1470 rece-

448 1518 679 1578 perunt;
729 1516 784 1564 et
816 1510 871 1564 hi
909 1509 1138 1579 gratiam
1186 1508 1556 1572 lucratisunt,
1601 1507 1886 1578 justitieati
1931 1522 2027 1575 per

453 1600 637 1655 tidem.
689 1599 794 1656 Sed
839 1602 985 1657 enim
1025 1601 1397 1657 narrationem
1432 1616 1626 1657 rursus
1652 1600 1721 1655 ab
1751 1598 1907 1656 initio
1943 1613 2031 1655 re-

446 1698 718 1759 petamus.

514 1966 574 2021 In
604 1966 696 2023 illo
725 1976 990 2034 tempore,
1025 1984 1045 2019 ι
1081 1966 1217 2022 Cum
1264 1965 1547 2022 introisset
1588 1965 1747 2021 Jesus
1774 1964 2023 2033 Caphar-

442 2073 632 2123 naum,
669 2057 905 2113 accessit
937 2057 1006 2112 ad
1058 2071 1181 2111 eum
1232 2057 1480 2111 centurio
1524 2070 1723 2123 rogans
1772 2069 1927 2118 eum,
1970 2064 2025 2108 et

443 2150 658 2206 dicens.
697 2168 715 2201 ι
754 2150 900 2204 Sane
934 2149 1152 2204 divinus
1180 2146 1355 2202 Lucas
1400 2148 1501 2202 hoc
1535 2147 1854 2201 miraculum
1894 2162 2023 2201 nar-

440 2257 577 2298 rans
608 2257 712 2296 non
745 2242 922 2312 ipsius
957 2242 1293 2296 centurionis
1344 2240 1559 2295 venisse
1599 2255 1926 2310 personam,
1969 2249 2025 2294 et

438 2333 608 2405 309
636 2349 733 2405 per
763 2349 824 2389 se
855 2334 1078 2403 petiisse
1108 2333 1266 2398 dicit,
1307 2333 1402 2387 sed
1441 2330 1749 2387 Judteorum
1778 2333 2023 2388 seniores

444 2435 695 2496 rogatum
729 2426 795 2481 de
826 2427 926 2487 hac
956 2440 1016 2480 re
1047 2425 1335 2479 Dominum
1376 2425 1663 2495 allegasse.
1719 2426 1825 2481 Sed
1875 2426 2021 2482 nulla

442 2517 535 2573 hic
559 2516 827 2572 dissensio
862 2517 1043 2572 inesse
1072 2516 1344 2571 videbitur
1376 2517 1440 2571 iis
1471 2518 1561 2586 qui
1598 2517 1815 2573 sincero
1836 2519 2021 2575 animo

440 2608 548 2664 hoc
571 2618 848 2679 reputant.
869 2610 1009 2664 Nam
1040 2609 1133 2680 qui
1163 2608 1317 2664 missi
1346 2608 1415 2663 ab
1441 2608 1534 2663 illo
1557 2620 1706 2677 sunt,
1733 2624 2018 2680 personam

439 2699 710 2755 mittentis
761 2710 955 2770 gerunt
982 2698 1084 2768 (5),
1133 2706 1188 2754 et
1232 2714 1330 2769 pro
1366 2698 1460 2753 illo
1508 2701 1748 2755 adsunt:
1782 2716 1882 2754 nec
1912 2701 2020 2755 ulla

437 2790 733 2846 caVillandi
787 2789 999 2862 cupidis
1045 2788 1173 2844 hinc
1225 2803 1359 2844 ansa
1406 2790 1700 2858 praebetur,
1750 2788 1892 2859 quod
1931 2790 2022 2847 hic

436 2883 657 2954 quidem
694 2883 869 2954 ipsum
926 2882 1143 2939 venisse
1189 2883 1565 2938 centurionem
1616 2881 1791 2946 dicit,
1843 2882 2020 2938 Lucas

439 2987 574 3028 vero
604 2972 740 3029 alios
786 2973 954 3030 fuisse
997 2974 1279 3043 petitionis
1309 2974 1666 3030 administros
1694 2992 1708 3029 :
1740 2975 1842 3030 hoc
1871 2976 2017 3031 enim

435 3075 583 3117 cura:
610 3072 729 3118 erat
761 3063 1132 3132 evangelistis,
1177 3064 1425 3118 miraculi
1454 3065 1740 3120 veritatem
1774 3066 2018 3121 studiose

438 3169 704 3223 narrare;
738 3160 803 3211 de
836 3157 903 3211 iis
935 3172 1065 3212 vero
1089 3171 1210 3226 quae
1232 3156 1554 3212 miraculum
1586 3157 2015 3229 praecessissent,
2047 3201 2091 3259 c

441 3263 554 3306 non
587 3249 750 3304 nimis
778 3249 1052 3304 subtiliter
1076 3259 1205 3303 sunt
1238 3251 1529 3318 persecuti.
1567 3249 1712 3306 Nihil
1741 3268 1867 3307 vero
1898 3269 2019 3323 pro-

437 3340 613 3406 hibet,
643 3343 937 3409 quominus
968 3350 1265 3411 utrumque
1296 3343 1598 3412 contigisse
1624 3344 2014 3415 intelligamus.

435 3426 807 3484 Existimabat
833 3430 979 3486 enim
1008 3433 1262 3487 centurio
1299 3433 1369 3487 ob
1413 3435 1771 3489 reverentiam
1811 3436 2015 3491 Christi

434 3518 578 3584 fore,
634 3529 693 3575 ut
743 3520 787 3575 is
839 3537 936 3577 sua
979 3525 1250 3592 postulata
1312 3526 1597 3595 rejiceret,
1648 3529 1845 3599 quippe
1894 3546 2013 3584 cum

432 3613 656 3684 gentilis
711 3623 858 3671 esset
884 3626 941 3671 et
993 3616 1321 3686 alienigena.
1358 3619 1606 3674 Decrevit
1654 3621 1821 3691 igitur
1864 3623 2015 3693 prius

433 3707 664 3762 seorsim
698 3707 906 3777 legatos
935 3709 1195 3777 mittere;
1246 3721 1305 3764 ut
1338 3727 1465 3767 vero
1507 3713 1760 3783 promissi
1792 3714 2016 3771 facilita-

430 3805 546 3852 tem
572 3799 801 3866 audivit,
826 3811 877 3854 et
911 3802 1027 3870 ipse
1057 3803 1381 3858 conlirmato
1409 3805 1592 3860 animo
1617 3808 1867 3863 accessit.
1893 3809 2013 3864 Jam

431 3890 596 3960 igitur
620 3891 1067 3951 Resurrectionis
1097 3896 1361 3964 praeludia
1391 3896 1642 3953 Salvator
1672 3901 1934 3971 inceptat,
1963 3912 2017 3958 et

432 3984 679 4040 membra
731 3996 1023 4057 partesque
1068 3987 1211 4042 male
1262 3988 1484 4045 all'ectas
1528 3991 1792 4062 principio
1838 4005 2011 4050 curat.

431 4073 502 4130 Et
529 4076 788 4145 quoniam
820 4078 874 4132 in
921 4094 1129 4135 marem
1163 4089 1219 4136 et
1257 4081 1514 4137 feminam
1551 4084 1787 4140 hominis
1822 4097 2013 4142 natura

429 4165 610 4222 divisa
655 4176 763 4233 est,
792 4170 1015 4240 utrique
1044 4173 1231 4242 generi
1262 4174 1676 4230 beneﬁcentiam
1723 4177 1871 4247 large
1908 4180 2015 4235 im-

427 4259 685 4327 pertitur.
732 4260 910 4318 Ambo
940 4262 1230 4332 siquidem,
1280 4275 1335 4320 et
1365 4268 1449 4321 vir
1480 4277 1535 4323 et
1562 4270 1761 4325 mulier
1806 4286 1838 4325 a
1872 4286 2012 4340 prae-

429 4360 590 4422 cepto
627 4353 994 4421 desciverunt,
1041 4356 1200 4411 ambo
1232 4372 1362 4415 vero
1402 4361 1570 4416 etiam
1619 4364 2013 4432 benignitatem

429 4450 562 4497 sunt
605 4446 909 4502 consecuti.
942 4446 1011 4502 Et
1043 4456 1198 4504 sanat
1235 4449 1451 4521 quidem
1484 4469 1634 4516 eum,
1670 4454 1828 4525 cujus
1858 4467 2014 4512 erant

426 4526 578 4591 nervi
607 4539 846 4606 remissi,
873 4540 1211 4614 eticompago
1235 4547 1483 4616 corporis
1510 4546 1775 4603 dissoluta
1797 4548 1876 4617 ⁸⁸;
1917 4548 2011 4607 sed
2042 4536 2093 4596 Ι)

426 4629 744 4685 inclinatam
806 4634 1086 4690 mulierem
1121 4646 1177 4691 et
1207 4647 1521 4708 vergentem
1569 4639 1622 4693 in
1660 4649 1858 4696 terram
1891 4643 2012 4700 sine

426 4737 557 4777 cura
587 4738 693 4778 non
714 4726 1141 4794 praetermittit"
1172 4745 1186 4781 :
1214 4712 1419 4785 multos
1445 4745 1475 4784 a
1502 4731 1807 4787 daemonum
1834 4735 2010 4805 agita-

428 4814 573 4871 tione
596 4814 941 4884 liberavit“,
972 4818 1066 4874 sed
1083 4828 1139 4875 et
1160 4810 1480 4889 Chananteae
1508 4822 1728 4879 ﬁliolam
1757 4836 2007 4881 vexatam

424 4922 456 4961 a
505 4908 839 4965 daemonibus
892 4911 1116 4967 sanitati
1178 4914 1518 4984 restituit”;
1566 4915 1889 4973 Zacchreum
1939 4935 2007 4976 ex

422 4995 643 5065 iniustis
671 5002 929 5071 operibus
958 5004 1014 5059 in
1059 5005 1342 5075 exigendis
1385 5009 1746 5079 vectigalibus
1775 5012 2008 5081 patratis

421 5090 703 5163 eripuit“,
727 5094 822 5150 sed
842 5104 897 5151 et
916 5095 1290 5156 lascivientem
1313 5102 1661 5158 meretricem
1698 5118 1764 5159 ex
1809 5104 2007 5160 fictore

2129 589 2239 660 γάρ
2264 590 2387 655 πώς
2411 594 2520 647 είσι
2548 595 2616 649 τά
2648 595 2803 667 ἔθνη,
2832 597 2928 651 καὶ
2960 599 3259 654 νενευκότα
3294 600 3427 655 πολὺ
3468 601 3606 673 πρὸς
3649 604 3711 657 τὸ

2129 682 2423 737 πιστεῦσαι
2477 686 2721 757 Χριστῷ.
2783 688 2925 758 Ὅρα
2957 689 3067 762 γὰρ
3113 691 3175 745 τὸ
3229 691 3371 746 κατά
3412 693 3709 765 διάμετρον

2125 769 2310 825 ἄνισον
2347 774 2445 844 τῆς
2498 776 2609 830 τῶν
2648 777 2922 832 Ἰουδαίων
2963 780 3273 848 ἀπειθείας,
3328 784 3546 854 καὶτῆς
3593 786 3707 839 τῶν

2126 860 2298 913 ἐθνῶν
2345 863 2720 935 ἑτοιμότητος.
2770 867 2835 920 Οἱ
2884 868 2983 938 μὲν
3031 868 3142 940 γὰρ
3181 871 3278 922 καὶ
3335 870 3455 940 μεθ’
3496 871 3708 942 ὐϐρεων

2128 953 2293 1005 αὐτὸν
2341 955 2653 1011 ἀπεδίωκον
2680 973 2695 988 ο
2732 962 2764 1030 ἡ
2802 960 2863 1026 ἐξ
2910 960 3084 1015 ἐθνῶν
3143 962 3201 1015 δέ
3256 963 3709 1034 Συροφοινίκισσα

2126 1046 2357 1111 ἀναξίαν
2415 1049 2604 1104 ἐκάλει
2657 1052 2862 1122 ἑαυτὴν
2917 1054 3021 1124 τῆς
3048 1055 3421 1126 χάριτος,.καὶ
3445 1058 3504 1110 ἐν
3541 1058 3707 1132 μοίρᾳ

2127 1140 2408 1213 κυναρίων
2442 1144 2752 1212 παρεκάλει
2781 1145 3044 1217 τετάχθαι
3069 1148 3163 1201 καὶ
3188 1153 3482 1221 μετασχεῖν
3505 1152 3707 1225 ψιχίων

2126 1231 2192 1284 ἐκ
2218 1233 2318 1302 τῆς
2346 1235 2628 1307 τραπέζης
2658 1239 2766 1291 τῶν
2795 1240 3092 1311 Ἰουδαίων,
3122 1239 3193 1316 ἦς
3241 1244 3442 1302 ἐκεῖνοι
3502 1267 3709 1304 παντε-

2126 1322 2236 1387 λῶς
2298 1326 2672 1399 ἀπηνήναντο.
2725 1333 2837 1388 Καὶ
2890 1328 3053 1402 οὗτος
3090 1338 3161 1392 δὲ
3226 1341 3255 1393 6
3304 1341 3705 1416 ἑκατόνταρχος

2128 1418 2414 1484 παντελῶς
2436 1422 2630 1477 ἑαυτὸν
2664 1425 2843 1496 κρίνει
2896 1430 3116 1498 ἀνάξιον
3155 1433 3251 1487 τοῦ
3305 1436 3411 1489 ὑπὸ
3456 1437 3556 1506 τὴν
3587 1441 3710 1492 στέ-

2126 1530 2233 1583 γην
2265 1515 2430 1570 αὐτοῦ
2480 1519 2574 1573 τὸν
2631 1520 2842 1593 Κύριον
2873 1524 3263 1592 ὐποδέξασθαι.
3298 1531 3398 1584 Διά
3416 1530 3576 1586 τοῦτο
3601 1535 3709 1587 κά-

2126 1608 2296 1660 κεῖνοι
2329 1609 2435 1678 τῆς
2461 1611 2721 1678 ἀπιστίας
2761 1615 3064 1687 ἐδρέψαντο
3096 1620 3166 1675 τὰ
3194 1623 3474 1695 ἐπίχειρα,
3493 1627 3588 1679 καὶ
3613 1625 3713 1685 οὒον

2125 1712 2208 1748 τοι
2232 1697 2571 1771 τῆςχάριτος
2591 1702 2905 1772 ἁπὼναντο,
2937 1707 3326 1777 δικαιωθέντες
3343 1714 3409 1768 ἐκ
3432 1715 3695 1781 πίστεως.

2128 1784 2297 1879 ἀλλὰ
2347 1790 2441 1843 τοῦ
2495 1791 2843 1865 διὴγήματος
2915 1797 3076 1866 αὖθις
3116 1802 3215 1876 τὴν
3272 1806 3449 1879 ἀρχὴν
3500 1809 3711 1865 ἀπολά-

2054 1857 2097 1912 B
2126 1878 2339 1949 ϐωμεν.

2196 1971 2287 2042 Τῷ
2306 1972 2486 2044 καιρῷ
2517 1976 2736 2048 ἐκείνῳ,
2766 1998 2785 2031 ι
2820 1981 3136 2037 Είσελθόντι
3167 1984 3247 2056 τῷ
3270 1986 3447 2057 Ἰησοῦ
3481 1989 3563 2053 εἰς
3596 1990 3715 2045 Καρ

2124 2066 2434 2135 περναούμ,
2469 2068 2786 2139 προσῆλθεν
2819 2072 2974 2142 αὐτῷ
3013 2075 3419 2150 ἑκατόνταρχος
3449 2074 3712 2150 παρακα-

2122 2154 2232 2208 λῶν
2266 2157 2451 2221 αὐτὸν,
2486 2162 2583 2213 καὶ
2610 2159 2813 2228 λέγων.
2849 2180 2870 2215 ι
2911 2166 2978 2219 '0
3012 2165 3115 2236 μὲν
3157 2166 3422 2241 θεηγόρος
3462 2172 3709 2239 Λουκᾶς,

2122 2248 2274 2302 τουτὶ
2294 2249 2357 2302 τὸ
2387 2252 2692 2322 παράδοξον
2738 2255 3149 2328 ἀφηγούμενος,
3195 2261 3297 2313 οὐκ
3347 2263 3713 2334 αὐτοπροσὼ-

2124 2359 2241 2405 πως
2273 2342 2452 2397 ἐλθεῖν
2475 2343 2629 2415 λέγει
2649 2347 2741 2400 τὸν
2764 2349 3192 2424 ἑκατόνταρχον,
3218 2354 3313 2408 καὶ
3345 2357 3575 2426 ποιῆσαι
3605 2355 3710 2429 τὴν

2122 2433 2366 2506 αἴτησιν,
2400 2436 2539 2493 ἀλλὰ
2567 2440 2978 2515 πρεσϐυτέρους
3033 2445 3145 2499 τῶν
3180 2446 3456 2503 Ἰουδαίων
3497 2449 3710 2504 ἐπαπο-

2123 2528 2332 2582 στεῖλαι
2371 2530 2850 2604 .ἀντι6ολήσοντας
2903 2538 3037 2608 περὶ
3088 2536 3285 2593 τούτου
3328 2539 3423 2594 τὸν
3472 2541 3705 2613 Κύριον.

2122 2619 2267 2674 Ἀλλ’
2293 2621 2555 2694 οὐδεμίαν
2611 2624 2911 2696 διαφωνίαν
2957 2628 3201 2684 δείκνυσι
3239 2630 3401 2687 τοῦτο
3453 2636 3570 2697 τοῖς
3607 2636 3702 2688 εὐ-

2120 2713 2417 2780 γνωμόνως
2448 2717 2779 2788 προσέχουσι
2807 2736 2824 2752 ·
2858 2721 2971 2775 Καὶ
3022 2721 3134 2793 γάρ
3172 2724 3266 2778 καὶ
3295 2726 3345 2779 οί
3375 2726 3482 2781 ὐπδ
3501 2728 3707 2788 τούτου

2120 2805 2584 2878 ἀποστελλόμενοι
2635 2813 2716 2875 είς
2769 2815 3067 2883 πρόσωπον
3130 2816 3227 2870 τοῦ
3277 2818 3708 2890 ἀποστείλαντος

2122 2892 2371 2965 πάρεισι,
2412 2895 2510 2950 καὶ¹
2540 2897 2784 2969 μηδεμία
2807 2900 2951 2973 λαϐὴ
2967 2904 3081 2966 τοῖς
3110 2903 3427 2976 φιλοψόγοις
3451 2909 3709 2967 ἐντεῦθεν

2121 2987 2289 3055 φανῇ,
2318 2986 2399 3038 ὅτι
2428 2987 2456 3039 6
2485 2987 2587 3056 μὲν
2611 2989 2775 3043 αὐτόν
2803 3006 2938 3060 φησι
2964 2990 3058 3046 τὸν
3094 2992 3505 3069 ἑκακόνταρχον
3531 3016 3709 3072 προσ-

2120 3075 2319 3141 ελθεῖν,
2359 3078 2577 3143 Λουκᾶς
2629 3080 2684 3134 δὲ
2708 3081 2901 3147 ἄλλους
2940 3085 3198 3154 γενέσθαι
3257 3086 3575 3161 ὑπουργοὺς
3601 3095 3707 3164 τῆς

2122 3168 2414 3238 αἰτήσεως.
2439 3171 2512 3224 Τὸ
2543 3172 2652 3244 γὰρ
2687 3175 2803 3238 τοῖς
2854 3176 3275 3246 εὐαγγελισταῖς
3329 3183 3706 3255 σπουδαζόμε-

2120 3277 2210 3313 νον
2260 3261 2420 3314 τούτο
2469 3258 2559 3334 ἦν,
2615 3265 2676 3318 τὸ
2710 3266 3031 3341 φιλαληθῶς
3071 3271 3134 3324 τὸ
3164 3270 3350 3343 θαῦμα
3376 3275 3573 3341 εἰπεῖν,
3599 3278 3705 3331 οὐκ

2118 3350 2604 3420 ἀκριϐολογεῖσθαι
2642 3356 2772 3428 περὶ
2801 3357 2908 3412 τῶν
2940 3363 3425 3435 προηγησαμὲνων
3453 3367 3532 3437 τῷ
3563 3366 3706 3422 θαύ-

2120 3458 2274 3509 ματι.
2311 3445 2482 3498 Οὐδὲν
2510 3447 2568 3500 δὲ
2598 3447 2659 3501 τὸ
2689 3449 2899 3505 κωλύον
2924 3455 3086 3518 νοεῖν,
3123 3456 3219 3510 καί⁵
3266 3458 3547 3529 συμϐῆναι
3590 3463 3703 3532 ἀμ-

2119 3535 2534 3608 φότερα.¹’ῼετο
2592 3540 2702 3611 γὰρ
2764 3542 2857 3594 ὐπ’
2891 3544 3186 3610 εὐλαϐείας
3237 3547 3266 3600 6
3300 3548 3705 3623 ἑκατόνταρχος

2118 3627 2232 3694 ὡς,
2266 3630 2484 3684 ἐθνικοῢ
2549 3635 2915 3703 τυγχάνοντος
2978 3636 3145 3691 αὐτοῦ
3200 3642 3298 3695 καὶ¹
3354 3642 3701 3713 ἁλλογενοῦς,

2119 3721 2538 3789 παρακούσεται
2596 3722 2697 3793 τὴν
2759 3723 2981 3795 αἴτησιν
3036 3729 3065 3781 6
3096 3729 3355 3799 Χριστός.
3390 3732 3571 3801 Ἔγνω
3608 3731 3705 3788 οὖν

2119 3810 2227 3881 ἰδίᾳ
2278 3812 2729 3882 πρεσϐεύσασθαι
2775 3818 3061 3888 πρότερον.
3103 3820 3194 3884 Ὠς
3236 3821 3294 3875 δὲ
3344 3822 3543 3894 ἤκουσε
3597 3828 3705 3895 τῆς

2116 3903 2450 3972 ἐπαγγελίας
2467 3906 2528 3959 τὸ
2558 3907 2868 3978 πρόθυμον,
2889 3910 3177 3983 θαρσήσας
3208 3913 3349 3967 ῐεται
3374 3915 3471 3969 καὶ
3511 3918 3700 3982 αὐτός.

2120 3996 2264 4067 Ἤδη
2290 3997 2391 4068 μὲν
2418 3997 2514 4053 οὖν
2538 4000 2640 4069 τῆς
2671 4001 3029 4067 ἀναστάσεως
3059 4010 3368 4078 προοιμίων
3392 4011 3704 4083 ἀπάρχεται

2115 4088 2144 4141 6
2167 4089 2384 4162 Σωτὴρ,
2415 4092 2511 4146 καὶ
2540 4094 2709 4164 μέλη,
2742 4097 2839 4150 καὶ
2867 4097 3011 4170 μέρη
3041 4102 3413 4170 κεκακωμένα
3433 4105 3706 4177 πρότερον

2119 4182 2332 4237 ίάσατο.
2367 4185 2594 4257 Ἐπειδὴ
2623 4186 2680 4240 δέ
2703 4187 2814 4243 τῶν
2837 4189 3201 4265 ἀνθρώπωνὴ
3226 4195 3391 4265 φύσις
3418 4198 3500 4261 είς
3532 4198 3707 4269 ἄρρεν

2117 4278 2216 4330 καὶ
2242 4274 2378 4348 θῆλυ
2414 4278 2773 4350 μεμέρισται,
2808 4282 3111 4357 ἀμφοτέρω
3141 4287 3220 4355 τῷ
3249 4288 3397 4357 γένει
3424 4290 3525 4363 τὴν
3546 4292 3707 4364 εὐερ-

2115 4368 2312 4436 γεσίαν
2360 4371 2678 4442 χαρίζεται.
2720 4374 2927 4445 ’Ἄμφω
2982 4377 3083 4449 μὲν
3135 4380 3246 4451 γὰρ
3304 4380 3403 4435 καὶ
3426 4383 3567 4456 ἀνὴρ
3605 4387 3706 4440 καὶ

2117 4462 2258 4529 γυνὴ
2286 4463 2384 4533 τῆς
2405 4463 2630 4536 ἐντολῆς
2659 4466 3113 4537 ἐκπεπτώκατον,
3147 4471 3318 4543 ἄμφω
3364 4475 3423 4529 δὲ
3468 4477 3565 4531 καὶ
3597 4478 3707 4549 τῆς

2118 4552 2446 4624 εὐεργεσίας
2473 4556 2794 4628 τετύχατον.
2822 4561 2935 4613 Καὶ
2964 4561 3260 4633 θεραπεύει
3288 4566 3381 4621 τὸν
3432 4571 3707 4639 παρειμέ-

2118 4661 2208 4698 νον
2236 4647 2307 4701 τὰ
2339 4649 2530 4718 νεῦρα,
2563 4649 2659 4703 κοιλ⁵
2688 4650 2985 4723 λελυμένον
3027 4655 3129 4720 τὰς
3162 4657 3437 4728 ἁρμονίας
3459 4661 3554 4714 τοῦ
3589 4660 3704 4716 σώ-

2120 4755 2290 4806 ματος
2322 4756 2338 4772 ο
2366 4740 2483 4794 ἀλλ’
2513 4742 2638 4796 οὐδὲ
2667 4742 2769 4814 τὴν
2811 4749 3132 4801 νενευκυϊαν
3186 4750 3267 4814 είς
3300 4752 3406 4821 γῆν
3435 4752 3533 4806 καὶ
3566 4771 3704 4824 συγ-

2116 4829 2433 4886 κύπτουσαν
2464 4834 2676 4905 ἀφῆκεν
2704 4838 3032 4908 ἀνήκεστον.
3086 4840 3195 4894 Τοῦ
3232 4844 3598 4917 κορυϐαντιᾷν
3636 4849 3705 4900 ἐκ

2117 4924 2394 4994 δαιμόνων
2431 4927 2726 4994 πλείστους
2775 4930 3133 4987 ἀπέσπασεν
3159 4933 3298 4988 ἀλλά
3350 4937 3448 4991 καὶ
3499 4938 3559 4991 τὸ
3599 4939 3706 5009 τῆς

2118 5016 2438 5082 Χαναναίας
2471 5018 2768 5091 θυγάτριον
2793 5022 2897 5076 ὐπέ
2923 5022 3197 5093 δαιμόνων
3222 5026 3552 5099 ὀχλούμενον
3581 5030 3706 5084 ἑθε-

2118 5110 2366 5179 ράπευσε
2386 5127 2401 5141 ·
2435 5111 2525 5164 τὸν
2550 5114 2826 5183 Ζακχαῖον
2852 5115 2964 5169 τῶν
2985 5118 3049 5170 ἐκ
3069 5116 3167 5172 τοῦ
3193 5120 3452 5176 τελωνεῖν
3471 5123 3707 5181 ἀδικιῶν
3802 5132 3803 5135 “

516 5210 770 5303 ξΜιιιιΙι.
825 5230 930 5303 nxv,
991 5215 1083 5272 26.
1160 5216 1208 5252 ⁵⁸
1244 5217 1439 5276 Matth.
1477 5236 1567 5287 ιχ,
1605 5221 1629 5275 1
1674 5236 1829 5290 sequ.
1905 5223 1953 5256 ⁸⁷
1989 5222 2123 5279 Luc.
2168 5240 2290 5290 xm,
2330 5227 2414 5281 tl.
2491 5227 2538 5260 ⁸⁸
2578 5227 2710 5283 Luc.
2770 5245 2885 5298 vm,
2953 5231 3044 5288 27.
3119 5234 3166 5266 ⁵³
3205 5232 3397 5292 Matth.
3464 5253 3551 5303 xv,
3606 5238 3703 5295 29.

502 5280 637 5340 Luc.
671 5299 786 5351 XIX,
825 5286 879 5341 2.

492 5479 1199 5555 (ὃλΑΡετξοζιςιιη-ηιὶιεεηιίε
1246 5497 1452 5555 gerunt.
1492 5485 1616 5543 Haec
1647 5488 1819 5554 prima
1862 5491 2002 5544 ratio

419 5552 743 5625 conciliandi
786 5552 1090 5625 Matthmum
1120 5564 1176 5609 et
1218 5552 1460 5625 Lucam,
1503 5559 1593 5625 qni
1642 5552 1695 5612 in
1729 5564 2002 5614 narrando

424 5621 757 5677 centurionis
823 5624 1085 5679 miraculo
1149 5624 1366 5680 differre
1443 5621 1714 5688 videntur,
1810 5643 1895 5683 est
1940 5631 1997 5685 S.

424 5690 734 5762 Augustiun,
771 5692 947 5756 Bedaa,
980 5692 1189 5748 Leontii
1225 5697 1360 5762 apttd
1392 5706 1639 5752 nostrum
1673 5698 1829 5753 Juan.
1866 5701 2001 5753 Mal-

423 5759 633 5838 dona_t.,
661 5764 767 5838 _qui
824 5778 943 5838 eam
1000 5759 1272 5838 sequitur;
1326 5767 1505 5822 Altera
1542 5784 1700 5838 quam
1723 5772 1885 5823 etiam
1913 5787 2001 5824 se-

428 5829 604 5883 cundo
659 5830 777 5886 loco
830 5829 1091 5903 adiungit
1119 5836 1205 5892 hic
1245 5836 1404 5893 Pater
1467 5829 1573 5895 est'
1599 5838 1655 5893 S.
1695 5841 2001 5910 Chrysost.,

2102 5491 2400 5563 Theophyl.
2436 5503 2489 5545 et
2549 5492 2712 5547 Enth.
2751 5490 2886 5547 Vide
2943 5505 3226 5563 prmterea,

2103 5577 2223 5614 mus
2256 5565 2402 5615 hom.
2456 5563 2550 5626 24,
2615 5563 2703 5616 ubi
2760 5565 2948 5618 eodem
3002 5567 3160 5619 modo
3189 5563 3510 5623 conciliatur
3542 5572 3700 5630 locus

2100 5631 2294 5685 Matth.
2343 5635 2408 5708 de
2458 5634 2714 5708 petitione
2746 5633 2956 5708 factaa
3024 5637 3230 5690 duobus
3260 5639 3383 5694 ﬁliis
3413 5640 3693 5708 Zebedmi,

2102 5718 2269 5781 quam
2327 5702 2467 5758 alius
2543 5704 2611 5759 ab
2662 5703 2812 5774 ipsis,
2861 5705 2997 5761 alius
3064 5721 3091 5760 a
3141 5717 3313 5763 matre
3362 5702 3697 5781 propositam

2102 5773 2320 5829 scribit.

1657 5366 1973 5428 Francisei
2007 5368 2214 5431 Scorsi
2251 5375 2444 5431 noue.

3261 5515 3380 5569 quae
3410 5502 3701 5557 adnotavi-
