4070 6398
317 377 428 442 829

1712 369 2046 430 IlOMlLlA
2087 371 2293 432 XLIV.

3489 369 3594 433 830

320 493 706 569 ἠλευθέρωσεν
739 507 754 523 ·
784 490 923 545 ἀλλὰ
949 491 1045 544 καῖ⁹
1071 491 1171 562 τὴν
1198 492 1495 562 μαχλῶσαν
1549 491 1755 560 πόρνην
1814 488 1912 556 τῆς
1939 536 1943 543 .

2046 491 2378 556 ordibnsque
2411 488 2620 558 peccati
2656 485 2908 559 purgavit
2932 486 3011 553 ⁶¹;
3058 484 3246 541 Simon
3287 464 3598 543 Pharismus

321 585 599 649 δυσώδους
658 583 940 654 ἁμαρτίας
1002 583 1266 655 ἐκάθηρε.
1300 586 1484 653 Σίμων
1528 584 1556 636 ὁ
1616 583 1910 650 Φαρισαῖος

326 679 486 733 καλεῖ
514 677 605 730 τὸν
639 677 846 746 Κύριον
873 677 954 739 είς
982 676 1228 729 ἑστίασιν
1248 691 1262 705 ⁶
1294 675 1433 728 ἀλλὰ
1458 674 1549 726 καὶ
1567 672 1768 741 Μάρθα
1785 672 1908 723 τοῦ·

325 789 422 825 τον
451 773 532 830 εἰς
575 769 667 822 τὸν
699 765 854 822 οἷκον
910 769 1084 839 αὐτῆς
1141 767 1466 834 ὑπεδέξατο.
1501 766 1774 819 ’Λλθοιίνει
1822 763 1916 818 τὸν

327 859 426 914 τοῦ
455 859 864 930 ἑκατοντάρχου
891 861 1062 913 παῖδα
1087 859 1411 924 ἀπαλλάξας
1441 859 1608 913 αὐτὸν
1635 857 1730 910 τοῦ
1755 857 1916 926 νοσή-

333 969 507 1024 ματος
547 968 561 981 '
588 952 728 1005 ἀλλὰ
761 953 859 1006 καὶ
899 952 978 1024 τῷ
1012 953 1233 1023 πυρετῷ
1280 953 1621 1022 ἐπιτιμήσας
1670 948 1918 1018 σφοδρῶς

329 1047 432 1115 τὴν
465 1044 740 1114 πενθερὰν
771 1045 1020 1113 Σίμωνος
1052 1045 1328 1114 φλέγοντι,
1357 1045 1635 1114 τοσαύτην
1688 1044 1919 1112 ἐποίησε

329 1135 429 1190 τοῦ
469 1135 645 1190 κακοῦ
701 1137 801 1207 τὴν
852 1137 1206 1208 ἀπαλλαγὴν,
1243 1139 1321 1201 ὡς
1380 1138 1519 1208 πρὸς
1562 1137 1623 1190 τὸ
1653 1136 1920 1190 διακονεῖν

334 1229 645 1300 ἐπιρρῶσαι
696 1227 797 1300 τὴν
844 1229 947 1300 ἤδη
1001 1229 1470 1302 προσδοκωμένην
1527 1226 1920 1298 τεθνήξασθαι.

337 1325 499 1392 Ὀψει
529 1323 584 1377 δὲ
617 1323 782 1377 αὑτὸν
838 1324 1146 1377 ἀνιστῶντα
1197 1323 1298 1394 μὲν
1363 1322 1672 1394 τεθνηκότα
1696 1324 1793 1376 καὶ
1829 1322 1923 1374 τὸν

332 1415 438 1484 τῆς
467 1415 646 1486 χήρας
717 1416 858 1483 υἱὸν,
895 1415 1033 1469 ἀλλὰ
1093 1415 1282 1470 καὶτὸ
1326 1415 1558 1486 Ἰαείρου
1601 1413 1922 1484 θυγάτριον.

335 1509 449 1559 Καὶ
485 1508 750 1578 μαθητῶν
779 1509 930 1579 αὐτῷ
969 1509 1227 1577 ἐφείπετο
1262 1509 1470 1574 θίασος,
1503 1507 1641 1560 ἀλλὰ
1672 1506 1769 1560 καὶ
1816 1525 1925 1577 μα⁴

335 1599 563 1670 θὴτριαι
600 1600 956 1672 διηκόνησαν,
989 1601 1285 1655 ἀπόστολοι
1325 1601 1610 1669 γεγονυῖαι
1663 1600 1761 1668 τῆς
1791 1599 1925 1652 ἀνα-

337 1694 608 1756 στάσεως.
650 1693 816 1764 Ὁρᾷς
852 1693 949 1746 τοῦ
1009 1693 1193 1747 κοινοῦ
1223 1694 1500 1747 Δεσπότου
1544 1692 1641 1746 καὶ⁸
1681 1693 1925 1745 πλάστου

333 1786 432 1839 καὶ
458 1787 558 1851 τὰς
585 1787 908 1856 εὐεργεσίας
937 1789 1162 1854 κοινά;;
1192 1788 1413 1859 Ἐπειδὴ
1435 1788 1544 1858 γὰρ
1574 1786 1925 1858 ἀπηρυθρία-

338 1896 443 1932 σαν
474 1881 532 1942 ἐς
563 1879 818 1933 τοσοῦτόν
848 1898 1014 1945 τινες,
1048 1881 1125 1944 ὼς
1170 1881 1246 1951 μὴ
1280 1881 1487 1950 κυρίως
1507 1880 1798 1949 ἄνθρωπον
1825 1878 1924 1950 τὴν
1956 1860 2000 1915 Β

337 1975 581 2040 γυναῖκα
613 1975 815 2038 εἰπεῖν,
848 1974 986 2028 ἀλλὰ
1023 1973 1192 2046 μέρος
1225 1974 1520 2045 ἀνθρώπου
1560 1973 1634 2038 ὡς
1667 1972 1927 2026 πλασθεῖ-

339 2084 444 2120 σαν
498 2070 564 2120 ὲκ
607 2069 704 2137 τῆς
745 2067 996 2138 πλευρᾶς
1049 2068 1144 2122 τοῦ
1209 2069 1426 2140 ἀνδρὸς,
1457 2067 1806 2137 ἐπιστομίζει
1839 2066 1930 2120 διὰ

335 2157 552 2212 τούτοιν
582 2159 683 2223 τὰς
709 2160 840 2213 τῶν
870 2161 1202 2231 κατηγόρων
1236 2160 1504 2230 γλωσσῶν
1556 2159 1929 2230 ἀχαλινώτους

338 2253 543 2323 ὁρμὰς,
581 2253 803 2317 δεικνὺς
840 2255 916 2318 ὡς
954 2255 1161 2324 ἀρετῆς
1195 2254 1290 2308 καὶ
1320 2253 1519 2317 κακίας
1542 2255 1742 2322 ἐπίσης
1776 2253 1932 2305 αὐτο-

339 2345 607 2413 κρατορεῖ
633 2345 727 2397 καὶ
766 2344 905 2414 ἀνὴρ
952 2344 1048 2399 καὶ
1081 2345 1244 2416 γυνή.
1279 2343 1444 2398 Ἀλλὰ
1493 2346 1669 2397 ταῦτα
1713 2343 1931 2413 εἴρηται

342 2434 492 2488 κατὰ
544 2436 817 2507 πάροδον
879 2437 1020 2491 αὐτὰ
1067 2437 1125 2490 δὲ
1176 2438 1246 2492 τὰ
1311 2436 1431 2510 ἱερὰ
1497 2437 1933 2508 ὲπαναλὰϐωμεν

341 2523 525 2596 λόγια.

427 2637 449 2671 ι
482 2619 677 2692 Κύριε,
711 2622 739 2674 ό
782 2624 914 2686 παῖς
951 2641 1055 2691 μου
1083 2621 1347 2693 βέϐληται
1383 2625 1440 2676 ἐν
1469 2625 1535 2696 τῇ
1565 2624 1712 2697 οἰκίᾳ
1751 2641 1934 2694 παρα-

347 2713 592 2780 λυτικὸς,
621 2715 812 2777 δεινῶς
837 2715 1286 2786 βασανιζόμενος.
1325 2735 1345 2768 ι
1387 2717 1578 2788 Ἀθρει
1601 2717 1669 2788 δή
1707 2736 1825 2781 πως
1877 2719 1938 2772 ὲν

349 2806 543 2868 αὐταῖς
572 2801 641 2878 ἦν
668 2805 762 2860 τοῦ
791 2808 1026 2862 θανάτου
1048 2808 1280 2878 δυσμαῖς
1307 2825 1321 2839 ·
1355 2808 1620 2886 ἐϐέϐλητο
1644 2810 1753 2880 γὰρ
1783 2811 1843 2863 ἐν
1871 2811 1937 2881 τῇ

351 2898 526 2968 οἰκίᾳ,
561 2897 637 2962 ὡς
670 2898 808 2969 μηδὲ
856 2897 1120 2952 δύνασθαι
1154 2899 1318 2953 αὑτὸν
1373 2900 1604 2968 ἀγαγεῖν
1657 2900 1794 2971 πρὸς
1845 2903 1939 2954 τὸν

353 2991 586 3063 Κύριον.
621 2992 1128 3064 Ἐκφαντικώτερον
1159 2993 1217 3047 δὲ
1252 2997 1280 3047 ὁ
1311 2993 1728 3061 Λουκᾶςζτοῦτο
1760 2993 1936 3062 δηλοῖ,

357 3084 645 3152 προσθεὶς,
678 3085 756 3149 ὡς
780 3084 974 3156 ἔμελλε
1006 3085 1286 3156 τελευτᾷν.
1320 3084 1481 3149 Τινὲς
1537 3085 1598 3138 δέ
1635 3103 1823 3155 φασιν,
1864 3085 1942 3149 ὡς

354 3178 447 3230 διὰ
475 3177 640 3232 τοῦτο
680 3179 805 3231 οὐδὲ
861 3181 1220 3250 προσήγαγον
1256 3179 1420 3232 αὑτὸν
1481 3178 1749 3249 φέροντες
1778 3181 1836 3231 ὲν
1862 3179 1942 3250 τῷ

359 3271 652 3341 σκίμποδι,
682 3271 758 3335 ὡς
787 3270 855 3324 ἂν
886 3273 962 3343 μὴ
1016 3272 1322 3343 τελευτήσῃ
1387 3271 1712 3340 φερόμενος,
1772 3289 1944 3340 προσ-

356 3364 586 3434 δόκιμος
616 3361 692 3417 ῶν
717 3363 819 3434 ἤδη
847 3363 1214 3430 τεθνήξασθαι
1243 3380 1258 3396 ·
1287 3363 1415 3434 ἐμοὶ
1453 3363 1509 3415 δὲ
1555 3363 1722 3429 δοκεῖ,
1758 3363 1835 3427 ὡς
1882 3365 1944 3418 οὐ

361 3455 681 3524 διὰταύτην
708 3455 808 3526 τὴν
863 3455 1048 3510 αἰτίαν
1101 3454 1268 3508 αὐτὸν
1320 3455 1421 3508 οὐκ
1478 3454 1774 3522 ἐκόμισαν,
1831 3454 1946 3508 ἀλλ’

363 3548 714 3601 ἐπέπειστοό
741 3548 1165 3618 ἑκατόνταρχος,
1201 3549 1277 3611 ὠς
1317 3548 1544 3603 δύναται
1597 3549 1691 3602 καὶ
1735 3549 1950 3602 ἀπόντα

363 3641 710 3713 θεραπεῦσαι
763 3641 858 3694 τὸν
913 3640 1145 3712 Κύριον.
1197 3641 1310 3695 Καὶ
1359 3640 1521 3693 τοῦτο
1601 3640 1840 3712 φανερὸν
1891 3641 1952 3705 ἐξ

362 3725 443 3787 ὧν
485 3732 712 3802 ἔλεγενο
745 3752 764 3786 ι
821 3733 960 3787 Εἰπὲ
1009 3733 1190 3802 λόγον,
1238 3732 1336 3787 καλ⁹
1384 3732 1675 3803 ἰαθήσεται
1733 3735 1762 3786 ὁ
1814 3735 1949 3796 παῖς

369 3843 499 3896 μου.
538 3844 558 3877 ι

448 3939 468 3972 ι
503 3920 670 3989 Λέγει
698 3918 849 3990 αὐτῷ
873 3920 902 3974 ὁ
932 3918 1144 3990 Ἰησοῦς
1168 3936 1182 3950 ο
1209 3920 1356 3991 Ἐγὼ
1403 3921 1576 3976 ἐλθὼν
1627 3920 1955 3991 θεραπεύσω

371 4011 559 4067 αὐτόν.
607 4030 627 4063 ι
667 4012 767 4066 Διὰ
788 4011 842 4066 τί
868 4011 1014 4067 οὕτω
1039 4013 1242 4086 ῥᾳδίως
1275 4015 1580 4086 ὑπήκουσε,
1613 4017 1708 4068 καὶ
1731 4014 1830 4086 τὴν
1863 4015 1954 4069 θε-

382 4105 625 4178 ραπείαν
657 4106 822 4169 εὐθὺς
853 4108 1132 4177 ἐπήγαγε,
1167 4108 1347 4163 καίτοι
1377 4111 1480 4163 οὐκ
1538 4108 1748 4173 εἰωθὼς
1773 4111 1832 4162 ὲν
1863 4108 1959 4164 ἄλ-

370 4196 489 4260 λοις
530 4196 693 4250 τοῦτο
743 4199 940 4264 ποιεῖν;
994 4199 1086 4268 Τῷ
1129 4215 1190 4250 τε
1228 4198 1338 4269 γὰρ
1378 4199 1548 4269 πατρὶ
1580 4200 1712 4269 περὶ
1748 4198 1844 4252 τοῦ
1874 4217 1961 4252 σε-

372 4287 771 4358 ληνιαζομένου
804 4288 995 4350 παιδὸς
1017 4287 1433 4354 γονυπετοῦντι,
1465 4288 1560 4340 καὶ
1585 4285 1839 4357 ζητοῦντι
1861 4286 1960 4356 τὴν

377 4379 678 4452 θεραπείαν
704 4379 796 4434 τοῦ
837 4382 1142 4451 πάσχοντος
1170 4379 1500 4450 ἐπιπλήττει
1544 4379 1834 4450 πρότερον,
1866 4396 1960 4448 γε-

373 4472 504 4526 νεὰν
559 4471 791 4525 ἄπιστον
840 4472 935 4524 καὶ
989 4471 1436 4540 διεστραμμένην
1481 4469 1674 4524 εἰπών.
1731 4471 1842 4524 Καὶ
1894 4473 1960 4541 τῇ

375 4565 666 4637 Χαναναία
718 4563 1045 4636 περιπαθῶς
1085 4529 1447 4634 ἀντιϐολούσῃ
1487 4565 1616 4634 περὶ
1650 4567 1750 4634 τῆς
1791 4529 1943 4633 θυγαἶ

2073 4572 2173 4628 pro
2225 4553 2335 4607 filia
2387 4542 2716 4616 supplicanti
2755 4557 2770 4592 :
2808 4557 2828 4590 ι
2863 4534 2984 4590 Non
3035 4540 3140 4596 est,
3197 4529 3208 4583 i

375 4661 510 4732 τρός
534 4675 550 4690 ⁸
584 4679 603 4712 ι
643 4660 757 4712 Οὐκ
815 4657 1049 4722 ἔξεστιν,
1101 4651 1249 4721 εἷπε,
1279 4655 1467 4708 λαϐεῖν
1525 4656 1618 4710 τὸν
1653 4657 1817 4726 ἄρτον
1859 4655 1968 4708 ἀπὸ

376 4753 489 4806 τῶν
517 4752 748 4817 τέκνων,
777 4751 870 4804 καὶ
898 4749 1086 4804 δοῦναι
1121 4751 1233 4812 τοῖς
1261 4749 1563 4822 κυναρίοις.
1612 4767 1631 4800 ι
1680 4750 1769 4801 Ἐν
1796 4749 1851 4801 δὲ
1889 4748 1968 4820 τῷ

383 4846 618 4916 παρόντι
644 4843 781 4913 ὁμοῦ
809 4860 869 4896 τε
891 4843 1148 4913 ἤκουσεν,
1173 4843 1255 4896 ὅτι
1279 4859 1298 4892 ς
1339 4841 1398 4894 '0
1421 4842 1553 4911 παῖς
1580 4856 1682 4910 μου
1706 4839 1968 4910 βέϐληται

383 4943 445 4996 ὲν
472 4942 540 5010 τῇ
569 4939 719 5008 οἰκία
759 4935 1149 5008 παραλυτικὸς,
1187 4954 1206 4987 ι
1241 4937 1337 4988 καὶ
1371 4935 1508 5005 πρὸς
1529 4933 1628 5002 τὴν
1667 4933 1970 5002 θεραπείαν

383 5033 694 5102 ἐπείγεται.
728 5031 830 5083 Διὰ
861 5030 948 5095 τί;
981 5028 1206 5100 Ἐπειδὴ
1233 5030 1261 5082 ὁ
1293 5028 1394 5091 τὰς
1449 5025 1677 5097 καρδίας
1724 5024 1970 5094 ἐρευνῶν

385 5126 488 5180 καὶ
539 5125 734 5195 μέχρις
787 5121 1011 5176 ἐννοιῶν
1059 5121 1240 5192 ψυχῆς
1281 5119 1685 5189 ὲξικνούμενος,
1728 5118 1846 5190 ᾔδει
1874 5117 1972 5171 τοῦ

385 5217 795 5287 ἑκατοντάρχου
817 5217 918 5288 τὴν
938 5215 1119 5269 πίστιν
1142 5213 1316 5284 ὁπόση
1344 5231 1427 5276 τις
1453 5207 1542 5283 ἦν.
1559 5211 1672 5283 Τὴν
1696 5212 1858 5282 χάριν
1878 5207 1974 5265 οὖν

389 5309 532 5380 πρὸς
562 5309 662 5380 τὴν
693 5308 880 5362 πίστιν
922 5307 1138 5376 μετρεῖ,
1177 5305 1391 5375 καὶτὴν
1444 5303 1590 5358 ἱάσιν
1623 5303 1973 5374 ὑπισχνεῖται

2018 581 2306 634 Deminmn
2339 581 2404 632 ad
2432 577 2742 632 convivium
2773 586 2931 632 vocat
2952 615 2968 636 ,
3002 577 3095 628 sed
3128 586 3180 628 et
3215 577 3357 630 hunc
3392 575 3598 629 Martha

2020 675 2070 726 in
2091 673 2313 724 domum
2339 687 2491 724 Sttuttt
2523 669 2824 737 recepit“;
2857 677 3014 722 sanat
3043 668 3382 722 centurionis
3412 667 3604 730 filium,

2022 779 2257 831 ettmqne
2288 779 2316 816 a
2351 763 2540 817 morbo
2573 763 2826 816 vcndicat
2846 759 2914 824 ⁸³,
2951 759 3044 814 sed
3073 768 3126 812 et
3154 759 3440 827 increpans
3465 757 3603 812 febri

2023 857 2264 912 Simonis
2323 869 2540 910 socrum
2589 855 2943 909 vehementer
2994 852 3213 915 urenti,
3282 861 3390 904 tam
3437 851 3608 905 finitae

2021 957 2265 1010 restituit
2297 951 2615 1017 valetudini,
2670 963 2728 1006 ut
2777 951 2842 1006 ad
2887 951 3302 1003 ministrandmn
3349 964 3410 1000 ea
3466 950 3609 1003 vires

2022 1048 2282 1112 haberet,
2322 1062 2442 1115 qua;
2488 1057 2716 1100 mortem
2761 1043 2872 1111 jam
2919 1043 3267 1110 exspectabat
3315 1042 3606 1096 inn'ninen-

2025 1152 2133 1197 tem
2159 1140 2230 1196 θδ.
2263 1139 2486 1196 Videbis
2533 1138 2696 1194 etiam
2742 1138 2891 1192 illum
2936 1145 2991 1190 et
3043 1135 3383 1188 demortuum
3435 1135 3609 1186 vidum

2026 1238 2234 1301 lilium,
2287 1243 2342 1289 et
2388 1233 2520 1287 Jairi
2569 1231 2804 1302 puellam
2858 1231 2924 1284 ad
2956 1229 3120 1283 vitam
3165 1241 3420 1282 revocare
3447 1226 3512 1279 ⁸⁵.
3548 1228 3607 1278 Et

2027 1329 2246 1397 quidem
2282 1324 2614 1393 sequebatur
2644 1323 2793 1376 illum
2818 1335 2974 1376 sacer
2995 1319 3383 1387 discipulorum
3412 1328 3611 1378 cmtus,

2026 1421 2121 1476 sed
2149 1430 2203 1474 et
2231 1416 2620 1473 ministrabant
2651 1413 2927 1477 mulieres,
2959 1411 3163 1466 militia:
3196 1410 3613 1465 resurrectionis

2029 1511 2314 1568 instituta}.
2371 1508 2539 1563 Vides
2595 1506 2902 1562 comnmnis
2963 1501 3176 1558 Domini
3235 1509 3292 1555 et
3362 1499 3616 1554 cﬂictoris

2031 1607 2316 1672 utriusque
2336 1617 2498 1657 sexus
2516 1599 2882 1654 communiter
2906 1597 3073 1652 etiam
3089 1594 3382 1664 praestitam
3401 1594 3617 1662 utrique

2031 1692 2487 1750 beneficentiam?
2516 1690 2681 1760 310
2701 1688 2969 1754 Quoniam
2997 1686 3144 1739 enim
3173 1697 3241 1737 eo
3272 1682 3618 1752 impudentia:

2033 1787 2200 1856 aliqui
2232 1792 2638 1854 processerunt,
2673 1790 2730 1835 ut
2763 1779 3046 1834 mulierem
3084 1794 3191 1832 non
3227 1790 3349 1830 esse
3395 1775 3620 1843 preprie

2031 1879 2306 1934 hominem
2347 1878 2614 1941 dicerent,
2652 1875 2746 1928 sed
2796 1871 3036 1926 hominis
3075 1879 3308 1940 partem,
3341 1877 3524 1936 utpote
3553 1879 3621 1918 ex

2028 1972 2132 2027 viri
2169 1971 2341 2024 latere
2370 1969 2586 2034 fictam;
2625 1965 2866 2021 refrenat
2899 1979 2997 2032 per
3036 1963 3152 2017 bare
3185 1960 3449 2015 Dominus
3503 1974 3620 2011 ma-

2031 2065 2330 2120 ledicorum
2387 2059 2632 2128 linguas,
2688 2067 2743 2111 et
2799 2054 3092 2110 eﬂ'renatos
3143 2066 3329 2108 eorum
3385 2050 3623 2117 impetus

2031 2167 2274 2220 coercet,
2303 2154 2600 2210 ostendens
2627 2152 2883 2206 virtutem
2920 2163 2984 2202 ac
3009 2147 3196 2202 vitium
3229 2159 3383 2213 atque
3416 2143 3470 2197 in
3521 2140 3622 2194 viri

2033 2267 2099 2307 ac
2126 2251 2370 2305 mulieris
2417 2246 2646 2301 arbitrio
2695 2260 2760 2298 ac
2821 2250 3090 2313 potestate
3131 2239 3303 2308 posita
3345 2251 3489 2292 esse.
3517 2234 3626 2288 Sed

2036 2347 2154 2400 haec
2183 2342 2362 2398 obiter
2402 2341 2547 2394 dicta
2586 2346 2750 2404 sunt;
2791 2334 2904 2406 jam
2942 2348 3096 2390 sacra
3129 2332 3245 2402 ipsa
3279 2329 3443 2385 verba
3477 2343 3630 2384 resn-

2035 2451 2269 2493 mantus.

2116 2633 2135 2666 ι
2182 2611 2433 2673 Domine,
2467 2622 2603 2678 puer
2631 2597 2783 2660 meus
2810 2603 2958 2675 jacet
2988 2602 3043 2657 in
3071 2600 3236 2656 domo
3269 2597 3628 2671 paralyticos,

2040 2720 2097 2766 et
2124 2709 2266 2766 male
2293 2713 2600 2774 torquetur.
2636 2719 2657 2753 ι
2691 2698 2925 2753 Adverte
2957 2695 3103 2766 quod
3137 2697 3204 2749 ad
3237 2695 3412 2764 ipsum
3439 2691 3630 2746 mortis

2041 2801 2298 2872 vergebat
2323 2810 2604 2854 occasum.
2629 2790 2857 2846 Jaeebat
2888 2789 3033 2845 enim
3071 2787 3126 2841 in
3160 2786 3324 2840 domo
3356 2793 3465 2838 tam
3492 2781 3632 2836 male

2044 2894 2290 2958 allectus,
2342 2899 2403 2946 ut
2448 2888 2516 2944 ad
2540 2885 2839 2942 Dominum
2897 2882 3092 2936 adduci
3128 2894 3234 2933 non
3268 2885 3473 2948 posset.
3517 2872 3629 2928 Ex-

2044 2988 2288 3061 pressius
2320 2991 2499 3038 autem
2532 2982 2635 3035 hoc
2666 2977 2847 3033 Lucas
2874 2973 3116 3031 ostendit
3138 2971 3460 3042 adiungens,
3487 2967 3629 3036 quod

2047 3093 2168 3139 erat
2207 3080 2502 3136 moriturus
2532 3075 2597 3128 ⁸⁸.
2630 3073 2809 3141 Aliqui
2843 3084 3008 3140 porro
3041 3067 3250 3132 dicunt,
3283 3078 3344 3118 ea
3376 3063 3442 3117 de
3467 3074 3632 3116 causa
3692 3119 3700 3128 ,

2049 3177 2105 3231 in
2137 3175 2366 3246 grabato
2401 3186 2508 3224 non
2548 3166 2720 3219 fuisse
2743 3163 3114 3232 deportatum,
3149 3172 3219 3212 ne
3250 3153 3462 3229 scilicet
3489 3153 3633 3206 inter

2048 3243 2332 3325 ferendum
2387 3261 2553 3315 vitam
2605 3257 2825 3321 (iniret,
2903 3267 3025 3306 cum
3096 3260 3204 3302 tam
3263 3255 3408 3301 esset
3470 3243 3632 3298 morti

2049 3358 2284 3414 vicinus.
2339 3351 2470 3405 Mihi
2526 3363 2655 3402 vero
2708 3361 2814 3400 non
2863 3358 2925 3397 ea
2983 3354 3143 3407 causa
3203 3351 3309 3392 non
3369 3335 3634 3388 adductus

2051 3450 2220 3505 fuisse
2251 3446 2487 3505 videtur,
2525 3440 2619 3494 sed
2656 3438 2799 3507 quod
2829 3435 3128 3490 confideret
3157 3428 3408 3482 centurio
3438 3425 3638 3478 absen-

2053 3551 2158 3595 tem
2201 3539 2368 3593 etiam
2422 3551 2451 3588 a
2497 3533 2724 3585 Domino
2757 3541 2915 3598 posse
2969 3524 3174 3580 sanari.
3216 3519 3371 3586 Quod
3409 3531 3474 3572 ex
3507 3514 3641 3584 ipsis

2052 3631 2170 3699 ejus
2221 3627 2400 3681 verbis
2440 3621 2784 3694 perspicuum
2840 3619 2899 3673 ﬁt
2929 3636 2944 3672 :
2980 3635 2998 3667 ‹
3036 3616 3130 3670 Dic
3178 3615 3365 3676 verbo,
3403 3619 3457 3664 et
3483 3624 3642 3663 sana-

2055 3723 2202 3778 bitur
2235 3732 2369 3789 puer
2402 3730 2575 3768 meus.
2613 3731 2638 3765 ›

2136 3927 2155 3961 ι
2189 3903 2332 3961 Dicit
2365 3900 2411 3953 ei
2444 3897 2600 3952 Jcsus
2635 3911 2650 3948 :
2684 3894 2794 3962 Ego
2827 3889 3063 3952 veniam,
3099 3894 3152 3939 et
3185 3880 3388 3937 curabo
3429 3892 3575 3931 eum.
3618 3893 3637 3927 ι

2058 4002 2238 4067 Quare
2263 4008 2366 4049 tam
2393 3992 2550 4048 facile
2575 3987 2816 4049 exaudit,
2850 3993 2904 4037 et
2934 3992 3042 4034 tam
3071 3977 3251 4033 subito
3278 3971 3644 4027 valetudinem

2061 4057 2308 4154 confert,
2365 4100 2490 4140 cum
2543 4081 2596 4136 in
2630 4078 2754 4132 aliis
2786 4091 2891 4130 non
2940 4074 3013 4127 ita
3055 4069 3238 4124 facere
3284 4057 3645 4120 consuesset?

2063 4185 2276 4240 Etenim
2311 4175 2532 4234 lunatici
2569 4173 2660 4226 lilii
2693 4178 2974 4240 parentem
3023 4165 3089 4218 ad
3138 4174 3312 4232 genua
3361 4154 3649 4227 prociden-

2067 4293 2199 4342 tem,
2233 4285 2290 4330 et
2333 4273 2474 4325 male
2523 4266 2704 4322 allecti
2746 4259 3110 4317 valetudinem
3156 4255 3534 4309 obsecrantem
3573 4245 3652 4298 in-

2065 4378 2254 4440 crepat
2319 4365 2507 4434 prius,
2569 4356 2976 4427 generationem
3031 4343 3366 4401 incredulatn
3407 4348 3462 4393 et
3496 4351 3649 4440 “per-

2067 4429 2505 4521 versztttt?voeatts
2529 4453 2596 4505 °".
2630 4451 2696 4504 Et
2724 4448 3051 4502 Chananzeae
3081 4452 3274 4506 magno
3301 4451 3423 4488 cum
3458 4429 3651 4484 affectu

2067 4610 2288 4707 sumere
2339 4657 2533 4714 panem
2590 4636 2861 4695 filiorum,
2895 4639 2950 4683 et
2994 4629 3125 4682 dare
3170 4622 3398 4676 canibus
3420 4615 3486 4668 “.
3527 4632 3546 4665 ι
3593 4610 3650 4665 In

2069 4739 2320 4813 prmsenti
2341 4704 2474 4790 vero
2502 4729 2740 4787 sinmlac
2771 4723 2964 4787 audiit,
2996 4718 3211 4790 quod“
3241 4716 3377 4768 Puer
3401 4723 3550 4813 metis
3575 4704 3652 4775 (6)

2064 4799 2211 4904 iacet
2259 4832 2312 4884 in
2361 4830 2521 4882 domo
2569 4819 2930 4891 paralyticos,
2969 4833 2988 4866 ι
3032 4808 3402 4865 valetudinem
3457 4799 3654 4854 alIerre

2072 4891 2386 4982 maturavit.
2431 4907 3012 4985 Quatnobrem‘lQuia
3059 4901 3319 4957 nimirum
3363 4895 3454 4966 qui
3490 4891 3657 4949 corda

2074 5026 2374 5082 scrutatur,
2418 5025 2475 5070 et
2528 5009 2777 5083 pervadit
2818 5003 2988 5058 animi
3039 5012 3272 5062 sensus,
3325 4995 3660 5063 cognoverat

2074 5122 2274 5185 quanta
2306 5081 2653 5164 centurionis
2689 5101 2822 5156 ﬁdes
2861 5105 3029 5152 esset.
3061 5091 3305 5147 Gratiam
3343 5087 3507 5158 igitur
3554 5081 3662 5137 fide

2075 5174 2334 5270 metitur,
2373 5210 2428 5255 ct
2467 5199 2804 5255 curationem
2854 5190 3036 5245 subito
3097 5185 3387 5256 pollicetur
3425 5196 3440 5232 :
3473 5185 3536 5231 ut
3583 5174 3658 5228 ita

2075 5302 2240 5358 etiam
2291 5295 2506 5367 gentilis
2561 5289 2801 5344 hominis
2855 5285 3070 5338 fervens
3119 5281 3292 5350 pietas
3333 5272 3533 5329 Iudaeis
3566 5281 3656 5324 se-

466 5449 509 5480 “
550 5445 707 5504 Joan.
750 5462 824 5512 tv,
866 5447 897 5500 7
935 5460 1096 5513 seqq.
1169 5444 1215 5476 ⁸³
1252 5443 1388 5500 Luc.
1431 5459 1529 5510 vn,
1570 5443 1675 5508 56;
1723 5459 1776 5508 κ,
1821 5444 1943 5498 59-4

2097 5442 2142 5474 ⁸³
2183 5440 2376 5513 Multi}.
2427 5433 2691 5513 vttI,__l5._
2755 5429 2802 5461 ⁸’⁶
2844 5423 3223 5513 Ιλιιολλνηὸὃ,
3267 5421 3356 5476 59.
3433 5415 3478 5446 ⁵⁵
3519 5411 3653 5467 Luc.

388 5535 508 5587 Vtt,
548 5518 612 5573 11
655 5535 835 5587 seqq.;
875 5532 996 5583 vnt,
1043 5516 1112 5572 49
1160 5529 1315 5584 seqq.
1395 5515 1440 5547 ⁸⁸
1480 5515 1613 5570 Luc.
1655 5529 1762 5579 vn,
1805 5513 1859 5566 ‘2.

1939 5514 1982 5545 θ’
2024 5513 2157 5568 Luc.
2198 5528 2236 5576 ι,
2284 5510 2376 5564 41.

2457 5507 2500 5537 ευ
2532 5497 2734 5557 ΜιιιιΙι.
2779 5515 2913 5565 χιιι,
2959 5497 3049 5551 ‘26.

1641 5647 1963 5711 Francisri
1998 5643 2210 5707 Scorsi
2236 5647 2423 5703 notae.

432 5836 446 5844 .,
471 5780 548 5849 (6)
610 5777 760 5845 Quod
799 5795 928 5845 puer
959 5793 1146 5849 pineus.
1199 5776 1473 5849 Abruptns
1505 5774 1593 5849 hic
1617 5787 1808 5849 sensus
1829 5772 1880 5849 in

394 5840 655 5912 Panormi
698 5840 1072 5906 deficientibus
1102 5857 1224 5919 post
1260 5840 1515 5917 βέϐληται
1540 5844 1622 5900 bis
1643 5846 1701 5898 ἐν
1726 5846 1791 5895 τῆ
1830 5840 1976 5896 οἰκία

2085 5762 2483 5836 παραλυτικὸς,
2531 5761 2647 5836 ,καὶ
2705 5758 2842 5828 πρὸς
2879 5753 2979 5825 τὴν
3008 5747 3306 5822 θεραπείαν
3354 5742 3658 5810 ἐπείγεται,

2086 5831 2203 5906 qua:
2228 5837 2326 5906 legi
2362 5835 2412 5889 in
2445 5831 2586 5887 Gali.
