4070 6468
416 415 487 477 83
500 418 519 479 ι

1616 413 1717 473 ΤΙΙ
1729 410 2113 473 EOPHANIS
2148 407 2487 469 CERAMEI

3573 395 3685 460 δΒὲ

420 531 716 599 quentibus
745 531 1146 585 ostenderetur.
1180 528 1374 582 Statim
1397 529 1541 582 enim
1571 542 1632 582 ac
1657 527 1997 581 Salvatorem

2125 525 2341 595 ὀρ-(ῶς,
2402 526 2478 587 ὡς
2538 522 2604 577 ἂν
2670 522 2703 590 ἡ
2740 517 3002 587 διάπυρος
3036 515 3293 569 εὐλάϐεια
3336 512 3428 567 τοῦ
3465 512 3681 567 ἐθνικοῦ

420 625 562 675 viam
615 623 916 690 ingressum
967 620 1117 683 vidit,
1170 619 1363 673 timore
1411 618 1700 687 perculsus
1756 632 1818 669 ac
1864 630 1997 669 con-

422 726 697 768 Stertinius
722 724 863 777 erat,
891 715 1035 782 quod
1064 712 1284 766 domum
1317 726 1469 766 suam
1502 720 1645 766 esset
1667 718 1997 779 excepturus

424 807 613 871 Deum,
642 810 719 872 {et
745 807 821 859 ait
843 823 859 859 :

497 1005 518 1039 ι
556 986 814 1051 Domine,
846 1000 951 1039 non
984 1000 1103 1038 sum
1143 985 1356 1053 dignus,
1385 993 1445 1038 ut
1473 984 1643 1038 intres
1670 984 1771 1038 sub
1800 991 1997 1038 tectum

421 1095 627 1145 meum,
659 1081 753 1134 sed
783 1080 871 1133 die
902 1079 1091 1142 verbo,
1118 1088 1173 1132 et
1197 1077 1480 1132 sanabitur
1505 1091 1640 1147 puer
1668 1091 1841 1130 mins.
1864 1076 1998 1129 Nam

420 1183 476 1229 et
504 1188 606 1237 ego
640 1174 802 1226 homo
832 1186 952 1226 sum
984 1171 1086 1224 sub
1116 1179 1389 1239 potestate
1420 1170 1749 1223 constitutus
1796 1169 2002 1221 habens

421 1266 525 1319 Sub
558 1281 645 1319 me
690 1264 926 1326 milites,
977 1271 1033 1316 et
1085 1263 1209 1316 (lico
1255 1260 1421 1316 huic:
1453 1259 1619 1324 Vade,
1653 1268 1707 1314 et
1735 1260 1901 1324 vadit,
1950 1269 2003 1313 et

422 1358 511 1413 alii
543 1377 560 1415 :
599 1357 756 1423 Veni,
780 1365 835 1410 et
874 1355 1043 1417 venit,
1089 1362 1143 1409 et
1181 1368 1339 1408 servo
1371 1369 1513 1417 meo,
1551 1353 1708 1422 311
1743 1351 1848 1405 Fac
1878 1353 2001 1413 huc,

425 1462 480 1504 et
520 1449 674 1504 facit.
712 1467 731 1500 ι
767 1446 919 1512 Quod
951 1445 1049 1509 ait,
1096 1445 1202 1499 tale
1229 1456 1351 1500 est:
1385 1444 1440 1498 Si
1470 1459 1591 1511 ego,
1624 1446 1714 1512 qui
1747 1443 1847 1497 sub
1891 1442 2005 1497 Cm.-

427 1553 554 1593 sare
596 1553 800 1600 mereo,
832 1546 888 1592 et
920 1536 1036 1603 ejus
1077 1536 1247 1605 jussis
1295 1536 1633 1603 obtempero,
1680 1535 1794 1588 solo
1828 1543 2003 1587 tamen

428 1632 576 1687 dicto
617 1630 885 1684 militibus
926 1630 1133 1698 impero
1172 1628 1303 1682 mihi
1332 1626 1616 1695 subjectis,
1651 1627 1724 1679 ita
1760 1635 1820 1680 ut
1850 1640 2007 1679 nemo

429 1724 711 1788 resistere,
737 1723 895 1777 simul
924 1737 990 1776 ac
1015 1720 1197 1790 procul
1229 1720 1553 1773 amandatus
1575 1727 1678 1781 est,
1705 1733 1879 1787 neque
1898 1732 2004 1770 non

430 1813 691 1868 accedere
761 1822 985 1867 vocatus
1027 1810 1244 1874 audeat,
1300 1810 1572 1879 quomodo
1621 1811 1711 1878 qui
1770 1810 1871 1866 sub
1913 1827 2007 1880 po-

431 1913 628 1960 testate
654 1920 762 1959 non
792 1919 872 1964 es,
915 1902 1010 1956 sed
1059 1902 1277 1970 propria
1307 1917 1372 1956 ac
1409 1902 1767 1957 dominatrice
1793 1903 2010 1956 deitatis

430 1995 872 2065 virtutepolleus
907 1998 1089 2050 omnia
1145 2006 1276 2049 nutu
1333 2008 1536 2058 moves,
1592 2009 1698 2049 nou
1746 1995 2013 2064 imperare

432 2090 637 2155 possis,
669 2089 715 2143 si
757 2088 914 2153 velis,
949 2098 1003 2142 et
1032 2089 1214 2144 statim
1254 2103 1384 2157 puer
1413 2088 1860 2157 sanabiturjussu
1885 2088 2015 2141 tuo?

433 2180 590 2247 Quod
618 2194 751 2235 vero
794 2194 906 2233 non
953 2180 1017 2232 ad
1071 2180 1494 2234 assentationem
1539 2180 1698 2233 verba
1741 2179 2018 2234 consarci-

435 2282 616 2337 naret,
679 2286 856 2341 neque
910 2270 1156 2325 illiberali
1208 2272 1440 2339 quadam
1501 2270 1813 2325 adulatione
1858 2272 2015 2363 vel‘let

436 2358 738 2427 imponere,
776 2360 1148 2413 testimOnium
1182 2361 1458 2426 perhibuit
1487 2361 1561 2415 illi
1595 2359 1867 2429 Salvator,
1891 2358 2015 2417 eum

438 2448 598 2501 ﬁdem
639 2447 759 2518 ejus
799 2449 963 2502 totius
991 2448 1207 2503 Israelis
1241 2451 1344 2503 ﬁde
1374 2450 1668 2505 ﬁrmiorem
1695 2467 1815 2506 esse
1858 2453 2014 2521 dixit,

437 2554 503 2593 ac
539 2539 725 2594 statim
764 2540 1055 2608 adjunxit:
1097 2558 1117 2591 ‹
1153 2539 1309 2595 Sicut
1355 2542 1663 2605 credidisti,
1700 2543 1792 2597 ﬁat
1831 2546 1951 2600 tibi.
1991 2564 2013 2600 ο

441 2629 662 2687 Scierat
704 2647 866 2700 porro
902 2632 1022 2686 illas
1074 2648 1194 2688 esse
1238 2648 1427 2689 sacras
1470 2636 1742 2704 primitias
1774 2637 2017 2704 gentium

404 2738 538 2792 ~per
570 2724 927 2794 Evangelium
961 2736 1275 2781 vocatarum
1308 2744 1323 2780 ι
1357 2738 1413 2782 et
1448 2743 1543 2796 per
1569 2728 1715 2783 hunc
1745 2732 2021 2783 centurio-

440 2823 563 2865 nem
624 2812 916 2879 providens
963 2813 1216 2869 Salvator
1268 2829 1361 2869 eas
1414 2832 1531 2884 quae
1564 2818 1629 2871 ad
1669 2834 1729 2874 se
1780 2830 2022 2875 venturae

439 2906 647 2962 essent,
683 2899 951 2968 prmdicit,
982 2903 1126 2970 quod
1163 2914 1282 2956 erat
1320 2903 1559 2960 futurum
1595 2923 1610 2960 :
1640 2909 1778 2974 quod
1814 2929 1832 2960 ι
1871 2909 2021 2965 Multi

441 2987 512 3040 ab
538 2987 751 3043 oriente
782 3001 835 3044 et
863 2993 1147 3048 occidente
1184 2996 1425 3059 venient,
1466 3007 1520 3050 et
1552 2999 1869 3054 recumbent
1898 3016 2021 3058 cum

442 3081 747 3148 Abraham,
784 3096 838 3138 et
873 3083 1052 3147 lsaae.
1088 3097 1140 3138 et
1168 3084 1337 3140 Jacob
1391 3090 1442 3141 in
1475 3104 1643 3156 regno
1671 3092 1958 3151 C(Blorum.
1997 3110 2017 3145 ι

2100 619 2214 679 τοῖς
2247 616 2540 683 ἑπομένοις
2576 613 2854 673 Ἰουδαίοις
2910 608 3120 679 δειχθῇ.
3165 606 3338 678 Ὀμοῦ
3400 606 3509 674 γὰρ
3571 601 3677 658 εἶδε

2100 710 2191 762 τὸν
2231 711 2460 780 Σωτῆρα
2501 709 2599 778 τὴν
2627 707 2857 776 πορείαν
2910 704 3253 774 ὁρμήσαντα,
3284 702 3379 753 καὶ
3424 698 3681 770 περιδεὴς

2102 802 2413 869 γενόμενος,
2440 796 2802 869 κατεπτηχὼς
2845 793 2914 868 ἦν
2955 797 3094 849 οἴκοι
3129 795 3261 847 Θεὸν
3296 792 3682 860 ὑποδέξασθαι,

2102 892 2194 946 καί
2229 909 2362 963 φησι
2381 908 2397 924 °

2181 1005 2200 1037 ‹
2241 985 2436 1056 Κύριε,
2465 985 2564 1039 οὐκ
2587 985 2708 1055 εἰμὶ
2732 982 2938 1046 ἱκανὸς,
2969 984 3059 1037 ἵνα
3094 1000 3196 1053 μου
3230 981 3335 1034 ὑπὸ
3357 980 3457 1049 τὴν
3486 978 3687 1050 στέγην

2105 1077 2373 1149 εἰσέλθῃς,
2434 1076 2550 1131 ἀλλ’
2582 1077 2704 1129 εἰπὲ
2756 1076 2937 1144 λόγον,
3009 1074 3105 1127 καὶ
3166 1073 3457 1142 ἰαθήσεται
3493 1071 3519 1123 6
3556 1072 3687 1135 παῖς

2109 1187 2231 1241 μου.
2258 1173 2370 1224 Καὶ
2401 1170 2510 1240 γὰρ
2529 1168 2640 1239 ἐγὼ
2669 1168 2955 1240 ἄνθρωπός
2977 1168 3092 1237 εἰμι
3117 1166 3209 1220 ὑπ’
3237 1164 3485 1232 ἐξουσίαν
3548 1163 3689 1233 ἔχων

2106 1262 2349 1330 ἐμαυτοῦ
2412 1261 2777 1331 στρατιώτας,
2825 1262 2921 1315 καὶ
2969 1261 3115 1329 λέγω
3171 1260 3381 1330 τούτῳ*
3420 1257 3687 1327 Πορεύου,

2107 1356 2202 1407 καὶ
2263 1355 2598 1425 πορεύεται·
2634 1354 2728 1408 καὶ
2781 1354 2926 1424 ἄλλῳ
2955 1371 2968 1384 ’
3011 1354 3239 1423 Ἔρχου,
3297 1354 3390 1404 καὶ
3445 1351 3691 1421 ἔρχεται,

2108 1449 2204 1502 καὶ
2232 1448 2310 1518 τῷ
2347 1447 2518 1518 δούλῳ
2557 1466 2659 1518 μου
2683 1466 2700 1480 ν
2726 1448 2965 1516 Ποίησον
3002 1446 3186 1508 τοῦτο,
3218 1445 3316 1499 καὶ
3362 1448 3526 1498 ποιεῖ.
3563 1464 3582 1496 ι
3626 1446 3693 1497 Ὃ

2108 1539 2258 1606 λέγει
2290 1538 2532 1592 τοιοῦτόν
2556 1542 2740 1591 ἐστιν’
2774 1536 2838 1590 Ei
2863 1536 3000 1605 ἐγὼ,
3025 1536 3102 1604 τῷ
3128 1534 3374 1604 Καίσαρι
3396 1536 3694 1603 στρατευό-

2113 1648 2293 1702 μενος,
2327 1632 2422 1684 καὶ
2455 1634 2567 1693 τοῖς
2607 1630 2819 1683 ἐκείνου
2852 1629 3018 1681 εἴκων
3066 1628 3508 1698 προστάγμασιν,
3540 1626 3697 1695 ὅμως

2108 1724 2234 1786 τοὺς
2296 1722 2388 1776 ὑπ’
2415 1724 2515 1793 ἐμὲ
2556 1723 2896 1793 στρατιώτας
2960 1719 3255 1773 ὑποτάσσω
3307 1717 3456 1789 μόνῳ
3489 1717 3567 1786 τῷ
3594 1718 3698 1787 ρἡ

2118 1832 2266 1887 ματι,
2290 1815 2366 1879 ὡς
2400 1817 2537 1885 μήτε
2577 1816 2669 1867 τὸν
2709 1813 3300 1883 ἀποδιοπομπούμενον
3354 1817 3536 1880 μεῖναι
3565 1810 3701 1880 θαρ-

2116 1910 2250 1978 ρεῖν,
2281 1908 2419 1979 μήτε
2447 1907 2544 1959 τὸν
2598 1904 2934 1976 καλούμενον
2966 1904 3088 1973 οὐχὶ
3120 1902 3464 1974 προσελθεῖν,
3516 1902 3635 1964 πῶς
3672 1903 3702 1955 6

2118 2001 2192 2071 μὴ
2243 2001 2335 2053 ὑπ’
2380 2000 2633 2067 ἐξουσίαν
2677 1999 2851 2053 τελῶν
2878 2043 2892 2065 ,
2951 1998 3069 2052 ἀλλ’
3109 1997 3407 2067 αὐθεντικῇ
3469 1997 3699 2066 δυνάμει

2114 2095 2371 2166 θεότητος
2398 2097 2576 2149 πάντα
2609 2096 2792 2165 φέρων
2812 2094 2890 2165 τῷ
2910 2093 3166 2162 νεύματι,
3198 2093 3302 2145 οὐκ
3327 2091 3393 2144 ἂν
3420 2091 3704 2163 ἐπιτάξῃς

2118 2188 2444 2258 βουλόμενος
2466 2227 2481 2252 ,
2519 2188 2614 2241 καὶ
2647 2189 2675 2241 6
2705 2188 2836 2249 παῖς
2884 2185 3120 2256 ρωσθείη
3170 2184 3250 2253 τῷ
3312 2184 3652 2254 ὲπιτὰγματι
3684 2201 3701 2246 ς

2117 2282 2241 2335 Ὅτι
2269 2280 2327 2334 δὲ
2355 2281 2414 2333 οὐ
2445 2279 2808 2343 θωπευτικῶς
2864 2281 2892 2332 6
2950 2277 3109 2346 λόγος
3149 2275 3301 2347 αὐτῷ
3344 2277 3699 2338 ἐκεκάττυτο,

2115 2374 2235 2428 οὐδὲ
2290 2373 2386 2444 τῆς
2456 2372 2751 2434 κολακείας
2817 2370 3175 2441 ἀνελευθερίᾳ
3252 2367 3699 2438 ὲκεκιϐδήλωτο,

2118 2467 2573 2538 ὲμεμαρτυρήκει
2602 2464 2753 2536 αὑτῷ
2778 2467 2807 2518 6
2839 2462 3062 2534 Σωτὴρ,
3095 2462 3300 2525 παντὸς
3345 2459 3441 2515 τοῦ
3481 2461 3709 2532 Ἰσραὴλ

2116 2561 2217 2633 τὴν
2262 2559 2430 2613 αὐτοῦ
2490 2559 2676 2612 πίστιν
2738 2556 3096 2627 βεϐαιοτέραν
3171 2551 3386 2617 τιθεὶς,
3433 2553 3527 2605 καὶ
3580 2551 3706 2620 ἅμα

2119 2653 2413 2726 προσθείς·
2446 2670 2464 2703 ι
2507 2651 2597 2714 Ὠς
2623 2651 2976 2711 ἐπίστευσας,
3012 2644 3300 2716 γενηθήτω
3351 2661 3455 2699 σοι.
3496 2662 3514 2695 ι
3550 2644 3710 2715 ᾜδει

2119 2748 2175 2801 δὲ
2210 2746 2281 2799 τὰ
2311 2744 2623 2817 πρωτόλεια
2678 2742 2780 2811 τῆς
2827 2740 2918 2793 διὰ
2950 2738 3046 2792 τοῦ
3097 2736 3437 2806 Εὑαγγελίου
3461 2736 3710 2807 κλήσεως

2120 2837 2230 2891 τῶν
2254 2833 2425 2888 ἐθνῶν
2481 2831 2570 2886 διὰ
2617 2829 2773 2885 τοῦδε
2830 2830 2923 2883 τοῦ
2957 2826 3367 2897 ἑκατοντάρχου
3402 2825 3656 2896 προορῶν
3680 2826 3711 2878 6

2122 2927 2313 2998 Σωτὴρ
2365 2923 2799 2997 προσαγόμενα,
2866 2920 3126 2991 προλέγει
3190 2920 3253 2972 τὸ
3328 2917 3564 2989 μέλλον,
3624 2918 3710 2972 ὅτι

2128 3037 2147 3070 ι
2185 3016 2377 3071 Πολλοὶ
2425 3016 2533 3068 ἀπὸ
2591 3012 2867 3068 ἀνατολῶν
2940 3011 3035 3064 καὶ
3089 3009 3314 3080 δυσμῶν
3367 3007 3581 3087 ἥξουσι,
3614 3010 3711 3062 καὶ

2123 3107 2581 3178 ἀνακλιθήσονται
2645 3106 2784 3175 μετὰ
2834 3102 3128 3175 Ἀϐραὰμ,
3193 3102 3293 3156 καὶ
3352 3102 3563 3167 Ἰσαὰκ,
3615 3105 3713 3156 καὶ

443 3173 714 3239 Quoniam
756 3181 902 3232 enim
932 3188 1141 3233 tantam
1177 3181 1230 3234 in
1269 3180 1432 3235 Israel
1465 3197 1568 3237 non
1602 3184 1809 3240 invenit
1841 3186 2019 3256 ﬁdem,

2139 3202 2335 3255 Ἰακὼϐ
2372 3173 2429 3254 έν
2460 3204 2525 3270 τῇ
2564 3173 2814 3269 βασιλείᾳ
2841 3173 2951 3249 τῶν
2975 3195 3249 3263 οὐρανῶν.
3284 3214 3303 3247 ι
3349 3195 3568 3267 Ἐπειδὴ
3600 3196 3711 3263 γὰρ

445 3270 591 3336 quod
624 3270 893 3340 reliquum
948 3282 1102 3337 erat,
1148 3288 1178 3325 a
1235 3284 1502 3329 terrarum
1552 3276 1751 3333 ﬁnibus
1797 3281 2025 3336 advocat

445 3369 637 3426 gentes
671 3377 686 3413 :
729 3371 782 3414 et
815 3362 1064 3430 ingratus
1098 3363 1316 3432 quidem
1354 3368 1580 3435 populus
1613 3368 1681 3423 ab
1710 3370 1829 3439 ejus
1867 3372 2027 3426 fami-

446 3450 685 3509 liaritate
712 3455 990 3522 seiunctus
1024 3466 1137 3523 est;
1173 3460 1358 3514 ascitze
1389 3477 1515 3516 vero
1558 3475 1686 3518 sunt
1731 3476 1919 3533 gentes
1958 3483 2025 3523 ex

451 3543 555 3597 ﬁde
582 3544 917 3613 justiﬁcatze.
954 3549 1006 3602 hl
1035 3552 1180 3604 enim
1206 3552 1370 3605 etiam
1397 3554 1447 3607 in
1469 3568 1632 3610 causa
1651 3566 1753 3620 est,
1784 3574 1881 3612 cur
1904 3576 2023 3614 eum

446 3635 763 3691 Abrahamo
801 3642 1141 3697 reeubituras
1171 3654 1360 3712 gentes
1394 3646 1549 3711 dicit,
1593 3649 1734 3718 quod
1769 3652 2025 3707 nimirum

450 3726 599 3781 illius
634 3730 961 3797 patriarcha:
996 3734 1153 3788 ﬁdem
1203 3737 1699 3797 aemulati.essent.
1750 3742 1850 3810 Qui
1897 3760 2029 3800 vero

448 3818 549 3873 ﬁlii
601 3823 954 3887 vocabantur.
995 3840 1060 3881 ex
1111 3841 1268 3897 gente
1313 3828 1624 3885 Judteornm
1676 3835 1833 3898 dico,
1869 3854 1888 3887 ι
1926 3839 2029 3907 eji—

451 3911 667 3967 cientur
700 3913 756 3968 in
795 3919 1049 3974 tenebras
1104 3922 1433 3988 exteriores;
1490 3925 1562 3979 ibi
1610 3929 1714 3981 erit
1762 3927 1919 3983 fletus
1976 3941 2031 3984 et

447 4003 652 4060 stridor
678 4007 922 4063 dentium
950 4010 1016 4064 θ’.
1052 4028 1073 4062 ι
1124 4011 1446 4080 Ejicientur,
1484 4017 1680 4088 inquit,
1727 4036 1793 4074 ev
1840 4037 2031 4093 regno,

446 4098 788 4167 repellentur
814 4116 879 4156 ex
913 4105 1243 4173 saeerdmio,
1294 4118 1347 4163 et
1394 4124 1424 4162 a
1473 4112 1645 4165 sacris
1694 4114 1828 4181 ipsis
1876 4115 2029 4183 locis,

450 4209 510 4253 et
541 4200 805 4270 legalibus
833 4205 1123 4259 sacriﬁciis
1151 4207 1350 4277 quibus
1377 4213 1619 4264 consueti
1652 4222 1807 4266 erant
1836 4230 1850 4267 :
1885 4214 2037 4284 igno-

451 4293 648 4345 rantiae
678 4307 805 4347 vero
841 4296 1094 4352 tenebras
1142 4312 1239 4365 pro
1285 4299 1466 4354 divina
1511 4303 1653 4364 luce,
1684 4314 1739 4355 et
1773 4304 2033 4372 ejulatum

452 4382 792 4450 paenitentia:
838 4402 936 4455 pro
987 4389 1186 4457 gaudio
1218 4405 1283 4447 ex
1335 4391 1428 4447 Dei
1481 4393 1862 4461 conjunctione
1907 4412 2037 4467 pro-

453 4473 600 4529 fecto
634 4479 1085 4546 eommutabunt;
1119 4494 1173 4536 et
1222 4485 1491 4539 incassum
1543 4486 1796 4541 dentibus
1839 4491 2034 4544 animae

455 4572 715 4631 frendent
744 4575 958 4634 divinas
989 4581 1178 4649 epulas
1214 4584 1539 4638 esurientes.
1573 4584 1741 4640 Porro
1787 4587 2038 4641 tenebra-

455 4683 578 4723 rum
620 4673 955 4726 exteriorum
997 4676 1218 4730 nomine
1255 4678 1432 4731 futura
1478 4689 1825 4746 peccatorum
1877 4696 2036 4750 pmna

456 4767 723 4839 signatur,
758 4773 1012 4840 quoniam
1070 4775 1310 4830 futurum
1362 4787 1477 4850 est,
1530 4791 1589 4832 ut
1640 4779 1839 4848 duplex
1899 4781 2040 4851 ignis

456 4868 707 4931 operatio
745 4867 822 4938 (7)
869 4876 998 4923 tunc
1051 4872 1345 4935 dividatur,
1397 4882 1449 4925 et
1477 4871 1639 4939 justis
1681 4875 1901 4943 quidem
1950 4875 2038 4929 lux

455 4969 591 5024 pura
633 4968 686 5012 et
714 4974 910 5028 expers
938 4961 1215 5029 qualitatis
1246 4964 1437 5018 ustivze
1471 4964 1745 5030 reddatur,
1772 4965 2033 5032 improbis

457 5061 585 5103 vero
609 5053 869 5120 quidquid
898 5055 1087 5108 urendi
1124 5054 1229 5108 vim
1256 5055 1417 5108 habet
1469 5065 1523 5109 et
1553 5056 1670 5111 luce
1691 5073 1902 5112 cassum
1931 5070 2035 5124 est,

456 5140 749 5197 tribuatur.
810 5144 987 5213 Atque
1044 5147 1125 5201 ha:
1174 5148 1391 5216 quidem
1455 5150 1690 5204 tenebrae
1735 5152 2037 5205 exteriores

457 5235 733 5299 dicuntur,
785 5236 867 5289 vel
922 5237 1259 5293 interiores:
1304 5241 1504 5295 etenim
1557 5252 1610 5296 et
1669 5242 1758 5296 hic
1799 5245 1945 5299 velut
1988 5244 2038 5298 in

530 5379 577 5412 ⁶⁹
609 5380 798 5434 Matth.
836 5396 952 5444 vm,
988 5382 1073 5434 12.

2127 3298 2186 3350 ού
2216 3295 2483 3362 τοσαύτην
2511 3284 2636 3364 εὗρε
2670 3291 2854 3344 πίστιν
2894 3291 2953 3342 ἐν
2981 3287 3060 3359 τῷ
3105 3286 3348 3359 Ἰσραὴλ,
3378 3287 3712 3362 προσκαλεῖ-

2127 3408 2216 3443 ται
2252 3388 2440 3441 λοιπον
2471 3387 2539 3439 τὰ
2569 3385 2701 3453 ἔθνη
2731 3381 2841 3437 ἀπὸ
2868 3382 2977 3435 τῶν
3012 3380 3268 3452 περάτων
3302 3381 3402 3451 τῆς
3435 3383 3559 3451 γῆς,
3613 3384 3713 3435 καὶ

2130 3485 2157 3535 6
2185 3485 2284 3549 μὲν
2309 3478 2583 3549 ἀγνώμων
2623 3476 2752 3539 λαὸς
2791 3474 3207 3544 ἁποπεφοίτηκε
3239 3476 3340 3543 τῆς
3378 3473 3517 3544 πρὸς
3546 3474 3713 3526 αὐτὸν

2129 3575 2483 3643 οἰκειότητος,
2514 3571 2871 3639 ἀντεισῆκται
2909 3568 2965 3621 δὲ
3002 3566 3071 3619 τὰ
3110 3565 3239 3637 ἔθνη
3271 3566 3631 3645 δικαιωθέντα
3649 3570 3714 3621 ὲκ

2130 3668 2390 3728 πίστεως.
2439 3662 2539 3716 Διὰ
2579 3660 2741 3714 τοῦτο
2794 3663 2904 3728 γὰρ
2971 3658 3065 3712 καὶ
3098 3658 3238 3728 μετὰ
3269 3656 3529 3727 ’Λϐραὰμ
3562 3658 3715 3724 λέγει

2133 3756 2597 3828 ἀνακλιθήσεσθαι
2621 3754 2845 3817 αὐτοὺς.
2866 3753 2939 3815 ώς
2964 3753 3064 3821 τὴν
3097 3750 3192 3805 τοῦ
3223 3752 3569 3823 πατριάρχου
3621 3750 3716 3803 πί-

2135 3871 2251 3905 στιν
2281 3849 2656 3920 ζηλώσαντας.
2677 3846 2739 3898 Ol
2756 3846 2813 3898 δὲ
2833 3844 3126 3914 κληθέντες
3143 3845 3269 3907 υἱοὶ,
3295 3845 3343 3896 οἱ
3372 3842 3719 3907 ὲξἸουδαίων

2136 3945 2301 4015 φημὶ,
2350 3962 2367 3994 ι
2403 3939 2833 4010 ἐκϐληθήσονται
2860 3940 2938 4000 εἰς
2968 3937 3029 3990 τὸ
3069 3936 3261 4000 σκότος
3298 3936 3357 3989 τὺ
3392 3934 3661 4005 ἐξώτερον
3694 3954 3708 3967 ⁸

2136 4034 2253 4085 ἐκεῖ
2281 4029 2481 4083 ἔσταιὸ
2508 4026 2786 4097 κλαυθμὸς
2823 4027 2915 4078 καὶ
2952 4027 2980 4079 6
3008 4024 3257 4096 βρυγμὸς
3279 4023 3387 4078 τῶν
3404 4025 3659 4079 ὀδόντων.
3696 4045 3714 4077 ι

2136 4121 2623 4192 Ἐκϐληθήσονται,
2659 4119 2814 4189 φησὶ,
2851 4118 2950 4186 τῆς
2985 4118 3290 4185 βασιλείας,
3313 4117 3720 4185 ὲξωσθήσονται

2136 4219 2195 4272 δὲ
2224 4219 2316 4270 καὶ
2348 4215 2449 4284 τῆς
2477 4213 2806 4283 ἱερωσύνης,
2841 4214 2936 4266 καὶ
2966 4211 3148 4265 αὐτῶν
3181 4210 3244 4281 δὴ
3274 4211 3385 4263 τῶν
3424 4209 3589 4280 ἱερῶν
3627 4212 3725 4264 τόο

2140 4334 2280 4378 πων,
2316 4312 2412 4366 καὶ
2463 4312 2574 4365 τῶν
2608 4310 2665 4377 ἐξ
2708 4309 2865 4373 ἔθους
2901 4308 3146 4378 νομικῶν
3192 4306 3393 4360 θυσιῶν
3415 4322 3429 4336 ·
3460 4306 3721 4360 ἀνταλλά-

2143 4408 2328 4473 ξονται
2355 4404 2413 4457 δὲ
2445 4403 2539 4456 καὶ
2568 4402 2630 4454 τὸ
2655 4402 2759 4471 τῆς
2810 4399 3036 4469 ἀγνοίας
3071 4399 3266 4463 σκότος
3297 4397 3421 4452 ἀντὶ
3453 4396 3547 4451 τοῦ
3574 4397 3724 4452 θείου

2096 4537 2116 4585 )
2146 4498 2345 4568 φωτὸς,
2378 4494 2473 4546 καὶ
2501 4492 2592 4544 τὸν
2626 4493 2693 4547 ὲκ
2725 4489 3093 4561 μεταμελείας
3124 4489 3402 4560 κλαυθμὸν
3450 4488 3574 4541 ἁντ¹δ⁸
3622 4490 3726 4559 τῆς

2144 4594 2284 4675 μετά
2319 4588 2454 4645 Θεθῦ
2491 4586 2797 4658 Χαρμονῆς·
2828 4587 2925 4648 Εἰς
2950 4585 3109 4638 κενόν
3140 4603 3198 4638 τε
3239 4586 3367 4649 τοὺς
3394 4587 3496 4656 τῆς
3542 4583 3725 4656 ψυχῆς

2140 4692 2433 4766 βρύξουσιν
2483 4684 2732 4747 ὀδόντας,
2776 4678 3147 4748 λιμώττοντες
3184 4678 3338 4743 θείας
3372 4681 3601 4750 τροφῆς.
3633 4681 3726 4734 Λέο

2137 4802 2299 4856 γεται
2324 4783 2381 4837 δὲ
2401 4783 2434 4851 ἡ
2466 4778 2738 4850 μέλλουσα
2761 4772 2871 4826 τῶν
2899 4770 3249 4841 ἁμαρτωλῶν
3271 4771 3513 4842 τιμωρία
3535 4771 3727 4834 σκότος

2141 4875 2424 4941 ἐξώτερον,
2454 4867 2644 4936 ἐπειδὴ
2677 4863 2864 4936 μέλλει
2890 4861 2982 4915 τοῦ
3008 4861 3181 4931 πυρὸς
3210 4864 3241 4931 ἡ
3277 4861 3432 4931 διττὴ
3460 4862 3544 4912 ὲνέ
3556 4877 3723 4929 ργεια

2142 4969 2261 5023 τότε
2288 4959 2758 5034 διαιρεθήσεσθαι,
2790 4956 2886 5009 καὶ
2940 4955 3055 5016 τοῖς
3088 4954 3186 5022 μὲν
3216 4953 3449 5015 δικαίοις
3480 4953 3730 5022 καθαρὸν

2147 5056 2487 5126 ἀποδοθῆναι
2519 5053 2580 5106 τὸ
2602 5050 2738 5120 φῶς,
2764 5050 2857 5101 καὶ
2883 5046 3157 5116 ἀμέτοχον
3181 5044 3471 5116 ποιότητος
3492 5060 3728 5098 καυστιο

2151 5151 2274 5221 κῆς,
2327 5152 2441 5211 τοῖς
2492 5146 2549 5198 δὲ
2603 5142 2831 5212 φαύλοις
2886 5137 3287 5208 διανεμηθῆναι
3332 5137 3394 5190 τὸ
3428 5136 3733 5190 καυστικὺν

2150 5247 2246 5298 καὶ
2282 5243 2516 5313 ἄμοιρον
2571 5237 2666 5291 τοῦ
2711 5234 3062 5305 φωτίζοντος.
3091 5231 3265 5285 Τοῦτο
3298 5232 3428 5300 γοῦν
3449 5232 3510 5285 τὸ
3536 5231 3731 5295 σκότος

1694 5477 2016 5538 Francisei
2049 5476 2257 5540 Seorsi
2303 5481 2491 5536 notae.

531 5603 609 5669 ('7)
637 5603 839 5670 Duplex
860 5603 993 5671 ignis
1018 5604 1275 5666 anet-alio.
1306 5603 1379 5656 Ex
1415 5603 1517 5655 hoc
1541 5604 1660 5656 loco
1685 5605 1819 5657 satis
1856 5612 2042 5663 aperte

461 5675 735 5744 colligitur
766 5677 939 5741 ignem
974 5689 1079 5737 quo
1110 5683 1427 5744 torquentur
1456 5672 1611 5726 inferi
1635 5689 1757 5727 esse
1786 5674 2042 5726 materia-

461 5745 567 5796 lem
599 5742 680 5797 ἐχ
738 5745 1004 5799 sententia
1059 5742 1217 5811 hujus
1243 5742 1450 5807 Patris;
1488 5743 1577 5795 illa
1602 5744 1741 5796 enim
1768 5744 2043 5797 distinctio

466 5812 697 5882 duplicis
754 5815 1084 5882 operationis
1159 5813 1298 5879 ignis
1352 5827 1459 5865 non
1522 5823 1699 5878 potest
1766 5815 1867 5867 nisi
1934 5814 2040 5880 igni

471 5881 653 5936 sensili
703 5893 751 5934 ct
796 5881 1067 5937 tnalet‘iali
1124 5883 1430 5937 convenire.
1496 5884 1649 5949 Quod
1676 5900 1772 5939 nos
1806 5884 2047 5951 pluribus

2149 5600 2554 5669 disputavimus
2597 5594 2872 5669 adultom:
2916 5592 3232 5669 8,_qua_3__est
3260 5590 3588 5669 dediviteﬁet
3626 5588 3730 5642 La-

2151 5658 2279 5725 zaro
2349 5665 2581 5732 [101.16,
2634 5665 2722 5719 ubi
2764 5676 2817 5718 et
2843 5663 2901 5717 Ι),
2968 5661 3226 5732 Basiliiet
3250 5661 3478 5732 aliorum
3514 5658 3732 5732 Patrum

2152 5741 2507 5794 auctoritates
2560 5729 2905 5800 contulimus,
2950 5735 3037 5803 qui
3087 5731 3274 5785 eodem
3340 5729 3503 5783 modo
3528 5731 3591 5782 de
3632 5730 3728 5803 hoc

2154 5812 2274 5879 igne
2329 5810 2513 5871 locuti,
2578 5807 2719 5860 unde
2743 5821 2931 5861 eorum
2968 5800 3151 5857 etiam
3209 5817 3367 5855 verus
3393 5815 3586 5856 sensus
3626 5800 3724 5854 eli-

2154 5892 2315 5935 Cti‘Jf.
