4070 6408
324 338 426 402 837

1705 335 2038 400 IIOMILM
2081 340 2253 404 XLV.

3504 349 3608 411 833

321 449 626 513 δασκαλίας
687 449 1015 523 τρεφόμενοι
1061 451 1161 523 τὴν
1188 451 1434 524 ψυχικὴν
1457 451 1737 522 τρυγῶσιν
1770 452 1888 522 ὠφέ

2028 460 2194 506 tatem
2230 471 2243 506 :
2280 461 2546 523 quotquot
2581 467 2712 508 vero
2759 469 2912 510 suam
2947 455 3187 526 ipsorum
3245 467 3496 515 naturam
3524 462 3610 516 iu-

320 545 472 596 λειαν
501 559 515 574 ·
557 544 674 595 ὅσοι
731 543 787 595 δὲ
844 548 907 614 τῇ
951 544 1179 599 δυσώδει
1208 547 1303 598 τοῦ
1344 544 1544 614 φθόνου
1577 544 1675 616 τὴν
1702 545 1913 597 ἐαυτῶν

318 635 486 704 φύσιν
551 635 887 707 διέφθειραν,
927 630 1076 690 οὗτοι
1121 637 1376 708 καθάπερ
1409 637 1611 707 γῦπες,
1643 637 1676 706 ἢ
1707 637 1912 691 κάνθα-

322 746 408 799 ροι
467 728 908 798 ἀποστρέφονται
964 730 1026 782 τὸ
1083 730 1182 799 τῆς
1229 729 1584 793 διδασκαλίας
1629 728 1909 799 θυμίαμα.

330 821 494 875 mn
518 821 657 890 πρὸς
687 822 740 873 τί
767 821 985 891 βλέπων
1010 823 1336 893 ἐχρησάμην
1353 823 1430 893 τῷ
1456 823 1864 895 παραδείγματι
1895 842 1910 883 :

334 913 672 983 Ἐπειδήπερ
707 915 738 983 ἠ
773 914 898 984 χθὲς
933 916 1071 986 ἡμῖν
1097 916 1367 986 γενομένη
1409 919 1564 988 κοινῇ
1600 917 1737 987 πρὸς
1771 918 1913 970 πάν-

317 1022 417 1068 ἀς
453 1005 748 1072 ἐπίπληξις
809 1009 923 1071 τοῖς
965 1007 1066 1077 μὲν
1125 1007 1475 1079 εὑαισθήτοις
1531 1008 1624 1062 καὶ
1665 1010 1909 1080 σώφροσι

315 1100 542 1167 γέγονεν
579 1099 966 1171 ἐπανόρθωσις
990 1117 1004 1132 ⁸
1041 1097 1124 1164 οἷς
1159 1100 1216 1154 δὲ
1259 1101 1543 1171 διεφθορὸς
1586 1098 1656 1174 ἦν
1693 1104 1753 1156 τὸ
1777 1099 1910 1173 ἦθος

318 1192 414 1244 καὶ
445 1193 800 1262 ἀδιόρθωτον,
839 1185 993 1246 οὗτοι
1046 1193 1144 1264 οὑχ
1173 1195 1324 1257 ὅπως
1355 1195 1455 1248 οὑκ
1478 1195 1906 1267 ἐδελτιώθησαν,

316 1287 454 1338 ἀλλὰ
505 1288 600 1340 καὶ
639 1288 772 1359 πρὸς
815 1287 1102 1341 ἀναίδειαν
1154 1288 1440 1355 ἐξέκλιναν
1474 1289 1723 1360 μείζονα.
1765 1289 1906 1343 Ἀλλ’

317 1380 547 1431 ἐκείνων
608 1381 706 1449 μὲν
736 1379 834 1450 τὴν
861 1379 1017 1432 νόσον
1047 1379 1402 1450 δριμυτέροις
1461 1381 1779 1451 φαρμάκοις
1809 1381 1908 1434 σὺν

315 1470 436 1539 Θεῷ
469 1472 809 1540 ἀκεσόμεθα,
841 1473 937 1525 καὶ
1001 1473 1466 1544 στυπτικωτέροις
1514 1475 1822 1544 ἐπιτιμίαις
1853 1473 1907 1527 rb

316 1562 643 1632 ἀπηλγηκὸς
691 1563 877 1617 αὐτῶν
925 1566 1008 1628 εἰς
1043 1565 1401 1636 συναίσθησιν
1450 1566 1673 1637 ἄξομεν.
1714 1568 1907 1638 Ὑμεῖς

312 1654 369 1706 δὲ
407 1655 524 1708 ὅσοι
557 1656 782 1726 νήφοντι
816 1656 1066 1728 λογισμῷ
1099 1658 1160 1711 τὸ
1197 1657 1337 1728 λῷον
1360 1659 1747 1728 ἐπιλεξάμενοι
1769 1661 1904 1731 πρὸς

311 1746 415 1816 τὴν
452 1747 670 1814 σύναξιν
705 1748 1089 1822 δεδραμήκατε
1110 1792 1126 1818 ,
1159 1749 1268 1806 τῶν
1317 1752 1694 1821 εὑαγγελικῶν
1726 1753 1902 1821 λόγων

311 1839 609 1894 ἀκούσατε.

382 1933 475 2003 Τῷ
505 1935 684 2006 καιρῷ
721 1935 943 2008 ἐκείνῳ,
984 1957 1002 1990 ι
1044 1937 1372 2008 ’Λνθρωπὸς
1405 1957 1492 2004 τις
1519 1940 1793 2011 προσῆλθε
1825 1939 1904 2011 τῷ

324 2023 503 2092 Ἰησοῦ
558 2027 877 2092 γονυπετῶν
933 2028 1120 2094 αὑτὸν,
1176 2031 1273 2084 καὶ
1338 2031 1558 2100 λέγων·
1598 2033 1903 2086 Διδάσκαλε

307 2116 504 2182 ἀγαθὲ,
530 2117 580 2170 τί
641 2120 877 2191 ποιήσας
922 2115 1069 2194 ζωὴν
1125 2123 1346 2177 αἰώνιον
1396 2127 1830 2196 κληρονομήσω;
1879 2147 1898 2180 ι

321 2209 381 2264 Ὀ
411 2210 604 2280 παρὼν
621 2213 929 2283 ἅνθρωπος,
970 2215 1267 2284 κρυψίνους
1315 2217 1579 2288 ὑπάρχων
1612 2217 1773 2290 ἀνὴρ,
1806 2220 1902 2273 καὶ

307 2303 408 2367 τὰς
446 2305 686 2371 ὑφάλους
717 2305 925 2376 πέτρας
959 2307 1322 2378 μιμούμενος,
1357 2312 1460 2363 οὑκ
1491 2311 1672 2382 ἀγαθῇ
1703 2310 1899 2382 γνώμῃ

306 2397 676 2466 προσέρχεται
736 2399 1140 2467 φιλοπευστῶν,
1205 2401 1322 2454 ἀλλ’
1367 2404 1616 2471 οἰόμενος
1679 2404 1900 2472 ἐλέγξαι

305 2487 399 2540 τὸν
435 2489 662 2560 Κύριον,
698 2491 774 2553 ὡς
823 2493 1089 2546 τάναντία
1145 2493 1224 2564 τῷ
1288 2495 1438 2566 νόμῳ
1496 2497 1896 2566 πραττόμενον.

307 2581 570 2654 ῐῐρόσεισι
627 2584 759 2652 γοῦν
795 2586 1142 2657 ὑποκριτικῷ
1196 2588 1464 2658 σχήματι,
1502 2588 1645 2658 λόγῳ
1682 2588 1898 2642 θωπευ-

301 2675 444 2746 τικῷ
480 2676 687 2746 αἱμύλα
716 2679 1012 2742 κωτίλλων,
1064 2681 1159 2733 καὶ
1217 2681 1510 2748 φεν-ικίσαι
1554 2682 1898 2752 πειρώμενος

304 2767 396 2820 τὸν
433 2767 726 2840 ἀλάθητον.
766 2789 783 2821 ι
822 2771 1126 2824 Διδάσκαλε
1162 2773 1356 2840 ἀγαθέ.
1403 2789 1421 2824 ι
1485 2773 1649 2844 ’Θρᾷξ
1685 2775 1744 2825 th
1798 2777 1898 2845 τῆς

304 2860 652 2932 ὑποκρίσεως
710 2863 1043 2935 δηλητήριον
1101 2865 1178 2937 τῷ
1214 2867 1313 2936 τῆς
1363 2866 1653 2929 κολακείας
1719 2868 1896 2938 μέλιτι

306 2957 740 3028 κεραννύμενον.
779 2961 889 3013 Καὶ
915 2962 1056 3032 τάχα
1086 2963 1246 3014 τοῦτο
1272 2957 1338 3032 ἦν
1368 2961 1395 3013 ὃ
1441 2962 1604 3014 Δαΰὶδ
1661 2961 1896 3032 ἔψαλλεν

306 3051 366 3101 ἐν
397 3049 635 3121 ψαλμοῖς
660 3052 725 3106 ἐκ
763 3052 1066 3124 προσώπου
1099 3054 1342 3125 Χριστοῦ
1368 3066 1382 3084 ⁶
1434 3076 1450 3106 ι
1511 3055 1667 3124 Ἐμοὶ
1695 3056 1794 3127 μὲν
1816 3059 1896 3110 εί-

2021 546 2179 599 vidiac
2230 545 2597 616 graveolcntia
2647 558 3050 617 corruperunt,
3102 549 3155 602 hi
3222 551 3492 605 vulturum
3546 570 3608 608 ac

2018 635 2404 689 scarabcorum
2439 650 2591 691 more
2626 648 2955 692 aversantur
2987 639 3285 710 thymiama
3322 642 3606 699 doctrinae.

2018 726 2288 792 Quorsum
2343 741 2475 782 vero
2525 729 2629 783 hoc
2683 737 2892 800 spectat
2932 732 3264 800 exemplum,
3314 749 3424 805 quo
3474 751 3607 791 usus

2017 816 2181 869 sum?
2215 817 2351 882 Quia
2413 817 2624 873 scilicet
2655 835 2774 888 qure
2835 819 3097 875 hesterno
3129 823 3215 876 die
3253 837 3281 877 a
3331 825 3486 880 nobis
3515 842 3606 880 ca-

2016 907 2238 976 stigatio
2271 907 2524 962 omnibus
2574 912 2884 976 promiscue
2917 911 3058 964 facta
3095 923 3199 975 est,
3249 915 3605 982 prudentibus

2013 995 2180 1068 314
2246 997 2464 1066 quidem
2529 1009 2784 1070 recteque
2851 1002 3210 1057 sentientibus
3271 1006 3605 1059 correctioni

2015 1087 2150 1152 fuit;
2184 1103 2418 1157 quorum
2450 1103 2583 1144 vero
2606 1091 2884 1160 depravati
2917 1101 3040 1146 sunt
3074 1109 3271 1160 mores,
3296 1110 3360 1149 ac
3383 1095 3608 1150 dillicile

2012 1181 2210 1250 corrigi
2247 1191 2498 1250 possunt,
2535 1183 2569 1238 ii
2610 1183 2663 1237 in
2697 1184 2955 1253 majorem
2998 1185 3161 1240 etiam
3211 1187 3602 1256 impudentiam

2011 1281 2324 1350 devenere,
2379 1286 2576 1339 nedum
2640 1300 2865 1342 evasere
2911 1287 3187 1343 meliores.
3245 1289 3447 1344 Verum
3504 1308 3605 1346 nos

2011 1390 2203 1429 eorum
2257 1379 2448 1431 morbo
2498 1378 2797 1432 acrioribus
2854 1380 3267 1435 medicamentis
3319 1380 3456 1452 (l3),
3489 1382 3602 1437 Deo

2005 1465 2270 1534 juvante,
2339 1467 2704 1534 medebimur,
2757 1478 2811 1524 et
2860 1471 3376 1539 reprehensionibus
3427 1474 3604 1543 magis

2011 1561 2246 1614 austeris
2272 1561 2586 1614 earumdem
2626 1568 2928 1629 stuporem,
2963 1570 3022 1616 ut
3076 1562 3282 1617 sentire
3310 1562 3604 1632 aliquando

2011 1654 2254 1718 valeant,
2282 1653 2664 1709 excitabimus.
2701 1653 2806 1710 Vos
2836 1671 2964 1709 vero
2991 1655 3080 1725 qui
3111 1655 3326 1710 saniore
3352 1657 3600 1720 consilio,

2010 1746 2152 1812 quod
2203 1746 2396 1800 melius
2423 1757 2528 1810 est,
2571 1747 2830 1815 eligentes
2875 1747 2940 1800 ad
2969 1748 3220 1818 synaxim
3245 1749 3604 1804 concurristis

1936 1811 1979 1870 Β
2010 1837 2544 1909 (14),·ονιιιιςοιὶοιιιιι
2584 1853 2894 1893 sermonem
2927 1841 3110 1894 audite
3127 1841 3192 1893 τ’.

2078 1925 2134 1979 lu
2161 1927 2250 1980 illo
2269 1941 2511 1997 tempore
2537 1946 2550 1982 :
2581 1947 2598 1978 ι
2621 1927 2794 1983 Ilomo
2816 1929 3034 1998 quidam
3063 1929 3294 1985 accessit
3319 1933 3386 1986 ad
3413 1929 3601 1986 Jesum

2007 2019 2378 2089 genuﬂectens
2417 2029 2543 2075 ante
2589 2036 2736 2088 emn,
2771 2032 2824 2076 et
2857 2022 3046 2077 dicens
3078 2040 3092 2075 :
3132 2021 3387 2093 Magister
3435 2025 3599 2086 boue,

2006 2110 2132 2176 quid
2183 2110 2390 2166 faciens
2436 2111 2604 2166 vitam
2655 2121 2912 2166 :eternam
2967 2113 3300 2182 possidebo?
3343 2133 3360 2166 I
3424 2113 3601 2167 Ilomo

2007 2201 2108 2255 iste
2154 2211 2405 2258 versutus
2454 2201 2591 2274 (l5),
2650 2217 2714 2258 ac
2763 2205 3054 2260 simulator
3107 2221 3228 2260 cum
3258 2214 3425 2268 esset,
3459 2221 3595 2261 saxa

2006 2295 2110 2348 sub
2136 2295 2292 2364 aquis
2327 2297 2550 2351 latentia
2604 2297 2870 2364 ἰιιιίιτιιιις,
2897 2306 3020 2353 'non
3055 2299 3274 2354 sincero
3317 2300 3498 2353 animo
3531 2303 3600 2353 ad

2007 2387 2453 2455 interrogandum
2491 2388 2728 2452 accedit,
2760 2391 2857 2443 sed
2893 2404 3122 2456 sperans
3161 2392 3275 2444 lore
3315 2402 3372 2443 ut
3411 2391 3596 2444 Domi-

2006 2496 2131 2532 num
2166 2479 2540 2550 deprehendat
2559 2481 2714 2549 quasi
2739 2483 3012 2536 contraria
3039 2481 3140 2549 legi
3168 2484 3594 2552 przecipicntem.

2001 2572 2228 2627 Accedit
2282 2588 2412 2643 ergo
2466 2575 2718 2627 simulato
2754 2573 2866 2629 oris
2925 2575 3134 2638 habitu,
3193 2575 3386 2628 blando
3435 2586 3488 2630 et
3529 2578 3600 2632 ad

2003 2663 2424 2718 assentationem
2479 2667 2782 2734 composito
2839 2679 3094 2719 sermone
3181 2667 3448 2733 garriens,
3529 2683 3596 2723 ac

2003 2756 2254 2826 decipere
2289 2764 2508 2810 tentans
2537 2772 2685 2824 eum,
2707 2771 2867 2825 quem
2899 2757 3029 2810 nihil
3059 2756 3195 2812 fallit
3229 2776 3241 2812 :
3288 2777 3306 2809 ι
3345 2758 3599 2825 Magister

2001 2847 2166 2902 bone.
2209 2846 2448 2902 l~VldCS
2515 2848 2882 2902 simulationis
2948 2863 3213 2903 venenum
3269 2849 3598 2905 adulationis

1999 2943 2160 2997 melle
2193 2953 2550 3011 temperatum
2580 2961 2596 3010 ;
2630 2953 2686 2998 et
2722 2943 2971 2998 fortassis
3001 2945 3104 3000 hoc
3133 2955 3237 3011 est,
3261 2948 3400 3013 quod
3423 2946 3593 3005 David

2000 3035 2055 3089 in
2088 3035 2318 3092 Psalmis
2346 3035 2546 3090 cecinit
2568 3034 2622 3089 in
2652 3050 2881 3105 persona
2909 3035 3141 3092 Christi:
3171 3057 3190 3092 ι
3221 3037 3350 3093 Mihi
3375 3039 3594 3107 quidem

305 3143 509 3213 ρηνικά
529 3144 779 3212 ἐλάλουν,
816 3147 912 3200 καὶ
937 3147 1026 3200 ἐπ’
1050 3146 1222 3217 ὀργὴν
1249 3147 1435 3212 δόλους
1453 3148 1838 3217 διελογίζοντο.
1869 3170 1886 3204 ι

2002 3125 2226 3192 pacifica
2261 3125 2646 3193 loquebantur,
2697 3137 2752 3180 et
2807 3127 2859 3181 in
2908 3128 2986 3181 ira
3019 3128 3173 3183 dolos
3199 3131 3534 3197 cogitabant.
3567 3150 3590 3184 ι

300 3233 447 3288 ’Λλλ’
479 3236 754 3308 ήμὸροται
795 3240 894 3306 τῆς
945 3238 1184 3304 ἐλπίδος,
1216 3241 1310 3292 καὶ
1365 3240 1672 3312 συνελήφθη
1712 3243 1769 3294 ἐν
1823 3244 1891 3314 τῇ

2004 3213 2202 3270 Verum
2228 3214 2314 3268 ille
2340 3230 2438 3286 spe
2465 3231 2559 3271 sua
2581 3216 2878 3284 aberravit,
2919 3225 2976 3272 et
3005 3228 3196 3287 captus
3225 3219 3377 3275 estln
3401 3221 3595 3291 laqueo

303 3327 521 3395 παγίδι,
554 3328 620 3399 ἢν
673 3329 934 3400 ἔκρυψεν.
983 3329 1042 3383 '0
1105 3330 1212 3400 γὰρ
1240 3329 1371 3401 ἄχρι
1403 3331 1498 3384 καί¹
1541 3332 1757 3400 μυελῶν
1793 3335 1894 3404 ἐμ-

302 3419 548 3473 ϐατεύων
568 3419 776 3491 ψυχῆς,
811 3420 1072 3489 ἐπιγνοὺς
1103 3422 1162 3475 τὸ
1187 3421 1426 3475 ὓπουλον
1450 3423 1622 3476 αὑτοῦ
1647 3424 1748 3494 τῆς
1775 3426 1890 3478 δια-

303 3511 480 3576 νοίας,
513 3513 606 3566 καὶ
641 3513 846 3580 ὕφαλον
872 3530 886 3543 ·
921 3532 940 3565 ι
978 3514 1044 3566 Τί
1072 3530 1140 3583 με
1173 3513 1375 3581 λέγεις,
1430 3517 1618 3584 φησὶν,
1646 3517 1890 3586 ἀγαθόνς

298 3602 482 3666 οὐδεὶς
537 3602 743 3670 ἀγαθὸς
794 3603 842 3656 εί
894 3603 970 3673 μὴ
1020 3597 1102 3666 εἷς
1139 3603 1166 3655 ὁ
1200 3602 1356 3665 Θεός.
1391 3621 1408 3653 ι
1461 3602 1601 3655 Ἀλλ’
1657 3604 1890 3657 ἐνταῦθα

298 3694 470 3748 πάλιν
530 3695 860 3765 ἐπιφύονται
910 3695 959 3747 οἱ
996 3695 1091 3748 τοῦ
1125 3693 1366 3763 πονηροῦ
1400 3693 1667 3765 μαθηταὶ,
1701 3696 1748 3748 οί
1779 3695 1890 3748 τῶν

300 3786 464 3840 θείων
489 3787 668 3856 λόγων
691 3805 749 3840 τε
761 3789 1094 3859 μμαχισταὶ,
1116 3788 1165 3840 οἱ
1187 3788 1296 3840 τῶν
1315 3788 1580 3858 ῥημάτων
1603 3786 1888 3858 Θηρευταὶ,

297 3883 348 3933 οἱ
379 3880 478 3950 τῆς
513 3879 750 3948 ἀληθοῦς
785 3879 1044 3947 γνώσεως
1076 3880 1355 3950 ὑϐρισταὶ,
1383 3879 1433 3930 οί
1475 3877 1569 3932 τὸν
1623 3878 1891 3948 μονογενῆ

296 3971 395 4024 τοῦ
437 3970 572 4024 Θεοῦ
606 3972 734 4024 Υίὺν
766 3972 874 4024 τῶν
899 3971 1000 4040 τῆς
1031 3971 1272 4041 φυσικῆς
1302 3970 1647 4040 ἀγαθότητος
1695 3988 1894 4042 πατρι-

299 4061 417 4113 κῶν
450 4061 644 4114 θὼκων
667 4063 787 4122 ταῖς
813 4061 996 4114 αὑτῶν
1020 4060 1455 4131 ἁθυροστομίαις
1476 4059 1893 4132 ἐπιχειροῦντες

299 4153 537 4219 ὀίπτειν,
570 4153 906 4222 φάσκοντες·
951 4151 1126 4216 Αὐτὸς
1168 4155 1196 4206 ὁ
1240 4151 1451 4222 Ἰησοῦς
1497 4153 1784 4206 ἀπείπατο
1813 4147 1890 4205 εί-

2001 3321 2162 3376 quem
2193 3305 2500 3361 abscondit.
2543 3306 2648 3373 Qui
2678 3321 2810 3363 vero
2852 3323 3028 3378 usque
3050 3311 3116 3364 ad
3153 3311 3292 3366 imas
3327 3312 3594 3368 medullas

1999 3399 2250 3467 pervadit
2311 3399 2600 3455 hominum
2653 3410 2884 3466 mentes,
2937 3403 3322 3472 cogitationem
3357 3404 3596 3460 hominis

2001 3498 2202 3545 tectam
2273 3490 2706 3561 iusidiosamque
2752 3493 3051 3564 dispiciens
3083 3511 3097 3548 :
3133 3513 3151 3546 ι
3185 3495 3325 3561 Quid
3357 3510 3463 3564 me,
3514 3499 3597 3551 in-

1999 3591 2138 3660 quit,
2178 3606 2344 3647 vocas
2375 3593 2622 3647 bonum?
2645 3607 2806 3647 nemo
2837 3593 3015 3649 b0uus
3041 3595 3145 3649 nisi
3181 3595 3329 3650 solus
3370 3594 3532 3650 Deus.
3567 3615 3588 3647 ι

2000 3683 2109 3738 Sed
2142 3683 2232 3739 hie
2261 3699 2451 3740 rursus
2487 3685 2685 3740 diaboli
2723 3685 2973 3756 discipuli
3016 3689 3306 3751 exsistunt,
3363 3690 3456 3758 qui
3496 3691 3592 3762 tli-

1999 3782 2123 3836 vina
2187 3781 2352 3836 verba
2407 3780 2712 3836 dilacerare
2760 3783 2962 3849 solent,
3028 3793 3317 3839 venatores
3371 3800 3592 3849 vocum,

1999 3873 2096 3929 sed
2145 3889 2285 3929 verte
2322 3873 2698 3944 intelligentia
2738 3889 2968 3940 osores;
3000 3878 3092 3946 qui
3123 3878 3462 3947 unigenitum
3497 3880 3592 3934 Dei

2002 3966 2198 4021 Filium
2230 3981 2258 4020 a
2289 3975 2513 4036 paterna
2541 3967 2801 4022 naturalis
2825 3967 3084 4022 bonitatis
3119 3969 3248 4024 sede
3279 3969 3590 4039 importuna

2003 4075 2100 4113 sua
2157 4059 2483 4130 loquacitate
2535 4060 2829 4115 deturbare
2877 4071 3168 4125 conantur,
3223 4077 3284 4117 ac
3339 4063 3527 4119 dicunt
3564 4080 3584 4118 :

1997 4151 2158 4209 Jesus
2192 4153 2306 4224 ipse
2338 4152 2506 4207 Deum
2533 4167 2595 4207 se
2622 4168 2745 4208 esse
2772 4156 3013 4226 negavit,
3054 4170 3178 4210 eum
3213 4157 3592 4228 repeheuderit

372 4311 419 4342 "
448 4309 639 4366 Matth.
676 4328 820 4376 xvrx,
853 4311 920 4366 16
951 4326 1132 4382 seqq.,
1171 4309 1340 4365 Marc.
1373 4325 1428 4376 ι,
1455 4309 1518 4364 l7
1546 4324 1726 4380 seqq.;
1758 4307 1892 4365 Luc.
1927 4323 2086 4376 xvtu,
2109 4307 2176 4363 l6
2198 4322 2356 4378 seqq.
2431 4309 2477 4342 "
2503 4308 2648 4366 Psal.
2686 4327 2871 4379 xxxiv,
2905 4311 2996 4368 20.

1535 4428 1863 4491 Francisci
1895 4429 2104 4492 Scorsi
2135 4419 2333 4494 notua.

371 4554 486 4626 (l5)
507 4555 812 4609 Acrioribus
853 4555 1266 4631 medicamentis.
1300 4553 1436 4631 Hinc
1467 4563 1653 4624 aperte
1677 4553 1889 4622 colligis
1916 4557 1970 4617 D
1997 4542 2649 4631 Cunctisque_in"syttaxj
2709 4555 2968 4631 fratribus
3025 4566 3353 4631 congregatis
3402 4562 3586 4612 tumltu

302 4627 461 4696 hujus
504 4638 785 4696 auctorem
854 4628 1108 4690 homilire,
1181 4633 1235 4680 et
1284 4627 1596 4695 episcopmn
1633 4639 1775 4689 esse,
1835 4634 1892 4680 ct

298 4695 580 4752 censorem
633 4695 811 4765 populi
863 4697 942 4750 sui
998 4711 1286 4763 severum;
1336 4711 1368 4751 a
1418 4712 1524 4766 quo
1580 4698 1724 4750 enim
1775 4697 1926 4750 Ιιωο-

299 4768 737 4822 comminatiouis
779 4767 936 4835 plena
982 4768 1145 4822 verba
1167 4769 1358 4832 jactari
1389 4768 1441 4820 in
1471 4767 1726 4833 populum
1753 4780 1883 4833 pos-

298 4847 442 4901 seut,
493 4838 595 4892 nisi
651 4837 721 4890 ab
752 4839 984 4894 habente
1025 4837 1399 4890 auctoritatem
1427 4847 1483 4892 et
1507 4838 1680 4891 zelum
1711 4836 1892 4905 gregis

297 4908 430 4962 sui?
467 4906 595 4961 Vide
622 4908 860 4962 Promm.
901 4909 1036 4977 Isag.
1068 4905 1159 4969 Ill,
1204 4905 1309 4976 §9.

371 4978 487 5049 (Η)
527 4978 610 5030 Διί
654 4979 900 5049 synaxim
942 4976 1308 5049 concurristis.
1369 4978 1448 5032 Ita
1505 4976 1680 5042 verti,
1745 4979 1890 5045 quod

299 5047 486 5104 Graeca
523 5063 622 5102 vox
675 5047 898 5113 σύναξις
923 5049 1206 5102 latiuitatis
1254 5047 1380 5116 jure
1403 5051 1600 5102 donata
1633 5051 1699 5101 ad
1731 5065 1888 5103 usum

294 5119 407 5188 jam
439 5119 868 5174 ecclesiasticum
907 5122 1150 5174 traducta
1207 5123 1298 5182 sit;
1341 5119 1638 5188 potuissem
1676 5120 1892 5171 nomine

298 5205 437 5258 puro
461 5201 588 5260 puto
655 5190 866 5252 Latino,
903 5190 1196 5254 collectam,
1239 5201 1572 5260 conventum,
1604 5205 1892 5258 congrega-

299 5259 492 5313 tionem
517 5261 778 5328 reddere;
800 5261 911 5314 lnec
929 5263 1076 5314 enim
1097 5259 1315 5323 σύναξις
1343 5259 1484 5314 valet
1501 5275 1531 5313 a
1566 5261 1731 5314 verbo
1756 5277 1883 5312 συνο

295 5331 437 5397 άγω,
451 5333 504 5386 id
521 5330 767 5385 absolute
786 5333 1080 5399 scheapud
1097 5346 1285 5385 sacros
1301 5330 1594 5398 scriptores
1611 5332 1882 5401 signiﬁcat

297 5402 506 5470 plebem
564 5415 639 5455 ret
694 5416 866 5456 sacra:
901 5415 1063 5455 causa
1108 5403 1158 5454 iu
1215 5402 1500 5455 ecclesiam
1554 5415 1772 5470 cogere,
1827 5409 1881 5452 et

298 5473 567 5526 interdum
612 5473 778 5525 etiam
811 5474 877 5524 ad
900 5471 1333 5525 communionem
1392 5473 1714 5535 admittere;
1747 5472 1890 5540 quod

296 5544 505 5596 notavit
550 5541 761 5605 Billins,
804 5542 896 5595 lib.
936 5557 973 5594 ιι
1009 5542 1222 5595 Observ.
1273 5558 1412 5595 sacr.
1444 5540 1572 5596 lude
1607 5541 1891 5595 celebrita-

298 5622 402 5666 tem
437 5628 532 5667 seu
590 5613 954 5681 frequentiam
1005 5613 1183 5681 pepuli
1218 5613 1631 5681 adsumendum
1677 5611 1892 5664 Eucha-

299 5686 504 5737 ristiam
541 5680 958 5751 rectc'synasim
978 5680 1225 5736 absolute
1252 5682 1474 5736 diveris.
1499 5680 1885 5751 Monachoruin

297 5769 510 5823 quoque
559 5750 862 5808 conventus
923 5751 990 5806 ad
1018 5757 1303 5823 oramtum,
1325 5754 1442 5823 sive
1464 5756 1530 5803 ad
1554 5750 1882 5823 celebranda

297 5821 548 5895 mysteria
608 5824 834 5893 synaxis
880 5824 1043 5890 dicta,
1079 5821 1348 5890 Cassium,
1383 5822 1475 5877 lib.
1510 5836 1589 5888 tv,
1617 5837 1735 5890 cap.
1777 5822 1834 5875 lli
1868 5838 1881 5876 :

1994 4636 2289 4691 prostratus
2322 4628 2378 4682 in
2411 4627 2607 4681 terram
2636 4627 2858 4680 'veuiam
2906 4627 3212 4694 postulabit,
3262 4629 3426 4680 donec
3459 4647 3585 4682 ora-

1993 4697 2191 4748 tionum
2215 4698 2516 4751 solemnitas
2533 4707 2942 4752 consummetur.
3071 4716 3076 4721 ·

2065 4767 2179 4836 (15)
2257 4765 2430 4821 Homo
2509 4771 2604 4822 iste
2653 4768 2912 4822 versutus.
2973 4765 3195 4821 Videtur
3265 4767 3582 4824 existimare

1994 4834 2355 4906 Theophanes
2389 4840 2531 4892 hunc
2559 4839 2780 4892 divitem
2811 4840 2876 4893 de
2931 4853 3040 4907 quo
3076 4837 3268 4891 Matth.
3310 4854 3434 4909 cap.
3489 4855 3584 4894 xm

1991 4909 2121 4979 agit,
2151 4910 2404 4977 quodque
2457 4910 2542 4964 hic
2569 4909 2888 4979 explicatur,
2940 4909 3188 4979 eumdem
3237 4924 3379 4973 esse,
3423 4920 3587 4979 atque

1993 4977 2142 5030 illum
2187 4977 2653 5050 legisipcritum,'
2683 4980 2751 5034 de
2781 4995 2892 5050 quo
2932 4978 3102 5033 Lucas
3136 4994 3259 5049 cap.
3305 4995 3459 5044 xvnt,
3490 4977 3586 5050 qui

1991 5048 2224 5102 accessit
2245 5051 2310 5102 ad
2330 5049 2515 5103 Jesum
2539 5060 2753 5105 tentans
2779 5048 2934 5116 eum;
2968 5048 3216 5117 adeoque
3242 5048 3582 5106 diciteodem

1992 5117 2193 5192 duplici
2231 5121 2415 5172 animo
2456 5118 2763 5192 ival'roquei
2795 5120 3350 5192 adiisseADouduum;
3378 5124 3435 5192 in
3475 5137 3583 5192 qua

1989 5189 2244 5259 opinione
2290 5201 2374 5244 est
2395 5191 2558 5244 etiam
2608 5193 2664 5243 ὃ.
2707 5189 2952 5255 llieron.,
2985 5189 3041 5244 S.
3094 5191 3346 5250 Ambros,
3375 5191 3427 5246 in
3455 5189 3582 5259 cap.

1992 5273 2142 5330 {vui
2188 5257 2383 5324 Lucae;
2433 5270 2489 5315 et
2545 5260 2731 5330 Cyrill.
2795 5262 3060 5314 Alexand.
3106 5261 3200 5314 lib.
3242 5277 3278 5314 ιι
3307 5260 3483 5326 TIus.,
3523 5257 3583 5315 et

1993 5327 2260 5397 Epiphan.
2295 5379 2300 5383 .
2336 5333 2390 5383 in
2453 5327 2742 5384 Ancdrato.
2816 5330 3012 5394 Verum
3081 5331 3247 5384 etiam
3307 5333 3583 5386 contraria

1988 5401 2176 5472 opinio
2203 5409 2290 5472 est
2318 5399 2524 5472 Basilii,
2559 5401 2838 5472 Chrysost.
2881 5409 2935 5453 et
2979 5399 3588 5472 Eulhyun,multisque

1997 5469 2327 5539 conjecturis
2386 5469 2721 5526 lllaldouattis
2780 5481 2965 5525 noster
3000 5469 3237 5524 ostendit
3267 5471 3572 5524 huncdivi-

2000 5548 2107 5592 tem
2142 5555 2244 5592 non
2282 5542 2519 5596 tentandi
2551 5541 2778 5608 Christi,
2821 5543 2913 5596 sed
2949 5541 3158 5594 dicendi
3188 5555 3350 5592 causa
3393 5554 3585 5594 acceso

1996 5610 2152 5674 sisse,
2202 5610 2293 5662 sed
2344 5613 2443 5664 hoc
2503 5611 2802 5681 dijudicare
2856 5626 2960 5665 nou
3015 5619 3097 5665 est
3157 5609 3320 5681 hujus
3370 5609 3470 5661 loci
3506 5612 3581 5663 ad

1995 5694 2153 5747 quem
2186 5681 2318 5735 satis
2351 5682 2450 5733 fuit
2485 5678 2726 5737 indicare
2767 5693 3040 5745 auctores,
3077 5693 3200 5732 cum
3235 5678 3432 5745 quibus
3449 5695 3580 5733 eun-

1993 5750 2158 5820 scntit
2197 5749 2284 5820 hic
2332 5749 2548 5818 Noster,
2579 5764 2635 5808 ut
2667 5753 2894 5809 aliorUm
2925 5762 3193 5805 consensu
3225 5750 3340 5818 ejus
3363 5764 3582 5820 quoque

1992 5819 2176 5889 opinio
2204 5819 2506 5886 fulciretur.
