4070 6402
421 339 523 403 813

1627 325 2120 387 THEOPIIANIS
2160 325 2500 389 CERAMEI
2538 352 2545 361 ί

3591 318 3699 381 8»Ξὶ

424 455 740 526 expertibus
771 456 851 511 vis
880 455 997 528 ejus
1025 459 1300 541 appareat.
1323 447 1512 504 Cultus
1536 447 1718 517 itaque
1756 444 2003 549 ductrina

2133 442 2353 513 Βρᾶτθαι
2385 445 2445 496 τὸ
2472 444 2678 516 ταύτης
2707 443 2882 516 βίαιον
2912 462 2926 480 ο
2954 448 3015 501 τὸ
3054 448 3238 520 μέντοι
3271 450 3438 514 σέϐας
3489 449 3705 518 πέφυκε

426 559 578 617 erat,
611 561 665 606 et
701 549 819 618 lege
848 547 1198 603 sanciendus.

495 644 636 711 Quid
699 644 861 713 igitur
913 641 979 696 ad
1050 639 1165 693 haec
1222 635 1527 707 respondit,
1590 633 1680 704 qui
1731 649 1790 687 se
1846 633 2017 703 legem

422 737 720 792 observare
770 734 1069 789 censebat?
1125 753 1143 785 ι
1175 731 1299 787 llaec
1343 730 1525 784 omnia
1558 728 1838 782 observavi
1872 741 1899 778 a
1933 726 2022 796 ju—

427 840 646 882 ventute
696 841 834 880 mea.
868 848 886 879 ι
936 825 1136 881 Videtis
1174 826 1337 894 igitur
1365 841 1486 879 cum
1522 824 1772 879 Salvator
1803 824 1854 874 in
1887 821 2019 888 legis

426 921 713 992 praeceptis
739 921 1099 973 exercitatum
1128 919 1194 972 ad
1225 918 1593 987 evangelicum
1624 915 2014 983 perfectionem

426 1026 523 1066 suo
558 1024 811 1064 sermooe
860 1009 1215 1062 manuducit:
1256 1008 1548 1062 ostendens
1593 1007 1696 1075 legi
1744 1009 2017 1062 cohaerere

428 1100 802 1167 Evangelium,
854 1106 909 1151 et;
965 1099 1168 1152 habere
1222 1098 1363 1151 inter
1406 1112 1467 1152 se
1493 1096 1742 1166 dogmata
1796 1095 2018 1166 propin-

427 1192 713 1261 quitatem.
759 1188 1037 1259 Pratcepto
1072 1190 1214 1243 enim
1258 1204 1364 1243 non
1427 1187 1766 1242 adulteraudi
1817 1202 2022 1256 pra'ce-

430 1293 577 1352 ptum
610 1299 714 1335 non
740 1280 1185 1350 concupisreudi,
1212 1289 1264 1332 et
1288 1289 1557 1347 praecepto
1580 1294 1685 1331 non
1714 1278 2015 1341 occidendi,

428 1387 759 1445 praeceptum
802 1391 907 1431 non
939 1374 1207 1430 irascendi
1239 1373 1397 1430 aliine
1427 1384 1531 1430 est.
1567 1372 1797 1443 Oblique
1828 1386 2017 1442 porro,

430 1486 494 1523 ac
525 1470 808 1539 ingeniose
842 1468 1082 1522 animum
1121 1467 1357 1521 hominis
1386 1467 1698 1521 divitiarum
1746 1474 2017 1520 amantem

430 1561 690 1615 ostendit.
725 1560 997 1615 Omittens
1031 1559 1178 1614 enim
1221 1558 1456 1622 quodvis
1487 1558 1655 1622 aliud,
1684 1557 1935 1627 proponit
1967 1557 2019 1611 id

430 1657 573 1728 quod
599 1655 833 1710 maxime
856 1655 1029 1723 ipsum
1056 1668 1253 1724 angere
1280 1651 1441 1724 317
1471 1650 1734 1719 potuisset
1756 1666 1801 1701 τι
1837 1648 2021 1703 Vende

431 1750 637 1815 omnia,
674 1764 796 1818 qua:
847 1748 1037 1812 habes,
1087 1755 1142 1799 et
1196 1747 1262 1799 da
1315 1746 1663 1816 pauperibus,
1699 1754 1753 1796 et
1794 1744 2019 1798 habebis

434 1842 745 1895 thesaurum
777 1840 829 1892 iu
860 1839 1033 1903 crelo;
1065 1848 1117 1890 et
1153 1837 1295 1902 veni,
1332 1851 1561 1905 sequere
1597 1850 1702 1890 me.
1740 1853 1760 1886 ι

507 1930 606 1987 llic
645 1946 775 1986 vero
805 1945 1031 1999 serpens
1060 1930 1170 1990 ille,
1215 1930 1305 1999 qui
1355 1928 1425 1982 ab
1452 1928 1609 1982 initio
1646 1928 1815 1983 Deum
1865 1942 2016 1982 catu-

435 2023 673 2075 mniatus
706 2029 788 2075 est
827 2019 967 2089 apud
1016 2019 1310 2083 hominem,
1347 2034 1535 2074 rursus
1589 2034 1684 2087 per
1716 2019 1932 2089 impiam
1968 2025 2023 2073 et

436 2113 852 2167 abominandam
921 2112 1120 2168 Juliani
1191 2112 1429 2181 linguam
1507 2110 1630 2181 (ετ)
1695 2112 2020 2166 horrendum

438 2204 636 2259 sibilat.
667 2204 765 2258 llic
787 2205 930 2259 enim
961 2220 1158 2259 vanum
1184 2204 1389 2259 Christi
1420 2205 1707 2259 consilium
1733 2205 2025 2258 ostendere

439 2298 627 2350 volens
681 2296 1025 2366 hypotltelico
1078 2296 1441 2366 paralugismo
1475 2297 1553 2349 sic
1593 2305 1879 2365 argutatur
1915 2312 1928 2348 :
1964 2293 2024 2348 Si

440 2403 651 2452 uumes,
689 2388 886 2456 inquit,
920 2387 1023 2451 hqc
1076 2400 1367 2456 sequentes
1416 2387 1729 2449 consilium,
1759 2386 2029 2457 elegerint

440 2479 698 2544 vendere,
757 2490 812 2533 et
867 2479 1111 2533 dividere
1159 2479 1491 2550 pauperibus
1551 2480 1811 2549 pecunias
1870 2494 2025 2543 snas,

444 2570 693 2638 quisnam
742 2574 868 2632 erit,
905 2570 995 2641 qui
1027 2586 1119 2626 eas
1165 2580 1331 2635 emat,
1366 2571 1728 2627 vendentibus
1773 2573 2029 2627 omnibus

439 2661 590 2730 juxta
650 2664 978 2732 prepositam
1038 2664 1426 2734 bypotbesitn?
1478 2664 1721 2719 Audistis
1774 2665 2027 2719 delirium

446 2752 716 2817 Sophiste:
740 2752 1063 2821 iniquitatis.
1098 2753 1211 2821 Age
1237 2767 1370 2821 ergo
1403 2754 1684 2806 mendacis
1714 2754 1902 2807 dentes
1933 2768 2032 2806 an-

447 2844 619 2913 gulati
678 2843 924 2897 veritatis
983 2843 1162 2912 lapide
1217 2845 1649 2914 confringamus.
1713 2844 1825 2899 Nisi
1885 2848 2032 2900 enim

450 2948 593 2992 esset
615 2936 758 2991 Deus
784 2934 965 3002 Jesus,
992 2938 1082 3005 qui
1106 2938 1246 2991 bona
1273 2936 1456 2989 omnia
1488 2937 1727 2990 vendere
1760 2938 2031 3003 hortatur,

451 3031 630 3085 locum
688 3029 921 3083 fortasse
980 3028 1207 3082 haberet
1274 3028 1542 3097 Sophistte
1609 3029 2031 3097 argumentatio.

2121 534 2450 600 διδακτικὸν,
2472 538 2568 588 καὶ
2601 538 2928 607 νομοθεσίας
2956 540 3232 610 δεόμενον.

2194 626 2258 678 Τί
2309 621 2404 679 οὖν
2452 628 2590 696 πρὸς
2644 626 2821 682 ταῦτα
2863 631 2891 681 6
2947 630 3141 683 ἐαυτὸν
3188 630 3437 701 οἰόμενος
3466 648 3706 701 νομοφλ-

2122 717 2351 785 λακεῖν;
2390 738 2408 771 ι
2445 719 2650 785 Ταῦτα,
2688 722 2876 791 φησὶν,
2925 723 3287 795 ἐφυλαξάμην
3332 727 3397 777 ἐκ
3449 723 3705 793 νεότητός

2126 829 2249 881 μου.
2292 831 2312 864 ι
2359 812 2853 882 Ἐγγυμνασθέντα
2906 815 3040 882 γοῦν
3071 818 3236 870 αὐτὸν
3289 817 3412 870 ἰδὼν
3448 818 3475 869 6
3511 816 3706 887 Σωτὴρ

2120 905 2242 965 ταῖς
2292 907 2546 973 νομικαῖς
2596 905 2844 968 ἐντολαῖς
2891 911 3235 977 χειραγωγεῖ
3261 907 3350 961 διὰ
3389 907 3484 959 τοῦ
3543 906 3705 966 λόγον

2123 994 2262 1065 πρὸς
2288 995 2388 1065 τὴν
2451 997 2821 1069 εύαγγελικὴν
2887 998 3246 1070 τελειότητα,
3313 999 3562 1062 δεικνὺς,
3630 998 3707 1063 ὡς

2122 1087 2407 1158 ἐξέρχεται
2437 1089 2531 1143 τοῦ
2571 1091 2738 1161 νόμου
2773 1090 2835 1144 τὸ
2870 1091 3239 1161 Εὐαγγέλιον,
3267 1094 3361 1146 καὶ
3396 1094 3709 1161 γειτνιῶσιν

2122 1178 2377 1250 ἀλλήλοις
2433 1180 2501 1233 τὰ
2547 1181 2834 1251 δόγματα·
2890 1184 2967 1253 τῷ
3020 1202 3039 1233 ι
3077 1185 3170 1255 Μὴ
3223 1184 3543 1255 μοιχεύσῃς,
3577 1201 3597 1235 ι
3645 1182 3708 1235 τὸ

2128 1270 2251 1338 «Μὴ
2285 1270 2637 1345 ἐπιθυμήσῃς
2658 1289 2673 1303 '
2708 1292 2727 1326 ι
2750 1275 2845 1327 καὶ
2868 1275 2948 1347 τῷ
2984 1275 3106 1346 «Μὴ
3130 1275 3445 1346 φονεῦσαι,›
3479 1275 3539 1329 τὸ
3577 1295 3594 1327 ι
3616 1276 3708 1345 Μὴ

2120 1361 2464 1432 ὁργίιῖεεςθαι.
2498 1381 2516 1415 ι
2556 1363 2814 1432 Πλαγίως
2865 1364 2921 1418 δέ
2982 1383 3099 1429 πως
3156 1367 3251 1420 καὶ
3302 1367 3518 1437 εὐφυῶς
3570 1366 3710 1418 ἀπο-

2122 1456 2327 1523 γυμνοῖ
2360 1455 2462 1525 τῆς
2495 1454 2723 1526 γνώμης
2763 1455 2930 1510 αὐτοῦ
2968 1457 3028 1510 τὸ
3065 1457 3450 1526 φιλόπλουτον.
3503 1455 3709 1517 Mallet;

2121 1550 2231 1620 γὰρ
2258 1549 2386 1603 ἄλλο
2414 1568 2467 1603 τι
2499 1551 2675 1603 εἰπεῖν
2704 1550 2733 1604 ὃ
2760 1552 2998 1622 μάλιστα
3028 1551 3218 1607 τοῦτον
3241 1552 3430 1605 ἐλύπει
3464 1551 3709 1623 προϐάλ-

2122 1641 2297 1695 λεται’
2348 1660 2367 1693 ι
2410 1642 2672 1710 Πώλησον
2703 1644 2883 1698 πάντα
2910 1647 2979 1700 τὰ
3000 1646 3320 1716 ὑπάρχοντά
3354 1664 3469 1707 σου,
3499 1649 3587 1699 καί
3619 1645 3709 1706 δὸς

2122 1738 2381 1804 πτωχοῖς,
2440 1736 2537 1789 καὶ
2598 1736 2743 1800 ἔξεις
2807 1737 3086 1809 θησαυρὸν
3144 1740 3203 1791 ἐν
3258 1738 3554 1810 οὐρανοῖς,
3612 1739 3710 1791 καὶ

2050 1799 2094 1854 Β
2120 1799 2303 1896 δεῦρο,
2338 1825 2771 1899 ἀκολούθειμοι.
2811 1848 2829 1881 ι

2205 1922 2477 1976 Ἐνταῦθα
2519 1925 2546 1977 6
2584 1924 2643 1990 ἐξ
2687 1924 2863 1995 ἀρχῆς
2896 1924 3204 1979 διαϐάλλων
3236 1925 3331 1979 τὸν
3397 1926 3535 1980 Θεὸν
3574 1930 3713 1996 πρὸς

2121 2014 2214 2068 τὸν
2271 2014 2563 2086 ἄνθρωπον
2619 2015 2767 2084 ὄφις,
2822 2016 2986 2069 πάλιν
3047 2017 3136 2070 διὰ
3187 2018 3286 2083 τῆς
3342 2020 3545 2089 μιαρᾶς
3605 2020 3704 2071 καὶ

2123 2106 2576 2175 κατεστυγμέιης
2617 2106 2867 2176 γλώττης
2913 2106 3009 2160 τοῦ
3073 2106 3366 2160 Ἰουλιανοῦ
3426 2108 3454 2177 β
3492 2107 3711 2179 ωσυρόν

2132 2194 2492 2266 ἀπεσθρισεν.
2531 2191 2700 2259 Οὗτος
2746 2196 2857 2267 γὰρ
2912 2197 3239 2267 βουλόμενος
3298 2202 3508 2252 εἰκαῖον
3540 2201 3715 2265 δεῖξαι

2126 2284 2220 2336 τοῦ
2241 2285 2480 2349 Χριστοῦ
2496 2287 2555 2337 τὸ
2576 2288 2973 2357 παράγγελμα,
2994 2289 3300 2361 ὑποθετικῴ
3316 2291 3652 2363 παραλογισμ
3669 2293 3715 2363 ᾧ

2127 2375 2272 2430 οὕτω
2321 2380 2776 2446 κατασοφίζεται.
2812 2380 2874 2432 Ei
2926 2385 3149 2449 πάντες,
3204 2388 3397 2458 φησὶν,
3432 2389 3716 2457 ἄνθρωποι

2128 2468 2205 2540 τῷ
2236 2470 2662 2542 παραγγέλματι
2717 2473 2892 2544 τούτῳ
2952 2476 3267 2545 πειθόμενοι
3298 2479 3365 2532 τὰ
3398 2481 3713 2550 ὑπάρχοντα

2140 2563 2325 2631 σφίσιν
2352 2564 2585 2635 ᾑροῦντο
2612 2565 2835 2633 πωλεῖν,
2883 2569 2972 2620 καὶ
3016 2570 3295 2640 διανέμειν
3338 2576 3594 2642 πτωχοῖς,
3630 2574 3715 2637 τίς

2132 2649 2201 2725 ἦν
2225 2655 2335 2725 ἄρα
2363 2658 2391 2709 ὀ
2420 2656 2593 2709 ταῦτα
2638 2657 2943 2729 ὠνούμενος
2983 2665 3200 2716 πάντων
3231 2665 3336 2717 ἀπε
3346 2666 3717 2734 μπωλούντων

2132 2751 2276 2804 κατὰ
2302 2750 2402 2822 τὴν
2428 2751 2787 2821 προτεθεῖσαν
2836 2754 3117 2811 ὑπόθεσιν.
3155 2757 3455 2811 Ἠκούσατε
3489 2758 3582 2811 τοῦ
3625 2777 3717 2813 σο-

2135 2842 2238 2912 φοῦ
2299 2845 2397 2914 τῆς
2460 2844 2659 2907 κακίας
2706 2846 2768 2897 τὸ
2826 2847 3210 2918 παραληρημα
3245 2865 3257 2878 °
3291 2850 3426 2920 φέρε
3460 2851 3544 2922 δὴ,
3586 2851 3720 2913 τοὺς

2134 2931 2356 2996 ὀδόντας
2389 2931 2482 2985 τοῦ
2513 2932 2744 3003 ψεύδους
2774 2934 2854 3005 τῷ
2893 2938 3281 3008 άκρογωνιαίῳ
3315 2942 3415 3009 τῆς
3456 2940 3720 3008 ἀληθείας

2139 3024 2557 3094 συνθλάσωμεν.
2586 3026 2648 3077 El
2674 3027 2773 3097 μὲν
2806 3028 2917 3098 γὰρ
2949 3031 3048 3081 οὐκ
3069 3025 3138 3100 ἦν
3166 3031 3297 3094 Θεὸς
3331 3035 3358 3085 6
3390 3034 3720 3104 προτρέπων

447 3122 719 3189 Quoniam
748 3136 875 3176 vero
902 3120 1045 3175 Deus
1068 3130 1173 3185 est,
1199 3135 1360 3189 quem
1390 3120 1522 3173 nihil
1553 3119 1854 3174 futurorum
1880 3122 2028 3187 latet,

2139 3118 2341 3169 πωλεῖν
2372 3120 2439 3170 τὰ
2473 3119 2795 3189 ὑπάρχοντα
2828 3121 3059 3190 Ἰησοῦς,
3094 3120 3240 3193 εῖχεν
3263 3125 3329 3177 ἂν
3373 3123 3503 3188 ἴσως
3532 3128 3720 3196 χώραν

451 3214 800 3269 manifestum
835 3222 915 3268 est
951 3213 1098 3265 illum
1144 3212 1381 3266 scivisse
1414 3226 1517 3265 non
1558 3228 1747 3267 omnes
1782 3222 2038 3281 capturos

453 3309 553 3361 hoc.
591 3307 840 3369 verbum,
873 3320 974 3359 nec
1022 3306 1088 3357 ad
1142 3303 1451 3372 hujusmodi
1485 3305 1874 3374 perfectionem
1924 3306 2038 3374 ple-

454 3411 654 3465 rosque
691 3407 1090 3465 perventuros:
1129 3409 1229 3448 nec
1272 3405 1448 3449 tamen
1487 3395 1688 3451 idcirco
1721 3398 1910 3451 salutis
1939 3399 2040 3452 iter

456 3486 886 3550 impediendum.
944 3485 1021 3538 Ex
1081 3482 1411 3540 Christianis
1467 3486 1614 3539 enim
1673 3489 2038 3555 documentis,

457 3588 620 3647 atque
682 3576 950 3630 mandatis
983 3577 1085 3630 alia
1120 3576 1339 3645 quidem
1371 3586 1428 3630 ut
1468 3589 1736 3646 praecepta
1764 3583 2035 3648 proposita

453 3681 601 3733 sunt,
637 3671 741 3723 alia
773 3684 899 3723 vero
930 3678 988 3723 ut
1012 3669 1272 3737 obsequia
1299 3669 1629 3723 voluntaria.
1652 3667 1786 3723 Nam
1809 3680 1862 3725 et
1890 3680 2038 3727 recte

451 3767 697 3830 credere,
736 3773 792 3817 et
817 3765 1039 3834 diligere
1069 3764 1400 3832 proximum,
1432 3774 1486 3817 et
1525 3779 1749 3833 parcere
1779 3764 2034 3831 inimicis,

452 3874 553 3914 nec
580 3858 775 3925 furari,
828 3872 926 3913 nec
960 3858 1289 3923 adulterare,
1337 3866 1392 3911 et
1441 3865 1708 3926 quotquot
1746 3859 1852 3911 alia
1902 3857 2036 3928 legis

451 3952 736 4023 prmccplis
772 3951 1136 4015 continentur,
1177 3950 1385 4005 servari
1427 3951 1743 4005 necessario
1789 3949 2030 4004 debent:

453 4047 569 4099 haec
606 4045 753 4098 enim
788 4043 833 4097 si
871 4042 1327 4111 transgredimur,
1375 4043 1820 4097 condemnamur.
1856 4041 2034 4112 Virgi-

452 4136 595 4190 nitas
647 4145 849 4198 autem,
907 4142 963 4188 et
1012 4132 1317 4195 caelibatus,
1352 4141 1408 4186 et
1459 4145 1774 4201 paupertas,
1806 4142 1862 4186 et
1919 4132 2033 4187 vita

452 4226 721 4289 solitaria,
750 4234 806 4277 et
836 4224 1064 4279 alteram
1111 4225 1381 4278 maxillam
1416 4227 1657 4293 praabere
1686 4226 2031 4294 percutienti,

451 4326 509 4369 et
546 4314 750 4369 tollenti
785 4315 1026 4368 tunicam
1063 4314 1291 4368 libenter
1322 4316 1482 4368 etiam
1520 4316 1742 4384 pallium
1791 4314 1944 4381 dare,
1977 4324 2034 4369 et

454 4407 753 4463 liberaliter
780 4406 856 4459 vin
890 4422 1153 4476 pauperes
1206 4406 1340 4461 bona
1375 4421 1630 4477 erogare,
1674 4411 1787 4462 haec
1826 4409 1869 4461 si
1911 4409 2034 4476 quis

2143 3209 2175 3277 ή
2211 3207 2305 3260 τοῦ
2342 3209 2677 3280 σοφίσματος
2704 3211 2944 3276 ἔκθεσις.
2980 3213 3133 3266 Ἐπεὶ
3163 3214 3219 3267 δὲ
3258 3215 3391 3280 Θεὸς
3419 3212 3508 3288 ἦν,
3539 3216 3597 3270 ὃν
3626 3219 3718 3270 λέ·

2144 3297 2274 3369 ληθε
2303 3300 2411 3352 τῶν
2446 3302 2724 3371 ἐσομένων
2748 3303 2922 3367 οὐδὲν,
2968 3303 3192 3375 εὔδηλον
3240 3308 3316 3372 ὡς
3356 3308 3491 3380 ⁴εῖδει,
3543 3311 3623 3364 ὅτι
3655 3311 3720 3363 οὐ

2142 3392 2346 3456 πάντες
2375 3392 2467 3445 τὸν
2499 3393 2661 3462 λόγον
2688 3397 3060 3465 χωρήσουσιν,
3095 3398 3219 3453 οὐδὲ
3251 3400 3349 3469 τῆς
3380 3404 3721 3475 τελειότητος

2140 3481 2349 3551 ταύτης
2385 3481 2435 3533 οἱ
2475 3483 2699 3545 πλείους
2735 3486 3026 3553 ἐφέξονται
3053 3503 3066 3517 ”
3111 3488 3171 3540 οὐ
3210 3490 3318 3560 μὴν
3360 3490 3448 3544 διὰ
3490 3492 3648 3546 τοῦτο
3680 3496 3715 3564 ἡ

2140 3572 2241 3643 τῆς
2272 3575 2552 3645 σωτηρίας
2580 3576 2698 3638 ὁδὸς
2728 3577 3108 3649 κωλυθήσεται
3134 3597 3149 3611 ο
3177 3581 3287 3633 τῶν
3320 3583 3427 3653 γὰρ
3455 3583 3720 3653 Χριστια-

2139 3664 2308 3718 νικῶν
2360 3665 2669 3735 δογμάτων,
2717 3670 2812 3722 καὶ
2856 3672 3088 3724 ἐντολῶν
3116 3673 3184 3725 τά
3215 3673 3316 3743 μὲν
3344 3678 3466 3729 κατ’
3499 3678 3721 3747 ἐντολὴν

2140 3756 2468 3827 πράττεται,
2507 3759 2575 3812 τὰ
2605 3760 2663 3813 δέ
2704 3760 2811 3814 καθ
2867 3764 3118 3816 ἑκούσιον
3156 3766 3453 3837 εἰσφοράν.
3509 3768 3582 3822 Τὸ
3616 3771 3719 3841 μὲν

2138 3848 2251 3919 γὰρ
2283 3852 2568 3904 πιστεύειν
2602 3850 2801 3923 ὀρθῶς,
2831 3856 2928 3908 καὶ
2958 3858 3181 3928 ἀγαπᾷν
3203 3860 3295 3911 τὸν
3327 3861 3576 3931 πλησίον,
3621 3867 3724 3919 καὶ

2142 3941 2218 4011 μὴ
2251 3948 2621 4012 μνησικακεῖν
2648 3947 2763 4011 τοῖς
2806 3947 3045 4019 ἐχθροῖς,
3083 3952 3222 4020 μήτε
3263 3950 3537 4021 κλέπτειν,
3576 3958 3651 4027 μή
3667 3972 3722 4012 ,τε

2142 4034 2442 4104 μοιχεύειν,
2471 4035 2566 4088 καὶ
2598 4036 2700 4090 ὅσα
2732 4039 2789 4090 αί
2835 4041 3063 4109 νομικαὶ
3109 4043 3460 4114 περιέχουσιν
3505 4045 3724 4103 ἐντολαὶ

2137 4127 2447 4196 ὀφείλουσιν
2476 4128 2535 4195 ἐξ
2568 4130 2816 4201 ἀνάγκης
2847 4132 3215 4201 φυλάττεσθαι
3242 4153 3257 4166 ο
3286 4138 3724 4206 παραϐαίνοντες

2138 4220 2247 4289 γὰρ
2275 4218 2448 4273 ταῦτα
2480 4222 2802 4292 κρινόμεθα.
2822 4223 3096 4293 Παρθενία
3128 4225 3337 4297 μέντοι,
3365 4231 3458 4284 καὶ
3481 4232 3720 4301 άγαμία,

2136 4311 2235 4364 καὶ
2294 4310 2677 4382 ὰκτημοσύνη,
2736 4314 2833 4367 καὶ
2894 4316 3269 4387 ἀναχώρησις,
3335 4324 3427 4371 καὶ
3481 4318 3723 4391 θατέραν

2138 4404 2376 4472 παρειὰν
2406 4405 2677 4474 παρέχειν
2705 4403 2783 4475 τῷ
2808 4405 3045 4470 παίοντι,
3080 4408 3174 4460 καὶ
3203 4407 3282 4478 τῷ
3328 4409 3723 4483 ἀφαιρουμένῳ

456 4500 642 4567 faciat,
680 4502 747 4555 ad
789 4501 1180 4570 perfectionem
1227 4497 1437 4552 ducunt
1469 4513 1614 4565 eum,
1643 4498 1736 4568 qui
1788 4499 1953 4552 facit:
1987 4501 2028 4554 si

2142 4493 2234 4543 τὸν
2263 4492 2470 4562 χιτῶνα
2518 4493 2818 4563 τροθύμως
2861 4498 3343 4567 προσαποδύεσθαι
3385 4499 3446 4553 τὸ
3471 4478 3720 4570 ίμά-τιονψ,

456 4611 585 4651 vero
603 4594 872 4666 quispiam
901 4594 1093 4646 horum
1119 4591 1324 4661 aliquid
1353 4592 1578 4646 minime
1605 4600 1846 4660 praestet,
1867 4602 2031 4646 cxte-

456 4708 576 4747 rum
627 4689 937 4742 necessaria
972 4686 1224 4739 mandata
1278 4694 1459 4739 servet
1504 4691 1560 4737 et
1600 4686 1873 4754 dogmata,
1924 4702 2031 4741 non

455 4786 563 4838 erit
612 4791 769 4836 extra
827 4794 1110 4833 numerum
1171 4776 1579 4832 salvandorutn.
1618 4774 1909 4847 Propterea
1966 4780 2033 4834 de

456 4872 731 4927 mandatis
786 4882 908 4924 cum
969 4868 1228 4936 loquitur,
1269 4885 1373 4923 non
1434 4869 1607 4922 dicit:
1645 4870 1700 4924 Si
1767 4872 1869 4936 vis,
1928 4888 2034 4927 non

457 4962 751 5025 furaberis,
780 4977 884 5015 non
916 4960 1172 5026 occides;
1201 4961 1417 5027 quando
1442 4959 1658 5026 quidem
1688 4962 1804 5016 btec
1846 4981 2037 5018 neces-

458 5059 604 5113 sario
638 5055 842 5110 servari
877 5054 1116 5119 debent;
1154 5053 1220 5105 de
1250 5051 1315 5105 iis
1346 5066 1475 5104 vero
1506 5067 1628 5104 cum
1662 5054 1793 5122 agit,
1826 5069 1946 5123 qum
1967 5073 2036 5111 ex

2142 4583 2240 4637 καὶ
2301 4584 2695 4657 μεγαλοψύχως
2757 4586 3076 4658 διασκιδνᾷν
3138 4588 3208 4642 τὰ
3265 4591 3540 4661 προσόντα
3604 4594 3724 4656 τοῖς

2142 4676 2364 4747 πένησι,
2405 4676 2580 4729 ταῦτα
2613 4679 2662 4729 εί
2705 4679 2804 4747 μὲν
2854 4680 3206 4747 φυλάττοιτο,
3248 4683 3372 4751 ἄγει
3398 4682 3490 4746 τὸν
3524 4698 3724 4752 κατορ·

2144 4769 2345 4823 θοῦντα
2375 4774 2512 4840 πρὸς
2546 4771 2864 4843 τελειότητα
2893 4790 2908 4804 ·
2940 4777 2990 4827 εί
3021 4773 3078 4826 δὲ
3109 4773 3318 4827 τούτων
3357 4774 3461 4844 μέν
3502 4792 3589 4837 τις
3634 4774 3724 4827 ἐλ-

2143 4862 2336 4934 λειπὴς
2370 4865 2480 4933 εἴη.
2515 4863 2626 4917 τῶν
2652 4864 2698 4918 δ’
2737 4865 3053 4934 ἀναγκαίων
3101 4864 3333 4919 ἐντολῶν
3371 4866 3468 4920 καὶ
3515 4868 3725 4937 δογμά-

2142 4972 2255 5009 των
2282 4957 2551 5027 τηρητὴτ,
2605 4957 2707 5010 οὐκ
2765 4958 2871 5023 ἔξω
2917 4958 3026 5010 τῶν
3073 4959 3402 5027 σωζομένων
3432 4960 3551 5012 ἐστί
3584 4978 3598 4992 ·
3628 4962 3722 5016 διὰ

2135 5050 2294 5103 τοῦτο
2331 5049 2425 5102 ἐπὶ
2457 5049 2557 5119 μὲν
2582 5049 2692 5102 τῶν
2722 5047 2899 5104 ἄλλων
2952 5053 3051 5105 οὐκ
3084 5048 3240 5105 εἶπεν
3266 5069 3280 5083 ·
3316 5054 3381 5108 El
3412 5052 3606 5122 θέλεις,
3641 5056 3721 5126 μὴ

458 5149 693 5204 arbitrio
738 5145 967 5201 rationis
1027 5145 1198 5200 electa
1231 5142 1501 5197 donorum
1561 5144 1811 5200 obtinent
1870 5152 2028 5204 ratio<

2137 5149 2365 5219 κλέψῃς,
2391 5143 2466 5215 μὴ
2485 5143 2773 5217 φονεύσῃς,
2792 5144 2977 5215 ἐπειδὴ
2998 5146 3314 5214 ἀναγκαίως
3333 5150 3519 5219 τηρεῖν
3540 5148 3722 5202 ταῦτα

459 5258 586 5299 nem
606 5241 755 5313 (Ωδμ
787 5239 874 5295 «Si
903 5240 1005 5305 vis,
1034 5238 1230 5307 inquit,
1260 5234 1531 5305 perfectus
1552 5252 1696 5303 esse,
1726 5242 1893 5294 vende
1916 5257 2036 5311 qua}

2137 5242 2391 5312 ὤφειλεν.
2445 5239 2541 5305 Εἰς
2582 5238 2641 5291 δὲ
2683 5239 2752 5291 τα
2785 5239 2928 5292 κατὰ
2965 5239 3289 5310 προαίρεσιν
3334 5240 3492 5310 λόγον
3525 5239 3723 5310 δώρων

1703 5372 2027 5437 Francisci
2055 5376 2264 5439 Scorsi
2293 5381 2477 5437 notae.

533 5505 645 5580 (22)
674 5504 1103 5580 Abomirtanaom
1131 5498 1338 5580 λιιίίᾳηὶ
1359 5500 1614 5580 linguam.
1657 5501 1742 5580 lle
1766 5500 1863 5554 hoc
1889 5503 2038 5580 quod

462 5570 835 5634 habui'dicere
866 5570 977 5638 jam
1002 5586 1162 5639 supra
1196 5570 1265 5623 ad
1297 5570 1449 5626 hoth
1474 5570 1527 5637 5,
1568 5581 1681 5627 not.
1711 5572 1766 5635 2,
1811 5584 1865 5625 et
1889 5571 2039 5627 hom.

460 5651 552 5710 Η,
586 5656 700 5699 not.
742 5643 832 5708 80,
864 5642 996 5697 dixi.

532 5717 648 5785 (‘25)
700 5713 972 5785 Bonorum
1001 5713 1233 5785 obtinent
1281 5712 1559 5767 rationem.
1588 5711 1740 5785 flung
1766 5712 1940 5767 locum
1968 5728 2035 5767 ex

462 5778 668 5843 duobus
729 5783 886 5838 codd.
921 5783 1152 5850 restitui,
1197 5799 1319 5839 cum
1347 5794 1573 5851 uterque
1596 5778 1778 5853 lapsits
1800 5784 1850 5838 in
1882 5800 2034 5838 men-

2142 5505 2268 5556 dnm
2293 5509 2457 5554 esset.
2484 5499 2618 5553 Nam
2659 5503 2710 5553 in
2742 5499 2996 5552 Pauorm.
3031 5511 3146 5554 erat
3177 5520 3192 5556 :
3257 5503 3351 5564 Εἰς
3375 5503 3431 5556 δὲ
3456 5502 3546 5556 τὸν
3571 5503 3720 5557 κατὰ

2143 5571 2657 5642 προαίρεσινλόγον
2683 5570 2857 5642 δῶρον
2882 5571 3170 5640 ἐπέχοντα,
3204 5572 3264 5625 ΕΞ
3296 5572 3491 5637 θέλεις,
3524 5578 3718 5642 φησὶν,

2138 5640 2268 5713 etc,
2303 5644 2354 5713 iu
2376 5641 2571 5713 Vatic.,
2591 5649 2769 5693 autem
2820 5640 2914 5702 Εἰς
2942 5645 3011 5695 τὰ
3035 5643 3192 5706 λόγον
3216 5643 3386 5713 δῶρον
3418 5640 3716 5712 ἀπέχοντα.

2139 5712 2199 5765 Ιρι
2264 5712 2442 5779 priore
2493 5711 2660 5781 igitur
2710 5713 2993 5765 articulum
3051 5713 3144 5764 τὸν
3206 5714 3256 5765 in
3287 5711 3353 5766 τά
3401 5711 3715 5775 Inutaw,ex

2139 5783 2351 5849 Vatic.;
2405 5782 2459 5837 in
2510 5781 2747 5839 secundo
2774 5781 2951 5851 δῶρον
2998 5782 3053 5837 in
3118 5781 3309 5854 δώρων
3340 5799 3406 5840 ex
3453 5783 3717 5841 Panortn.
