4070 6404
389 298 504 361 ‘84?

1618 291 2108 352 TIIEOPIIANIS
2144 292 2486 353 CERAMEI

3561 284 3668 347 8i8

404 410 630 465 rationis
653 407 958 480 expertium
994 414 1078 461 est
1106 406 1461 471 alimentum;
1496 406 1586 474 qui
1630 419 1759 461 vero
1807 406 1873 459 ad
1927 405 1979 459 id

2087 411 2257 462 τεῖται
2296 407 2394 478 τὴν
2441 406 2649 475 ἀλόγων
2696 405 2934 477 τροφήν
2967 406 2995 458 ὁ
3020 404 3062 457 δ’
3097 402 3265 457 ἀνιὼν
3311 401 3447 471 πρὸς
3484 400 3546 453 τὸ
3576 400 3671 452 τοῦ

401 506 545 572 quod
576 504 631 558 in
662 516 916 558 Sermone
964 500 1135 568 magis
1162 507 1249 554 est
1300 499 1585 567 spirituale
1620 499 1981 563 transcendit,

386 595 609 651 caelesti
658 609 795 664 pane
837 593 1117 646 nutritur:
1160 605 1231 645 ne
1270 591 1371 645 hoc
1409 590 1527 645 loco
1571 591 1981 644 camelumeum

400 687 490 753 qui
525 686 778 739 sensibus
823 685 1089 750 subiacet,
1134 683 1449 751 capiamus;
1486 683 1530 736 si
1564 684 1707 736 enim
1755 684 1820 737 de
1865 684 1985 736 ani-

325 812 335 820 -
403 780 526 831 mali
578 778 787 830 locutus
838 777 1048 837 fuisset,
1109 792 1214 829 non
1272 776 1488 845 facilius
1542 775 1795 840 dixisset,
1839 776 1982 845 quod

401 886 622 940 prorsus
677 869 790 922 fieri
850 871 1058 937 tthttil.
1116 868 1285 937 Magis
1341 870 1486 923 enim
1549 877 1980 923 consentaneum

400 963 590 1016 fuisset
621 963 801 1015 dicere
834 980 846 1015 :
883 960 1052 1014 Sicuti
1100 970 1182 1014 est
1215 960 1550 1029 impossibile
1585 961 1852 1015 camelum
1888 976 1983 1026 per

396 1056 641 1110 foramen
702 1072 830 1108 acus
883 1055 1139 1112 transire.
1193 1054 1345 1107 Nunc
1414 1070 1544 1107 vero
1610 1069 1710 1107 vox
1768 1052 1982 1123 facilius

397 1146 722 1218 profundius
752 1148 958 1217 aliquid
1013 1146 1233 1214 subjicit
1284 1147 1762 1200 considerandum.
1796 1146 1983 1215 Neque

396 1241 561 1311 igitur
616 1240 885 1294 camelum
946 1239 1149 1293 animal
1206 1238 1510 1307 intelligere
1563 1245 1822 1306 oportet,
1879 1249 1981 1290 nec

394 1334 549 1388 navis
571 1334 879 1397 rudentem,
918 1344 972 1385 ut
993 1332 1210 1399 quidam
1244 1332 1603 1400 interpretum
1634 1338 1979 1384 cens-terunt.

397 1426 536 1494 Quid
572 1440 703 1494 ergo
745 1436 829 1479 est
878 1425 1024 1492 quod
1079 1424 1414 1491 accipimus?
1443 1422 1720 1477 Camelum
1780 1421 1984 1476 animal

394 1518 585 1572 dicunt
627 1516 841 1586 injuriae
874 1517 1187 1570 memoriam
1235 1514 1576 1569 indelebilem
1611 1516 1847 1569 retinere
1887 1515 1983 1567 ad-

394 1626 588 1665 versus
609 1624 731 1663 eum
754 1609 844 1678 qui
869 1611 1087 1677 gravius
1106 1609 1281 1679 ipsum
1302 1608 1654 1676 percusserit,
1675 1618 1731 1661 et
1759 1623 1853 1677 per
1867 1622 1986 1661 om-

399 1716 520 1755 uetn
550 1701 712 1752 vitam
742 1714 894 1752 suam
925 1707 1133 1767 tempus
1157 1706 1516 1767 opportunum
1537 1700 1763 1749 observa
1777 1710 1854 1759 re,
1873 1709 1981 1764 quo

400 1794 567 1861 possit
600 1807 723 1846 eum
752 1791 845 1860 qui
872 1759 1063 1860 injuria
1089 1759 1268 1844 affecit
1302 1789 1514 1845 ulcisci.
1542 1787 1607 1844 Ut
1636 1788 1798 1858 igitur
1817 1759 1983 1859 319
2012 1759 2055 1817 Β

399 1886 697 1952 Scriptum
731 1899 845 1937 mos
876 1891 961 1937 est
999 1898 1063 1935 ex
1099 1883 1429 1952 proprietate
1463 1882 1697 1936 naturali
1733 1883 1981 1937 animan.

400 1983 536 2035 tium
568 1980 783 2034 nomina
819 1979 886 2034 iis
911 1979 1002 2049 qui
1049 1979 1551 2045 perturbationibus
1579 1979 1798 2034 obnoxii
1830 1989 1978 2046 sunt,

400 2074 724 2141 imponere:
762 2081 818 2125 et
878 2086 1068 2125 canem
1123 2071 1342 2139 quidem
1391 2087 1514 2127 eum
1556 2071 1650 2140 qui
1698 2071 1983 2141 impudens

396 2174 479 2220 est
505 2179 762 2233 ;equum,
788 2164 879 2233 qui
902 2162 1112 2215 libidini
1140 2162 1416 2230 indulget;
1442 2162 1647 2232 lupum,
1672 2164 1761 2233 qui
1792 2178 1983 2231 rapax,

400 2257 617 2325 vulpem
647 2270 769 2311 eum
797 2256 885 2323 qui
919 2255 1106 2309 dolose
1137 2255 1268 2325 agit,
1298 2254 1574 2325 appellare
1603 2273 1616 2309 ε
1655 2257 1727 2309 ita
1759 2265 1814 2310 et
1846 2256 1985 2326 inju-

399 2350 494 2404 riae
525 2360 770 2403 tenacem
825 2348 1035 2403 camelo
1087 2349 1379 2402 assimilat.
1429 2346 1559 2414 Quae
1604 2349 1749 2401 enim
1790 2357 1984 2402 natura

394 2441 579 2496 insunt
610 2440 666 2494 in
694 2439 1091 2500 animantibus,
1118 2452 1181 2492 ea
1214 2444 1259 2493 si
1286 2438 1451 2492 homo
1484 2440 1745 2505 imitetur,
1772 2440 1985 2507 passio-

395 2549 493 2588 nes
527 2533 682 2586 llunt.
722 2532 869 2586 Acus
897 2545 1026 2584 vero
1065 2539 1212 2584 recte
1260 2544 1572 2586 sermonem
1622 2530 1832 2585 Domini
1864 2529 1980 2601 (26)

397 2624 751 2691 significabit,
786 2623 879 2691 qui
942 2622 1153 2676 dissuta
1224 2622 1525 2686 connectit,
1576 2633 1632 2677 et
1695 2623 1746 2676 in
1814 2639 1981 2678 unum

399 2716 620 2785 redigit,
655 2723 709 2768 et
739 2727 803 2768 ex
836 2714 1068 2768 diversis
1124 2713 1421 2768 virtutibus
1452 2714 1605 2782 quasi
1663 2729 1770 2767 uno
1814 2714 1983 2769 vesti-

400 2820 584 2862 mento
613 2806 824 2861 animas
866 2816 1049 2871 ornat,
1082 2820 1190 2860 uno
1230 2806 1520 2861 charitatis
1573 2804 1663 2858 filo
1718 2805 1981 2859 consutis.

397 2899 569 2971 Hujus
596 2900 806 2954 scilicet
826 2913 959 2954 acus
991 2897 1240 2952 foramen
1264 2907 1347 2951 est
1376 2896 1463 2951 illa
1494 2906 1723 2967 augusta
1753 2906 1801 2951 et
1836 2906 1984 2953 arcta

399 3006 583 3067 porta,
614 2995 681 3051 de
734 3010 838 3065 qua
891 2994 1142 3049 Salvator
1194 2992 1333 3047 dixit
1373 2992 1518 3062 quod
1547 3011 1565 3043 ι
1604 2992 1846 3063 Angusta
1902 3001 1987 3047 est

2084 502 2245 569 λόγου
2280 498 2818 572 πνειιματικώτερον,
2851 496 3088 569 οὐρανίῳ
3121 495 3270 565 ἄρτῳ
3298 494 3625 564 ἐπιτρέφεται
3651 509 3669 524 ’

2088 595 2213 664 μηδ’
2255 593 2491 649 ἐνταῦθα
2535 592 2633 662 τὴν
2681 591 2923 661 κάμηλον
2956 587 3232 658 αἰσθητῶς
3284 586 3670 655 ὑπολάὃωμεν.

2087 690 2148 741 Ei
2175 688 2283 757 γὰρ
2315 688 2446 756 περὶ
2487 684 2577 738 τοῦ
2611 684 2750 749 ζὼου
2779 679 2847 754 ἦν
2893 686 2920 736 ὁ
2963 682 3118 749 λόγος
3163 680 3333 749 αὐτῷ,
3369 680 3470 733 οὐκ
3511 679 3577 732 ἂν
3609 680 3671 732 τὸ

2086 781 2301 842 πάντως
2338 778 2597 833 ἀδύνατον
2642 776 2902 830 ἐκάλεσεν
2934 774 3370 838 εὐκοπώτερον.
3407 768 3516 822 Ἦν
3561 770 3670 841 γὰρ

2084 866 2507 936 ἀκολουθότερον
2545 864 2745 934 μᾶλλον
2797 866 2994 925 εἰπεῖν,
3041 862 3229 931 ὥσπερ
3269 862 3529 915 ἀδύνατον
3566 862 3671 916 κά-

2088 958 2258 1028 μηλον
2285 958 2375 1010 διὰ
2403 957 2713 1025 τρυμαλιᾶς
2747 954 2971 1026 ῥαφίδος
3002 953 3253 1007 διελθεῖν.
3284 952 3399 1006 Νῦν
3419 952 3474 1006 δὲ
3503 954 3535 1023 ή
3574 951 3670 1005 τοῦ

2083 1048 2465 1115 εύκοπωτέρου
2500 1047 2643 1113 λέξις
2702 1046 3000 1116 βαθύτερόν
3039 1064 3093 1097 τι
3150 1048 3289 1097 νοεῖν
3322 1045 3668 1113 ὑποτίθησιν.

2085 1142 2211 1199 Οὖτ’
2245 1142 2337 1197 οὖν
2364 1142 2462 1213 τὴν
2507 1141 2754 1211 κάμηλον
2791 1144 3060 1210 προσήκει
3096 1142 3254 1201 νοεῖν,
3296 1137 3418 1191 οὔτε
3453 1143 3542 1190 τὸν
3569 1142 3672 1206 τῆς

2084 1238 2212 1307 νηὸς
2243 1236 2444 1298 κάλων,
2482 1235 2556 1297 ὣς
2585 1252 2731 1297 τινες
2761 1234 2869 1287 τῶν
2907 1232 3258 1302 ἐρμηνευτῶν
3290 1232 3570 1303 ᾠήθησαν.
3602 1231 3669 1283 Τί

2084 1326 2180 1383 οὖν
2210 1331 2365 1389 ἐστιν,
2385 1328 2411 1381 ὃ
2442 1326 2855 1395 κατελάϐομενς
2888 1327 3028 1377 Φασὶ
3055 1325 3116 1378 τὸ
3139 1324 3275 1389 ζῶον
3299 1324 3396 1393 τὴν
3421 1325 3670 1394 κάμηλον

2084 1420 2474 1485 ἀνεξάλειπτον
2502 1423 2690 1490 τηρεῖν
2728 1418 3095 1489 μνησικακίαν
3131 1418 3269 1470 κατά
3301 1416 3394 1469 τοῦ
3433 1417 3669 1485 ἰσχυρῶς

2082 1513 2254 1583 αὐτὴν
2288 1511 2611 1584 πλήξαντος,
2666 1512 2762 1564 καὶ
2822 1510 2954 1580 παρ’
3001 1512 3128 1579 ὅλην
3172 1511 3343 1577 αὐτῆς
3376 1510 3474 1580 τὴν
3524 1508 3670 1578 ζωὴν

2083 1609 2494 1677 καιροσκοπεῖν,
2540 1606 2691 1669 ὅπως
2724 1607 2983 1675 ἀμύνοιτο
3033 1606 3124 1658 τὸν
3164 1604 3506 1673 λυπήσπντα.
3542 1604 3671 1654 Ὣς-

2084 1716 2190 1770 περ
2211 1696 2303 1751 οὖν
2331 1698 2591 1767 συνήθεια
2620 1702 2685 1765 τῇ
2719 1698 2911 1769 Γραφῇ
2935 1698 3225 1766 ὀνομάζειν
3247 1700 3372 1758 τοὺς
3400 1696 3669 1763 ἐμπαθεῖς

2089 1791 2197 1843 ἀπὸ
2243 1793 2343 1859 τῆς
2384 1791 2623 1859 φυσικῆς
2666 1791 2775 1845 τῶν
2818 1791 3030 1857 ἀλόγων
3066 1790 3348 1861 ἰδιότητος,
3388 1791 3527 1842 κύνα
3571 1792 3670 1859 μὲν

2087 1884 2180 1936 τὸν
2210 1883 2431 1951 ἀναιδῆ,
2462 1884 2628 1937 ἵππον
2658 1884 2716 1936 δὲ
2760 1883 2851 1935 τὸν
2891 1882 3203 1952 θηλυμανῆ,
3252 1884 3345 1935 καὶ
3384 1882 3548 1935 λύκον
3579 1883 3671 1936 τὸν

2089 1974 2337 2046 ἅρπαγα,
2368 1978 2465 2032 καὶ
2496 1976 2587 2028 τὸν
2626 1975 2844 2045 δολερὸν
2877 1974 2971 2028 τοῦ
3006 1975 3170 2044 ἤθους
3210 1974 3494 2037 ἀλώπεκα,
3527 1975 3673 2028 οὕτω

2088 2069 2183 2120 καὶ
2219 2067 2311 2119 τὸν
2348 2067 2688 2135 μνησίκακον
2724 2070 2790 2136 τῇ
2828 2068 3064 2138 καμήλῳ
3111 2068 3389 2138 ἀφομοιοῖ.
3431 2068 3513 2122 Τὰ
3561 2068 3672 2137 γὰρ

2089 2160 2198 2214 τῶν
2224 2161 2384 2225 ζώων
2421 2161 2570 2230 πάθη
2602 2163 2712 2224 τοῖς
2746 2160 2846 2229 μὲν
2888 2161 3107 2228 ἀλόγοις
3153 2161 3318 2230 φύσις
3344 2163 3482 2223 ἐστὶ,
3513 2162 3591 2232 τῷ
3615 2162 3673 2213 is

2090 2250 2364 2322 ἀνθρώπῳ
2393 2252 2704 2322 ζηλούμενα
2746 2252 2894 2323 πάθη
2927 2253 3161 2319 γίνεται.
3208 2254 3401 2321 Ῥαφὶς
3432 2254 3489 2306 δὲ
3511 2254 3671 2306 νοοῖτ’

2090 2345 2157 2399 ἂν
2199 2344 2510 2407 ἀκολούθως
2543 2347 2570 2399 ό
2601 2341 2981 2409 διδασκαλικὸς
3025 2346 3184 2413 λόγος
3229 2349 3257 2399 ὁ
3286 2349 3354 2398 τὰ
3402 2347 3673 2400 διεστῶτα

2092 2437 2402 2501 συνάπτων,
2438 2438 2533 2490 καὶ
2581 2438 2863 2503 ἐνοποιῶν,
2911 2440 3005 2493 καὶ
3051 2442 3115 2493 ὲκ
3155 2439 3429 2509 διαφόρων
3461 2442 3673 2507 ἀρετῶν

2089 2530 2166 2595 ὡς
2196 2533 2276 2583 ἑνὶ
2302 2531 2493 2602 ἀμφίῳ
2523 2531 2749 2601 κοσμῶν
2774 2530 2871 2601 τὴν
2892 2532 3093 2602 ψυχὴν,
3114 2532 3209 2587 an
3228 2533 3303 2602 τῷ
3324 2533 3426 2602 τῆς
3452 2534 3675 2602 ἀγάπης

2094 2623 2344 2694 σπαρτίῳ
2376 2625 2455 2685 εἰς
2484 2622 2544 2675 ἓν
2586 2624 2874 2677 συνάπτων
2906 2624 3093 2684 αὑτάς.
3133 2623 3349 2694 Ταύτης
3379 2624 3477 2691 τῆς
3509 2626 3672 2692 ῥαφί-

2091 2716 2179 2779 δος
2218 2715 2492 2787 τρυμαλιά
2530 2718 2562 2786 ἡ
2603 2716 2784 2787 στενὴ,
2832 2716 2928 2769 καὶ
2970 2715 3304 2787 τεθλιμμένη
3341 2716 3504 2787 πύλη,
3544 2717 3676 2787 περὶ

2092 2806 2160 2879 ἦς
2192 2814 2358 2879 φησιν
2392 2812 2419 2860 ὁ
2446 2808 2637 2879 Σωτὴρ
2663 2810 2745 2863 ὅτι
2785 2828 2804 2860 ι
2839 2809 3005 2881 Στενὴ
3043 2812 3075 2880 ἡ
3121 2809 3263 2880 πύλη
3306 2813 3338 2879 ἡ
3384 2812 3675 2880 ἀπάγουσα

2092 2901 2174 2964 εἰς
2221 2900 2322 2968 τὴν
2378 2898 2545 2971 ζωήν.
2589 2921 2607 2951 ι
2656 2902 2826 2970 Φησὶν
2875 2900 2988 2967 οὖν,
3042 2902 3117 2967 ὡς
3168 2902 3547 2976 εὐκοπώτερον
3582 2903 3675 2956 τὸν

2098 2991 2437 3062 μνησίκακον
2465 2991 2753 3061 ἄνθρωπον
2783 2993 2871 3045 διὰ
2895 2993 2995 3061 τῆς
3017 2992 3358 3065 τελειότητος
3384 2995 3673 3063 εἰσελθεῖν,

400 3103 576 3161 porta,
600 3105 720 3160 qua:
744 3090 890 3143 ducit
915 3087 981 3143 ad
1016 3087 1178 3141 vitam
1201 3087 1271 3140 ⁸ο.
1306 3104 1327 3138 ι
1353 3084 1445 3138 Ait
1468 3101 1600 3152 ergo
1631 3084 1845 3140 facilius
1866 3100 1982 3139 esse

2093 3083 2126 3154 ἢ
2167 3084 2259 3136 τὸν
2313 3082 2593 3139 πλούσιον.
2642 3084 2744 3137 Διὰ
2793 3085 2886 3151 tri;
2938 3085 3155 3156 Ἐπειδὴ
3208 3088 3357 3139 πᾶσα
3407 3087 3575 3141 κακία
3602 3090 3671 3159 τῇ

402 3184 677 3237 hominem
739 3190 981 3235 tenacem
1037 3176 1251 3247 injuriae
1300 3190 1397 3245 per
1427 3177 1549 3227 vita:
1594 3175 1982 3243 perfectionem

400 3277 627 3339 intrare,
660 3290 823 3344 quam
872 3272 1120 3328 divitem.
1168 3270 1309 3336 Quid
1346 3269 1461 3322 ita?
1494 3268 1762 3335 Quoniam
1810 3269 1987 3324 omnis

403 3368 497 3423 illa
549 3369 755 3421 malitia
800 3351 922 3419 cum
978 3363 1150 3417 invisa
1204 3376 1461 3431 persona,
1513 3362 1597 3415 vel
1644 3378 1727 3416 res
1782 3373 1988 3415 remota

401 3462 585 3521 fuerit,
630 3460 901 3524 solvitur;
936 3467 1014 3523 et,
1047 3455 1321 3510 incentivo
1359 3456 1595 3521 sublato,
1633 3454 1814 3524 passio
1850 3469 1985 3522 quo-

400 3551 689 3605 dammodo
719 3550 1084 3619 exstinguitur
1115 3566 1128 3601 :
1160 3559 1324 3617 atque
1360 3548 1433 3600 ita
1462 3562 1491 3600 a
1520 3545 1771 3599 vindictae
1802 3545 1983 3599 studio

402 3644 543 3698 liber
574 3644 733 3697 homo
765 3643 1017 3696 virtutem
1063 3655 1373 3710 capessere.
1410 3648 1466 3692 et
1493 3640 1556 3689 ad
1592 3638 1981 3707 perfectionem

400 3734 685 3803 pervenire
741 3744 940 3801 potest.
986 3733 1058 3786 At
1110 3746 1242 3788 vero
1317 3731 1629 3786 divitiarum
1689 3731 1984 3802 cupiditate

470 3888 517 3921 ⁸⁸⁵
551 3887 701 3943 Matt.
730 3904 825 3951 vn,
860 3889 949 3943 H.

2094 3175 2429 3245 παρελεύσει
2454 3175 2549 3229 τοῦ
2583 3176 2950 3247 φθονουμένου
2984 3178 3301 3249 προσώπου,
3341 3178 3374 3250 ἢ
3412 3180 3671 3251 πράγμα-

2092 3286 2183 3332 τος
2209 3269 2511 3333 διαλύεται,
2543 3272 2638 3324 καὶ
2674 3266 2785 3324 οἷον
2824 3271 3109 3324 σϐέννυται
3132 3272 3190 3324 τὸ
3220 3271 3391 3336 πάθος
3421 3271 3674 3336 λυθέντος

2092 3360 2188 3413 τοῦ
2224 3360 2675 3429 ὑπεκκαύματος,
2712 3363 2805 3415 καὶ
2837 3361 3013 3427 οὕτως
3043 3363 3377 3431 ἀπαλλαγεὶς
3406 3364 3503 3433 τῆς
3532 3382 3673 3433 μνη-

2096 3450 2354 3513 σικακίας
2408 3453 2437 3504 ὁ
2474 3451 2762 3522 ἄνθρωπος
2804 3451 3007 3507 δύναιτ’
3059 3454 3125 3507 ἂν
3174 3453 3532 3506 ἐπιλαϐέσθαι
3572 3456 3672 3523 τῆς

2091 3544 2317 3614 ἀρετῆς,
2375 3546 2472 3597 καὶ
2528 3547 2865 3616 καταντῆσαι
2918 3546 3054 3615 πρὸς
3108 3547 3444 3617 τελειότητα.
3492 3546 3564 3599 Τὸ
3615 3547 3674 3599 δὲ

2094 3635 2493 3706 φιλοπλουτεῖν,
2528 3640 2620 3689 καὶ
2658 3638 2744 3690 ἀεὶ
2783 3637 3022 3701 διακαῶς
3069 3639 3213 3709 ἔχειν
3245 3639 3374 3710 περὶ
3420 3640 3486 3692 τὰ
3533 3640 3673 3709 χρή·

2095 3747 2266 3801 ματα,
2296 3728 2420 3784 λίαν
2455 3730 2648 3796 κακὸν,
2679 3730 2772 3784 καὶ
2809 3731 2963 3802 μόλις
3006 3731 3082 3802 τῷ
3114 3731 3333 3802 θανάτῳ
3374 3732 3634 3803 λυόμενον
3657 3748 3670 3764 ο

1643 4010 1963 4073 Fruncisci
1996 4012 2209 4074 Scorsi
2241 4018 2429 4074 notas.

400 4140 530 4194 ilicis
578 4135 728 4190 Philo
769 4135 846 4189 rir
879 4134 1277 4203 disertissimus,
1312 4139 1401 4205 qui
1429 4139 1673 4205 quoniam
1707 4138 1973 4193 Christum

403 4226 505 4264 non
526 4207 766 4266 habebat,
814 4216 865 4257 ut
895 4206 1057 4274 inquit
1088 4206 1430 4275 Augustinus,
1466 4210 1556 4260 lib.
1590 4208 1789 4262 Contra
1827 4207 1972 4261 Fau-

402 4292 565 4338 stum,
616 4292 717 4344 quo
772 4274 1007 4341 referret,
1064 4274 1181 4342 quin
1217 4278 1434 4342 diceret,
1465 4290 1510 4331 et
1533 4282 1723 4332 ostium
1758 4295 1859 4331 non
1887 4282 1971 4330 in-

403 4351 563 4410 venit,
627 4347 784 4398 variis
828 4356 903 4398 est
946 4356 1097 4399 actus
1163 4347 1563 4403 erroribus:ea:
1613 4350 1808 4402 nostris
1858 4363 1977 4401 vero

404 4420 678 4487 Origenes,
721 4415 811 4486 qui
862 4416 1122 4485 ingenium
1155 4433 1309 4470 suum
1336 4417 1463 4486 facit
1512 4418 1763 4473 Ecclesia:
1792 4434 1977 4470 saera-

2082 4147 2336 4193 contextu
2386 4141 2667 4206 abruptus,
2695 4140 2745 4192 in
2787 4156 2893 4210 quo
2946 4140 3200 4195 Christus
3234 4140 3407 4195 solum
3441 4140 3670 4196 dillirul-

2084 4217 2273 4281 tatenr
2303 4210 2483 4281 divitis
2520 4212 2571 4263 in
2603 4212 2933 4280 acquirendo
2955 4227 3122 4281 regno
3148 4214 3354 4266 ccelt-sti
3399 4223 3610 4277 sumpta
3639 4230 3668 4267 a

2082 4279 2275 4332 cameli
2308 4280 2665 4334 similitudine
2692 4279 2855 4349 ’(sive
2926 4279 3145 4343 animal,
3174 4284 3287 4335 sive
3312 4281 3454 4335 funis
3485 4285 3668 4336 nanti.

2080 4363 2177 4401 cus
2207 4364 2301 4421 per
2330 4350 2474 4401 illum
2504 4354 2769 4416 signetur,
2800 4363 2855 4404 ut
2883 4367 2915 4403 ιι
2948 4356 3100 4421 rique
3118 4355 3259 4405 enim
3278 4368 3429 4417 atque
3450 4354 3671 4408 dittitite

2084 4433 2178 4489 per
2201 4417 2448 4489 foramen
2488 4434 2619 4473 acus
2649 4422 2902 4489 transire)
2946 4417 3111 4474 voiuit
3141 4422 3211 4475 ob
3235 4422 3420 4475 oculos
3444 4437 3669 4489 ponere,

403 4503 619 4548 menta;
673 4496 721 4538 et
761 4487 999 4568 nonnulli
1028 4489 1184 4540 etiam
1214 4490 1510 4568 exitiostris
1563 4492 1652 4557 qui
1696 4488 1974 4568 li‘tteratem
2006 4512 2050 4568 Β
2081 4488 2213 4541 nihil
2266 4501 2459 4568 auteur
2478 4492 2542 4543 de
2565 4491 2671 4544 alio
2707 4492 2836 4543 vitio
2884 4487 3004 4544 cum
3047 4493 3272 4545 avaritia
3332 4487 3669 4558 comparato,

400 4576 605 4616 sensum
646 4555 1029 4623 apprehendere
1068 4573 1172 4610 non
1216 4557 1463 4619 valentes,
1521 4555 1613 4612 aut
1644 4568 1700 4611 ut
1726 4558 1972 4619 levem,et

400 4644 588 4699 parum
623 4626 805 4699 utilem
824 4638 1236 4699 contemnentes,
1262 4630 1313 4680 in
1342 4628 1620 4695 allegorias
1654 4641 1700 4681 et
1726 4629 1981 4696 spiritua-

400 4696 475 4756 les
522 4696 897 4766 intelligentias
934 4697 1256 4763 spatiantur,
1284 4714 1433 4751 veras
1476 4701 1681 4766 quidem
1713 4699 1855 4756 illas.
1890 4702 1980 4751 sed

399 4786 586 4835 parum
633 4765 943 4834 Scripturis,
988 4783 1118 4835 quas
1139 4769 1573 4833 interpretantur,
1616 4782 1979 4837 congruentes.

402 4844 529 4895 llaec
579 4853 644 4891 ex
697 4838 1031 4908 Salmerone,
1061 4854 1181 4908 quae
1226 4838 1444 4906 quidem
1478 4838 1595 4893 ideo
1633 4840 1736 4890 huc
1759 4840 1978 4903 adduxi,

401 4914 530 4981 quia
608 4917 735 4962 sunt
807 4906 1174 4981 perutilia,'_et
1235 4909 1527 4981 admouent
1571 4909 1880 4981 scriptores
1914 4920 1983 4981 rt

400 4977 649 5036 oratores
674 4992 885 5038 sacros,
920 4992 1023 5044 qua
1071 4979 1154 5033 via
1197 4981 1267 5033 sit
1323 4978 1678 5031 incedendum
1704 4977 1768 5031 in
1808 4977 1978 5047 expli-

401 5051 590 5104 candis
634 5049 804 5102 sacris
854 5047 1095 5114 Litteris,
1143 5047 1316 5103 media
1350 5047 1556 5103 scilicet
1601 5063 1773 5116 eaque
1812 5050 1979 5117 regia.

405 5123 469 5174 Ισζι
518 5133 647 5172 sane
675 5120 814 5171 hunc
855 5118 994 5170 viam
1043 5119 1217 5173 innuit
1248 5128 1428 5170 noster
1461 5119 1839 5185 'l‘heOphaues.
1860 5134 1979 5171 cum

402 5202 478 5245 ait
512 5207 525 5243 :
556 5189 821 5254 Quoniam
856 5188 992 5241 Deus
1025 5199 1122 5252 est,
1150 5191 1237 5256 qui
1260 5187 1496 5256 loquitur
1524 5190 1698 5251 nobis,
1720 5191 1808 5255 qui
1833 5204 1983 5241 scru-

402 5264 505 5313 tari
524 5258 1005 5327 Scriptarasjubet,
1026 5275 1115 5312 nec
1134 5262 1187 5311 in
1206 5260 1257 5311 ιιι
1275 5266 1440 5309 solum
1460 5272 1677 5312 mentem
1692 5259 1980 5325 intendere,

400 5335 539 5396 quod
593 5338 832 5399 apparet,
869 5330 960 5381 sed
1002 5330 1053 5380 in
1086 5331 1301 5381 altiores
1341 5330 1620 5395 pervadere
1651 5345 1853 5393 sensus,
1879 5343 1977 5384 etc.

402 5404 609 5465 Quibus
681 5411 916 5453 utentem
977 5409 1149 5466 aperit
1182 5413 1334 5451 suam
1374 5414 1494 5451 ease.
1528 5399 1744 5467 quidem
1773 5402 1981 5452 incum-

404 5474 633 5525 heudutu
690 5473 755 5522 ad
802 5470 994 5522 litterae
1043 5470 1394 5532 intellectum,
1437 5472 1529 5522 sed
1589 5478 1844 5537 praeterea
1899 5472 1981 5521 fa-

402 5542 651 5596 ciendum
680 5542 925 5609 gradum
988 5553 1053 5590 ex
1098 5554 1167 5590 ea
1222 5539 1287 5590 ad
1327 5540 1545 5609 altiores
1592 5549 1645 5593 et
1678 5540 1983 5606 spirituales

401 5627 615 5665 sensus.
660 5608 1002 5676 Quanquam,
1056 5618 1114 5661 ut
1158 5625 1340 5661 verum
1418 5608 1612 5671 fatear,
1657 5624 1850 5663 sensus
1896 5611 1982 5664 hic

402 5686 663 5751 mysticus
709 5685 772 5731 de
794 5682 1020 5751 camelo,
1052 5682 1193 5748 quod
1233 5679 1444 5748 injuria:
1494 5695 1785 5733 memorem
1814 5681 1982 5748 signi-

403 5749 549 5817 ticet,
602 5754 839 5805 detortus
892 5749 1024 5805 mihi
1086 5751 1314 5817 videtur,
1364 5764 1415 5807 et
1446 5762 1589 5806 certe
1613 5753 1678 5806 ab
1704 5751 1977 5821 Evangelii

2084 4574 2259 4627 neque
2291 4574 2420 4612 vero
2448 4561 2559 4625 ipse
2591 4564 2733 4614 hunc
2756 4575 3074 4630 germanum
3100 4577 3316 4615 sensum
3351 4577 3453 4615 neu
3485 4566 3669 4631 attigit

2084 4643 2266 4701 supra,
2308 4645 2483 4701 neque
2516 4641 2804 4698 utrumque
2841 4632 3032 4684 cameli
3062 4632 3421 4699 significatum
3449 4633 3670 4701 ignora-

2086 4699 2180 4759 vit,
2234 4700 2318 4752 vel
2385 4702 2644 4754 intactum
2687 4703 2891 4766 omisit,
2953 4702 3047 4755 sed
3123 4714 3301 4754 tamen
3362 4702 3428 4752 ad
3476 4699 3671 4757 mores

2085 4767 2454 4833 instruendus,
2511 4769 2653 4839 quod
2701 4786 2865 4824 unum
2889 4781 3101 4838 spectat
3134 4773 3221 4825 hic
3249 4782 3439 4823 auctor
3467 4772 3519 4823 in
3548 4788 3672 4826 ser-

2085 4840 2338 4910 monibus
2403 4842 2487 4893 his
2538 4842 2605 4894 ad
2674 4843 2949 4910 populum,
3001 4851 3055 4894 et
3110 4856 3241 4894 sane
3278 4841 3650 4906 popularibus,

2086 4908 2230 4976 pimu
2282 4911 2446 4963 etiam
2482 4908 2701 4965 sensum
2732 4911 3076 4981 excogitavit,
3101 4912 3190 4979 qui
3219 4927 3278 4962 ex
3298 4914 3451 4981 ihoua
3488 4925 3668 4966 mente

2084 4987 2248 5047 atque
2308 4982 2466 5033 etiam
2527 4982 2799 5049 ingeniosa
2865 4981 3227 5047 acripiendus.
3282 4980 3546 5033 Cieierum
3603 4985 3669 5035 de

2084 5063 2243 5103 sensu
2265 5050 2494 5114 spiritali
2525 5053 2820 5117 Scriptura:
2850 5054 3116 5104 universae
3163 5052 3284 5103 vide
3313 5052 3474 5102 etiam
3512 5051 3671 5103 Pere-

2087 5120 2247 5191 t'iuut.
2299 5120 2392 5173 ιιι».
2455 5136 2587 5185 xxu,
2643 5122 2734 5190 qui
2768 5126 2933 5173 multa
2960 5124 3238 5191 eleganter
3282 5122 3425 5173 dicta
3458 5124 3523 5174 ab
3557 5124 3666 5174 Eu—

2083 5188 2267 5242 cherio
2286 5192 2487 5255 colligit
2531 5193 2595 5242 ad
2622 5188 2758 5245 hanc
2793 5206 2922 5243 rem.

2155 5263 2267 5327 (κθ)
2299 5258 2436 5311 Acus
2460 5277 2578 5313 vero
2607 5276 2901 5313 sermonem
2926 5260 3156 5314 Domini.
3186 5259 3412 5313 Pulchra
3438 5272 3487 5315 et
3530 5261 3668 5315 ιιι-ΗΕ

2083 5331 2347 5394 explicata
2404 5332 2698 5397 tt'upologia
2753 5347 2856 5382 ιιοιι
2913 5333 3077 5383 multa
3115 5330 3393 5383 dtlli-rtilla
3426 5340 3667 5385 atlt'ltN‘uS

2086 5398 2327 5470 iittpcrl”
2353 5406 2492 5468 apud
2516 5404 2797 5470 (Slirysosu
2826 5403 3043 5453 humilia
3075 5402 3179 5453 53:
3220 5404 3355 5452 Acus
3385 5416 3457 5453 est
3488 5401 3664 5454 Filius

2087 5467 2205 5531 Dei,
2238 5467 2397 5539 cujus,
2438 5472 2607 5537 prima
2629 5467 2771 5536 ’μανι
2816 5472 3024 5524 subtilis
3058 5486 3133 5524 est
3169 5476 3454 5523 scentulum
3477 5473 3663 5525 divini-

2087 5548 2279 5604 tatem;
2325 5542 2436 5593 alia
2485 5556 2601 5593 vero
2628 5542 2881 5610 grossior,
2907 5544 3193 5596 secundum
3243 5544 3664 5595 incarnationem

2084 5610 2259 5682 ejus.__
2285 5610 2419 5663 Tota
2470 5620 2644 5663 autem
2672 5621 2810 5665 recta
2835 5622 2933 5682 est,
2980 5621 3028 5667 et
3068 5610 3266 5665 nullam
3296 5611 3663 5681 deﬂexionem,

2083 5694 2185 5733 etc.
2228 5680 2353 5736 Vide
2377 5684 2517 5751 apud
2546 5684 2742 5751 ipsum.
