4070 6416
439 435 543 498 849

1803 429 2134 494 HOMlLlA
2175 426 2377 492 XLVl.

3612 427 3723 490 850

445 551 592 619 μόνῳ
623 549 731 618 γάρ
769 548 845 619 τῷ
878 549 978 619 βίῳ
1007 549 1182 617 τούτῳ
1219 551 1665 605 συναποτίθεται.
1701 553 1811 605 Καὶ
1841 551 2031 618 ὥσπερ

2142 549 2334 611 teneri,
2365 556 2419 601 et
2447 546 2708 601 ardenter
2741 562 2834 602 cas
2868 548 3262 616 concupiscere
3315 547 3470 601 valde
3521 546 3722 600 malum

436 641 465 693 6
501 642 592 692 τοῦ
627 643 774 693 οἴνου
819 642 982 706 κόρος
1011 645 1124 705 τοῖς
1167 641 1430 711 μεθύουσι
1463 644 1674 712 γίνεται
1707 643 1867 714 δίψης
1901 645 2026 697 ἐπί-

435 751 592 794 τασις
625 737 1106 805 περιτηγανούσης
1137 735 1337 798 αὐτοὺς
1373 737 1474 805 τῆς
1518 737 1889 805 οἰνοφλυγίας,
1934 739 2027 790 καὶ

437 825 850 895 ἀναφλεγούσης
881 829 972 879 ἐπὶ
1008 827 1190 882 πλεῖον
1225 828 1324 897 τὴν
1353 828 1552 898 ὄρεξιν,
1585 829 1760 891 οὕτως
1791 833 1838 882 οξ
1875 830 2027 898 φιλο-

435 920 735 989 χρήματοι,
772 918 875 972 κᾶν
901 919 976 978 ὡς
1013 921 1245 990 Κροῖσος
1280 921 1583 985 πλουτοῖεν,
1620 923 1724 975 κᾶν
1751 924 1826 986 ὡς
1857 941 2024 976 ποτα-

439 1013 539 1079 μὸς
573 1011 886 1075 Πακτωλὸς,
931 1013 1163 1079 ἄπειρον
1196 1013 1380 1074 αὐτοῖς
1421 1013 1652 1084 ἐπιρρέῃ
1699 1013 1921 1082 χρυσὸν,
1963 1015 2026 1068 οὐ

435 1103 810 1169 κορέννυνται.
850 1100 1018 1156 Ὅθεν
1068 1104 1219 1156 δοκεῖ
1274 1123 1363 1171 μοι
1409 1106 1504 1158 καὶ
1540 1105 1568 1156 6
1621 1105 1752 1175 παρ’
1795 1105 2026 1176 Ἕλλησι

443 1191 614 1257 μῦθος
641 1193 754 1254 τοῖς
787 1191 1170 1259 φιλοπλούτοις
1215 1193 1462 1263 ἐλέγχειν
1509 1196 1610 1266 τὴν
1644 1195 1817 1258 νόσον,
1862 1198 1918 1248 ἐν
1951 1198 2028 1268 τῷ

435 1284 578 1334 aura
610 1282 700 1336 τὸν
737 1284 913 1337 Μίδαν
958 1286 1213 1356 εἰκονικῷ
1255 1286 1579 1357 διηγήματι,
1624 1288 1682 1351 ὃς
1735 1287 1831 1341 ἕνα
1864 1288 2025 1357 κόρον

434 1376 535 1444 τῆς
562 1377 792 1447 ἐνούσης
822 1378 974 1447 αὑτῷ
1013 1379 1456 1451 φιλοχρηματίας
1491 1376 1639 1451 εὗρε,
1678 1383 1738 1435 τὸ
1764 1383 2024 1437 δύνασθαι

433 1469 499 1520 δι’
524 1470 689 1540 εὐχῆς
716 1475 848 1532 πᾶν,
879 1465 940 1525 οὗ
967 1472 1187 1542 ἅψαιτο,
1229 1474 1664 1540 μεταϐάλλεσθαι
1691 1477 1771 1539 εἱς
1802 1477 2021 1547 χρυσόν.

433 1555 510 1611 ()5
541 1564 836 1632 γενομένου
866 1565 1082 1619 δικαίαν
1110 1558 1272 1636 εὗρεν
1321 1568 1558 1638 ἀμοιϐὴν
1597 1569 1699 1638 τῆς
1741 1571 2021 1641 ἀπλήστου

433 1652 619 1721 εὐχῆς,
664 1655 889 1708 Πάντων
919 1654 1031 1727 γὰρ
1051 1660 1461 1727 χρυσουμένων,
1490 1652 1564 1711 ὧν
1590 1660 1815 1730 ἥπτετο,
1848 1660 2018 1732 λιμῷ,

433 1746 527 1796 καὶ
554 1745 698 1814 δίψει
727 1748 954 1810 ἐνδίκως
996 1749 1270 1815 ἀπώλετο,
1305 1751 1648 1814 διδάσκοντος
1691 1753 1785 1806 τοῦ
1823 1755 2020 1823 μύθου,

433 1835 684 1907 καθάπερ
714 1838 826 1906 ἐγὼ
867 1835 1046 1910 οἶμαι,
1093 1842 1168 1904 ὡς
1214 1843 1264 1896 οἱ
1295 1845 1404 1897 τῶν
1453 1848 1757 1916 χρημάτων
1790 1849 2022 1917 ἐρασταὶ

432 1930 496 1998 τῇ
534 1930 798 2002 ἐπιθυμίᾳ.
827 1935 1349 2004 ἐναποθνήσκουσιν,
1389 1939 1696 2010 ἀλλοτρίοις
1729 1940 1820 1994 τὸν
1852 1942 2020 1994 πλοῦ-

431 2037 524 2071 τον
553 2025 1088 2092 καταλιμπάνοντες.
1125 2029 1377 2092 Εὐλόγως
1406 2026 1500 2084 οὖν
1530 2032 1557 2083 6
1594 2032 1795 2102 Κύριος
1823 2036 2020 2088 ἐναπε-

432 2113 664 2180 φήνατο,
717 2120 790 2187 μὴ
849 2117 1112 2173 δύνασθαι
1161 2121 1418 2176 πλούσιον
1471 2125 1739 2178 εἰσελθεῖν
1790 2128 1870 2192 εἰς
1915 2129 2018 2198 τὴν

435 2198 716 2267 βασιλείαν
770 2205 863 2257 τοῦ
915 2208 1074 2265 Θεοῦ.
1122 2209 1392 2280 Φύγωμεν
1446 2209 1573 2280 οὖν,
1625 2215 1878 2287 ἀδελφοὶ,
1918 2219 2019 2283 τῆς

432 2290 708 2359 ἐτ.αράτου
743 2295 1091 2366 φιλοκερδίας
1142 2301 1243 2369 τὴν
1301 2301 1503 2372 ὄρεξιν,
1548 2303 1646 2374 τὴν
1677 2306 1884 2376 ἀκερδῆ
1917 2309 2018 2377 τῆς

429 2381 608 2451 ψυχῆς
637 2386 920 2454 τηκεδόνα,
975 2392 1076 2459 τῆς
1123 2395 1352 2464 καρδίας
1383 2395 1478 2448 τὸν
1526 2398 1686 2466 σῆτα,
1721 2402 1810 2452 τὸν
1841 2404 2016 2470 ἐκμυ-

430 2474 611 2537 ξὼντα
635 2479 841 2549 ταύτην
865 2485 983 2544 ταῖς
1003 2485 1234 2547 οἰκείαις
1259 2490 1529 2556 φροντίσι,
1555 2493 1648 2544 καὶ
1665 2492 2012 2548 δαπανῶντα.

433 2567 957 2642 Ιιαιδαγωγὴσιυμεν
1003 2577 1234 2640 ἑαυτοὺς
1291 2584 1403 2642 τοῖς
1454 2585 1774 2650 ἀναγκαίοις
1827 2588 2015 2657 ἀρκεῖ-

435 2658 561 2710 σθαι
589 2675 599 2686 '
628 2661 688 2713 τὸ
717 2663 774 2714 δέ
809 2668 1064 2735 περιττὸν
1104 2669 1181 2732 ὡς
1217 2673 1516 2738 ἐπισφαλὲς
1548 2677 1920 2731 ἀποσείεσθαι.
1955 2680 2016 2732 El

429 2749 486 2801 δέ
529 2769 633 2804 τινι
666 2758 1007 2826 προσγέγονε
1041 2761 1273 2825 πλοῦτος
1301 2767 1613 2832 ἀνεύθυνος,
1651 2769 1680 2839 ἢ
1717 2772 1780 2822 ἐκ
1813 2771 2017 2842 προγό-

427 2860 554 2905 νων,
594 2847 624 2919 ἢ
671 2850 1064 2922 ἀναμαρτήτου
1108 2858 1580 2930 ἐπιτηδεύματος.
1634 2863 2016 2935 θησαυριζέτω

426 2937 620 2989 τοῦτον
651 2939 720 2992 δι’
749 2942 1126 3015 ἐλεημοσύνης
1167 2951 1225 3001 ἐν
1262 2953 1538 3020 οὐρανοῖς,
1587 2953 1717 3008 ἔνθα
1763 2957 1921 3026 ἡμῶν
1954 2958 2016 3011 τὸ

429 3027 734 3100 πολίτευμα
763 3050 776 3064 ο
807 3037 865 3087 ἐν
903 3037 1126 3106 Χριστῷ
1164 3041 1338 3109 Ἰησοῦ
1370 3043 1446 3112 τῷ
1476 3045 1663 3116 Κυρίῳ
1699 3047 1877 3117 ἡμῶν,
1909 3041 1952 3117 ᾧ
1980 3049 2013 3120 ὴ

425 3119 554 3184 δόξα.
584 3125 665 3187 εἰς
687 3127 814 3188 τοὺς
846 3129 1049 3194 αἰῶνας
1081 3133 1189 3185 τῶν
1220 3134 1454 3188 αἰώνων.
1501 3137 1698 3208 Ἀμὴν.

2135 649 2241 700 est,
2278 649 2327 692 el
2358 642 2498 708 quod
2531 641 2619 693 vix
2663 640 2775 708 ipsa
2818 649 2997 694 morte
3044 639 3326 707 solvatur;
3368 639 3544 695 solum
3577 639 3722 692 enim

2132 749 2257 786 cum
2320 734 2421 786 hac
2483 734 2592 785 vita
2652 733 2964 803 deponitur.
3022 733 3088 787 Et
3157 735 3434 800 quomodo
3495 734 3725 784 eln-insis

2080 855 2085 859 -
2130 825 2355 878 satietas
2388 825 2497 878 viui
2552 825 2942 878 incrementum
2973 836 3056 879 est
3091 825 3230 884 sitis,
3261 826 3477 893 quando
3506 826 3721 892 quidem

2132 916 2247 984 ipsa
2314 916 2604 968 vinolentia
2671 931 2765 969 eos
2826 930 3041 984 semper
3105 915 3368 977 incendit,
3430 932 3491 968 ac
3551 917 3724 983 magis

2131 1009 2412 1080 magisque
2442 1009 2550 1064 vini
2587 1009 2942 1079 cupiditatem
2979 1008 3316 1075 inﬂammat;
3352 1011 3431 1062 sic
3465 1011 3638 1066 avari,
3669 1021 3722 1059 et

2130 1103 2335 1171 cupidi.
2370 1104 2622 1171 quamvis
2651 1113 2708 1156 ut
2751 1100 2975 1157 Crmsus
3021 1104 3311 1166 ditescant,
3361 1105 3610 1170 quamvis
3664 1112 3722 1154 ttt

2129 1195 2382 1249 Pactolus
2413 1195 2628 1259 fluvius,
2671 1194 2941 1248 inﬁnitum
2976 1194 3083 1248 illis
3113 1193 3294 1247 allluat
3333 1212 3548 1258 aurum,
3585 1211 3713 1247 nun~

2129 1300 2290 1354 quam
2337 1286 2695 1338 exsatiautur.
2729 1283 2910 1350 Quare
2962 1283 3175 1336 videtur
3225 1283 3354 1336 mihi
3407 1284 3719 1337 ercorum

2129 1375 2312 1432 fabula
2347 1377 2470 1430 ﬁcta
2507 1376 2599 1430 illa
2637 1376 2956 1430 narratione
2993 1377 3058 1428 de
3087 1373 3250 1436 Mida,
3285 1375 3525 1429 avaritiw
3575 1393 3721 1428 mor-

2129 1471 2254 1524 bum
2287 1479 2412 1536 apte
2441 1469 2683 1524 iudicare
2713 1485 2726 1522 :
2763 1469 2854 1536 qui
2889 1483 3053 1521 unum
3103 1467 3367 1521 satiauda:
3416 1468 3588 1520 insitae
3620 1468 3719 1520 sibi

2126 1561 2369 1615 avaritia!
2401 1569 2595 1615 nactus
2622 1569 2706 1615 est
2743 1561 2987 1620 modum.
3025 1560 3068 1613 si
3119 1569 3306 1628 posset
3345 1542 3413 1610 ex
3471 1570 3594 1610 voto
3625 1575 3722 1610 suo

2127 1654 2181 1709 in
2217 1670 2410 1708 aurum
2439 1662 2768 1709 convertere
2795 1653 3058 1723 quidquid
3085 1653 3400 1720 attingeret.
3425 1651 3542 1717 Quo
3579 1651 3722 1704 facto

2125 1746 2327 1817 justam
2383 1747 2592 1816 reperit
2643 1746 2973 1800 insatiabilis
3031 1745 3287 1798 desiderii
3341 1745 3423 1797 sui
3479 1759 3720 1812 prunam.

2127 1837 2262 1892 Cttm
2293 1837 2436 1890 enim
2491 1837 2670 1889 omnia
2702 1852 2821 1905 quae
2867 1835 3141 1904 langeliat,
3177 1852 3367 1886 aurum
3400 1833 3721 1898 evaderent,

2127 1932 2270 1985 fame
2296 1939 2351 1985 et
2380 1930 2467 1984 siti
2499 1928 2693 1983 merito
2725 1929 2956 1980 interiit.
2986 1924 3103 1991 Qua
3136 1924 3315 1978 fabula
3347 1925 3632 1991 docemur,
3664 1935 3722 1979 ιιι

2123 2041 2224 2096 ego
2255 2023 2532 2089 existimo,
2575 2021 2886 2076 divitiarum
2923 2029 3196 2072 amatores
3242 2018 3462 2072 itnmori
3509 2019 3560 2071 in
3603 2020 3719 2087 ipsa

2123 2119 2384 2172 aviditate
2418 2131 2538 2180 sua,
2569 2127 2624 2171 et
2648 2123 2934 2184 congestas
2963 2129 3096 2183 Opes
3129 2113 3446 2182 relinquere
3495 2112 3709 2169 alienis.

2121 2210 2255 2265 Jure
2287 2211 2452 2280 igitur
2483 2210 2736 2265 Christus
2781 2209 3101 2278 pronuntiat
3158 2223 3263 2260 tton
3309 2222 3467 2276 posse
3521 2207 3709 2260 divites

2125 2305 2352 2377 introire
2389 2305 2440 2357 iu
2480 2319 2704 2373 regnum
2752 2302 2868 2357 Dei.
2907 2301 3203 2370 Fugiamns
3253 2301 3457 2369 itaque,
3495 2302 3715 2365 fratres,

2121 2395 2502 2449 detestabilem
2552 2395 2689 2448 lucri
2720 2395 3100 2463 etipiditatetu,
3143 2395 3459 2447 damnosam
3520 2394 3720 2446 animae

2124 2489 2326 2548 tabem,
2347 2497 2402 2539 et
2428 2486 2610 2540 cordis
2640 2501 2902 2547 vermcm,
2929 2486 3016 2552 qui
3039 2483 3184 2537 curis
3211 2502 3236 2534 :t
3272 2499 3332 2536 se
3357 2483 3564 2551 genitis
3585 2483 3715 2536 illud

2121 2579 2378 2641 corrodit,
2414 2590 2577 2648 atque
2603 2578 2858 2632 absumit.
2883 2578 3048 2648 320
3067 2575 3590 2631 Contlocefaciatutts
3619 2591 3718 2629 nos
3771 2639 3774 2642 ,

2121 2672 2266 2740 ipsos
2304 2671 2628 2725 necessariis
2666 2679 2952 2723 contentos
3000 2671 3204 2732 vivere,
3239 2677 3289 2721 et
3324 2668 3466 2735 quod
3523 2680 3717 2734 super-

2120 2763 2284 2817 ﬂuum
2315 2774 2419 2826 est,
2449 2763 2524 2815 uti
2565 2776 2676 2815 rem
2730 2760 3094 2829 periculosam
3160 2759 3419 2825 ahjicere.
3474 2759 3627 2826 Quod
3665 2758 3714 2814 si

2121 2859 2354 2926 cuipiam
2392 2871 2523 2926 Opes
2574 2857 2692 2910 sine
2748 2855 2884 2908 vitio
2935 2855 3281 2920 obvenerint,
3311 2853 3390 2910 vel
3421 2870 3485 2908 ex
3515 2869 3713 2923 paren-

2120 2951 2266 3006 tibus
2307 2950 2540 3013 tradita',
2579 2949 2662 3002 vel
2693 2948 2969 3018 inculpato
3026 2949 3211 3016 aliquo
3247 2948 3463 3016 negotio
3517 2959 3708 3015 parun,

2121 3043 2219 3098 has
2258 3059 2353 3113 per
2384 3043 2789 3114 eleemosynam
2851 3041 3007 3112 quasi
3069 3043 3389 3096 thesaurum
3453 3041 3504 3093 in
3569 3039 3710 3094 cmlo

2119 3146 2400 3206 congerat,
2456 3137 2543 3189 uhi
2594 3149 2674 3190 est
2729 3135 3076 3190 conversatio
3135 3145 3320 3188 nosua
3377 3133 3429 3186 in
3489 3132 3712 3187 Christo

2045 3251 2087 3306 ρ
2122 3229 2248 3284 Ιρειι
2300 3231 2532 3284 Domino
2567 3241 2772 3294 nostro,
2811 3230 2896 3283 cui
2930 3229 3102 3300 gloria
3146 3228 3198 3281 iu
3235 3227 3430 3282 saecula
3478 3225 3708 3282 saaculo-

2128 3341 2268 3378 rum.
2300 3328 2492 3378 Amen.

445 3521 2477 3548 MM

498 3686 1354 3922 lNClPIliN'l‘
1499 3693 2022 3926 mittit

2117 3540 2574 3927 ᾖ
2723 3701 3653 3933 ιιιιιιιιι

1215 4037 1629 4101 RECITATA
1683 4041 1959 4103 FESTIS
2016 4043 2513 4107 SANCTORUM.
2557 4045 2896 4108 DIEBUS:

423 4203 594 4278 Quas
625 4217 660 4264 a
691 4202 1210 4267 Dominicalibus
1243 4206 1588 4286 sejungere
1633 4210 2040 4274 commodius
2076 4212 2287 4273 visum
2319 4222 2438 4288 est,
2492 4213 2612 4276 etsi
2645 4214 2711 4277 in
2746 4217 2915 4278 MSS.
2953 4218 3120 4279 inter
3151 4235 3382 4280 earum
3404 4219 3702 4283 ordinem

1829 4330 2320 4384 consecrantur.

1004 4633 1265 4687 'ovnAtA
1286 4614 1437 4702 Μετ’.

420 4753 558 4822 Περὶ
578 4751 688 4818 τῆς
719 4751 1122 4822 ἐπιτιμήσεως
1151 4749 1274 4804 τῶν
1321 4749 1579 4822 ὑδάτων.
1612 4781 1683 4791 -
1748 4752 2003 4822 Ἐλέχθη

501 4820 579 4950 τρεῖ
609 4820 786 4890 ἑορτῇ
840 4820 955 4876 τοῦ
1012 4822 1185 4890 ἁγίου
1250 4821 1778 4891 μεγαλομιὴρτυρος
1811 4820 2006 4893 Δημηὲ

486 4914 552 4964 τρ
581 4915 675 4951 ου.

491 5011 688 5081 Δεττης
723 5011 1057 5082 προφάσεως
1111 5013 1354 5082 σήμερον
1406 5010 1723 5064 συνέλευσιν
1770 5010 1999 5080 ἄγομεν.

416 5106 752 5176 Προστιθησι
770 5107 880 5177 γὰρ
901 5109 934 5177 ἡ
975 5107 1138 5178 χάρις
1166 5104 1262 5160 τοῦ
1295 5103 1611 5175 Πνεύματος
1641 5107 1706 5174 τῇ
1731 5105 2001 5176 ἐκκλησίᾳ

2039 4658 2087 4712 D

2663 4639 2952 4694 HO’lllLlA
2992 4637 3178 4693 XLVI.

2116 4755 2194 4811 De
2221 4756 2596 4828 objurgatione
2627 4774 2889 4826 aquarum
2922 4760 3060 4828 (27).
3097 4788 3165 4798 —
3200 4756 3350 4810 Dicta
3382 4768 3456 4811 est
3486 4759 3541 4812 in
3566 4758 3703 4828 {esto

2455 4831 2632 4899 magni
2664 4829 2913 4900 martyris
2945 4827 3196 4884 Demetrii
3221 4828 3357 4898 (‘18).

2181 5014 2341 5085 321
2363 5013 2579 5069 Duabus
2603 5017 2667 5068 de
2699 5015 2876 5070 causis
2899 5025 3223 5070 conventum
3255 5015 3465 5085 agimus
3483 5017 3703 5073 ltodier.

2112 5108 2474 5177 num.Duplex
2501 5109 2644 5164 enim
2670 5110 2905 5177 Spiritus
2923 5109 3094 5164 sancti
3120 5109 3293 5180 gratia
3323 5113 3574 5180 poculum
3602 5127 3701 5182 ap-

1659 5268 1976 5330 Francisci
2011 5269 2220 5332 Scorsi
2251 5277 2441 5334 notae.

488 5411 598 5484 (9'7)
630 5411 702 5465 De
729 5413 1098 5482 objurgatione
1124 5428 1404 5484 aquarum.
1438 5411 1512 5464 Ita
1543 5412 1856 5466 inscribitur
1881 5414 1998 5468 lucc

413 5483 561 5537 ltom.
591 5487 643 5536 in
681 5488 838 5538 codd.
879 5484 1157 5550 utrisque:
1203 5483 1339 5553 Περὶ
1366 5484 1465 5552 τῆς
1490 5484 1862 5553 ἐπιτιμήσεως
1886 5485 1997 5538 τῶν

415 5554 644 5606 ὐδιπὶτων⁸
673 5554 975 5623 explicatur
1015 5555 1211 5622 quippe
1245 5556 1296 5606 itt
1345 5570 1404 5603 ea
1454 5555 1794 5617 miraculum,
1852 5557 1996 5620 quod

414 5625 472 5678 S.
514 5624 703 5678 Matth.
756 5640 876 5688 cap.
917 5639 1036 5686 vttt,
1073 5635 1287 5683 narrat,
1338 5639 1457 5675 cum
1512 5623 1762 5677 Christus
1808 5626 1992 5679 ἐπετί-

413 5712 555 5764 μησε
586 5697 698 5758 τοῖς
735 5697 983 5757 ἀνέμοις,
1010 5696 1218 5766 καὶῌτῇ
1259 5694 1525 5766 θαλάσσῃ,
1565 5696 1870 5765 increpavit,
1909 5697 1993 5750 vel

410 5765 729 5838 objurgavit,
761 5782 882 5833 quae
915 5767 992 5818 vis
1018 5767 1068 5817 in
1105 5764 1328 5817 llehraio
1363 5764 1527 5838 verbo
1566 5769 1896 5838 continetur,
1935 5777 1998 5820 ιιι

410 5835 637 5890 adnotat
686 5837 969 5891 Cornelius
1015 5846 1220 5898 uoster,
1291 5837 1454 5889 ventis
1510 5847 1557 5891 et
1617 5839 1773 5892 mari.
1845 5835 1997 5894 Uttdc

408 5906 607 5962 Factum
645 5907 840 5963 lemma
868 5906 976 5976 jam
1012 5916 1395 5976 przettotatutn.

2174 5416 2287 5488 (28)
2324 5417 2504 5488 Magni
2546 5419 2792 5490 martyris
2825 5419 3094 5474 Demetrii.
3147 5421 3594 5490 Μεγαλομάρτυρ
3636 5416 3695 5476 S.

2103 5489 2411 5542 Demetrius
2460 5490 2703 5542 omnium
2756 5489 3070 5545 Graecorum
3126 5493 3320 5545 tabulis
3370 5489 3692 5558 appellatur,

2102 5557 2256 5625 cujus
2288 5567 2368 5612 est
2406 5560 2457 5610 in
2489 5561 2740 5614 orientali
2779 5560 3020 5615 Ecclesia
3062 5578 3255 5626 magna
3298 5557 3604 5626 celebritas,
3638 5572 3694 5614 et

2105 5629 2326 5702 quit_leu_t
2358 5629 2428 5682 9.6
2454 5631 2675 5696 Octob.,
2703 5647 2827 5684 cum
2866 5631 3114 5702 Latinum
3139 5632 3582 5702 Martyrologium
3622 5632 3693 5702 tle

2106 5715 2170 5753 eo
2198 5700 2231 5752 6
2265 5699 2507 5760 ejusdem
2550 5704 2752 5756 mensis
2781 5703 2867 5757 die
2902 5715 3044 5770 agat.
3072 5701 3207 5756 Vide
3232 5699 3424 5756 Barou.
3447 5699 3592 5756 tom.
3625 5701 3692 5765 ll,

2106 5786 2249 5822 anno
2281 5770 2387 5826 505
2418 5782 2469 5825 et
2506 5772 2558 5825 in
2592 5771 2746 5828 Notis
2778 5773 2924 5827 dicta
2960 5774 3065 5825 die.
3104 5774 3176 5825 Ex
3214 5773 3515 5842 Menologio
3544 5772 3693 5827 Grae-

2105 5856 2290 5913 corum
2344 5858 2450 5896 non
2496 5843 2748 5913 omnibus
2792 5844 2975 5905 obvio,
3033 5859 3096 5896 eo
3149 5845 3394 5913 inquam,
3437 5845 3578 5912 quod
3624 5859 3689 5894 ex

2103 5910 2437 5968 Bibliotheca
2493 5911 2645 5968 card.
2703 5913 2887 5970 Sirleti
2933 5925 3174 5979 erutum,
3224 5910 3285 5970 ὀι
3335 5932 3399 5970 ex
3448 5910 3689 5982 ejusdem
