4070 6398
412 364 519 425 835

1614 379 1715 438 ΤΗ
1730 380 2109 442 EOPIIANIS
2148 385 2344 445 (.EliA
2357 388 2403 445 Ill
2417 387 2491 446 El

3576 357 3682 455 εδδ

421 502 439 529 ε
487 480 708 538 Fluctus
758 484 1007 541 mittebat
1060 487 1112 539 in
1165 489 1388 555 navim,
1439 492 1509 543 ita
1563 506 1622 545 ιιι
1673 495 1971 563 itttpleretu:

2097 501 2344 570 σκάφους
2383 522 2398 535 ο
2427 503 2571 557 οὓτω
2600 505 2703 575 γὰρ
2737 507 2764 559 ό
2795 506 2937 577 ἱερῖς
2965 508 3190 575 Μάρκος
3221 510 3407 578 φησὶν,
3436 508 3509 571 ὡς
3546 529 3563 558 ι
3598 510 3678 563 Τὰ

417 572 571 626 ttavis
608 573 654 604 ”
692 593 710 627 ι
740 576 783 645 ),
817 575 1063 645 discipuli
1097 577 1258 648 323
1297 580 1452 633 rebus
1477 582 1593 636 suis
1623 584 1780 652 plane
1811 584 1991 648 dillisi,

417 665 695 735 vitamque
738 668 1082 735 tleSperantes
1121 671 1233 741 (5.1)
1262 712 1276 734 ,
1338 682 1480 725 metu
1532 676 1845 742 perterriti,
1881 685 1993 732 tre-

418 768 644 822 mentes,
685 767 737 812 et
782 761 1006 817 ltorrore
1036 763 1269 829 euttfusi,
1312 765 1595 821 Dumiuunt
1626 785 1654 822 e
1683 784 1876 824 somno
1903 786 1996 826 ex—

413 847 677 914 citabant,
697 851 971 908 dicentes:
1012 854 1293 921 «Domine,
1324 857 1468 911 Salva
1492 875 1608 922 nos,
1632 861 1869 929 perimus
1886 863 1986 917 “.t

417 940 578 1009 Atqui
636 946 924 1012 Oportebat
968 963 1062 1002 eos
1114 950 1462 1006 ronsidcrare
1491 994 1504 1016 ,
1556 955 1717 1009 etiam
1764 972 1992 1025 corpore

411 1030 737 1100 dormiente,
769 1034 945 1089 divina
997 1052 1057 1091 se
1082 1038 1282 1093 virtute
1312 1057 1471 1111 posse
1500 1044 1567 1098 ab
1615 1046 1707 1100 illo
1739 1049 1987 1116 servari;

412 1123 507 1176 red
541 1124 686 1178 enim
723 1135 881 1181 erant
931 1129 1117 1198 utique
1159 1131 1497 1202 imperfecti,
1530 1147 1581 1190 et
1633 1139 1781 1207 pueri
1818 1140 1993 1194 sensi-

408 1217 529 1271 bus.
587 1236 605 1268 ι
645 1218 892 1286 Domine,
952 1223 1098 1278 salva
1150 1241 1286 1288 nos,
1347 1232 1606 1296 perimus.
1645 1250 1664 1283 ι
1735 1232 1870 1287 Vide
1933 1234 1987 1290 in

410 1310 588 1365 verbis
620 1315 909 1383 quamdam
943 1336 1005 1373 ex
1038 1320 1331 1379 difﬁdentia
1358 1365 1373 1387 ,
1426 1336 1473 1380 et
1516 1326 1620 1381 fide
1656 1329 1989 1398 complexio-

409 1417 531 1456 nem
584 1404 710 1461 llzrc
744 1410 915 1478 enim,
954 1432 971 1462 σ
1005 1413 1263 1481 ῡοιιιὶυε,
1291 1418 1438 1473 salva
1471 1435 1620 1485 nos,»
1655 1424 1984 1478 convenien-

408 1506 516 1548 tem
567 1498 725 1552 lidem
758 1502 1095 1573 ostendunt;
1130 1517 1183 1559 at
1226 1507 1353 1562 illud
1378 1551 1393 1572 ,
1439 1529 1456 1560 ι
1489 1510 1771 1579 Perimus,
1810 1532 1829 1566 ι
1870 1530 1986 1569 nta-

408 1604 569 1649 gnam
594 1591 982 1659 di~cipulorunt
1012 1596 1376 1664 timiditatem,
1405 1613 1455 1655 ct
1484 1603 1755 1672 ignaviam
1781 1609 1983 1674 arguit.

403 1677 539 1733 Nam
572 1685 712 1750 quod
758 1701 817 1740 se
855 1690 1079 1743 omnino
1128 1693 1422 1759 periclitari
1448 1710 1713 1764 praesente
1763 1699 1983 1757 Christo

403 1774 843 1842 suspicabantur,
894 1784 1243 1837 manifestam
1289 1785 1642 1841 dillidentiaut
1678 1791 1977 1863 indicabat,

403 1882 565 1936 quam
630 1885 761 1924 sane
809 1875 1138 1944 redarguens
1198 1875 1492 1932 Dominus:
1534 1899 1550 1931 ι
1587 1880 1728 1946 Quid
1780 1884 1976 1955 timidi,

404 1960 599 2029 inquit,
630 1964 766 2017 estis
794 1968 1018 2021 modica:
1053 1968 1217 2023 ﬁdei?
1256 1989 1275 2020 ι
1315 1968 1391 2023 lta
1424 1987 1544 2025 cum
1578 1979 1979 2035 consternatio.

398 2068 521 2107 nem
556 2056 861 2112 animorum
895 2062 1145 2117 sedasset
1173 2103 1187 2126 ,
1221 2080 1371 2118 mare
1399 2074 1453 2118 et
1484 2078 1675 2122 ventos
1703 2070 1974 2142 objurgat.

396 2147 502 2201 Sed
534 2166 655 2204 cum
689 2151 1120 2224 obiurgationem
1151 2159 1305 2214 audis
1341 2158 1443 2216 hoc
1488 2164 1606 2219 loco
1628 2205 1643 2231 ,
1690 2166 1976 2225 subtiliore

395 2243 673 2299 intellectu
710 2248 776 2301 ad
826 2249 902 2313 id,
954 2254 1096 2320 quod
1147 2255 1394 2323 dicitur,
1448 2274 1681 2319 mentem
1731 2266 1972 2322 intende.

393 2337 583 2408 Neque
630 2341 773 2396 enim
825 2344 1076 2415 obiurgat
1120 2349 1384 2409 elementa
1428 2357 1769 2413 :absurdum
1824 2360 1970 2414 enim

392 2440 479 2485 est
511 2433 648 2503 (35),
682 2445 736 2489 et
771 2436 927 2505 plane
959 2441 1169 2508 puerile
1211 2445 1531 2503 existimare
1562 2466 1644 2505 res
1680 2451 1971 2518 inanimes,

392 2536 446 2581 et
474 2540 665 2583 scnsus
695 2532 873 2585 omnis
926 2547 1177 2605 expertes
1219 2539 1525 2609 increpari;
1559 2543 1651 2598 sed
1694 2545 1970 2601 daemones

394 2619 703 2677 desertores
750 2625 1001 2694 obiurgat
1023 2668 1036 2691 ,
1076 2631 1166 2699 qui
1197 2632 1593 2689 elementorum
1628 2652 1827 2706 opera,
1861 2639 1969 2695 Deo

393 2714 776 2781 permittente,
831 2720 1169 2777 incommoda
1208 2725 1361 2779 nobis
1401 2727 1697 2796 importare
1734 2746 1967 2787 consue-

392 2818 608 2860 verunt.
646 2808 755 2863 llos
805 2813 963 2867 simul
1019 2830 1082 2869 ac
1114 2815 1441 2888 objurgavit,
1484 2822 1655 2876 undas
1707 2825 1969 2882 continuo
2012 2872 2022 2880 .

396 2902 574 2964 sedat,
610 2903 786 2969 placat
818 2917 1035 2973 ventos,
1066 2907 1264 2965 ﬂuctus
1310 2912 1473 2982 sopit,
1502 2925 1556 2966 et
1588 2914 1876 2982 procellam
1910 2917 1965 2971 in

396 2993 691 3047 secundant
722 3035 736 3057 ,
782 3010 844 3050 ac
880 2997 1143 3054 ferentem
1180 3017 1367 3055 auram
1400 3005 1577 3058 vertit.
1615 3005 1749 3058 Tum
1783 3007 1966 3061 confe-

395 3082 522 3136 stim
577 3101 727 3142 mare
773 3095 1101 3158 compressis
1149 3093 1399 3151 ﬂuctibus
1446 3096 1767 3167 redditaque
1819 3109 1971 3152 trau-

2099 596 2614 663 κύματαὲπὲϐαλεν
2660 601 2741 662 είς
2798 600 2859 651 τδ
2892 600 3099 665 πλοῖον,
3160 600 3299 654 ὥστε
3346 601 3678 672 γεμίζεσθαι

2097 686 2266 739 αὑτό·
2321 691 2659 754 ἀπογνόντες
2703 691 2925 756 τελείως
2978 694 3025 745 oi
3093 693 3355 762 μαθηταὶ,
3425 693 3520 746 καὶ
3578 691 3678 763 τὴν

2097 781 2249 851 σφῶν
2287 781 2434 854 ζωὴν
2466 784 2894 850 ἀπελπίσαντες,
2932 785 3025 839 καὶ
3084 785 3353 856 περιδεεῖς
3388 786 3679 854 γεγονότες

2096 874 2453 945 παλλόμενοι,
2490 878 2586 929 καὶ
2618 878 2954 948 πεφρικότες
2983 877 3267 946 ἀφύπνουν
3319 878 3411 930 τὸν
3446 877 3675 947 Κύριον,

2094 970 2365 1038 φάμενοι·
2444 990 2463 1023 ι
2511 973 2705 1042 Κύριε,
2773 974 2948 1027 σῶσον
3006 976 3173 1044 ἡμᾶς,
3235 973 3608 1040 ἀπολλύμεθα.
3650 991 3669 1025 ι

2092 1062 2291 1114 Καίτοι
2318 1062 2488 1133 ἐχρῆν
2533 1065 2718 1126 αὐτοῖς
2776 1064 3030 1126 συνιδεῖν,
3097 1064 3179 1116 ὅτι
3240 1065 3335 1117 καὶ
3394 1062 3674 1135 καθεύδων

2094 1156 2445 1223 σωματικῶς,
2496 1156 2757 1221 διέσωζεν
2829 1156 3027 1219 αὐτοὺς
3086 1155 3306 1219 θεῖκῶς,
3357 1154 3474 1208 ἀλλ’
3531 1151 3672 1224 ἦσαν

2090 1245 2301 1307 ἀτελεῖς
2328 1246 2459 1315 ἄρα,
2486 1247 2579 1300 καί¹
2630 1250 2749 1310 ταῖς
2802 1250 2967 1318 φρεσὶ⁵
3002 1245 3388 1317 νηπιάζοντες.
3427 1263 3446 1297 ι
3468 1245 3667 1317 Κύριε,

2090 1338 2264 1390 σῶσον
2296 1340 2462 1409 ἡμᾶς,
2496 1339 2869 1408 ἀπολλύμεθα.
2918 1360 2938 1392 ι
3000 1339 3143 1410 Ὅρα
3206 1338 3470 1411 ῥημάτων
3528 1356 3671 1402 συμ-

2089 1428 2298 1499 πλοκὴν
2365 1429 2423 1494 ἐξ
2467 1429 2725 1493 ἀπιστίας
2769 1432 2867 1485 καὶ
2921 1430 3181 1493 πίστεως.
3244 1431 3316 1483 Τὸ
3382 1430 3481 1499 μέν
3532 1429 3666 1501 γὰρ,

2092 1538 2111 1569 ι
2155 1519 2349 1590 Κύριε,
2380 1519 2553 1573 σῶσον
2584 1522 2753 1591 ἡμᾶς,
2792 1538 2810 1571 ι
2853 1520 3110 1592 ἐμφαίνει
3147 1519 3330 1574 πίστιν
3384 1519 3665 1589 ἁρμόδιον·

2084 1611 2145 1665 τὸ
2173 1611 2252 1676 δὲ,
2312 1631 2330 1663 ι
2386 1612 2789 1682 Ἀπολλύμεθα,
2825 1633 2841 1665 ι
2883 1613 3085 1679 πολλὴν
3122 1615 3422 1682 κατηγορεῖ
3469 1626 3670 1681 μικροί

2082 1704 2308 1774 ψυχίαν,
2338 1707 2430 1758 καὶ
2464 1706 2758 1777 ὀλιγωρίαν
2783 1706 2891 1758 τῶν
2947 1704 3228 1775 μαθητῶν.
3263 1704 3335 1757 Τὸ
3364 1703 3473 1774 γάρ
3528 1704 3668 1765 ὅλως

2086 1797 2422 1850 ὑποπτεύειν
2462 1797 2694 1868 κινδύνῳ
2727 1799 3152 1867 περιπεσεῖσθαι
3180 1796 3436 1858 συνόντος
3483 1796 3668 1857 αὐτοῖς

2088 1891 2183 1944 τοῦ
2222 1891 2481 1962 Χριστοῦ,
2514 1892 2776 1946 ἀπιστίαν
2807 1894 3037 1961 ἐνέφηνε
3066 1891 3343 1962 προφανῆ,
3376 1889 3404 1942 ὃ
3425 1889 3488 1959 δὴ
3513 1890 3669 1955 ἐλέγ-

2089 2002 2174 2055 χει
2203 1986 2231 2038 ό
2265 1984 2472 2054 Κύριος
2491 2001 2505 2015 ’
2535 1984 2628 2037 «Τί
2650 1984 2837 2049 δειλοὶ,
2861 1986 3048 2055 φησὶν,
3086 1982 3231 2048 ἐστὲ,
3262 1982 3662 2050 ὀλιγόπιστοι;ι

2087 2077 2247 2132 Οῦτω
2266 2079 2611 2141 κατευνάσας
2641 2077 2732 2132 τὸν
2754 2081 2852 2149 τῆς
2883 2077 3060 2148 ψυχῆς
3091 2077 3272 2131 αὐτῶν
3302 2076 3564 2146 τάραχον,
3597 2076 3663 2145 τῇ

2088 2170 2357 2243 θαλάσσῃ,
2400 2172 2494 2224 καὶ
2538 2173 2650 2234 τοῖς
2679 2170 2908 2241 ἀνέμοις
2972 2169 3224 2240 ἐπιτιμᾷ.
3301 2166 3443 2220 Ἀλλ’
3490 2167 3668 2220 ἐπιτί-

2088 2281 2256 2335 μησιν
2297 2264 2513 2318 ἀκούων
2540 2263 2800 2329 ἐνταῦθα,
2835 2262 3146 2333 ἰσχνότερον
3172 2261 3261 2314 τὸν
3303 2258 3429 2314 νοῦν
3495 2257 3666 2326 ἐπέρ-

2084 2376 2231 2412 εισον
2257 2357 2334 2428 τῷ
2373 2357 2523 2429 ρητῷ
2552 2373 2565 2387 ·
2598 2358 2660 2409 ού
2690 2357 2802 2427 γὰρ
2861 2356 2974 2419 τοῖς
3032 2340 3319 2422 στοιχείοις
3383 2351 3615 2420 ἐπιτιμᾷ
3647 2365 3662 2381 ·

2081 2451 2280 2504 ἄτοπον
2314 2448 2446 2517 γὰρ,
2481 2447 2576 2501 καὶ
2606 2447 2803 2517 κομιδῇ
2843 2445 3221 2516 νηπιοπρεπές
3287 2442 3350 2495 τὸ
3413 2441 3665 2510 νομίζειν

2082 2542 2450 2614 ἐπιτιμᾶσθαι
2502 2543 2593 2596 τά.
2631 2540 2840 2611 ἄψυχα,
2911 2540 3005 2591 καὶ
3049 2537 3374 2605 ἀναίσθητα,
3428 2536 3524 2588 καὶ
3588 2536 3663 2605 μὴ

2079 2637 2293 2689 ἐπαΐειν
2321 2635 2620 2704 δυνάμενα,
2640 2634 2777 2687 ἁλλά
2803 2635 2923 2696 ταῖς
2940 2631 3333 2690 άποστατικαῖς
3364 2627 3664 2696 δυνάμεσιν

2080 2731 2315 2800 ἐπιτιμᾷ
2353 2730 2633 2791 είωθυίαις
2665 2729 2751 2781 διά
2779 2728 2888 2781 τῶν
2931 2727 3213 2795 στοιχείων
3241 2722 3334 2776 τοῦ
3360 2718 3496 2773 Θεοῦ
3524 2732 3662 2784 συγ-

2081 2821 2345 2892 χωρήσει,
2378 2821 2655 2882 κακώσεις
2691 2818 2981 2888 ἐπιφέρειν
3010 2817 3164 2885 ἡμῖν.
3201 2812 3445 2873 Ταύταις
3479 2811 3659 2862 ἐπιτι-

2080 2913 2258 2982 μήσας
2290 2911 2636 2981 παραχρῆμα
2663 2909 2899 2979 πραΰνει
2925 2908 2991 2961 τά
3016 2907 3258 2976 κύματα,
3295 2903 3536 2974 κοιμίζει
3587 2899 3660 2953 τά

2078 3003 2388 3073 πνεύματα,
2416 3002 2739 3067 κατευνάζει
2764 3001 2835 3055 τὰ
2865 3000 3136 3071 ῥεύματα,
3171 2997 3261 3051 καὶ
3286 2999 3315 3051 ό
3341 2993 3544 3063 λαῖλαψ
3576 2993 3660 3055 είς

2080 3094 2299 3165 πνεῦμα
2329 3094 2640 3164 μετεϐλήθη
2675 3092 2908 3164 εῦιρορόν
2940 3109 3023 3156 τε,
3061 3092 3157 3145 καὶ
3209 3088 3504 3160 πρύμνιον,
3563 3085 3659 3139 καὶ

396 3176 668 3243 quillitate
707 3183 1067 3250 conquiescit.
1100 3183 1212 3238 lloc
1252 3188 1442 3255 ingens
1490 3188 1807 3242 miraculum
1841 3206 1963 3258 per-

2074 3187 2397 3258 γαληνιάζει
2432 3188 2594 3252 εὐθὺς
2622 3190 2686 3241 ἐκ
2714 3187 2820 3241 τῶν
2875 3185 3136 3256 κυμάτων
3190 3177 3654 3250 καταστορεθεῖσα

398 3268 707 3336 spicacibus
745 3275 1053 3341 praevidens
1094 3278 1266 3333 oculis
1315 3280 1482 3334 David
1531 3282 1970 3339 manifestissime

396 3362 745 3432 prmsiguavit
775 3364 888 3435 (56)
918 3367 971 3421 in
1014 3369 1227 3438 psalmo
1257 3373 1553 3427 centesimo
1601 3384 1753 3428 sexto
1773 3416 1788 3441 ,
1817 3390 1967 3431 com-

387 3454 683 3510 motionem
715 3458 968 3527 procelia‘
991 3504 1007 3527 ,
1043 3463 1363 3518 seditionem
1397 3469 1667 3520 undarum
1696 3506 1709 3529 ,
1749 3477 1963 3536 aposto-

392 3547 567 3601 lorum
597 3555 1101 3609 consternationem
1127 3594 1142 3620 ,
1173 3555 1309 3611 latas
1331 3559 1397 3612 ad
1429 3558 1718 3613 Dominum
1750 3575 1960 3629 preces,

386 3640 679 3707 spirituum
734 3643 1172 3715 objurgationcm
1242 3650 1690 3719 sedatiOnemque
1757 3661 1993 3719 tetnpe-'

384 3732 564 3788 statis.
610 3732 664 3788 ld
714 3737 857 3804 quod
904 3737 1160 3808 liquidius
1202 3742 1476 3795 constabit
1504 3783 1518 3804 ,
1569 3742 1612 3796 si
1649 3744 1813 3797 verba
1847 3743 1963 3812 ipsa

382 3830 956 3885 contmemoratimus.
1021 3834 1101 3887 Ac
1141 3836 1206 3887 de
1251 3845 1573 3904 tempestate
1615 3836 1832 3903 quidem
1885 3835 1965 3888 sic

2068 3278 2135 3330 δι’
2177 3278 2409 3349 ἡσυχίας
2439 3281 2471 3349 ἡ
2502 3278 2770 3333 θάλασσα.
2808 3276 2981 3330 Τοῦτο
3010 3275 3071 3328 τὸ
3102 3269 3409 3342 παράδοξον
3461 3266 3650 3335 θαῦμα

2069 3369 2493 3441 προϐλεπτικοῖς
2529 3370 2744 3441 ὄμμασι
2781 3366 3016 3437 προϊδὼν
3044 3366 3072 3419 ό
3116 3362 3283 3417 Δασὶδ
3334 3359 3653 3429 σαφέστατα

2068 3462 2451 3534 προεδήλωσεν
2500 3465 2557 3518 ἐν
2615 3463 2694 3535 τῷ
2734 3460 3015 3532 ἑκατοστῷ
3070 3459 3216 3530 ἕκτῳ
3265 3453 3493 3526 ψαλμῷ,
3552 3448 3649 3504 τοῦ

2067 3557 2334 3620 λαίλαπος
2362 3559 2460 3629 τὴν
2483 3557 2842 3629 ἐπίσφρησιν,
2875 3556 2985 3609 τῶν
3011 3553 3277 3625 κυμάτων
3310 3549 3412 3619 τὴν
3438 3545 3651 3601 ἐπανά-

2071 3668 2284 3716 στασιν,
2329 3654 2438 3706 τῶν
2498 3652 2819 3707 ἀποστόλων
2850 3650 2947 3722 τὴν
2974 3650 3226 3721 πτόησιν,
3256 3647 3359 3716 τὴν
3389 3642 3526 3709 πρὸς
3549 3639 3644 3693 τὸν

2066 3744 2278 3814 Κύριον
2301 3745 2673 3815 άντιϐόλησιν,
2700 3746 2810 3799 τῶν
2872 3742 3203 3815 πνευμάτων
3243 3738 3342 3810 τὴν
3388 3734 3652 3804 ἐπιτίμη-

2071 3852 2177 3901 σιν,
2209 3836 2306 3890 τοῦ
2337 3836 2606 3900 κλύδωνος
2632 3837 2733 3906 τὴν
2758 3836 3109 3891 κατεύνασιν.
3139 3830 3484 3901 Σαφέστερον
3513 3825 3559 3879 δ’
3583 3823 3652 3878 ἂν

380 3925 449 3978 ait
499 3941 511 3975 :
563 3943 581 3974 ι
622 3922 783 3977 Stetit
832 3924 1059 3993 spiritus
1114 3927 1404 3994 procellae,
1452 3937 1507 3984 et
1561 3927 1783 3983 oxaltati
1834 3934 1959 3984 sunt

2074 3929 2281 3993 γένοιτο
2314 3932 2363 3984 εί
2407 3932 2503 3983 καὶ
2538 3928 2718 3983 αὐτῶν
2776 3927 3208 3999 ἐπιμνησθῶμεν
3263 3923 3372 3978 τῶν
3423 3918 3648 3984 λέξεων.

450 4019 493 4049 ⁸³
556 4015 722 4068 Mare.
762 4033 851 4081 tv,
902 4018 993 4073 57.
1075 4020 1122 4050 ⁸³
1157 4018 1170 4050 ¹
1200 4019 1327 4075 Cor.
1360 4034 1484 4084 xtv,
1528 4020 1620 4074 9.οι

1619 4116 1938 4177 Francisci
1975 4120 2181 4181 Scorsi
2224 4134 2411 4183 noue.

451 4214 573 4286 (Ml
607 4213 882 4284 Vitamqne
927 4215 1282 4282 desperantes.
1322 4217 1431 4269 Καὶ
1473 4217 1571 4285 τὴν
1619 4215 1768 4282 σφῶν
1813 4215 1959 4286 ζωὴν

378 4283 774 4347 ἀνελπίσαντες
798 4283 1016 4352 reposui
1054 4301 1117 4338 ex
1147 4286 1289 4339 C..ll.
1324 4302 1443 4355 qua:
1478 4283 1538 4340 si
1565 4287 1742 4339 minus
1768 4283 1961 4339 ncces-

377 4357 543 4418 saria,
582 4356 890 4409 uberiorem
926 4367 1105 4409 tamen
1134 4358 1437 4409 orationem
1470 4356 1727 4419 cilicium,
1767 4368 1824 4408 ιιι
1856 4372 1962 4409 ca:-

380 4440 492 4479 tera
531 4441 650 4491 quae
676 4426 763 4480 hic
789 4426 1035 4492 congerit
1057 4441 1215 4481 sacer
1250 4436 1456 4481 orator.

448 4495 898 4582 (55).Absurdum
939 4499 1077 4549 enim
1129 4508 1238 4582 estL
1275 4509 1372 4551 etc.
1427 4496 1537 4579 Hoc
1570 4498 1800 4582 videtur
1829 4496 1956 4582 mihi
1991 4524 2036 4582 υ

376 4567 736 4637 Theophanes
771 4569 1031 4622 adversus
1062 4583 1157 4622 eos
1191 4568 1392 4630 dicere,
1421 4568 1514 4637 qui
1555 4580 1807 4635 putarent
1850 4567 1959 4621 fur-

377 4651 519 4692 tisse
547 4639 812 4693 elementa
845 4652 967 4691 esse
999 4638 1200 4699 anima,
1234 4648 1287 4692 et
1324 4654 1485 4690 sensu
1522 4638 1766 4707 przrdita.
1802 4637 1955 4704 Quod

375 4711 537 4762 t-tiam
596 4709 770 4761 innuit
832 4717 1054 4762 sanctus
1113 4707 1512 4778 lliet'ouytntts,
1574 4709 1622 4760 in
1678 4725 1796 4775 cap.
1857 4711 1958 4763 hoc

378 4779 570 4832 Matth.
591 4797 606 4833 :
628 4778 711 4831 Ea:
729 4778 826 4833 hoc
844 4779 956 4832 loco
970 4779 1331 4847 intelligimus,
1355 4781 1494 4844 quod
1508 4796 1682 4832 omnes
1700 4790 1957 4833 creatura:

374 4852 601 4902 sentiant
634 4847 970 4915 Creatorem;
1000 4866 1132 4919 quas
1173 4850 1308 4902 enim
1340 4849 1647 4918 increpavit,
1688 4858 1735 4903 et
1766 4851 1954 4917 quibus

373 4919 666 4978 permuniit,
699 4921 930 4973 sentiunt
962 4920 1303 4985 imperantem
1396 4936 1500 4972 non
1528 4936 1703 4972 errore
1742 4919 1955 4972 ha’reti-

374 5005 575 5052 l‘muttt,
615 4989 703 5054 qui
737 4993 915 5042 omnia
968 5000 1151 5055 putant
1194 4990 1508 5049 animantia,
1557 4992 1645 5041 sed
1685 4989 1957 5058 majestate

373 5059 697 5115 Conditoris.
729 5075 844 5126 qua:
875 5060 1019 5128 apud
1049 5075 1141 5112 nos
1177 5059 1531 5116 insensibilia.
1564 5057 1644 5112 illi
1678 5060 1955 5113 sensibilia

372 5138 516 5183 sunt.
550 5128 625 5183 lta
661 5128 1048 5198 Hieronymus.
1086 5130 1158 5182 Ex
1204 5146 1315 5198 quo
1354 5129 1733 5198 intelligendus
1773 5129 1954 5184 'l‘lteo-

374 5204 578 5265 pltanes
629 5209 834 5259 noster,
890 5215 1011 5252 cum
1061 5201 1134 5252 ait.
1181 5200 1501 5261 absurdum,
1557 5209 1619 5253 ιιι
1670 5199 1952 5253 ridiculum

371 5287 493 5323 esse
519 5286 746 5325 censere
780 5269 1048 5321 elementa
1090 5269 1357 5335 increpari
1397 5287 1408 5321 :
1452 5270 1707 5323 nimirum
1751 5271 1794 5322 si
1830 5270 1954 5337 quis

369 5343 645 5395 existimet
692 5340 1015 5394 naturaliter
1058 5351 1312 5406 tanquam
1354 5356 1441 5392 res
1471 5343 1743 5393 animatas
1778 5340 1955 5394 incre-

369 5413 609 5479 patiOuis
661 5425 783 5464 es~e
838 5423 1093 5477 capaces.
1147 5411 1414 5463 Cancrum
1474 5410 1592 5477 ipse
1641 5410 1747 5464 alio
1789 5412 1952 5463 etiam

371 5482 856 5549 reprehemioncm
911 5481 1218 5549 detorquet,
1256 5482 1321 5535 ad
1361 5484 1636 5534 daemones
1673 5481 1952 5546 nimirum,

367 5548 456 5616 qui
487 5552 886 5607 el--tttentorutn
919 5566 1108 5619 opera,
1147 5548 1236 5602 Dei
1288 5552 1576 5620 permissu,
1611 5552 1953 5605 incotnmoda

367 5622 523 5675 nobis
560 5625 859 5688 importare
891 5633 1317 5676 consueverunt.
1344 5619 1443 5673 Cui
1470 5631 1734 5674 consonat
1754 5620 1954 5674 Maldo-

367 5692 477 5760 n_ati
520 5693 690 5745 nostri
724 5691 1013 5760 explicatio
1061 5690 1211 5743 hisce
1241 5690 1422 5744 verbis
1456 5690 1615 5742 allata
1650 5709 1662 5742 :
1699 5690 1955 5760 Loquitur

364 5755 607 5829 Christus
636 5755 826 5824 uentis,
855 5760 1166 5825 tempestati,
1203 5771 1250 5810 et
1300 5761 1516 5821 morbis,
1560 5755 1950 5829 aliisque-simi-

366 5827 417 5878 lt.
442 5846 497 5882 ut»
530 5830 676 5884 νιιίηιδ
724 5831 956 5894 ucrinde,
990 5844 1146 5889 atque
1177 5830 1221 5883 si
1249 5830 1400 5884 mulis
1425 5827 1953 5903 svitiibnsloquere-

2061 4231 2182 4282 tur;
2214 4236 2374 4289 neque
2405 4221 2541 4273 enim
2569 4236 2649 4273 res
2692 4217 2983 4278 naturales,
3020 4214 3119 4289 sed
3160 4207 3651 4289 rationalesj‘ncre-

2060 4278 2268 4356 panius,
2289 4278 2350 4344 ἰιι
2390 4291 2583 4344 Matth.
2612 4305 2731 4359 cap.
2762 4303 2895 4347 xvu,
2933 4296 2979 4340 et
3012 4283 3141 4337 Luc.
3172 4299 3221 4336 ιν
3247 4292 3294 4334 et
3329 4295 3403 4335 ιιι.
3434 4278 3647 4359 Ideo‘ut

2063 4350 2413 4434 opinor'qttia
2444 4361 2630 4434 inturbt'
2673 4350 2721 4413 et
2771 4364 3109 4434 tempes_tate_s_
3151 4365 3428 4434 παραμει-
3475 4350 3645 4403 malos

2062 4423 2275 4491 spiritus
2309 4431 2690 4505 immittuntur,
2734 4438 2790 4480 nt
2819 4430 2892 4481 ait
2936 4423 3648 4505 Daridnimtnissiozt'es‘per

2065 4502 2274 4567 angelos
2319 4500 2508 4555 malos.
2558 4503 2613 4554 lu
2658 4491 2757 4553 bac
2799 4512 2926 4550 vero
2971 4493 3394 4567 periodo_lt:§c:
3429 4491 3541 4543 Καὶ
3573 4491 3645 4543 τὰ

2068 4561 2155 4637 μὴν
2174 4572 2389 4624 ἐπαίειν
2431 4571 2749 4639 δυνάμενον,
2794 4561 2987 4621 absunt
3026 4567 3079 4639 in
3122 4563 3245 4618 cod.
3277 4561 3560 4624 Pattorm.,
3588 4569 3647 4614 et

2062 4641 2281 4705 quidem
2303 4637 2715 4713 parvajac‘tura,
2742 4639 3001 4713 rtttnsitte
3023 4637 3107 4713 bis
3129 4639 3644 4713 censtaretnsensus,

2061 4700 2242 4777 perire
2268 4700 2444 4764 tamen
2479 4700 2647 4771 nolui,
2677 4726 2798 4763 cum
2834 4709 2917 4761 his
2952 4707 3172 4761 uberior
3197 4701 3374 4757 oratio
3397 4700 3570 4763 fieret,
3590 4712 3647 4755 et

2060 4791 2187 4832 sunt
2218 4783 2330 4834 inec
2358 4781 2684 4849 plerumque
2713 4778 2964 4849 oratoriae
2998 4777 3361 4845 ἐξεφηγήσεις
3394 4778 3450 4824 ει
3483 4785 3646 4840 expo-

2059 4850 2292 4905 litiones.
2333 4846 2566 4905 liestitui
2596 4846 2761 4919 igitur
2803 4864 2868 4902 ex
2905 4846 2963 4901 S.
3001 4863 3104 4901 ms.

2132 4920 2245 4989 (36)
2290 4921 2454 4976 David
2501 4912 2923 4989 manifestissime
2970 4916 3358 4989 ριἰιξείθιιαιῖίι.Δ
3386 4912 3445 4965 ld
3491 4921 3644 4989 notat

2061 4982 2309 5061 etiam'S.
2337 4993 2619 5061 Cltrysost.
2646 4982 2702 5061 in
2749 4992 2950 5061 Catena
2972 4982 3215 5061 mea;
3236 4983 3389 5038 Unde
3411 4982 3551 5061 quod
3573 4991 3642 5038 de

2062 5059 2219 5115 Patre
2240 5061 2432 5113 dictum
2447 5053 2525 5114 ἒδι
2553 5074 2570 5111 :
2596 5080 2612 5109 ‹
2644 5059 2810 5123 Dixit,
2840 5069 2888 5111 et
2928 5059 3067 5111 stetit
3087 5057 3301 5122 spiritus
3321 5053 3586 5121 procellae,
3614 5073 3636 5107 ι

2056 5131 2150 5184 hoc
2171 5132 2366 5186 Christi
2384 5148 2533 5196 opere
2557 5133 2783 5198 implevit
2800 5145 2817 5193 ;
2832 5128 2945 5183 solo
2964 5130 3103 5181 enim
3130 5127 3298 5198 verba,
3319 5134 3367 5178 et
3382 5133 3640 5198 pra'oepto

2057 5218 2202 5255 mare
2235 5203 2454 5261 sedat-it,
2479 5212 2524 5253 et
2555 5196 2853 5267 refrenavit.
2890 5199 2956 5252 Et
2989 5198 3139 5250 card.
3184 5196 3378 5267 Bellar.
3413 5197 3463 5267 in
3496 5197 3639 5267 hunc

2057 5273 2305 5325 eumdem
2354 5271 2498 5323 l’sal.
2547 5264 2866 5346 versiculum
2895 5287 2933 5346 :_
2957 5267 3251 5346 Laudatur:
3279 5265 3364 5346 hic
3410 5264 3547 5346 Deus
3576 5265 3641 5343 ob

2056 5343 2417 5394 liberationem
2470 5342 2878 5409 periclitantium
2916 5340 2971 5409 in
3009 5338 3165 5391 mari.
3195 5337 3372 5405 Hujus
3410 5337 3642 5388 miseria:

2058 5428 2159 5465 non
2205 5415 2426 5463 occurrit
2463 5408 2758 5473 exemplum
2796 5412 2852 5462 in
2902 5408 3198 5476 Scripturis
3238 5420 3360 5461 ante
3404 5417 3641 5469 tempora

2061 5481 2315 5546 Dttvidis;
2342 5482 2431 5535 sed
2452 5493 2564 5547 post
2600 5481 2692 5534 illa
2727 5493 2958 5549 tempora
2988 5480 3237 5533 habemus
3268 5491 3561 5549 exemptum
3585 5476 3639 5527 in

2056 5553 2147 5605 lib.
2172 5550 2347 5615 Jome,
2375 5546 2490 5620 cup.
2521 5568 2559 5613 ι,
2588 5562 2635 5605 et
2663 5553 2716 5604 in
2747 5546 2947 5619 Evang.
2977 5553 3169 5603 Matth.
3193 5564 3309 5615 cap.
3337 5562 3448 5620 snt.
3474 5546 3642 5620 Igitur

2057 5637 2120 5675 ex
2151 5638 2311 5675 sensu
2344 5615 2592 5676 Bellarm.
2619 5622 2818 5676 cecinit
2842 5615 2955 5674 Ita-ac
2986 5619 3154 5672 David
3188 5621 3240 5671 in
3277 5619 3380 5671 hoc
3405 5615 3637 5679 Psalm.,

2057 5708 2216 5760 qtlettl
2259 5689 2456 5745 Noster
2486 5691 2553 5744 de
2583 5691 2687 5744 hoc
2725 5690 2988 5744 miraculo
3022 5689 3434 5760 explicatpuon
3476 5687 3635 5760 quasi

2058 5758 2288 5817 narrans
2318 5762 2523 5830 aliquid
2569 5760 2711 5828 quod
2749 5771 2896 5817 esset
2936 5770 3171 5830 gestum,
3213 5758 3308 5813 sed
3338 5758 3637 5826 pratdiccus

2060 5832 2200 5903 quod
2228 5841 2345 5888 erat
2370 5839 2707 5889 eventurum.
