4070 6466
379 434 482 499 861

1731 439 2064 500 HOMILIA
2103 443 2342 509 XLVII.

3549 450 3658 514 862

378 541 649 612 πρότερον
671 540 883 595 κελεύει
917 543 1042 604 τοὺς
1067 542 1316 613 μαθητὰς
1344 543 1672 598 ἀπελαύνειν
1697 547 1825 608 τοὺς
1854 546 1956 598 δαίς

2073 560 2130 602 ut
2150 566 2258 620 ego
2272 554 2528 621 arbitror,
2549 571 2577 608 a
2599 556 3234 625 dmmonibusplurimum
3255 561 3366 631 (40)
3387 561 3656 631 proﬁcisci

380 645 575 698 μονοις,
607 625 727 683 εἶτα
789 632 1050 701 παρέχειν
1105 634 1214 686 τῶν
1273 635 1599 704 νοσημάτων
1642 635 1743 705 τὴν
1791 635 1957 700 ἴασιν,

375 721 684 789 ἐμφαίνων,
728 723 802 786 ὡς
833 723 948 788 ἐγὼ
1000 721 1178 795 οἶμαι,
1227 726 1308 778 ὅτι
1361 727 1430 780 τὰ
1481 730 1596 790 τοῖς
1645 728 1959 797 ἀνθρώποις

377 813 852 880 ὲπισυμὸαίνοντα
905 817 1053 886 πάθη
1077 818 1153 881 ὡς
1181 819 1387 872 ἐπίπαν
1417 822 1479 872 ὲκ
1503 821 1774 891 δαιμόνων
1801 823 1909 875 εἰσί
1942 840 1957 855 ⁸

376 905 467 958 διὰ
496 907 962 962 τοῦτοὲκὸάλλειν
993 911 1211 964 κελεύει
1275 912 1370 965 τὸν
1423 914 1524 984 τῆς
1573 914 1732 967 νόσου
1786 917 1959 969 αἴτιον

376 997 634 1066 δαίμονα,
677 996 798 1053 εἶτα
827 1001 927 1070 τὴν
961 1002 1264 1072 θεραπείαν
1297 1006 1530 1072 ἐπάγειν
1563 1005 1641 1074 τῷ
1665 1006 1958 1076 ἀρρωστή-

381 1106 539 1158 ματι.
573 1089 698 1144 Ὀτι
751 1091 807 1144 δὲ
866 1092 1045 1147 ταῦτα
1095 1093 1420 1164 δαιμονικῆς
1475 1095 1639 1165 ἔργον
1687 1097 1958 1165 ἐπιφορᾶς

376 1180 515 1248 πρὸς
544 1180 778 1253 δοκιμὴν
809 1187 903 1236 καὶ
941 1185 1185 1254 μάστιγα
1204 1188 1544 1256 ἐπαγόμενα,
1596 1190 1779 1260 ῥᾴδιον
1837 1206 1960 1242 συν-

380 1273 529 1328 ιδεῖν.
560 1274 634 1326 Ἥ
669 1291 730 1327 τε
769 1275 878 1347 γὰρ
907 1277 1219 1345 ικαμπύλως
1244 1281 1325 1342 είς
1358 1281 1461 1350 γῆν
1490 1285 1766 1348 κεκυφυῖα
1795 1283 1955 1353 γυνὴ,

373 1365 452 1427 ὡς
475 1368 503 1419 ὁ
542 1367 940 1438 εὐαγγελιστής
973 1387 1128 1440 φησι,
1155 1373 1432 1442 πνεύματι
1455 1374 1743 1436 ἀσθενείας
1773 1375 1960 1428 κατεί-

373 1473 532 1525 χετο·
564 1460 714 1512 καὶὸ
757 1461 1211 1530 ύποϐατταρίζων
1252 1463 1465 1526 ἐκεῖνος
1529 1463 1821 1534 μογίλαλός
1872 1485 1954 1532 τε,

2069 657 2187 710 quae
2208 646 2514 702 hominibus
2534 652 2789 704 eveniunt
2809 652 2978 706 mala.
2999 651 3072 705 Ea
3093 668 3253 707 causa
3281 655 3473 722 expelli
3506 657 3656 722 prius

2061 734 2543 806 jnbetdmmouem,
2565 743 2874 797 morborum
2893 759 3112 797 causam
3127 786 3138 808 ,
3157 746 3546 813 deindelcuram
3563 748 3660 802 ad-

2066 823 2238 877 biberi
2273 827 2481 881 morbo.
2513 828 2662 894 Quod
2690 846 2817 885 vero
2837 834 2949 886 haec
2969 834 3275 888 daemonum
3299 834 3656 902 impressione

2066 913 2215 976 tiaut,
2239 915 2302 967 ad
2326 920 2721 985 probationem,
2739 923 2822 974 vel
2839 921 3104 990 ﬂagellum
3125 923 3352 982 inﬂicta.
3373 923 3531 977 facile
3551 923 3657 976 erit

2067 1020 2420 1075 cognoscere.
2439 1009 2568 1075 Quae
2587 1014 2729 1064 enim
2753 1025 2870 1067 erat
2893 1016 2943 1067 in
2965 1027 3158 1068 terram
3181 1017 3461 1069 incurvata
3498 1014 3658 1066 muli-

2067 1108 2147 1154 er.
2173 1107 2231 1149 ut
2255 1099 2330 1151 ait
2347 1101 2700 1168 evangelista,
2721 1105 3051 1160 inﬁrmitatis
3071 1107 3260 1174 Spiritu
3282 1107 3565 1171 tenebatur
3583 1106 3649 1170 “;

2067 1207 2120 1251 et
2138 1199 2224 1252 ille
2243 1202 2332 1267 qui
2355 1213 2535 1259 mtttus
2561 1217 2677 1258 erat
2702 1215 2754 1259 et
2772 1206 2990 1272 surdus,
3008 1208 3334 1275 etimpedita
3350 1219 3516 1274 atque
3543 1209 3654 1260 hae-

2067 1287 2266 1341 sitante
2296 1288 2504 1359 lingua,
2541 1292 2675 1347 nihil
2699 1293 2984 1348 articulate
3013 1295 3349 1362 loquebatur,
3384 1296 3650 1349 daemonis

2069 1381 2329 1435 violentia
2350 1398 2548 1437 sensus
2562 1385 2883 1438 detrimenta
2904 1385 3289 1453 patiebatur".
3317 1404 3334 1435 ι
3361 1384 3494 1438 Cum
3513 1387 3652 1440 exis-

2073 1484 2156 1528 set
2187 1474 2355 1536 enim,
2387 1475 2580 1544 inquit,
2610 1477 2954 1540 daemonium,
2981 1475 3190 1530 locutus
3227 1485 3303 1529 est
3343 1488 3544 1530 mutus.
3581 1495 3600 1528 ι

374 1549 473 1642 καὶ
503 1552 688 1618 κωφὸς
716 1553 744 1604 ὁ
769 1551 1302 1622 παραφθεγγόμενος
1333 1556 1523 1624 ἄσημα
1591 1559 1828 1626 ἐπηρείᾳ
1892 1561 2183 1636 δαιμονικῇ
2256 1565 2904 1639 παρακεκομμένηνεῖχε
2931 1573 3030 1640 τὴν
3062 1573 3124 1625 αῐ
3147 1573 3366 1642 σθησιν.
3410 1590 3428 1623 ι
3459 1568 3650 1637 Ἐξελ-

375 1641 562 1704 θόντος
588 1643 719 1713 γὰρ,
749 1646 905 1713 φησὶ,
935 1646 1030 1698 τού
1061 1647 1344 1716 δαιμονίου
1380 1649 1693 1718 ἐλάλησενό
1725 1654 1965 1720 κωφός.)

446 1737 546 1788 Διὰ
585 1737 639 1790 τί
708 1740 736 1791 ὁ
782 1740 1180 1812 εὐαγγελιστὴς
1224 1743 1292 1796 τὰ
1325 1743 1434 1796 τῶν
1484 1746 1800 1799 ἀποστόλων
1861 1767 1960 1819 σηη

377 1829 630 1898 μειοῦται
705 1830 950 1900 ὀνόματα
999 1834 1302 1901 ἀναγκαῖον
1353 1837 1550 1891 εἰπεῖν.
1605 1839 1958 1909 Ἐπεφύησάν

369 1937 520 1983 τινες
551 1921 977 1988 ψευδαπόστολοι
993 1925 1334 1995 κατάλληλον
1350 1929 1449 1997 τῆς
1473 1929 1652 1982 αὐτῶν
1677 1931 1959 1995 εὐσεϐείας

371 2014 474 2081 τὴν
498 2013 852 2067 διδασκαλίαν
883 2017 1227 2086 ποιούμενοι,
1279 2021 1374 2072 καὶ
1421 2021 1500 2090 τῷ
1543 2022 1799 2092 τροφίμῳ
1858 2023 1961 2090 τῆς

370 2105 632 2174 ἀληθείας
651 2107 783 2176 σίτῳ
803 2107 871 2160 τὰ
889 2108 982 2160 τοῦ
1011 2108 1242 2178 ψεύδους
1272 2111 1489 2176 ζιζάνια
1515 2116 1864 2184 σπείραντες.
1889 2117 1958 2167 Ὅ

367 2213 436 2247 τε
452 2197 560 2265 γὰρ
585 2197 778 2266 Μάνης
793 2199 888 2259 τὰς
911 2198 1173 2268 βεϐήλους
1204 2203 1454 2271 κατέχων
1485 2204 1699 2274 βίϐλους
1729 2205 1960 2274 περιιών
2001 2245 2007 2250 -

369 2303 432 2338 τε
472 2287 572 2355 τὴν
604 2288 868 2355 Περσίδα,
897 2289 1094 2342 ἑαυτὸν
1128 2290 1459 2343 Ἀπόστολον
1503 2291 1710 2344 ἐκάλει.
1769 2291 1958 2359 Σίμων

368 2395 430 2432 τε
490 2379 587 2431 καὶ
662 2379 912 2440 Δοσίθεος
987 2380 1126 2451 ἧτην
1213 2381 1314 2450 μὲν
1379 2382 1548 2451 ἄμφω
1593 2383 1955 2452 Σαμαρεῖται,

368 2471 730 2540 ὠνομαζέτην
765 2473 820 2524 δὲ
848 2471 1002 2538 σφὼ,
1044 2475 1072 2526 ὁ
1138 2474 1238 2542 μὲν
1285 2475 1532 2544 μεγάλην
1589 2475 1818 2546 δύναμιν
1861 2474 1956 2528 τοῦ

365 2563 656 2624 Θεοῦ,όδὲ
716 2563 806 2615 τὸν
826 2564 932 2616 ὑπὸ
974 2567 1222 2628 Μωσέως
1267 2569 1805 2638 προκηρυττόμενον.
1846 2570 1956 2620 Καὶ

370 2656 482 2724 μὴν
519 2655 614 2707 καὶ
637 2655 955 2726 Βασιλίδης,
998 2658 1094 2709 καὶ
1118 2657 1268 2710 ἄλλοι
1299 2658 1485 2710 πολλοὶ
1518 2660 1578 2712 τὸ
1594 2661 1954 2714 ἁποστολικὸν

366 2749 585 2810 ἑαυτοῖς
610 2748 829 2817 ἀξίωμα
854 2749 1218 2819 περιέθηκαν.
1251 2750 1304 2802 ’Λ
1319 2751 1385 2802 πὸ
1414 2751 1622 2804 τούτων
1687 2752 1784 2805 οὖν
1838 2752 1955 2805 δια-

369 2843 633 2906 στέλλων,
693 2842 769 2904 ὼς
823 2843 932 2896 ἀπὸ
985 2844 1160 2896 νόθων
1223 2845 1350 2905 τοὺς
1397 2844 1642 2913 εὐγενεῖς
1707 2846 1955 2915 μαθητὰς

369 2937 606 2989 ἑκάστου
641 2936 741 3006 τὴν
766 2935 964 3006 κλῆσιν
1029 2936 1434 3008 ὲσημειώσατο,
1499 2937 1663 3008 κᾶνὴ
1704 2940 1954 3006 ἀναγνω-

367 3029 562 3082 σθεῖσα
598 3029 844 3100 σήμερον
874 3029 1152 3099 περικοπὴ
1184 3029 1392 3092 ταύτας
1437 3031 1782 3100 παρέδραμε.
1816 3032 1955 3084 Τού-

365 3139 497 3185 τους
526 3122 652 3184 τοὺς
696 3121 912 3174 δώδεκα
964 3121 1254 3174 ἀπέστειλε
1311 3123 1694 3192 παραγγείλας
1745 3125 1951 3189 αὐτοῖς,

365 3215 575 3282 λέγων·
614 3232 633 3264 ι
666 3213 758 3275 Είς
781 3213 898 3266 ὁδὸν
927 3213 1099 3265 ὲθνῶν
1135 3214 1208 3283 μὴ
1269 3215 1569 3286 ἀπέλθητε,
1618 3219 1713 3269 καὶ
1745 3219 1827 3280 είς
1857 3216 1956 3270 πό·
1982 3245 2024 3304 C

365 3307 451 3360 λιν
472 3307 833 3376 Σαμαρειτῶν
869 3307 944 3375 μὴ
977 3306 1281 3377 εἰσέλθητε.
1309 3326 1328 3358 ι

441 3401 540 3454 Διὰ
589 3401 644 3452 τί
687 3397 900 3452 δώδεκα
965 3399 1218 3469 μαθητὰς
1274 3398 1560 3464 ἐξελέξατο
1629 3403 1952 3474 πρότερον;

376 3491 693 3563 Ἱστορικῶς
719 3492 818 3561 μὲν
850 3491 992 3545 κατὰ
1034 3491 1126 3544 τὸν
1156 3491 1390 3564 ἀριθμὸν
1415 3493 1525 3545 τῶν
1577 3489 1786 3546 δώδεκα
1820 3494 1953 3546 υἱῶν

364 3586 462 3640 τοῦ
511 3585 752 3656 Ἰσραὴλ,
787 3583 847 3648 ἐξ
869 3577 944 3636 ὧν
973 3585 1028 3637 αἱ
1077 3584 1188 3635 τῶν
1263 3583 1530 3653 Ἐϐραίων
1587 3584 1774 3653 φυλαὶ,
1815 3585 1842 3637 ὃ
1890 3583 1955 3657 δὴ

368 3676 907 3749 προεχρησμῴδησεν
968 3679 1001 3748 ἡ
1055 3676 1256 3746 κινύρα
1311 3677 1476 3730 Δαϐίδ
1508 3694 1522 3708 ·
1588 3697 1605 3728 ι
1641 3679 1789 3732 Ἀντὶ
1844 3679 1954 3730 τῶν

370 3772 626 3841 πατέρων
647 3789 764 3836 σου,
785 3771 1044 3838 λέγουσα,
1061 3770 1432 3840 ἐγεννήθησαν
1450 3771 1498 3822 oi
1522 3772 1627 3823 υἱοί
1646 3789 1760 3824 σου·
1784 3789 1953 3825 κατα-

370 3867 591 3934 στήσεις
633 3865 832 3926 αὐτοὺς
895 3863 1168 3933 ἄρχοντας
1221 3863 1315 3915 ἐπὶ
1370 3865 1553 3918 πᾶσαν
1605 3865 1703 3932 τὴν
1764 3865 1889 3935 γῆν.
1930 3883 1948 3917 ι

371 3957 624 4028 Ῑίατέρας
648 3957 777 4018 τοὺς
801 3955 1152 4027 πατριάρχας
1209 3955 1366 4024 φησὶ,
1427 3955 1572 4009 κατὰ
1627 3959 1810 4027 σὰρκοι
1862 3974 1954 4026 γε-

369 4051 601 4118 γονότας
634 4049 882 4120 πατέρας
925 4048 1168 4118 Χριστοῦ
1201 4063 1216 4078 ⁶
1262 4049 1414 4112 υἱοὺς
1461 4049 1518 4102 δὲ
1591 4051 1719 4112 τοὺς
1776 4051 1954 4120 ἱεροὺς

371 4142 640 4205 ὀπαδούς·
669 4141 814 4195 οὕτω
857 4142 969 4212 γὰρ
1017 4143 1220 4205 αὐτοὺς
1279 4142 1534 4213 ὠνόμασε
1586 4145 1680 4196 καὶ
1720 4145 1776 4196 ἐν
1808 4143 1953 4214 ἄλλῳ

369 4235 572 4306 ψαλμῷ
597 4251 612 4267 ·
651 4253 670 4286 ι
691 4235 989 4303 Ἐνέγκατε
1023 4235 1101 4304 τῷ
1135 4235 1347 4304 Κυρίῳ,
1393 4237 1502 4288 υίοὶ
1533 4235 1694 4304 Θεοῦ.
1728 4255 1746 4287 ι
1795 4235 1954 4289 Κατὰ

369 4327 462 4379 τὸν
497 4326 832 4395 ὑψηλότερον
863 4326 1047 4392 λόγον,
1085 4325 1278 4395 ἐπειδὴ
1309 4325 1400 4379 διὰ
1454 4325 1552 4378 τοῦ
1588 4325 1952 4379 ἀποστολικοῢ

372 4419 732 4488 κηρύγματος
784 4418 1134 4482 ἀνακαίνισις
1206 4417 1399 4484 γέγονε
1451 4417 1546 4470 τοῦ
1597 4418 1804 4487 κόσμου
1856 4418 1950 4470 τοῦ

374 4511 479 4563 ὑπὸ
508 4511 703 4581 χρόνον
725 4512 902 4573 θντος,
938 4509 1036 4563 καὶ
1075 4509 1356 4579 αἴσθησιν.
1410 4510 1734 4572 Ἐπταδικδς
1777 4511 1885 4579 γὰρ
1925 4510 1953 4560 ὁ

2139 1753 2277 1820 Quid
2307 1765 2484 1810 autem
2517 1765 2606 1822 su,
2636 1761 2777 1826 quod
2824 1759 3154 1825 evangelista
3206 1757 3371 1828 326
3431 1757 3648 1811 nomina

2064 1846 2432 1914 aposmlorum
2479 1860 2782 1913 recenseat,
2811 1850 2990 1904 dicere
3023 1867 3304 1905 necessum
3329 1862 3430 1904 est.
3463 1848 3649 1902 Exorti

2063 1948 2220 1990 erant
2246 1938 2364 1992 falsi
2398 1939 2619 2006 quidam
2658 1941 2908 2010 apostoli,
2943 1942 3034 2010 qui
3075 1942 3336 2010 impietati
3379 1958 3492 1997 suae
3521 1959 3652 1996 con-

2063 2040 2340 2097 gruentem
2393 2033 2682 2086 commenti
2730 2033 3030 2086 doctrinam
3063 2048 3226 2102 super
3262 2034 3502 2086 veritatis
3552 2034 3650 2086 tri-

2062 2124 2227 2175 ticum
2264 2125 2326 2176 ad
2385 2124 2729 2178 nutriendum
2766 2125 3040 2189 idoneum,
3088 2125 3292 2177 zizania
3319 2124 3647 2177 dissemina-

2064 2214 2213 2267 bant.
2239 2213 2372 2266 Nam
2407 2222 2460 2268 et
2489 2212 2670 2267 Manes
2708 2213 2816 2283 (Η)
2856 2213 3110 2280 profanos
3141 2212 3343 2264 habens
3378 2210 3562 2274 libros,
3591 2221 3646 2262 et

2062 2301 2335 2358 Persidem
2388 2303 2774 2358 circumeundo
2833 2318 2892 2356 se
2939 2303 3249 2371 appellabat
3307 2299 3644 2367 apostolum;

2059 2402 2113 2446 et
2143 2394 2331 2449 Simon
2355 2405 2409 2449 et
2443 2395 2735 2449 Dositheus
2765 2395 2879 2463 (42)
2909 2393 3238 2447 Samaritaui
3274 2402 3430 2445 erant
3461 2392 3643 2453 ambo,

2059 2495 2112 2540 et
2149 2487 2358 2554 seipsos
2395 2489 2680 2551 vocabant,
2731 2489 2819 2540 hic
2866 2489 3084 2556 quidem
3121 2499 3366 2554 magnam
3404 2483 3492 2535 Dei
3538 2482 3644 2534 vir-

2060 2583 2224 2629 tutem
2251 2575 2385 2644 (4'5),
2431 2575 2517 2628 ille
2553 2591 2680 2627 Vcru
2722 2575 2956 2642 eumqui
3007 2591 3034 2626 a
3068 2572 3250 2641 Moyse
3287 2572 3455 2624 fuerat
3506 2589 3642 2640 prur-

2060 2669 2330 2720 nuntiatus
2354 2667 2466 2737 (tt)
2499 2683 2512 2719 :
2548 2675 2601 2719 et
2626 2650 2884 2720 Basilides
2916 2666 3028 2734 (ιδ)
3065 2665 3270 2728 itidem,
3295 2675 3349 2717 et
3372 2663 3460 2716 alii
3487 2663 3636 2716 multi

2059 2758 2410 2826 apostoliCatu
2467 2759 2568 2812 sibi
2628 2758 2943 2828 dignitatem
3000 2756 3350 2825 arrogahant.
3407 2755 3486 2805 Ab
3554 2753 3639 2806 his

2058 2851 2221 2919 igitur
2275 2859 2532 2919 tanquam
2586 2866 2613 2902 a
2668 2849 2847 2902 nothis
2876 2862 3163 2916 germanos
3220 2846 3533 2912 discipulos,
3576 2853 3633 2898 ut

2057 2943 2408 3000 discerneret.
2430 2942 2851 3010 uniuscujusque
2874 2941 3109 3010 signavit
3132 2954 3325 2991 nomen
3351 2955 3364 2990 :
3390 2937 3639 3005 quamvis

2057 3051 2178 3104 quae
2219 3037 2378 3089 hodie
2435 3035 2566 3088 lecta
2627 3043 2710 3089 est
2766 3049 2893 3103 pars
2948 3031 3250 3097 Evangelii,
3303 3031 3355 3083 id
3407 3039 3637 3097 praeter-

2059 3127 2287 3181 miserit.
2325 3127 2432 3180 llos
2479 3125 2763 3180 duodecim
2795 3124 2940 3179 misit
2975 3123 3296 3192 praecipiens
3325 3123 3426 3183 eis,
3471 3130 3524 3174 et
3555 3121 3639 3174 tli-

2059 3233 2186 3271 ceus
2211 3237 2224 3272 :
2263 3236 2280 3268 ι
2310 3216 2366 3270 lu
2391 3219 2530 3270 viain
2555 3218 2794 3287 gentium
2816 3231 2882 3270 ne
2915 3215 3178 3280 abieritis,
3203 3225 3258 3268 et
3284 3214 3334 3266 in
3359 3212 3638 3267 civitatem

2060 3308 2522 3363 Samaritanorum
2554 3324 2619 3361 ne
2643 3308 2998 3362 intraverilis.
3035 3326 3054 3360 ι

2128 3401 2264 3469 Quid
2328 3413 2409 3456 est
2471 3403 2614 3472 quod
2679 3403 2964 3456 duodecim
3017 3401 3314 3472 discipulos
3371 3398 3639 3469 principio

2058 3495 2259 3564 elegit?
2298 3492 2353 3548 Si
2393 3495 2673 3548 historiam
2709 3496 2926 3563 quidem
2980 3505 3304 3564 spectamus,
3337 3503 3391 3546 ut
3421 3502 3642 3545 numero

2057 3588 2342 3642 duodecim
2378 3587 2608 3640 filiorum
2657 3587 2822 3640 lsrael
2862 3588 3271 3653 responderent,
3324 3602 3388 3639 ex
3442 3585 3641 3654 quibus

2062 3679 2407 3734 Hebraeorum
2444 3679 2615 3732 tribus
2639 3689 2945 3748 prOpagatae
2969 3689 3096 3732 sunt
3135 3697 3150 3734 :
3180 3679 3321 3748 quod
3345 3687 3400 3732 et
3429 3679 3640 3730 cithara

2066 3772 2232 3826 David
2261 3781 2384 3824 ante
2412 3771 2725 3824 cecinerat:
2767 3791 2784 3822 ι
2818 3771 2921 3824 Pro
2947 3773 3189 3839 patribus
3229 3772 3334 3824 tuis
3375 3771 3485 3823 nati
3515 3776 3640 3828 sunt

2058 3867 2150 3920 tibi
2184 3865 2312 3929 lilii;
2341 3865 2641 3918 constitues
2670 3879 2764 3918 eos
2799 3864 3069 3932 principes
3096 3878 3256 3932 super
3277 3878 3493 3916 omnem
3525 3872 3638 3914 tetu.

2060 3975 2171 4012 ram
2195 3959 2263 4010 θ’.
2302 3975 2321 4008 ι
2389 3955 2580 4010 Patres
2649 3968 2810 4011 vocat
2864 3956 3222 4025 patriarchas,
3290 3964 3477 4022 utpote
3537 3954 3630 4022 qui

2055 4051 2254 4106 Christi
2315 4050 2612 4104 semiudum
2660 4065 2878 4104 carnem
2927 4049 3139 4102 fuerant
3196 4057 3416 4117 patres;
3489 4047 3628 4099 tilias

2058 4157 2188 4196 vero
2220 4151 2437 4196 sanctos
2471 4142 2589 4211 ejus
2619 4144 2874 4206 asseclas,
2909 4142 2987 4192 sic
3015 4141 3157 4193 enim
3191 4148 3242 4193 ct
3274 4141 3323 4192 in
3361 4139 3467 4190 alio
3497 4137 3636 4206 psal-

2059 4251 2146 4289 mo
2173 4250 2266 4288 eos
2293 4235 2568 4304 appellat:
2610 4253 2628 4285 ι
2665 4233 2864 4286 Aﬂ‘erte
2899 4233 3150 4296 Domino,
3189 4231 3280 4284 lilii
3314 4231 3403 4283 Dei
3422 4230 3521 4284 9‘.»
3578 4228 3634 4283 Si

2057 4341 2187 4380 vero
2219 4327 2480 4381 rationem
2511 4337 2920 4395 perscrutemur
2945 4324 3214 4388 altiorem,
3261 4323 3514 4392 quoniam
3543 4337 3639 4390 per

2059 4420 2425 4489 apostolorum
2472 4417 2914 4486 praedicationem
2957 4416 3143 4470 mundi
3188 4414 3346 4484 hujus
3383 4413 3632 4481 tempori,

2059 4512 2421 4578 seusibusque
2445 4509 2676 4577 subjecti
2710 4510 2987 4564 renovatio
3013 4510 3153 4561 facta
3177 4518 3258 4562 est
3282 4506 3414 4576 (ιδ).
3444 4505 3636 4574 Septe-

373 4603 564 4671 χρόνος
585 4603 726 4668 ἐστὶ,
769 4599 1072 4668 πενταδικὴ
1094 4602 1150 4654 δὲ
1184 4601 1514 4673 ἡαῖσθησις,
1539 4602 1574 4656 ἃ
1617 4604 1682 4672 δὴ
1709 4603 1954 4656 συντιθέε

2063 4610 2272 4662 nariqu
2325 4616 2506 4662 autem
2544 4617 2628 4661 est
2674 4619 2882 4675 tempus
2919 4603 3056 4675 (46),
3093 4617 3284 4657 sensus
3336 4615 3463 4655 vero
3515 4599 3637 4668 quis

444 4717 487 4748 ”
521 4716 654 4770 Luc.
678 4733 798 4782 xm,
830 4717 914 4771 11.

992 4717 1038 4749 ⁹¹
1078 4717 1208 4772 Luc.
1244 4733 1322 4784 ιι,
1348 4718 1403 4772 4.
1479 4718 1524 4750 ⁸³
1555 4717 1702 4772 Ρπαι.
1735 4735 1880 4784 thv,
1921 4723 2008 4775 i7.

2085 4724 2134 4755 9‘
2156 4737 2349 4787 xvvm,
2387 4723 2440 4776 1.

1612 4837 1936 4899 Francisri
1974 4841 2182 4900 Scorsi
2217 4847 2404 4902 notae.

446 4941 557 5004 (ιο)
595 4939 633 4991 Α
661 4937 990 4992 dmmonibm
1019 4937 1333 5006 plurimum,
1381 4947 1487 4993 etc.
1514 4937 1646 4990 Vide
1680 4939 1824 4992 dicta
1875 4939 1944 4992 ab

377 5021 600 5065 aut-tore
661 5012 806 5063 hom.
874 5009 937 5062 l2
991 5020 1046 5062 et
1101 5007 1218 5074 2i;
1277 5019 1332 5063 et
1383 5022 1540 5062 notas
1592 5008 1792 5062 ibidem
1849 5025 1946 5061 no-

377 5090 538 5136 Siras.

453 5152 564 5219 (il)
602 5150 740 5202 Nam
770 5157 821 5202 et
879 5149 1082 5203 Manes.
1146 5149 1244 5204 Hic
1294 5148 1660 5219 haeresiarcha
1721 5159 1946 5219 exortus

379 5235 464 5279 est
505 5222 606 5274 sub
656 5222 948 5274 Aureliano
993 5222 1214 5288 imper.,
1269 5234 1412 5273 anno
1445 5218 1654 5273 Christi
1707 5218 1837 5285 278,
1879 5234 1946 5272 ex

378 5291 638 5350 Chronol.
679 5289 932 5343 Bellarm.

449 5363 561 5431 (i9)
604 5359 786 5413 Simon
827 5369 877 5412 et
924 5360 1230 5415 Dositheus.
1285 5361 1476 5413 Simon
1526 5359 1734 5428 primus
1767 5360 1936 5414 haere-

378 5434 617 5489 siarcha,
665 5433 752 5498 qui
787 5432 1121 5485 existimavit
1174 5435 1372 5484 donum
1433 5431 1524 5483 Dei
1581 5432 1810 5498 pecunia
1846 5435 1937 5483 ob-

381 5504 536 5558 tincri
570 5513 662 5562 ,ιιι
697 5501 924 5553 habetur
956 5504 1074 5556 Act.
1104 5517 1221 5556 Vm.
1259 5502 1333 5553 De
1362 5501 1483 5553 aliis
1506 5499 1623 5565 ejus
1655 5503 1948 5554 baeresibus

375 5580 540 5642 agunt
575 5572 631 5624 S.
675 5572 932 5642 Ireuteus,
992 5573 1084 5624 lib.
1121 5587 1157 5630 ι,
1195 5588 1314 5639 cap.
1378 5571 1484 5634 10;
1655 5570 1944 5642 Epiphan.,

378 5640 471 5696 lib.
543 5659 623 5707 ιι,
684 5641 757 5695 De
813 5640 1023 5704 Itarres.,
1053 5651 1108 5695 et
1151 5643 1347 5695 Baron.
1383 5650 1517 5695 toni.
1567 5640 1630 5704 l;
1693 5641 1944 5694 Iiellm‘ttt.

377 5713 578 5767 Chron.
623 5729 674 5778 p.
711 5727 770 5764 ιι.
810 5711 1096 5766 Dositheus
1157 5728 1280 5764 vero
1319 5711 1419 5763 fuit
1463 5726 1530 5763 ex
1591 5709 1949 5764 Samaritanis

380 5785 566 5837 lueret.
598 5782 687 5850 qni
720 5783 785 5834 ab
822 5783 934 5848 ipso
975 5781 1217 5836 Dositbei
1257 5783 1382 5836 dicti
1411 5799 1424 5842 ;
1476 5782 1542 5837 de
1567 5795 1630 5836 eo
1664 5783 1946 5836 historiam

379 5865 564 5910 narrat
601 5856 660 5908 ὃ.
697 5851 958 5922 Epiphan.
996 5853 1086 5906 lib.
1123 5851 1238 5906 IDe
1263 5853 1450 5909 lateres.

2123 4940 2234 5011 (ίὸ)
2279 4940 2532 5008 Magnum
2565 4939 2659 4993 Dei
2688 4941 2949 4993 virtutem.
2989 4935 3177 4990 Docuit
3203 4933 3388 4989 Simon
3440 4933 3632 5004 Magus

2049 5013 2310 5064 mundqu
2364 5027 2466 5064 non
2501 5025 2618 5064 esse
2653 5029 2680 5063 a
2723 5011 2828 5063 Deo
2885 5018 3152 5071 creatum,
3209 5022 3268 5059 se
3331 5022 3456 5058 vero
3511 5024 3635 5062 esse

2053 5081 2245 5150 Deum,
2292 5082 2381 5150 qui
2437 5081 2488 5132 in
2553 5078 2799 5132 Samaria
2855 5079 3124 5150 apparuit,
3154 5089 3240 5150 Διιι
3281 5076 3523 5140 Patrem,
3571 5078 3626 5132 itt

2047 5149 2232 5204 Judasa
2259 5147 2325 5204 ut'
2361 5150 2551 5215 lilium,
2587 5151 2640 5203 in
2683 5150 2936 5220 gentibus
2987 5160 3044 5201 ut
3075 5147 3333 5217 Spiritum
3358 5160 3632 5204 sanctum.

2081 5221 2361 5280 Bellarm.)

2053 5222 2490 5359 (Bfi?)rl:i.hlose
2522 5291 2694 5358 fuerat
2729 5293 3134 5349 praenuntiatus.
3188 5287 3248 5341 S.
3277 5289 3628 5355 Epiphanius,

2051 5363 2240 5414 haeres.
2282 5361 2344 5415 2i
2381 5380 2397 5417 :
2437 5361 2652 5414 Dicebat
2705 5359 2888 5414 Simon
2949 5363 3175 5426 seipsum
3227 5375 3338 5411 esse
3378 5375 3626 5423 magnam

2051 5433 2292 5485 virtutem
2341 5432 2452 5495 Dei,
2501 5445 2544 5483 et
2609 5447 2672 5483 ea:
2712 5432 2951 5494 supernis
2990 5427 3359 5493 descendisse;
3411 5427 3626 5480 Patrem

2057 5517 2180 5554 vero
2212 5501 2415 5554 dicebat
2441 5519 2496 5555 se
2530 5518 2639 5554 esse
2675 5503 2813 5570 apud
2847 5501 3183 5562 Samariras;
3218 5502 3356 5569 apud
3408 5497 3629 5550 Judwas

2057 5589 2175 5625 vero
2214 5589 2266 5623 se
2304 5571 2498 5624 Filium
2535 5589 2643 5624 esse
2666 5574 2889 5625 (licebat.

2129 5641 2241 5713 (45)
2280 5639 2344 5694 Et
2380 5641 2660 5713 Basilides.
2690 5642 2813 5696 Fuit
2840 5641 2929 5713 hic
2953 5657 3092 5695 unus
3125 5655 3190 5693 ex
3221 5638 3501 5713 discipulis
3540 5638 3627 5688 Si.

2058 5709 2256 5773 munis,
2291 5715 2355 5764 de
2378 5729 2483 5780 quo
2518 5710 2574 5765 S.
2609 5712 2863 5776 lrenwus,
2899 5711 2992 5764 lib.
3021 5727 3057 5775 ι,
3085 5725 3205 5776 cap.
3236 5709 3298 5762 2-1
3342 5721 3396 5762 et
3423 5710 3515 5762 2'2.

2129 5782 2239 5850 (46)
2276 5780 2641 5849 Septenarinm
2677 5791 2852 5836 autem
2905 5791 3125 5849 tempus.
3161 5781 3293 5834 Vide
3327 5780 3428 5832 hoc
3463 5793 3627 5842 expo-

2131 5868 2218 5904 um
2250 5853 2314 5904 ad
2349 5852 2493 5904 hom.
2536 5852 2584 5904 l.
2631 5863 2739 5904 not.
2889 5863 2939 5904 et
2970 5851 3116 5904 hom.
3173 5850 3262 5904 40,
3297 5860 3409 5904 nui.

2889 5863 2939 5905 et
2970 5860 3116 5904 ltum.
3173 5860 3262 5914 ἆυ,
3297 5860 3409 5905 not.

2057 5851 2218 5908 situm
2250 5853 2314 5906 ad
2349 5852 2493 5907 hom.
2536 5852 2584 5918 i,
2631 5863 2739 5906 not.
