4070 6402
451 376 570 448 863

1665 397 2162 461 ΤΗΕΟΡΗΑΝῘΞ
2201 402 2291 464 CE
2301 405 2547 469 RAMEI

3641 409 3750 475 864

453 503 664 564 uarius,
703 516 935 571 quorum
969 513 1197 572 uterque
1255 519 1517 562 numerus
1551 507 1594 562 si
1624 507 2038 577 'componatur,

2153 535 2295 588 μενα
2344 517 2681 576 δυοκαίδεκα
2714 521 2949 590 γίνεται.
2975 521 3224 588 Εἰκότως
3247 522 3298 577 οἱ
3324 523 3420 577 τοῦ
3448 521 3750 594 κηρύγμα-

453 593 850 648 duodenarium
883 595 1066 662 efﬁcit,
1108 596 1305 652 merito
1342 598 1747 667 praedicationis
1771 601 2042 673 curypbazi

455 691 680 743 totidem
717 693 988 746 numerati
1047 703 1192 747 sunt.
1252 694 1382 759 Qnre
1429 694 1532 748 alia
1567 704 1832 766 praeterea
1875 711 2044 753 causa

453 782 612 851 hujus
655 784 860 837 Immeri
909 785 1140 839 subest?
1186 785 1458 842 Nimirum
1491 789 1616 858 quia
1647 792 1826 844 omnis
1857 805 2042 846 eorum

453 875 720 939 doctrina,
744 876 1131 947 theologicam,
1157 880 1485 946 naturalem,
1505 881 1877 949 moralcmqne
1896 897 2046 936 com-

451 966 724 1032 plectitur.
755 964 846 1020 llae
871 982 1005 1020 vero
1039 968 1355 1022 duodenarii
1387 971 1598 1024 numeri
1645 971 1878 1027 circuitu
1908 987 2042 1027 con-

454 1058 717 1112 tinentur.
749 1057 914 1112 Trina
948 1060 1094 1112 enim
1133 1059 1399 1130 theologia
1441 1073 1668 1132 propter
1718 1079 1796 1134 ιη)
1812 1065 2038 1118 sterium

450 1149 776 1216 Trinitatis;
837 1153 1087 1222 quinaria
1146 1169 1276 1206 vero
1337 1157 1606 1210 naturalis
1659 1168 1881 1226 propter
1937 1158 2046 1212 ele-

450 1249 654 1299 menta,
684 1248 741 1292 et
797 1239 1026 1294 formam
1079 1241 1130 1295 in
1191 1245 1372 1309 specie
1416 1246 1866 1308 constituentem;
1905 1263 2045 1318 qua-

449 1335 692 1385 ternaria
752 1348 887 1389 vero
918 1333 1139 1390 moralis
1179 1348 1403 1408 propter
1451 1340 1738 1408 generales
1785 1345 2040 1408 virtutes,

449 1441 570 1493 quae
611 1441 744 1481 sane
787 1427 838 1482 in
881 1443 1045 1482 unum
1077 1440 1266 1484 coacta
1308 1431 1590 1486 duodecim
1635 1433 1892 1489 emciunt.
1928 1436 2041 1502 Qua

458 1533 624 1584 porro
650 1519 719 1572 de
744 1535 931 1583 causa,
975 1521 1066 1591 qui
1101 1523 1168 1577 ad
1201 1525 1383 1578 mundi
1411 1526 1576 1579 totius
1607 1526 1838 1580 salutem
1873 1527 2040 1592 venit,

451 1612 542 1677 qui
570 1627 787 1666 omnem
823 1613 1116 1668 humanam
1147 1625 1392 1670 naturam
1426 1633 1522 1686 per
1547 1634 1758 1682 massae,
1791 1619 1956 1691 327
1991 1621 2040 1674 id

450 1712 552 1762 est.
600 1705 780 1756 carnis
810 1718 924 1759 sua:
954 1706 1222 1772 primitias
1273 1706 1386 1777 (47)
1431 1708 1534 1761 sibi
1574 1709 1957 1776 cirrnnuledit,
1990 1712 2040 1765 in

451 1809 556 1859 qua
588 1795 664 1846 uti
693 1805 876 1862 partes
908 1797 1071 1850 totius
1105 1799 1356 1852 humanae
1397 1801 1573 1866 gentis
1611 1800 1810 1862 Judaei,
1847 1803 2041 1856 Samao

451 1889 590 1949 ride.
643 1888 927 1954 Gra'cione
975 1893 1418 1962 continebantur,
1453 1897 1592 1948 intra
1642 1897 1788 1952 solos
1835 1897 2040 1955 Judzete

451 1977 587 2031 lines
638 1980 1077 2047 prmdicationem
1139 1987 1552 2042 circumscribit
1617 1991 1863 2046 dicens:
1927 2013 1945 2045 ι
1985 1994 2044 2048 1η

450 2069 590 2122 viam
645 2073 884 2141 gentium
931 2089 1000 2128 ne
1029 2075 1312 2131 abieritis?
1346 2097 1364 2131 ι
1409 2059 1661 2135 Fortasse
1691 2083 1817 2152 quia
1847 2083 2049 2140 Judaeis

453 2164 688 2230 primum
765 2168 1052 2235 opm-lebat
1109 2169 1459 2240 Evangelinm
1517 2175 1818 2242 praedicari.
1914 2177 2049 2243 Ipsis

453 2257 596 2308 enim
627 2271 655 2309 a
695 2257 962 2330 principio
989 2263 1254 2330 promissa
1285 2265 1408 2318 data
1454 2265 1701 2331 inierant,
1737 2278 1790 2322 et
1817 2285 1880 2323 ex
1915 2271 2046 2340 ipsis

454 2351 755 2404 secundum
797 2368 1016 2408 carnem
1063 2368 1224 2411 natus
1253 2371 1334 2412 est
1367 2357 1640 2416 Christus.
1672 2359 1770 2416 Ubi
1815 2378 1944 2418 vero
1992 2367 2042 2418 in

453 2453 628 2518 ipsum
663 2453 715 2508 hi
747 2455 1064 2512 debacchati
1095 2472 1245 2528 sunt,
1284 2475 1592 2531 quaerentes
1640 2471 1879 2522 animam
1923 2469 2044 2538 ejus

452 2545 650 2601 mortis
704 2547 914 2618 laqueis
952 2553 1363 2610 rircunuluecre
1389 2597 1404 2622 ,
1445 2559 1520 2610 uti
1555 2559 1686 2613 viles
1715 2570 1770 2614 et
1815 2561 1924 2614 Deo
1955 2565 2042 2615 in-

449 2636 552 2690 visi
605 2637 830 2708 reiecti,
882 2652 938 2697 et
971 2659 998 2696 a
1051 2644 1145 2698 Dei
1199 2645 1572 2703 familiaritate
1607 2650 1840 2718 sejuncti
1873 2665 2036 2718 sunt;

449 2725 503 2780 in
563 2739 752 2796 gentes
777 2745 905 2786 vero
957 2733 1148 2788 salutis
1189 2751 1354 2803 Opera
1384 2738 1580 2793 collata
1615 2751 1719 2795 est.
1763 2740 2032 2798 Praeterea

449 2819 614 2874 etiam
663 2838 770 2876 non
819 2826 1070 2893 prohibet
1122 2825 1422 2894 Dominus,
1461 2833 1750 2900 quominus
1793 2833 2044 2906 discipuli

448 2912 700 2980 gentibus
750 2915 1100 2987 Evangelium
1142 2921 1509 2990 promulgent.
1563 2923 1852 2989 Quomodo
1897 2930 2042 2984 enim

445 3001 500 3056 id
537 3011 715 3070 vetet,
764 3007 855 3076 qui
907 3011 1149 3064 omnium
1186 3013 1492 3069 communis
1541 3025 1628 3069 est
1655 3019 1950 3085 conditor,
1987 3029 2041 3076 et

445 3099 689 3150 omnium
725 3116 914 3156 curam
948 3104 1108 3173 gerit,
1162 3108 1254 3177 qui
1291 3109 1427 3162 dixit
1470 3126 1486 3164 :
1537 3129 1558 3163 ι
1597 3111 1796 3169 DOCete
1846 3131 2042 3172 Otnnes

445 3190 738 3256 gentes"?
770 3210 790 3244 ι
825 3190 927 3260 Qui
951 3208 1008 3250 et
1038 3213 1161 3252 cum
1187 3201 1478 3258 meretrice
1504 3203 1847 3262 Samaritana
1871 3210 2040 3264 collo-

445 3291 606 3331 cutus
629 3293 732 3344 cst,
781 3292 839 3338 et
877 3288 1017 3356 apud
1047 3289 1191 3356 ipsos
1223 3291 1596 3350 Samaritanus
1646 3301 1846 3354 mansit
1901 3303 2038 3360 duos

447 3369 564 3424 dies
589 3372 674 3425 9°?
735 3373 827 3444 qui
885 3382 1260 3436 centurionem
1293 3385 1374 3452 ⁸⁷,
1437 3398 1494 3443 et
1549 3389 2034 3462 Syrophoenissam

447 3463 771 3532 gentiles”,
813 3478 867 3523 et
910 3471 1164 3542 indignos
1202 3478 1286 3532 sui
1326 3495 1432 3534 non
1464 3483 1698 3552 repulit?
1726 3484 1842 3541 Non
1875 3487 2041 3557 igitur

445 3556 644 3614 dooere
691 3574 904 3631 gentes,
949 3567 1043 3620 sed
1085 3581 1272 3624 eorum
1324 3571 1532 3642 ingredi
1563 3577 1740 3642 viam,
1793 3590 1848 3632 et
1871 3556 2034 3648 opera

447 3649 628 3706 facere
665 3655 934 3724 prohibet.
993 3659 1237 3716 Observa
1280 3671 1460 3719 autem
1499 3671 1775 3735 quomodo
1811 3672 1875 3727 de
1906 3688 2038 3743 gen-

447 3742 591 3798 tibus
645 3744 874 3816 loquens
902 3749 1042 3804 viam
1081 3752 1283 3810 dixerit
1319 3772 1334 3809 :
1377 3777 1395 3808 ι
1430 3756 1486 3812 In
1523 3759 1663 3815 viam
1691 3742 1930 3832 gentium
1975 3783 2040 3822 ue

447 3836 694 3891 abieritis
727 3856 742 3892 :
777 3859 797 3891 ι
831 3844 1090 3912 quoniam
1131 3857 1321 3916 gentes
1369 3865 1562 3908 omnes
1611 3866 1764 3908 extra
1823 3858 2035 3914 vivendi

444 3925 589 3979 viam
616 3942 646 3982 a
671 3929 810 4000 lege,
840 3941 896 3988 et
922 3935 1198 4004 prophetis
1222 3948 1579 3998 monstratam
1604 3947 1882 4009 errabant,
1907 3965 2036 4003 eva-

444 4029 636 4086 gautes
666 4021 812 4078 circa
839 4023 983 4080 illam
1015 4027 1175 4082 latam
1209 4049 1274 4086 ac
1303 4038 1624 4104 spatiosam,
1665 4053 1825 4108 quam
1853 4041 2041 4096 deam-

443 4111 638 4166 bulare
669 4114 965 4185 discipulos
1003 4131 1146 4176 vetat
1180 4123 1444 4182 Dominus
1469 4129 1655 4186 dicens
1685 4147 1698 4184 :
1744 4151 1762 4182 ι
1805 4131 1862 4186 in
1895 4135 2036 4188 viam

446 4205 693 4278 genium
745 4223 812 4263 ne
836 4209 1100 4268 abicritis.
1137 4231 1157 4264 ι
1197 4214 1252 4269 In
1294 4217 1396 4272 hac
1426 4234 1574 4285 vero,
1599 4221 1690 4290 qui
1717 4237 1822 4277 non
1853 4224 2038 4278 consi-

443 4295 534 4346 stit
560 4335 576 4362 ,
632 4311 697 4353 ac
728 4313 1047 4369 permanet,
1079 4321 1204 4360 eum
1253 4307 1472 4366 beatum
1502 4315 1766 4384 praedicat
1817 4314 1986 4372 David
2017 4336 2032 4372 :

449 4403 468 4437 ι
507 4387 703 4444 Beatus
749 4393 841 4459 qui
875 4394 926 4449 in
954 4397 1040 4452 via
1082 4413 1429 4470 peccatorum
1471 4422 1578 4462 non
1609 4409 1852 4462 stetit”.
1891 4427 1911 4460 ι
1954 4409 2036 4462 Ab

444 4478 550 4534 hac
579 4481 660 4536 via
693 4483 1010 4554 deﬂectere,
1046 4507 1142 4562 per
1165 4505 1368 4550 rectam
1401 4513 1534 4554 vero
1579 4501 1877 4568 procedere
1926 4500 2034 4554 Do-

2147 629 2241 674 τος
2268 616 2561 684 κορυφαῖοι
2593 615 2855 669 τοσοῦτον
2901 616 3226 687 ἐτύγχανον.
3265 615 3390 669 Ἔτι
3443 617 3540 670 καὶ
3576 615 3663 670 διὰ
3693 617 3750 670 τί

2147 704 2454 776 ἐτύγχανον
2477 705 2688 760 δώδεκα
2709 724 2727 775 ;
2751 709 2978 779 Ἐπειδὴ
3004 710 3038 780 ἡ
3075 710 3225 764 πᾶσα
3249 707 3462 762 τούτων
3481 709 3749 763 διδασκα-

2146 797 2240 852 λία
2261 799 2603 870 θεολογικῆς.
2627 804 2718 854 καὶ
2743 805 3004 873 φυσικῆς,
3049 804 3146 857 καὶ
3184 803 3390 873 ἠθικῆς
3427 804 3752 873 φιλοσοφίας

2146 888 2216 964 ἦν
2273 895 2626 966 περιεκτική.
2671 895 2860 950 Ταῦτα
2899 895 2956 950 δέ
3022 895 3102 967 τῷ
3160 897 3452 968 δωδεκάτῳ
3513 897 3742 967 ἀριθμῷ

2155 987 2494 1060 περιέχεται.
2545 989 2820 1060 Τριαδικὴ
2863 989 2972 1060 γὰρ
3012 993 3045 1062 ἠ
3101 991 3354 1059 θεολογία
3407 991 3498 1044 διὰ
3543 992 3606 1044 τὸ
3647 991 3746 1060 τῆς

2150 1081 2386 1151 Τριάδος
2441 1085 2766 1153 μυστήριον.
2833 1082 3136 1154 πενταδικὴ
3192 1082 3248 1136 δὲ
3307 1085 3340 1152 ἡ
3389 1082 3596 1152 φυσικὴ
3655 1083 3747 1138 διὰ

2147 1171 2213 1226 τὰ
2265 1175 2528 1244 στοιχεῖα,
2575 1174 2671 1226 καὶ
2703 1173 2766 1226 τὸ
2808 1171 2948 1228 εἶδος
2971 1173 3036 1227 τδ
3066 1172 3243 1228 ταῦτα
3280 1174 3608 1241 εἰδοποιοῦν,
3650 1193 3747 1229 τε·

2147 1265 2380 1334 τραδικὴ
2447 1265 2505 1318 δέ
2567 1267 2600 1336 ἡ
2661 1264 2831 1338 ἠθικὴ
2887 1264 2976 1319 διὰ
3031 1263 3130 1329 τὰς
3207 1265 3438 1334 γενικὰς
3514 1267 3743 1338 ἀρετὰς,

2147 1356 2291 1427 ἅπερ
2320 1356 2586 1428 ἐνούμενα
2627 1358 2870 1427 γίνονται
2911 1358 3144 1414 δώδεκα.
3199 1357 3366 1412 Ἀλλά
3419 1361 3568 1423 τίνος
3619 1359 3745 1414 ἐνε-

2147 1465 2242 1502 κεν
2292 1450 2321 1502 6
2380 1450 2476 1503 ἐπὶ
2537 1452 2787 1522 σωτηρίᾳ
2857 1455 3064 1518 παντὸς
3127 1453 3224 1509 τοῦ
3305 1457 3513 1526 κόσμου
3561 1471 3747 1526 παραυ

2145 1542 2473 1614 γενόμενος,
2533 1545 2564 1597 6
2608 1547 2791 1598 πᾶσαν
2851 1545 2951 1616 τὴν
3007 1547 3362 1619 ἀνθρωπίνην
3431 1548 3597 1616 φύσιν
3655 1546 3748 1606 διὰ

2145 1634 2248 1702 τῆς
2305 1635 2566 1706 ἀπαρχῆς
2627 1637 2721 1690 τοῦ
2790 1638 3120 1708 φυράματος
3167 1641 3556 1710 περιθέμενος,
3605 1641 3666 1693 ἐν

2149 1728 2354 1790 παντὸς
2385 1724 2452 1798 ἦν
2487 1728 2678 1792 ἔθνους
2704 1729 2764 1782 τὸ
2804 1731 2974 1800 μέρος
2999 1731 3282 1797 Ἰουδαίου,
3328 1733 3422 1786 καὶ
3465 1733 3750 1803 Σαμαρεί·

2147 1834 2260 1880 του,
2297 1819 2393 1870 καὶ
2421 1818 2710 1883 Ἕλληνος,
2735 1822 2817 1883 είς
2841 1821 3040 1889 μόνους
3086 1822 3386 1886 Ἰουδαίους
3436 1822 3748 1893 περιορίζει

2149 1907 2212 1961 τδ
2238 1908 2504 1978 κήρυγμα
2535 1910 2708 1978 λέγων
2735 1929 2750 1942 ο
2775 1932 2794 1963 ι
2835 1913 2925 1978 Εἰς
2949 1915 3066 1966 ὁδὸν
3085 1914 3259 1968 ἐθνῶν
3285 1915 3360 1985 μὴ
3387 1915 3663 1984 ἀπέλθητε
3692 1934 3740 1982 ;ι

2151 2001 2306 2072 Τάχα
2338 2003 2422 2056 ὅτι
2458 2003 2571 2067 τοῖς
2617 2004 2894 2069 Ἰουδαίοις
2947 2007 3062 2061 ἔδει
3091 2009 3359 2080 πρότερον
3395 2008 3749 2080 κηρυχθῆναι

2148 2094 2210 2147 τὸ
2236 2095 2598 2164 Εὐαγγέλιον.
2637 2099 2781 2168 Πρὸς
2811 2099 3013 2163 αὐτοὺς
3042 2102 3152 2171 γὰρ
3179 2103 3236 2156 αξ
3274 2102 3538 2156 ἀνέκαθεν
3567 2105 3746 2168 ἐπαγ-

2149 2187 2350 2256 γελίαι,
2379 2192 2474 2243 καὶ
2505 2190 2562 2256 ἐξ
2595 2191 2778 2243 αὐτῶν
2811 2192 2872 2244 τδ
2901 2193 3044 2246 κατὰ
3073 2193 3260 2264 σάρκα
3291 2193 3552 2266 Χριστός.
3599 2192 3742 2245 Ἀλλ’

2151 2281 2341 2350 ἐπειδὴ
2364 2277 2512 2336 οὗτοι
2546 2287 3086 2356 ἐπεπαρωνὴκεισαν
3119 2288 3202 2350 είς
3248 2287 3434 2351 αὑτὸν,
3461 2287 3745 2358 ζητήσαν-

2147 2387 2240 2432 τες
2290 2371 2456 2424 αὐτοῦ
2527 2373 2628 2444 τὴν
2680 2373 2882 2446 ψυχὴν,
2937 2379 3049 2440 τοῖς
3093 2376 3189 2430 τοῦ
3233 2377 3468 2430 θανάτου
3525 2377 3744 2448 βρόχοις

2150 2463 2497 2534 περιϐαλεῖν,
2553 2467 2848 2534 γεγόνασιν
2899 2467 3224 2537 ἀπόϐλητοι,
3276 2469 3368 2522 καὶ
3403 2467 3741 2535 θεοστυγεῖς,

2148 2555 2371 2624 καὶτῆς
2405 2563 2544 2626 προς
2585 2558 2718 2610 Θεὸν
2747 2559 3009 2622 ἐξέπεσον
3036 2561 3402 2629 οἰκειότητος,
3459 2561 3743 2632 ἐνηργήθη

2147 2645 2261 2717 δὲή
2306 2647 2559 2716 σωτηρία
2593 2651 2706 2711 τοῖς
2746 2647 2984 2704 ἔθνεσιν.
3030 2651 3242 2714 Ἀλλως
3281 2669 3340 2704 τε
3358 2653 3459 2706 οὐκ
3483 2653 3745 2722 ἀπείργει

2148 2741 2275 2802 τοὺς
2309 2739 2563 2810 μαθητὰς
2599 2742 2900 2812 κηρύττειν
2947 2747 3060 2808 τοῖς
3121 2744 3302 2798 ἔθνεσι
3341 2763 3354 2778 ·
3417 2745 3535 2808 πῶς
3564 2747 3674 2819 γὰρ
3717 2750 3748 2801 6

2147 2832 2326 2897 κοινὸς
2343 2833 2590 2903 πλάστης
2614 2835 2710 2888 καὶ
2731 2835 2988 2908 κηδεμὼν
3007 2838 3034 2889 6
3059 2837 3230 2891 εἰπών
3259 2854 3274 2868 ο
3297 2859 3315 2890 ι
3339 2838 3744 2912 Μαθητεύσατε

2148 2925 2328 2978 πάντα
2363 2927 2434 2978 τὰ
2463 2925 2591 2996 ἔθνη
2617 2942 2632 2992 ;
2662 2946 2679 2977 ι
2727 2930 2753 2980 6
2792 2927 2888 2980 καὶ
2921 2928 3096 3000 πόρνῃ
3125 2929 3430 3000 διαλεχθεὶς
3467 2931 3748 3003 Σαμαρεί-

2147 3017 2275 3084 τιδι,
2313 3020 2408 3072 καὶ
2438 3019 2699 3090 αύτοῖςδὴ
2735 3022 3113 3093 Σαμαρείταις
3137 3024 3428 3094 ἐπιμείνας
3458 3027 3552 3080 ἐπὶ
3597 3026 3745 3096 ἠμέ-

2149 3127 2272 3180 ραις
2300 3109 2454 3164 δυσίν
2484 3127 2498 3176 ;
2535 3113 2564 3164 ὁ
2586 3111 2678 3165 τὸν
2698 3113 3124 3186 ἑκατόνταρχον,
3150 3117 3246 3170 καὶ
3276 3116 3376 3188 τὴν
3427 3117 3748 3188 Συροφοινί-

2147 3221 2369 3268 κισσαν,
2407 3203 2661 3267 ἐθνικοὺς
2699 3205 2884 3270 ὄντας,
2927 3208 3025 3261 καὶ
3061 3209 3354 3280 δεομένους
3387 3211 3489 3264 οὐκ
3515 3210 3746 3264 ἀπωσά-

2151 3316 2336 3369 μενος.
2369 3299 2486 3353 Οὐκ
2521 3299 2614 3355 οὖν
2641 3301 2844 3356 κωλύει
2879 3303 3226 3374 μαθητεῦσαι
3262 3307 3332 3358 τὰ
3395 3303 3546 3376 ἔθνη,
3600 3304 3746 3359 ἀλλὰ

2146 3395 2247 3464 τὴν
2281 3391 2513 3446 ἐκείνων
2543 3395 2783 3448 στείόειν
2810 3397 2950 3462 666v,
2995 3397 3091 3452 ml.
3137 3397 3236 3460 τὰς
3271 3381 3454 3451 αὐτῶν
3509 3397 3744 3468 πράξεις

2146 3484 2412 3557 πληροῦν.
2437 3487 2580 3558 Ὀρα
2602 3488 2658 3541 δὲ
2689 3489 2840 3554 ὅπως
2877 3490 2972 3544 ἐπὶ
3023 3491 3122 3561 μὲν
3163 3491 3272 3544 τῶν
3301 3490 3474 3545 ἐθνῶν
3521 3491 3744 3544 τέθεικε

2143 3583 2246 3651 τὴν
2279 3583 2430 3638 ὀδόν·
2463 3604 2482 3638 ι
2521 3586 2615 3650 El;
2643 3586 2762 3640 ὁδὸν
2788 3586 2962 3640 ἐθνῶν
3017 3586 3092 3659 μὴ
3129 3587 3408 3658 ἀπέλθητε
3437 3603 3451 3619 ⁸
3483 3606 3502 3639 ι
3547 3583 3746 3657 ἐπειδὴ

2142 3681 2214 3732 τά
2248 3679 2376 3750 ἔθνη
2419 3681 2600 3733 πάντα
2630 3680 2734 3750 τῆς
2784 3679 2881 3733 τοῦ
2915 3681 3083 3750 νόμου
3123 3683 3220 3734 καὶ
3273 3681 3384 3734 τῶν
3439 3680 3745 3752 προφητῶν

2145 3768 2426 3834 πολιτείας
2480 3769 2585 3836 ἔξω
2636 3771 2892 3841 διήγοντο
2946 3771 3420 3842 ἀναστρεφόμενοι
3487 3769 3618 3842 περὶ
3639 3768 3745 3841 τὴν

2144 3862 2410 3916 πλατεῖαν
2440 3863 2584 3928 ὁδὸν,
2622 3865 2718 3916 καὶ
2749 3863 3088 3936 εὐρύχωρον,
3111 3865 3178 3936 ἣν
3213 3865 3592 3936 περιπατῆσαι
3609 3865 3746 3926 τοὺς

2147 3953 2399 4025 μαθητὰς
2430 3953 2691 4025 ἀπείργει
2739 3956 2768 4007 6
2835 3955 3042 4027 Κύριος
3112 3956 3334 4025 λέγων’
3369 3975 3388 4009 ι
3463 3957 3559 4019 Ei;
3618 3955 3745 4010 ὁδὸν

2145 4044 2318 4100 ἐθνῶν
2354 4046 2431 4115 μὴ
2458 4045 2758 4114 ἀπέλθητε.
2801 4065 2819 4098 ι
2853 4047 2966 4102 Καὶ
3001 4050 3058 4100 ἐν
3088 4047 3263 4120 ταύτῃ
3295 4051 3364 4120 τῇ
3403 4046 3508 4116 ὁδῷ
3541 4047 3630 4099 τὸν
3662 4045 3742 4116 μὴ

2143 4139 2531 4210 ἐνιδρυνθὲντα
2579 4139 2670 4194 διὰ
2721 4143 2822 4212 τῆς
2872 4142 3138 4206 στάσεως.
3190 4140 3484 4212 μακαρίζει
3531 4140 3741 4194 Δαϐίδ·’

2149 4251 2168 4284 ι
2200 4232 2513 4304 Μακάριος,
2547 4233 2607 4298 ὃς
2653 4235 2712 4289 ἐν
2771 4234 2877 4305 ὁδῷ
2935 4234 3282 4306 ἁμαρτωλῶν
3343 4234 3445 4287 οὐκ
3509 4232 3664 4303 ἔστη.
3715 4253 3734 4285 ι

2143 4325 2366 4389 Ταύτην
2396 4326 2496 4396 τὴν
2540 4326 2660 4380 ὁδὸν
2697 4327 2972 4380 ἐκκλίνειν
3005 4327 3324 4398 παρεγγυᾷ,
3351 4325 3448 4380 καὶ
3479 4325 3740 4396 προιέναι

2139 4418 2230 4473 διὰ
2265 4417 2365 4487 τῆς
2393 4417 2613 4482 εὐθείας
2647 4417 2769 4472 ὀδοῦ
2787 4436 2799 4448 ·
2823 4419 2926 4474 οὐκ
2946 4419 3162 4488 ἀγνοεῖς
3176 4419 3242 4484 δ’,
3271 4413 3449 4489 οἶμαι.
3472 4417 3572 4488 τὴν
3593 4417 3741 4486 ὁδὸν,

2141 4511 2212 4564 δι’
2236 4506 2302 4584 ἧς
2331 4513 2380 4564 oi
2409 4512 2656 4584 μαθηταὶ
2681 4511 3002 4566 κελεύονται
3025 4513 3340 4584 εὐδρομεῖν,
3363 4509 3553 4582 μαθὼν
3583 4513 3740 4580 παρὰ

447 4577 625 4630 minus
663 4577 850 4646 jubet;
898 4597 999 4637 nec
1040 4599 1168 4640 vero
1199 4603 1342 4654 eam,
1371 4592 1587 4658 Opinor,
1613 4591 1832 4660 ignoras
1867 4592 2032 4657 viam,

2145 4603 2236 4658 τοῦ
2260 4577 2515 4666 εἰπόντος
2535 4577 2602 4657 ’ἰ
2659 4604 2804 4672 Ἐγώ
2854 4607 2972 4676 είμι
3031 4605 3064 4677 ἡ
3117 4577 3258 4670 ύδύς.
3298 4577 3332 4659 ιγ
3364 4577 3494 4659 ίΕπὶ
3545 4577 3740 4675 μέντοι

441 4687 540 4741 per
578 4693 738 4746 quam
792 4679 930 4736 bene
985 4697 1210 4740 currere
1264 4688 1510 4758 discipuli
1557 4689 1858 4759 jubentur,
1909 4707 2032 4748 cum

445 4773 765 4836 cognoveris
799 4774 870 4828 ab
908 4791 974 4829 eo
1005 4779 1094 4846 qui
1127 4779 1266 4832 dixit
1295 4796 1308 4832 :
1343 4798 1362 4831 ι
1394 4780 1508 4850 Ego
1540 4797 1658 4835 sum
1685 4784 1769 4836 via
1794 4782 1866 4838 ⁸.»
1901 4783 2036 4838 Cum

445 4878 574 4916 vero
596 4866 662 4920 de
697 4867 1060 4929 Samaritanis
1092 4875 1353 4946 loquitur.
1389 4893 1496 4933 non
1528 4879 1648 4946 viae,
1678 4880 1772 4936 sed
1805 4882 2042 4936 civitatis

439 4963 704 5018 vorabqu
741 4967 908 5022 utitur
934 4969 1126 5028 dicens
1158 4990 1172 5027 :
1215 4993 1234 5026 ι
1259 4973 1322 5028 Ει
1350 4976 1400 5030 in
1433 4975 1708 5032 civitatem
1743 4977 2043 5034 Samarita-

443 5071 658 5123 norum,
713 5076 780 5114 ne
828 5062 1188 5120 intraveritis.
1225 5085 1244 5119 ›
1299 5067 1511 5123 Etenim
1545 5085 1612 5124 ex
1641 5067 1877 5126 Mosaica
1925 5071 2041 5140 lege

441 5149 506 5198 ad
541 5145 852 5207 Judaeorum
885 5159 1217 5213 accedebant
1261 5175 1441 5215 mores
1476 5161 1618 5232 (48);
1653 5172 1708 5216 et
1741 5165 1880 5220 hanc
1915 5165 2043 5220 reli-

2141 4698 2255 4752 τῶν
2281 4699 2642 4768 Σαμαρειτῶν
2659 4700 2758 4770 οὐχ
2779 4699 2920 4765 ὁδὸν,
2953 4700 3094 4754 ἀλλὰ
3124 4700 3286 4754 πόλιν
3337 4702 3526 4769 φησὶν,
3557 4698 3740 4764 οὕτως

2141 4791 2344 4846 εἰπών’
2389 4811 2408 4844 ι
2446 4793 2558 4846 Καὶ
2587 4794 2670 4856 είς
2703 4795 2858 4848 πόλιν
2881 4793 3246 4862 Σαμαρειτῶν
3283 4795 3359 4864 μὴ
3387 4793 3729 4863 είσέλθητε.»

2137 4880 2324 4940 *Ησαν
2353 4885 2463 4955 γὰρ
2489 4887 2553 4940 ἐκ
2581 4887 2692 4941 τῶν
2717 4888 3034 4944 Μωσαῖκῶν
3058 4890 3242 4958 νόμων
3273 4891 3388 4952 τοῖς
3415 4888 3733 4950 Ἰουδαϊκοῖς

2140 4979 2288 5033 ἔθεσι
2321 4979 2752 5048 πλησιάσαντες,
2789 4986 2887 5035 καὶ
2909 4975 2998 5034 οἷα
3031 4982 3190 5035 πόλιν
3241 4981 3570 5052 οίκήσαντες
3625 4980 3730 5051 τὴν

2140 5071 2452 5126 εὐσέϐειαν.
2501 5073 2722 5143 Ἐπειδὴ
2756 5073 2814 5126 δὲ
2841 5073 2902 5138 ἐξ
2937 5073 3202 5145 ἡμισείας
3235 5073 3541 5144 ἐτύγχανον
3569 5073 3732 5125 εὐσε-

2141 5165 2294 5230 δεῖς⁸
2325 5165 2534 5235 ἐτιγὰρ
2565 5165 2646 5236 τῷ
2683 5167 2801 5238 ὅρει
2839 5168 3246 5240 προσεκύνουν,
3275 5170 3336 5224 ἐν
3365 5162 3410 5238 ᾧ
3442 5167 3510 5220 τὰ
3529 5166 3734 5222 εῐδωλα

513 5313 558 5345 ⁹⁵
580 5309 769 5390 .‘dgtth.
804 5330 996 5381 xxvnt,
1039 5315 1127 5370 i9.
1203 5315 1252 5348 "
1283 5313 1440 5372 Joan.
1475 5333 1548 5387 tv,
1581 5320 1633 5384 1,
1665 5321 1757 5376 40.
1832 5323 1878 5353 ⁸⁷
1952 5321 2034 5376 Ma

2175 5339 2288 5390 VIII,
2331 5323 2387 5379 6.
2463 5325 2512 5358 ⁸⁸
2545 5325 2736 5381 Matth.
2775 5340 2865 5388 xv,
2905 5323 2998 5378 Ἠ.
3037 5325 3082 5358 ⁹⁹
3107 5323 3251 5380 Psal.
3296 5340 3338 5389 ι,
3382 5327 3434 5381 1.
3514 5327 3530 5358 ⁸
3561 5322 3728 5382 Joan.

441 5398 556 5448 xw,
593 5383 676 5440 16.

1683 5486 2006 5548 Francisci
2042 5488 2252 5550 Scorsi
2289 5497 2458 5551 uotae

515 5603 625 5672 (47)
651 5601 752 5658 Per
774 5604 1038 5680 primitias
1059 5607 1485 5680 ntassrr._Addidi
1515 5609 1823 5680 explicandi
1867 5626 2031 5666 causa

443 5677 618 5738 idest,
646 5679 824 5730 carnis
846 5691 978 5758 sum,
1004 5678 1221 5764 quodin
1249 5678 1436 5732 Graeco
1456 5697 1560 5762 non
1578 5677 1661 5736 est
1683 5696 2028 5764 expressum,

449 5757 504 5796 nt
537 5759 734 5818 sensus
771 5745 1010 5818 auctoris
1043 5747 1276 5814 facilius,
1310 5761 1364 5803 et
1395 5753 1570 5818 primo
1607 5745 1806 5805 mentis
1835 5745 2026 5805 obtutu

447 5813 806 5880 acciperetur.
867 5817 1066 5873 Eodem
1113 5819 1277 5873 modo
1334 5813 1544 5876 locutos
1598 5822 1800 5876 multos
1833 5821 2025 5878 Patres

446 5883 585 5949 legi:
619 5881 782 5954 Grcg.
839 5887 1157 5956 Thaumat.,
1189 5889 1502 5961 Chrysost.,
1563 5894 1847 5960 Athanas.,
1891 5909 2028 5963 quos

2141 5613 2338 5667 adduxi
2393 5613 2462 5668 ad
2522 5613 2670 5669 hom.
2716 5615 2805 5678 58,
2861 5627 2980 5675 not.
3007 5614 3146 5672 Vide
3195 5617 3362 5674 etiam
3419 5619 3576 5674 liont.
3629 5617 3728 5689 39,

2141 5691 2324 5824 unita)
2355 5756 2436 5808 Ad
2489 5723 2806 5813 Iudaeorum
2865 5759 3179 5814 accedebant
3225 5777 3416 5816 mores.
3486 5759 3724 5816 lnstit-uti

2137 5827 2282 5901 enim
2341 5826 2610 5901 ittcrattla
2651 5831 2936 5901 sacerdote
2969 5831 3234 5897 Israelita,
3284 5833 3374 5901 qui
3397 5846 3462 5886 ex
3493 5831 3726 5901 captivis

2135 5897 2202 5951 ad
2237 5899 2590 5958 instruendus
2623 5915 2792 5958 novos
2815 5900 3083 5958 Samaria
3121 5897 3344 5961 colonos
3370 5901 3499 5962 illuc
3539 5897 3573 5958 ιι
3595 5900 3722 5958 Sal-
