4070 6398
341 305 450 369 865

1695 295 2027 356 HOMILIA
2068 295 2306 355 XLVII.

3500 291 3608 356 866

341 419 692 493 ἐκεκρύφατο
725 433 738 446 ·
775 415 866 469 καὶ
919 414 1050 483 γοῦν
1091 431 1224 483 φησι
1260 413 1387 484 περὶ
1410 411 1594 466 αὐτῶν
1626 413 1658 483 ἡ
1691 411 1882 480 Γραφή
1903 423 1918 440 '

2041 409 2238 480 ;ionem
2260 406 2422 463 veluti
2446 407 2716 462 civitatem
2739 406 3027 476 quamdam
3048 407 3315 462 colebant.
3341 405 3609 473 Quoniam

348 533 367 564 ι
405 513 670 580 Ἔμειναν
697 506 979 569 ποιοῦντες
1002 505 1094 557 τὸν
1124 505 1288 574 νόμον
1318 504 1410 556 τοῦ
1442 502 1598 563 Θεοῦ,
1635 500 1728 554 καὶ
1758 516 1926 568 προσ-

347 601 646 661 κυνοῦντες
701 599 814 658 τοῖς
843 596 1086 658 εἰδώλοις
1119 611 1132 624 ·
1178 596 1358 646 νοοῖτο
1415 595 1479 646 ἂν
1533 593 1688 653 πόλις
1735 593 1924 658 Σαμα-

347 693 548 765 ρειτῶν
582 694 613 757 ἡ
641 692 698 754 ἐξ
729 687 992 757 ἡμισείας
1037 686 1316 750 εὐσέϐεια,
1354 681 1421 756 ἧς
1482 686 1740 752 ἐπιϐῆναι
1797 683 1926 744 τοὺς

349 783 599 853 μαθητὰς
629 781 910 848 ἀπότομον
945 781 1186 830 ποιεῖται
1213 780 1240 830 ό
1293 777 1514 846 Κύριοι
1567 794 1583 825 ι
1622 773 1925 845 Πορεύεσθε

343 873 625 941 δὲμᾶλλον
677 871 814 934 πρὸς
855 868 924 920 τὰ
973 868 1224 937 πρόϐατα
1287 867 1354 919 τὰ
1401 866 1719 918 ἀπολωλότα
1775 866 1926 916 οἴκου

360 965 608 1038 Ἰσραήλ·
649 985 668 1016 ι
715 963 963 1034 πρόϐατα
1008 963 1166 1014 καλεῖ
1213 962 1304 1014 τὸν
1354 959 1748 1031 Ἰσραηλιτικὸν
1799 955 1926 1009 λαὸν

346 1062 435 1114 διά
473 1077 530 1111 τε
557 1061 616 1110 τὸ
637 1057 902 1122 καθαρὸν,
934 1056 1023 1107 καὶ
1047 1056 1105 1108 τὸ
1133 1054 1266 1107 εἴσω
1315 1053 1416 1122 τῆς
1473 1052 1703 1122 νομικῆς
1757 1051 1928 1118 αὐλῆς

347 1149 646 1212 κλείεσθαι,
677 1151 771 1202 καὶ
798 1148 1158 1218 σημειοῦσθαι
1194 1147 1270 1214 τῷ
1324 1147 1422 1216 τῆς
1477 1144 1778 1214 περιτομῆς
1831 1159 1929 1211 ση-

352 1245 512 1316 μείῳ,
546 1245 640 1296 καὶ
672 1244 784 1303 τοῖς
799 1242 908 1294 τῶν
940 1239 1240 1313 προφητῶν
1268 1236 1703 1308 περιθὰλπεσθαι
1725 1236 1927 1302 λόγοις,

348 1337 423 1398 ὡς
482 1339 546 1386 ὲκ
614 1334 722 1386 τῶν
774 1335 938 1402 ἐρίων
1003 1333 1318 1403 θρέμματα,
1381 1330 1608 1399 πλείστῃ
1661 1331 1784 1400 ὅσῃ,
1834 1327 1931 1380 καὶ

345 1427 660 1496 ἀμφιλαφεῖ
705 1424 1164 1478 καταπιαίνεσθαι
1217 1426 1283 1494 τῇ
1358 1423 1468 1475 τῶν
1522 1421 1682 1475 θείων
1733 1420 1932 1488 λογίων

346 1521 487 1587 νομῇ
517 1533 530 1546 °
562 1518 657 1570 καὶ
687 1519 713 1568 ὁ
736 1515 950 1584 ψαλμὸς
1005 1514 1060 1565 δὲ
1112 1512 1258 1566 οὕτω
1285 1513 1451 1582 φησίν
1478 1527 1490 1540 ⁸
1534 1529 1550 1562 ι
1602 1512 1928 1578 Ὠδήγησας,

347 1610 424 1670 ὡς
457 1608 712 1678 πρόϐατα
741 1607 832 1661 τὸν
863 1606 993 1659 λαόν
1023 1623 1116 1658 σου
1152 1621 1166 1634 ·
1211 1625 1230 1657 ι
1262 1606 1356 1658 καὶ
1388 1602 1652 1671 Ὶεζεκιὴλ
1700 1602 1756 1654 δὲ
1789 1619 1930 1671 προι-

350 1701 536 1762 δάτοις
572 1701 784 1764 εἰκάζει
808 1699 932 1762 τοὺς
961 1698 1022 1762 ἐξ
1054 1697 1293 1766 Ἰσραὴλ,
1345 1699 1417 1749 ’ὲν
1459 1689 1537 1757 οἷς
1586 1694 1694 1747 τῶν
1742 1694 1931 1763 ἱερέων

2027 520 2154 558 vero
2186 521 2290 556 non
2317 505 2463 556 omni
2495 518 2561 556 ex
2612 511 2762 570 parte
2797 504 3048 569 pietatem
3079 507 3388 566 servabant,
3433 504 3610 559 adhuc

2027 598 2168 648 enim
2198 595 2253 649 in
2293 605 2474 648 monte
2497 596 2814 656 adorabanl,
2843 594 2895 647 in
2936 609 3043 663 quo
3065 596 3450 650 occulebantur
3488 599 3612 651 ido-

2030 687 2113 754 la;
2153 691 2217 741 de
2263 687 2393 756 ipsis
2425 688 2565 740 enim
2599 687 2874 756 Scriptura
2925 687 3096 741 dicit:
3139 707 3156 737 ι
3189 688 3502 743 Manserunt
3554 690 3608 742 in

2031 781 2144 850 lege
2175 781 2266 834 Dei
2289 819 2303 840 ,
2336 792 2387 833 et
2424 781 2772 834 nihilominus
2822 779 2959 832 idola
3011 782 3421 836 adoraverant'.
3459 800 3476 831 ι
3513 781 3616 834 Per

2029 872 2784 925 civitatemSamaritanorum
2824 871 2935 938 (49)
2986 872 3069 925 hic
3097 873 3408 925 dimidiatus
3440 874 3616 926 cultus

2029 975 2208 1032 posset
2243 964 2487 1032 intelligi,
2513 979 2608 1031 per
2630 978 2786 1027 quem
2815 962 2982 1032 328
3005 964 3272 1026 incedere,
3303 965 3453 1018 brevi
3483 980 3613 1018 usus

2030 1057 2348 1124 compendio
2407 1055 2665 1108 Dominus
2717 1066 2861 1108 vetat
2919 1074 2932 1108 :
2986 1055 3142 1108 «Sed
3194 1057 3370 1122 potius
3418 1057 3489 1108 ile
3547 1056 3614 1106 ad

2033 1164 2200 1210 oves,
2255 1163 2374 1218 quae
2420 1150 2696 1216 perierunt
2737 1147 2930 1200 domus
2962 1147 3160 1212 Israel;
3229 1167 3246 1198 ι
3291 1164 3418 1200 oves
3462 1155 3617 1200 vocat

2031 1245 2388 1300 lsraeliticuin
2430 1244 2704 1312 populum,
2740 1259 2804 1295 eo
2833 1247 2973 1310 quod
3007 1244 3166 1296 veluti
3209 1246 3464 1297 mundum
3500 1244 3604 1296 ani-

2034 1337 2178 1401 mal,
2233 1344 2287 1390 et
2341 1337 2480 1388 intra
2527 1334 2710 1387 caulas
2764 1334 3012 1387 lilosaiczc
3051 1336 3179 1402 legis
3209 1338 3528 1399 conclusus,
3563 1343 3618 1389 et

2033 1424 2468 1480 circumcisiouis
2493 1425 2746 1493 stigmate
2775 1425 3019 1492 signatus
3050 1432 3216 1489 esset,
3244 1435 3298 1478 et
3329 1427 3620 1493 propheta-

2034 1533 2153 1571 rum
2176 1515 2821 1571 sermonibusidentidem
2845 1514 2923 1568 uti
2949 1529 3141 1583 pecora
3163 1515 3447 1569 velleribus
3472 1517 3620 1569 fove-

2032 1619 2241 1672 rentur,
2261 1617 2314 1660 et
2334 1608 2588 1674 plurimo,
2607 1616 2659 1660 et
2679 1607 2892 1660 abunde
2911 1615 3226 1675 suppetente
3246 1610 3396 1660 verbi
3413 1608 3502 1659 Dei
3524 1624 3586 1674 pa
3603 1637 3621 1650 υ

2034 1699 2159 1752 bqu
2177 1700 2556 1767 saginarentur
2576 1717 2588 1752 :
2607 1699 2786 1766 dequo
2815 1698 2975 1752 etiam
3003 1698 3210 1753 Psaltes
3232 1701 3310 1752 sic
3328 1701 3436 1752 ait:
3469 1717 3487 1750 ι
3514 1699 3590 1753 De
3617 1737 3620 1740 -

349 1754 955 1860 καθάπτεται-φάσκων
980 1754 1044 1842 ⁸-(
1072 1754 1395 1856 ΤόδεΙλεγει
1423 1754 1629 1858 Κύριος
1656 1804 1668 1817 ·
1701 1754 1832 1855 Οὑξὶ
1863 1788 1931 1838 τὰ

2041 1789 2233 1842 duxisti
2253 1789 2394 1842 sicut
2419 1802 2549 1839 oves
2567 1790 2820 1856 populum
2850 1799 2997 1841 tuum
3018 1791 3060 1842 ⁸.
3093 1807 3112 1838 ι
3140 1790 3198 1842 ΕΙ
3225 1805 3349 1842 vero
3374 1791 3622 1844 Ezechiel

350 1884 605 1955 πρόϐατά
635 1901 738 1954 μου
764 1883 1060 1953 βόσκουσιν
1092 1884 1141 1934 οἱ
1173 1883 1432 1952 ποιμένες
1453 1895 1466 1909 ·
1504 1880 1592 1932 διὰ
1617 1878 1779 1930 τοῦτο
1821 1877 1931 1930 ἰδοὺ

350 1979 645 2046 ἐκζητήσω
669 1977 738 2030 τὰ
765 1977 1013 2048 πρόϐατά
1036 1995 1138 2047 μου
1167 1979 1230 2030 ὲκ
1285 1976 1393 2028 τῶν
1429 1975 1632 2045 χειρῶν
1669 1972 1871 2026 αὐτῶν.
1907 1988 1926 2022 ι

352 2069 544 2124 Ταῦτα
568 2072 630 2140 δὴ
663 2067 756 2124 οὖν
786 2073 852 2125 τὰ
871 2071 1124 2140 πρόϐατα
1151 2070 1292 2124 κατὰ
1327 2069 1533 2138 πολλὴν
1565 2068 1805 2140 ἐρημίαν
1827 2067 1936 2118 τῶν

350 2165 755 2232 ποιμαινόντων
790 2165 1122 2234 ὀρειὰλωτα,
1149 2164 1243 2217 καὶ
1282 2164 1604 2216 ἀπολωλότα
1635 2164 1933 2230 γεγόνασιν

350 2257 460 2321 ἔξω
485 2257 582 2326 τῆς
612 2257 721 2309 τῶν
761 2257 993 2309 ἐντολῶν
1025 2257 1264 2326 μάνδρας
1299 2255 1791 2326 περιπλανώμενοι,
1832 2255 1938 2317 ἓως

355 2368 375 2399 ι
432 2348 492 2401 Ὀ
524 2349 729 2418 ποιμὴν
761 2349 789 2400 ὁ
821 2348 1009 2412 καλὸς,
1044 2351 1071 2401 ὁ
1101 2348 1200 2417 τὴν
1223 2348 1402 2418 ψυχὴν
1431 2347 1598 2399 αὑτοῦ
1632 2346 1757 2408 δοὺς
1793 2347 1935 2414 ὑπὲρ

351 2439 466 2493 τῶν
491 2442 802 2510 προϐάτων,
844 2461 862 2492 ι
903 2443 1040 2509 πρὸς
1078 2441 1177 2502 τὰς
1237 2439 1560 2507 ζωηφόρους
1609 2439 1705 2490 τοῦ
1762 2439 1938 2505 Εὐαγ-

354 2534 538 2598 γελίου
594 2534 765 2602 νομὰς
819 2531 994 2585 ταῦτα
1068 2533 1365 2599 συνήγαγε.
1431 2531 1546 2583 Οὐκ
1605 2527 1726 2582 εἶπε
1763 2530 1818 2582 δὲ
1857 2530 1936 2582 ὅτι

352 2627 691 2698 Πορεύτιητε,
724 2627 872 2696 ὥραν
902 2625 1113 2687 ἐπιθεὶς
1135 2625 1210 2693 τῷ
1232 2624 1595 2694 βαπτίσματι,
1620 2624 1756 2677 ἀλλὰ
1787 2627 1938 2690 Πορ-

347 2719 590 2772 εύεσθε·
618 2719 705 2771 διὰ
737 2719 834 2786 τῆς
862 2716 1246 2786 παρατατικῆς
1267 2715 1544 2786 σημασίας
1574 2715 1672 2785 τὴν
1694 2717 1940 2785 ἀεικίνη-

352 2827 445 2862 τον
475 2809 704 2878 πορείαν
730 2809 880 2876 δηλοῖ
905 2808 1000 2860 ἅτε
1033 2807 1130 2860 τοῦ
1171 2805 1533 2875 εὐαγγελικοῦ
1577 2806 1737 2873 λόγου
1776 2807 1940 2874 μέχρι

358 2901 562 2962 παντὸς
581 2901 1047 2970 ὲπεκτεινομένου
1071 2917 1153 2964 τε,
1182 2900 1278 2952 καὶ
1344 2898 1780 2968 προκόπτοντος,
1841 2899 1938 2951 καὶ

357 2995 551 3048 στάσιν
579 2995 684 3063 τῆς
725 2994 955 3062 πορείας
985 2994 1087 3046 οὐκ
1109 2994 1348 3062 ἔχοντος.

439 3106 456 3138 ι
501 3087 870 3157 Πορευόμενοι
903 3087 957 3140 δὲ
983 3085 1291 3156 κηρύσσετε
1331 3084 1611 3152 λέγοντες·
1672 3083 1938 3152 Ἤγγικεν
1965 3094 2009 3155 C

353 3184 390 3251 ἡ
428 3181 675 3250 βασιλεία
703 3181 812 3234 τῶν
831 3181 1098 3250 οὐρανῶν.
1140 3199 1158 3231 ι
1189 3179 1445 3232 Βασιλεία
1483 3179 1589 3231 τῶν
1607 3178 1851 3251 οὐρανῶν
1908 3181 1940 3248 ή

357 3273 450 3328 διὰ
495 3271 733 3334 πίστεώς
765 3276 882 3324 ἐστι
934 3274 1096 3340 χάρις
1131 3270 1242 3322 τῶν
1273 3271 1581 3338 ἁνεφίκτων
1638 3270 1732 3322 τοῦ
1776 3271 1942 3339 νόμου

365 3363 868 3434 παρατηρημάτων
895 3361 1259 3430 ἐλευθεροῦσα
1291 3362 1383 3412 τὸν
1417 3360 1724 3430 ἄνθρωπον,
1742 3362 1837 3413 καὶ
1876 3363 1941 3427 τῇ

361 3458 711 3523 πνευματικῇ
741 3453 986 3524 υἱοθεσῐᾳ
1020 3453 1245 3520 πολίτην
1275 3452 1504 3503 ποιοῦσα
1532 3451 1641 3503 τῶν
1676 3450 1945 3520 οὐρανῶν.

364 3547 625 3600 Βασιλεία
679 3547 737 3598 δὲ
765 3545 967 3616 μᾶλλον
995 3544 1242 3615 οὐρανῶν
1265 3545 1426 3606 αὑτός
1456 3546 1603 3594 ἐστιν
1625 3545 1652 3593 ὁ
1685 3543 1940 3612 Χριστὸς,

358 3637 390 3689 ὁ
407 3638 496 3690 διὰ
519 3638 718 3707 σαρκὸς
735 3637 958 3704 ἐγγίσας
986 3638 1117 3705 ἡμῖν
1145 3638 1255 3696 τοῖς
1285 3635 1501 3704 μακρὰν
1524 3633 1688 3686 αὑτοῦ
1713 3632 1945 3700 γενομέ-

364 3748 472 3792 νοις
495 3730 584 3782 διὰ
618 3731 954 3799 φαυλότητα.
989 3748 1005 3781 ι
1029 3729 1420 3789 ’Λσθενοῦντας
1465 3727 1820 3800 θεραπεύετε,
1853 3727 1946 3779 λε-

363 3824 536 3894 προὺς
571 3823 921 3895 καθαρίζετε,
955 3825 1208 3893 δαιμόνια
1242 3823 1591 3876 ἐκϐάλλετε.»
1636 3823 1733 3874 Διά
1751 3825 1803 3874 τί
1834 3822 1944 3873 ἀπὸ

364 3917 474 3968 τῶν
497 3917 870 3970 ἀσθενούντων
899 3915 1164 3969 διέστειλε
1195 3916 1317 3979 τοὺς
1343 3914 1580 3986 λεπρούς
1605 3930 1618 3978 ;
1664 3915 1726 3966 Ἀ
1741 3930 1808 3984 ρα
1833 3914 1940 3982 γὰρ

487 4081 552 4135 ιν
595 4080 727 4150 Reg.
761 4094 892 4142 xvu,
917 4077 1008 4132 41.
1086 4079 1106 4109 ³
1134 4078 1280 4134 Psal.
1311 4095 1425 4145 xvi,
1452 4077 1545 4131 2t.

1624 4079 1644 4108 ⁸
1665 4077 1864 4131 Ezech.
1907 4085 2094 4137 xxuv,
2122 4075 2207 4126 ll.

2037 1881 2223 1934 ovibus
2236 1886 2512 1946 cowparat
2535 1879 2880 1932 Israeliticam
2902 1881 3163 1944 sobolem,
3180 1898 3286 1950 quo
3307 1882 3422 1933 loco
3439 1897 3622 1935 sacer-

2038 1973 2190 2025 dotes
2218 1971 2550 2046 perstringit,
2572 1971 2794 2022 dicens:
2829 1989 2845 2020 ι
2874 1969 2996 2023 Haec
3017 1973 3146 2024 dicit
3168 1972 3463 2026 Dominus:
3497 1973 3618 2026 Non

2037 2063 2266 2132 amplius
2281 2077 2412 2117 oves
2435 2077 2580 2115 meas
2599 2071 2828 2130 pascunt
2849 2075 3110 2129 pastores.
3134 2062 3260 2116 Ideo
3280 2080 3405 2116 ecce
3431 2067 3624 2133 exqui-

2038 2170 2154 2208 ram
2185 2169 2314 2209 oves
2345 2168 2493 2206 meas
2512 2152 2578 2206 de
2604 2154 2851 2205 inanibus
2868 2167 3055 2206 eorum
3077 2154 3119 2206 δ.
3152 2172 3170 2203 ι
3201 2155 3290 2207 lla:
3315 2155 3623 2222 igituroves

2038 2255 2314 2311 pastorum
2337 2243 2537 2310 inopia,
2554 2257 2616 2295 ac
2638 2243 2766 2295 vitio
2782 2243 3010 2296 desertae
3033 2259 3125 2309 per
3145 2253 3352 2297 montes
3372 2245 3625 2312 palabun-

2041 2340 2144 2400 daz,
2163 2352 2227 2390 ac
2258 2336 2478 2404 perdin
2505 2349 2658 2388 cura
2686 2345 3078 2404 praceptorum
3105 2348 3255 2404 septa
3273 2337 3622 2401 oberrabant,

2041 2431 2234 2492 donec,
2263 2427 2474 2482 «Bonus
2503 2439 2709 2497 pastor,
2734 2427 2824 2496 qui
2848 2428 3084 2480 animam
3106 2445 3256 2482 suam
3291 2432 3492 2499 datpro
3509 2431 3624 2483 ovi-

2042 2521 2269 2574 bussuis
2290 2519 2330 2582 ⁸,
2363 2537 2382 2568 ι
2418 2534 2511 2571 eas
2541 2519 2605 2569 ad
2646 2519 2828 2570 vitalia
2850 2517 3127 2586 Evangelii
3165 2534 3362 2586 pascua
3387 2522 3619 2573 reduxit.

2044 2613 2157 2666 Non
2177 2614 2309 2665 dixit
2330 2627 2477 2672 vero,
2501 2609 2654 2663 Ibitis
2672 2598 2806 2678 (5'0),
2821 2611 2973 2677 (prosi
3005 2622 3213 2677 tempus
3233 2627 3394 2661 unum
3414 2611 3620 2676 baptis-

2043 2705 2173 2757 mati
2220 2712 2496 2765 statuens;
2521 2703 2611 2755 sed
2644 2699 2745 2761 Ite,
2776 2716 2872 2768 per
2903 2700 3354 2768 signiﬁcationem
3389 2701 3626 2756 extensi-

2045 2811 2160 2847 vam
2184 2793 2295 2863 (51)
2316 2803 2629 2861 perpetuum
2650 2792 2755 2843 iter
2773 2791 3086 2854 ostendens,
3109 2792 3304 2859 quippe
3323 2807 3444 2842 cum
3461 2806 3626 2844 evaiz-

2043 2887 2246 2954 gelicus
2263 2900 2442 2939 sermo
2461 2886 2512 2938 in
2538 2885 2845 2938 universum
2872 2888 3060 2938 ortiem
3081 2885 3149 2937 sit
3171 2884 3548 2952 proferendus,
3570 2897 3626 2938 et

2045 2979 2116 3030 ita
2150 2991 2558 3045 progressurus,
2593 2986 2649 3028 ut
2688 2990 2964 3044 nunquam
2995 2991 3022 3028 a
3054 2991 3154 3029 suo
3177 2991 3338 3030 cursu
3376 2977 3622 3031 desistat.

2119 3088 2136 3120 ι
2173 3067 2376 3122 Euntes
2404 3081 2581 3121 autem
2626 3067 2913 3135 pra-dicate
2945 3071 3211 3129 dicentes,
3242 3069 3368 3134 quia
3418 3069 3628 3136 Appro-

2049 3163 2328 3233 pinquavit
2383 3176 2604 3229 regnum
2648 3161 2930 3214 malorum.
2986 3177 3006 3210 ι
3067 3160 3305 3228 Regnum
3364 3161 3624 3213 caelorum

2049 3260 2218 3326 gratia
2249 3266 2350 3320 est,
2400 3272 2516 3325 qua:
2543 3270 2634 3322 per
2670 3257 2826 3307 tidem
2854 3255 3032 3318 datur,
3069 3270 3098 3306 a
3130 3254 3266 3321 legis
3295 3253 3630 3307 observatio—

2049 3365 2230 3427 nibus,
2280 3377 2398 3430 quae
2427 3359 2630 3414 servari
2663 3374 2767 3414 non
2803 3368 3029 3427 possunt
3065 3358 3336 3412 hominem
3367 3359 3626 3424 liberans,

2049 3469 2280 3520 eumque
2339 3450 2606 3519 spirituali
2657 3451 2947 3517 adoptione
3002 3451 3056 3503 in
3111 3452 3231 3504 coeli
3294 3451 3466 3504 civem
3500 3453 3631 3504 ado—

2054 3557 2209 3610 plutts
2250 3560 2262 3596 :
2297 3561 2390 3599 seu
2425 3543 2602 3611 potius
2636 3558 2861 3610 regnum
2895 3543 3156 3596 ccelonini
3196 3552 3275 3596 est
3317 3544 3428 3609 ipse
3471 3541 3632 3595 Chri-

2053 3645 2190 3698 stus,
2219 3637 2306 3703 qui
2338 3651 2434 3703 per
2463 3650 2678 3687 carnem
2722 3634 2875 3687 nobis
2900 3634 3352 3702 appropinquavtt
3379 3649 3474 3700 per
3503 3648 3628 3700 pec-

2054 3739 2232 3782 catum
2291 3728 2358 3780 ab
2413 3726 2503 3778 illo
2555 3725 2710 3794 longe
2761 3726 3008 3778 semotis.
3077 3742 3094 3774 ι
3139 3723 3389 3777 liilirinos
3419 3732 3630 3786 curate,

2054 3825 2296 3892 leprosos
2341 3824 2635 3885 inundate,
2687 3824 2960 3875 dzemones
3015 3820 3216 3889 ejicite.
3267 3839 3284 3871 ι
3327 3818 3466 3885 Quid
3523 3830 3630 3882 est,

2051 3913 2192 3981 quod
2229 3911 2297 3964 ab
2329 3911 2560 3964 inlirmis
2596 3911 2839 3979 leprosos
2874 3911 3149 3980 seiunxit?
3194 3925 3321 3962 num
3358 3911 3500 3961 enim
3549 3907 3634 3960 in-

2285 4074 2307 4105 ⁵
2338 4069 2491 4125 Joan.
2528 4087 2583 4133 χ,
2629 4071 2714 4126 ll.

1601 4210 1926 4272 Francisci
1961 4211 2171 4271 Scorsl
2204 4217 2391 4270 notae.

373 4355 657 4397 nianasare
712 4337 911 4392 missus
945 4337 1138 4400 fuerat,
1173 4344 1233 4389 ut
1262 4334 1493 4389 habetur
1525 4333 1589 4387 ιν
1615 4333 1748 4402 Reg.
1804 4349 1927 4402 cap.

372 4430 456 4469 xv:
487 4431 500 4467 :
543 4423 598 4466 et
630 4411 696 4463 ab
732 4410 833 4463 hoc
862 4417 1082 4460 auctore
1109 4406 1264 4459 latius
1315 4415 1396 4458 est
1424 4405 1725 4471 expositum
1782 4404 1927 4456 liom.

371 4485 434 4536 de
467 4481 724 4537 Samarit.
761 4494 882 4547 quin
927 4487 1010 4531 est
1049 4475 1117 4529 58
1172 4475 1362 4529 ordine
1419 4491 1433 4527 :
1495 4477 1560 4527 ad
1602 4489 1765 4543 quam
1817 4475 1938 4527 vide

372 4564 543 4608 notus.

443 4625 554 4692 (49)
587 4625 692 4675 Per
713 4621 974 4673 civitatem
1003 4615 1487 4692 Samaritanorum.
1525 4613 1662 4677 Quid
1689 4623 1774 4692 est
1807 4613 1941 4667 reli-

381 4686 592 4762 gionem
668 4702 922 4762 tanquam
989 4689 1264 4762 civitatein
1325 4686 1728 4762 colere,_quod
1777 4698 1940 4762 supra

373 4753 551 4828 dixit,
587 4771 642 4814 et
667 4761 757 4828 qui
813 4760 1048 4812 civitatis
1090 4755 1451 4828 appellatione
1505 4753 1944 4828 tliinidiatusille

374 4823 550 4888 cultus
606 4823 751 4885 recte
790 4829 959 4896 possit
1001 4824 1269 4896 intelligi?
1302 4823 1631 4896 [inconcinna
1671 4823 1944 4874 videbitur

375 4905 606 4958 fortasse
659 4892 974 4960 similitudo,
1014 4897 1114 4949 nisi
1168 4894 1233 4946 ad
1295 4892 1705 4946 sunilitudinem
1755 4907 1942 4944 vocum

374 4977 590 5026 animus
651 4973 990 5030 advertatur,
1026 4981 1142 5031 qua:
1203 4965 1254 5016 in
1297 4963 1489 5016 Latino
1543 4966 1797 5014 idiomate
1860 4977 1943 5013 vix

375 5047 605 5097 exsistit.
635 5041 705 5093 Ea
743 5041 985 5092 estinter
1009 5037 1162 5087 πόλιν
1183 5051 1300 5100 quin
1336 5036 1524 5085 civitas
1545 5071 1558 5095 ,
1582 5042 1635 5083 et
1667 5032 1945 5083 πολιτείαν

378 5111 497 5182 qttaé
553 5113 696 5164 inter
745 5110 955 5161 vivendi
1007 5111 1267 5158 rationein
1300 5120 1405 5182 nou
1449 5104 1943 5182 intumum"Iri-into,

379 5169 474 5239 ἐνιι
504 5194 666 5236 ριιιιιιι
691 5195 902 5232 sacram
931 5189 985 5229 et
1015 5182 1312 5228 secundum
1345 5176 1532 5225 Deum.
1569 5171 1718 5224 Unde
1751 5169 1812 5222 D.
1847 5172 1948 5220 lla-

379 5256 555 5309 silius.
612 5251 780 5318 Epist.
831 5251 897 5299 ad
931 5246 1155 5318 Gregor.
1192 5246 1302 5318 :ﬂoi
1363 5245 1466 5310 βίοι
1494 5241 1601 5318 τῶν
1660 5242 1946 5318 μακαρίων

379 5324 588 5394 ἀνδρῶν
651 5311 761 5373 οἷον
791 5319 996 5377 εἰκόνες
1030 5311 1175 5376 τινὲς
1207 5317 1443 5382 ἕμᾲυχοι
1489 5313 1586 5379 τῆς
1639 5315 1778 5386 κατὰ
1814 5311 1946 5389 Θεὸν

381 5381 660 5453 πολίτείας
735 5390 1089 5457 πρόκεινταιθ
1159 5381 1440 5436 [lautorum
1512 5382 1780 5432 hominum
1831 5381 1948 5431 vim:

380 5475 630 5530 tanquam
669 5455 951 5513 simulacro
979 5455 1221 5530 qtta'duut
1252 5466 1488 5504 (Humum
1525 5464 1796 5518 proposita
1824 5459 1946 5530 sittnl

384 5519 500 5587 tritu;
550 5539 614 5583 ιιά
648 5546 878 5582 normam
913 5519 1138 5580 dictitant
1190 5525 1467 5576 institutae.
1520 5527 1591 5575 ltu
1643 5525 1800 5572 vertit
1845 5519 1949 5571 Bu-

384 5611 546 5656 i'aaus.
597 5604 658 5654 l'll.
701 5605 758 5654 ι).
815 5599 1033 5658 Paulus,
1088 5599 1152 5646 :id
1196 5595 1426 5660 l-‘litlipp.
1464 5609 1565 5645 lil:
1613 5591 1802 5659 Ἡμίυν
1841 5605 1947 5657 γαρ

383 5676 441 5724 τὸ
474 5673 778 5740 πολίτευμα
829 5674 882 5720 ἐν
932 5667 1181 5736 οὐρανοῖς
1211 5664 1450 5732 ὑπαρχει
1478 5679 1492 5694 ο
1554 5661 1748 5714 Nostra
1773 5671 1946 5740 autem

382 5732 714 5798 conversatio
765 5744 819 5795 iit
853 5732 1125 5790 walls-est.
1163 5736 1419 5802 Adeoque
1468 5750 1572 5789 non
1611 5735 1789 5800 inepte
1848 5732 1944 5800 τὴν

2040 4335 2319 4386 πολιτείαν
2356 4332 2789 4400 δοιιπολίτευμα
2820 4329 3240 4395 Samaritarum,
3272 4331 3371 4385 hoc
3404 4342 3481 4385 est
3504 4349 3634 4387 con-

2049 4405 2413 4458 versationem
2457 4418 2668 4466 eorum,
2707 4418 2798 4454 seu
2835 4403 3047 4454 vivendi
3103 4407 3363 4453 rationein
3408 4405 3460 4454 et
3514 4405 3632 4456 cnl-

1966 4446 2017 4504 D
2049 4485 2162 4526 tum
2210 4474 2366 4525 πόλιν
2423 4446 2698 4526 civitatein
2761 4472 2846 4523 hic
2899 4482 3087 4523 auctor
3145 4472 3400 4538 appellat.
3453 4472 3628 4526 Porro

2046 4545 2207 4596 etiam
2242 4546 2436 4596 civitas
2487 4543 2676 4595 Latine
2737 4556 2842 4592 non
2900 4541 3110 4601 domos,
3160 4550 3213 4591 et
3257 4542 3478 4601 inmitia,
3537 4545 3630 4594 sed

2052 4615 2226 4680 ips-ini
2285 4615 2675 4680 rempublicam
2713 4610 3026 4674 victumque
3070 4623 3410 4662 communem
3449 4614 3632 4679 populi

2048 4685 2337 4751 Signilirut,
2371 4687 2512 4748 quod
2547 4681 2700 4742 vulgo
2732 4690 2914 4751 nolunt
2945 4688 3047 4733 est.

2121 4753 2236 4821 (ὅθ)
2276 4747 2398 4804 Non
2447 4753 2580 4804 dixit
2621 4766 2758 4810 vero,
2793 4749 2984 4800 Ibitis.
3052 4747 3122 4798 Ita
3153 4748 3354 4821 reddidi
3389 4754 3531 4816 quod
3559 4751 3632 4804 itit

2048 4819 2302 4874 videntur
2343 4827 2560 4890 exigere
2592 4836 2785 4872 sensus
2845 4821 3104 4872 auctoris.
3155 4819 3422 4870 Observat
3479 4822 3624 4872 enim

2047 4893 2198 4944 verlii
2227 4891 2467 4950 modum,
2515 4903 2566 4943 et
2617 4901 2846 4955 tempus,
2901 4900 2956 4940 ut
2981 4906 3044 4941 cx
3083 4892 3432 4955 sequo-litibus
3465 4903 3632 4952 νειμ-1.

2055 4963 2204 5014 Unde
2260 4965 2508 5025 suspicor
2571 4961 2855 5028 legendum
2911 4959 3304 5027 πορευθὴσετε,
3339 4974 3408 5028 γει
3456 4962 3634 5014 [εισιΙιδ

2051 5033 2152 5083 fuit
2201 5034 2377 5097 lapsus
2418 5033 2576 5083 unius
2631 5027 2852 5096 Syllaba:
2880 5031 3236 5081 illlt‘l'llletllil’.
3303 5027 3416 5080 Non
3449 5039 3630 5083 tamen

2051 5103 2190 5153 volui
2246 5106 2567 5168 scripturam
2609 5114 2845 5161 inut..rc,
2879 5103 2968 5150 sed
3024 5116 3210 5152 noiat'e
3241 5102 3634 5165 suspicionem,

2059 5172 2356 5240 primm-tim
2409 5173 2533 5238 quin
2585 5171 2672 5223 hic
2724 5171 2872 5221 locus
2930 5170 3218 5221 destitutus
3273 5186 3354 5221 εει
3408 5173 3529 5222 cod.
3573 5172 3632 5224 S.

2053 5243 2253 5294 auxilio
2299 5259 2311 5294 :
2372 5257 2476 5293 nou
2535 5241 2676 5306 quod
2721 5256 2785 5291 eo
2843 5254 3082 5301 t':tl’c.tttt,
3129 5241 3221 5292 Sed
3281 5245 3420 5307 quod
3461 5243 3510 5290 iu
3568 5255 3634 5292 eo

2053 5314 2216 5362 multa
2277 5315 2495 5371 desunt,
2557 5312 2812 5360 nimirum
2885 5311 2950 5360 ali
3003 5313 3108 5361 illis
3157 5317 3334 5361 verbis
3392 5312 3634 5378 ἡμέραις

2050 5380 2224 5443 δυσὶν,
2279 5397 2449 5449 usque
2498 5379 2609 5432 fere
2663 5381 2728 5430 ad
2783 5392 3104 5446 pra'sentein
3137 5382 3337 5441 locum,
3385 5382 3480 5430 ἆτε
3537 5379 3631 5432 τοῦ

2051 5451 2411 5518 εὐαγγελικοῦ
2455 5451 2640 5513 λόγου.

2123 5517 2232 5590 (Sil)
2273 5520 2376 5572 Per
2423 5519 2884 5590 signiﬁcationem
2937 5520 3278 5570 extensa-mu.
3341 5517 3498 5590 Quid
3530 5518 3631 5570 s'bi

2052 5588 2182 5645 velit
2240 5595 2352 5644 lia-.c
2399 5593 2678 5643 cstensiva
2715 5589 3064 5657 signiﬁcatio,
3107 5601 3239 5639 -ιιιιη
3277 5588 3632 5654 ι-ιιιυςιιίιιιιιει

2053 5666 2116 5714 ad
2146 5665 2292 5716 hom.
2334 5677 2409 5727 XI,
2445 5671 2554 5714 not.
2589 5660 2680 5724 87,
2713 5677 2873 5728 quam
2908 5658 3149 5712 consule.
