4070 6410
390 309 490 368 i569

1723 307 2053 370 HGMILIA
2096 308 2369 370 XLVIII.

3558 317 3664 379 870

388 423 507 485 λίας
539 422 750 493 λειμὼν
782 424 892 476 τῶν
925 423 1326 496 χριστολέκτων
1359 423 1623 496 ῥημάτων
1658 422 1841 494 βρύων
1867 425 1968 484 τοῖς

2083 431 2296 488 piatum
2322 419 2613 474 verborum
2637 419 2841 478 Christi
2867 421 3095 479 ﬂoribus
3118 423 3400 479 abundans
3429 427 3664 485 delecta-

389 515 579 568 ἄνθεσι
619 516 1070 570 πολλαπλασίονα.
1105 519 1337 587 παρέχει
1383 517 1483 586 τὴν
1542 516 1806 586 ὴδύτητα.
1868 517 1978 568 Καὶ

388 604 498 656 τῶν
532 606 634 675 μὲν
669 607 882 661 ἀνθέων
911 609 980 661 τὰ
1014 610 1279 662 κάλλιστα
1321 604 1477 677 ὁμοῦ
1507 626 1570 660 τε
1611 608 1836 678 ἤνθησε,
1879 609 1978 660 καὶ

393 701 588 770 μικρὸν
616 702 857 769 φανέντα
895 703 1238 773 μαραίνεται.
1277 703 1350 755 Τὸ
1394 702 1450 754 δέ
1492 701 1591 769 τῆς
1639 700 1800 768 ἁγίας
1832 701 1976 770 Γρα-

390 791 497 859 φῆς
543 792 742 854 κάλλος
803 793 1103 857 διαπαντὸς
1159 797 1406 864 τηρεῖται
1455 792 1756 862 ὰλὼὄητον.
1824 791 1978 844 Ἐπεὶ

386 885 479 938 οὖν
532 887 623 938 καὶ
668 889 816 957 ἡμᾶς
870 891 1107 944 ἐνταῦθα
1155 891 1512 962 συνήθροισεν
1542 891 1571 942 ὁ
1603 890 1713 942 τῶν
1769 890 1976 960 νοερῶν

385 977 668 1046 δυνάμεως
685 981 1143 1052 Ἀρχιττράτηγος
1167 981 1265 1051 τὴν
1286 982 1475 1034 τούτου
1500 981 1978 1050 πανηγυρίσοντας

388 1068 631 1133 σύναξιν,
670 1074 804 1142 φέρε
845 1073 924 1142 τῷ
978 1076 1207 1143 λειμῶνι
1245 1073 1322 1143 τῷ
1363 1073 1705 1142 εὑαγγελικῷ
1737 1090 1977 1142 προσεγ-

387 1162 642 1229 γίσαντες
669 1165 738 1217 τὰ
768 1166 1120 1234 πνευματικὰ
1154 1165 1284 1237 ῥόδα
1305 1168 1690 1236 τρυγήσωμεν.

466 1271 484 1301 ι
525 1247 694 1306 Εἶπεν
755 1257 784 1306 ὁ
842 1255 1050 1326 Κύριος
1107 1259 1222 1319 τοῖς
1281 1257 1478 1308 ἑαυτοῦ
1538 1255 1848 1324 μαθηταῖς·
1915 1255 1974 1308 Ὀ

388 1344 608 1396 ἁκούων
659 1345 832 1415 ὑμῶν,
887 1347 1022 1415 ἐμοῦ
1054 1347 1266 1410 ἀκούει,
1320 1350 1417 1400 καὶ
1465 1348 1493 1399 ὁ
1551 1348 1760 1399 ἀθετῶν
1807 1349 1971 1418 ὑμᾶς,

386 1435 492 1502 ἐμὲ
546 1435 753 1493 ἀθετεῖ.
799 1457 816 1489 ι
883 1440 1155 1510 Πρότερον
1204 1442 1303 1509 μὲν
1361 1440 1570 1492 δώδεκα
1624 1442 1887 1508 φοιτητὰς
1946 1443 1974 1494 ὁ

390 1525 586 1596 Σωτὴρ
614 1527 916 1594 ἐξελέξατο,
949 1529 1042 1592 οὓς
1073 1531 1166 1583 καὶ
1199 1530 1550 1583 ἀποστέλλων
1598 1531 1738 1599 πρὸς
1778 1532 1838 1583 τὸ
1875 1532 1976 1601 κή-

389 1634 580 1686 ρυγμα
612 1621 940 1684 ἐνετείλατο,
979 1623 1116 1692 μήτε
1167 1625 1245 1685 εἰς
1294 1623 1412 1676 ὁδὸν
1467 1623 1638 1675 ἐθνῶν
1690 1623 1972 1686 ἀπελθεῖν,

387 1711 529 1781 μήτε
571 1714 652 1774 εὶς
704 1714 859 1768 πόλιν
907 1714 1267 1783 Σαμαρειτῶν
1323 1713 1604 1768 εἰσελθεῖν.
1661 1715 1814 1766 Ἐπεὶ
1856 1715 1911 1767 δέ
1943 1718 1970 1768 ὁ

379 1802 768 1868 διδασκαλικὸς
819 1806 1153 1858 ἐπλατύνετο
1189 1805 1368 1873 λόγος,
1411 1809 1506 1858 καὶ
1542 1807 1591 1858 οἱ
1623 1808 1972 1870 πιστεύοντες

385 1895 780 1966 ἑπληθύνοντο,
816 1900 912 1950 καὶ
945 1903 1085 1952 κατὰ
1117 1899 1218 1967 τὴν
1264 1902 1606 1968 Δεσποτικὴν
1655 1901 1972 1971 παραϐολὴν

386 1980 453 2031 τὸ
485 1983 588 2049 μὲν
637 1983 796 2053 θέρος
833 1986 940 2037 τῶν
993 1984 1330 2037 πιστούντων
1365 1985 1577 2056 ὑπῆρχε
1615 1986 1770 2050 πολὺ,
1823 1989 1875 2040 οἱ
1915 1988 1970 2041 δὲ

382 2076 627 2142 γεωργοὶ
656 2075 981 2128 δυοκαίδεκα
1031 2077 1184 2144 μόνοι
1243 2077 1565 2145 ἐτύγχανον,
1599 2077 1880 2144 ἐκλέγεται
1907 2080 1969 2148 δὴ

384 2164 487 2215 καὶ
511 2164 730 2228 λοιποὺς
757 2167 1155 2237 ἐϐδομήκοντα,
1192 2169 1284 2220 καὶ
1317 2169 1444 2226 τοὺς
1472 2168 1570 2237 μὲν
1598 2168 1806 2222 δώδεκα
1832 2170 1972 2222 κατὰ

385 2255 483 2307 τὸν
523 2258 757 2326 ἀριθμὸν
807 2261 918 2312 τῶν
972 2260 1180 2312 δώδεκα
1211 2259 1346 2312 υἱῶν
1401 2260 1621 2325 Ἰακὼϐ,
1677 2261 1738 2324 ἐξ
1785 2254 1859 2313 ὧν
1915 2263 1970 2315 αἱ

383 2347 497 2399 τῶν
571 2349 839 2420 Ἐϐραίων
898 2353 1099 2420 φυλαὶ,
1153 2353 1182 2404 ὃ
1229 2354 1294 2420 δὴ
1349 2355 1888 2422 προεχρησμῴδησεν
1938 2359 1970 2423 ἡ

382 2437 587 2510 κινύρα
617 2443 779 2494 Δαείδ
806 2461 819 2474 ·
857 2463 875 2495 ι
900 2444 1043 2496 Ἀντὶ
1068 2444 1174 2497 τῶν
1198 2446 1451 2514 πατέρων
1483 2461 1577 2496 σου
1608 2445 1972 2516 ἐγεννήθησαν

378 2535 436 2585 οξ
463 2535 567 2586 υἱοί
605 2553 698 2590 σου
729 2555 743 2570 ο
780 2541 1150 2608 καταστήσεις
1189 2541 1386 2603 αὐτοὺς
1426 2542 1698 2611 ἄρχοντας
1736 2544 1830 2594 ἐπὶ
1866 2544 1974 2596 πᾶ-

382 2643 492 2678 σαν
540 2628 638 2698 τὴν
686 2630 822 2698 γῆν·
861 2648 880 2679 ι
927 2631 1172 2700 πατέρας
1219 2632 1393 2700 λέγων
1449 2635 1576 2697 τοὺς
1624 2635 1972 2706 πατριάρχας

382 2721 686 2786 γεγονότας
724 2722 783 2773 τὸ
822 2722 966 2774 κατὰ
1005 2723 1185 2794 σάρκα
1232 2725 1477 2794 πατέρας
1517 2726 1778 2797 Χριστοῦ,
1821 2730 1971 2792 etot;

378 2811 444 2863 δὲ
484 2812 610 2876 τοὺς
666 2813 846 2884 ἱεροὺς
893 2815 1126 2877 ὀπαδοὺς
1175 2815 1270 2868 τοῦ
1315 2817 1574 2886 Χριστοῦ.
1631 2817 1817 2881 υῦτως
1865 2822 1973 2887 γὰρ

379 2903 582 2964 αὐτοὺς
605 2903 853 2974 ὠνόμασε
884 2909 976 2958 καὶ
1003 2909 1060 2960 ἐν
1084 2907 1227 2978 ἄλλῳ
1249 2908 1449 2978 ψαλμῷ
1473 2923 1487 2938 ·
1525 2927 1544 2959 ι
1568 2909 1860 2977 Ἐνέγκατε
1893 2911 1971 2982 τῷ

2086 514 2286 566 tionem
2340 513 2526 567 multis
2577 514 2821 584 partibus
2874 515 3136 583 maiorem
3185 517 3364 573 aliert.
3416 519 3479 572 Et
3532 537 3666 577 sane

2083 604 2433 670 pulcherrimi
2465 607 2668 674 quique
2701 608 2896 662 [lorum
2949 611 3110 664 simul
3147 610 3403 674 ﬂoruere,
3449 624 3502 665 et
3533 630 3667 681 pau-

2085 694 2252 748 lulum
2286 711 2609 764 apparuere,
2646 711 3020 766 marcescunt;
3057 711 3112 755 at
3138 713 3340 758 sancta:
3368 706 3666 772 Scriptura:

2083 786 2431 851 pulchritudo
2497 804 2891 858 usquequaque
2952 793 3090 860 viget
3153 795 3338 848 illaesa.
3396 796 3662 861 Quoniam

2083 877 2247 945 igitur
2269 878 2720 933 intellectualium
2751 884 3008 935 virtutum
3043 885 3154 954 (55)
3182 887 3434 954 princeps
3455 890 3521 939 ad
3546 889 3664 954 ejus

2084 969 2286 1023 festum
2334 972 2717 1025 celebrandum
2774 989 2872 1027 nos
2920 976 3023 1028 huc
3071 978 3230 1030 hodie
3272 982 3661 1046 congregavit:

2082 1077 2180 1132 age
2205 1063 2316 1132 jam
2354 1079 2420 1116 ac
2455 1065 2825 1134 evangelicum
2857 1067 3020 1136 330
3061 1072 3385 1126 accedamus
3422 1084 3660 1141 pratum,

2009 1146 2018 1162 ’
2078 1170 2145 1210 ex
2189 1171 2362 1225 eoque
2399 1159 2753 1228 decerpamus
2789 1163 3102 1229 spirituales
3142 1181 3293 1219 rosas
3317 1173 3361 1220 ".

2153 1267 2170 1298 ι
2213 1249 2354 1303 Dixit
2382 1249 2541 1306 Jesus
2588 1252 2868 1320 discipulis
2905 1257 3020 1309 suis
3051 1273 3064 1309 :
3101 1256 3201 1321 Qui
3240 1274 3334 1311 vos
3366 1262 3534 1320 audit.
3571 1277 3657 1318 me

2077 1342 2257 1406 audit;
2298 1353 2353 1394 et
2399 1344 2490 1410 qui
2524 1359 2620 1396 vos
2669 1347 2901 1412 Spernit,
2924 1362 3009 1400 me
3055 1349 3280 1415 spernit.
3313 1367 3332 1399 ι
3387 1350 3657 1418 Principio

2077 1433 2296 1500 quidem
2322 1433 2608 1489 duodecim
2641 1436 2940 1504 discipulos
2972 1437 3222 1493 Salvator
3249 1443 3432 1508 elegit,
3465 1445 3662 1512 quibus

2079 1521 2145 1572 ad
2181 1521 2583 1587 praedicandum
2621 1527 2800 1579 missis
2829 1531 3110 1596 praecepit,
3147 1545 3213 1582 ne
3268 1531 3317 1582 in
3361 1535 3502 1585 viam
3527 1550 3658 1599 geu-

2008 1634 2048 1686 η
2080 1611 2213 1664 tium
2251 1613 2428 1679 irent,
2462 1630 2562 1669 nec
2598 1617 2648 1668 in
2699 1618 2948 1672 civitates
2979 1619 3447 1677 Samaritanorum
3493 1626 3663 1679 intra-

2083 1713 2198 1757 rent
2225 1703 2268 1756 ".
2307 1703 2407 1758 Ubi
2459 1721 2588 1760 vero
2623 1708 2884 1776 prolatari
2918 1726 3100 1765 sermo
3140 1715 3422 1777 doctrina),
3464 1726 3518 1770 et
3543 1733 3663 1770 cre-

2080 1796 2322 1850 dentium
2348 1799 2636 1852 multitudo
2666 1811 2843 1870 carpta
2879 1805 3160 1872 atlaugeri,
3188 1818 3244 1860 et
3265 1807 3417 1872 juxta
3449 1809 3660 1864 Domini

2083 1888 2396 1955 parabolam
2431 1890 2628 1943 messis
2659 1892 2877 1958 quidem
2911 1896 3250 1948 credentium
3278 1899 3658 1967 multiplicata,

2080 1979 2312 2044 operarii
2369 1994 2498 2032 vero
2545 1983 2828 2036 duodecim
2869 1993 3077 2039 tantmu
3120 2000 3298 2052 erant,
3347 1991 3531 2058 allegit
3580 1994 3664 2045 in-

2080 2085 2246 2137 super
2281 2071 2415 2126 alios
2451 2077 2816 2142 septuaginta,
2852 2077 2918 2145 {et
2963 2077 3248 2132 duodecim
3287 2082 3502 2150 quidem
3539 2082 3658 2153 (56)

2081 2167 2208 2237 legit
2237 2167 2392 2235 juxta
2417 2185 2704 2224 numerum
2730 2173 3011 2226 duodecim
3039 2175 3270 2230 filiorum
3297 2177 3485 2243 Jacob,
3515 2184 3660 2234 unde

2080 2259 2326 2315 deducta:
2377 2260 2729 2316 Hebr-morum
2793 2264 3010 2326 tribus,
3065 2267 3208 2335 quod
3268 2281 3323 2323 et
3375 2274 3658 2340 prazcinuit

2081 2351 2249 2405 David
2299 2356 2697 2421 cytharmdus:
2735 2372 2753 2405 ι
2790 2353 2897 2409 Pro
2945 2359 3191 2425 patribus
3227 2361 3335 2412 tuis
3379 2362 3488 2414 nati
3533 2371 3659 2416 sunt

2083 2446 2175 2498 tibi
2225 2447 2350 2498 lilii:
2405 2450 2708 2504 constitues
2762 2465 2856 2503 eos
2907 2453 3181 2520 principes
3233 2470 3396 2522 super
3441 2471 3656 2510 onmem

2082 2540 2358 2594 terram’:
2393 2557 2410 2588 ι
2443 2551 2626 2608 patres
2650 2541 2988 2609 patriarchas
3017 2545 3311 2612 appellans,
3337 2548 3426 2615 qui
3457 2549 3656 2602 Christi

2080 2633 2377 2684 secundum
2397 2647 2617 2686 carnem
2653 2619 3029 2705 prOgenitores
3057 2635 3237 2701 fuere,
3275 2637 3410 2690 tilios
3438 2649 3660 2694 sanctos

2079 2721 2319 2775 asseclas
2367 2721 2607 2790 Christi;
2654 2725 2735 2778 sic
2777 2726 2922 2778 enim
2977 2736 3028 2778 et
3071 2727 3123 2778 iu
3161 2725 3266 2778 alio
3302 2726 3512 2793 psalmo
3562 2741 3660 2784 ers

2082 2816 2291 2868 vocavit
2325 2834 2339 2870 :
2379 2835 2397 2868 ι
2430 2818 2634 2873 All‘erte
2666 2818 2917 2886 Domino,
2971 2820 3064 2873 lilii
3123 2819 3213 2873 Dei
3249 2821 3326 2886 ";
3369 2823 3459 2873 sed
3499 2835 3660 2874 voca-

2084 2905 2281 2958 tionem
2343 2908 2684 2976 septuaginta
2748 2908 3083 2963 Testameuti
3148 2911 3362 2964 Veteris
3410 2911 3655 2979 quaedam

383 2997 602 3067 Κυρίῳ,
635 2999 738 3049 υἱοὶ
765 2999 902 3050 θεοῦ
931 3015 944 3028 ·
989 3017 1008 3051 ι
1042 3003 1141 3068 τὴν
1163 3001 1219 3053 δέ
1243 3001 1437 3071 κλῆσιν
1465 3003 1573 3055 τῶν
1601 3003 1968 3073 ἐϐδομήκοντα

2081 2996 2309 3052 historia
2369 3000 2621 3070 ﬁguravit
2685 3000 2820 3070 (57).
2877 3000 3141 3070 Praecepit
3195 3003 3338 3055 enim
3397 3002 3656 3055 Dominus

383 3087 532 3156 ἄλλη
571 3106 654 3151 τις
689 3089 903 3158 ἱστορία
948 3091 1172 3161 ᾐνίξατο
1214 3093 1442 3148 παλαιά.
1496 3094 1833 3147 Ἐνετείλατο
1861 3097 1970 3166 γὰρ

379 3183 414 3232 ὀ
453 3181 584 3244 Θεὸς
611 3183 776 3235 πάλαι
806 3183 882 3252 τῷ
918 3184 1120 3255 θεόπτῃ
1152 3186 1344 3238 Μωσεί
1373 3185 1700 3252 ἐκλέξασθαι
1728 3187 1836 3240 ἀπὸ
1862 3189 1970 3242 τῶν

382 3275 782 3345 πρεσϐυτέρων
836 3275 929 3328 τοῦ
989 3277 1114 3330 λαοῦ
1168 3277 1367 3347 ἄνδρας
1433 3279 1833 3349 ἐϐδομήκοντα,
1877 3281 1971 3333 καὶ

383 3366 598 3435 κατέϐη
657 3367 859 3438 Κύριος
905 3370 966 3421 ἐν
1007 3369 1227 3438 νεφέλῃ,
1269 3371 1365 3423 καὶ
1420 3371 1676 3440 ἀφείλετο
1721 3375 1828 3424 ἀπὸ
1874 3374 1970 3425 τοῦ

381 3455 701 3525 ⁶’τνεύματος
741 3459 835 3510 τοῦ
894 3460 952 3510 ἐν
1004 3459 1082 3531 τῷ
1129 3462 1338 3524 Μωσεῖ,
1403 3467 1494 3514 καὶ
1535 3463 1688 3515 ἔθετο
1745 3465 1804 3515 ἐν
1857 3468 1970 3526 τοῖς

382 3550 784 3619 ἐϐδομήκοντα,
810 3554 904 3606 καὶ
928 3545 1076 3605 οὗτοι
1104 3554 1180 3622 τῷ
1211 3554 1500 3627 νομοθέτῃ,
1529 3556 1970 3624 συναντελαμϐάο

381 3659 565 3696 voveo.
607 3643 778 3697 Τοῦτο
808 3647 867 3697 τὸ
901 3647 1095 3716 μέλλον
1130 3649 1578 3718 προεζωγράφει,
1615 3650 1708 3700 καὶ
1736 3651 1786 3700 οἱ
1817 3648 1968 3700 ἐϐδο-

386 3736 643 3805 μήκοντα
679 3739 876 3788 ἐκεῖνοι
916 3739 1107 3808 ἄνδρες
1138 3740 1248 3793 τῶν
1298 3740 1603 3808 ἰσαρίθμων
1632 3741 1836 3793 τούτων
1867 3760 1972 3812 μα-

383 3826 574 3894 θητῶν
604 3822 742 3896 ἦσαν
803 3827 1174 3898 προτύπωσις,
1245 3831 1408 3883 Ἀλλὰ
1467 3833 1561 3883 καὶ
1615 3832 1704 3883 ὅτε
1751 3831 1840 3884 διὰ
1873 3833 1970 3900 τῆς

382 3919 600 3987 ἐρήμου
626 3920 822 3990 ἦγοντο
856 3920 952 3972 τοῦ
1001 3921 1217 3991 Ἰσραὴλ
1245 3923 1293 3973 οἱ
1327 3922 1582 3989 ἀπόγονοι
1604 3925 1669 3990 τῇ
1703 3922 1970 3993 ὀδηγούσῃ

382 4012 593 4084 νεφέλῃ
642 4013 898 4081 ἑπόμενοι
935 4015 1420 4083 καταλαμϐάνουσι
1467 4015 1634 4066 τόπον
1677 4015 1828 4067 ῦδατι
1874 4031 1970 4066 ποο

382 4107 537 4174 τιμῳ
576 4107 944 4177 κατάρρυτον,
972 4107 1299 4162 δυοκαίδεκα
1328 4110 1521 4179 πηγῶν
1549 4108 1770 4178 ἀφθόνῳ
1812 4125 1970 4180 περι-

467 4267 486 4296 ⁷
526 4264 674 4336 Luc.
714 4283 767 4328 ι,
810 4265 876 4320 16
934 4281 1088 4335 seqq.
1163 4267 1186 4297 ⁸
1225 4268 1412 4324 Matth.
1455 4288 1512 4336 χ,
1554 4273 1610 4327 ὅ.

383 4338 482 4393 25.
562 4338 604 4368 ⁸³
640 4335 810 4391 Exod.
853 4351 944 4402 xv,
982 4338 1092 4403 ‘27;
1139 4337 1297 4396 Num.
1332 4335 1532 4407 χχιιι,
1576 4346 1629 4398 9.

1711 4274 1730 4306 ’
1764 4271 1914 4326 Psal.
1959 4289 2106 4335 xuv,
2155 4273 2246 4327 l7.

2071 3093 2240 3164 Moysi
2292 3095 2708 3165 contemplatori
2741 3096 2862 3164 Dei,
2913 3107 2970 3150 ut
3015 3111 3079 3150 ex
3127 3097 3435 3150 senioribus
3475 3097 3656 3166 populi

2073 3188 2218 3241 viros
2255 3189 2601 3258 septuaginta
2638 3190 2939 3258 seligeret:
2986 3199 3037 3242 et
3079 3189 3361 3242 descendit
3409 3189 3460 3242 itt
3515 3189 3658 3242 nubo

2074 3280 2355 3342 Dominus,
2390 3293 2444 3334 et
2477 3281 2702 3334 abstulit
2733 3283 2798 3335 de
2833 3282 3049 3348 Spiritu,
3082 3282 3172 3349 qui
3205 3291 3322 3335 erat
3357 3285 3408 3334 in
3446 3279 3654 3350 Moyse,

2071 3382 2126 3424 et
2160 3372 2383 3425 tradidit
2417 3371 2524 3424 illis
2555 3367 2933 3440 septuaginta;
2972 3383 3134 3438 atque
3167 3371 3242 3422 ita
3285 3385 3408 3422 cum
3441 3368 3655 3437 legisla-

2073 3473 2187 3516 tore
2235 3464 2284 3516 hi
2329 3464 2564 3530 cooptati
2614 3464 2836 3515 sunt“.
2891 3462 3003 3515 Hoc
3054 3478 3184 3514 sane
3233 3460 3434 3513 factum
3484 3457 3655 3513 futuri

2070 3553 2414 3606 adumbratio
2443 3552 2571 3617 fuit,
2609 3563 2664 3605 et
2714 3555 3054 3621 septuaginta
3088 3553 3303 3620 quidem
3343 3551 3420 3604 illi
3469 3567 3651 3620 parem

2071 3645 2264 3697 horutu
2302 3645 2695 3712 discipulorum
2733 3659 3020 3695 numerum
3058 3644 3478 3712 przesignavere.
3511 3643 3652 3707 Quin

2070 3738 2233 3789 etiam
2263 3737 2480 3804 quando
2513 3747 2738 3804 nepotes
2773 3735 2990 3788 lsraelis
3029 3751 3125 3802 per
3171 3736 3446 3789 desertum
3495 3737 3654 3790 nubis

2068 3829 2233 3882 ductu
2295 3831 2613 3898 pergebant,
2655 3828 2830 3881 locum
2889 3843 3086 3897 cepere
3150 3845 3290 3898 aqua
3345 3831 3411 3881 ad
3464 3839 3651 3896 potum

2071 3923 2263 3975 idonea
2299 3933 2598 3974 scatentem
2631 3921 2956 3977 :duodeeim
2990 3921 3194 3974 scilicet
3229 3922 3456 3974 fontium
3481 3921 3653 3973 abun-

2069 4015 2237 4069 dante
2273 4030 2410 4080 aqua
2457 4015 2764 4083 irrigatum,
2819 4026 2872 4068 ct
2922 4013 3115 4082 palmis
3165 4015 3394 4068 excelsis
3434 4024 3653 4080 septua-

2070 4109 2217 4177 ginta
2242 4117 2527 4175 opacaluut
2561 4106 2627 4159 “.
2653 4105 2947 4160 Duodecim
2981 4108 3144 4176 igitur
3167 4107 3343 4159 fontes
3366 4104 3646 4159 duodecim

2361 4274 2404 4305 ιο
2441 4269 2586 4326 Psal.
2621 4285 2814 4330 xxvm,
2852 4271 2902 4323 l.
3021 4269 3062 4302 ¹¹
3098 4246 3259 4323 Num.
3293 4283 3370 4330 χι,
3417 4265 3509 4332 16,
3549 4265 3645 4328 24,

1619 4458 1939 4520 Francisei
1972 4457 2179 4520 Scorsi
2215 4463 2405 4519 notae.

476 4580 598 4651 (55)
630 4577 1082 4634 Intellectualium
1122 4579 1374 4651 virtutum
1404 4553 1665 4648 princeps.
1701 4579 1845 4634 Satis
1871 4581 1958 4635 hic

2075 4583 2130 4635 ad
2165 4583 2328 4636 verba
2373 4580 2568 4651 psal.;_
2607 4579 2904 4647 Ἐνέγκατε
2953 4575 3028 4644 τῷ
3050 4575 3274 4651 ΑΚυρέῳ,
3317 4575 3424 4626 υἱοὶ
3473 4577 3643 4651 ΔΘεοῦ.

391 4650 558 4707 habui
631 4666 818 4704 vocem
877 4650 1343 4719 ἀρχιστράτηγος.
1401 4652 1642 4720 princeps
1711 4653 1957 4714 reddere,

391 4739 500 4776 non
535 4720 716 4774 addito
770 4720 973 4772 militia:
1033 4721 1267 4780 nomine,
1303 4723 1426 4788 quia
1463 4732 1819 4785 .przecesserat
1849 4722 1958 4772 τῶν

388 4790 599 4861 νοερῶν
629 4790 943 4861 δυνάμεῳν;
997 4804 1116 4858 qua:
1150 4793 1293 4858 quod
1328 4791 1518 4843 militia
1555 4794 1819 4861 iecelestis
1883 4799 1955 4844 sit

392 4859 569 4915 cuivis
605 4871 768 4928 patet.
811 4859 1108 4926 Itidemque
1149 4869 1291 4925 patet
1324 4864 1495 4916 cuivis
1535 4860 1722 4914 Gragce
1763 4861 1956 4913 scienti

393 4935 524 5000 quid
554 4930 1184 5000 ευιιυιὰρχιστράτηγος,
1215 4931 1467 5000 nimirum
1489 4933 1727 5000 princeps
1757 4932 1959 4983 militia:

393 4998 480 5056 vel
518 4998 794 5054 exercitus.
856 4998 1039 5052 Solum
1079 5004 1165 5052 hic
1221 4999 1442 5052 all‘eram
1491 5018 1553 5054 ex
1615 4998 1959 5054 interioribus

394 5073 594 5124 litteris
639 5072 894 5138 quiddam
933 5071 996 5120 ad
1027 5071 1230 5121 cultum
1351 5069 1626 5122 Michaelis
1649 5074 1785 5128 apud
1807 5069 1960 5122 Grat-

395 5157 493 5194 cos
545 5142 809 5202 insignem
876 5140 1098 5192 faciens.
1149 5139 1225 5192 Ex
1265 5138 1500 5191 ﬂainnlts
1534 5151 1790 5208 quatuor,
1843 5156 1961 5206 qua:

397 5212 827 5281 prml‘ercbautur
861 5211 1167 5278 imperatori
1219 5209 1579 5262 Constantino
1643 5226 1706 5262 ex
1761 5211 1959 5276 palatio

395 5283 692 5350 egredienti
745 5282 978 5350 primum
1027 5291 1166 5340 erat,
1221 5281 1666 5345 archisnategus,
1701 5281 1957 5332 dictuma

401 5349 464 5403 ι).
527 5351 805 5403 Michaelis
864 5349 1266 5418 imagine,qu:e
1305 5354 1355 5400 in
1410 5351 1498 5401 illo
1563 5349 1781 5401 ilunulo
1838 5359 1958 5402 erat

397 5433 656 5489 expressa
705 5430 762 5474 et
805 5420 1005 5473 aliicta.
1056 5420 1130 5472 Ita
1174 5419 1531 5488 archangelus
1577 5418 1804 5471 Michael
1865 5418 1961 5471 toti

402 5489 618 5545 ﬂaniulu
670 5507 866 5544 nomen
908 5491 1070 5542 dabat
1125 5502 1184 5541 ut
1236 5492 1668 5558 archistrategus
1717 5489 1959 5555 appella-

404 5569 575 5616 retur.
621 5563 694 5615 Ex
756 5560 948 5613 Codiu.
981 5561 1180 5626 Cur0p.
1216 5562 1281 5613 de
1306 5563 1448 5615 ollic.
1477 5562 1643 5614 curia:
1693 5558 1960 5613 Coastan-

403 5629 570 5700 tinop.
605 5633 735 5684 Vide
752 5644 802 5686 et
837 5631 1075 5685 Gretser.
1105 5633 1169 5681 ad
1193 5646 1337 5683 eum.

477 5697 588 5769 (56)
621 5703 689 5755 Et
718 5704 989 5754 duodecim
1021 5702 1250 5769 quidem.
1283 5701 1556 5768 lutegrum
1589 5697 1948 5766 fragmentum

403 5776 471 5830 ab
518 5776 600 5830 his
631 5775 806 5830 verbis
851 5782 1079 5827 notatis:
1129 5772 1238 5823 Καὶ
1259 5772 1382 5834 τοὺς
1409 5770 1510 5835 μὲν
1529 5769 1758 5831 δώδεκα,
1781 5786 1949 5830 usque

2069 4655 2225 4707 deest
2261 4657 2310 4706 in
2367 4647 2490 4705 cod.
2528 4649 2650 4702 Vat.
2703 4665 2768 4703 ex
2838 4662 2944 4715 quo
2995 4648 3060 4696 ad
3119 4663 3201 4696 me
3257 4647 3642 4711 transcriptum

2069 4723 2350 4791 exemplar
2409 4723 2709 4791 amicorum
2771 4733 2932 4785 opera
2987 4716 3375 4791 pet-venit,_et_
3420 4719 3637 4782 quiue...

2068 4785 2328 4845 omissum
2382 4792 2431 4843 in
2470 4791 2571 4844 hac
2622 4790 2841 4843 humilia
2889 4799 3141 4854 tanquam
3169 4786 3294 4837 althi
3328 4785 3642 4841 abauetore

2069 4863 2291 4926 dictum,
2349 4862 2490 4930 quod
2531 4862 2827 4930 ostendunt
2861 4859 2972 4930 lucc
3027 4857 3226 4930 verba”
3254 4866 3536 4930 quasuttt
3584 4859 3637 4910 ill

2074 4933 2166 4984 illo
2227 4923 2412 4984 val.':
2475 4932 2584 4983 Καὶ
2616 4931 2702 4981 διὰ
2738 4929 2789 4980 τί
2823 4929 2922 4994 μὲν
2969 4927 3096 4985 τοὺς
3129 4923 3334 4977 δώδεκα
3366 4927 3422 4976 ἐν
3457 4927 3640 4989 ἄλλοις

2073 5003 2205 5068 ἡμῖν
2235 5001 2636 5070 προεξήτασται
2664 5016 2677 5029 ·
2716 4999 2783 5050 Et
2811 5014 2914 5065 qua
2943 4997 3150 5070 quidem
3181 5013 3341 5047 causa
3367 4999 3640 5070 duodecim

2071 5067 2191 5124 illos
2223 5067 2454 5140 cicgerit,
2495 5074 2546 5123 in
2596 5071 2714 5122 aliis
2747 5088 2775 5118 ιι
2806 5084 2885 5119 nec
2923 5068 3349 5140 discussumgest.
3387 5067 3492 5118 Sed
3518 5083 3639 5140 cum

2073 5143 2184 5194 haec
2220 5137 2437 5194 humilia
2496 5143 2634 5195 desit
2690 5141 2830 5192 inter
2863 5153 2955 5189 eas
3014 5152 3149 5201 quas
3183 5137 3362 5188 adhuc
3397 5139 3638 5190 nancisci

2070 5214 2360 5280 ptitltrrittt,
2395 5225 2446 5263 et
2485 5221 2660 5262 tamen
2723 5224 2839 5262 eam
2885 5222 3142 5280 causam,
3182 5208 3639 5280 setrutysterium

2070 5277 2305 5334 viderem
2341 5282 2392 5333 in
2428 5282 2550 5333 cod.
2603 5281 2740 5334 Gali.
2776 5278 3121 5346 explicatam,
3160 5277 3303 5329 nolui
3343 5278 3392 5329 id
3418 5288 3636 5344 praeter-

2068 5353 2287 5405 mittere
2321 5361 2576 5420 lanquam
2599 5353 2835 5402 auctoris
2866 5349 3161 5420 propriam.

2103 5446 2106 5448 -
2147 5422 2262 5492 (57)
2292 5416 2549 5485 ριιωὶιαηι
2602 5421 2824 5492 historia
2884 5419 3164 5492 ﬁguravit.
3210 5416 3356 5469 lianc
3392 5416 3636 5492 ﬁguram,

2073 5487 2491 5559 et'seqnentetu
2531 5507 2609 5560 lex
2662 5491 2854 5556 palmis
2923 5491 3261 5562 septuaginta
3321 5498 3370 5562 et
3433 5487 3638 5562 duode-

2069 5565 2172 5615 cim
2208 5555 2465 5626 fontibus,
2513 5555 2738 5631 "quibus
2768 5555 3436 5631 atltttubrati__septnaginta
3470 5555 3636 5631 disci-

2070 5634 2201 5699 puli,
2245 5640 2490 5686 recenset
2533 5627 2655 5686 cum
2697 5630 2816 5683 aliis
2850 5627 3032 5682 tuultis
3058 5627 3340 5680 Cornelius
3371 5634 3553 5676 uoster
3585 5627 3636 5674 in

2060 5717 2180 5771 cap.
2218 5701 2376 5758 Luca:
2414 5717 2465 5755 κ.
