4070 6408
347 307 445 371 873

1690 307 2016 366 llOMILIA
2062 304 2341 366 XLVIII.

3522 305 3630 368 874

351 451 368 483 ι
396 430 499 484 Τὸν
517 427 919 483 ἀποστείλαντά
946 446 1036 500 με,
1052 448 1068 481 ι
1091 428 1307 492 δεικνὺς
1330 427 1429 498 τῆς
1454 427 1731 497 [ἰατρικῆς
1752 427 1938 488 οὐσίας

2046 440 2164 495 qua:
2195 434 2260 479 ad
2288 422 2586 495 discnpulos
2619 423 2874 489 attinent,
2907 436 3010 494 qua
3046 435 3170 477 vero
3195 421 3343 477 atldit
3370 439 3383 475 :
3416 441 3433 473 ι
3467 424 3626 489 Eum,

344 524 401 577 τὺ
424 522 876 595 ἀπαράλλακτον,
903 523 1080 591 λέγων
1111 524 1211 592 τὴν
1232 524 1427 575 ἑαυτοῦ
1458 520 1618 592 ὓϐριν
1651 519 1729 590 τῷ
1759 520 1935 589 Πατρί⁹

345 616 733 687 ἀναφέρεσθαι.
795 615 956 670 Ἀλλὰ
996 618 1129 685 φέρε
1174 616 1658 685 διασκοπήσωμεν,
1711 612 1829 675 πῶς
1873 611 1933 663 τὸ

353 708 448 778 μὲν
499 708 840 779 κατόρθωμα
892 708 952 761 τὸ
989 710 1053 760 ἐκ
1083 708 1180 760 τοῦ
1229 706 1591 778 κηρύγματος
1644 707 1725 768 εἰς
1769 706 1933 757 αὐτῆν

348 800 678 871 ἀνατρέχειν
737 801 895 870 φησὶ,
944 800 1042 871 τὴν
1075 802 1133 855 δὲ
1170 800 1434 870 ἀθέτησιν
1465 802 1543 863 είς
1604 798 1790 861 αὐτὸν,
1838 800 1933 851 καὶ

347 894 434 947 τὸν
488 895 710 962 Πατέρα
756 896 1098 965 διέρχεσθαι.
1172 913 1187 945 ι
1240 894 1299 948 Ὀ
1352 894 1459 964 γὰρ
1513 892 1728 945 ἀκούων
1778 890 1933 961 ὑμῶν

348 985 479 1055 ἐμοῦ
515 985 704 1039 ἀκούει
738 1004 752 1017 ·
784 987 813 1039 ὁ
850 987 907 1040 δὲ
934 986 1143 1040 ἀθετῶν
1174 988 1318 1057 ὑμᾶς
1362 987 1546 1039 ἀθετεῖ
1586 984 1707 1054 ἐμὲ,
1743 985 1839 1038 καὶ
1866 984 1934 1037 δι’

347 1077 481 1148 ἐμοῦ
512 1079 606 1133 τὸν
647 1081 1055 1134 ἀποστείλαντά
1106 1097 1197 1149 με,
1237 1099 1254 1131 ι
1300 1079 1549 1151 μεγάλην
1581 1080 1799 1143 δεικνὺς
1836 1079 1933 1148 τῆς

344 1172 655 1243 ἀθετήσεως
693 1174 793 1243 τὴν
848 1175 1202 1244 κατάκρισιν,
1237 1175 1331 1227 καὶ
1382 1175 1504 1242 ἅμα
1548 1172 1933 1244 ὑποστηρίζων

344 1264 562 1329 αὐτοὺς,
597 1264 672 1326 ὡς
700 1265 800 1318 οὐκ
823 1264 1074 1328 ἀνέξεται
1100 1266 1126 1317 ὁ
1158 1264 1350 1335 Πατὴρ
1382 1264 1528 1317 οὕτω
1556 1265 1933 1335 καταφρονού-

347 1371 531 1423 μενος,
571 1355 687 1408 ἀλλ’
722 1356 1016 1427 εὐμαρίσει
1047 1356 1265 1416 πάντως
1299 1356 1360 1408 τὸ
1396 1357 1678 1425 κήρυγμα.
1715 1354 1932 1424 Ταύτην

342 1445 440 1517 τὴν
467 1447 547 1511 είς
578 1450 638 1500 τΰ
665 1447 933 1518 κήρυγμα
991 1447 1102 1501 τῶν
1154 1446 1416 1518 μαθητῶν
1458 1444 1766 1514 ἀποστολὴν
1796 1462 1931 1514 προ-

343 1536 647 1603 αναφωνῶν
681 1539 708 1589 ὁ
736 1537 979 1606 Μιχαίας
1004 1552 1018 1565 ο
1058 1554 1075 1587 ι
1105 1536 1299 1589 Ἔσται
1327 1535 1386 1588 τὸ
1418 1535 1754 1605 ὑπόλειμμα,
1785 1528 1930 1597 εἷπε,

341 1623 440 1676 τοῦ
484 1625 682 1677 Ἰακὼῦ
735 1625 901 1695 μέσον
964 1624 1110 1679 λαῶν
1170 1625 1381 1678 πολλῶν
1418 1625 1491 1687 ὡς
1536 1624 1727 1695 δρόσος
1780 1626 1932 1692 παρά

344 1716 555 1788 Κυρίου
584 1717 886 1783 πίπτουσα,
916 1718 1010 1771 καὶ
1035 1718 1109 1780 ὡς
1144 1719 1307 1789 ἄρνες
1335 1718 1425 1771 ἐπ’
1453 1717 1753 1787 ἄγρωστιν.
1800 1735 1819 1768 ›
1856 1786 1859 1787 ν

2040 518 2132 586 qui
2168 517 2319 572 misit
2352 534 2457 581 me,
2499 536 2516 569 ι
2562 517 2849 572 Paternam
2906 516 3265 572 substantiam
3311 532 3407 587 per
3449 522 3627 573 omnia

2041 609 2274 665 similem
2317 611 2416 665 sibi
2450 625 2569 666 esse
2604 612 2866 677 declarat,
2915 627 3038 664 cum
3098 609 3305 664 Scilicet
3340 610 3473 663 dicit
3503 626 3633 665 cou-

2043 704 2321 756 tumeliaut
2354 705 2453 759 sibi
2493 704 2693 758 illatam
2731 704 2782 758 in
2834 705 3050 759 Patrem
3097 703 3311 758 rcferri.
3362 702 3466 758 Sed
3510 720 3628 773 age.

2032 796 2142 861 jam
2178 795 2621 858 consideremus,
2674 812 2779 865 qua
2816 811 2981 849 causa
3020 795 3065 849 si
3116 796 3243 863 quid
3282 796 3332 848 in
3365 796 3625 863 prmdica-

2045 887 2191 941 tione
2228 888 2501 955 Evangelii
2556 898 2704 944 recte
2758 889 3111 958 processerit,
3159 888 3209 941 iu
3245 903 3305 943 se
3338 889 3511 958 ipsum
3542 904 3631 943 te-

2038 992 2262 1032 currere
2310 979 2474 1043 dicat,
2524 988 2895 1047 contemptum
2940 994 3064 1031 vero
3109 980 3159 1032 in
3208 995 3265 1033 se
3308 979 3518 1047 ipsum,
3568 996 3633 1034 ac

2042 1068 2254 1123 Patrem
2299 1071 2482 1124 redire
2516 1088 2528 1123 :
2565 1088 2583 1121 ι
2618 1069 2720 1136 Qui
2754 1085 2869 1133 vos,
2905 1072 3099 1139 inquit,
3137 1072 3308 1135 audit,
3339 1088 3426 1126 me
3458 1076 3628 1138 audit,

2038 1172 2091 1214 et
2129 1162 2221 1231 qui
2263 1176 2354 1215 vos
2400 1163 2643 1231 spernit,
2695 1177 2779 1215 me
2812 1163 3057 1230 spernit;
3106 1172 3159 1217 et
3197 1180 3290 1232 per
3328 1180 3434 1229 me,
3483 1181 3628 1231 eum,

2038 1254 2129 1321 qui
2166 1256 2314 1309 misit
2343 1270 2449 1319 me,
2488 1274 2507 1306 ›
2554 1255 2763 1309 scilicet
2796 1268 2853 1308 ut
2903 1257 3154 1309 ostendat
3204 1273 3453 1327 magnam
3497 1275 3627 1314 con-

2040 1355 2339 1417 temptores
2374 1348 2659 1402 subituros
2692 1362 2812 1401 esse
2847 1348 3254 1402 damnationem
3283 1365 3296 1412 ;
3352 1359 3401 1403 et
3444 1351 3627 1417 simul,

2039 1447 2097 1492 ut
2129 1456 2315 1494 eorum
2356 1440 2570 1493 animos
2606 1439 2915 1503 confirmet,
2941 1454 3005 1492 eo
3053 1440 3195 1508 quod
3234 1456 3341 1494 tton
3373 1426 3449 1496 sit
3476 1443 3632 1499 facile

2039 1546 2305 1600 passurus
2328 1529 2491 1585 Pater
2516 1531 2589 1584 ita
2625 1546 2683 1585 se
2709 1530 3043 1597 contemptui
3084 1530 3295 1598 haberi,
3330 1534 3421 1587 sed
3445 1535 3631 1602 potius

2038 1624 2448 1694 praedicationis
2499 1623 2743 1677 laborem
2791 1624 2863 1677 sit
2918 1624 3023 1679 illis
3059 1625 3417 1680 allevaturus.
3476 1627 3629 1681 lianc

2037 1717 2437 1785 discipulorum
2473 1719 2538 1769 ad
2572 1714 2979 1783 prtedicandutn
3015 1715 3370 1787 Etaugelium
3397 1720 3625 1789 expedi-

342 1809 545 1868 tionem
581 1811 882 1879 praedicens
927 1808 1225 1865 Michaeas:
1259 1829 1277 1863 ι
1315 1808 1513 1878 Erunt,
1553 1810 1751 1880 inquit,
1823 1810 2070 1879 reliquia:
2134 1809 2303 1866 Jacob
2378 1811 2434 1866 in
2480 1808 2658 1865 medio
2721 1807 3054 1880 populorum
3117 1810 3449 1879 multorum,
3479 1815 3635 1883 quasi

343 1915 433 1959 ros
475 1918 505 1957 a
552 1904 785 1959 Domino
834 1905 1061 1969 cadens,
1121 1912 1175 1958 et
1214 1905 1372 1974 quasi
1430 1905 1556 1975 agni
1606 1920 1771 1973 super
1811 1918 2034 1972 gramen
2066 1903 2129 1957 ¹⁸.
2172 1923 2191 1955 s

419 2014 441 2049 ι
463 1995 844 2067 Ὑπέστρεψαν
875 2000 925 2051 oi.
959 1999 1337 2070 ἐϐδομήκοντα
1366 1999 1504 2068 μετὰ
1538 2000 1713 2069 χαρᾶς
1749 1997 1934 2066 λέγον-
1969 2006 2010 2060 ις

339 2105 436 2150 τες
461 2104 476 2120 ·
513 2088 707 2158 Κύριε,
742 2093 839 2143 καὶ
886 2090 953 2142 τὰ
1000 2090 1261 2159 δαιμόνια
1308 2091 1682 2144 ὑποτάσσεται
1712 2092 1867 2160 ἡμῖν.
1909 2108 1929 2141 ι

353 2181 578 2251 Ἐπειδὴ
611 2182 856 2251 σημείων
910 2182 1176 2252 ὤφθησαν
1220 2182 1610 2248 ἀποτελεσταὶ,
1652 2184 1747 2236 καὶ
1775 2199 1937 2236 πνευ-

345 2273 535 2342 μάτων
592 2274 925 2345 ἀκαθάρτων
990 2275 1336 2344 φυγαδευταὶ
1414 2273 1511 2326 τοῦ
1575 2272 1935 2345 κηρύγματος

342 2366 634 2433 γεγονότες
687 2366 1066 2438 ὲκπληρωταὶ,
1119 2365 1512 2422 ὐπονοστοῦσιν
1566 2368 1615 2418 oi
1670 2365 1934 2435 μαθηταὶ,

342 2460 443 2510 καὶ
474 2457 550 2527 τῷ
572 2458 894 2529 Διδασκάλῳ
923 2460 1057 2528 φασί
1090 2476 1106 2514 3
1158 2477 1180 2511 ι
1215 2458 1415 2529 Κύριε,
1462 2458 1557 2511 καὶ
1582 2458 1651 2510 τά
1678 2456 1938 2527 δαιμόνια

344 2549 743 2603 ὑποτάττονται
780 2554 936 2622 ἡμῖν.
971 2571 988 2602 s
1021 2551 1097 2605 Οὐ
1139 2552 1304 2622 μόνον
1327 2552 1373 2603 τ’
1402 2550 1538 2605 ἄλλα
1560 2551 1668 2603 τῶν
1694 2549 1936 2619 σημείων

341 2642 657 2712 ἐνεργεῖται
684 2644 835 2714 ἡμῖν,
866 2644 981 2697 ἀλλ’
1006 2644 1034 2696 ὃ
1084 2644 1307 2697 πάντων
1356 2640 1571 2713 μεῖζον,
1603 2642 1698 2695 καὶ
1723 2644 1791 2695 τὰ
1818 2641 1933 2694 δαι⁴

346 2735 515 2800 μόνια
549 2734 681 2803 ἡμῖν
727 2736 1097 2788 ὑποτέτακται
1134 2733 1211 2805 τῷ
1254 2733 1477 2803 όνόματί
1511 2750 1604 2785 σου
1638 2731 1938 2802 φυγαδευο-

236 2849 251 2865 ο
346 2841 515 2892 μενα.
550 2825 669 2877 ἰνα
697 2824 807 2896 γὰρ
843 2827 916 2895 μή
945 2843 1028 2889 τις
1061 2827 1285 2895 νομίσῃ.
1320 2824 1403 2876 ὃτι
1455 2823 1623 2892 μόνην
1657 2822 1757 2891 τὴν
1799 2820 1938 2873 κατὰ

342 2914 461 2967 τῶν
494 2914 769 2985 δαιμόνων
793 2918 1059 2987 ἐνήργουν
1088 2915 1343 2985 πτόησιν,
1378 2915 1469 2967 τὸν
1498 2912 1597 2966 καὶ
1622 2912 1933 2984 προσέθηκε

347 3006 658 3076 σύνδεσμον
694 3024 706 3036 ·
751 3026 770 3059 ι
823 3008 1039 3079 Κύριε,
1103 3008 1198 3060 καὶ
1257 3007 1324 3059 τὰ
1382 3005 1641 3077 δαιμόνια
1700 3006 1937 3059 ὑποτάσ-

349 3118 567 3155 σονται.
610 3120 630 3152 ι

426 3194 586 3246 Eine:
642 3193 687 3247 δ’
738 3192 802 3246 ἄν
854 3212 936 3259 τις
972 3193 1100 3256 ἴσως
1132 3194 1226 3246 καὶ
1255 3195 1303 3246 εἰ
1334 3190 1457 3245 τότε
1489 3192 1586 3263 τὴν
1622 3194 1782 3263 χάριν
1834 3192 1941 3245 τῶν

348 3286 653 3357 θαυμάτων
700 3289 990 3359 εἰλήφασιν
1040 3289 1090 3340 ot
1144 3286 1459 3353 ἀπόστολοι,
1508 3286 1741 3358 περιττὴ
1779 3281 1849 3357 ἦν
1904 3287 1937 3355 ἡ

2118 2018 2135 2048 ι
2178 1995 2403 2051 Rerersi
2440 2004 2564 2051 sunt
2592 1996 2941 2066 septuaginta
2972 2011 3094 2051 cum
3128 1998 3325 2065 gaudio
3352 2000 3634 2066 dicentes:

2043 2087 2297 2151 Domine,
2330 2088 2493 2141 etiam
2519 2086 2787 2141 dmutonia
2812 2085 3179 2153 subjiciuntur
3207 2087 3383 2141 nobis.
3423 2107 3440 2139 ι
3478 2088 3639 2145 Post-

2041 2194 2203 2247 quam
2225 2177 2619 2231 miraculorum
2644 2175 2930 2231 effectores
2963 2174 3103 2247 (litt),
3140 2186 3193 2230 et
3227 2177 3631 2233 iuunundorunt

2042 2268 2335 2334 Spirituum
2374 2265 2691 2335 expulsorcs
2733 2265 2961 2334 Spectati
3001 2265 3238 2330 fuerant,
3288 2276 3343 2322 et
3370 2271 3635 2338 praedica-

2043 2358 2209 2412 tionis
2264 2373 2489 2411 munere
2524 2356 2797 2425 perfuncti
2833 2358 3089 2425 discipuli
3138 2360 3392 2425 redeunt,
3444 2374 3497 2417 et
3529 2363 3635 2416 Ma-

2040 2452 2213 2518 gistro
2256 2452 2444 2503 dicunt
2481 2468 2492 2502 :
2534 2467 2551 2501 ι
2588 2449 2854 2515 Domine,
2915 2451 3083 2504 etiam
3135 2451 3408 2506 d.ctnonia
3460 2456 3635 2523 διώμ-

2039 2543 2263 2597 ciuntur
2300 2541 2481 2607 nobis;
2526 2560 2544 2593 ›
2584 2556 2692 2595 non
2727 2542 2888 2595 modo
2910 2542 3011 2596 alia
3044 2560 3071 2595 a
3110 2544 3265 2599 nobis
3301 2547 3445 2600 edita
3477 2548 3632 2616 signa

2040 2643 2188 2700 sunt,
2220 2635 2311 2688 sed
2351 2633 2496 2703 quod
2526 2634 2769 2687 omnium
2809 2634 3104 2687 maximum
3154 2646 3257 2700 est,
3300 2640 3462 2692 etiam
3516 2641 3633 2695 dae-

2042 2726 2223 2778 monia
2277 2724 2521 2793 subjecta
2579 2735 2707 2777 sunt
2768 2725 2928 2778 nobis
2992 2726 3232 2783 nominis
3297 2734 3371 2782 tui
3432 2731 3634 2788 virtute

2046 2816 2255 2885 fugata.
2311 2814 2388 2871 Ne
2443 2816 2565 2885 quis
2599 2816 2743 2869 enim
2777 2816 3099 2886 Opiuaretur
3132 2820 3306 2874 solum
3367 2832 3630 2878 terrorcm

2045 2910 2325 2965 incussum
2386 2908 2454 2963 ab
2513 2907 2593 2962 eis
2653 2907 2829 2963 fuisse
2878 2911 3263 2976 daunouibus,
3312 2916 3633 2981 conjunctio

2043 3002 2208 3056 etiam
2238 3002 2448 3070 adjecta
2473 3016 2487 3057 :
2515 3019 2534 3051 ι
2571 3000 2818 3067 Domine,
2848 3001 3011 3055 etiam
3043 3002 3307 3059 daemonia
3337 3008 3634 3078 subjiciun-

2047 3109 2131 3153 tur
2164 3098 2326 3168 332
2362 3098 2536 3152 nobis.
2576 3116 2593 3147 ι

2119 3198 2329 3252 Dixerit
2376 3207 2557 3252 autem
2613 3198 2844 3253 fortasse
2894 3200 3160 3269 quispiam
3216 3202 3367 3269 illud,
3421 3205 3465 3260 si
3505 3215 3632 3262 tunc

2048 3291 2437 3345 miraculorum
2484 3292 2718 3358 gratiam
2770 3304 3097 3362 acceperunt
3149 3297 3399 3364 apestoli,
3445 3314 3634 3368 super-

351 3355 501 3452 μετά
530 3382 627 3451 τὴν
657 3355 960 3441 ἀνάστασιν
984 3381 1203 3435 δοθεῖσα
1244 3381 1337 3434 τοῦ
1386 3355 1813 3452 ἐμφυσηματος,
1844 3382 1940 3435 καὶ

2047 3398 2342 3438 vacaneum
2402 3382 2507 3438 fuit
2567 3384 2767 3439 donum
2818 3386 2949 3439 illud
2992 3355 3230 3455 Spiritus
3277 3355 3449 3447 sancti
3511 3355 3634 3463 post

350 3474 471 3526 τῶν
504 3474 747 3543 πυρίνων
793 3475 1079 3544 γλωσσῶν.
1105 3474 1293 3543 Φαμὲν
1324 3472 1437 3536 οὖν,
1464 3473 1539 3535 ὡς
1573 3474 1673 3526 οὐκ
1710 3469 1778 3541 ἦν
1805 3471 1944 3543 αὕτη

351 3568 386 3637 ἡ
409 3567 595 3635 δωρεὰ
624 3568 734 3620 τῶν
764 3570 1124 3640 χαρισμάτων
1147 3567 1243 3621 τοῦ
1278 3566 1417 3619 Πνεύ
1427 3584 1614 3636 ματος.
1643 3567 1752 3620 Καὶ
1788 3566 1946 3619 τοῦτο

350 3658 643 3730 διατρανοί
670 3660 845 3730 λέγων
875 3664 902 3715 ὀ
939 3660 1325 3732 μεγαλόφωνος
1353 3659 1468 3724 υίὸς
1518 3659 1617 3730 τῆς
1673 3658 1903 3730 βροντῆς
1931 3676 1943 3689 ·

372 3804 382 3815 '
430 3794 478 3827 “
513 3792 676 3849 Ilicb.
716 3812 770 3862 v,
807 3793 860 3849 8.

2044 3478 2502 3533 resurrectionem
2577 3479 2656 3533 eis
2723 3494 2821 3548 per
2897 3479 3367 3550 insumatiouem,
3435 3495 3489 3540 et
3537 3503 3634 3557 per

2046 3568 2234 3640 igneas
2305 3569 2519 3639 linguas
2581 3569 2941 3638 impertitum.
3005 3573 3245 3628 Dicimus
3302 3576 3467 3646 igitur
3523 3594 3631 3633 non

2050 3662 2218 3715 fuisse
2247 3662 2351 3715 hoc
2381 3662 2579 3715 donum
2632 3660 2748 3730 (Gl)
2794 3676 2861 3716 ex
2914 3661 3152 3730 Spiritus
3190 3668 3363 3722 sancti
3417 3668 3633 3724 charis-

1599 3889 1926 3952 Francisci
1969 3889 2176 3951 Scorsi
2213 3896 2397 3951 nolaa.

357 4018 506 4074 locis
540 4015 671 4080 sint,
705 4021 867 4086 atque
900 4026 962 4086 ea
996 4026 1103 4086 que
1139 4011 1426 4086 retulimus
1458 4028 1522 4069 ex
1550 4016 1944 4086 synotlnChal-

355 4088 486 4145 ceti.
524 4095 703 4140 exStat
757 4080 959 4137 lecutio
997 4083 1132 4154 bare.
1182 4080 1364 4154 Itaque
1417 4086 1466 4137 in
1499 4080 1706 4154 synodo
1736 4087 1790 4151 5,
1832 4098 1939 4142 act.

354 4163 415 4223 5,
486 4159 540 4211 in
604 4154 963 4210 Confessioue
1010 4153 1159 4205 Pauli
1219 4153 1385 4219 epise.
1460 4153 1836 4223 Apautatorutu
1888 4167 1945 4213 et

358 4228 662 4285 .Iustiniaui
722 4225 918 4291 imper.
988 4238 1148 4291 quam
1200 4226 1364 4277 etiam
1433 4226 1605 4280 refert
1658 4226 1946 4283 Facumlus

359 4303 538 4367 epiStz.
571 4296 912 4367 Ermianens.
946 4294 1242 4367 provinciae
1283 4293 1555 4348 Africanae
1588 4297 1679 4349 lib.
1715 4311 1753 4361 ι,
1802 4314 1850 4351 c.
1892 4298 1942 4364 tl,

360 4364 467 4438 pro
495 4368 807 4421 defensione
848 4364 1009 4438 trium
1051 4365 1240 4431 capit.,
1277 4380 1446 4438 nuper
1471 4366 1647 4438 editus
1677 4382 1707 4421 a
1740 4367 1946 4423 Iacobo

2055 4018 2409 4070 diversitatem
2461 4017 2764 4079 asserintus,
2832 4032 2922 4069 net:
2959 4033 3175 4071 carnem
3228 4018 3392 4073 Verbo
3437 4034 3631 4079 natura

2056 4086 2558 4141 consubstantialem
2615 4104 2728 4140 esse
2780 4102 3069 4143 censemus.
3123 4087 3196 4142 Ex
3260 4088 3463 4146 Latinis
3524 4093 3630 4147 Pa-

2057 4159 2231 4211 trihus
2264 4159 2481 4229 eodem,
2507 4155 2655 4229 fere,
2682 4158 3034 4229 modo_locmi
3079 4161 3331 4213 videntur
3376 4162 3432 4215 ὃ.
3498 4163 3628 4229 Leo,

2055 4229 2147 4297 qui
2210 4243 2375 4282 serm.
2426 4228 2493 4281 t0
2522 4229 2587 4282 de
2622 4226 2803 4299 Pass.,
2836 4225 2955 4296 Ipse
2978 4238 3053 4280 est
3084 4246 3230 4288 caro.
3255 4234 3344 4299 qui
3381 4225 3624 4299 Verbum,

2056 4314 2101 4352 et
2134 4299 2271 4351 sicut
2311 4299 2468 4351 unius
2491 4314 2610 4351 cum
2657 4297 2818 4350 Patre
2842 4300 3171 4363 substantia',
3211 4297 3286 4354 ita
3334 4305 3489 4357 unius
3511 4297 3631 4358 cum

2054 4378 2221 4439 matre
2248 4378 2489 4431 naturte;
2517 4378 2571 4421 et
2598 4367 2764 4439 Beda,
2789 4369 2875 4435 qui
2910 4368 3001 4422 lib.
3039 4385 3111 4435 tv,
3154 4386 3274 4439 cap.
3299 4372 3368 4426 39
3394 4375 3445 4426 in
3472 4374 3629 4438 Lua,

361 4432 663 4511 Sirmundo
710 4450 826 4511 s_oc.
863 4433 1117 4511 Jesu_ex
1151 4436 1463 4511 apographo
1505 4432 1686 4511 Yatic.
1729 4440 1782 4491 in
1840 4453 1946 4511 qua
1982 4457 2025 4511 υ
2055 4438 2333 4511 Christum
2375 4455 2495 4492 esse
2544 4438 2707 4511 matri
2756 4432 2867 4493 sua:
2918 4432 3435 4495 consubstantialem
3486 4432 3630 4499 asse;

361 4509 610 4579 Epistula
670 4508 833 4560 etiam
878 4505 1174 4579 anathema
1212 4504 1437 4569 dicitur,
1477 4507 1540 4579 ‘si
1593 4509 1709 4579 quis
1748 4509 1946 4579 ὁμοσύ-

363 4575 487 4634 σίον
518 4577 667 4631 Patri
700 4575 987 4630 secundum
1014 4576 1361 4636 divinitatem,
1398 4586 1446 4628 et
1467 4576 1755 4641 ὁμοούσιον
1785 4575 1946 4632 nobis

363 4653 662 4706 secundum
720 4646 1110 4717 humanitatem
1163 4645 1424 4698 Christum
1492 4662 1596 4717 non
1646 4649 1945 4717 conﬁtetur.

363 4721 441 4774 Et
489 4718 731 4788 synodus
756 4716 822 4788 6,
855 4732 974 4782 qua:
1038 4725 1225 4768 coacta
1282 4726 1503 4788 Contra,
1539 4716 1943 4783 Mouotbelitas,

365 4801 486 4845 act.
523 4786 580 4851 Β,
643 4788 695 4841 in
733 4787 905 4853 Epist.
955 4789 1174 4856 synod.,
1209 4795 1262 4837 et
1307 4796 1412 4839 act.
1451 4786 1537 4851 10,
1596 4789 1648 4841 in
1708 4789 1941 4844 confess.

368 4863 495 4915 titlei
527 4877 539 4911 :
577 4871 634 4912 et
664 4869 770 4928 act.
797 4857 885 4917 tt,
917 4858 967 4910 in
1002 4857 1173 4924 tapist.
1213 4856 1397 4928 itidem
1425 4859 1611 4927 synodi
1651 4858 1945 4928 Sophronii

363 4930 619 4998 archicp.
684 4927 981 4987 Hierosol.,
1037 4925 1334 4998 approbata
1388 4925 1464 4981 abi
1493 4928 1682 4998 eadem
1730 4925 1948 4996 synodo

365 5012 481 5055 act.
514 4994 580 5052 i3
607 5040 621 5064 ,
648 5009 702 5053 et
732 5000 782 5053 iu
814 4998 1058 5069 Exposit.
1086 4994 1506 5069 fideiCOItsta_nt.
1544 4994 1947 5069 fierinanopoli,

367 5073 515 5139 apud
554 5068 746 5123 Leout.
799 5064 969 5131 libﬁt,
1029 5064 1373 5139 initioAtom.
1414 5066 1482 5120 XI
1540 5064 1948 5123 Bibliot/tfno-

370 5134 641 5203 vissimaz;
681 5151 735 5192 et
785 5142 837 5193 in
893 5134 1499 5209 synodo_Florentino,
1554 5155 1693 5203 sess,
1753 5142 1810 5204 6,
1855 5140 1946 5194 ubi

372 5213 630 5275 refertur,
662 5211 790 5277 quid
815 5224 845 5262 a
881 5206 1088 5279 synodo
1116 5206 1149 5259 4
1181 5217 1369 5280 contra
1400 5210 1750 5280 Eutychetetn
1784 5211 1948 5265 fuerit

370 5276 695 5343 definitum,
739 5285 880 5350 quod
913 5276 1076 5347 sUpra
1110 5276 1411 5350 retulimus.
1454 5276 1712 5333 Eannlem
1746 5284 1949 5335 verita-

376 5362 487 5404 tem
521 5367 587 5404 ex
651 5347 934 5420 negatione
959 5347 1220 5402 contrarii
1280 5362 1591 5405 asserentes
1620 5351 1721 5405 SS.
1754 5350 1945 5406 Patres

372 5425 566 5476 eadem
630 5426 709 5475 usi
744 5432 872 5475 sunt
914 5434 1064 5482 voce,
1090 5433 1307 5472 carnem
1347 5420 1557 5474 scilicet
1588 5424 1792 5475 Christi
1827 5436 1948 5477 esse

376 5491 671 5560 ὁμοούσιον
729 5492 1002 5545 divinitati
1065 5501 1346 5560 negantes.
1375 5488 1599 5558 Gregor.
1654 5492 1944 5546 Thaumat.

376 5558 438 5633 iu
461 5564 738 5617 duodecim
766 5562 985 5616 Anath.:
1011 5560 1075 5612 Εἴ
1096 5558 1357 5633 τις-λέγει
1387 5562 1561 5633 σάρκα
1593 5562 1689 5615 τοῦ
1708 5561 1945 5633 Χριστοῦ

378 5632 672 5699 ὁμοούσιον
698 5633 800 5703 τῆς
866 5633 1120 5700 θεότητος
1176 5629 1425 5701 ἀνάθεμα
1450 5629 1470 5662 ’⁷
1509 5631 1564 5686 St
1589 5635 1705 5703 quis
1755 5629 1946 5686 uixerit

378 5718 594 5756 carnem
668 5702 867 5756 Christi
915 5718 1025 5756 esse
1086 5703 1584 5755 consubstantialem
1630 5705 1946 5767 diuinitatis,

382 5773 705 5839 anathema;
764 5785 819 5827 et
862 5774 918 5827 ὃ.
983 5770 1249 5825 Maximus
1308 5784 1548 5843 martyr:
1611 5773 1946 5830 Naturarum

663 5869 913 5929 ΡΑτιιοι,
970 5868 1083 5929 Gtt.
1136 5865 1418 5929 CXXXII.

2058 4508 2147 4563 rit.
2195 4508 2372 4576 Atque
2434 4526 2498 4562 ex
2549 4508 2650 4561 hoc
2689 4512 2889 4561 usitato
2945 4516 2999 4561 et
3052 4511 3322 4579 catholico
3373 4513 3629 4579 loqm-ndi

2056 4578 2217 4631 modo
2268 4579 2319 4631 in
2360 4594 2417 4632 re
2470 4579 2773 4646 tlogtnatica
2813 4588 3000 4631 noster
3032 4580 3117 4631 hic
3151 4578 3511 4648 Theophanes
3544 4596 3631 4638 est

2054 4649 2290 4710 locutus,
2322 4648 2415 4716 qui
2476 4660 2531 4701 et
2589 4662 2733 4720 saepe
2766 4648 2817 4720 in
2857 4648 2977 4720 aliis
3028 4648 3264 4701 homiliis
3327 4650 3387 4703 τὸ
3435 4653 3631 4720 όμοού-

2054 4735 2169 4769 σιον
2206 4715 2355 4787 pouit
2408 4736 2528 4772 cum
2562 4720 2626 4770 de
2662 4715 2838 4789 verbo
2873 4716 3018 4770 Patri
3064 4715 3540 4789 consubstantiali,
3574 4736 3630 4778 et

2053 4789 2140 4863 hic
2196 4799 2249 4842 et
2291 4790 2441 4863 hom.
2472 4789 2565 4863 25.
2605 4790 2667 4841 de
2700 4787 2905 4841 Lazaro
2930 4789 3203 4863 suscitato,
3237 4790 3377 4863 idem
3403 4791 3461 4845 τὸ
3496 4787 3627 4863 ὁμο-

2050 4856 2235 4911 ούσιον
2268 4875 2392 4913 cutu
2415 4862 2481 4913 de
2512 4861 2750 4913 humana
2786 4869 2974 4911 natura
3004 4856 3207 4913 Christi
3229 4860 3418 4915 eadem
3445 4856 3629 4933 specie

2049 4944 2113 4983 ac
2141 4939 2346 4982 nostra.

2122 4998 2233 5066 (60)
2267 4997 2654 5053 Miraculorum
2685 4999 2985 5068 e/fectores,
3014 5008 3119 5054 etc.
3152 4999 3355 5055 Desunt
3388 5003 3475 5057 hic
3493 5019 3632 5059 nou-

2052 5070 2193 5122 nulla
2210 5071 2278 5143 _iu
2299 5073 2427 5143 cod.
2450 5068 2598 5143 Vat”
2617 5087 2737 5139 quae
2761 5076 2975 5139 repOsui
2998 5086 3064 5124 ex
3088 5070 3225 5125 Gali.
3249 5074 3337 5143 qui
3362 5074 3474 5127 fere
3487 5091 3581 5128 seu
3603 5105 3630 5115 -

2050 5154 2144 5208 per
2172 5140 2440 5209 pleniores
2460 5142 2622 5193 habet
2639 5145 2958 5206 sententias,
2985 5158 3102 5205 quae
3125 5144 3177 5195 in
3196 5140 3318 5197 aliis
3334 5144 3490 5199 codd.
3523 5144 3633 5199 fur-

2053 5219 2195 5263 tasse
2232 5210 2439 5264 librarii
2467 5210 2756 5264 oscitantia
2774 5224 2862 5263 aut
2882 5212 3067 5266 fraude
3086 5216 3316 5269 cenciste
3335 5224 3480 5268 sunt.
3507 5214 3579 5268 lla
3600 5233 3631 5269 ιι

2050 5290 2255 5342 autem,
2285 5296 2405 5350 qua:
2438 5283 2657 5345 desunt,
2689 5282 3111 5337 concinnitatem
3149 5286 3311 5337 etiam
3349 5289 3627 5339 continent

2047 5352 2460 5425 orator-[sacro
2503 5366 2608 5425 non
2660 5352 2972 5425 indecorant
3025 5355 3248 5422 petitam
3296 5370 3325 5407 a
3375 5356 3630 5407 similitcr

2049 5421 2369 5475 cadentibus
2400 5429 2455 5476 et
2483 5421 2862 5476 desinentibus
2895 5421 3207 5478 nominibus
3241 5426 3623 5485 ἀποτελεσταί,

2050 5491 2419 5559 φυγαδευταί,
2474 5501 2527 5543 et
2586 5501 2781 5545 extera
2844 5509 2962 5560 qua:
3016 5495 3204 5548 Graeco
3262 5496 3312 5546 in
3371 5504 3558 5547 coutcx
3594 5510 3625 5546 ιι

2051 5563 2204 5629 legis,
2237 5578 2359 5615 naut
2390 5563 2442 5616 iu
2472 5561 2667 5616 Latino
2699 5565 2903 5616 servari
2935 5568 3123 5618 eadem
3156 5565 3207 5617 in
3234 5564 3486 5617 omnibus
3519 5579 3627 5616 uon

2048 5636 2241 5701 putuit.
3050 5673 3060 5682 .

2122 5702 2234 5773 (6|)
2273 5701 2395 5756 Non
2431 5702 2596 5771 fuisse
2628 5705 2722 5758 hoc
2752 5707 2966 5760 dottam.
3002 5703 3294 5773 Distingnit
3323 5703 3409 5756 bic
3439 5712 3630 5756 auctor

2053 5773 2193 5829 inter
2221 5790 2339 5829 eam
2380 5785 2702 5844 potestatem
2730 5788 2784 5832 et
2815 5776 3033 5844 gratiavr
3073 5774 3334 5828 efficiendi
3369 5775 3629 5829 miracuia

3163 5869 3236 5929 28
