4070 6398
403 346 513 411 877

1726 337 2066 404 HOMILIA‘
2100 343 2376 405 XLVIII.

3548 344 3655 407 8'78

396 460 865 533 κοσμοκράτορας.
917 459 1146 529 ἀπάγων
1177 460 1373 522 αὐτοὺς
1415 459 1514 530 τῆς
1556 458 1815 530 τοιαύτης
1861 460 1974 529 οίή-

2084 461 2229 516 tione
2272 460 2584 524 deduceret,
2620 459 2671 513 in
2706 459 2844 514 Itane
2887 457 3280 529 propemodum
3329 459 3653 513 sententiam

396 569 557 616 σεως,
585 551 758 605 ταῦτὰ
788 568 940 621 φητι,
968 551 1253 620 μονονουχὶ
1281 548 1456 616 λέγων
1483 565 1495 577 ·
1526 549 1601 602 Οὐ
1628 550 1735 619 χρὴ
1760 548 1971 619 θαυμά-

394 646 510 710 ζειν
540 648 589 698 εἰ
611 644 944 714 πεφρίκασιν
972 644 1116 712 ὑμᾶς
1151 644 1218 695 τὰ
1249 642 1500 711 δαιμόνια
1529 659 1543 673 ·
1582 641 1612 693 ὁ
1638 640 1747 712 γὰρ
1766 641 1972 693 τούτων

392 738 579 808 ἄρχων
636 736 944 805 ἀσθενήσας
1008 735 1373 797 ὲκπὲπτωκε,
1434 734 1528 785 καὶ
1590 731 1785 802 μικρὸν
1848 732 1972 785 ὅσον

394 832 499 897 ἔξω
535 829 881 883 παντάπασιν
916 826 1338 893 ἐκϐληθήσεται.
1384 825 1558 878 Τοῦτο
1591 826 1645 877 δὲ
1689 825 1837 893 λέγει
1884 824 1972 877 ἵνα

396 926 472 995 μὴ
498 923 597 993 τὴν
636 922 747 975 τῶν
790 918 1036 988 σημείων
1081 918 1256 988 ἰσχὺν,
1304 919 1397 970 καὶ
1429 918 1529 987 τὴν
1561 916 1667 969 τῶν
1695 916 1971 984 δαιμόνων

394 1016 625 1085 ἐκϐολὴν
652 1013 962 1078 κενοδοξίας
1005 1012 1170 1083 ἔχωσι
1207 1010 1396 1078 λαϐήν.
1439 1008 1695 1081 Στηρίζει
1726 1006 1819 1062 οὖν
1850 1009 1973 1061 τού-

391 1126 519 1171 τους
551 1107 628 1176 τῷ
660 1106 1066 1174 παραδείγματι
1092 1102 1290 1171 λέγων·
1320 1099 1427 1155 Ἦν
1460 1118 1593 1154 ποτε
1621 1101 1715 1154 καὶ
1746 1102 1774 1154 ὁ
1802 1101 1974 1154 Σατα-

391 1202 490 1263 νᾶς
526 1202 583 1252 ὲν
627 1198 749 1268 ὄψει
782 1196 1190 1268 λαμπρότητος,
1220 1194 1336 1249 ἀλλ’
1370 1192 1971 1264 ὑπερηφανευσάμενος

392 1290 819 1358 καταϐέϐληται.
857 1308 875 1340 ι
922 1286 1222 1355 Ἐθεώρουν
1245 1286 1338 1339 τὸν
1372 1286 1638 1349 Σατανᾶν,
1663 1283 1737 1344 ώς
1765 1285 1969 1353 ἀστρα-

391 1386 503 1454 πὴν
539 1386 603 1436 ἐκ
635 1382 729 1435 τοῦ
761 1381 990 1452 οὐρανοῦ
1028 1378 1285 1431 πεσόντα.
1328 1396 1345 1428 ι
1404 1378 1541 1430 Δίαν
1586 1376 1972 1445 προσηκόντως

389 1475 667 1545 ἐχρήσατο
698 1473 773 1541 τῷ
824 1472 921 1540 τῆς
957 1470 1247 1539 ἀστραπῆς
1284 1466 1715 1537 παραδείγματι.
1760 1466 1973 1517 Γίνεται

391 1569 504 1638 γᾶρ
552 1566 832 1635 ἀστραπὴ,
878 1564 955 1626 ώς
991 1563 1285 1634 ἱστόρησαν
1319 1564 1367 1615 οἱ
1409 1561 1545 1632 πρὸς
1590 1561 1689 1629 τὴν
1735 1559 1973 1629 φυσικὴν

392 1658 600 1726 γνῶσιν
661 1658 801 1725 σφᾶς
855 1656 1055 1718 αὐτοὺς
1111 1654 1537 1723 ἁσχολήσαντες,
1575 1652 1705 1703 ὅταν
1758 1649 1975 1718 εἰληθὲν

392 1750 559 1819 ξηρὸν
614 1748 831 1817 πνεῦμα
858 1749 915 1801 ὲν
954 1749 1109 1813 νέφει
1136 1748 1303 1815 παχεῖ
1333 1762 1391 1797 τε
1429 1745 1523 1796 καὶ
1556 1742 1757 1812 νοτερῷ
1785 1742 1974 1813 βιαίως

366 1840 667 1912 superisa
699 1839 769 1893 τὰ
802 1839 1003 1909 συνεχῆ
1048 1837 1145 1892 τοῦ
1190 1837 1388 1906 νέφους
1432 1836 1716 1905 πιλήματα
1750 1833 1973 1904 βρόμον,

390 1932 492 1984 καὶ
519 1930 763 1998 πάταγον
790 1930 1279 2000 ἀπεργασάμενον,
1310 1930 1501 2001 ὥσπερ
1530 1931 1587 1982 ὲν
1633 1928 1785 1982 ὓδατι
1840 1946 1971 1995 σφο-

387 2024 536 2094 δρῶς
580 2023 943 2093 ἐλαυνόμενον
968 2037 981 2052 '
1029 2022 1058 2076 ὃ
1096 2022 1160 2092 δὴ
1213 2021 1411 2092 βροντὴ
1448 2022 1817 2092 ὀνομάζεται·
1856 2021 1972 2089 ἡδὲ

388 2117 488 2170 τοῦ
515 2119 713 2185 νέφους
745 2116 970 2187 ἔκρηξις
1002 2115 1098 2169 τοῦ
1144 2115 1458 2186 πνεύματος
1488 2115 1551 2167 ὲκ
1583 2116 1682 2184 τῆς
1712 2115 1973 2185 προστρίο

330 2250 331 2253 η
387 2208 540 2279 ψεως
572 2208 916 2279 πυρωθέντος
971 2210 1065 2262 καὶ
1099 2209 1419 2280 λάμψαντος
1445 2209 1704 2280 ἀστραπὴ
1732 2208 1973 2277 λέγεται,

385 2303 517 2372 ἥτις
550 2302 605 2355 δὲ
639 2303 851 2373 τάχεως
893 2302 1183 2356 σϐέννυται
1232 2303 1488 2374 χωροῦσα
1532 2302 1668 2371 πρὸς
1693 2302 1753 2357 τὸ
1784 2301 1970 2372 μηδέν.

387 2393 555 2448 Οὕτω
598 2392 664 2463 δὴ
710 2392 899 2445 καὶτὸ
932 2394 1305 2463 πονηρότερον
1360 2391 1583 2461 πνεῦμα
1636 2393 1695 2445 ὲν
1745 2391 1823 2462 τῷ
1875 2393 1973 2461 τῆς

388 2486 778 2556 ὑπερηφανίας
820 2486 974 2555 νέφει
1013 2485 1323 2555 ἀνειληθὲν,
1380 2484 1457 2548 ὼς
1505 2485 1567 2535 ὲκ
1608 2483 1835 2553 βροντῆς
1875 2483 1973 2553 τῆς

392 2582 535 2644 ἰδίας
558 2580 793 2649 οἰήσεως
828 2577 1038 2647 ἄφατον
1065 2576 1384 2646 δυσφημίας
1412 2574 1763 2642 ἁπεδούπησε
1796 2574 1970 2627 πάτα-

384 2694 491 2744 γον
517 2691 530 2706 ο
571 2694 591 2727 ι
620 2672 1046 2743 Μταλήψομαι,
1112 2670 1307 2737 λέγων,
1366 2667 1467 2740 τὴν
1508 2668 1858 2739 οἰκουμένην,
1895 2667 1971 2731 ὡς

384 2766 650 2827 νοσσιὰν,
702 2764 807 2817 καὶ
855 2762 1007 2833 θήσω
1054 2761 1145 2814 τὸν
1207 2760 1397 2831 θρόνον
1459 2776 1561 2829 μου
1621 2758 1809 2813 ἐπάνω
1860 2758 1971 2811 τῶν

384 2855 631 2922 ἄστρων,
666 2850 759 2903 καὶ
798 2848 996 2920 ἔσομαι
1039 2849 1227 2919 ὅμοιος
1256 2848 1335 2918 τῷ
1389 2846 1648 2918 Ὕψίστῳ.
1683 2866 1701 2900 ι
1746 2846 1838 2901 Διὸ
1876 2847 1973 2901 καὶ

380 2942 464 3006 ὡς
490 2941 747 3014 ἀστραπὴ
770 2941 990 3011 λάμψας
1035 2942 1093 2993 ὲν
1130 2943 1196 3011 τῇ
1229 2939 1425 3012 πρώτῃ
1450 2940 1796 3011 λαμπρότητι
1835 2940 1970 3012 πρὸς

381 3036 490 3107 τὴν
519 3038 721 3089 κακίαν
758 3033 1139 3104 αὐτομολήσας
1174 3035 1469 3103 ἠφάνισται
1514 3035 1774 3103 χωρήσας
1805 3034 1886 3096 είς
1912 3034 1973 3085 τὸ

387 3127 587 3198 μηδὲν,
642 3127 781 3195 ὅπερ
833 3125 1064 3195 ἡκακία
1100 3127 1268 3177 ἐστίν.
1308 3124 1478 3177 Ὅθεν
1519 3124 1612 3176 καί
1656 3140 1790 3192 φησι
1836 3124 1972 3195 πρὸς

383 3181 585 3273 ἐιοέδῷ
612 3219 703 3272 διὰ
751 3181 1021 3287 ζιπεέεκιὴλ
1071 3217 1099 3271 ό
1145 3218 1321 3279 Θεός·
1367 3235 1386 3268 ι
1437 3181 1739 3287 ’Υψώθηή
1774 3181 2043 3285 καρὶςιᾴίῖ

386 3326 491 3362 σου
523 3309 617 3361 ἐπὶ
642 3307 722 3377 τῷ
745 3307 932 3361 κάλλει
956 3324 1073 3371 σου,
1104 3306 1195 3360 διὰ
1222 3307 1283 3359 τὸ
1311 3305 1518 3377 πλῆθος
1541 3306 1651 3359 τῶν
1680 3307 1974 3376 ἁμαρτιῶν

387 3415 490 3451 σου
515 3398 610 3450 ἐπὶ
640 3400 737 3467 τῆς
762 3399 864 3468 γῆς
894 3397 1098 3469 ἔρριψά
1124 3414 1208 3451 σε.
1238 3399 1405 3465 Λέγει
1436 3398 1496 3451 δέ
1523 3415 1626 3450 που
1649 3400 1744 3451 καὶ
1780 3399 1972 3453 Αὐδιοῦ

386 3492 531 3561 πρὸς
580 3489 779 3543 αὐτόν·
852 3508 871 3541 ι
910 3490 1038 3543 Ἐὰν
1092 3489 1463 3561 μετεωρισθῇς
1516 3489 1592 3551 ὡς
1644 3490 1841 3553 ἀετὸς,
1880 3489 1973 3544 καὶ

386 3584 670 3654 ἀναμέσον
723 3583 832 3635 τῶν
887 3583 1103 3653 ἄστρων
1157 3583 1256 3653 θῇς
1316 3584 1540 3637 νοσσιάν
1595 3599 1712 3648 σου,
1762 3582 1972 3636 ἐκεῖθεν

387 3674 620 3740 κατάξω
657 3690 739 3737 σε,
771 3672 920 3739 λέγει
955 3673 1182 3743 Κύριος.
1224 3691 1242 3724 ι

473 3783 491 3817 t
540 3764 841 3835 Ἐθεώρουν
868 3766 958 3818 τόν
984 3766 1225 3819 Σατανᾶν
1285 3765 1360 3829 ὼς
1412 3766 1701 3837 ἀστραπὴν
1754 3770 1819 3819 ὲκ
1874 3763 1970 3819 τοῦ

384 3857 622 3929 οὐρανοῦ
667 3859 919 3911 πεσόντα.
950 3875 967 3909 ι
1004 3858 1116 3928 Οὐχ
1160 3858 1241 3910 ὃτι
1262 3856 1318 3910 δὲ
1344 3859 1402 3910 ὲν
1430 3858 1645 3928 οὖρανῷ
1678 3853 1767 3930 ἦν,
1798 3858 1972 3911 ταῦτά

388 3968 583 4021 φησιν,
634 3950 770 4004 ἀλλὰ
800 3949 860 4001 τὸ
899 3949 1031 4019 ὕψος
1076 3951 1290 4013 δεικνὺς
1342 3952 1401 4018 ἐξ
1428 3948 1488 4005 οὗ
1516 3952 1970 4005 καταπέπτωκεν.

400 4043 496 4092 Ἐν
528 4040 741 4102 πολλοῖς
773 4041 880 4109 γάρ
910 4042 942 4109 ἡ
977 4040 1013 4091 Γ
1018 4043 1164 4111 ραφὴ
1197 4043 1256 4094 τὸ
1291 4042 1633 4113 ὑπερϐάλλον
1663 4042 1795 4108 ὕψος
1822 4044 1978 4095 καλεί

385 4133 646 4202 οὖρανόν.
680 4131 814 4202 Περὶ
857 4132 956 4200 μὲν
988 4131 1096 4201 γὰρ
1126 4134 1235 4185 τῶν
1275 4134 1483 4186 πόλεων
1508 4130 1619 4188 τῶν
1646 4135 1973 4188 Χαναναίων

387 4223 563 4290 φησί·
595 4222 788 4285 Πόλεις
830 4225 1238 4294 τετειχισμέναι
1284 4224 1387 4288 ἓως
1429 4225 1699 4294 οὐρανῶν.
1754 4227 1889 4293 Περὶ
1914 4226 1971 4279 δὲ

387 4314 499 4384 τῆς
538 4315 915 4387 Καπερναοὺμ
947 4313 1100 4371 εἶπεν
1129 4319 1156 4369 ό
1193 4315 1396 4387 Κύριος
1420 4334 1432 4350 ·
1469 4336 1486 4367 ι
1525 4317 1664 4369 Οὐαί
1711 4334 1813 4383 σοι,
1856 4320 1973 4372 Κα-

482 4477 522 4509 ¹’
557 4475 661 4532 Isa.
706 4492 762 4543 ι,
810 4473 917 4543 ιι;
970 4489 1084 4540 xw,
1127 4475 1215 4543 l3,
1264 4477 1351 4531 M.
1427 4476 1473 4508 ’°
1507 4476 1707 4533 Ezccb.
1740 4495 1940 4545 xui",
1991 4479 2081 4532 Π.

2081 551 2291 607 locutus
2324 561 2406 605 est
2438 570 2451 606 :
2484 550 2598 605 Non
2649 551 2837 606 mirari
2884 560 3100 622 oportet
3138 552 3183 607 si
3232 566 3331 607 vos
3383 553 3659 606 dmmoues

2081 642 2540 711 perhorrescunt;
2588 644 2778 697 borum
2823 645 2967 699 enim
3020 644 3271 715 princeps
3303 645 3413 713 jam
3464 644 3658 699 debili-

2083 743 2226 787 tatus
2260 734 2420 805 333
2450 734 2670 795 excidit,
2703 745 2753 789 et
2780 735 3003 805 jamjam
3058 738 3201 791 foras
3234 737 3485 807 ejieictur
3533 752 3654 789 om-

2082 826 2231 880 nino.
2265 828 2382 881 Hoe
2437 836 2615 879 autem
2665 827 2817 889 dicit,
2864 843 2931 882 ne
2980 828 3233 882 virtutem
3271 827 3654 880 miraculorum

2080 918 2564 987 expulsionemque
2586 921 2886 972 da‘mooum
2913 920 3086 974 inanis
3106 920 3287 989 glorize
3309 921 3653 973 occasionem

2084 1011 2369 1064 baberent.
2394 1010 2689 1063 Conﬁrmat
2719 1012 2879 1079 igitur
2902 1026 2996 1065 eos
3026 1014 3126 1065 hoe
3157 1011 3402 1079 exemplo
3426 1013 3653 1065 dicens:

2083 1102 2207 1155 Fuit
2250 1103 2411 1156 etiam
2446 1102 2677 1155 Satanas
2704 1102 2818 1171 (65)
2868 1103 2996 1155 olim
3053 1103 3105 1155 in
3157 1102 3495 1157 excellentiae
3544 1117 3656 1156 sua:

2084 1192 2336 1263 fastigio;
2382 1194 2475 1247 sed
2509 1192 2639 1247 inde
2685 1195 2737 1247 in
2779 1195 3089 1263 superbiam
3132 1209 3254 1247 cum
3283 1204 3429 1249 ρεειιι
3458 1193 3653 1252 elatus.

2081 1287 2406 1340 deturbatus
2441 1296 2523 1340 est
2555 1303 2569 1338 :
2606 1304 2624 1337 ι
2675 1284 2926 1339 Videbam
2974 1285 3232 1339 Satanam
3272 1294 3523 1353 tantulam
3553 1284 3659 1338 ful-

2080 1394 2181 1447 gur
2209 1380 2275 1431 de
2320 1377 2456 1433 caelo
2492 1380 2797 1431 cadentem.
2833 1396 2853 1429 ι
2893 1378 3184 1446 Aptissime
3227 1394 3356 1431 sane
3407 1378 3659 1431 similitu-

2082 1470 2205 1523 dine
2249 1469 2481 1539 fulguris
2518 1483 2648 1523 usus
2695 1478 2797 1523 est.
2854 1467 3097 1522 Eﬂicitur
3148 1470 3290 1524 enim
3349 1470 3544 1535 fulgur,
3602 1477 3660 1519 ut

2083 1560 2437 1630 prodiderunt
2470 1560 2503 1614 ii
2539 1561 2631 1629 qui
2664 1576 2721 1615 se
2753 1560 3077 1614 naturalium
3111 1576 3288 1617 rerum
3324 1561 3657 1630 pervestiga-

2084 1654 2217 1708 tioui
2252 1653 2633 1717 tradiderunt,
2676 1669 2797 1707 cum
2838 1654 3020 1709 siccus
3068 1653 3267 1707 halitus
3301 1653 3353 1705 in
3390 1668 3574 1707 crassa
3606 1660 3660 1705 rt

2087 1746 2305 1800 humida
2339 1744 2482 1797 nube
2520 1756 2748 1800 coactus
2796 1760 2993 1815 magno
3043 1746 3248 1814 impetu
3304 1744 3657 1804 cobrerentia,

2014 1830 2051 1884 Β
2082 1844 2137 1889 et.
2159 1838 2465 1905 constipata
2494 1834 2613 1904 ejus
2641 1837 2999 1905 spissamento
3029 1836 3345 1902 disrumpit,
3373 1834 3656 1903 strepitum

2083 1936 2136 1981 et
2167 1926 2436 1995 fragorem
2467 1929 2660 1991 edens,
2688 1925 2852 1980 veluti
2882 1927 3024 1995 quod
3054 1925 3107 1980 in
3134 1940 3273 1995 aqua
3306 1925 3660 1980 vehementer

2082 2020 2340 2091 agitatur.
2377 2019 2488 2073 Iioe
2519 2028 2699 2073 autem
2736 2018 2941 2072 tonitru
2971 2017 3300 2086 appellatur;
3335 2017 3494 2071 nubis
3526 2030 3658 2069 vero

2081 2109 2353 2175 discissio,
2390 2108 2725 2163 inflammato
2750 2107 2861 2177 jam
2896 2108 3010 2177 ipsa
3049 2107 3328 2161 attritione
3356 2106 3571 2175 spiritu,
3604 2114 3659 2157 et

2083 2210 2453 2267 coruscante,
2507 2202 2708 2255 dicitur
2756 2200 2955 2269 fulgur,
3016 2198 3159 2270 quod
3206 2198 3423 2269 quidem
3476 2196 3658 2251 subito

2080 2295 2467 2365 exstinguitur,
2497 2303 2551 2347 et
2581 2294 2632 2346 in
2663 2293 2893 2346 nihilum
2928 2293 3090 2347 redit.
3137 2290 3229 2345 Sic
3270 2304 3402 2345 sane
3436 2287 3659 2357 nequisc

2082 2392 2253 2446 simus
2293 2390 2519 2461 spiritus
2565 2390 2619 2444 in
2673 2389 2931 2445 elationis
2973 2390 3118 2443 nube
3165 2386 3444 2442 volutatus
3490 2386 3656 2440 veluti

2081 2483 2315 2553 quodam
2376 2484 2606 2553 propria:
2666 2482 3091 2537 existimationis
3147 2481 3352 2535 tonitru
3410 2479 3660 2532 nefandae

2083 2572 2227 2626 illius
2257 2580 2309 2625 et
2342 2572 2519 2641 impiae
2540 2572 2769 2639 strepitu
2790 2571 2937 2626 vocis
2958 2570 3229 2638 increpuit
3262 2591 3274 2625 :
3301 2587 3319 2620 ι
3349 2570 3660 2639 Apprebeu-

2081 2665 2203 2719 dam
2241 2663 2428 2718 orbem
2481 2673 2639 2719 terrm
2690 2672 2860 2717 totum
2912 2663 3065 2732 quasi
3098 2664 3310 2729 nidum,
3355 2671 3410 2718 et
3460 2678 3656 2731 ponam

2084 2758 2337 2811 thronum
2375 2771 2554 2810 meum
2585 2770 2748 2826 super
2793 2764 2965 2820 astra,
3000 2762 3057 2810 et
3108 2771 3203 2810 ero
3246 2755 3439 2812 similis
3486 2756 3660 2810 Altis-

2081 2849 2312 2903 simo".
2353 2864 2371 2899 ι
2417 2847 2494 2901 Ita
2544 2848 2597 2901 in
2654 2848 2745 2901 illo
2794 2847 2972 2916 primo
3026 2845 3234 2917 fulgore
3281 2862 3379 2900 suo
3428 2845 3660 2914 fulguris

2083 2943 2257 2997 instar
2277 2942 2502 2997 elucens
2531 2942 2584 2995 in
2612 2950 2890 3010 peccatum
2915 2939 3224 2994 voluntarie
3249 2953 3414 2993 ruens
3438 2938 3661 2991 evanuit

2083 3038 2340 3091 redactus
2391 3035 2445 3088 in
2501 3034 2763 3096 nihilum,
2814 3034 2959 3103 quod
2993 3032 3239 3100 profecto
3293 3031 3501 3084 malitia
3545 3038 3655 3085 est.

2085 3127 2239 3183 Unde
2260 3134 2313 3181 et
2335 3127 2399 3181 ad
2428 3127 2604 3195 ipsum
2624 3141 2718 3195 per
2742 3124 3077 3179 Ezecliielem
3100 3124 3336 3193 loquitur
3358 3123 3654 3177 Dominus:

2085 3241 2102 3273 ι
2144 3221 2355 3275 Eiatum
2407 3230 2490 3275 est
2547 3235 2641 3275 cor
2693 3227 2843 3273 tuum
2905 3219 2960 3273 in
3018 3219 3215 3274 decore
3268 3229 3405 3271 tuo:
3443 3225 3661 3285 propter

2082 3312 2485 3367 multitudinem
2520 3322 2868 3380 peccatorum
2904 3322 3120 3365 tuorum
3165 3310 3219 3364 in
3252 3318 3451 3364 terram
3486 3309 3657 3377 deieci

2078 3412 2130 3459 te
2152 3403 2219 3457 ’°.
2262 3422 2279 3455 ι
2327 3403 2466 3457 Dicit
2496 3403 2660 3457 etiam
2692 3402 2892 3458 alicubi
2944 3403 3148 3457 Abdias
3183 3402 3250 3456 ad
3280 3402 3457 3472 ipsum
3490 3418 3503 3454 :
3546 3420 3564 3452 ι
3601 3400 3657 3454 Si

2076 3496 2354 3551 exaltatus
2390 3494 2559 3549 fueris
2592 3504 2651 3549 ut
2680 3495 2884 3564 aquila,
2925 3504 2979 3549 et
3009 3496 3053 3549 si
3096 3495 3239 3548 inter
3269 3495 3444 3548 media
3474 3494 3659 3547 sidera

2077 3601 2247 3654 ponas
2304 3585 2490 3639 nidum
2545 3593 2718 3651 tuum,
2754 3585 2881 3639 inde
2931 3594 2985 3639 te
3036 3586 3345 3653 detraham,
3373 3585 3503 3638 dicit
3557 3583 3662 3639 Do-

2077 3679 2257 3732 minus
2283 3678 2348 3731 “.
2390 3693 2408 3727 ι

2158 3787 2176 3820 ‹
2222 3767 2484 3823 Videbam
2531 3767 2791 3831 Satanam
2850 3778 3108 3837 tanquam
3165 3769 3344 3839 fulgur
3388 3770 3456 3824 de
3516 3770 3657 3824 coelo

2080 3862 2365 3916 cadentem
2406 3879 2424 3912 ι
2467 3860 2587 3916 Non
2649 3876 2778 3914 vero
2831 3867 2973 3931 quod
3029 3862 3080 3915 in
3145 3862 3282 3916 cmlo
3331 3861 3511 3926 fuerit,
3561 3864 3657 3917 sed

2082 3955 2161 4008 uti
2219 3955 2563 4009 altitudinem
2606 3956 2961 4019 demonstret,
3019 3955 3163 4009 unde
3229 3956 3523 4019 deciderat.
3583 3957 3657 4034 ita

2078 4046 2341 4114 loquitur.
2396 4045 2582 4102 Multis
2640 4050 2784 4101 enim
2846 4046 2980 4101 locis
3035 4063 3301 4102 summam
3365 4050 3656 4117 quamdam

2074 4136 2451 4191 celsitudinem
2484 4137 2607 4191 cmli
2645 4138 2864 4191 nomine
2896 4136 3173 4207 Scriptura
3208 4139 3495 4208 significat.
3522 4138 3655 4193 Nam

2073 4238 2129 4285 et
2159 4229 2228 4283 de
2265 4229 2577 4286 civitatibus
2625 4230 3053 4284 Cbananaeorum
3105 4230 3357 4301 loquens,
3384 4246 3552 4301 usque
3592 4232 3659 4285 ad

2074 4320 2274 4376 callum
2309 4322 2533 4377 eductas
2564 4323 2641 4377 ait
2672 4323 2718 4354 "
2748 4363 2763 4387 ,
2795 4332 2850 4376 et
2880 4324 2943 4377 de
2981 4322 3364 4392 Capharuaum
3400 4324 3657 4378 Dominus

2161 4483 2202 4512 ²¹
2246 4482 2467 4547 Abduc,
2500 4483 2552 4536 ί.
2634 4482 2677 4512 ²²
2710 4481 2862 4541 Deut.
2891 4501 2967 4550 Ix,
3002 4488 3047 4539 l.

1630 4614 1943 4676 Franciset
1977 4616 2179 4677 Scorsi
2218 4624 2407 4678 notae.

473 4744 589 4819 (βξ)
622 4740 755 4819 Fuit
786 4743 944 4796 etiam
972 4741 1244 4819 _S_atanas.
1274 4740 1429 4819 nunc
1469 4744 1753 4819 locumude
1793 4748 1969 4819 primo
2002 4750 2047 4807 D
2076 4764 2235 4818 quem
2281 4758 2339 4804 ut
2379 4750 2518 4804 Deus
2553 4748 2663 4815 jam
2704 4760 2814 4803 tum
2854 4750 3052 4807 vidisse
3092 4768 3149 4808 se
3192 4754 3286 4819 ait,
3325 4757 3653 4811 mentionem

397 4814 635 4872 Luciferi
688 4828 816 4867 casu
873 4814 1140 4882 accipiunt
1188 4816 1338 4868 multi
1392 4832 1459 4870 ex
1509 4814 1758 4869 Patribus
1796 4814 1972 4874 'rclati

400 4886 543 4956 apud
580 4882 1219 4956 Cornelium‘nostrum,
1256 4884 1347 4956 qui
1392 4898 1510 4956 eam
1557 4886 1973 4954 explicationem

400 4952 690 5010 litteralem
724 4962 780 5006 et
813 4952 1075 5027 potiorem
1113 4960 1286 5027 putat.
1320 4952 1425 5009 Sed
1461 4954 1525 5009 de
1560 4952 1797 5027 secundo
1831 4957 1978 5027 ejus-

397 5027 522 5080 dem
551 5037 704 5087 easn,
737 5037 928 5091 nempe
955 5022 1019 5075 de
1046 5024 1335 5077 amissione
1368 5026 1668 5091 potestatis,
1697 5035 1749 5079 et
1780 5022 1974 5093 cul'tus,

398 5102 1001 5177 quennoccupaxerat,
1042 5102 1105 5177 Et
1148 5094 1457 5177 obtinuerat
1504 5106 1628 5149 ante
1680 5095 1973 5177 adventum

393 5161 632 5222 Christi.
665 5161 989 5232 intelligunt
1039 5162 1264 5232 Gregor.
1315 5162 1571 5217 Nazianz.
1622 5177 1758 5219 orat.
1810 5168 1843 5219 4
1897 5169 1969 5222 De

398 5232 613 5297 Theol.;
662 5230 823 5285 Basil.
863 5234 913 5302 in
967 5231 1113 5285 hom.
1151 5230 1289 5302 quod
1333 5233 1470 5287 Deus
1520 5250 1621 5287 non
1667 5236 1735 5288 sit
1784 5246 1969 5291 auctor

395 5303 689 5377 malor_um_;
720 5300 975 5377 Cyrinus,
1000 5302 1138 5377 apud
1164 5300 1233 5377 'D.
1251 5302 1525 5377 _’_I‘boinam
1544 5345 1557 5363 .
1590 5319 1817 5374 eamque
1845 5322 1969 5377 pro-

396 5374 524 5447 bant
552 5371 806 5447 Eutliym.
836 5381 898 5447 et
917 5371 1218 5447 Theophyl.
1248 5372 1395 5428 lianc
1430 5378 1711 5443 mysticam
1731 5371 1798 5429 'et
1825 5371 1970 5447 s'ym-

396 5441 627 5517 boiicatn
675 5443 815 5517 idem
858 5441 1154 5517 cornelius:
1176 5452 1362 5517 putat,
1396 5441 1715 5517 nee__tamcn
1763 5441 1967 5517 reji'eit;

393 5512 490 5565 sed
524 5526 642 5565 eam
674 5511 1018 5580 amplectitur
1048 5512 1339 5569 Maidouat.
1373 5514 1539 5567 Attuli
1570 5517 1707 5568 hanc
1739 5511 1970 5570 varieta-

393 5588 518 5655 _tem_
542 5581 888 5655 opinionum,
919 5590 976 5635 ut
1011 5583 1181 5636 scires
1219 5592 1509 5655 utramque
1541 5584 1959 5655 explicationem

391 5651 550 5721 bonis
597 5649 910 5721 auctoribus
957 5660 1067 5704 tum
1120 5654 1355 5721 antiquis
1408 5649 1519 5707 tum
1569 5649 1963 5711 recentioribus

393 5716 738 5793 fuitam.§ed
775 5720 940 5793 priori
978 5716 1268 5793 subscribit.
1300 5724 1385 5777 hic
1420 5724 1580 5777 Pater
1608 5728 1963 5793 eamdemque

394 5802 555 5856 quam
585 5790 675 5844 alii
710 5789 972 5846 rationem
1002 5789 1178 5858 affert,
1211 5806 1307 5847 cur
1338 5794 1474 5849 bane
1501 5794 1567 5849 de
1599 5795 1814 5852 Satanae
1837 5789 1961 5852 casu

2076 4820 2321 4892 intulerit
2361 4819 2636 4892 Christus,
2683 4820 2935 4874 nimirum
2989 4825 3245 4892 quoniam
3298 4826 3424 4879 elati
3471 4827 3653 4881 laetitia

2075 4888 2321 4966 discipuli
2366 4890 2707 4966 videbantur,
2738 4888 3045 4966 exemplum
3086 4893 3204 4966 illis
3246 4894 3479 4950 Luciferi
3528 4913 3657 4966 pro-

2074 4960 2247 5033 ponit,
2275 4974 2515 5033 quicum
2547 4972 2611 5013 eo
2642 4960 2825 5033 glorim
2856 4963 3217 5033 processisset
3238 4967 3313 5033 ὀί)
3339 4960 3652 5033 superbiam

2074 5027 2660 5102 Cecidit.aliusumque
2682 5027 2869 5102 volunt
2889 5032 2962 5102 ad
2992 5032 3118 5086 illud
3148 5028 3296 5089 lsaire
3328 5053 3341 5088 :
3373 5027 3651 5102 Quomodo

2076 5097 2897 5171 cecidisti,_l_.uci[er?Noumibi
2931 5112 3057 5155 sunt
3082 5097 3457 5171 prmlereunda
3487 5112 3649 5163 verba

2075 5167 2300 5241 Gregor.
2335 5168 2510 5241 Magni
2530 5184 2664 5241 cap.
2694 5168 2763 5223 ‘24
2793 5170 2987 5224 Morel.
3016 5167 3135 5241 qua:
3168 5176 3306 5231 banc
3338 5188 3518 5232 notam
3551 5178 3650 5230 ob-

2068 5236 2282 5314 signent
2310 5257 2323 5292 :
2356 5236 2491 5292 lli—re
2521 5236 2796 5314 Dominus,
2818 5245 2962 5314 utin
2994 5236 3371 5314 discipulorum
3402 5248 3649 5301 cordibus

2066 5309 2354 5381 elationem
2398 5321 2684 5381 premeret,
2732 5310 2986 5363 indicium
3040 5309 3207 5369 ruina:
3259 5317 3469 5376 retulit.
3511 5317 3649 5381 quod

2068 5380 2179 5452 ipse
2214 5377 2461 5452 magister
2491 5378 2737 5452 elationis
2774 5382 2970 5452 accepit
2993 5424 3006 5447 ,
3037 5393 3092 5436 ut
3127 5387 3178 5438 in
3214 5397 3428 5439 auctore
3462 5377 3648 5452 super-

2069 5448 2167 5523 lliw
2216 5450 2470 5501 discerent
2514 5448 2653 5523 quid,
2685 5449 2748 5503 de
2797 5450 3044 5523 elationis
3102 5456 3225 5508 vitio
3279 5448 3647 5523 formidarent.

2067 5516 2334 5572 Cteternm
2390 5519 2534 5582 quod
2590 5522 2655 5573 ad
2709 5521 3027 5576 varietatem
3082 5525 3239 5579 codd.
3279 5516 3483 5578 "attinet
3537 5526 3650 5577 ba-c

2071 5589 2346 5660 sententia,
2388 5588 2756 5660 'i'beopbauis
2789 5592 2840 5643 in
2891 5594 3182 5660 exemplari
3236 5594 3411 5649 Vatic.
3458 5595 3649 5647 eadem

2072 5658 2303 5728 estpsed
2339 5659 2389 5710 in
2429 5657 2610 5712 verbis
2648 5658 2821 5711 variat
2857 5676 2882 5711 a
2922 5657 3064 5715 Gali.
3097 5664 3231 5728 Quia
3268 5678 3397 5717 vero
3434 5664 3654 5718 uberior

2072 5738 2126 5781 ιιι
2154 5726 2362 5803 plenior
2389 5728 2500 5780 visa
2531 5728 2690 5803 lectio
2720 5729 3022 5796 Gall.,eam
3054 5726 3219 5799 edidi,
3250 5747 3421 5803 neque
3454 5749 3540 5789 res
3568 5743 3655 5790 est.

2074 5798 2253 5867 magni
2285 5798 2565 5854 momenti.
3205 5798 3211 5799 ⁷
3334 5798 3350 5803 “
3624 5842 3629 5867 Ἰ
