4070 6406
393 339 518 405 ’379

1630 328 2126 392 ΤΗΕΟΡΠᾹΝΙΞ
2166 327 2510 389 CERAMEI

3593 315 3702 384 880

415 462 770 532 ipsedixitzt
811 433 1044 522 Vaatibi,
1069 457 1478 527 Capitarnaum,
1519 469 1692 524 usque
1717 455 1771 508 in
1804 452 2002 507 caelum

2124 455 2418 523 τερναοῦμ,
2446 454 2478 524 ή
2511 451 2616 515 ἓως
2647 451 2755 506 τῶν
2780 451 3030 524 οὐρανῶν
3063 450 3363 522 ὑψωθεῖσα.
3406 467 3426 504 ι
3458 446 3568 502 Καὶ
3595 447 3706 520 μὴν

414 555 686 610 ελιιΙιδιςιῐ
724 573 742 606 ›
767 553 910 620 Quin
953 560 1008 606 et
1043 551 1213 603 undas
1247 551 1417 602 maris
1477 561 1651 616 usque
1691 547 1757 600 ad
1808 544 2006 599 caalum

417 648 713 702 ascendere
741 645 905 699 David
931 642 1007 697 ait
1031 641 1076 672 "
1096 657 1110 707 ;
1134 641 1214 695 sic
1243 639 1410 710 igitur
1438 646 1494 692 et
1519 637 1622 692 hoc
1645 637 1766 690 loco
1789 635 1854 690 ad
1883 634 2009 689 alti-

420 738 659 792 tudinem
689 735 1030 789 indicandam
1063 745 1258 784 nomen
1287 727 1412 783 coli
1440 727 1691 796 sumpsit.
1719 723 1841 780 Non
1863 724 2008 779 enim

413 843 556 896 erat,
585 839 642 884 ut
672 829 805 893 dixi,
833 826 1068 880 Satanas
1091 825 1143 878 in
1169 823 1307 878 caelo
1332 821 1469 892 (64),
1496 821 1590 876 sed
1618 819 1945 875 constitutus
1978 833 2008 872 a

424 924 558 990 Deo,
585 933 872 991 antequam
901 919 1148 986 caderet,
1171 916 1337 988 33!.
1379 915 1690 984 etcaligine
1719 913 1790 968 ob
1815 927 2008 981 super-

419 1017 562 1072 biam
596 1015 988 1078 involveretur,
1027 1021 1085 1066 ut
1110 1011 1384 1065 obtineret
1419 1018 1689 1064 terrarum
1719 1007 2006 1070 ambitum,

410 1111 474 1163 in
512 1123 688 1177 eoque
741 1107 1141 1161 dominaretur.
1180 1102 1245 1157 Et
1295 1103 1516 1174 quidem
1549 1110 1676 1156 ante
1709 1099 2010 1155 Salvatoris

417 1201 717 1255 adventum
779 1198 929 1270 (65)
975 1197 1194 1253 difficile
1251 1196 1493 1266 superari
1550 1201 1783 1264 poterat,
1843 1202 1896 1247 et
1953 1195 2008 1246 in

407 1307 577 1346 omne
617 1292 759 1361 quod
796 1291 900 1346 sub
961 1289 1102 1345 ctclo
1135 1299 1240 1352 est,
1276 1288 1558 1342 audaciam
1602 1303 1666 1341 ac
1715 1285 2009 1356 potentiam

405 1385 674 1437 exerebat
715 1399 889 1436 suam.
925 1381 1024 1438 Ubi
1065 1397 1194 1436 vero
1237 1381 1330 1434 Dei
1375 1378 1701 1448 Unigenitus
1753 1377 2010 1431 similitu-

411 1475 600 1529 dinem
637 1490 882 1530 uosmun
916 1474 1222 1544 suscipiens
1278 1473 1457 1527 factus
1493 1479 1577 1526 est
1613 1472 1799 1534 homo,
1837 1469 2011 1522 imbe-

413 1566 556 1632 ciliis
589 1569 762 1622 evasit
801 1566 1076 1632 inimicus,
1105 1573 1160 1620 et
1196 1565 1284 1634 qui
1329 1563 1478 1634 prius
1513 1563 1690 1616 audax
1727 1560 1924 1625 fuerat,
1959 1567 2012 1613 et

417 1653 818 1720 formidandus,
855 1653 1010 1724 quasi
1053 1653 1314 1723 profugus
1349 1651 1568 1720 quidam
1602 1660 1652 1704 et
1708 1648 1866 1703 exsul
1925 1657 2010 1701 est

421 1747 619 1800 factus.

498 1856 517 1889 ι
566 1838 708 1892 Ecce
764 1834 888 1890 dedi
947 1834 1102 1889 vobis
1160 1841 1485 1902 petestatem
1538 1831 1788 1886 calcandi
1845 1847 2012 1902 super

419 1937 705 2000 serpentes
737 1937 790 1982 et
835 1926 1172 1995 scorpiones,
1206 1933 1260 1978 et
1315 1939 1478 1994 super
1511 1939 1727 1979 omnem
1778 1934 2019 1994 potesta-

418 2030 529 2076 tem
597 2019 827 2074 inimici.
867 2037 885 2069 ›
923 2017 1055 2071 Data
1087 2016 1306 2087 quidem
1369 2016 1632 2086 apostolis
1701 2017 1802 2070 fuit
1838 2017 2014 2070 virtus

415 2115 582 2168 etiam
637 2112 904 2166 adversus
953 2110 1244 2165 sensibiles
1297 2109 1464 2164 feras.
1515 2108 1647 2162 Nam
1696 2118 1750 2163 et
1800 2109 2018 2164 divinus

408 2225 603 2280 epraaco
635 2209 914 2278 Philippus
945 2208 1185 2276 viperam
1216 2206 1360 2260 illam
1397 2205 1509 2277 (66)
1545 2207 1610 2259 ah
1665 2205 2019 2276 llieropolitis

405 2311 484 2355 -ut
514 2318 716 2356 numen
763 2301 990 2364 cultam,
1024 2299 1280 2370 precibus
1327 2300 1501 2371 solum
1547 2298 1807 2351 adhibitis
1852 2305 2016 2364 rupit,

400 2407 477 2450 »οι
532 2394 845 2454 interemit;
877 2402 930 2446 et
978 2393 1172 2446 beatus
1211 2390 1412 2444 Paulus
1468 2388 1582 2443 fera
1615 2389 1667 2442 in
1696 2402 2017 2442 succensum

412 2501 608 2555 pyram
643 2497 874 2538 excussa
927 2483 1129 2536 mansit
1182 2481 1489 2535 incolumis.
1523 2479 1631 2534 Sed
1661 2490 1715 2534 ct
1759 2479 2021 2535 adversus

411 2577 800 2648 -iutelligibiles
829 2576 995 2642 feras,
1025 2576 1334 2630 immundos
1369 2575 1493 2629 dico
1534 2574 1830 2637 daemones,
1863 2586 2022 2626 acce-

407 2685 554 2739 pere
594 2678 950 2740 potestatem,
990 2670 1055 2722 de
1084 2668 1282 2737 quibus
1326 2669 1381 2721 in
1419 2667 1758 2722 Psalmorum
1791 2664 2020 2720 canticis

405 2761 676 2830 praedixit
728 2761 897 2816 David
939 2778 951 2813 :
987 2777 1009 2812 ι
1064 2759 1241 2829 Super
1300 2759 1540 2829 aspidem
1587 2769 1643 2814 et
1705 2758 2018 2812 basiliscum

403 2854 760 2920 -.antbulahis,
795 2863 849 2909 et
877 2853 1224 2910 conculcabis
1262 2852 1472 2906 leonem
1503 2863 1558 2905 et
1585 2853 1874 2906 draconem
1894 2849 1942 2881 ”
1968 2867 2012 2904 ι»

401 2948 492 3002 ἐι]
524 2948 890 3016 apostolorum
921 2956 1122 3002 emtum
1155 2947 1268 3001 haec
1291 2945 1519 2999 omnino
1550 2957 1776 2998 canens.
1801 2941 1868 2996 Et
1888 2956 2019 2998 vero

429 3042 712 3098 Habacum
747 3045 1009 3114 propheta
1052 3043 1158 3096 vim
1194 3041 1566 3111 apostolorum
1603 3047 1788 3093 contra
1826 3037 2016 3091 diabo-

425 3137 534 3191 lum
551 3148 826 3207 acceptam
863 3137 1034 3206 magis
1069 3137 1381 3206 expressit:
1419 3153 1438 3186 t
1473 3131 1591 3197 Vae,
1626 3132 1901 3200 inquiens,
1927 3131 2017 3199 qui

2118 551 2215 600 καὶ
2257 548 2326 600 τὰ
2373 546 2638 599 θαλάττια
2697 544 2922 614 κύματα
2969 544 3074 609 ἕως
3111 544 3221 597 τῶν
3273 544 3523 613 οὐρανῶν
3577 543 3710 596 ἀνα-

2117 640 2330 693 ϐαίνειν
2376 638 2524 707 λέγει
2567 639 2732 692 Δαδίδ
2761 656 2774 670 ⁸
2813 639 2958 692 οὕτω
3009 638 3142 707 γοῦν
3184 635 3466 690 κάνταῦθα
3503 638 3583 699 εἰς
3617 636 3712 705 δή-

2117 731 2282 784 λωσιν
2312 731 2406 784 τοῦ
2449 731 2619 801 ὕψους
2653 731 2842 802 εἴληφε
2893 731 2984 783 τὸν
3029 730 3282 800 οὐρανόν.
3321 725 3432 782 Ἦν
3467 730 3596 800 γὰρ,
3631 727 3708 793 ὡς

2118 822 2278 894 ἔφην,
2315 825 2343 876 ό
2370 824 2618 886 Σατανᾶς
2655 824 2756 875 οὐκ
2787 824 2845 874 ὲν
2877 823 3154 892 οὐρανοῖς,
3197 822 3334 875 ἀλλά
3365 821 3710 890 τεταγμένος

2119 919 2224 971 ὑπὸ
2254 917 2390 970 Θεοῦ
2422 917 2521 989 τὴν
2558 915 2840 986 περίγειον
2890 915 3048 985 λῆξιν
3085 915 3344 984 κατέχειν
3372 931 3431 966 τε
3476 914 3570 966 καὶ
3607 931 3708 966 πε-

2121 1011 2404 1080 ρικρατεῖν
2437 1009 2544 1080 πρὸ
2575 1009 2666 1061 τοῦ
2701 1011 3060 1072 καταπεσεῖν,
3091 1008 3187 1061 καὶ
3221 1007 3576 1076 σκοτισθῆναι
3618 1006 3707 1061 διὰ

2117 1104 2218 1164 τὴν
2246 1102 2504 1173 ἔπαρσιν,
2545 1102 2655 1154 Καὶ
2699 1101 2806 1171 πρὸ
2855 1100 2955 1171 μὲν
2988 1101 3089 1172 τῆς
3123 1099 3219 1152 τοῦ
3250 1100 3524 1170 (Σωτῆρος
3563 1101 3708 1153 οἰκος

2118 1191 2314 1262 νομίας
2347 1190 2864 1260 δυσανταγώνιστος
2899 1189 2994 1263 ἦν,
3052 1192 3146 1244 κα)⁵
3195 1189 3327 1260 ὅλης
3364 1189 3712 1260 κατεθρασύ-

2117 1303 2241 1337 νετο
2285 1285 2384 1357 τῆς
2418 1285 2510 1338 ὑπ’
2559 1286 2815 1356 οὐρανόν.
2871 1285 3093 1356 Ἐπειδὴ
3129 1285 3184 1338 δὲ
3234 1285 3336 1355 τὴν
3376 1284 3512 1353 πρὸς
3561 1285 3712 1353 ἡμᾶς

2119 1379 2376 1448 ὁμοίωσιν
2413 1377 2662 1433 ὑπελθὼν
2696 1381 2723 1432 6
2757 1377 3076 1447 Μονογενὴς
3129 1379 3356 1445 γέγονεν
3394 1375 3709 1446 ἄνθρωπος,

2118 1473 2422 1543 ἠσθένησεν
2451 1475 2479 1526 6
2503 1471 2720 1543 ἐχθρὸς,
2761 1473 2853 1525 καὶ
2881 1472 2909 1524 6
2935 1472 3103 1526 πάλαι
3134 1472 3342 1540 θρασὺς
3380 1472 3474 1523 καὶ
3504 1470 3715 1540 ἀπρόσ-ο

2124 1583 2232 1629 ιτος
2262 1565 2509 1635 ἐγεγόνει
2547 1565 2752 1635 φυγάς.

2195 1835 2214 1869 ι
2264 1817 2397 1871 Ἰδοὺ
2451 1817 2649 1888 δίδωμι
2713 1818 2847 1888 ὑμῖν
2898 1816 2998 1888 τήν
3053 1817 3306 1883 ἐξουσίαν
3367 1818 3464 1873 τοῦ
3511 1819 3712 1874 πατεῖν

2121 1909 2307 1962 ἐπάνω
2351 1909 2529 1976 δφεων
2579 1909 2674 1961 καὶ
2741 1908 3043 1980 σκορπίων,
3097 1909 3192 1962 καὶ
3245 1909 3340 1963 ἐπὶ
3392 1911 3575 1964 πᾶσαν
3611 1911 3714 1980 τὴν

2118 1999 2353 2069 δύναμιν
2379 1998 2474 2051 τοῦ
2506 1997 2724 2070 ἐχθροῦ.
2767 2018 2784 2051 ι
2827 1998 3048 2052 Δέδοται
3084 1999 3184 2068 μὲν
3232 2002 3346 2060 τοῖς
3378 2000 3714 2063 ἀποστόλοις

2120 2093 2214 2144 καὶ
2249 2093 2281 2161 ἠ
2318 2091 2457 2145 κατὰ
2489 2091 2599 2144 τῶν
2643 2091 2920 2162 αἰσθητῶν
2965 2092 3175 2164 θηρίων
3227 2091 3403 2162 ἰσχύς.
3439 2093 3570 2145 Ὅτε
3601 2095 3714 2163 γὰρ

2122 2184 2397 2256 θεοκῆρυξ
2427 2184 2696 2247 Φίλιππος
2725 2185 2822 2255 τὴν
2854 2187 3009 2257 παρὰ
3025 2186 3134 2238 τῶν
3171 2185 3552 2255 Ἰεροπολιτῶν
3619 2203 3714 2241 σε-

2121 2277 2363 2349 ϐομένην
2391 2277 2608 2353 ἔχιδναν
2643 2277 2776 2348 εὐχῇ
2815 2279 2952 2348 μόνῃ
2981 2277 3260 2349 διέρρηξε,
3292 2279 3387 2330 καὶ
3415 2277 3665 2332 ἀπώλεσε
3689 2293 3711 2313 ⁶

2121 2371 2215 2425 καὶ
2239 2373 2266 2424 6
2295 2371 2565 2442 μακάριος
2587 2371 2642 2423 δὲ
2671 2370 2884 2432 Παῦλος
2931 2373 2988 2424 ὲν
3019 2374 3085 2442 τῇ
3127 2373 3278 2442 νήσῳ
3306 2373 3514 2442 Μελίτῃ
3537 2373 3598 2425 τὸ
3615 2373 3716 2445 θη-

2124 2464 2240 2534 ρίον
2278 2465 2336 2517 ὲν
2364 2467 2432 2535 τῇ
2473 2465 2724 2535 πυρκαῖᾷ
2752 2465 3112 2534 τιναξάμενος
3141 2464 3414 2534 διέμεινεν
3441 2467 3712 2538 ἀϐλαϐής.

2125 2554 2361 2608 Ἐλαδον
2389 2556 2448 2609 δὲ
2496 2557 2593 2610 κα).
2623 2561 2723 2628 τὴν
2751 2557 2895 2611 κατά
2930 2556 3040 2610 τῶν
3074 2558 3286 2627 νοητῶν
3319 2559 3528 2629 Θηρίων
3549 2561 3716 2614 δύνα-

2125 2664 2218 2716 μιν
2261 2647 2373 2701 τῶν
2420 2649 2751 2722 ἀκαθάρτων
2809 2650 3084 2718 δαιμόνων
3131 2652 3298 2722 φημὶ,
3365 2654 3493 2711 περὶ
3539 2646 3616 2708 ὧν
3653 2656 3715 2707 ὲν

2121 2741 2422 2812 ψαλμικοῖς
2451 2741 2645 2811 ὕμνοις
2688 2742 2998 2814 προεφώνει
3030 2745 3195 2799 Δαδίδ
3233 2761 3246 2774 ⁸
3288 2763 3306 2796 t
3353 2745 3476 2798 Ἐπὶ
3510 2747 3715 2803 ἀσπίδα

2128 2836 2223 2887 καὶ
2259 2834 2581 2903 βασιλίσκον
2613 2834 2878 2906 ἐπιϐήσῃ,
2924 2835 3021 2888 καὶ
3045 2839 3458 2908 καταπατήσεις
3494 2838 3711 2902 λέοντα,

2123 2927 2219 2978 καὶ
2246 2926 2522 2995 δράκοντα
2545 2940 2561 2957 ο
2600 2943 2618 2976 ι
2655 2925 2833 2978 πάντα
2874 2926 3011 2997 πρὸς
3043 2925 3134 2978 τὸν
3165 2927 3526 2980 ἀποστολικὺν
3551 2929 3715 2998 χορὸν

2121 3017 2295 3072 ταῦτα
2317 3019 2530 3088 φωνῶνο
2560 3019 2663 3071 Καὶ
2703 3017 3020 3088 Ἀὃόακοὺμ
3047 3018 3103 3071 δὲ
3133 3020 3162 3071 6
3193 3021 3478 3090 προφήτης
3512 3020 3717 3091 ἐκφαν-

2122 3111 2421 3182 τικώτερον
2455 3109 2574 3164 εἷπε
2608 3112 2707 3183 τὴν
2733 3112 2876 3165 κατά
2903 3110 3000 3164 τοῦ
3046 3110 3298 3165 διαϐόλου
3334 3112 3443 3164 τῶν
3476 3115 3716 3166 ἀποστό-

431 3205 761 3299 multiplicat
813 3229 916 3284 sibi
960 3205 1088 3297 quae
1137 3205 1242 3282 non
1291 3235 1416 3281 sunt
1473 3241 1608 3291 sua;
1665 3225 1789 3294 quia
1841 3222 2017 3278 subito

2125 3206 2234 3259 λων
2263 3205 2418 3276 ἰσχύν
2443 3222 2455 3236 ’
2497 3225 2516 3257 ι
2560 3206 2721 3272 Οὐαὶ,
2772 3205 2971 3274 λέγων,
3013 3207 3040 3258 6
3091 3205 3387 3275 πληθύνων
3435 3207 3614 3277 ἑαυτῷ
3645 3207 3717 3260 τὰ

421 3331 760 3391 consurgent
789 3320 1104 3374 mordentes
1137 3335 1297 3374 eum:
1331 3320 1457 3388 quia
1490 3317 1804 3385 exspoliasti
1833 3326 2020 3385 gentes

429 3414 648 3482 multas,
683 3413 1064 3483 exspoliabunt
1102 3423 1153 3468 te
1201 3428 1393 3468 omnes
1443 3411 1636 3481 reliqui
1683 3411 1864 3481 populi
1887 3411 1958 3465 ’³.
1998 3428 2017 3461 ι

429 3506 600 3578 Igitur
633 3516 824 3562 contra
859 3508 1002 3562 hunc
1029 3507 1326 3561 draconem
1374 3515 1428 3559 et
1461 3505 1734 3559 daamones
1783 3503 1886 3558 sub
1931 3503 2025 3559 illo

427 3599 726 3654 militantes
759 3613 1036 3668 praecones
1071 3599 1270 3654 divina:
1317 3597 1450 3668 legis
1482 3611 1742 3664 accepere
1787 3605 2026 3665 potesta-

428 3702 574 3757 tem;
608 3703 665 3746 et
714 3703 899 3747 contra
953 3707 1143 3746 eorum
1200 3691 1438 3746 cultores
1473 3688 1608 3760 (67),
1655 3698 1710 3744 et
1765 3696 2029 3758 quotquot

417 3782 720 3854 Evangelio
745 3785 1017 3838 adversati
1045 3790 1194 3848 sunt,
1223 3781 1422 3852 quibus
1453 3781 1715 3844 subactis,
1736 3787 1792 3834 et
1822 3779 2028 3833 attritis

426 3871 776 3946 Evangelium
805 3879 1006 3947 ubique
1032 3876 1273 3947 gentium
1335 3877 1606 3946 prolatum
1659 3882 1764 3929 est.
1785 3870 1862 3925 Ne
1897 3884 2027 3925 vero

415 3967 600 4034 gratia
631 3977 684 4020 et
709 3968 886 4022 virtus
919 3968 1308 4022 miraculorum
1361 3966 1630 4032 superbiae
1665 3973 1874 4018 motum
1923 3961 2031 4018 illis

2129 3300 2230 3354 οὐκ
2293 3300 2426 3354 ὄντα
2478 3298 2644 3353 αὐτοῦ
2675 3339 2689 3364 ,
2743 3299 2828 3352 ὅτι
2899 3298 3164 3368 ἐξαίφνης
3215 3299 3615 3370 ἀναστήσονται
3661 3301 3713 3354 οί

2119 3392 2410 3454 δάκνοντες
2469 3391 2634 3445 αὐτόν
2666 3408 2681 3422 ⁸
2709 3392 2793 3444 ὅτι
2839 3391 2903 3444 σὺ
2949 3390 3295 3454 ,ὲσκύλευσας
3335 3390 3461 3462 ἔθνη
3522 3389 3713 3458 πολλὰ,

2125 3485 2485 3540 σκυλεύσουσί
2536 3502 2595 3538 σε
2662 3485 2866 3548 πάντες
2895 3484 2946 3538 οἱ
3002 3485 3455 3557 ὑπολελειμμένοι
3505 3487 3644 3541 λαοί.
3689 3505 3708 3538 ι

2126 3581 2286 3633 Κατά
2309 3580 2506 3633 τούτου
2540 3580 2674 3649 γοῦν
2709 3580 2806 3633 τοῦ
2837 3579 3138 3651 δράκοντος
3166 3581 3262 3634 καὶ
3286 3581 3395 3634 τῶν
3426 3581 3521 3634 ὑπ’
3547 3582 3716 3635 αὐτοῦ

2125 3672 2403 3743 δαιμόνων
2447 3673 2641 3727 ἔλαϐον
2689 3671 2945 3737 ἐξουσίαν
2985 3675 3032 3725 οἱ
3065 3672 3437 3744 θεοκήρυκες,
3475 3676 3569 3728 καὶ
3607 3675 3716 3728 τῶν

2126 3767 2372 3830 ὲκεινοὺς
2400 3766 2804 3837 λατρευόντων,
2847 3767 2944 3820 καὶ
2964 3766 3274 3832 διωξάντων
3302 3768 3364 3821 τὸ
3405 3769 3671 3839 κήρυγμα
3699 3783 3716 3798 ·

2127 3857 2222 3922 οὓς
2258 3859 2629 3929 πατήσαντες,
2681 3863 2776 3913 κα).
2822 3860 3220 3930 συντρίψαντες
3272 3864 3332 3916 τὸ
3368 3863 3713 3932 Εὑαγγέλιυν

2130 3949 2412 4022 πανταχοῦ
2458 3949 2859 4021 διεξήπλωσαν.
2891 3951 3013 4006 ’Ἰνα
3061 3952 3118 4006 δὲ
3154 3953 3231 4026 μή
3262 3955 3371 4008 τῶν
3405 3957 3649 4027 σημείων
3683 3959 3718 4026 ή

403 4051 708 4122 injiceret,
755 4055 904 4110 addit
966 4054 1257 4109 Salvator:
1313 4071 1332 4103 t
1376 4051 1762 4108 Verumtamen
1819 4052 1871 4105 in
1929 4051 2017 4106 hct

2131 4047 2314 4119 χάρις,
2343 4047 2500 4118 καὶὴ
2536 4045 2789 4118 ἐνέργεια
2834 4046 3217 4118 ὑπερηφανίας
3265 4049 3485 4119 ὲνθήσει
3538 4050 3714 4113 πάθος

483 4211 720 4267 “Psal.
751 4227 859 4278 cvt,
895 4211 988 4269 26.
1063 4212 1111 4246 “
1137 4211 1285 4269 Psal.
1317 4227 1403 4278 xc,
1435 4212 1524 4269 l5.
1600 4213 1646 4246 ³⁸
1688 4208 1894 4266 Habac-
1922 4224 1982 4275 "s
2016 4207 2074 4266 7-

1676 4351 1992 4414 Francisci
2021 4354 2232 4415 Scorsr
2272 4357 2464 4413 notae.

482 4481 613 4554 ’(64)
669 4480 790 4537 Non
835 4485 974 4538 enim
1014 4493 1129 4538 erat
1178 4484 1411 4540 Satanas
1463 4485 1516 4557 in
1551 4482 1719 4557 icmlo.
1767 4481 2018 4557 Lucifero
2053 4500 2098 4557 ι)
2125 4483 2418 4546 colebatur,
2445 4484 2542 4557 sed
2574 4497 2691 4535 cum
2721 4480 3034 4557 Unigenitus
3069 4480 3163 4535 Dei
3195 4481 3479 4557 descendit,
3510 4485 3717 4557 corruit

427 4565 718 4622 antequam
757 4569 854 4621 per
889 4567 1168 4623 peccatum
1208 4557 1454 4620 caderet,
1488 4555 1657 4610 fuisse
1691 4555 2016 4621 permissam

413 4634 587 4678 Iterraa
641 4626 941 4679 custodiam
996 4641 1101 4680 non
1158 4628 1332 4679 solum
1392 4629 1479 4680 hic
1539 4626 1863 4686 Cerameus,
1917 4623 2014 4677 sed

426 4696 592 4748 etiam
629 4695 995 4749 Damascenus
1023 4698 1298 4764 supponit,
1326 4697 1421 4750 lib.
1453 4712 1489 4750 ιι
1525 4694 1597 4748 De
1624 4694 1748 4763 ﬁde,
1779 4709 1905 4764 cap.
1928 4693 1961 4746 4
1997 4712 2010 4748 :

427 4766 528 4836 Ἐκ
569 4765 780 4836 τούτων
811 4765 920 4817 τῶν
951 4765 1264 4836 ἀγγελικῶν
1298 4767 1587 4836 δυνάμεων
1621 4763 2018 4836 πρωτοστάτης

415 4835 528 4903 τῆς
557 4834 840 4904 περιγείου
872 4834 1101 4906 τάξεως,
1131 4837 1229 4888 κα).
1255 4836 1352 4904 τῆς
1381 4834 1482 4906 γῆς
1512 4834 1610 4906 τὴν
1643 4834 1892 4906 φυλακὴν
1925 4837 2022 4906 ὲγτ

429 4906 728 4978 luptatis};
758 4905 908 4975 παρὰ
925 4905 1060 4978 Θεοῦ
1082 4906 1142 4958 οὐ
1176 4903 1589 4978 φύσειπονηρὺς
1620 4903 1878 4978 γεγονὼς,
1904 4903 2024 4958 ἀλλ’

418 4973 636 5041 ἀγαθὸς
669 4973 766 5038 ὢν,
796 4973 902 5029 etc.
933 4995 949 5030 :
985 4973 1070 5030 Ea:
1107 4979 1170 5030 iis
1191 4973 1455 5046 angelicis
1478 4973 1772 5028 ’i'irttttibus
1807 4991 1867 5027 ea
1902 4991 2020 5044 qua:

429 5057 651 5112 praeerat
688 5049 926 5099 terrestri
963 5047 1160 5108 ordini,
1193 5057 1240 5099 et
1271 5050 1353 5098 cui
1385 5065 1415 5100 a
1449 5046 1556 5099 Deo
1593 5055 1747 5098 terra:
1779 5047 2020 5098 custodia

419 5116 710 5170 commissa
743 5125 880 5179 erat,
911 5133 1013 5170 non
1046 5127 1239 5170 natura
1273 5117 1415 5169 mala
1451 5116 1594 5185 facta
1630 5129 1728 5176 est,
1759 5117 1849 5168 sed
1885 5116 2019 5169 bona

429 5186 708 5248 exsistens,
741 5197 846 5241 etc.
882 5189 1066 5241 llefert
1097 5202 1218 5239 eum
1256 5203 1352 5254 pro
1385 5189 1486 5241 hac
1520 5189 1775 5254 Opinione
1810 5185 2015 5240 Suarcz

431 5267 643 5318 uoster,
675 5259 766 5309 lib.
800 5273 871 5311 vn
901 5257 975 5311 De
1023 5257 1248 5326 angelis,
1280 5271 1402 5323 cap.
1436 5258 1522 5310 l7.
1558 5255 1637 5310 Ex
1685 5257 1784 5309 hac
1838 5257 2016 5325 itaque

426 5328 714 5394 Opinione,
752 5340 806 5378 ut
841 5329 950 5394 jam
999 5328 1272 5391 dicebam,
1302 5327 1389 5380 hic
1437 5338 1621 5380 liOslet‘
1663 5329 1917 5379 Satanam
1965 5329 2016 5381 in

395 5434 398 5437 -
431 5399 567 5449 cmlo
600 5413 704 5449 non
738 5395 904 5452 fuisse
947 5399 1096 5462 dicit,
1137 5398 1288 5464 quasi
1341 5397 1610 5452 distentus
1662 5398 1714 5449 itt
1769 5405 1912 5450 terra
1948 5397 2016 5453 ad

422 5468 547 5533 ejus
585 5468 911 5525 custodiam.
949 5478 1000 5521 et
1046 5469 1288 5538 regimen
1329 5479 1509 5533 esset;
1556 5469 1730 5538 angeli
1776 5482 1901 5520 vero
1946 5471 2014 5520 ιιιι

433 5539 684 5608 dizttttlur
710 5551 831 5591 esse
861 5550 1117 5606 tanquam
1149 5538 1200 5589 itt
1233 5537 1374 5608 loco,
1403 5541 1491 5591 ubi
1524 5537 1842 5608 operantur,
1871 5539 2014 5606 quod

425 5605 692 5674 Thcolngi
725 5605 996 5674 copiosius
1026 5609 1075 5660 in
1108 5623 1157 5675 p.
1193 5623 1206 5660 t
1235 5606 1303 5659 Ἰ).
1334 5605 1572 5661 Thomas.

505 5678 619 5744 (65)
646 5666 734 5731 ‘Et
778 5666 989 5746 quidem
1034 5666 1157 5730 anle
1199 5676 1494 5732 Saluatoris
1535 5666 1846 5732 adventum.‘
1875 5676 2016 5732 Idem

418 5743 668 5814 ‘Cyrilltts
703 5743 840 5810 apud
877 5747 935 5799 D.
967 5747 1252 5808 Thomam,
1287 5752 1340 5801 in
1372 5749 1574 5803 Catena
1605 5766 1618 5803 :
1657 5751 1792 5802 Ante
1827 5748 2021 5802 Salva-

416 5817 566 5870 tor-1's
601 5819 880 5871 adventum
915 5819 1190 5889 subegerat
1225 5821 1328 5874 sibi
1362 5819 1562 5887 orbem,
1596 5829 1644 5874 et
1678 5821 1742 5874 ab
1780 5821 2020 5875 omnibus

2127 4564 2384 4623 tanquam
2431 4553 2634 4623 fulgur,
2665 4554 2793 4622 quia
2834 4553 3184 4608 conculcatur
3227 4554 3291 4605 ab
3338 4556 3718 4609 adoratoribus

2126 4623 2347 4679 Christi.
2370 4622 2514 4677 ldetn
2543 4623 2798 4691 Euthym.
2819 4631 2874 4678 et
2899 4625 3265 4677 communiter
3285 4638 3477 4679 omnes
3503 4623 3716 4690 Patres,

2129 4696 2220 4764 qui
2258 4694 2384 4747 illud
2411 4692 2568 4747 Joan.
2597 4709 2716 4761 cap.
2750 4709 2827 4747 χιι
2861 4710 2876 4747 :
2914 4691 3072 4747 Nunc
3097 4694 3366 4760 judicium
3398 4705 3475 4748 est
3505 4695 3715 4761 mundi,

2129 4763 2268 4818 nunc
2301 4766 2540 4832 princeps
2575 4764 2733 4832 hujus
2776 4765 2961 4817 mundi
2999 4764 3239 4831 ejicietur
3274 4763 3451 4834 foras,
3486 4767 3550 4817 de
3595 4768 3716 4818 dia-

2131 4835 2255 4888 bolo
2289 4845 2594 4904 exponunt,
2625 4844 2897 4902 quatenus
2934 4846 3058 4887 ante
3095 4835 3294 4888 Christi
3331 4835 3625 4888 adventum
3660 4836 3718 4889 in

2131 4907 2232 4960 hoc
2265 4903 2464 4958 mundo
2497 4919 2594 4972 per
2625 4903 2982 4959 idololatriam
3018 4905 3300 4974 regttaliat,
3329 4906 3411 4958 vel
3443 4919 3718 4974 quatenus
3768 4908 3777 4915 ’

2130 4975 2345 5029 ratione
2391 4974 2596 5042 peccati
2643 4974 2946 5028 communis
2984 4973 3200 5043 generis
3245 4973 3490 5040 humani,
3524 4975 3575 5029 in
3623 4990 3721 5029 eos

2133 5054 2334 5099 tantam
2376 5045 2609 5099 habebat
2641 5055 2997 5111 potestatem,
3032 5055 3086 5096 ut
3121 5044 3243 5098 sine
3279 5045 3477 5100 virtute
3516 5045 3719 5099 Ultristi

2131 5132 2234 5170 non
2265 5127 2486 5184 possent
2513 5115 2591 5170 eis
2616 5116 2866 5168 homines
2891 5117 3173 5170 resistere.
3197 5115 3288 5169 Sic
3316 5115 3478 5170 refert
3507 5115 3718 5170 Snarez

2130 5197 2320 5239 noster
2369 5187 2468 5239 bos
2515 5184 2733 5251 Patres,
2767 5185 2861 5241 lib.
2900 5201 2993 5239 vut
3055 5185 3127 5236 De
3180 5186 3418 5255 angelis,
3454 5203 3574 5254 cap.
3614 5185 3718 5252 2i;

2124 5257 2486 5325 eamdemque
2515 5255 2820 5309 doctrinam
2859 5257 3021 5310 tradit
3055 5255 3141 5307 hic
3169 5268 3353 5311 noster
3379 5267 3440 5310 ut
3471 5257 3624 5325 legis.

2203 5326 2312 5395 (66)
2348 5323 2630 5394 Philippus
2666 5327 2896 5394 viperam
2933 5325 3115 5386 illam,
3146 5337 3256 5380 etc.
3293 5327 3369 5382 De
3406 5329 3507 5382 hoc
3530 5323 3718 5381 'mirao

2129 5399 2251 5450 culo
2282 5398 2467 5449 scribit
2497 5397 2647 5466 Sytn.
2681 5397 2945 5464 Metapltr.
2978 5396 3118 5463 apud
3155 5398 3372 5451 buriutu
3408 5399 3461 5452 in
3497 5395 3619 5452 Vita
3654 5397 3715 5451 S.

2129 5467 2381 5534 Philippi,
2413 5483 2574 5535 quem
2608 5469 2727 5521 vide
2759 5469 2802 5519 si
2839 5467 3034 5534 placet.
3795 5483 3797 5485 ‘

2203 5537 2318 5608 (67)
2373 5536 2439 5590 Ει
2490 5547 2900 5608 eorumeorum
2949 5541 3197 5593 cultores.
3240 5536 3363 5592 llaec
3413 5540 3607 5592 desunt
3663 5539 3715 5590 in

2129 5605 2253 5664 Vat.
2290 5605 2400 5661 Καὶ
2441 5608 2546 5660 τῶν
2589 5607 2834 5669 ἐκείνους
2857 5608 3254 5679 λατρευόντων,
3287 5611 3380 5662 κα).
3411 5610 3723 5676 διωξάντων

2130 5681 2192 5732 τὸ
2233 5679 2532 5749 κήρυγμα,
2561 5694 2680 5748 qua:
2714 5678 2969 5748 supplcvt
2992 5695 3055 5732 ex
3089 5681 3254 5743 (ιλιι,
3288 5690 3344 5734 ιιι
3383 5683 3567 5734 itidem
3611 5679 3720 5735 alia

2132 5747 2660 5822 pauca’fragmeuta,
2690 5747 2810 5821 qua:
2840 5749 2996 5805 retuli
3031 5766 3194 5820 snpra
3226 5760 3338 5809 nol.
3368 5751 3438 5806 60
3466 5764 3521 5808 et
3553 5749 3644 5806 (i5.
