4070 6400
347 415 440 478 881

1671 431 2004 494 HOMILIA
2050 433 2324 496 XLVIII.

3525 435 3631 500 882

347 527 552 589 αὐτοῖς,
579 529 940 603 προστίθησιν
971 538 998 590 6
1028 537 1220 611 Σωτήρ
1253 555 1264 568 '
1303 559 1320 592 ι
1368 539 1516 604 Πλὴν
1561 540 1620 593 ἐν
1651 541 1823 612 τούτῳ
1861 542 1933 612 μὴ

2041 543 2206 598 nolite
2255 546 2576 616 gauderc;r
2621 545 2758 601 nihil
2815 545 2984 614 enim,
3047 543 3246 616 inquit,
3293 543 3394 600 hoc
3442 544 3506 598 ad
3540 562 3634 599 νυε

349 617 591 688 χαίρετε.
625 638 644 671 ι
679 619 846 677 Οὐδὲν
873 626 982 694 γὰρ
1011 629 1190 697 τοῦτο,
1217 633 1374 703 φησὶ,
1395 633 1531 703 πρὸς
1566 633 1710 704 ὑμᾶς
1735 653 1750 668 ο
1784 639 1815 704 ἡ
1840 636 1938 704 μὲν

352 708 460 778 γὰρ
513 709 674 781 χάρις
709 713 872 768 ἄλλου
928 720 1142 789 πέφυκε
1175 722 1272 775 τοῦ
1319 723 1524 793 ταύτην
1559 727 1940 797 παρασχόντος

355 801 503 869 ὑμῖν.
552 803 740 858 ’Δλλοι
774 807 828 860 δὲ
854 811 949 863 καὶ
978 813 1028 864 οἱ
1061 815 1524 887 εὐεργετούμενοι
1560 818 1608 870 οἱ
1636 817 1734 881 τὰς
1766 819 1940 881 ἰάσεις

349 891 654 961 δεχόμενοι.
711 897 874 968 Ὑμῖν
921 901 978 953 δὲ
1037 903 1198 958 τοῦτό
1248 907 1397 960 ἐστιν
1458 909 1790 980 εὐφροσύνη,
1847 913 1939 964 καὶ

349 984 672 1051 ἀγαλλίασις
708 990 770 1042 τὸ
805 1009 822 1040 ι
867 991 948 1045 Τά
991 994 1236 1063 ὀνόματα
1290 997 1446 1067 ὑμῶν
1495 999 1812 1070 γεγράφθαι
1879 1003 1938 1054 ὲν

346 1079 623 1158 οὐρανχοῖς,
659 1101 678 1133 ι
722 1084 784 1135 οὑ
818 1085 1032 1154 μέλανι,
1059 1088 1198 1142 ἀλλὰ
1228 1094 1418 1162 μνήμῃ
1456 1091 1618 1144 Θεοῦ.

424 1172 536 1241 Τὴν
570 1173 626 1227 δὲ
654 1175 790 1245 πρὸς
817 1179 918 1248 τὴν
949 1179 1062 1233 ἄνω
1100 1183 1463 1255 ⁹ιερουσαλὴμ
1489 1185 1599 1239 τῶν
1623 1186 1939 1241 ἀποστόλων

345 1262 676 1338 ἀπογραφὴν
693 1267 761 1338 ῆν
784 1270 1022 1324 ἐνταῦθα
1048 1275 1080 1345 ἡ
1103 1273 1198 1326 τοῦ
1224 1273 1565 1346 Εὐαγγελίου
1588 1278 1736 1347 λέγει
1764 1281 1937 1352 φωνὴ,

344 1357 442 1409 καὶ
489 1361 518 1411 6
575 1361 867 1432 Προφήτης
911 1364 1244 1422 θεσπιωδετ’
1305 1389 1325 1421 ι
1364 1371 1580 1435 Ἔσται,
1631 1373 1827 1443 λέγων,
1879 1376 1938 1429 τὸ

355 1449 685 1520 ὑπολειφθὲν
721 1455 780 1506 ὲν
806 1454 946 1508 Σιὼν
974 1459 1063 1510 καὶ
1097 1460 1460 1530 καταλειφθὲν
1478 1465 1533 1515 ἐν
1557 1464 1937 1534 Ἰερουσαλὴμ,

344 1539 507 1606 ἅγιοι
545 1542 912 1615 κληθήσονται
946 1549 1149 1614 πάντες
1178 1555 1227 1606 οί
1258 1555 1563 1625 γραφέντες
1599 1559 1680 1622 είς
1715 1557 1890 1628 ζωήν.
1915 1579 1933 1611 ι

346 1632 506 1704 Τάχα
543 1653 644 1688 που
675 1636 770 1690 καὶ
798 1639 964 1692 Δαϐὶδ
1005 1642 1133 1712 περὶ
1163 1645 1370 1697 τούτων
1413 1649 1612 1717 φησίν·
1650 1669 1669 1702 ι
1720 1650 1777 1704 '0
1813 1655 1937 1722 ἀρι-

344 1725 506 1794 θμῶν
555 1728 738 1802 πλήθη
793 1734 1035 1806 ἄστρων,
1090 1739 1185 1790 καὶ
1239 1726 1408 1794 πᾶσιν
1459 1743 1647 1808 αὐτοῖς
1695 1744 1939 1817 ὀνόματα

343 1819 552 1875 καλῶν.

495 1915 580 1966 Ἐν
613 1915 751 1989 αὐτῇ
782 1922 848 1989 τῇ
893 1919 1015 1994 ὥρᾳ
1073 1924 1448 1992 ἠγαλλιάσατο
1480 1929 1557 2001 τῷ
1603 1929 1881 2000 πνεύματι
1909 1935 1936 1987 6

371 2006 590 2075 1ησοῦς,
645 2012 742 2064 καὶ
793 2009 990 2069 εἷπεν·
1040 2017 1515 2094 Ἐξομολογοῦμαί
1559 2040 1664 2088 σοι,
1729 2027 1934 2098 Πάτερ,

340 2099 522 2170 Κύριε
562 2101 658 2156 τοῦ
711 2106 946 2177 οὐρανοῦ
1020 2111 1118 2165 καὶ
1159 2112 1262 2184 τῆς
1301 2115 1426 2184 γῆς.
1460 2135 1478 2167 ι
1535 2117 1935 2186 Ἠγαλλιάσατο

338 2194 436 2248 ἐπὶ
468 2199 591 2260 ταῖς
619 2198 902 2270 δυνάμεσι,
937 2206 1035 2259 καὶ
1061 2206 1150 2260 ἴνα
1174 2207 1248 2279 μὴ
1277 2209 1402 2282 δόξῃ
1429 2211 1700 2278 ἀντίθεος,
1733 2215 1935 2283 προσά-

336 2303 432 2354 γει
467 2287 545 2358 τῷ
591 2291 767 2363 Πατρὶ
800 2293 876 2358 ὡς
903 2296 1178 2372 ὁμοουσίῳ
1225 2301 1325 2373 τὴν
1364 2303 1776 2376 ἐξομολόγησιν,
1809 2325 1924 2360 του-

336 2381 495 2435 τέστι
531 2384 631 2454 τὴν
663 2387 1042 2458 εὐχαριστίαν,
1073 2393 1269 2448 Διττοῦ
1295 2395 1402 2465 γὰρ
1427 2397 1582 2462 ὄντος
1614 2401 1708 2453 τοῦ
1738 2419 1932 2472 σημαιο

336 2473 572 2544 νομένου
607 2477 698 2532 διὰ
723 2480 822 2551 τῆς
845 2481 1266 2556 ὲξαγορεύσεως
1291 2488 1535 2542 ἐνταῦθα
1573 2491 1635 2543 τὸ
1666 2493 1935 2563 πρότερον

337 2571 614 2639 προσήκει
649 2575 813 2637 νοεῖν,
853 2575 929 2638 ὡς
961 2577 1235 2648 πολλαχοῦ
1274 2581 1386 2635 τῶν
1407 2583 1660 2655 Ψαλμῶν
1688 2588 1718 2654 ή
1752 2585 1937 2657 βίϐλος

337 2661 548 2730 φησίν·
586 2683 604 2716 ι
641 2665 1187 2741 Ἑξομολογησόμεθά
1204 2690 1308 2739 σοι,
1339 2675 1367 2726 6
1388 2675 1593 2741 Θεὸς,ἰ
1626 2682 1931 2745 τουτέστιν,

339 2748 856 2829 Εὐχαριστήσομεν.
890 2764 1062 2831 Φησὶν
1102 2760 1217 2830 οῦν,
1250 2765 1325 2831 ὡς
1363 2769 1540 2839 Χάριν
1592 2771 1840 2840 ὁμολογῶ
1866 2777 1932 2845 τῇ

336 2847 568 2919 εὐδοκία
628 2869 746 2914 σου,
789 2855 994 2926 Πάτερ,
1026 2857 1106 2909 ὅτι
1131 2858 1463 2928 ἀπέκρυψας
1502 2862 1678 2917 ταῦτα
1703 2865 1812 2918 ἀπὸ
1845 2884 1935 2920 σο-

338 2939 486 3007 φῶν,
525 2943 619 2995 καὶ
655 2946 916 3010 συνετῶν,
966 2950 1060 3001 καὶ
1101 2951 1463 3020 ἀπεκάλυψας
1512 2955 1654 3008 αὐτὰ
1689 2959 1928 3026 νηπίοις.

342 3036 416 3087 Ἀ
448 3036 558 3105 γάρ
578 3039 678 3092 οὐκ
696 3039 943 3108 ἔγνωσαν
968 3043 1018 3096 οί
1043 3043 1331 3108 δοκοῦντες
1364 3047 1519 3114 σοφοὶ
1552 3049 1935 3121 Γραμματεῖς,

339 3130 444 3182 καὶ
495 3131 806 3201 Φαρισαῖοι,
839 3136 888 3188 οἱ
941 3140 1076 3206 παρ’
1130 3139 1344 3202 ἑαυτοῖς
1401 3141 1614 3194 συνετοὶ
1661 3143 1937 3213 μύσαντες

2044 636 2260 692 attinet.
2297 637 2486 692 Gratia
2537 637 2807 708 siquidem
2860 639 2977 693 haec
3024 638 3078 692 in
3141 635 3250 691 alio
3309 635 3634 689 naturaliter

2045 728 2205 788 inest,
2242 729 2294 782 in
2326 744 2389 784 eo
2413 730 2644 797 scilicet,
2681 746 2773 800 qut
2838 729 3042 801 praebet
3106 727 3246 783 hanc
3305 727 3459 782 vobis
3497 726 3634 781 :alii

2043 830 2172 876 sunt
2197 823 2382 888 etiam,
2409 825 2497 892 qui
2524 827 2787 880 beneﬁcio
2815 823 2995 879 allecti
3025 831 3171 887 sunt,
3196 836 3318 877 cum
3346 831 3629 876 curantur.

2043 912 2211 968 Vobis
2245 931 2372 970 vero
2405 917 2504 971 hoc
2556 919 2647 983 sit,
2693 918 2837 987 quod
2882 915 3160 986 gaudeatis
3222 923 3274 970 et
3320 913 3632 975 exsultetis.

2043 1008 2341 1076 nimirum,
2386 1029 2405 1062 ι
2459 1015 2604 1082 quod
2654 1012 2872 1067 nomina
2925 1019 3108 1066 vestra
3157 1011 3356 1079 scripta
3387 1017 3516 1064 sunt
3573 1009 3627 1064 in

2043 1099 2220 1165 ctelis,
2259 1120 2276 1152 ι
2317 1117 2419 1155 non
2467 1110 2794 1168 atramento,
2825 1104 2918 1157 sed
2955 1103 3007 1156 in
3039 1104 3299 1157 memoria
3336 1101 3449 1154 Dei.

2115 1191 2286 1246 Porro
2313 1195 2454 1249 hanc
2487 1195 2861 1266 apostolorum
2901 1196 2954 1250 in
2995 1196 3202 1251 cmlesﬁ
3256 1195 3632 1264 Hierosolyma

2042 1289 2486 1360 dcsrriptionem,
2520 1307 2682 1362 quam
2725 1291 3075 1360 erangelicus
3123 1304 3302 1344 sermo
3339 1289 3630 1357 signitieat,

2043 1386 2307 1456 propheta
2342 1385 2505 1438 etiam
2549 1384 2812 1437 divinitus
2849 1383 3090 1438 cecinit:
3127 1399 3145 1432 ι
3188 1382 3249 1433 Et
3280 1381 3403 1441 erit,
3437 1381 3633 1450 inquit,

2042 1481 2182 1547 quod
2211 1479 2475 1547 reliquum
2516 1477 2678 1548 335
2712 1476 2876 1531 luerit
2908 1477 2959 1529 in
2997 1474 3126 1529 Sion
3160 1484 3212 1528 et
3241 1474 3383 1543 quod
3419 1488 3634 1525 reman-

2041 1572 2174 1626 serit
2213 1574 2266 1625 in
2292 1571 2618 1636 Jerusalem,
2645 1573 2818 1626 sancti
2851 1570 3190 1624 vocabuntur
3213 1582 3406 1620 onmes
3446 1565 3633 1632 scripti

2042 1663 2107 1717 ad
2139 1665 2301 1718 vitam
2322 1665 2385 1718 “.
2421 1685 2437 1714 ι
2472 1662 2747 1718 Fortassis
2785 1664 2949 1718 etiam
2981 1674 3033 1716 et
3073 1660 3237 1716 David
3265 1661 3331 1714 de
3360 1661 3446 1715 his
3471 1661 3628 1714 dicit:

2047 1775 2065 1808 ι
2113 1756 2213 1822 Qui
2247 1767 2494 1810 numerat
2527 1756 2926 1810 multitudinem
2959 1755 3266 1821 stellarum,
3294 1763 3348 1809 et
3379 1753 3648 1808 omnibus-

2042 1850 2122 1904 eis
2148 1849 2362 1903 nomina
2389 1859 2546 1904 vocat
2568 1849 2633 1902 ’7.
2669 1868 2686 1899 ι

2117 1965 2135 1996 ι
2168 1943 2224 1998 ln
2250 1944 2438 1998 eadem
2470 1943 2599 1996 hora
2628 1942 2921 1996 exsultavit
2945 1939 3101 1996 Jesus
3126 1941 3346 2011 spiritu,
3371 1950 3423 1994 et
3451 1943 3579 1995 dixit
3617 1958 3630 1996 :

2040 2039 2318 2092 Conﬁteor
2351 2035 2469 2100 tibi,
2489 2036 2673 2097 Pater,
2702 2035 2948 2097 Dnn'rine,
2971 2035 3094 2089 caali
3121 2047 3173 2089 et
3199 2047 3375 2089 terrm.
3394 2055 3410 2085 ι
3441 2035 3633 2087 Exsul-

2043 2128 2170 2180 lavit
2196 2137 2419 2197 propter
2445 2125 2673 2179 virtutes
2703 2123 2814 2197 (68)
2837 2142 2850 2190 ;
2871 2135 2924 2179 et
2954 2139 3020 2179 ne
3047 2123 3320 2179 adversari
3353 2123 3460 2177 Deo
3513 2122 3629 2187 (69)

2041 2209 2337 2281 videretur,
2373 2213 2533 2270 ollert
2581 2215 2750 2279 Patri,
2780 2223 2966 2284 utpote
2989 2213 3467 2277 consubstantiali,
3500 2230 3631 2267 cono

2041 2310 2358 2376 fessionem,
2393 2309 2496 2364 hoc
2525 2319 2608 2364 est
2641 2310 2940 2379 gratiarum
2978 2310 3273 2363 actionem.
3315 2305 3450 2361 Cum
3484 2307 3630 2361 enim

2039 2403 2144 2456 duo
2189 2417 2284 2471 per
2316 2403 2455 2456 hanc
2505 2417 2691 2456 vocem
2751 2401 3115 2456 confessionis
3148 2400 3448 2470 significata
3498 2401 3638 2465 sint,

2038 2503 2091 2547 et.
2120 2494 2417 2562 gratiarum
2476 2493 2618 2547 actio
2673 2504 2724 2546 et
2765 2496 2877 2561 ipsa
2927 2492 3223 2557 confessio,
3261 2493 3347 2545 hic
3397 2492 3631 2560 primum

2037 2601 2136 2656 par
2159 2595 2241 2643 est
2267 2602 2486 2642 sensum
2521 2587 2792 2655 accipere,
2824 2601 2983 2654 quem
3020 2585 3204 2639 multis
3236 2585 3367 2639 locis
3399 2599 3632 2638 consue-

2037 2684 2113 2734 vit
2175 2680 2510 2735 Psalmorum
2549 2680 2722 2735 liber:
2766 2699 2783 2731 ι
2815 2679 3165 2734 Conlitemiui
3209 2676 3462 2741 Domino,
3501 2697 3518 2728 ο
3553 2687 3629 2741 et,

2045 2773 2465 2827 «Conlitehimur
2489 2772 2606 2838 tibi,
2627 2773 2764 2827 Deus
2785 2773 2882 2838 '5,»
2903 2773 3002 2826 hoc
3019 2781 3122 2834 cst,
3141 2770 3360 2826 Gratias
3386 2784 3630 2841 agemus.

2041 2866 2131 2918 Ait
2161 2865 2361 2935 igitur:
2396 2865 2614 2920 Gratias
2645 2881 2745 2935 ago
2786 2865 3125 2934 beneplarito
3153 2877 3266 2924 tuo.
3291 2865 3469 2927 Pater,
3507 2865 3635 2932 quia.

2039 2959 2372 3014 abscondisti
2434 2960 2546 3013 lucc
2603 2975 2629 3011 a
2675 2960 3010 3026 sapientibus
3052 2969 3103 3011 et
3151 2957 3528 3027 prudentibus,
3578 2964 3637 3009 et

2043 3051 2300 3105 revelasti
2329 3065 2391 3104 ea
2423 3053 2685 3120 parvulis.
2722 3053 2852 3118 Qua:
2881 3053 3024 3105 enim
3078 3051 3306 3116 Scribat,
3349 3053 3440 3120 qui
3479 3049 3632 3103 vide-

2046 3143 2250 3196 bantur
2283 3143 2556 3212 sapientes
2584 3159 2726 3209 esse,
2759 3154 2812 3197 et
2846 3141 3104 3198 Pharisaei
3138 3142 3276 3212 apud
3307 3139 3631 3208 semetipsos

340 3224 530 3277 ἑκοντὶ
552 3225 621 3279 τὰ
649 3229 748 3298 τῆς
771 3228 950 3300 ψυχῆς
978 3231 1335 3301 αἰσθητήρια,
1361 3232 1536 3287 ταῦτα
1563 3233 1825 3302 ἰδιώταις,
1843 3241 1934 3293 καὶ

2047 3235 2410 3306 intelligentes
2456 3251 2579 3290 cum
2619 3236 2926 3290 voluntarie
2985 3234 3388 3290 obstruxissent
3436 3232 3634 3284 anirua:

336 3315 575 3384 ἀσὸςοοις
603 3319 1097 3390 ἀπεκαλύφθησαν.
1131 3325 1388 3379 Κάκεῖντι
1424 3327 1523 3394 μὲν
1545 3325 1634 3381 διά
1657 3327 1754 3400 τὴν
1782 3329 1937 3382 ἐνοῦ-

339 3426 451 3463 σαν
495 3411 679 3477 σφίσιν
717 3413 1101 3485 ὑπερηφανίαν
1142 3417 1354 3483 ἀνάξιοι
1399 3421 1500 3488 τῆς
1551 3420 1777 3490 χάριτος
1818 3422 1944 3490 ἐγε-

337 3502 604 3569 γόνεισαν
629 3521 643 3536 ·
670 3498 818 3560 οὗτοι
844 3509 899 3562 δὲ
931 3509 1021 3563 διὰ
1046 3510 1105 3564 τὸ
1124 3511 1432 3582 κτήσασθαι
1459 3513 1560 3582 τὴν
1588 3513 1699 3565 τῶν
1729 3515 1942 3584 νηπίων

337 3597 739 3669 ἀκεραιότητα,
772 3600 870 3670 τῆς
897 3602 1150 3668 εὐδοκίας
1183 3605 1528 3674 ἀπήλαυσαν.
1562 3605 1793 3660 Εὑδοκία
1832 3607 1940 3678 γάρ

336 3691 498 3742 ἐστιν
543 3691 574 3758 ἡ
619 3693 904 3762 οἰκονομία
955 3695 1050 3748 καὶ
1116 3695 1374 3766 θέλησις·
1415 3715 1434 3747 ι
1489 3695 1612 3748 Ἐπὶ
1660 3695 1782 3749 τίνα
1830 3696 1941 3765 γὰρ

336 3781 645 3850 metato,
690 3783 778 3839 διὰ
823 3785 917 3840 τοῦ
965 3789 1246 3858 προφήτου
1299 3789 1464 3860 φησὶν
1496 3789 1523 3842 6
1553 3788 1707 3856 Θεὸς,
1751 3789 1937 3862 ἀλλ’ἢ

411 3948 581 4004 "lsa.
617 3963 692 4013 tv,
719 3949 775 4004 3.
852 3951 896 3981 "’
930 3949 1276 4012 Psal.cu.tx,
1318 3949 1370 4003 4.

2043 3343 2258 3393 sensus,
2287 3345 2390 3382 non
2427 3338 2822 3398 cognoverunt,
2856 3329 2971 3384 haec
3028 3328 3209 3383 idiotis
3243 3336 3295 3380 et
3323 3322 3630 3392 insipienti-

2042 3419 2144 3474 bus
2198 3419 2435 3473 revelata
2483 3431 2630 3476 sunt.
2673 3419 2736 3473 Et
2788 3421 2862 3474 illi
2921 3421 3140 3490 quidem
3200 3419 3270 3473 ob
3321 3415 3635 3485 superbiam

2041 3527 2163 3579 quze
2215 3511 2348 3580 ipsis
2390 3513 2602 3578 inerat,
2652 3515 2882 3583 hujusce
2919 3515 3110 3585 gratia:
3139 3512 3342 3583 indigni
3387 3511 3638 3569 luerunt;

2041 3600 2095 3654 hi
2148 3617 2277 3654 vero
2328 3604 2470 3670 quod
2521 3603 2869 3672 parvulorum
2929 3602 3336 3672 simplicitatem
3395 3593 3628 3650 assecuti

2041 3694 2280 3759 l‘ucranl,
2313 3694 2477 3748 divini
2511 3695 2832 3766 benaplaciti
2882 3705 3160 3764 compotes
3213 3692 3364 3745 facti.
3397 3685 3629 3743 Εὖδοκία

2039 3787 2182 3842 enim
2227 3787 2632 3859 dispositionem
2671 3790 3114 3864 voluntatemque
3154 3786 3418 3857 signiﬁcat
3464 3779 3637 3851 (70):.

1449 3950 1494 3982 ’⁸
1525 3949 1661 4005 ΡειΙ.
1699 3966 1865 4018 cun,
1899 3953 1968 4019 l;
2009 3967 2141 4015 cvn,
2183 3951 2204 4003 l
2237 3968 2254 4019 ;
2288 3967 2396 4018 etv,
2431 3952 2453 4006 ί
2497 3967 2680 4013 cum,
2722 3951 2770 4003 i‘.

1592 4086 1913 4148 Francisci
1951 4087 2161 4149 Scorsi
2192 4093 2380 4150 notua.

413 4216 530 4286 (68)
567 4216 864 4288 Exsultrrvit
897 4229 1110 4288 propter
1141 4216 1562 4288 t~irtutes.rQnod
1598 4217 1685 4271 hic
1717 4217 1928 4288 duobus

334 4289 530 4343 verbis
563 4289 738 4341 innuit
763 4287 1148 4356 Theophanes,
1174 4287 1431 4357 plusculis
1455 4289 1728 4356 expressit
1751 4287 1930 4357 Theo-

337 4359 661 4429 phylaetus,
706 4375 827 4427 qua:
876 4375 1095 4413 sensum
1151 4356 1320 4412 nostri
1375 4357 1654 4429 declarant
1707 4376 1721 4412 :
1780 4356 1929 4412 Sient

340 4428 514 4485 Pater
543 4429 707 4482 bonus
741 4446 858 4483 cum
896 4429 1080 4482 viderit
1114 4429 1254 4497 ﬁlios
1298 4438 1442 4481 recta
1483 4428 1729 4496 quredam
1771 4445 1929 4496 Opera

339 4501 589 4569 gessisse,
620 4499 699 4552 ita
729 4498 980 4553 Salvator
1008 4499 1262 4563 exsultat,
1291 4499 1417 4569 quia
1447 4497 1582 4569 talia
1613 4498 1750 4552 bona
1783 4516 1932 4552 asse-

336 4568 457 4625 cuti
493 4579 640 4624 erant
686 4571 930 4631 apostoli.
969 4569 1080 4624 Hoc
1119 4579 1205 4624 est
1245 4568 1390 4638 quod
1435 4568 1512 4622 ait
1556 4580 1746 4623 noster
1787 4569 1932 4623 laco-

338 4644 466 4695 nire
485 4658 515 4694 .:
547 4639 646 4692 Διά
671 4640 780 4694 τῶν
806 4640 1111 4706 δυνάμεων.
1707 4702 1712 4706 π

416 4710 531 4778 (69)
588 4709 654 4763 Et
707 4728 770 4765 ne
818 4712 1084 4765 videretur
1134 4710 1407 4765 adversari
1462 4709 1588 4763 Deo.
1636 4708 1752 4763 Vox
1780 4709 1931 4763 ἀντί-

335 4781 462 4842 δεος
503 4783 603 4834 hoc
655 4781 772 4834 loco
807 4781 875 4836 ab
906 4793 1130 4834 auclore
1168 4783 1376 4848 posita,
1408 4791 1460 4834 et
1495 4781 1769 4834 nonnullis
1807 4781 1931 4836 aliis

340 4855 550 4905 usitata
591 4852 845 4921 ambigua
887 4861 972 4906 est
1002 4854 1162 4906 etiam
1207 4851 1348 4919 apud
1390 4851 1644 4916 antiquos
1685 4852 1931 4918 Scripto-

275 4945 282 4951 -
341 4938 464 4988 res;
510 4938 634 4975 nam
686 4937 741 4975 et
782 4939 879 4990 par
923 4923 1030 4976 Deo
1071 4933 1126 4975 et
1170 4922 1482 4976 contrarius
1529 4922 1634 4974 Deo
1675 4937 1770 4987 per
1811 4937 1929 4974 eam

336 5009 497 5061 :eqne
514 4993 810 5063 significari
841 5003 1036 5059 potest.
1068 4993 1246 5063 Etynr.
1278 4991 1457 5052 Magn.
1488 4991 1538 5045 in
1558 4991 1731 5063 Prtep.
1759 4992 1930 5056 Ἀντὶ,

339 5067 426 5115 sic
448 5066 558 5116 ait:
591 5061 811 5116 Τὶθεται
855 5063 944 5116 καὶ
983 5064 1105 5116 ἀντὶ
1125 5061 1218 5117 τοῦ
1259 5063 1518 5126 ίσως,ὼς
1555 5061 1852 5126 Ἀντίθεος
1866 5063 1935 5115 δὲ

338 5132 708 5199 Ὀδυσσεὺς.
741 5133 887 5186 τοῦτ’
905 5133 1054 5186 ἐστιν
1071 5135 1330 5198 ἰσόθεος,
1350 5133 1444 5184 καὶ
1473 5133 1532 5184 τὸ
1560 5132 1821 5197 ἐναντίον,
1857 5135 1933 5196 ὡς

340 5203 624 5258 ἀντίθεον
661 5205 964 5259 Κύκλωπα
1001 5205 1092 5258 τὸν
1152 5204 1508 5272 ἀντιούμενον
1568 5206 1682 5265 τοῖς
1731 5204 1888 5272 θεοῖς
1915 5219 1929 5232 ·

351 5273 579 5328 Ponitur
615 5286 662 5328 et
699 5291 794 5341 pro
831 5274 962 5333 ἴσως
997 5276 1295 5344 (aqua/iter,
1323 5271 1377 5328 nt
1412 5274 1660 5336 ἀντίθεος
1695 5271 1931 5344 Ulysses,

340 5344 443 5414 hoc
477 5358 574 5410 est,
609 5345 715 5399 Deo
751 5361 882 5414 par,
906 5347 982 5398 vel
1017 5347 1240 5409 similis;
1279 5357 1327 5397 et
1354 5357 1564 5409 contra,
1600 5356 1657 5396 ut
1686 5346 1935 5398 ἀντίθεον

341 5412 646 5482 Cyrlopem,
678 5412 776 5468 hoc
812 5427 886 5469 est
923 5417 1288 5470 adversantem
1331 5415 1456 5468 Deo.
1496 5415 1587 5468 Sic
1626 5415 1804 5486 Etymr
1839 5417 1935 5470 At-

342 5500 453 5552 que
487 5487 537 5538 in
571 5487 858 5552 posteriori
890 5500 1052 5539 sensu
1083 5488 1248 5540 etiam
1280 5489 1346 5538 ah
1379 5486 1611 5539 Homero
1644 5487 1772 5540 dicti
1807 5495 1935 5541 sunt

341 5555 590 5627 ἀντίθεοι
641 5558 991 5627 μνηστῆρες.
1038 5557 1186 5625 proci
1240 5556 1728 5627 Deonadversarii;
1777 5567 1831 5610 et
1877 5557 1932 5610 in

343 5625 530 5691 priore
579 5625 648 5680 ab
698 5625 888 5680 eodem
951 5627 1186 5681 llonrero
1243 5625 1494 5697 ἀντίθεον
1546 5625 1778 5697 ἄλοχον,
1830 5627 1936 5682 diis

344 5698 782 5766 mquiparamlam
811 5713 1047 5751 uxorem.
1076 5698 1203 5751 Inde
1229 5697 1391 5751 etiam
1424 5695 1580 5750 fluxit
1606 5695 1935 5766 signiﬁcatio

343 5764 446 5815 τοῦ
487 5770 732 5838 ἁντὶχειρ
777 5768 920 5837 apud
970 5768 1220 5831 Grazoos,
1252 5769 1396 5835 quod
1446 5783 1640 5820 nomen
1664 5764 1933 5833 pollicem

341 5851 542 5911 uulnus
588 5838 898 5904 significat;
937 5848 1019 5911 est
1063 5841 1222 5911 enini
1254 5839 1376 5911 avri
1414 5839 1510 5911 τοῦ
1556 5838 1737 5911 χειρὸς
1780 5838 1935 5906 quasi

333 5907 519 5964 aII-era
567 5927 794 5978 manus,
830 5909 969 5980 quod
1014 5909 1314 5981 mqualibus
1353 5908 1601 5979 juribus,
1646 5907 1707 5965 ac
1750 5911 1933 5966 cwtcri

2032 4501 2197 4569 Greg.
2242 4501 2498 4553 Nazianz.
2537 4510 2676 4553 orat.
2718 4500 2782 4553 de
2827 4497 3030 4568 Spiritu
3078 4511 3263 4553 saneto

2031 4233 2224 4272 omnes
2253 4217 2402 4286 digiti
2437 4215 2655 4284 polleat,
2687 4218 2836 4271 unde-
2863 4224 2916 4270 et
2947 4217 3121 4280 pollex
3159 4233 3351 4270 nomen
3400 4215 3630 4272 Latinis.

2031 4289 2197 4342 Notat
2251 4290 2392 4343 hanc
2440 4288 2712 4356 duplicem
2764 4291 2873 4342 vim
2928 4287 3119 4341 Petrus
3169 4291 3334 4343 etiam
3388 4287 3522 4340 Vict.
3572 4291 3628 4343 in

2034 4359 2199 4415 lthet.
2232 4359 2404 4414 Arist.
2441 4375 2556 4425 cap.
2601 4361 2663 4422 2,
2707 4360 2801 4413 sed
2853 4361 2992 4422 apud
3042 4358 3142 4414 SS.
3179 4359 3365 4415 Patres
3411 4359 3632 4414 Griecos

2034 4429 2146 4483 fere
2203 4446 2416 4496 semper
2466 4430 2716 4492 ἀντίθεος
2768 4430 3041 4492 signiﬁcat
3093 4431 3465 4486 adversarium
3499 4426 3627 4484 Deo.

3320 4517 3338 4554 :
3374 4501 3628 4566 Ἔπρεπε

2034 4571 2144 4636 γὰρ
2185 4571 2304 4624 υἱοῦ
2348 4570 2717 4638 σωματικῶς,
2751 4580 2856 4622 etc.
2900 4569 3266 4637 Πεμπόμενον
3311 4571 3368 4623 δὲ
3405 4569 3482 4629 ὡς
3527 4569 3631 4622 οὐκ

1956 4619 2005 4706 ,υ
2037 4619 2304 4695 ἇνὲίοὲὸνῖ
2337 4619 2682 4708 sterteia};
2704 4619 3478 4708 ’ῡὲἇὶιεηιὶὲἀιὶἇὶῆἱνρνὸῖιειὶιέ
3507 4619 3630 4690 "at:

2038 4719 2253 4766 teretur.
2293 4712 2364 4765 lla
2413 4710 2624 4770 Dillius,
2660 4720 2714 4763 et
2768 4720 2908 4762 orat.
2946 4711 3014 4764 56
3067 4730 3080 4764 :
3111 4712 3429 4779 Ἐρωτήσω.
3467 4708 3626 4779 φησὶ,

2033 4781 2126 4832 τὴν
2170 4782 2423 4849 Πατέρα,
2455 4781 2740 4850 καὶνάλλον
2779 4781 3136 4850 Παράκλητον
3169 4780 3377 4850 πέμψει
3410 4780 3630 4850 ὑμῖνλντὺ

2037 4851 2265 4918 Πνεῦμα
2305 4847 2406 4920 τῆς
2447 4849 2730 4922 ἀληθείας,
2759 4847 2968 4922 ἵναμὴ
3009 4847 3258 4913 ἀντίθεος
3302 4847 3627 4921 εἶναιίδόξῃ.

2039 4923 2229 4976 Billins
2265 4925 2337 4976 ita
2386 4940 2398 4977 :
2445 4921 2577 4987 Quae
2614 4922 2823 4991 quidem
2860 4923 3016 4975 verba
3053 4938 3112 4974 eo
3147 4923 3284 4975 dixit
3320 4922 3625 4991 (nimirum,

2036 4991 2251 5060 Rogabo
2302 4993 2514 5046 Patrem
2570 5002 2616 5044 et
2660 4991 2827 5045 alium
2878 4992 3218 5045 Paracletum
3269 4994 3437 5045 mittet
3485 4993 3630 5044 vobis

2039 5062 2302 5127 Spiritum
2344 5063 2602 5124 veritatis,
2636 5078 2760 5126 qum
2805 5065 3156 5122 antecedunt)
3194 5080 3256 5116 ne
3294 5063 3631 5115 adversarius

2037 5135 2296 5202 quispiam
2334 5133 2424 5186 Dei
2461 5150 2590 5193 esse,
2619 5145 2664 5185 et
2695 5134 2850 5199 quasi
2880 5132 2944 5184 ab
2974 5134 3084 5185 alia
3109 5136 3342 5201 quadam
3373 5142 3634 5200 potestate

2037 5221 2328 5257 sermonem
2402 5206 2574 5269 facere
2637 5205 2918 5256 videretur.
2977 5204 3278 5274 Theophyl.
3346 5205 3412 5257 in
3467 5203 3629 5258 Joan;

2038 5290 2157 5343 cap.
2195 5292 2248 5327 xr
2284 5293 2296 5327 :
2326 5275 2444 5326 Ἵνα
2477 5275 2660 5326 τοίνυν
2695 5275 2744 5326 οἱ
2780 5275 3147 5339 περιεστῶτες
3184 5275 3520 5343 πιστεύωσιν
3547 5274 3632 5326 ὅτι

2036 5342 2246 5398 ἀνωθεν
2279 5347 2451 5406 ἐστιν,
2481 5346 2575 5396 καὶ
2602 5346 2702 5397 οὐκ
2730 5345 3002 5406 ἀντίθεος,
3021 5347 3217 5400 τούτου
3245 5347 3434 5399 ἕνεκεν
3467 5342 3626 5411 εὔχε-

2036 5433 2158 5468 ται·
2193 5414 2454 5468 Precatur
2483 5415 2658 5484 itaque
2685 5427 2736 5468 ut
2767 5416 3172 5470 circumstantes
3199 5418 3414 5469 credant
3441 5414 3630 5484 quode

2039 5489 2277 5555 supernis
2313 5487 2412 5549 sit,
2443 5496 2495 5538 et
2527 5482 2631 5539 non
2662 5488 2960 5540 contrarius
2993 5486 3132 5553 Deo;
3165 5497 3220 5540 et
3251 5487 3436 5539 itidem
3468 5482 3632 5555 paulo

2038 5553 2198 5622 supra
2231 5558 2420 5610 eadem
2450 5571 2578 5610 voce
2613 5571 2741 5610 usus
2775 5558 2828 5609 in
2855 5558 3100 5610 eamdem
3138 5571 3249 5609 rem
3281 5574 3297 5610 :
3326 5561 3488 5618 atque
3515 5553 3630 5622 hate

2038 5620 2256 5694 quidem
2301 5628 2587 5680 observari
2637 5627 2690 5679 in
2733 5627 2937 5681 Graecis
2978 5625 3232 5680 Patribns
3276 5645 3291 5680 ;
3339 5623 3443 5676 alia
3489 5620 3630 5694 alius

2040 5691 2296 5751 advertit.
2321 5697 2514 5750 Noster
2539 5697 2724 5751 itidem
2753 5714 2858 5749 non
2887 5695 3076 5761 semel,
3097 5704 3160 5748 ιιι-
3175 5697 3308 5759 dixi,
3332 5695 3432 5747 hoc
3457 5691 3632 5746 utitur

2039 5768 2308 5821 vocabulo
2337 5768 2388 5821 in
2420 5772 2610 5821 eodem
2641 5783 2828 5822 sensu.

2115 5837 2229 5907 (70)
2267 5838 2678 5905 Dispositionem
2708 5837 3132 5907 volumatemqae
3170 5835 3458 5907 signi/ient.
3484 5832 3638 5886 Prae,

2039 5905 2218 5981 poSui’
2252 5908 2352 5965 hoc
2400 5909 2516 5964 loco
2563 5909 2618 5961 in
2677 5923 2792 5961 mea
2846 5905 3094 5960 versione
3146 5923 3333 5963 vocem
3388 5906 3634 5960 ϐιωυειω
