4070 6424
428 394 535 459 8ῖ3

1607 392 2096 454 ΤΗΕΟΡΗΑΝΙΞ
2135 393 2476 455 ΟΕΗᾹΜΕΙ

3585 386 3690 451 884

435 535 454 568 ι
501 515 675 586 Super
706 527 866 583 quem
906 510 1071 574 enim,
1112 509 1399 578 respiciam
1444 509 1730 576 Dominus,
1761 525 1855 580 per
1887 527 2005 580 pro-

2118 514 2214 568 ὲπὶ
2256 514 2349 566 τὸν
2392 511 2597 584 πραῢν,
2646 511 2739 567 καὶ
2774 511 2999 582 ἥσυχον.
3033 529 3053 564 ι
3095 509 3209 564 vim
3249 502 3344 563 οὖν
3379 508 3694 578 ἀφροσύνην

430 611 652 678 phetam
709 605 902 674 inquit,
941 603 1040 658 nisi
1075 616 1236 670 super
1293 601 1550 656 humilem
1595 611 1649 656 et
1687 603 1926 671 quietum
1958 611 2012 656 et

435 708 758 754 trementem
783 710 1061 752 sermones
1083 710 1234 748 meos
1257 695 1302 726 ²⁹
1319 693 1373 747 ἳι
1402 692 1519 749 Νοη
1547 695 1706 764 igitur
1728 695 2010 750 stultitiam

417 779 715 859 is:tpientia:
783 797 838 841 et
895 785 1136 840 scicntia:
1199 784 1468 839 inscitiam
1546 786 1892 853 anteposuit,
1952 797 2011 838 ut

432 879 663 948 improbi
719 877 939 947 quidam
997 874 1244 929 veritatis
1303 875 1600 928 adversarii
1656 878 1754 928 hoc
1806 875 2008 929 dictum

435 970 731 1039 accipiunt,
768 969 861 1022 sed
900 968 1261 1020 humilitatem
1312 968 1580 1036 superbia:
1609 966 1857 1034 praetulit.
1885 966 2002 1018 Elli-

429 1063 642 1117 ciamur
674 1063 840 1131 igitur
868 1071 922 1114 et
955 1074 1051 1114 nos
1101 1059 1331 1128 parvuli,
1382 1059 1596 1122 fratres,
1624 1070 1677 1112 et
1722 1075 1841 1114 eam
1889 1073 2009 1126 qua:

426 1156 727 1212 secundum
763 1155 928 1207 Deum
960 1162 1044 1206 est
1076 1151 1363 1205 infantiam
1391 1168 1502 1222 prze
1534 1138 1690 1206 nobis
1726 1151 1964 1206 feramus
1991 1169 2004 1217 ;

427 1262 726 1318 puerorum
764 1246 818 1298 in
851 1244 1175 1315 perferenda
1213 1244 1411 1314 injuria
1459 1245 1777 1316 patientiam
1829 1244 2007 1298 imite-

427 1354 590 1392 mur:
629 1356 647 1390 ι
698 1337 817 1391 Nisi
871 1337 1016 1391 extim
1071 1337 1380 1391 efiiciamini
1443 1339 1583 1390 sicut
1643 1336 1874 1406 parvuli.
1932 1337 2008 1388 ait

425 1428 697 1491 Salvator,
761 1442 868 1480 non
936 1427 1209 1481 intrabitis
1273 1427 1326 1481 in
1363 1442 1582 1496 regnum
1620 1427 1711 1480 Dei
1739 1426 1806 1479 ³ο.
1841 1445 1857 1476 ›
1891 1424 2004 1478 Non

425 1520 693 1589 pracipit,
730 1528 787 1572 ut
817 1520 871 1572 in
922 1519 1184 1588 puerilem
1224 1529 1608 1573 convertamur
1640 1525 1878 1581 aetatem,
1905 1517 2007 1570 hoc

426 1613 568 1666 enim
614 1613 728 1667 tieri
777 1613 924 1668 nullo
970 1613 1126 1668 modo
1160 1623 1356 1683 potest,
1390 1615 1481 1667 sed
1533 1613 1608 1666 uti
1665 1613 1730 1666 ad
1784 1611 2007 1666 infantis

424 1705 829 1773 simplicitatem
867 1722 1047 1762 mores
1096 1717 1315 1761 nostros
1387 1705 1809 1761 conformemus.
1849 1703 2003 1770 Nam,

423 1821 544 1860 cum
595 1806 902 1860 OStenderet
948 1807 1219 1874 parvulos,
1259 1822 1361 1858 non
1421 1807 1602 1862 dixit:
1639 1805 1844 1860 Horum
1895 1815 2002 1870 est,

2116 607 2311 676 σοφίας
2358 605 2707 676 προέκρινεν,
2753 603 2875 658 οὐδὲ
2924 602 3180 672 γνώσεως
3229 603 3479 670 ἄγνοιαν,
3528 601 3604 662 ὡς
3639 601 3691 652 οἱ

2113 695 2342 768 πονηροὶ
2399 697 2499 764 τῆς
2544 695 2805 766 ἀληθείας
2846 696 3148 766 κατήγοροι
3195 693 3257 746 τὸ
3299 692 3462 763 ῥητὸν
3509 690 3694 758 ἐξελά-

2113 789 2290 854 6οντο,
2312 789 2447 843 ἀλλά
2477 789 2576 859 τῆς
2604 787 2922 853 ἀλαζονείας
2949 788 3058 857 τὴν
3106 785 3442 840 ταπείνωσιν
3468 781 3690 854 προετί-

2115 899 2276 952 μησε.
2313 882 2694 952 Νηπιάσωμεν
2738 877 2832 937 οὖν
2877 880 2972 934 καί⁵
3013 881 3196 950 ἡμεῖς,
3233 872 3278 932 ὧ
3321 877 3561 944 ἀδελφοὶ,
3588 874 3690 946 τὴν

2113 974 2252 1027 κατὰ
2285 974 2418 1029 Θεὸν
2457 973 2794 1043 νηπιότηταο
2831 969 3208 1042 μιμησώμεθα
3240 968 3349 1021 τῶν
3391 966 3604 1020 παίδων
3629 964 3694 1016 τδ

2111 1066 2452 1131 ἀνεξίκακον.
2480 1084 2498 1118 ι
2529 1065 2657 1119 Ἐὰν
2685 1065 2794 1135 γὰρ
2828 1063 2902 1134 μὴ
2938 1061 3194 1132 γένησθε,
3223 1059 3389 1129 φησὶν
3416 1059 3444 1111 ὁ
3475 1054 3667 1126 Σωτὴρ

2110 1158 2186 1221 ὼς
2212 1152 2282 1211 τὰ
2310 1157 2500 1211 παιδία
2525 1157 2723 1220 ταῦτα,
2756 1158 2818 1210 οὐ
2853 1158 2927 1226 μὴ
2968 1155 3249 1220 εἰσέλθητε
3281 1155 3362 1216 εἰς
3395 1153 3499 1223 τὴν
3534 1149 3694 1220 βασι-

2109 1243 2260 1302 λείαν
2287 1246 2382 1301 τοῦ
2414 1248 2575 1302 Θεοῦ.
2619 1267 2634 1300 ι
2675 1249 2788 1300 Οὐκ
2810 1247 3092 1300 ἐπιτάττει
3125 1245 3262 1316 πρὸς
3298 1244 3398 1315 τὴν
3429 1240 3692 1310 παιδικὴν

2109 1339 2334 1412 ἡλικίαν
2368 1340 2802 1410 ἀντιστραφῆναι
2826 1353 2841 1369 ⁸
2877 1337 3037 1391 τοῦτο
3078 1337 3183 1406 γὰρ
3228 1336 3338 1389 τῶν
3386 1333 3692 1405 ἀμηχάνων

2109 1433 2277 1498 ἐστίν.
2314 1433 2448 1488 ἀλλὰ
2474 1433 2610 1502 πρὸς
2639 1431 2702 1484 τὸ
2722 1431 2814 1484 τοῦ
2849 1430 3085 1502 βρέφους
3115 1428 3379 1499 ἀκέραιον
3405 1428 3468 1480 τὸ
3489 1425 3690 1481 ἑαυτοῦ

2108 1519 2241 1594 ἦθος
2279 1523 2688 1594 ῥυθμήσασθαι.
2725 1525 2956 1586 Δεικνὺς
2981 1523 3039 1576 δὲ
3067 1522 3136 1576 τὰ
3167 1521 3356 1574 παιδία
3378 1522 3479 1574 οὐκ
3509 1516 3690 1585 εἶπεν,

2107 1615 2327 1668 Τούτων
2357 1617 2506 1667 ἐστὶν
2526 1616 2560 1684 ἡ
2589 1613 2835 1684 βασιλεία
2870 1613 2962 1666 τοῦ
2994 1613 3152 1678 Θεοῦ,
3180 1611 3338 1674 ἀλλά,
3365 1611 3488 1664 Τῶν
3509 1611 3692 1664 τοιού-

2107 1725 2238 1762 των.
2282 1707 2380 1760 Ἃν
2419 1705 2510 1760 οὖν
2550 1707 2646 1760 καὶ
2683 1707 2846 1777 ἡμεῖς
2886 1709 2954 1776 τῇ
3006 1704 3272 1774 ἁπλότητι
3300 1704 3690 1773 νηπιάσωμεν,

2107 1799 2502 1868 τελεσθήσεται
2573 1799 2668 1852 καὶ⁸
2700 1800 2758 1850 ἐν
2788 1800 2922 1868 ἡμῖν
2948 1799 2980 1868 ἠ
3024 1797 3119 1850 τοῦ
3160 1797 3297 1850 Θεοῦ
3324 1796 3566 1854 εὐδοκία.
3598 1794 3694 1846 καὶ

424 1907 540 1975 sed,
573 1924 592 1957 ε
629 1906 839 1960 Talium
869 1913 952 1960 est
996 1921 1216 1975 regnum
1276 1906 1538 1962 caelorum
1571 1925 1586 1962 :
1621 1926 1640 1960 ι
1675 1906 1732 1962 Si
1767 1907 1930 1978 igitur
1952 1917 2005 1961 et

2108 1891 2398 1961 δοθήσεται
2443 1891 2519 1954 ὡς
2569 1890 2834 1959 κλῆροςὴ
2875 1889 3134 1959 βασιλεία
3170 1889 3280 1942 τῶν
3320 1886 3590 1958 οὐρανῶν,
3622 1880 3693 1957 ἦς

424 2008 520 2045 nos
545 2009 755 2046 morum
791 1993 1143 2062 simplicitate
1179 1993 1431 2065 parvulos
1457 2010 1557 2050 nos
1589 1996 2003 2066 praebuerimus,

423 2081 478 2133 iu
543 2081 701 2134 nobis
761 2081 926 2134 etiam
989 2082 1186 2136 divina:
1251 2083 1540 2137 voluntatis
1603 2083 2002 2152 beneplacitum

425 2167 759 2235 perficietur,
795 2179 852 2221 et
884 2167 1028 2222 velut
1059 2169 1350 2224 basreditas
1394 2170 1614 2224 dabitur
1646 2186 1867 2240 regnum
1892 2186 2006 2226 caa-

2103 1982 2437 2051 ὲπιὸαίημεν
2503 1980 2742 2042 ἅπαντες
2794 1983 2850 2033 ὲν
2884 1979 3106 2050 Χριστῷ
3152 1977 3328 2048 Ἰησοῦ
3379 1975 3457 2046 τῷ
3495 1973 3692 2045 Κυρίῳ

2107 2076 2289 2147 ήμῶν,
2321 2069 2364 2142 ᾧ
2395 2075 2428 2144 ἡ
2459 2075 2589 2141 δόξα
2630 2075 2726 2126 σὺν
2765 2073 2843 2144 τῷ
2883 2074 3061 2143 Πατρὶ
3093 2072 3189 2125 καὶ
3225 2069 3304 2139 τῷ
3333 2069 3478 2140 ἁγίῳ
3519 2066 3693 2122 Πνεύ·

2111 2187 2241 2240 ματι
2280 2169 2359 2232 είς
2389 2169 2517 2230 τοὺς
2542 2168 2748 2231 αἰῶνας
2784 2169 2894 2220 τῶν
2933 2165 3169 2220 αίῶνων.
3192 2163 3400 2234 Ἀμήν.

425 2261 623 2321 lorum,
657 2276 764 2330 quo
816 2262 1019 2314 utinam
1054 2262 1433 2330 perveniamus
1467 2265 1632 2336 336
1685 2280 1876 2321 omnes
1940 2267 1993 2322 in
2029 2265 2246 2321 Christo
2279 2264 2408 2320 Jesu
2478 2263 2708 2319 Domino
2743 2269 2954 2327 nostro,
3015 2262 3100 2314 cui
3141 2258 3309 2330 gloria
3343 2271 3464 2314 cum
3499 2257 3688 2325 Patre,

423 2363 479 2405 et
506 2362 696 2408 sancto
728 2352 931 2423 Spiritu
960 2354 1010 2406 in
1043 2355 1238 2408 saecula
1285 2356 1630 2412 saeculorum.
1669 2358 1858 2412 Amen.

955 2464 1241 2520 liOMlLIA
1284 2466 1471 2524 XLIX.

423 2559 491 2616 In
530 2561 624 2613 illa
665 2560 816 2614 verba
837 2576 855 2613 :
882 2578 900 2611 ι
933 2557 1112 2613 Voluit
1151 2560 1306 2614 Jesm
1333 2565 1473 2618 exire
1501 2565 1554 2618 in
1585 2561 1888 2618 Calilwum.
1919 2581 1936 2614 ι
1966 2549 1970 2552 ’

493 2662 561 2671 -
598 2629 808 2698 Legitur
835 2631 886 2683 in
921 2631 1049 2700 [calo
1082 2629 1139 2686 S.
1185 2631 1437 2699 Philippi.

497 2813 616 2868 Non
675 2814 833 2868 modo
877 2828 996 2868 cum
1053 2815 1104 2869 in
1166 2819 1323 2872 terris
1370 2834 1598 2890 corpore
1646 2832 1997 2879 versarentur

427 2907 733 2963 Salvator‘ts
769 2908 939 2962 nostri
966 2908 1237 2978 discipuli,
1267 2914 1668 2980 praedicationis
1697 2903 2002 2972 everriculo

428 3011 708 3053 traxerunt
763 3000 1007 3054 homines
1057 3000 1159 3056 sub
1201 3004 1315 3058 sole
1367 3005 1647 3076 degentes,
1696 3011 1790 3062 sed
1840 3010 2002 3064 etiam

427 3107 568 3146 ιιιιηο
624 3092 872 3146 translati
931 3093 983 3147 in
1042 3095 1237 3151 etelum
1297 3098 1455 3152 nobis
1516 3101 1710 3154 adsunt
1767 3102 2003 3170 spiritu,

427 3197 638 3248 unaque
667 3187 1026 3251 conveniunt,
1061 3197 1117 3240 et
1147 3189 1393 3256 quamvis
1424 3191 1571 3245 taciti
1608 3163 1925 3261 prtedicattt,
1953 3163 2007 3247 et
2036 3163 2076 3221 Ο

426 3289 521 3327 Sua
549 3274 601 3327 in
628 3274 828 3343 templa
854 3276 1106 3332 invisibili
1139 3280 1298 3334 modo
1322 3283 1762 3349 advenientes,et
1784 3285 1849 3340 ad
1874 3285 2005 3339 festa

426 3363 751 3416 celebranda
797 3365 1072 3422 studiosos
1115 3383 1299 3423 eorum
1351 3385 1766 3443 congregantes.
1825 3375 2006 3430 chari-

426 3463 599 3506 s:nata
661 3454 948 3510 manifeste
980 3457 1111 3526 ipsis
1162 3460 1501 3530 impertinnt.
1531 3464 1643 3535 Ego
1691 3467 1852 3538 igitur
1882 3482 2003 3522 eum

426 3560 638 3600 sacram
709 3548 888 3616 magni
957 3548 1184 3620 Philippi
1245 3553 1413 3606 aedem
1496 3555 1740 3610 conferta
1826 3559 2003 3628 populi

428 3637 771 3694 multitudine
802 3641 1007 3710 oppleri
1045 3644 1274 3708 videam,
1303 3648 1533 3715 gratiam
1583 3662 1611 3702 a
1661 3648 1768 3705 Deo
1796 3651 2002 3706 sanctis

426 3731 606 3784 datam
657 3734 972 3800 obtnpeseo,
1025 3752 1122 3790 nec
1174 3737 1331 3794 facile
1386 3739 1494 3809 pati
1564 3755 1786 3810 possum
1857 3742 1999 3799 hanc

430 3821 796 3877 celebritatem
830 3825 1056 3880 silentio-
1081 3829 1368 3894 praeteriri.
1395 3831 1475 3885 Ad
1507 3832 1646 3886 hunc
1671 3833 1833 3902 igitur
1861 3835 2002 3890 diem

427 3910 623 3964 festum
656 3913 1049 3968 honestandum
1090 3915 1234 3969 aliud
1284 3917 1423 3971 alius
1470 3920 1900 3976 contribuamus.
1938 3921 2005 3976 Et

432 4001 522 4055 hic
554 4002 770 4067 quidem
825 4005 990 4060 totius
1059 4006 1234 4061 noctis
1297 4008 1554 4076 vigiliam,
1601 4020 1656 4066 et
1708 4013 2003 4082 gratiarum

427 4091 663 4146 actionis
693 4095 906 4147 cantica
952 4111 967 4147 :
1003 4094 1093 4150 ille
1145 4112 1275 4151 vero
1314 4097 1563 4167 spiritum
1600 4101 1917 4166 contritum,
1951 4111 2006 4158 et

429 4193 791 4250 congruentes
812 4199 1004 4254 preces
1025 4203 1042 4253 ;
1065 4187 1203 4243 alius
1231 4190 1609 4258 paenitentiam
1636 4203 2004 4261 peccatorum;

429 4271 567 4326 alius
599 4273 650 4325 in
691 4290 957 4343 pauperes
1010 4278 1439 4335 misericordiam
1475 4282 1652 4353 (adest
1699 4285 1842 4338 enim
1896 4285 2003 4347 hic,

428 4374 489 4418 ut
513 4365 703 4420 videtis
725 4384 1021 4438 pauperum
1045 4371 1370 4443 multitudo),
1397 4389 1461 4428 ac
1477 4376 1689 4430 demum
1709 4377 1848 4430 aliud
1869 4377 2006 4432 alius

430 4456 771 4512 conferamus
797 4475 813 4526 ;
841 4468 1004 4531 atque
1035 4462 1179 4517 iners
1219 4480 1397 4530 nemo,
1422 4476 1476 4523 et
1505 4483 1707 4522 vacuus
1731 4468 1999 4524 videatur.

429 4545 691 4617 Equidem
737 4566 837 4619 ego
871 4567 1123 4616 cuperem
1165 4555 1230 4607 ad
1285 4555 1609 4612 hortandum
1663 4558 1826 4612 vitam
1880 4569 2005 4613 ante

429 4655 590 4706 quam
645 4646 817 4695 verba
862 4659 1213 4720 proponere;
1265 4646 1353 4702 hic
1409 4649 1555 4702 enim
1635 4660 1784 4704 esset
1831 4651 2008 4720 aptior

432 4736 657 4791 docendi
720 4718 932 4805 modus,
1001 4742 1044 4795 si
1103 4743 1284 4797 verbis
1350 4745 1461 4798 vita
1521 4747 2004 4813 concineret;sed

431 4827 684 4896 quoniam
727 4830 890 4885 vitam
931 4834 1182 4890 omnibus
1220 4847 1563 4904 peccatorum
1601 4839 1828 4896 maculis
1857 4849 2012 4897 nota-

501 4987 547 5018 ”
568 4985 669 5041 lsa.
695 5002 844 5054 uvt,
868 4989 923 5044 2.
1003 4993 1046 5026 ³ο
1078 4995 1272 5050 Matth.
1295 5011 1447 5058 xvut,
1479 4997 1531 5051 5.

2674 2466 2920 2524 OMIAIA
2961 2463 3101 2520 MB'.

2110 2565 2213 2630 Εἰς
2238 2565 2325 2628 τὸ,
2369 2584 2387 2615 ‹
2428 2563 2762 2630 Ἠθέλησεν
2787 2564 2820 2615 ὸ
2862 2559 3103 2634 Ἰησοῦς
3151 2553 3424 2634 ἐξελβεῖν
3453 2555 3542 2634 ξις
3573 2550 3692 2634 τὴς

2177 2625 2538 2689 Ῐά..ίιλανάν.
2578 2655 2596 2686 ι
2630 2625 2703 2675 ὲ-
2735 2625 3238 2700 Ἀνατινὼσκεται
3285 2627 3357 2680 ἐν
3404 2625 3479 2693 τῇ
3512 2625 3689 2692 ἑορτῇ

2176 2704 2285 2758 τοῦ
2325 2705 2500 2773 ἁγίου
2532 2705 2859 2757 Φιλίππου.

2180 2820 2253 2872 Οὐ
2293 2818 2454 2888 μόνον
2491 2814 2919 2887 περιπολοῦντες
2942 2811 3273 2880 σωματικῶς
3308 2810 3367 2862 ὲν
3392 2811 3459 2879 τῇ
3488 2810 3558 2878 γῇ
3593 2805 3689 2860 τοῦ

2113 2911 2364 2980 Σωτῆρος
2405 2911 2452 2962 οἱ
2500 2908 2742 2979 μαθηταὶ
2794 2907 2892 2976 τὴν
2938 2904 3165 2975 ὑφηλιον
3203 2903 3567 2972 ὲσαγήνευται
3610 2899 3692 2969 τῷ

2113 3003 2456 3072 κηρύγματι,
2501 3000 2617 3053 ἀλλ’
2649 3001 2749 3072 Ιἤδη
2783 3001 2874 3053 καὶ
2908 2997 3276 3068 μεταστάντες
3310 2996 3394 3054 είς
3423 2992 3692 3064 οὖρανοὺς

2116 3096 2354 3150 σύνεισιν
2383 3097 2514 3162 ἡμῖν
2545 3094 2774 3163 νοητῶς,
2817 3092 2914 3146 καὶ
2963 3089 3443 3158 συναγελάζονται,
3481 3087 3575 3140 καὶ
3612 3103 3698 3140 at-

2109 3189 2316 3256 γῶντες
2348 3188 2699 3258 κηρύττουσι.
2726 3188 2822 3240 καὶ
2854 3188 2966 3247 τοῖς
2986 3184 3139 3254 σφῶν
3165 3184 3447 3252 τεμένεσιν
3470 3178 3699 3248 ἀφανῶς

2108 3282 2490 3352 ἐνδημοῦντες.
2525 3281 2619 3333 καὶ
2659 3280 2796 3350 πρὸς
2829 3279 2927 3342 τὰς
2965 3278 3150 3332 αὐτῶν
3193 3275 3536 3344 πανηγύρεις
3561 3273 3696 3335 τοὺς

2109 3376 2427 3448 φιλεὸρτους
2451 3373 2764 3443 ἀγείροντες
2790 3371 3038 3441 ἐναργῶς
3069 3370 3250 3430 αὐτοῖς
3284 3367 3392 3420 τῶν
3418 3365 3699 3436 χαρισμά-

2107 3485 2215 3521 των
2266 3465 2664 3536 μεταδιδόασιν.
2700 3463 2845 3532 Ἐγὼ
2892 3465 3073 3517 τοίνυν
3105 3464 3247 3531 ὀρῶν
3279 3461 3368 3513 τὸν
3417 3457 3559 3527 ἱερὸν
3595 3455 3696 3508 τοῦ

2112 3559 2354 3630 μεγάλου
2393 3557 2665 3612 Φιλίππου
2699 3556 2868 3626 σηκὸν
2898 3559 2962 3624 τῇ
2991 3553 3085 3607 τοῦ
3124 3553 3255 3608 λαοῦ
3283 3549 3483 3621 πληθύῖ
3509 3563 3698 3600 στενο-

2106 3646 2477 3720 χωρούμενον,
2510 3646 2608 3716 τὴν
2634 3646 2741 3699 ὑπὸ
2765 3645 2901 3697 Θεοῦ
2927 3645 3172 3698 δοθεῖσαν
3195 3642 3355 3711 χάριν
3387 3640 3498 3701 τοῖς
3512 3636 3698 3703 ἁγίοις
3784 3637 3787 3639 ’

2107 3741 2514 3811 ὲκπλήττομαι,
2567 3739 2662 3792 καὶ
2717 3741 2847 3808 σιγῇ
2885 3734 3178 3807 παρελθεῖν
3225 3735 3326 3804 τὴν
3381 3732 3699 3800 πανήγυριν

2107 3834 2206 3887 οὐκ
2234 3832 2531 3904 ἀνέχομαι.
2563 3832 2759 3893 Ἀλλος
2794 3831 2897 3898 μὲν
2930 3825 3023 3882 οὖν
3060 3829 3188 3882 ἄλλο
3214 3845 3266 3880 τι
3297 3829 3362 3896 τῇ
3389 3825 3552 3894 ἑορτῇ
3593 3820 3697 3874 τοῦ

2107 3924 2415 3977 ἀποστόλου
2471 3923 2976 3990 συνεισενέγκωμεν
2997 3936 3009 3951 ⁸
3045 3920 3073 3973 ὁ
3115 3919 3213 3988 μὲν
3243 3917 3349 3988 γὰρ
3382 3912 3698 3986 ἀγρυπνίαν

2107 4016 2404 4085 πάννυχον,
2456 4015 2551 4067 καὶ
2608 4013 3000 4083 χαριστηρίους
3057 4009 3204 4082 ᾠδάς
3238 4028 3251 4041 ο
3291 4011 3318 4062 ὁ
3363 4009 3419 4062 δὲ
3469 4006 3696 4074 πνεῦμα

2109 4105 2571 4176 συντετριμμένον
2611 4107 2704 4157 καὶ
2743 4104 2929 4174 δέησιν
2989 4103 3310 4173 πρέπουσαν
3343 4117 3356 4132 ⁸
3397 4098 3558 4161 ἄλλος
3592 4096 3698 4166 τὴν

2106 4199 2219 4252 τῶν
2253 4196 2640 4266 ὲπταισμένων
2674 4198 2966 4266 μετάνοιαν
2993 4213 3006 4226 ο
3045 4196 3236 4264 ἕτερος
3259 4193 3352 4245 τὸν
3384 4192 3522 4262 πρὸς
3560 4191 3696 4253 τοὺς

2108 4293 2346 4362 πένητας
2383 4289 2534 4343 ἔλεον
2583 4289 2838 4359 (πάρεστι
2873 4288 3001 4358 γὰρ.
3029 4287 3104 4350 ὡς
3142 4286 3327 4356 ὁρᾶτε,
3374 4282 3696 4351 πενομένων

2108 4383 2342 4438 ἐνταῦθα
2373 4381 2606 4452 πληθὺς)
2635 4383 2729 4435 καὶ
2760 4381 2916 4444 ἄλλος
2943 4379 3071 4434 ἄλλο
3105 4396 3158 4430 τι
3185 4377 3653 4448 προσενέγκωμεν
3677 4391 3692 4403 ·

2031 4505 2082 4565 D
2110 4476 2202 4530 καὶ
2240 4475 2394 4537 κενὸς
2435 4474 2657 4544 ὀφθήτω
2702 4473 2914 4543 μηδείς.
2958 4471 3101 4538 Ἐγὼ
3145 4471 3202 4522 δὲ
3256 4466 3556 4565 ἐϐουλόμην
3592 4463 3696 4565 μὲν

2113 4568 2204 4622 τὸν
2235 4568 2346 4638 βίον
2377 4570 2483 4636 πρὸ
2511 4566 2622 4620 τῶν
2646 4565 2820 4632 λόγων
2848 4565 3054 4617 τιθέναι
3081 4562 3403 4615 διδάσκαλον
3429 4576 3442 4589 ’
3485 4554 3552 4629 ἦν
3577 4557 3693 4626 γὰρ

2117 4661 2183 4714 ἂν
2220 4659 2361 4712 οὕτω
2393 4658 2460 4712 τὰ
2501 4662 2597 4730 τῆς
2638 4657 2989 4717 διδασκαλίας
3026 4655 3261 4724 ἁρμόδια
3281 4652 3371 4706 τοῦ
3402 4651 3540 4720 βίου,
3575 4650 3696 4710 τοῖς

2116 4751 2293 4820 λόγοις
2329 4750 2833 4821 συμφθεγγομένου¹
2855 4765 2868 4779 ⁸
2911 4748 3026 4803 ἀλλ’
3057 4747 3244 4818 ἐπειδὴ
3273 4746 3363 4800 τὸν
3411 4743 3523 4815 βίον
3564 4742 3694 4793 ἐπι-

2119 4844 2270 4914 φέρω
2311 4842 2494 4914 πάσης
2542 4844 2759 4914 κηλῖδος
2793 4842 3212 4913 ἁμαρτημάτων
3256 4838 3567 4902 ἀνάπλεων,
3599 4833 3692 4887 ἵνα

1671 5111 1984 5172 Francisci
2015 5111 2222 5173 Sco-si
2250 5117 2442 5174 notm.

430 5206 688 5278 εὐδοκίας
716 5206 870 5274 cujus
901 5208 1400 5278 interpretationem
1435 5219 1623 5264 auctor
1650 5211 1888 5265 adnectit
1919 5212 2003 5267 his

428 5277 611 5350 verbis
634 5280 667 5347 ἡ
692 5277 976 5350 οἰκονομία
1002 5277 1097 5331 καὶ
1125 5280 1366 5350 θέλησις,
1388 5295 1510 5349 qua!
1532 5297 1630 5348 ego
1659 5283 1792 5333 verti
1825 5283 2002 5344 dispu-

431 5349 694 5419 aitt'onem.
728 5349 1180 5419 voluntatemque;
1216 5351 1259 5405 si
1297 5362 1474 5406 autem
1513 5352 1816 5412 vertissem,
1851 5351 2004 5404 bene-

430 5418 704 5484 placilum,
745 5418 887 5486 quod
943 5418 1068 5472 vult
1111 5421 1326 5487 preprie
1384 5420 1624 5484 εὐδοκία,
1677 5429 1729 5474 et

431 5487 771 5561 voluntatem
799 5488 1288 5561 et__dispositionem
1319 5492 1711 5561 adjnnxissem,
1729 5491 1868 5561 idem
1893 5491 2008 5545 ine-

433 5567 531 5628 pte,
552 5558 826 5628 dixissem:
852 5556 1005 5628 Quod
1035 5573 1161 5611 vero
1190 5556 1422 5628 pertinet
1452 5560 1518 5614 ad
1548 5575 1733 5614 vocem
1762 5560 1999 5625 εὐδοκία,

433 5640 494 5698 ea
523 5627 575 5678 in
605 5628 777 5680 sacris
799 5625 1023 5698 Litteris
1049 5625 1360 5697 frequenter
1384 5641 1691 5694 usurpatur,
1711 5640 1763 5682 et
1786 5631 2000 5698 quidem

433 5692 548 5768 fere
579 5709 792 5761 semper
824 5696 930 5749 Deo
963 5692 1294 5761 attribuitur.
1326 5692 1551 5768 ejusque
1581 5692 1999 5766 benepla'citum,

434 5773 490 5815 ut
510 5765 762 5842 _hoc.ular
783 5767 967 5842 verbo,
989 5769 1181 5842 bonam
1209 5765 1553 5833 voluntatem,
1570 5772 1820 5840 gratiam,
1839 5773 2002 5824 bene-

435 5832 728 5888 volemiam
779 5848 903 5904 erga
955 5839 1201 5896 homines
1246 5842 1450 5911 signat;
1499 5832 1643 5910 quod
1669 5842 2001 5897 adnotarunt

2104 5212 2448 5266 Maldonatus
2493 5220 2547 5264 et
2586 5209 2871 5266 Cornelius
2916 5213 3106 5266 societ.
3142 5219 3362 5266 nostrae.
3399 5209 3680 5268 Conﬁrmo

2105 5282 2208 5335 hoc
2245 5293 2412 5334 totum
2449 5297 2516 5336 ex
2551 5281 2730 5351 Etym.
2766 5297 2947 5349 magn.
2980 5282 3033 5334 in
3065 5297 3194 5336 voce
3227 5283 3444 5336 εὐδοκία
3462 5283 3642 5334 nhiait
3674 5305 3692 5339 .-

2105 5352 2264 5424 Παρᾲ
2288 5352 2357 5424 το
2377 5351 2633 5424 εὐδοκοῦν
2654 5352 3030 5424 statim“)
3055 5353 3252 5424 ἀρίστη
3300 5353 3399 5424 ,καὶ
3425 5351 3695 5424 καλλίστη

1808 5422 2004 5476 deinde
2102 5422 2195 5474 τοῦ
2226 5421 2360 5474 Θεοῦ
2389 5421 2634 5482 ἑκούσιος
2665 5420 2886 5490 θέλησις
2909 5438 2922 5450 '
2948 5421 3070 5475 ὅθεν
3096 5420 3194 5475 οιαὶ
3227 5420 3444 5475 εὐδοκία
3481 5420 3693 5490 Κυρίου

2105 5493 2257 5560 παρά
2305 5493 2365 5543 τὸ
2395 5492 2455 5544 εὖ
2479 5492 2573 5543 καὶ
2605 5491 2783 5553 καλῶς
2811 5492 2985 5545 δοκεῖν
3012 5491 3163 5562 αὐτῷ
3186 5509 3198 5522 ⁸
3235 5493 3310 5545 Ab
3341 5492 3549 5544 εὐδοκῶ
3583 5492 3694 5543 ori-

2111 5570 2199 5614 tur
2225 5562 2446 5614 εὐδοκία
2475 5571 2653 5627 estque
2689 5563 2917 5629 optima,
2948 5573 2994 5615 et
3024 5563 3374 5626 pulcherrima
3413 5562 3505 5614 Dei
3535 5576 3693 5626 spon-

2113 5644 2265 5685 tanra
2287 5632 2548 5685 voluntas.
2570 5631 2723 5686 Umle
2745 5642 2791 5684 et
2814 5632 3030 5684 εὐδοκία
3055 5633 3433 5698 beneplacitum
3461 5630 3690 5692 Domini,

2112 5718 2178 5755 ea:
2211 5719 2269 5754 eo
2305 5704 2442 5766 quod
2479 5702 2604 5754 bene
2642 5712 2875 5770 recteque
2912 5703 3010 5770 ipsi
3046 5702 3308 5756 uideatur.
3342 5701 3465 5754 Haec
3507 5699 3686 5770 Etym.

2111 5787 2232 5841 quae
2259 5783 2552 5826 consonant
2571 5787 2692 5842 cum
2726 5789 2785 5825 ea
2817 5775 2862 5824 vi
2892 5774 3047 5842 hujus
3074 5774 3241 5836 voeis,
3270 5788 3373 5838 qua
3397 5772 3537 5827 LXX
3555 5782 3694 5840 saepe

2115 5843 2198 5897 usi
2227 5855 2377 5909 sunt,
2410 5851 2464 5898 et
2489 5852 2643 5901 vetus
2668 5841 3081 5914 Evangeliorum
3113 5843 3411 5914 interpres.
