4070 6404
390 370 497 435 887

1607 371 2104 432 THEOPIIANIS
2142 371 2480 432 CERAMEI

3564 359 3674 423 888

392 488 682 546 convento,
712 495 906 548 magno
938 478 1202 534 delibutus
1227 477 1442 550 gaudio,
1469 477 1586 548 ejus
1601 478 1747 548 quod
1773 493 1985 547 quaere-

2105 477 2380 546 Ἐντυχὼν
2404 471 2499 530 οὖν
2530 473 2607 545 τῷ
2643 471 2846 542 ἑταίρῳ
2890 471 3038 542 μάλα
3080 468 3401 540 περιχαρῶς
3431 467 3524 522 τοῦ
3575 472 3642 544 ζη
3671 497 3681 506 -

393 574 542 640 baut,
570 573 727 628 iudex
759 573 1010 628 eﬂicitur.

474 685 492 717 ι
531 666 757 727 Invenit,
791 666 986 733 inquit,
1021 664 1310 734 Philippus
1344 661 1762 726 Nathanaelem,
1825 672 1880 719 et
1923 663 1999 722 ait

405 761 526 814 illi:
577 761 744 826 Quem
797 757 1015 826 scripsit
1048 757 1258 826 Moyses
1291 757 1342 810 in
1395 757 1530 823 lege,
1584 766 1638 812 et
1692 757 1996 825 prophetis,

398 851 700 905 invenimus
729 847 911 901 Jesum
955 846 1121 900 lilium
1153 845 1350 915 Joseph
1383 862 1410 899 a
1445 847 1737 911 Nazareth,
1773 866 1791 896 ι
1839 849 2000 901 modo

396 957 500 995 non
561 942 613 994 iu
675 939 812 993 hanc
875 939 1198 993 sententiam
1255 940 1569 994 exclamans
1626 957 1640 994 :
1694 939 1816 993 Non
1863 954 2001 1008 opus

403 1045 484 1088 est
512 1034 665 1087 nobis
697 1033 950 1102 amplius,
995 1032 1159 1086 chare
1204 1031 1525 1095 Nathanael,
1553 1040 1785 1085 nteutettt
1824 1033 2000 1085 inten-

395 1127 525 1179 dere
566 1124 780 1190 litterze,
817 1137 874 1177 re
909 1132 1205 1190 comperta.
1239 1122 1550 1176 Invenimus
1601 1123 1811 1176 scilicet
1847 1138 1996 1188 eum,

403 1216 494 1283 qui
523 1215 611 1268 diu
639 1213 978 1280 multumque
1005 1213 1159 1266 nobis
1186 1211 1240 1265 in
1286 1212 1584 1280 qutestione
1619 1211 1737 1265 fuit.
1765 1212 2001 1266 Adverte

398 1319 530 1358 vero
586 1303 863 1371 quomodo
920 1301 1223 1370 Philippus,
1273 1302 1522 1369 quamvis
1575 1301 1800 1368 grandia
1850 1301 1996 1371 loqui

398 1396 669 1458 videatur,
705 1408 813 1446 non
869 1402 1052 1446 tamen
1105 1391 1388 1447 Judaicam
1437 1407 1650 1446 omnem
1685 1393 1995 1447 crassitiem

395 1485 847 1552 excusserit.Qua
874 1486 1016 1539 enim
1048 1482 1241 1538 Filium
1268 1484 1465 1552 Joseph
1502 1484 1784 1537 Dominum
1818 1493 1995 1551 vocat,

397 1578 641 1646 arguitur
659 1576 826 1647 338
853 1576 1096 1645 profecto
1135 1577 1452 1647 mysterium
1493 1575 1731 1630 nondum
1787 1575 1996 1646 liquido

399 1671 742 1742 cOguovisse.
795 1672 1059 1742 Cognovit
1106 1686 1237 1724 vero
1283 1671 1626 1740 postmodum
1667 1686 1771 1724 non
1827 1672 1997 1726 fuisse

401 1765 599 1830 Joscph
628 1763 730 1833 ipsi
759 1775 971 1832 patrem
995 1766 1292 1816 secundum
1314 1777 1555 1829 carnem,
1576 1763 1990 1832 quandodiccre

402 1856 658 1926 Magistro
675 1869 776 1908 non
811 1855 1074 1910 dubitavit
1104 1855 1399 1908 “Ostende
1421 1856 1575 1909 nobis
1605 1853 1823 1909 Patrem
1857 1854 1922 1908 ’δι
1951 1875 1989 1918 ,ι

479 1968 497 1999 ι
536 1947 676 2001 Dicit
706 1947 756 2002 ei
787 1946 1084 2001 Nathanael
1117 1963 1130 2002 :
1183 1948 1224 1999 A
1255 1945 1522 2000 Nazareth
1569 1954 1747 2015 potest
1793 1947 1995 2014 aliquid

401 2039 525 2093 boni
565 2039 724 2093 esse?
753 2039 885 2093 dicit
918 2039 965 2093 ei
999 2039 1278 2108 Philippus
1322 2057 1334 2093 :
1381 2037 1516 2094 Veni
1545 2049 1598 2092 et
1633 2038 1775 2092 vide.
1809 2058 1826 2090 ›
1855 2037 1996 2105 Quid

401 2134 565 2201 igitur
609 2131 951 2186 Nathanael?
1007 2132 1142 2185 Cmu
1216 2132 1540 2200 planissime
1595 2130 1662 2185 de
1733 2131 1996 2203 mysterio

403 2225 708 2280 Salvatoris
739 2240 804 2280 ex
850 2225 1052 2279 divinis
1088 2224 1312 2281 Litteris
1348 2237 1496 2282 esset
1526 2227 1825 2281 instructus
1857 2269 1874 2292 ,
1932 2240 1996 2282 ac

404 2328 593 2374 nosset
651 2317 789 2384 fore,
824 2327 882 2373 ut
932 2333 960 2372 a
996 2318 1276 2373 Bethleem
1328 2321 1508 2390 primo
1541 2319 1852 2376 exoriretur
1896 2320 2004 2374 Do-

404 2413 610 2478 minus,
637 2411 934 2466 Nazarteus
963 2426 1168 2467 veroex
1187 2413 1619 2467 commoratione
1649 2414 1705 2467 in
1730 2413 2000 2468 Nazareth

404 2505 546 2560 facta
588 2515 898 2570 vocaretur,
933 2504 1073 2557 haud
1100 2512 1423 2559 cunctanter
1453 2505 1684 2576 Philippi
1709 2507 1889 2560 verbis
1918 2523 2005 2562 as-

403 2599 596 2666 sensit,
618 2598 869 2653 nimirum
891 2614 1146 2667 magnum
1171 2598 1324 2667 quid,
1343 2609 1397 2652 et
1413 2601 1678 2669 optimum
1697 2599 1833 2662 fore,
1859 2601 2002 2669 quod

404 2703 858 2763 exspectaretura
879 2691 1145 2747 Nazareth
1165 2692 1684 2749 ostendendum.llla
1702 2694 1845 2748 enim
1871 2712 1882 2747 :
1911 2712 1929 2744 ι
1953 2695 1995 2747 Α

403 2781 676 2839 Nazareth
717 2795 892 2852 potest
935 2784 1141 2854 aliquid
1184 2785 1308 2839 boni
1356 2799 1500 2846 esse.
1536 2804 1554 2836 ι
1603 2801 1708 2840 non
1743 2795 1868 2840 sunt
1900 2801 1998 2856 per

409 2877 801 2932 dubitationem
836 2879 980 2932 dicta
1012 2877 1147 2948 (76),
1176 2887 1231 2932 ut
1277 2878 1496 2946 quidam
1527 2878 1841 2947 epinantur.
1872 2878 1996 2934 Ine-

409 2979 558 3038 ptum
613 2971 757 3025 enim
811 2981 955 3026 esset
1013 2986 1077 3025 eo
1137 2986 1301 3027 sensu
1365 2973 1614 3044 accipere
1672 2973 1835 3028 verba
1890 2970 1993 3024 Na-

484 3157 528 3189 “
574 3157 729 3214 Joau.
770 3173 904 3223 xvn,
939 3159 993 3214 8.

2101 589 2194 624 του
2205 571 2365 641 μένου
2390 569 2598 638 γίνεται
2631 567 2898 638 μηνυτής.

2180 683 2199 713 ι
2238 664 2500 734 Εὐρέσκει
2527 663 2658 732 γὰρ,
2703 662 2860 730 φησι,
2899 659 3170 722 Φίλιππος
3222 658 3314 711 τὸν
3363 655 3678 725 Ναθαναὴλ,

2103 758 2196 810 καὶ
2227 756 2376 822 λέγει
2401 754 2550 825 αὐτῷ
2581 771 2595 784 ο
2634 756 2730 808 ’ον
2773 751 2981 822 ἔγραψε
3028 751 3236 820 Μωσῆς
3279 752 3338 802 ὲν
3382 748 3461 818 τῷ
3511 749 3685 817 νόμῳ,

2105 849 2199 902 καὶ
2221 850 2269 900 οἱ
2302 847 2604 917 προφῆται,
2638 846 2961 916 εὑρήκαμεν
2987 842 3200 914 Ἰησοῦν
3230 843 3321 894 τὸν
3345 841 3459 894 υἱὸν
3480 841 3684 910 Ἰωσὴφ

2102 940 2196 992 τὸν
2229 940 2336 994 ἀπὸ
2364 939 2642 1009 Ναζαρέτ.
2687 960 2706 992 ι
2738 939 3044 1008 Μονονουχὶ
3081 935 3398 1004 ἐκεκράγει,
3426 934 3502 987 Οὐ
3525 934 3687 1003 χρεία

2100 1035 2236 1103 ἡμῖν
2265 1035 2364 1098 1ἔτι,
2412 1034 2532 1103 φίλε
2565 1032 2885 1104 Ναθαναὴλ,
2932 1034 3226 1102 προσέχειν
3264 1030 3343 1100 τῷ
3365 1028 3685 1099 γράμματι,

2107 1127 2400 1197 ἐντυχοῦσι
2434 1126 2511 1198 τῷ
2557 1127 2872 1196 πράγματι.
2926 1126 3262 1196 Εὑρήκαμεν
3317 1127 3430 1194 γάρ
3479 1123 3692 1175 ἐκεῖνον

2103 1220 2236 1290 περὶ
2263 1214 2323 1272 οὗ
2355 1219 2455 1288 τὴν
2501 1219 2706 1290 πολλὴν
2762 1217 2997 1289 ζήτησιν
3046 1215 3408 1284 ἐποιούμεθα.
3440 1217 3584 1281 Ὅρα
3633 1215 3691 1268 δὲ

2101 1314 2199 1376 ὡς,
2267 1313 2448 1366 καίτοι
2479 1312 2698 1382 μεγάλα
2734 1311 2908 1365 δοκῶν
2931 1311 3118 1379 λέγειν
3164 1311 3191 1363 ὁ
3221 1310 3513 1372 Φίλιππος,
3541 1309 3693 1378 ὅμως

2101 1405 2160 1458 οὐ
2196 1407 2374 1476 πάντη
2401 1405 2502 1476 τῆς
2534 1405 2832 1473 Ἰουδαϊκῆς
2861 1404 3179 1474 παχύτητος
3202 1401 3561 1455 ἀπολέλυται.
3595 1395 3694 1462 Οἷς

2106 1498 2214 1568 γὰρ
2249 1498 2367 1552 υἱὸν
2419 1497 2621 1568 Ἰωσὴφ
2651 1499 2911 1568 ὀνομάζει
2957 1497 3048 1550 τὸν
3104 1496 3308 1566 Κύριον
3360 1495 3519 1565 δῆλός
3574 1496 3694 1546 ἔστι

2105 1592 2272 1660 μήπω
2301 1590 2556 1661 καθαρῶς
2577 1590 2840 1658 ἐπιγνοὺς
2888 1589 2952 1643 τὸ
2985 1589 3309 1658 μυστήριον.
3353 1587 3601 1654 Ἐπέγνω
3628 1601 3692 1653 γε

2104 1683 2212 1752 μὴν
2247 1682 2500 1752 ὕστερον,
2533 1683 2610 1746 ὡς
2639 1683 2742 1735 οὐκ
2771 1677 2840 1753 ἦν
2871 1681 3022 1750 αὑτῷ
3056 1681 3197 1734 κατὰ
3248 1680 3430 1748 σάρκα
3483 1678 3690 1748 πατὴρ,
3776 1718 3784 1724 .

2100 1777 2187 1829 ὅτε
2217 1777 2311 1828 καὶ
2340 1775 2538 1847 θαρῤεἰ
2576 1776 2654 1846 τῷ
2693 1774 3006 1846 διδασκάλῳ
3051 1775 3252 1827 εἰπεῖν’
3298 1793 3316 1826 ι
3343 1771 3528 1838 Δεῖξον
3561 1773 3695 1841 ἡμῖν

2100 1869 2192 1921 τὸν
2227 1868 2448 1938 Πατέρα
2483 1886 2603 1923 σου.

2179 2067 2196 2100 ι
2234 2049 2394 2117 Λέγει
2421 2048 2572 2120 αὑτῷ
2598 2047 2924 2119 Ναθαναήλ·
2967 2046 3065 2100 Ἐκ
3095 2043 3353 2114 Ναζαρὲτ
3373 2043 3598 2097 δύναταί
3639 2059 3696 2096 τι

2103 2139 2310 2206 ἀγαθον
2333 2134 2499 2204 clvas;
2518 2141 2686 2208 Λέγει
2705 2138 2854 2209 αὑτῴ
2873 2138 3143 2200 Φίλιππος
3169 2153 3183 2166 ·
3207 2137 3410 2206 Ἔρχου
3436 2135 3531 2188 καὶ
3556 2133 3690 2188 ῐδε.»

2105 2232 2170 2284 Τί
2196 2227 2288 2286 οὖν
2307 2233 2334 2285 ὁ
2367 2231 2668 2302 Ναθαναήλ
2690 2249 2706 2297 ;
2739 2232 2872 2283 Ἀτε
2904 2230 3024 2301 μετ’
3047 2228 3335 2299 ἀκριϐείας
3358 2227 3698 2298 κατηχηϐεὶς

2105 2325 2170 2377 ἐκ
2199 2323 2310 2377 τῶν
2356 2324 2519 2378 θείων
2567 2324 2801 2396 Γραφῶν
2831 2325 2890 2378 τὸ
2916 2324 3010 2378 τοῦ
3050 2324 3312 2394 Σωτῆρος
3366 2322 3693 2393 μυστήριον,

2105 2415 2201 2470 καὶ
2227 2413 2409 2482 εἰδὼς,
2440 2415 2516 2479 ὡς
2550 2415 2615 2468 ἐκ
2645 2414 2897 2486 Βηθλεὲμ
2947 2412 3047 2483 μὲν
3090 2413 3124 2480 ἡ
3167 2413 3362 2482 πρώτη
3398 2409 3698 2480 γενήσεται

2106 2508 2424 2577 Θεοφανεία,
2451 2508 2541 2561 διὰ
2568 2509 2626 2561 δὲ
2656 2507 2758 2578 τὴν
2783 2508 2848 2560 ὲκ
2873 2505 3130 2574 Ναζαρὲτ
3166 2504 3470 2574 διαγωγὴν,
3498 2502 3696 2562 Ναζω-

2111 2604 2262 2672 ραῖος
2285 2602 2648 2671 κληθήσεται,
2681 2603 2793 2665 τοῖς
2818 2599 2915 2654 τοῦ
2947 2601 3222 2653 Φιλιππου
3249 2597 3434 2664 λόγοις
3470 2595 3700 2666 προχεί-

2108 2715 2216 2770 ρως
2243 2696 2732 2766 συνωμολόγησεν,
2768 2697 2851 2749 ὅτι
2887 2695 3031 2764 μέγα
3057 2694 3121 2763 δή
3157 2711 3243 2758 τι,
3276 2690 3373 2744 καὶ
3403 2688 3697 2743 κάλλιστον

2104 2790 2261 2844 ἔσται
2286 2789 2349 2842 τὸ
2372 2791 2436 2842 ὲκ
2460 2788 2556 2856 τῆς
2590 2786 2846 2856 Ναζαρὲτ
2860 2786 3402 2859 άναδειχθήσεσϐαιπ
3421 2786 3696 2859 ροσδοκώ-

2108 2898 2290 2949 μενον.
2320 2881 2393 2933 Τδ
2420 2880 2548 2948 γάρ’
2589 2895 2608 2929 ι
2660 2880 2755 2933 Ἐκ
2802 2878 3059 2946 Ναζαρὲτ
3104 2878 3332 2933 δύναταί
3379 2898 3433 2934 τι
3472 2878 3686 2946 ἀγαθὸν

2103 2969 2266 3038 εἶναι,
2301 2992 2318 3024 ι
2347 2975 2445 3027 οὐκ
2476 2972 2826 3043 ἀπορητικῶς
2869 2975 3108 3042 εἴρηται,
3152 2971 3228 3036 ὥς
3271 2989 3418 3036 τινες
3452 2970 3689 3026 οἴονται.

1660 3250 1986 3313 Francisci
2019 3252 2226 3314 Scorsi
2264 3263 2456 3319 nolle.

482 3380 597 3449 (τι)
643 3378 921 3444 Philippus
965 3394 1021 3428 os
1064 3373 1355 3449 lampadis.
1407 3371 1526 3449 Non
1569 3388 1789 3442 possum
1853 3375 1996 3449 dim-
2027 3363 2074 3425 C
2107 3389 2337 3444 utroque
2382 3379 2735 3436 Testamento
2784 3381 2852 3432 ad
2903 3387 3228 3447 praesentem
3287 3377 3686 3446 expositionem

414 3445 518 3503 teri
556 3451 694 3503 hanc
739 3449 1070 3501 notationem
1106 3445 1260 3498 valde
1293 3459 1419 3500 esse
1462 3445 1752 3507 detortam,
1787 3455 1842 3499 et
1874 3446 1993 3500 lon-

415 3522 537 3586 gius
583 3534 743 3587 quam
793 3517 920 3572 licet
965 3517 1033 3571 ab
1065 3514 1333 3587 Hebraica
1393 3514 1615 3583 regione
1665 3515 1989 3587 deductam,

416 3605 540 3642 cum
579 3585 682 3641 vox
719 3588 770 3640 in
806 3588 1016 3642 Graecia
1061 3595 1186 3640 nata
1221 3585 1310 3645 sit,
1339 3594 1389 3636 et
1423 3587 1490 3638 ab
1521 3599 1584 3639 ea
1635 3585 1895 3639 translata
1926 3587 1992 3642 ad

417 3660 692 3714 Hebraeos.
741 3659 1010 3719 Φίλιππος
1056 3655 1200 3712 enim
1253 3655 1362 3708 ἀπὸ
1389 3654 1482 3708 τοῦ
1541 3657 1717 3722 φιλεῖν
1754 3656 1988 3721 ἵππους,

416 3733 486 3785 ab
521 3744 726 3796 amore,
757 3745 850 3784 seu
899 3728 1077 3784 sunlio
1109 3741 1397 3794 equorum,
1431 3727 1576 3794 quod
1625 3726 1770 3780 laudi
1805 3725 1992 3781 datum

415 3812 640 3855 estnon
698 3799 958 3854 mediocri
997 3797 1104 3852 illis
1160 3796 1355 3864 priscis
1417 3797 1693 3859 heroibus,
1749 3799 1882 3864 quin
1942 3804 1998 3850 ct

417 3873 523 3925 iliis
555 3885 584 3924 a
610 3869 1011 3924 faliulaloribtts
1059 3866 1285 3926 Grmeis,
1318 3876 1375 3918 ut
1408 3865 1611 3919 Palladi
1660 3881 1691 3920 a
1732 3865 1993 3920 Callima-

417 3945 522 3995 cho
567 3944 646 4002 εἰς
694 3941 899 4010 λουτρὰ
930 3939 1028 4010 τῆς
1061 3934 1361 4010 Παλλάδος.
1410 3936 1490 4010 Ah
1540 3936 1643 3990 hoc
1677 3937 1858 4010 igitur
1893 3951 1996 3990 no-

418 4027 534 4067 mer
594 4006 1023 4075 adscitum;sed
1059 4009 1104 4063 si
1160 4007 1284 4077 quis
1335 4006 1645 4061 condonare
1677 4006 1728 4059 id
1775 4017 1994 4077 etymon

419 4082 551 4136 velit
608 4080 949 4150 TbeOphaoi,
1007 4079 1094 4146 pie
1147 4075 1276 4150 illud
1331 4079 1396 4129 ad
1431 4091 1650 4150 sensum
1709 4075 1890 4150 suum,
1925 4083 1999 4150 _et

421 4153 634 4205 laudem
686 4145 913 4220 apostoli
977 4145 1255 4220 trahenti,_
1296 4161 1402 4220 non
1466 4145 1692 4220 omnino
1725 4146 1843 4199 sine
1889 4145 1994 4220 ulla

421 4221 683 4288 probabili
709 4215 925 4288 ratione
947 4220 1148 4273 dictum
1173 4215 1487 4269 existimare
1524 4216 1732 4288 possit:
1764 4224 1828 4288 is
1852 4216 1996 4271 enim

421 4277 478 4345 os
535 4302 588 4346 et
635 4277 742 4351 15'?
773 4294 867 4359 tua:
901 4307 996 4344 seu
1058 4289 1289 4357 lampas,
1345 4289 1490 4342 unde
1525 4277 1774 4356 'Philippi
1803 4302 2000 4340 nomen

443 4368 558 4432 ipse
587 4363 898 4432 concinnat.

496 4432 610 4504 (75)
653 4431 908 4485 Betsaida
943 4431 1136 4504 quippe;
1171 4437 1477 4504 venatorum
1527 4426 1740 4504 d_o_mus_.
1777 4426 1843 4504 S._
1877 4426 2001 4482 liie-

423 4497 686 4572 rouymus
741 4511 796 4554 et
845 4497 1230 4572 etymologiam
1286 4499 1634 4572 conlirmabit
1684 4497 1882 4572 simul.
1917 4507 2003 4572 _et

424 4568 643 4626 sensum
678 4568 942 4634 auctoris,
974 4586 1094 4639 qua:
1130 4587 1194 4625 ex
1239 4569 1579 4639 ignobilitate
1608 4568 1790 4635 oppidi
1831 4569 2001 4622 dedu-

425 4645 500 4696 cit
526 4645 801 4698 Christum
850 4643 1090 4696 voluisse
1128 4641 1422 4695 ostendere
1451 4654 1478 4691 a
1515 4652 1572 4692 se
1628 4639 1907 4703 ignobilia,
1949 4647 2002 4692 et

2099 3451 2451 3504 astruendam
2487 3449 2733 3505 Grzeeam
2782 3450 3028 3505 voculam
3063 3451 3117 3502 τί
3161 3450 3362 3512 accipit
3392 3465 3489 3515 pro
3523 3451 3688 3515 quid-

2097 3521 2245 3590 drmt,
2318 3521 2400 3575 vel
2454 3536 2556 3590 pro
2612 3520 2872 3588 particula
2921 3521 3212 3589 ὲπιτατικῇ
3282 3520 3539 3573 iutensiva
3582 3521 3688 3583 ὅτι,

2098 3597 2158 3642 ιιι
2210 3589 2386 3643 Latini
2446 3589 2739 3654 aliquando
2774 3607 2956 3656 quam,
2993 3592 3296 3659 eodemque
3332 3591 3494 3643 modo
3549 3590 3690 3643 idem

2098 3670 2289 3714 auctor
2311 3662 2457 3714 hom.
2489 3661 2577 3720 46.
2599 3678 2717 3730 quae
2741 3671 2824 3715 est
2849 3661 2915 3713 de.
2939 3662 3127 3714 sedata
3158 3661 3330 3714 maris
3357 3669 3688 3730 tempestate

2099 3731 2263 3786 verba
2285 3732 2373 3784 illa
2401 3749 2414 3784 :
2439 3729 2627 3795 Qualis
2657 3745 2731 3784 est
2760 3733 2843 3783 hic
2872 3734 2994 3793 quia
3025 3732 3163 3784 renti
3189 3743 3234 3784 et
3264 3747 3408 3784 mare
3433 3729 3687 3784 obediunt

2097 3803 2166 3863 ei,
2223 3815 2330 3855 non
2395 3802 2802 3867 interrogative,
2858 3802 2952 3855 sed
3004 3802 3327 3856 allirmative
3378 3799 3545 3854 sumit
3583 3801 3690 3854 hoc

2101 3873 2261 3925 modo
2295 3889 2308 3926 :
2341 3869 2514 3936 Quam
2552 3888 2776 3940 magnus
2808 3871 2890 3924 hic
2917 3880 2992 3924 est
3025 3872 3113 3940 qui
3147 3871 3309 3924 tantis
3343 3869 3540 3924 viribus
3568 3870 3686 3932 pol-

2099 3942 2192 4003 let,
2227 3951 2274 3994 et
2315 3941 2569 4006 translert
2613 3941 2868 3994 elementa
2899 3957 3000 4000 quo
3034 3942 3162 3995 vult.
3193 3941 3368 4008 Atque
3399 3950 3458 3994 ut
3495 3941 3688 4007 singu-

2102 4011 2184 4066 los
2237 4013 2538 4079 expendam
2573 4011 2724 4065 locos
2754 4014 3018 4065 adductos
3069 4013 3138 4064 ab
3194 4020 3443 4073 auctore,
3479 4010 3692 4078 primus

2103 4081 2191 4134 ille
2226 4081 2362 4150 psal.
2397 4094 2477 4150 nl,
2505 4080 2702 4148 legitur
2747 4081 2963 4150 quidem
3025 4083 3189 4135 etiam
3239 4083 3291 4134 in
3324 4082 3454 4134 edit.
3498 4080 3688 4134 Graeca

2104 4149 2246 4206 LXX
2296 4165 2417 4205 cum
2471 4149 2927 4221 interrogatione;
2977 4161 3214 4206 attamen
3249 4166 3352 4204 non
3389 4151 3566 4212 deest,
3596 4151 3690 4219 qui

2102 4221 2264 4283 legat,
2327 4221 2408 4275 vel
2471 4223 2705 4290 explicet
2757 4241 2769 4276 :
2819 4221 2985 4276 Valde
3041 4222 3383 4286 multiplicati
3423 4231 3567 4281 sunt,
3627 4230 3686 4275 ut

2107 4292 2383 4352 Vatahlus.
2419 4306 2538 4359 quae
2583 4292 2742 4345 lectio
2778 4293 2829 4346 in
2867 4293 3006 4345 idem
3065 4294 3276 4348 recidit.
3314 4307 3377 4344 ac
3429 4291 3473 4344 si
3531 4291 3685 4344 dicas

2104 4379 2226 4416 cum
2262 4373 2453 4416 nostro
2503 4382 2516 4418 :
2561 4361 2733 4428 Quam
2771 4363 3003 4416 maxime
3043 4362 3382 4430 multiplicati
3425 4368 3550 4414 sunt
3583 4361 3694 4413 ini-

2104 4434 2229 4487 mici
2263 4433 2362 4486 mei
2379 4431 2399 4484 .'
2425 4431 2610 4498 Neque
2643 4449 2771 4488 vero
2799 4433 2841 4486 si
2873 4434 2944 4484 ita
2975 4433 3235 4498 explices,
3262 4442 3524 4499 repugnat
3558 4446 3690 4483 seu-

2106 4521 2196 4557 sus
2229 4519 2350 4557 eum
2388 4512 2577 4556 nostra
2615 4501 2836 4572 Vulgata
2869 4502 3123 4563 lectione,
3157 4512 3206 4554 et
3264 4517 3326 4555 ea
3363 4503 3527 4572 etiam
3565 4516 3689 4572 quae

2105 4586 2186 4627 est
2220 4572 2378 4627 LXX.
2402 4573 2555 4639 Quoi
2589 4570 2739 4626 enini
2768 4588 2863 4642 per
2893 4573 3118 4641 figuram
3155 4571 3556 4631 admirationis,
3608 4570 3692 4622 vel

2108 4644 2557 4712 interrogationis
2606 4643 2828 4706 dicitur,
2873 4642 3016 4710 quod
3075 4642 3141 4695 ad
3197 4657 3308 4697 rem
3347 4650 3402 4712 et
3457 4655 3685 4712 sensum

424 4711 851 4781 c-ontemptibilia
905 4711 1090 4765 mundi
1149 4709 1572 4781 electa_l'uis_se.
1790 4709 2001 4781 itaque
2035 4709 2072 4764 D
2110 4707 2362 4781 pertinet,
2387 4731 2494 4768 non
2527 4721 2608 4766 est.
2639 4713 2782 4766 aliud
2826 4707 3002 4775 abeo,
3053 4712 3193 4780 quod
3227 4713 3344 4766 sine
3374 4710 3688 4781 hujusmodi

423 4777 657 4839 llieronf
684 4783 778 4837 lib.
812 4799 891 4849 Ix,
921 4783 974 4836 in
1009 4796 1132 4848 cap.
1168 4797 1299 4836 xvut
1335 4779 1533 4849 Ezech.
1582 4795 1596 4832 :
1649 4777 1862 4832 l’iculus
1898 4779 2002 4833 Pe-

423 4856 514 4919 tri,
567 4865 612 4908 et
665 4848 890 4908 Andrere
939 4852 1218 4920 (ideu‘ique
1267 4848 1523 4920 Philippi)
1579 4849 1675 4901 ltoc
1707 4850 2008 4918 appellatur

421 4925 692 4978 vocabulo.
720 4923 971 4977 Betsaida
1009 4919 1147 4974 enim
1191 4929 1429 4979 mth
1460 4919 1640 4987 lingua
1697 4931 1874 4973 nostra
1916 4936 2012 4985 ap-

423 4997 650 5060 pellatur
674 4997 863 5049 domus
908 5001 1244 5045 venatorum.
1285 4993 1424 5056 Lege
1481 4999 1738 5060 prreterea
1779 4989 2014 5044 Onoma-

428 5067 673 5133 iograph.
741 5063 978 5115 Ballistr.
1039 5061 1140 5133 qui
1171 5062 1406 5133 disputat
1451 5060 1516 5112 de
1556 5059 1752 5126 duplici
1801 5075 1934 5115 voce
1959 5069 2014 5115 et

427 5129 680 5197 lectio—ue,
715 5133 984 5186 Betltesda
1015 5141 1070 5182 et
1109 5129 1378 5183 Betsaida.

499 5204 612 5276 (76)
653 5203 937 5276 Nou__sunt_
985 5214 1082 5276 per
1123 5201 1503 5276 dubitationem
1551 5201 2004 5276 dicto._AlT_irma-

430 5267 537 5329 live
561 5267 725 5328 verba
755 5273 847 5326 illa
871 5287 884 5322 :
905 5269 948 5322 Α
976 5267 1248 5341 Nazaretlz
1293 5283 1459 5341 βρίσει
1490 5273 1688 5341 aliquid
1719 5273 1838 5325 boni
1871 5290 2002 5333 esse.

430 5347 561 5413 legit
605 5354 662 5398 et
707 5339 1278 5413 asserit_accipienda
1317 5339 1698 5413 Theophanes,
1733 5347 2002 5410 quomodo

428 5408 596 5469 etiam
654 5415 852 5482 legisse
927 5408 1272 5482 Btt‘pertumi,
1334 5408 1716 5482 Augustinum,
1752 5408 1997 5476 'Bedam,

433 5487 636 5540 nullum
674 5479 804 5537 vero
862 5495 928 5536 ex
985 5479 1190 5534 Craacis
1227 5481 1747 5538 Patribus.adnotat
1801 5482 2002 5536 Maldo-

433 5569 594 5609 uatus
626 5566 833 5609 noster.
873 5551 982 5607 Sed
1035 5565 1163 5604 ecce
1211 5552 1319 5616 hic,
1355 5567 1513 5620 quem
1547 5569 1682 5608 nove
1726 5555 1777 5608 iu
1827 5554 1996 5607 lucem

431 5629 643 5688 damus,
673 5625 894 5682 Graecus
936 5623 1097 5676 Pater
1121 5621 1329 5676 Latinis
1377 5621 1482 5676 illis
1512 5627 1802 5689 consentit,
1839 5639 1998 5692 quem

434 5695 798 5761 MaldOnatus,
851 5696 894 5750 si
928 5704 1086 5748 antea
1135 5695 1311 5746 editus
1364 5703 1534 5763 esset,
1571 5695 1768 5750 habere
1803 5696 2000 5763 potuis-

433 5775 539 5825 set,
571 5782 730 5832 quem
767 5767 819 5818 in
851 5781 970 5819 eam
998 5765 1327 5836 sententiam
1366 5762 1603 5819 allerret.
1649 5762 1838 5836 Imque
1863 5777 1916 5819 et
1948 5767 2000 5820 in

437 5837 539 5889 hoc
569 5850 727 5892 quem
777 5838 848 5891 ita
886 5837 1138 5901 exponit,
1171 5844 1221 5891 et
1262 5835 1313 5890 in
1345 5836 1553 5892 caeteris
1585 5838 1907 5895 testimoniis
1937 5837 2006 5892 ab

2109 4780 2279 4853 ligura
2333 4785 2505 4838 solum
2562 4781 2879 4836 aliirmando
2917 4783 3301 4852 pronuntiatur
3337 4801 3352 4834 :
3389 4780 3594 4853 ut_ill_a_
3621 4795 3688 4832 ex

2107 4849 2267 4909 (lant.
2303 4865 2518 4907 suntex
2555 4868 2675 4919 cap.
2726 4869 2761 4910 ι,
2810 4853 2897 4904 uhi
2920 4849 3039 4905 'nos
3088 4853 3353 4904 habemus
3391 4868 3403 4904 :
3438 4849 3689 4903 Pulchrae

2109 4935 2230 4979 sunt
2261 4941 2403 4991 gena:
2435 4934 2537 4976 tum
2562 4924 2698 4976 sicut
2727 4922 2975 4982 tnrturis,
2999 4921 3139 4976 LXX
3169 4922 3366 4974 habent
3391 4937 3404 4972 :
3428 4920 3493 4972 Τί
3521 4919 3696 4985 ὡραι-

2111 4994 2328 5064 ώθησαν
2352 4995 2406 5046 αἱ
2449 4994 2699 5064 σιαγόνες
2752 5009 2845 5046 σου
2877 5009 2890 5022 ·
2921 5003 2974 5046 et
3029 4993 3208 5045 versio
3264 4992 3448 5064 Latina
3500 4998 3635 5064 sext.
3676 5007 3692 5064 :_

2118 5059 2290 5128 Quam
2324 5059 2570 5130 speciosa:
2601 5063 2756 5132 facttr
2792 5073 2912 5116 sunt
2942 5077 3088 5129 gena:
3131 5071 3234 5114 tute
3262 5062 3400 5114 sicut
3427 5059 3696 5132 turturis.’

2116 5135 2303 5204 Neque
2335 5129 2440 5188 ulla
2471 5136 2522 5190 iu
2553 5129 2686 5204 editi.
2735 5143 2821 5187 est
2848 5133 3288 5204 interrogationis
3318 5142 3481 5204 _not_a,
3512 5141 3570 5181 ut
3605 5129 3692 5204 _vi-

2113 5198 2308 5260 deatur
2362 5205 2490 5258 illud
2535 5203 2588 5256 τί
2644 5203 2891 5258 Griecum
2946 5198 3368 5271 pro—particula
3424 5198 3695 5254 iutensiva

2113 5277 2336 5330 omnino
2361 5284 2656 5342 sumptum.
2693 5272 2828 5338 Cap.
2861 5287 2989 5324 vero
3017 5286 3089 5333 Iv,
3125 5272 3212 5324 ubi
3266 5287 3362 5324 nos
3416 5271 3645 5336 legimus
3675 5283 3693 5342 ς

2114 5346 2286 5412 Quam
2311 5339 2545 5413 pulchra:
2577 5351 2697 5398 sunt
2720 5358 2964 5413 mamma:
2993 5349 3298 5413 tuw,_sq_r_or
3327 5357 3439 5413 ut_ea
3463 5339 3696 5413 sponsu?

2111 5407 2236 5470 evum
2274 5407 2516 5484 apposita
2549 5412 2929 5484 admiratioiiis
2957 5421 3104 5484 nom.
3133 5409 3272 5484 LXX
3308 5407 3693 5484 εΤίὲκαλ).ιῴς

2113 5479 2359 5554 Θησανοὶ
2408 5484 2601 5553 μαστοί
2653 5500 2768 5548 σου,
2809 5481 2972 5554 inulla
3021 5481 3206 5554 addita
3261 5491 3388 5554 nota
3439 5481 3601 5534 etiam
3638 5479 3693 5530 in

2113 5551 2300 5610 Bibliis
2351 5551 2531 5628 regiis
2586 5552 3029 5628 correctissimis.
3093 5551 3244 5606 Unde
3293 5553 3438 5628 idem
3493 5562 3694 5628 sensus

2110 5620 2534 5695 colligiturfqui
2587 5623 2810 5695 aﬂertur
2875 5637 2901 5674 a
2961 5622 3305 5695 nostro,__qui
3337 5635 3496 5695 sane
3527 5620 3600 5695 ita
3636 5620 3690 5695 in

2115 5686 2652 5764 suis‘Bibliis-legil.
2697 5693 2918 5746 Detuum
2981 5693 3132 5745 locus
3190 5686 3277 5744 ille
3453 5686 3693 5764 Matthxi

2113 5785 2234 5836 cap.
2263 5783 2338 5821 vn
2369 5784 2382 5820 :
2410 5758 2836 5836 Quamrangusta
2865 5772 3016 5836 porta
3039 5774 3084 5814 et
3117 5772 3266 5836 arcta
3297 5763 3380 5836 via
3404 5758 3693 5836 est!_Gr;e:

2117 5827 2194 5896 ce'
2239 5827 2446 5894 dicitur
2492 5855 2504 5892 :
2551 5834 2616 5889 Τί
2678 5827 3062 5904 στενὴπύλη,
3107 5835 3200 5888 καὶ
3259 5830 3600 5903 τεθλιμμένη
3655 5827 3690 5897 ἠ
