4070 6402
358 412 458 477 889

1730 421 2061 484 HOMIIJA
2101 426 2311 487 XLIX.

3525 440 3632 503 8Ίο

358 532 565 604 Εῠηθες
598 533 708 606 γὰρ
739 535 866 607 τῇδε
898 538 1088 607 νοῆσαι
1132 536 1223 591 16v
1249 536 1545 610 Ναθαναὴλ
1586 537 1759 608 ἄνδρα
1811 541 1913 593 ἐπι·

2043 541 2328 607 thanaelis,
2360 541 2601 598 hominis
2644 543 2739 613 qui
2771 559 2891 614 qua:
2912 546 2978 602 de
3020 546 3239 626 Qhristo
3266 549 3408 605 dicta
3445 568 3622 618 erant,

362 626 632 689 στατικῶς
672 627 739 681 τὰ
775 628 903 698 περὶ
939 629 1183 697 Χριστοῦ
1219 630 1618 699 ἐρευνήσαντα.
1663 629 1824 684 Ἀλλὰ
1852 630 1932 684 τό·

355 719 419 771 Τί
442 719 661 786 ἀγαθὸν,
695 722 817 773 ἀντὶ
833 723 949 785 106,
974 721 1112 777 Δίαν
1142 723 1365 791 ἀγαθὸν,
1402 722 1621 789 νοητέον
1651 724 1805 793 ἡμῖν.
1830 724 1934 776 Τε-

356 811 657 880 τριμμένον
686 814 742 866 δὲ
772 813 834 867 τδ
866 816 1019 883 ῥῆμα
1050 814 1211 868 10610
1233 856 1246 878 ,
1296 816 1393 870 καὶ
1428 815 1659 886 σύνηθες
1690 819 1756 886 τῇ
1787 817 1930 885 Γρα-

2039 632 2404 688 solertissime
2460 635 2890 705 investigasset:
2951 640 3045 695 sed
3095 643 3230 709 hoc,
3259 643 3468 715 aliquid
3510 647 3631 702 boni

2038 741 2166 789 esse,
2201 726 2273 778 ita
2306 726 2459 781 nobis
2490 728 2895 798 intelligendum
2923 743 3026 798 est,
3061 749 3125 788 ac
3160 736 3203 790 si
3237 736 3423 793 dicat:
3457 742 3629 806 Quid-

2035 818 2157 870 dam
2193 817 2347 872 valde
2398 819 2595 874 bonum
2639 830 2744 876 est.
2779 821 2932 877 Trita
2961 840 3125 894 porro
3180 838 3231 883 et
3288 834 3485 885 usitata
3541 845 3626 887 est

360 902 456 970 φῇ.
483 900 614 955 Ὅτε
643 903 754 974 γὰρ
787 904 955 958 Δα6ὶδ
985 905 1124 975 πρὸς
1147 906 1207 959 τὸ
1238 906 1445 977 πλῆθος
1485 906 1798 974 ἰλιγγιάσας
1823 907 1913 959 τῶι

2037 907 2152 961 haec
2176 907 2382 964 locutio
2411 910 2463 963 in
2493 913 2665 965 sacris
2690 913 2931 969 Litteris.
2958 914 3094 971 Nam
3119 927 3171 972 et
3198 921 3362 974 David
3390 923 3633 978 multitu-

353 994 698 1063 πειρασμῶν,
733 1014 753 1047 ι
785 995 978 1066 Κύριε,
1015 999 1067 1051 τι
1104 997 1525 1067 ὲπληθύνθησαν
1561 1001 1611 1052 οί
1653 998 1929 1064 θλίϐοντες

353 1087 416 1154 μέ
446 1101 495 1151 ;i
534 1087 697 1156 φησι·
738 1090 800 1141 Τί
821 1088 980 1141 τοῦτο
1003 1089 1202 1157 λέγων,
1240 1090 1313 1153 ὡς
1346 1091 1483 1146 Δίαν
1509 1091 1930 1162 ὲπληθύνθησαν

348 1178 395 1230 οἱ
425 1178 629 1247 ἐχθροί.
664 1178 773 1233 Καὶ
821 1182 850 1233 6
897 1181 1061 1245 καλὸς
1103 1182 1421 1251 ἀδελφιδοῦς
1465 1186 1524 1238 ἐν
1569 1186 1645 1254 τῷ
1681 1187 1926 1258 ’ᾼσματι

350 1268 651 1339 θαυμάζων
684 1271 744 1324 16
775 1272 975 1336 κάλλος
1006 1274 1105 1343 τῆς
1156 1274 1434 1346 σώφρονος
1484 1276 1741 1347 νύμφης,
1782 1276 1926 1331 οὔτω

346 1359 506 1428 φησί’
548 1380 567 1413 ι
606 1362 673 1415 Τί
723 1363 1137 1431 έκαλλιώθησαν
1181 1368 1232 1420 οἱ
1281 1368 1483 1439 μαστοί
1525 1386 1659 1431 σου,
1719 1370 1922 1441 ἀδελφή

346 1468 448 1518 μου
486 1451 711 1523 νύμφηι
747 1472 765 1505 ι
806 1456 936 1521 Καὶ,
970 1475 988 1508 ι
1038 1456 1102 1510 Τί
1146 1457 1512 1529 ὡραιὼθησαν
1564 1460 1621 1512 αἱ
1675 1460 1924 1527 σιαγόνες

344 1561 437 1597 σου
471 1546 485 1600 i
520 1566 538 1597 ι
578 1547 689 1601 Καὶ
724 1550 852 1620 περὶ
892 1550 993 1620 τῆς
1045 1549 1156 1604 τῶν
1191 1551 1403 1621 ἀρετῶν
1431 1552 1639 1605 εἰσόδου
1694 1554 1860 1622 φησὶν
1895 1554 1923 1606 6

340 1634 532 1706 Σωτὴρ
560 1637 974 1709 θαυμαστικῶς·
1014 1659 1033 1693 ι
1073 1641 1138 1694 Ti
1188 1642 1349 1712 στενὴ
1401 1643 1434 1712 ή
1475 1642 1641 1712 πύλη.
1698 1644 1728 1712 ἡ
1780 1643 1923 1696 ἀπά-

336 1744 510 1794 γουσα
539 1729 618 1792 εἰς
650 1731 748 1800 τὴν
778 1730 966 1801 ζωήνῐ
1009 1751 1027 1785 ι
1087 1733 1148 1785 Εἰ
1210 1733 1315 1803 γὰρ
1368 1732 1723 1804 ἀπορητικῶς
1762 1734 1921 1789 10610

335 1816 492 1871 εἶπεν
522 1823 549 1873 6
580 1822 902 1894 Ναθαναὴλ,
936 1823 1013 1887 ὡς
1046 1824 1311 1879 ἀδύνατον
1352 1825 1517 1894 δῆθεν
1564 1827 1623 1879 ἐν
1661 1827 1917 1895 Ναζαρέτ

335 1929 385 1963 τι
415 1912 628 1978 ἀγαθὸν
659 1914 939 1981 γενέσθαι,
972 1910 1041 1986 ἦν
1076 1916 1142 1969 ἂν
1166 1915 1373 1987 ψευδὴς
1418 1916 1778 1988 Ἰσραηλίτης,
1820 1918 1915 1969 καὶ

333 2004 577 2074 δολερὸς,
609 2007 704 2058 καὶ
732 2007 833 2058 ούκ
884 2006 952 2060 ἂν
992 2008 1145 2075 παρὰ
1186 2007 1278 2061 106
1323 2008 1589 2077 ἀψευδοῦς
1646 2009 1917 2079 στόματος

333 2096 575 2151 τοιοῦτον
597 2099 807 2169 εἰλήφει
837 2099 929 2151 τὸν
963 2099 1211 2155 ἔπαινον.
1270 2119 1287 2151 ι
1337 2096 1460 2155 Εἷδε
1493 2102 1627 2172 γὰρ,
1664 2103 1850 2171 φησὶν,
1888 2102 1916 2153 6

344 2190 558 2260 Ἰησοῦς
589 2192 682 2244 16v
710 2190 1022 2263 Ναθαναὴλ
1061 2194 1360 2264 ἐρχόμενον
1399 2194 1537 2264 πρὸς
1581 2193 1782 2256 αὐτὸν,
1821 2193 1916 2246 καὶ

330 2283 480 2349 λέγει
510 2284 638 2353 περὶ
671 2284 839 2337 αὐτοῦ
869 2302 884 2317 ’
922 2285 1029 2339 Ἴδε
1081 2286 1305 2354 ἀληθῶς
1360 2285 1728 2356 ’1σραηλίτης,
1785 2286 1844 2338 ὲν
1872 2278 1915 2353 ᾧ

329 2376 484 2438 δόλος
509 2375 609 2427 οὐκ
634 2376 804 2428 ἔστιν.
837 2394 854 2427 ι
894 2371 1050 2428 Εἷδεν
1098 2375 1264 2429 αὑτὸν
1311 2378 1607 2447 ἐρχόμενον
1657 2376 1765 2432 ἀπὸ
1815 2381 1916 2448 τῆς

333 2468 497 2528 σκιᾶς
528 2466 663 2537 πρὸς
722 2467 822 2536 τὴν
849 2466 1128 2538 ἀλήθειαν,
1162 2468 1269 2521 ἀπὸ
1290 2471 1387 2539 τῆς
1408 2468 1504 2521 τοῦ
1540 2470 1708 2539 νόμου
1742 2470 1915 2538 συκῆς

331 2559 469 2628 πρὸς
507 2559 600 2611 τὸν
631 2558 701 2610 τὰ
742 2557 920 2627 φύλλα
951 2558 1051 2628 τῆς
1082 2560 1315 2630 νομικῆς
1346 2561 1520 2630 συκῆς
1554 2561 1643 2613 διὰ
1675 2560 1776 2633 τὴν
1808 2560 1915 2615 τῶν

331 2654 559 2722 ἀγαθῶν
604 2655 887 2724 ἀκαρπίαν
928 2655 1265 2726 ξηράναντα,
1329 2658 1423 2710 καὶ
1491 2658 1616 2712 ἰδὼν
1666 2661 1911 2729 γνήσιον,

326 2746 417 2798 καὶ
469 2747 537 2797 ού
596 2746 750 2800 νόθον
801 2749 1149 2818 ἰσραηλίτην
1184 2750 1491 2818 ὠνόμασεν.
1539 2750 1759 2821 Ἐπειδὴ
1806 2752 1913 2822 γὰρ

326 2837 679 2908 Ὶσραηλίτης
714 2840 869 2906 νοῦς
904 2840 1061 2908 ὀρῶν
1090 2841 1199 2895 τὸν
1244 2842 1394 2897 Θεὸν
1435 2843 1805 2914 ἑρμηνεύεται
1838 2861 1850 2876 ·
1887 2847 1914 2898 6

323 2932 376 2984 δὲ
411 2932 715 3003 Ναθαναὴλ
750 2935 895 3004 μέγα
948 2935 1156 3003 ἀγαθὸν
1202 2938 1482 3008 ὀνομάσας
1525 2938 1619 2993 τὸν
1649 2940 1911 3008 Χριστὸν,

324 3025 451 3079 Θεὸν
482 3024 648 3078 αὐτὸν
691 3026 1087 3096 ὡμολόγησεν
1118 3028 1297 3093 οὐδεὶς
1338 3030 1449 3101 γὰρ
1492 3031 1702 3098 ἀγαθὸς
1738 3033 1788 3084 εἰ
1836 3034 1912 3105 μὴ

322 3112 397 3180 εἷς
429 3120 455 3171 6
484 3117 621 3180 Θεός
642 3135 656 3151 ’
688 3120 919 3183 εἰκότως
949 3120 1166 3190 ἀληθῶς
1202 3122 1547 3195 ἰσραηλίτης
1571 3124 1909 3193 ὠνόμασται,

2032 999 2158 1055 dine
2206 1002 2585 1057 inseetantium
2610 1006 3011 1062 circumventus
3027 1010 3238 1065 dicebat
3271 1031 3283 1065 :
3310 1032 3329 1064 ι
3359 1012 3612 1083 Domine,

2030 1109 2194 1164 quam
2227 1097 2569 1166 multiplicati
2602 1110 2749 1165 sunt,
2783 1102 2873 1171 qui
2905 1104 3169 1158 tribulant
3200 1121 3285 1160 me
3322 1107 3389 1171 ³⁸,
3412 1126 3431 1158 ι
3484 1109 3627 1164 hanc

2030 1190 2348 1259 particulam
2376 1191 2450 1255 τί,
2484 1209 2663 1263 quam,
2714 1207 2918 1260 ponens
2955 1209 3050 1262 pro
3076 1211 3089 1249 :
3113 1196 3284 1263 Quam
3312 1198 3469 1253 valde
3498 1202 3629 1255 mul-

2030 1283 2252 1352 tiplicati
2277 1293 2404 1339 sunt
2431 1285 2661 1340 inimici!
2684 1295 2739 1341 et
2777 1286 3001 1355 pulcher
3027 1286 3302 1343 fratruelis
3322 1290 3374 1344 in
3403 1295 3624 1349 cantico

2026 1388 2194 1433 casta:
2263 1394 2480 1449 sponsae
2540 1378 3001 1447 pulchritudinem
3079 1381 3386 1437 admiratus
3467 1384 3544 1437 ait
3605 1403 3622 1442 :

2031 1488 2051 1522 ι
2087 1469 2257 1536 Quam
2292 1471 2514 1540 pulchra
2542 1470 2679 1525 facta
2721 1480 2848 1526 sunt
2883 1472 3051 1527 ubera
3090 1485 3201 1533 tua,
3234 1476 3555 1541 sponsas"!
3597 1494 3617 1529 ι

2022 1573 2120 1617 et:
2163 1581 2182 1614 ι
2210 1563 2381 1631 Quam
2428 1564 2689 1632 speciosae
2734 1563 2891 1618 factm
2944 1573 3071 1618 sunt
3122 1579 3275 1634 genae
3324 1575 3428 1621 tua:
3470 1568 3556 1622 "l
3600 1588 3619 1621 ι

2021 1666 2076 1710 et
2123 1655 2189 1710 de
2238 1655 2409 1723 prima
2470 1656 2816 1723 ingressione
2867 1656 3127 1709 virtutum
3187 1657 3436 1711 Salvator
3521 1675 3622 1728 per

2023 1745 2439 1800 admirationem
2499 1745 2577 1799 ait
2626 1762 2642 1799 :
2710 1766 2728 1796 c
2763 1745 2934 1811 Quam
2991 1756 3218 1815 angusta
3279 1761 3457 1815 porta,
3500 1766 3622 1819 qua:

2023 1833 2175 1889 ducit
2204 1837 2269 1888 ad
2303 1836 2469 1889 vitam
2505 1835 2589 1888 ³⁸1
2627 1853 2645 1887 ι
2694 1833 2830 1887 Nam
2875 1834 2920 1888 si
2969 1834 3268 1888 dubitando
3316 1834 3624 1889 Nuthanael

2025 1928 2135 1981 lucc
2169 1928 2434 1989 dixisset,
2489 1928 2631 1997 quod
2688 1927 2945 1980 nimirum
3004 1941 3033 1977 a
3092 1924 3365 1981 Nazarth
3421 1926 3623 1995 aliquid

2021 2019 2144 2072 boni
2179 2036 2285 2075 non
2332 2031 2512 2090 posset
2540 2021 2831 2085 exsistere,
2896 2018 3062 2073 falsus
3125 2017 3317 2072 fuisset
3352 2016 3619 2080 Israelita,

2019 2119 2073 2164 et
2099 2110 2342 2175 dolosus,
2390 2125 2567 2179 neque
2596 2109 2759 2164 talem
2796 2111 2864 2163 ab
2912 2123 3007 2163 ore
3045 2108 3294 2162 veritatis
3350 2107 3621 2161 retulisset

2020 2203 2277 2257 laudem:
2320 2220 2340 2254 ι
2379 2202 2545 2267 Vidit,
2577 2202 2745 2267 enim,
2795 2203 2993 2270 inquit,
3036 2199 3198 2255 Jesus
3231 2200 3620 2256 Nathanaelcm

2022 2295 2336 2350 venientem
2376 2295 2442 2349 ad
2490 2310 2570 2361 se,
2612 2303 2666 2350 et
2699 2296 2774 2349 ait
2828 2296 2897 2349 de
2929 2295 3063 2350 illo:
3103 2294 3246 2351 Ecce
3277 2311 3408 2351 vere
3443 2295 3621 2351 Israe-

2020 2389 2139 2452 lita,
2189 2388 2239 2442 in
2292 2402 2401 2456 quo
2450 2388 2611 2443 dolus
2670 2404 2775 2443 non
2827 2397 2930 2442 est.
2969 2408 2988 2440 ι
3042 2388 3191 2443 Vidit
3277 2389 3456 2456 ipsum
3527 2404 3622 2443 ve-

2019 2480 2254 2533 nientem
2301 2482 2369 2533 ab
2429 2482 2617 2533 unbra
2672 2480 2738 2533 ad
2766 2461 3072 2542 veritatem,
3109 2495 3137 2532 a
3177 2479 3279 2532 ﬁcu
3316 2478 3448 2548 legis
3481 2478 3617 2549 (77)v

2019 2571 2087 2626 ad
2138 2586 2285 2634 eum,
2319 2571 2411 2639 qui
2468 2571 2667 2640 legalis
2705 2571 2948 2626 ficulnea:
2995 2569 3148 2636 folia,
3204 2574 3349 2641 quod
3405 2573 3620 2627 fructus

2020 2680 2125 2718 non
2172 2665 2480 2718 attulissent
2512 2664 2779 2717 bonorum
2809 2679 3067 2732 operum,
3103 2663 3367 2728 arefecit;
3399 2672 3457 2717 et
3491 2679 3616 2717 cum

2018 2758 2226 2821 videns,
2247 2772 2583 2827 germanum,
2618 2772 2715 2811 nec
2743 2757 3107 2810 adulterinum
3131 2756 3427 2825 appellavit
3448 2757 3619 2811 Israe-

2019 2849 2193 2904 litam.
2230 2848 2498 2915 Quoniam
2533 2847 2680 2921 enim
2731 2847 2980 2902 Israelita
3020 2864 3165 2900 mens
3222 2847 3384 2900 Deum
3437 2848 3617 2900 videns

2018 2943 2133 3015 (78)
2197 2942 2735 3013 interpretatnrﬁet
2820 2939 3115 2995 Nathanael
3188 2940 3347 2994 valde
3418 2939 3615 2993 bonum

2017 3032 2300 3088 Christum
2345 3045 2551 3087 vocans
2575 3027 2743 3083 Deum
2780 3029 2957 3097 ipsum
3000 3029 3285 3084 confessus
3315 3037 3400 3082 est
3435 3030 3617 3100 (nemo

2017 3129 2218 3198 quippe
2234 3129 2429 3191 bonus,
2462 3127 2566 3182 nisi
2592 3126 2740 3181 solus
2760 3125 2899 3179 Deus
2917 3126 2986 3192 ’9)
3013 3142 3028 3190 ;
3064 3123 3230 3195 339
3262 3125 3458 3177 merito
3488 3139 3618 3177 vero

322 3208 392 3271 ὡς
416 3209 499 3279 μὴ
533 3210 674 3279 ἔχων
713 3210 863 3264 δόλον
895 3211 1040 3276 τινὰ,
1084 3212 1178 3264 καὶ
1210 3213 1527 3282 ὑπόκρισιν.
1570 3211 1660 3275 Ὠς
1690 3215 1790 3284 μὲν
1815 3215 1908 3269 οὖν

2021 3218 2265 3276 Israelita
2304 3219 2484 3274 dictus
2526 3226 2629 3282 est,
2670 3226 2727 3270 ut
2773 3218 2865 3288 qui
2922 3216 3128 3270 nullum
3165 3215 3616 3278 dolum,,nullam

333 3303 684 3375 Ίσραηλίτης
742 3305 961 3373 ἐπέγνω
1016 3306 1109 3360 τὸν
1144 3305 1300 3371 Θεὸν,
1360 3307 1437 3369 ὡς
1498 3308 1555 3362 δὲ
1609 3309 1912 3381 Ναθαναὴλ

319 3396 495 3466 δῶρον
523 3397 809 3466 προσήχθη
836 3398 1011 3467 αύτῷ,
1068 3398 1437 3470 ἑρμηνεύεται
1469 3400 1579 3470 γὰρ
1606 3400 1909 3473 Ναθαναὴλ

319 3487 471 3558 δόμα
511 3489 683 3544 Θεοῦ.
716 3490 910 3561 Ἀθρει
941 3491 999 3544 δὲ
1036 3493 1131 3544 καὶ
1164 3493 1258 3546 τοῦ
1291 3494 1591 3565 Ναθαναὴλ
1626 3496 1685 3548 16
1714 3494 1907 3548 σταθε-

325 3581 433 3649 ρὸν,
482 3584 587 3634 καὶ
635 3582 978 3639 ἀθώπευτον.
1029 3587 1373 3651 Ἐπαινεθεὶς
1407 3590 1518 3662 γὰρ
1578 3590 1685 3643 οὐδ’
1728 3591 1909 3645 ὁτιοῦν

323 3673 695 3745 ἐκεχαύνωτο,
727 3675 861 3729 ἀλλὰ
907 3695 924 3728 ι
967 3676 1137 3731 Πόθεν
1173 3697 1239 3748 με
1285 3679 1619 3751 γινώσκεις;
1652 3702 1669 3734 ι
1713 3683 1907 3752 εἰπὼν,

323 3768 686 3834 φιλοπευστεῖ
715 3786 880 3823 τινων
910 3771 1246 3843 ἀπορρήτων
1286 3775 1502 3844 μαθεῖν.
1549 3777 1661 3831 Καὶ
1694 3777 1756 3830 τὸ
1799 3795 1910 3847 ση-

323 3864 475 3931 μεῖον
511 3865 663 3932 παρὰ
691 3864 860 3928 πόδας
889 3866 1076 3930 εὐθύς.

391 4154 410 4187 ι
450 4133 576 4204 Πρὸ
627 4133 722 4187 τοῦ
775 4152 835 4188 σε
885 4135 1157 4190 Φίλιππον
1215 4139 1471 4210 φωνῆσαι
1500 4140 1636 4195 ὄντα
1676 4143 1780 4196 ὑπὸ
1809 4145 1913 4215 τὴν

318 4230 497 4299 συκῆν
531 4224 677 4281 εἶδόν
709 4245 792 4280 σε.
823 4246 841 4279 ι
872 4224 983 4283 Ἦν
1020 4229 1121 4300 μὲν
1153 4230 1262 4300 γὰρ
1303 4233 1399 4285 καὶ
1430 4233 1535 4288 ὑπὸ
1574 4235 1750 4307 συκῆν
1784 4239 1912 4307 ἑφε-

319 4321 575 4392 ζόμενος,
625 4321 713 4374 ὅτε
776 4321 916 4392 πρὶς
958 4321 1055 4374 τοῦ
1112 4322 1388 4377 Φιλίππου
1428 4327 1560 4396 περὶ
1600 4326 1709 4393 106
1731 4329 1908 4398 Ἰησοῦ

319 4413 860 4483 ὲμεμυσταγὼγητο.
889 4414 1037 4480 Πλὴν
1058 4415 1140 4467 ὅτι
1162 4417 1257 4468 καὶ
1280 4418 1380 4488 τὴν
1407 4417 1502 4471 106
1537 4420 1703 4489 νόμου
1731 4420 1909 4490 συκῆν

319 4508 405 4560 διὰ
435 4508 648 4561 τούτων
672 4508 939 4579 ᾐνίττετο,
972 4502 1037 4578 ἦς
1070 4510 1103 4578 ἡ
1139 4510 1268 4563 σκιὰ
1300 4511 1437 4580 πρὸς
1464 4512 1563 4583 τὴν
1605 4514 1906 4584 μετουσίαν

2012 3312 2416 3368 simulationem
2435 3309 2869 3379 haberet.lgitur
2894 3319 2951 3363 ut
2972 3308 3215 3364 Israelita
3243 3309 3412 3363 Deum
3441 3324 3616 3377 agno-

2013 3406 2132 3469 vit;
2181 3412 2240 3458 ut
2273 3417 2405 3458 vero
2442 3400 2747 3456 Nathanael
2798 3402 2953 3471 quasi
2989 3404 3189 3456 donum
3236 3403 3335 3471 ipsi
3400 3402 3619 3459 oblatus

2013 3508 2119 3553 cst.
2137 3495 2443 3551 Nathanael
2463 3495 2665 3565 quippe
2686 3495 2782 3550 Dei
2803 3496 3001 3549 donum
3020 3496 3132 3563 ('79)
3163 3495 3455 3560 signiﬁcat.
3472 3496 3619 3549 Cun-

2012 3590 2197 3645 sidera
2264 3601 2428 3656 porro
2483 3586 2708 3640 solidam
2790 3596 2845 3640 et
2923 3586 3213 3655 ingenuam
3263 3584 3616 3639 Nathanaelis

2015 3689 2273 3734 mentem.
2308 3677 2585 3733 Laudibus
2615 3678 2789 3742 enim,
2830 3693 2898 3730 ne
2938 3677 3341 3745 aliquantulum
3393 3677 3615 3746 quidem

2014 3772 2232 3828 inﬂatus
2262 3771 2478 3835 est,sed
2524 3770 2751 3825 dicens;
2808 3790 2827 3821 ι
2864 3769 3016 3826 Unde
3062 3786 3150 3825 me
3199 3771 3389 3824 nosti?
3422 3788 3440 3823 ι
3501 3782 3618 3825 stu-

2013 3866 2226 3920 diosum
2256 3877 2318 3917 se
2364 3876 2622 3917 arcanum
2657 3860 2862 3930 aliquid
2918 3861 3169 3916 discendi
3216 3862 3425 3930 praebet
3458 3872 3512 3916 et
3535 3865 3612 3918 si-

2013 3972 2179 4026 gnum
2210 3957 2426 4026 quidem
2452 3955 2505 4010 in
2537 3958 2787 4025 promptu
2822 3963 2929 4009 est.

2089 4153 2109 4186 ι
2150 4134 2455 4203 Antequam
2484 4132 2768 4200 Philippus
2822 4141 3044 4185 vocaret
3083 4142 3155 4197 te,
3180 4148 3302 4187 cum
3336 4148 3488 4189 esses
3516 4136 3616 4190 sub

2015 4227 2138 4293 ilcn,
2180 4227 2302 4281 novi
2355 4233 2429 4280 te.
2492 4244 2513 4277 ι
2546 4225 2875 4280 Considebat
2922 4239 3052 4279 sane
3101 4225 3202 4279 sub
3256 4227 3357 4279 ticu
3411 4240 3531 4279 cum
3583 4242 3614 4280 a

2012 4300 2261 4389 Philippo
2307 4319 2372 4372 de
2397 4316 2526 4372 Jesu
2565 4318 2874 4373 doceretur.
2935 4317 3322 4371 Verumtamen
3379 4334 3472 4385 per
3501 4318 3614 4371 haec

2014 4415 2178 4467 etiam
2212 4412 2377 4467 verba
2412 4410 2571 4465 ficum
2624 4410 2759 4471 legis
2810 4412 3179 4472 adumbravit,
3225 4411 3382 4478 cujus
3414 4411 3605 4463 umbra

2016 4505 2152 4559 lucis
2180 4503 2516 4558 consortium
2554 4502 2897 4570 prohibebat.
2944 4501 3097 4554 Sicut
3132 4503 3277 4555 enim
3321 4502 3405 4554 ﬁci
3439 4502 3612 4568 Stipes

315 4600 410 4652 106
449 4600 633 4670 φωτὸς
657 4572 973 4653 διεκώλυεν.
995 4572 1220 4671 ’Ὥσπερ
1243 4572 1354 4673 γὰρ
1378 4572 1477 4667 τῆς
1512 4572 1685 4675 συκῆς
1720 4605 1781 4659 16
1807 4606 1905 4675 μὲν

2021 4599 2231 4669 quidem
2257 4605 2338 4651 est
2368 4605 2579 4665 gustatu
2604 4609 2843 4657 amarus,
2876 4592 3001 4647 folia
3034 4608 3160 4646 vero
3220 4606 3409 4660 aspera
3441 4599 3607 4653 tactu,

319 4693 577 4763 στέλεχος
603 4694 716 4745 ἐστὶ
744 4695 809 4763 τῇ
838 4692 1024 4761 γεύσει
1059 4694 1277 4764 πικρὸν,
1310 4694 1375 4747 τὰ
1410 4696 1467 4748 δὲ
1495 4696 1669 4764 φύλλα
1702 4699 1909 4769 τραχέα

317 4788 382 4853 τῆ
422 4787 638 4855 ἐπαφῇ,
664 4786 757 4851 ὅγε
794 4785 899 4856 μὴν
932 4785 991 4851 ἐξ
1018 4787 1236 4858 ἐκείνης
1262 4790 1475 4859 καρπὸς
1496 4789 1641 4859 μάλα
1672 4790 1905 4857 γλυκὺς,

319 4874 463 4929 οὕτω
494 4876 591 4930 106
626 4878 795 4949 νόμου
829 4880 1027 4949 πικραὶ
1059 4881 1159 4951 μὲν
1185 4881 1241 4933 αἱ
1273 4878 1575 4951 τιμωρίαι,
1609 4880 1821 4951 τραχέα
1852 4880 1910 4933 δὲ

2016 4692 2111 4748 sed
2137 4692 2228 4761 qui
2259 4705 2323 4744 ex
2351 4689 2458 4743 illis
2488 4687 2696 4742 fructus
2723 4686 2943 4740 exsistit
2980 4685 3269 4737 admodum
3294 4684 3488 4747 dulcis,
3524 4683 3605 4737 sic

2017 4783 2179 4837 etiam
2240 4781 2375 4851 legis
2431 4780 2643 4835 acerbae
2694 4777 2912 4846 quidem
2970 4791 3180 4845 poena,
3238 4789 3428 4843 aspera
3477 4790 3609 4829 vero

2020 4876 2270 4930 mandata
2315 4888 2541 4942 qumque
2597 4869 2886 4925 diﬂiculter
2940 4870 3147 4923 servari
3196 4878 3459 4938 possent,
3515 4870 3610 4924 sed

393 5059 440 5091 ³⁵
470 5057 617 5115 Psal.
662 5074 746 5124 nt,
788 5060 845 5115 2.
924 5060 970 5093 ³⁸
1009 5060 1176 5116 Cant.
1208 5077 1282 5117 tv.
1317 5059 1404 5116 lO.
1482 5059 1523 5090 ³⁹
1558 5058 1719 5112 Cant.
1751 5075 1790 5119 ι,
1829 5057 1913 5111 l0.

2021 5057 2039 5089 ³
2065 5054 2256 5109 Matth.
2286 5068 2386 5118 vn,
2428 5052 2516 5106 l4.
2593 5051 2638 5083 ”
2669 5049 2857 5104 Matth.
2891 5064 2945 5115 x,
2986 5047 3071 5102 18‘

1570 5171 1898 5235 Francisci
1934 5167 2148 5233 Scorsi
2193 5174 2382 5227 nota).

318 5279 434 5353 ᾆδδς
491 5281 526 5353 ἠ
575 5281 862 5351 ἐπάγουσα
913 5284 993 5347 εἰς
1055 5284 1156 5353 τὴν
1213 5283 1382 5353 ζωήν.
1431 5281 1533 5336 Alii
1597 5279 1766 5353 codd.
1808 5278 1907 5353 ha—

322 5351 472 5422 bent,
503 5352 604 5414 ὅτι,
639 5350 759 5422 qua:
802 5354 981 5407 itidem
1017 5350 1405 5420 est'partic’ula
1452 5350 1766 5422 intendendi
1796 5350 1901 5403 vim

317 5421 566 5475 eatndem
618 5420 844 5478 habens.
879 5424 937 5477 Et
990 5425 1205 5492 quidem
1265 5424 1315 5476 in
1369 5424 1558 5479 Grmco
1611 5420 1757 5492 nulla
1819 5431 1905 5475 est

321 5492 572 5563 apposita
636 5490 1027 5563 interrogatio,
1086 5505 1146 5547 ut
1221 5510 1324 5547 non
1397 5495 1589 5548 mirum
1651 5490 1901 5563 videatur

2086 5271 2200 5342 (77)
2235 5271 2284 5342 ,Α
2328 5269 2433 5342 ﬁcu
2470 5266 2623 5342 legis.
2678 5265 2826 5320 Idem
2857 5274 3089 5342 sant-tus
3116 5262 3457 5342 _Gregori_us,
3510 5263 3604 5342 lib.

2014 5335 2147 5397 xvitl
2183 5335 2383 5395 'Mural.
2414 5357 2433 5394 :
2457 5335 2587 5391 Cu'm
2618 5354 2754 5390 esses
2784 5337 2876 5390 sub
2911 5336 3039 5404 ficu,
3071 5335 3125 5388 id
3153 5346 3251 5397 est,
3285 5335 3380 5387 sub
3419 5336 3605 5385 umbra

2011 5414 2160 5482 legis.
2196 5413 2303 5465 vidi
2333 5422 2401 5470 te,
2425 5420 2478 5482 ut
2510 5407 2962 5482 transferrent_ad
2990 5408 3148 5460 vitam
3178 5405 3277 5458 mei
3307 5404 3602 5482 (cvangelij.

2084 5482 2199 5553 (78)
2244 5482 2393 5535 Mens
2430 5479 2827 5553 Deunrvidens.
2859 5476 2983 5553 Tria
3030 5486 3156 5529 sunt
3189 5474 3423 5553 nomina.
3460 5473 3603 5553 unde

321 5542 1553 5635 ίιιεὶηιρει-ι-ιιὲίιιξιίίζδὲὄἱμέαῆίετὲὶξᾶτιιὲῇ“ἠιὲ
1576 5542 1896 5617 hoc—Graeco
2004 5542 2219 5635 Israeli's
2251 5567 2443 5623 nomen
2477 5550 2738 5635 originem
2777 5551 2963 5635 trahit
2998 5564 3011 5599 :
3044 5558 3162 5604 :‘tN‘t
3203 5546 3296 5635 vir.
3320 5552 3422 5635 ,ωδε
3474 5542 3603 5595 ridi!

319 5634 459 5703 sumi
501 5648 515 5684 :
542 5633 669 5703 Ah:ec
696 5633 925 5689 fortaSse
963 5633 1127 5690 νίψει-ἰ
1160 5640 1327 5703 possit
1376 5633 1631 5690 minutior
1664 5636 1893 5701 diligen-

326 5701 420 5761 tia,
456 5701 551 5780 sed
585 5719 647 5757 co
677 5704 765 5757 illa
801 5721 828 5757 a
864 5722 946 5760 me
980 5701 1240 5780 adhibita,
1269 5723 1334 5761 ne
1364 5709 1471 5769 cui,
1506 5710 1593 5774 qui
1620 5706 1717 5760 hos
1749 5707 1900 5761 locos

323 5784 431 5851 '1‘"!
466 5778 539 5851 εξί
566 5786 957 5851 βενεφτυμιξιλιε,
990 5778 1122 5851 inira
1151 5788 1206 5832 et
1266 5780 1503 5834 absurda
1533 5780 1802 5851 videatur,
1839 5791 1894 5831 ut

320 5841 457 5903 dixi,
493 5842 602 5919 lucc
636 5847 802 5898 nostri
835 5845 1179 5917 Theophanis
1208 5849 1581 5919 interpretatio
1606 5869 1617 5917 ;
1641 5841 1894 5907 cauerunt

323 5910 600 5980 sequenda
633 5910 995 5974 communior.

2004 5647 2059 5691 et
2109 5619 2184 5696 ΒΝ
2225 5622 2519 5700 Deus,qmc
2554 5632 2712 5685 simul
2745 5629 3074 5699 signiﬁcant,
3111 5627 3253 5700 quod
3283 5626 3352 5676 ait
3390 5637 3598 5700 noster,

2007 5709 2087 5761 vir
2114 5706 2292 5759 videns
2329 5696 2491 5758 Deum
2539 5718 2557 5757 :
2605 5703 2747 5771 quod
2800 5696 3000 5756 nomen
3040 5698 3348 5766 impOsitum
3422 5696 3497 5748 illi
3556 5712 3585 5749 a

2008 5779 2117 5832 Deo
2154 5776 2414 5839 Gen.cap,
2472 5789 2605 5827 χχιι.

2081 5846 2191 5915 (79)
2238 5837 2544 5899 Na'lianael
2576 5844 2762 5910 quippe
2799 5840 2892 5895 Dei
2922 5840 3139 5893 donum.
3175 5841 3221 5893 Δ
3254 5837 3467 5895 duobus
3497 5852 3593 5894 no.

2008 5931 2237 5987 minibus
2262 5941 2371 6000 nn;
2403 5930 2542 5984 dedit
2577 5939 2631 5985 et
2652 5929 2723 5988 ἢκ
2756 5926 2894 5981 Deus
