4070 6406
397 398 501 463 891

1619 408 2126 473 THEOPHANIS
2164 412 2510 481 CERAMEI

3575 417 3685 482 892

398 520 492 589 qni
533 532 597 574 ex
626 531 922 589 synagoga,
947 530 1009 595 ac
1043 516 1160 588 lege
1202 525 1429 574 exortus
1465 528 1551 576 est
1598 520 1830 588 fructus,
1873 523 1987 590 ille,

2114 528 2158 581 τὰ
2197 537 2650 606 παρατηρήματα
2672 576 2688 601 ,
2737 538 2835 591 καὶ
2883 535 3240 603 δυσφύλακτοι
3271 552 3284 565 ο
3319 536 3348 588 ό
3394 533 3457 587 δὲ
3489 535 3554 587 ἐκ
3583 531 3685 604 τῆς

400 614 653 676 inquam,
682 624 750 666 ex
784 609 968 666 radice
1020 607 1193 675 Jesse,
1231 610 1513 679 speciosus
1555 621 1640 667 est
1666 611 1843 668 forma
1890 630 2000 685 prae

417 703 543 758 tiliis
596 701 900 765 hominum,
928 709 984 755 et
1015 700 1189 757 dulcis
1212 716 1378 771 super
1428 702 1535 757 mel
1591 712 1649 759 et
1696 703 1878 762 favum
1925 715 1999 762 ιο.

410 792 609 846 Verum
640 792 859 862 quidam
888 802 998 846 tam
1025 793 1368 861 impudentes
1399 802 1550 857 sunt,
1606 803 1666 848 ut
1700 795 1785 850 bis
1824 796 2002 851 verbis

403 884 700 939 fabulosam
745 883 1037 952 quamdam
1087 885 1455 937 narrationem
1509 881 1790 953 al'lingant.
1836 884 2005 949 Aiunt

402 978 547 1031 enim
583 975 998 1041 Natbanaelem,
1030 990 1156 1031 cum
1192 976 1372 1031 adhuc
1418 976 1713 1031 obvolutus
1757 976 2003 1032 fascibus

401 1083 433 1121 e
462 1066 653 1120 matris
677 1082 916 1122 mamma
942 1066 1229 1136 penderet,
1266 1066 1370 1122 sub
1413 1066 1651 1137 quadam
1688 1067 1820 1134 ﬁcu,
1845 1082 1875 1122 a
1911 1080 2005 1136 pa"

402 1159 650 1216 rentibus
682 1160 1040 1224 occultatum,
1062 1169 1118 1215 et
1147 1159 1295 1216 foliis
1316 1160 1434 1230 ejus
1459 1160 1676 1228 stipatis
1697 1160 2001 1244 obtectum,

412 1268 517 1321 qua
554 1253 770 1308 scilicet
799 1262 1125 1321 tempestate
1154 1252 1371 1324 tyranni
1405 1251 1631 1320 imperio
1654 1252 1808 1321 quasi
1837 1252 2002 1307 herba

407 1344 821 1401 demelebanlur
852 1345 1089 1400 infantes
1114 1360 1130 1409 ;
1160 1353 1321 1414 atque
1353 1344 1427 1398 ita
1476 1345 1718 1399 evasisse
1748 1356 1999 1400 mortem.

406 1437 590 1504 Atque
616 1437 745 1502 hoc,
787 1438 1064 1507 inquiunt,
1122 1436 1367 1492 indicant
1421 1436 1508 1490 illa
1536 1437 1722 1501 verba,
1759 1434 1872 1492 Sub
1902 1437 2002 1492 lict!

408 1528 536 1581 novi
571 1538 642 1583 te.
681 1528 819 1583 Sunt
861 1539 1039 1583 autem
1080 1529 1198 1584 haec
1232 1527 1562 1596 perridicula
1616 1527 2000 1592 deliramenta,

408 1628 466 1673 et
489 1620 801 1688 putidaru‘m
834 1621 1173 1676 anicularum
1222 1618 1431 1674 fabella:
1465 1619 1732 1675 conﬁcta}.
1764 1618 2005 1675 Herodes

408 1712 552 1766 enim
597 1728 819 1783 pueros,
854 1714 945 1783 qui
983 1715 1036 1769 in
1103 1713 1380 1769 Bethleem
1422 1713 1645 1776 ﬁnibus,
1680 1729 1786 1769 non
1816 1713 1907 1781 qui
1941 1716 1996 1768 in

407 1802 622 1859 Galilaea
655 1814 860 1869 essent,
903 1804 1068 1876 jussit
1095 1806 1293 1861 occidi.
1356 1806 1555 1861 Verum
1588 1805 1677 1861 bis
1711 1805 1787 1860 uti
1836 1806 2004 1860 inuti-

408 1891 551 1946 libus
575 1892 743 1948 ramis
767 1893 948 1948 arbori
979 1893 1224 1947 veritatis
1244 1893 1463 1948 adnatis
1489 1894 1678 1947 critica
1734 1895 2000 1949 sermonis
2034 1878 2074 1931 Β

407 1982 547 2038 talce
589 1986 886 2055 amputatis
926 2024 943 2052 ,
1000 1985 1355 2042 Nathanaelis
1408 1985 1735 2054 theologiam
1804 1988 2000 2044 audia-

407 2087 531 2127 mus
567 2090 582 2127 ζ

487 2257 713 2323 ιῐὶτιιὼί,
750 2269 803 2314 tu
838 2276 899 2317 es
922 2260 1089 2317 Filius
1112 2263 1355 2328 Dei,Rex
1384 2257 1567 2317 Israel.
1594 2285 1612 2319 ι
1651 2268 1694 2321 0
1724 2267 2003 2324 εωιεειοιη

414 2347 753 2416 Splentlorem
793 2351 885 2420 qui
924 2361 1168 2406 sanctam
1207 2355 1354 2411 illius
1387 2371 1627 2415 mentem
1668 2361 1961 2417 illustravit
1987 2376 2008 2428 ;.

412 2456 473 2501 ut
532 2443 858 2513 profundius
909 2442 1159 2512 aliquid,
1225 2456 1279 2501 et
1344 2446 1653 2506 Israelitica
1723 2453 2008 2509 nobilitate

412 2539 625 2608 dignius
670 2537 1021 2607 intelligeret,
1058 2554 1222 2606 quam
1251 2544 1397 2611 quod
1440 2541 1722 2616 Philippus
1757 2546 2006 2603 testimo-

413 2634 505 2689 nio
535 2647 634 2686 suo
671 2632 1001 2700 prodiderat.
1063 2633 1166 2691 Hic
1212 2637 1360 2690 enim
1416 2635 1611 2692 Filium
1659 2654 1780 2692 eum
1807 2636 2006 2708 Joseph

416 2723 733 2792 appellavit,
770 2723 864 2779 ille
912 2740 1045 2781 vero
1070 2741 1192 2780 eum
1222 2742 1478 2792 maguum
1507 2730 1775 2795 quoddam
1806 2731 2006 2785 bonum

415 2816 593 2880 primo
638 2824 909 2881 vocasset,
961 2832 1105 2871 nunc
1150 2820 1461 2886 expressius
1511 2821 1769 2886 praedicat
1813 2819 2006 2877 Filium

415 2906 531 2973 Dei,
564 2915 621 2962 et
673 2907 840 2963 Israel
886 2906 1115 2978 Regem,
1168 2894 1441 2979 duplicem
1481 2913 1535 2967 in
1582 2912 1803 2968 Christo
1849 2927 2009 2969 natu-

416 3013 533 3052 ram
562 3002 877 3055 ostendens.
907 3001 1010 3069 Qui
1036 3001 1179 3056 enim
1229 3014 1348 3058 erat
1398 3016 1588 3059 natura
1617 3005 1786 3077 3m
1836 3004 2009 3061 Filius

416 3088 533 3152 Dei,
566 3091 814 3157 accipere
843 3105 1075 3162 regnum
1103 3108 1133 3145 a
1165 3091 1329 3147 Patre
1353 3095 1695 3163 perhibetur,
1730 3106 1786 3150 ut
1822 3096 2007 3151 homo.

417 3180 490 3234 ita
522 3181 589 3234 ad
624 3180 901 3247 Virginem
930 3184 1146 3240 dicente
1174 3184 1484 3242 Gabriele‘:
1523 3205 1542 3241 ι
1575 3187 1732 3242 Dabit
1781 3187 1855 3240 illi
1901 3187 2008 3241 Do-

424 3270 608 3324 minus
646 3267 787 3325 Deus
817 3271 1001 3327 sedem
1035 3273 1205 3328 David
1239 3276 1412 3343 patris
1440 3276 1560 3347 ejus
1592 3277 1659 3331 “.
1698 3297 1717 3329 ι
1766 3274 1868 3332 Ubi
1912 3278 2010 3347 ixi--

420 3367 510 3413 tur
541 3358 806 3417 Dominus
837 3377 960 3417 eum
993 3363 1061 3419 de
1089 3365 1199 3420 Deo
1219 3366 1618 3436 italoquentem
1644 3371 1796 3439 vidit,
1817 3372 1885 3427 ad
1927 3369 2010 3426 al-

422 3451 557 3504 liora|
592 3452 940 3521 intelligenda
969 3459 1216 3514 oratione
1239 3461 1577 3518 manuducit.

512 3560 531 3593 ι
564 3540 699 3609 Quia
727 3543 839 3598 dixi
873 3545 991 3611 tibi,
1027 3544 1142 3602 Vidi
1170 3557 1222 3606 te
1254 3550 1356 3606 sub
1412 3551 1539 3615 lien.
1582 3555 1789 3623 credis;
1837 3557 2012 3628 majus

420 3629 508 3685 his
549 3631 795 3702 videbis;
829 3654 848 3689 ι
891 3627 1087 3704 quibus
1114 3640 1294 3697 verbis
1325 3641 1770 3702 Resurreetionis
1797 3627 2015 3720 specta—

422 3733 596 3780 torem
655 3726 806 3783 illttm
861 3728 1100 3785 futurum
1152 3734 1440 3800 promittit.
1498 3736 1713 3795 Sciebat
1783 3743 2008 3812 quippe,

420 3817 655 3881 sciebat,
699 3820 789 3890 qui
845 3821 1027 3877 futura
1081 3833 1338 3895 tanquam
1386 3831 1675 3897 praesentia
1728 3834 2010 3902 perspicit,

421 3905 812 3964 Nathanaelem
852 3922 971 3979 post
1005 3915 1301 3972 salutarem
1333 3920 1505 3987 ipsius
1536 3922 2014 3981 Resurrectionem

424 4013 527 4052 una
555 4016 677 4054 cum
706 4002 989 4073 discipulis
1023 4006 1408 4063 interfuturum
1441 4012 1493 4065 in
1522 4013 1658 4068 mari
1688 4011 2013 4082 Tiberiadis,

423 4099 482 4142 et
515 4096 771 4162 mysteria
810 4095 884 4152 ibi
926 4101 1233 4166 peragenda
1274 4116 1599 4170 prunarum,
1638 4106 1795 4174 panis
1853 4119 2019 4178 atque

422 4180 688 4249 pulmenti
730 4184 969 4239 visurum
1009 4185 1119 4254 ιη’,
1152 4201 1208 4244 et
1239 4191 1306 4244 de
1327 4191 1647 4261 signiﬁcatis
1678 4208 1772 4263 per
1801 4193 1891 4250 illa
1935 4196 2019 4252 in-

424 4279 693 4328 structum
716 4276 804 4330 iri.
835 4275 964 4332 Ideo
995 4278 1072 4332 ait
1102 4296 1118 4334 :
1161 4298 1181 4333 ι
1214 4279 1392 4351 Majus
1418 4284 1504 4339 his
1534 4285 1769 4343 videbis.
1803 4304 1823 4338 ι
1872 4285 2020 4342 Pras-

426 4362 570 4416 dicta
589 4364 755 4435 igitur
776 4381 874 4434 per
899 4366 1014 4423 haec
1034 4369 1199 4425 verba
1229 4370 1654 4428 Resurrectione
1674 4386 1740 4428 ex
1768 4374 2017 4439 mortuis,

427 4453 672 4526 adjungit
699 4457 863 4512 etiam
894 4460 1097 4515 sensim
1128 4464 1517 4518 Ascensionem
1546 4462 1600 4518 in
1635 4462 1836 4519 celum
1866 4464 2016 4535 (80):

2104 628 2457 698 συναγωγῆς,
2481 630 2576 683 καὶ
2606 630 2702 683 τοῦ
2735 630 2904 700 νόμου
2939 628 3250 701 βλαστήσας
3280 626 3494 698 καρπὸς
3522 627 3552 680 δ
3581 628 3687 698 τῆς

2106 714 2265 788 ῥίζης
2303 721 2528 786 Ἰεσσαὶ,
2561 721 2767 794 ὡραῖος
2799 723 2987 777 κάλλει
3026 723 3183 792 παρά
3218 723 3344 785 τοὺς
3387 721 3544 783 υἱοὺς
3576 736 3687 773 των

2104 814 2431 885 ἀνθρώπων,
2462 815 2559 870 καὶ
2616 817 2823 881 γλυκὺς
2854 816 2996 887 ὑπὲρ
3031 815 3151 886 μέλι
3183 814 3277 867 καὶ
3299 813 3517 883 κηρίον.
3542 811 3689 866 Ἀλλ’

2107 907 2206 978 ἥδη
2244 907 2390 970 τινὲς
2425 909 2685 962 τοσοῦτον
2720 908 3170 981 ἀπηρυθρίασαν,
3216 905 3291 969 ὡς
3332 908 3393 959 ὲν
3430 904 3508 976 τῷ
3536 905 3690 976 ρητῷ

2104 1000 2284 1071 τούτῳ
2323 1000 2571 1070 μυθῶδες
2596 1002 2911 1057 ἀναπλάσαι
2947 1003 3215 1074 διήγημα.
3253 1000 3391 1054 Φασὶ
3446 1000 3557 1070 γάρ
3594 1000 3690 1053 τὸν

2104 1092 2403 1164 Ναθαναὴλ
2427 1095 2919 1167 σπαργανούμενον
2942 1095 3042 1159 ἔτι,
3076 1097 3172 1150 καὶ
3189 1097 3256 1167 τῇ
3287 1094 3519 1169 μητρῷα
3543 1092 3685 1165 θηλῇ

2107 1186 2524 1257 προσανέχοντα
2576 1190 2732 1260 παρά
2784 1187 2896 1242 τῶν
2934 1189 3212 1242 τεκόντων
3259 1188 3367 1242 ὑπό
3413 1203 3539 1241 τινα
3592 1203 3692 1240 κε-

2107 1280 2352 1351 κρύφθαι
2384 1283 2578 1353 συκῆν,
2613 1285 2680 1355 τῇ
2717 1284 2827 1337 τῶν
2859 1283 3078 1354 φύλλων
3109 1279 3458 1351 καλυφθέντα
3490 1277 3693 1332 πυκνό-

2106 1390 2254 1441 τητι,
2298 1376 2387 1428 ὅτε
2440 1377 2552 1430 τῶν
2604 1377 2823 1444 νηπίων
2872 1377 2973 1447 τὴν
3016 1377 3184 1448 χλόην
3225 1376 3253 1428 ὁ
3297 1373 3392 1428 τοῦ
3422 1373 3691 1444 τυράννου

2107 1468 2274 1535 νόμος
2298 1469 2538 1539 ὲθέρισε,
2568 1470 2663 1523 καὶ
2685 1468 2830 1523 οὕτω
2858 1467 3144 1539 διαδράναι
3174 1467 3267 1520 τὸν
3295 1465 3547 1520 θάνατον.
3583 1464 3697 1518 Καὶ

2106 1559 2267 1613 τοῦτο
2304 1561 2589 1632 σημαίνει,
2633 1563 2787 1631 φασὶ,
2824 1561 2887 1615 τὸ
2936 1557 3093 1614 Εῐδόν
3132 1576 3193 1613 σε
3224 1558 3330 1613 ὑπὸ
3358 1557 3459 1628 τὴν
3496 1548 3690 1625 συκῆν.

2120 1652 2270 1706 Ἐστὶ
2303 1653 2359 1706 δὲ
2388 1653 2586 1726 κομιδῇ
2626 1653 2814 1722 γελοῖα
2851 1653 2920 1708 τὰ
2949 1652 3180 1707 τοιαῦτα
3214 1649 3692 1720 παραληρήματα,

2107 1745 2202 1799 καὶ
2252 1745 2442 1818 γραῶν
2501 1747 2939 1801 κατασαπεισῶν
2989 1743 3356 1815 πεπλασμένα
3409 1741 3695 1814 λογύδρια.

2119 1838 2180 1893 Ὀ
2217 1840 2327 1909 γέιρ
2371 1840 2620 1911 Ἡρώδης
2646 1841 2774 1903 τοὺς
2803 1840 2860 1891 ὲν
2881 1842 2993 1902 τοῖς
3021 1837 3192 1909 ὁρίοις
3220 1835 3472 1907 Βηθλεὲμ
3499 1836 3698 1898 παῖδας

2108 1933 2490 2003 ἀναιρεθῆναι,
2517 1932 2578 1986 οὗ
2612 1934 2741 1996 τοὺς
2773 1934 2831 1987 ἐν
2859 1930 3124 2002 Γαλιλαία
3151 1928 3511 2001 προσέταξεν.
3530 1926 3700 1980 Ἀλλά

2107 2023 2281 2078 ταῦτα
2326 2020 2415 2079 οἷά
2461 2043 2616 2088 τινας
2662 2025 2842 2089 ὄζους,
2877 2025 2971 2077 καὶ
3018 2021 3385 2091 παραφυάδας
3436 2019 3544 2073 τῶν
3594 2018 3699 2088 τῆς

2108 2117 2369 2184 ἀληθείας
2399 2117 2633 2186 δένδρων
2662 2121 2728 2187 τῇ
2764 2120 2986 2187 κριτικῇ
3011 2114 3106 2171 τοῦ
3134 2116 3298 2184 λόγου
3323 2113 3568 2184 δρεπάνῃ
3596 2128 3701 2166 κα-

2109 2208 2375 2277 θάραντες
2400 2209 2497 2277 τῆς
2527 2208 2621 2262 τοῦ
2655 2208 2953 2279 Ναθαναὴλ
2996 2207 3279 2276 θεολογίας
3337 2207 3690 2275 ἀκούσωμεν.

2186 2319 2205 2352 ι
2250 2299 2463 2364 Ῥαϐϐὶ,
2502 2302 2567 2354 σὺ
2598 2298 2648 2354 εί
2674 2304 2702 2355 ὁ
2735 2302 2862 2365 Υἱὸς
2885 2300 2976 2354 τοῦ
3003 2298 3162 2365 Θεοῦ,
3201 2301 3264 2354 σὺ
3299 2294 3349 2353 εἷ
3379 2301 3407 2352 ό
3440 2299 3701 2369 βασιλεὺς

2107 2393 2204 2447 τοῦ
2244 2393 2485 2464 Ἰσραήλ.
2517 2414 2534 2446 ι
2574 2396 2638 2447 Ὢ
2679 2395 2833 2459 θείας
2882 2394 3210 2464 ὲλλάμψεως
3264 2394 3701 2464 καταυγασάσης

2110 2486 2202 2539 τὸν
2234 2489 2380 2557 ἱερὸν
2408 2488 2575 2541 αὐτοῦ
2608 2488 2754 2554 νοῦν,
2786 2489 2862 2552 ὡς
2903 2489 3003 2559 τῆς
3035 2489 3129 2542 τοῦ
3164 2488 3438 2542 Φιλίππου
3487 2506 3699 2558 μαρτυ-

2115 2579 2236 2649 ρίας
2265 2581 2458 2650 νοῆσαί
2512 2600 2567 2635 τι
2620 2581 2945 2654 βαθύτερον,
2995 2584 3093 2636 καὶ
3139 2583 3238 2655 τῆς
3292 2582 3703 2652 Ίσραηλιτικῆς

2111 2674 2395 2744 εὐγενείας
2429 2675 2653 2740 ἐπάξιον
2683 2679 2696 2731 l
2735 2676 2794 2729 '0
2829 2676 2930 2747 μὲν
2961 2677 3070 2748 γάρ
3103 2675 3222 2728 υἱὸν
3251 2674 3419 2728 αὐτὸν
3451 2671 3569 2726 εἷπε
3605 2672 3703 2726 τοῦ

2109 2767 2332 2839 Ἰωσὴφ,
2356 2770 2383 2821 ὁ
2407 2768 2461 2823 δὲ
2483 2768 2746 2838 πρότερόν
2766 2786 2819 2822 τι
2837 2769 3041 2837 ἀγαθὸν
3057 2768 3362 2838 κεκληκὼς,
3383 2766 3478 2820 νῦν
3497 2769 3706 2833 ἐκφαν-

2111 2863 2480 2934 τορικὼτερον
2511 2864 2641 2917 Υίὺν
2675 2864 2940 2935 κηρύττει
2971 2862 3131 2925 Θεοῦ,
3178 2861 3273 2915 καὶ
3323 2862 3559 2914 Βασιλέα
3604 2861 3701 2916 τοῦ

2112 2957 2355 3027 Ἰσραὴλ,
2383 2959 2444 3012 τδ
2460 2960 2637 3013 διττὸν
2655 2959 2764 3013 τῶν
2783 2963 2873 3014 ἐπὶ
2896 2956 3137 3031 Χριστοῦ
3162 2961 3256 3014 δύο
3279 2958 3497 3027 φύσεων
3531 2959 3707 3011 ὲνδει-
3806 2958 3814 2965 ’

2113 3050 2402 3119 κνύμενος.
2426 3053 2552 3117 Υἱὸς
2579 3054 2689 3123 γὰρ
2712 3054 2855 3109 κατά
2884 3054 3047 3120 φύσιν
3079 3054 3153 3108 ὢν
3184 3054 3279 3107 τοῦ
3302 3052 3463 3117 Θεοῦ,
3490 3053 3565 3118 ὼς
3602 3051 3707 3107 ἄν·

2118 3144 2334 3213 θρωπος
2348 3145 2566 3214 λέγεται
2582 3146 2767 3201 λαϐεῖν
2778 3148 2875 3220 τὴν
2896 3146 3176 3217 βασιλείαν
3193 3138 3345 3218 παρά
3360 3147 3450 3201 τοῦ
3468 3147 3705 3215 Πατρός.

2041 3219 2085 3278 C
2120 3234 2275 3290 Οῦτω
2306 3237 2442 3308 πρὸς
2457 3236 2557 3307 τὴν
2578 3237 3115 3310 παρθένονεὶπόντος
3145 3237 3239 3290 τοῦ
3269 3238 3566 3308 Γαϐριήλ·ι
3590 3239 3710 3290 Δώ-

2117 3348 2198 3383 σει
2222 3330 2370 3399 αὐτῷ
2404 3330 2606 3403 Κύριος
2623 3331 2652 3382 ὁ
2667 3330 2799 3395 Θεὸς
2816 3329 2906 3383 τὸν
2926 3328 3117 3399 θρόνον
3150 3329 3314 3384 Δαϐὶδ
3362 3329 3457 3383 τοῦ
3495 3330 3710 3395 πατρὸς

2114 3413 2300 3480 ἆῦτοῦ.
2315 3444 2332 3475 ι
2359 3424 2489 3477 Ὅτε
2507 3422 2601 3477 οὖν
2624 3418 2765 3477 εἶδεν
2790 3422 2955 3476 αὐτὸν
2980 3422 3123 3476 οὕτω
3141 3421 3561 3492 θεολογήσαντα,
3582 3421 3704 3476 τότε

2115 3517 2253 3591 πρὸς
2280 3518 2619 3590 ὑψηλοτέρας
2640 3517 2851 3581 ἐννοίας
2880 3516 2966 3570 διὰ
3002 3515 3096 3569 τοῦ
3139 3516 3302 3582 λόγου
3344 3517 3703 3587 χειραγωγεῖ.

2191 3629 2209 3663 ι
2237 3610 2364 3664 ’Ὀτι
2418 3605 2573 3663 εἶπόν
2637 3626 2741 3672 σοι,
2766 3609 2953 3678 φησὶν,
2981 3609 3065 3662 ὅτι
3098 3602 3254 3662 Είδόν
3318 3625 3378 3660 σε
3439 3608 3706 3663 ὑποκάτω

2113 3704 2215 3773 τῆς
2238 3705 2430 3773 συκῆς,
2456 3700 2757 3767 πιστεύεις,
2792 3700 3017 3770 μείζονα
3046 3699 3250 3754 τούτων
3268 3698 3444 3770 ὄψει.»
3472 3699 3709 3753 Διάτοῦ-

2116 3815 2225 3850 των
2261 3796 2604 3864 ὑπισχνεῖται
2661 3794 2856 3859 δείξειν
2892 3792 3040 3863 αὐτῷ
3063 3793 3160 3864 τὴν
3203 3793 3524 3848 ἀνάστασιν.
3548 3794 3706 3866 ᾜδει

2116 3890 2186 3957 γὲ
2197 3906 2246 3958 ρ,
2267 3888 2385 3960 ᾔδει
2401 3887 2500 3940 ὀτὺ
2521 3885 2713 3955 μέλλον
2735 3884 2952 3955 βλέπων
2968 3884 3044 3949 ὼς
3067 3885 3322 3947 ἐνεστὼς,
3344 3886 3428 3939 ὅτι
3450 3885 3587 3953 μετὰ
3606 3884 3710 3951 τὴν

2118 3980 2285 4036 αὐτοῦ
2316 3979 2588 4049 σωτήριον
2606 3977 2826 4046 ἔγερσιν
2857 3975 3138 4048 παρέσται
3163 3977 3261 4028 σὺν
3287 3978 3404 4039 τοῖς
3426 3976 3710 4046 μαθηταῖς

2120 4076 2178 4127 ὲν
2217 4074 2285 4144 τῇ
2326 4070 2576 4142 θαλάσσῃ
2600 4067 2925 4135 Τιϐεριάδος
2965 4067 3286 4140 Ναθαναὴλ,
3309 4066 3711 4139 καὶὸψεταιτά

2121 4166 2334 4221 ἐκεῖθεν
2382 4166 2680 4236 μυστήρια,
2699 4163 2798 4237 τὴν
2835 4162 3169 4235 ἀνθρακιὰν,
3199 4164 3293 4218 τὸν
3310 4164 3499 4235 ἀρτον,
3520 4163 3617 4218 καὶ
3648 4165 3712 4217 τὸ

2120 4258 2371 4330 ὀψάριον.
2392 4257 2486 4314 καὶ
2507 4250 3076 4328 μυσταγωγηθήσεται
3096 4258 3167 4313 τὰ
3181 4258 3270 4312 διά
3288 4257 3497 4312 τούτων
3516 4257 3716 4329 δηλού-

2127 4368 2283 4421 μενα.
2310 4349 2411 4402 Διά
2428 4348 2587 4402 τοῦτο
2610 4349 2796 4418 φησὶ,ι
2822 4347 3062 4412 Μείζονα
3082 4348 3287 4402 τούτων
3312 4348 3453 4419 ὄψει.
3470 4368 3488 4400 ›
3515 4349 3714 4420 Προει-

2124 4442 2241 4498 πὼν
2273 4443 2329 4497 δὲ
2351 4442 2441 4498 διὰ
2460 4443 2670 4497 τούτων
2699 4442 2799 4514 τὴν
2833 4444 2898 4496 ὲκ
2930 4440 3143 4512 νεκρῶν
3175 4442 3496 4506 ἀναϐίωσιν,
3537 4458 3709 4515 προσ-

430 4562 451 4597 ‹
483 4548 692 4606 Amodo
748 4550 1005 4608 videbitis
1033 4553 1229 4610 coelum
1260 4562 1537 4624 apertum,
1566 4564 1622 4611 et
1668 4557 1889 4627 angelos
1923 4534 2010 4613 Dei

2126 4539 2341 4609 τίθησιν
2382 4539 2591 4608 ⁴ὴριξμα,
2623 4537 2718 4590 καὶ
2764 4535 2864 4602 τὴν
2895 4537 2976 4599 είς
3032 4534 3299 4605 οὐρανοὺς
3325 4535 3711 4606 ἀναφοίτησιν·

426 4641 781 4700 ascendentes
805 4654 860 4700 et
879 4645 1272 4705 descendentes
1291 4662 1454 4719 super
1474 4646 1673 4703 Filium
1706 4649 1960 4711 hominis,
1992 4668 2012 4703 ι

424 4729 696 4796 Quoniam
771 4736 926 4793 illum
1008 4740 1173 4810 paulo
1227 4741 1484 4812 superius
1535 4755 1727 4797 verum
1806 4741 2021 4798 dixerat

422 4826 749 4892 lsraelitam,
772 4831 969 4885 astruit
995 4832 1233 4889 laudem.
1262 4833 1475 4888 Etenim
1503 4842 1657 4890 vetus
1678 4834 1871 4901 Israel,
1894 4849 2017 4891 cum

423 4915 666 4971 venisset
708 4920 763 4973 in
801 4918 1039 4977 Charras
1072 4923 1141 4989 ⁸³,
1170 4939 1198 4978 a
1234 4923 1393 4978 rebus
1417 4939 1583 4980 sensu
1621 4925 1891 4996 perceptis
1921 4925 2020 4979 ab-

425 5011 691 5073 stractus,
729 5006 830 5063 hoc
861 5013 1004 5066 enim
1032 5014 1397 5082 patriarcham
1436 5013 1778 5071 obdormisse
1811 5014 2018 5086 signiﬁ-

426 5102 534 5160 cat,
557 5106 617 5150 ut
649 5098 775 5153 illud
804 5118 818 5156 :
845 5121 865 5156 ι
901 5102 1011 5175 Ego
1039 5107 1271 5172 dormio,
1289 5117 1343 5160 et
1360 5121 1455 5159 eor
1483 5121 1658 5160 meum
1677 5106 1962 5175 vigilat";
1995 5126 2013 5159 ι

428 5206 524 5262 per
569 5194 805 5263 speciem
864 5200 1065 5253 scalam
1127 5200 1300 5269 ipsam
1362 5199 1518 5261 vidit,
1580 5213 1608 5249 a
1651 5212 1757 5268 qua
1830 5213 2022 5252 ascen-

427 5284 634 5342 debant
665 5296 719 5343 et
745 5287 1150 5344 descendebant
1183 5290 1359 5362 angeli
1396 5288 1507 5347 Dei.
1545 5289 1702 5358 Quod
1735 5289 1903 5359 igitur
1934 5290 2023 5347 ille

2136 4631 2225 4685 t'A
2236 4632 2400 4702 πάρτι
2419 4630 2618 4699 ὄψεσθε
2631 4628 2721 4683 τὸν
2740 4627 2971 4697 οὐρανὸν
2994 4625 3274 4698 ἀνεῳγότα
3293 4627 3387 4680 καὶ
3400 4628 3711 4696 τοὺςάγγὲ-

2125 4725 2251 4788 λους
2284 4723 2379 4776 τοῦ
2404 4722 2543 4777 Θεοῦ
2586 4720 2981 4783 ἀναϐαίνοντας
3016 4720 3112 4775 καὶ
3155 4719 3587 4785 καταϐαίνοντας
3619 4723 3718 4775 ἐπὶ

2126 4819 2217 4873 τὸν
2235 4817 2365 4872 Υίδν
2388 4816 2482 4870 τοῦ
2522 4815 2618 4870 ἀνθ
2627 4813 2835 4887 ρώπου.
2872 4832 2890 4866 ι
2914 4812 3137 4885 Ἐπειδὴ
3159 4813 3323 4866 αὐτὸν
3344 4813 3554 4867 ἀνωθεν
3581 4814 3716 4884 ἀλη-

2127 4913 2236 4977 θῶς
2254 4910 2597 4982 ἰσραηλίτην
2617 4908 2893 4980 ὠνόμασε,
2925 4907 3333 4972 κατασκευάζει
3350 4909 3443 4961 τὸν
3462 4907 3712 4961 ἔπαινον.

2135 5007 2198 5060 '0
2224 5006 2325 5076 μὲν
2347 5005 2457 5075 γὰρ
2480 5003 2714 5066 παλαιὸς
2734 4999 2977 5072 Ἰσραὴλ,
2995 5001 3085 5054 ὅτε
3102 4993 3239 5072 ἧκεν
3263 5001 3345 5065 είς
3364 5000 3464 5071 τὴν
3478 5000 3715 5072 Χαρράν

2127 5100 2423 5168 γενόμενος
2452 5096 2558 5162 ἔξω
2591 5095 2701 5150 τῶν
2732 5093 3010 5164 αίσθητῶν
3047 5110 3062 5125 ο
3093 5088 3254 5147 τοῦτο
3285 5092 3396 5164 γὰρ
3429 5091 3491 5146 τὸ
3526 5093 3714 5147 ὑπνῶ-

2130 5210 2222 5247 σαι
2253 5192 2345 5247 τὸν
2372 5192 2725 5261 πατριάρχην
2754 5191 2896 5242 νοεῖν
2921 5187 3263 5251 ὑποτίθεται,
3294 5184 3373 5249 ὡς
3402 5186 3486 5249 τὸ,
3521 5204 3540 5237 ι
3564 5185 3716 5254 Ἑγω

2129 5285 2401 5350 καθεύδω,
2431 5268 2582 5354 καὶῆ
2616 5281 2812 5355 καρδία
2839 5298 2942 5352 μου
2969 5281 3303 5352 ἀγρυπνεῖί
3348 5281 3407 5333 ιν
3435 5268 3715 5351 φαντασίᾳ

502 5447 550 5481 ⁵ο
580 5446 722 5504 Psal.
753 5462 898 5511 aut,
930 5448 997 5511 ὃς
1036 5462 1190 5515 xvm,
1242 5449 1332 5508 ll.
1406 5448 1488 5487 δ’*
1520 5447 1653 5506 Luc.
1687 5466 1725 5514 ι,
1758 5450 1849 5505 51.
1926 5450 2010 5505 υ.

2114 5466 2154 5504 ι.
2188 5464 2302 5515 xm,
2332 5445 2419 5507 10.
2452 5418 2459 5423 θ
2496 5449 2541 5483 δ’
2569 5450 2705 5512 Gen,
2751 5459 2947 5509 xxvm,
2988 5443 3077 5499 ll.
3153 5442 3199 5476 ”
3223 5441 3381 5499 Cant.
3421 5456 3476 5510 v,
3514 5440 3567 5496 1.

1668 5544 1996 5610 Francisci
2038 5548 2245 5610 Scorsi
2281 5554 2473 5609 notae.

506 5643 619 5715 (80)
659 5644 1028 5702 Ascensionem
1061 5648 1114 5702 in
1142 5646 1362 5704 cmlum.
1397 5647 1551 5705 Varii
1588 5659 1717 5705 sunt
1744 5649 1935 5705 Patres
1965 5659 2021 5703 et

434 5713 765 5789 lnt'erpretes
802 5718 1075 5789 Evangelii
1111 5721 1162 5773 in
1208 5718 1534 5784 eXplicandu
1573 5721 1676 5776 hoc
1712 5721 1829 5775 loco
1861 5736 1876 5775 :
1923 5719 2016 5774 Vi-

439 5784 627 5860 debitis
658 5786 843 5860 cretum
875 5784 1140 5858 apérlum,
1171 5799 1221 5860 et
1248 5790 1474 5860 Angelos
1511 5789 1605 5845 Dei
1647 5792 2013 5853 ascendentes,

440 5863 491 5908 et
543 5855 918 5914 descendentes
965 5855 1135 5930 super
1180 5855 1380 5916 Filium
1411 5862 1672 5931 hominis;
1704 5878 1800 5920 eos
1837 5861 2015 5933 expli-

2128 5651 2285 5706 candi
2321 5649 2511 5704 modm
2536 5654 2787 5702 recenset
2810 5659 3002 5717 omnes
3026 5638 3247 5717 Cornel.
3275 5655 3301 5717 τι
3332 5636 3534 5708 Lapide
3569 5639 3718 5717 inter

2125 5734 2263 5791 quos
2303 5730 2373 5783 et_
2398 5721 2543 5791 hunc
2594 5717 2661 5771 de
2704 5714 3039 5791 Ascensione
3094 5710 3301 5791 Chrisﬁ
3329 5726 3499 5791 _quetn
3539 5709 3715 5791 tradit

2128 5781 2215 5845 hic
2246 5781 2449 5846 noster.
2476 5789 2715 5843 Caeteros
2740 5787 2864 5840 vide
2893 5785 3033 5854 apud
3069 5783 3295 5840 citatum
3328 5781 3711 5852 interpretem,

2131 5862 2434 5932 itidemque
2465 5860 2604 5931 apud
2641 5856 2936 5914 Maldonat.
