4070 6402
307 415 409 477 813

1681 394 2031 488 ΗοΜῑιιᾸ
2058 430 2274 492 XLIX.

3469 436 3576 499 894

302 534 399 601 τῆς
466 528 732 597 κλίμακος
769 530 985 601 ἐκείνης
1041 530 1296 600 ἐγένετο,
1335 534 1429 604 ἀφ’
1465 530 1533 606 ἧς
1582 537 1867 593 ἀνέϐαινον

1996 561 2084 612 per
2142 561 2396 602 somnum
2455 549 2851 619 contemplatus
2911 558 3031 616 est,
3090 551 3192 606 boc
3258 550 3569 620 vigilantem

304 626 393 679 καὶ
424 623 744 676 κατέϐαινον
777 624 826 675 οἱ
854 623 1089 692 ἄγγελοι
1119 626 1214 679 τοῦ
1240 625 1475 681 Θεοῦ.“0
1507 627 1641 696 γοῦν
1675 631 1882 695 ἐκεῖνος

304 716 689 779 ὲνυπνιασθεὶς
721 715 1007 781 ἐθεάσατο,
1040 716 1200 771 τοῦτο
1244 718 1336 771 τὸν
1383 718 1683 790 Ναθαναὴλ
1731 720 1880 789 ὕπαρ

304 810 429 862 ἰδεῖν
472 806 896 874 ἐπαγγέλλεται.
970 807 1113 859 Ἀλλ’
1161 809 1286 861 ἐπεὶ
1335 811 1697 864 πεπίστευται
1753 813 1880 876 τοὺς

301 899 567 967 ἀγγέλους
602 902 659 951 ὲν
684 899 959 969 οὐρανοῖς,
999 900 1032 970 ἧ
1063 900 1204 968 ὑπὲρ
1243 902 1370 965 τοὺς
1411 904 1677 972 οὐρανοὺς
1715 901 1877 968 εἶναι,

300 992 554 1046 κάκεῖθεν
573 991 709 1060 πρὸς
741 992 833 1045 τοῦ
848 992 982 1045 Θεοῦ
1016 993 1386 1063 λειτουργίας,
1417 994 1492 1057 ὡς
1523 994 1876 1065 λειτουργικὰ

303 1082 591 1151 πνεύματα
622 1082 861 1151 καταπέ,
939 1082 1119 1145 ευθαι,
1152 1078 1220 1153 ἦν
1252 1084 1317 1137 ἂν
1361 1083 1493 1147 ἴσως
1518 1085 1877 1138 ἀκολουθότε-

302 1192 417 1244 ρον,
445 1174 542 1244 τὴν
575 1173 881 1227 κατάϐασιν
909 1174 1179 1244 προτάξαι
1210 1175 1312 1245 τῆς
1356 1176 1699 1239 ἀναϐάσεως.
1754 1177 1879 1241 Πῶς

298 1267 408 1336 γὰρ
458 1268 506 1320 οἱ
569 1265 646 1337 μὴ
702 1267 1049 1332 καταϐάντες
1107 1268 1486 1334 ἀναϐαίνοιεν;
1552 1269 1880 1339 Ἐπίστησον

300 1356 538 1409 ἐνταῦθα
568 1357 658 1409 τὸν
689 1357 952 1428 λογισμόν
983 1375 997 1391 '
1043 1358 1192 1414 ἄνιθι
1223 1360 1359 1429 πρὸς
1404 1359 1618 1424 ἑννοίας
1669 1360 1881 1430 ἰσχνὰς,

297 1448 470 1515 γνῶθι
499 1448 557 1501 τὸ
587 1449 767 1520 δόγμα
801 1450 861 1504 τὸ
893 1452 1283 1523 κεκρυμμένον
1331 1455 1391 1506 ὲν
1424 1452 1502 1523 τῷ
1532 1456 1760 1523 ῥήματι·
1790 1455 1877 1507 ὲν-

298 1540 475 1593 ταῦθα
537 1543 646 1610 γάρ
708 1541 881 1595 πολλά
932 1543 999 1596 τά
1034 1545 1366 1615 ζητούμενα,
1391 1544 1476 1607 τίς
1503 1545 1612 1615 ἄρα
1648 1545 1757 1597 τῶν
1786 1544 1877 1595 οὺ-

301 1630 506 1700 ρανίων
562 1633 749 1687 πυλῶν
826 1633 1125 1700 διάνοιξις,
1193 1636 1288 1688 καὶ
1358 1635 1525 1698 πότε,
1578 1635 1672 1689 καὶ
1759 1635 1877 1698 πῶς

1984 637 2228 693 visurum
2282 638 2672 696 Natbanaelem
2728 642 3030 710 pollicetur.
3077 642 3277 696 Verum
3312 642 3568 711 quoniam
3590 638 3595 671 λ

1988 722 2092 786 title
2122 732 2388 786 creditum
2421 743 2503 787 est
2532 734 2753 805 angelos
2782 736 2835 790 in
2866 736 3026 800 casio,
3059 736 3142 790 vel
3183 752 3345 805 supra
3373 737 3569 790 malum

1985 836 2127 886 esse,
2158 833 2321 891 atque
2357 826 2479 881 inde
2513 836 2570 879 ιιι
2600 828 3091 883 adrninistratorios
3122 828 3349 897 spiritus
3376 829 3441 881 ad
3464 828 3568 880 mi-

1992 915 2216 969 nisteria
2248 918 2427 971 divina
2462 918 2671 972 demitti
2702 918 2769 983 ⁸⁸,
2804 929 3222 973 consentaneum
3255 918 3433 973 fuerat
3460 916 3573 972 for-

1987 1014 2129 1060 tasse
2175 1008 2347 1076 magis
2391 1009 2799 1064 descensionem
2854 1010 3159 1066 ascensioni
3227 1022 3566 1076 praeponere.

1986 1097 2268 1164 Quomodo
2301 1101 2445 1155 enim
2482 1104 2778 1156 ascendant
2802 1142 2815 1165 ,
2860 1102 2954 1172 qui
2990 1119 3094 1157 non
3126 1078 3573 1157 descenderunt?

1986 1189 2208 1244 lntende
2258 1190 2326 1245 ad
2362 1191 2475 1245 haec
2504 1200 2762 1256 mentem,
2794 1202 2954 1259 atque
2988 1193 3053 1244 ad
3090 1191 3401 1247 subtiliores
3447 1207 3571 1246 sen-

1989 1294 2083 1334 sus
2112 1292 2359 1347 assurge,
2392 1280 2611 1349 percipe
2658 1282 2710 1334 in
2752 1281 2836 1336 bis
2872 1283 3050 1335 verbis
3078 1282 3265 1349 dogma
3318 1282 3572 1335 recondi-

1993 1377 2133 1425 tum.
2198 1369 2362 1424 Multa
2413 1371 2557 1424 enim
2604 1371 2694 1425 hic
2743 1371 3030 1441 quaerenda
3069 1387 3082 1424 :
3136 1371 3273 1437 Quid
3310 1371 3410 1425 sibi
3448 1371 3574 1423 velit

1987 1458 2238 1514 cmlcstes
2288 1461 2486 1527 aperiri
2545 1471 2768 1530 portas;
2822 1470 2876 1515 et
2928 1460 3168 1531 quando,
3218 1470 3271 1514 et
3304 1461 3573 1530 quomodo

1993 1548 2096 1603 illa:
2125 1548 2435 1603 hominibus
2472 1550 2674 1605 fuerint
2702 1550 3008 1605 obseram?
3058 1551 3125 1605 Et
3172 1564 3340 1618 quare
3392 1547 3574 1601 Domi-

1989 1657 2109 1706 nus,
2129 1641 2292 1697 simul
2320 1656 2384 1696 ac
2417 1656 2636 1695 carnem
2674 1642 2990 1712 assumpsit,
3021 1657 3115 1696 eas
3140 1657 3243 1696 non
3271 1640 3533 1695 reseravit
3553 1640 3580 1694 2

300 1727 417 1787 τοῖς
476 1724 785 1793 ἀνθρώποις
851 1726 1249 1797 ἐκλείσθησαν,
1312 1728 1410 1783 καὶ⁸
1468 1728 1557 1781 διά
1619 1728 1674 1781 τί
1756 1732 1785 1782 ὁ
1856 1730 2045 1805 Σωτὴρ
2104 1734 2535 1805 ἑνανθρωπήσας
2595 1736 2696 1789 οὐκ
2760 1734 2921 1798 εὐθὺς
2976 1736 3247 1807 ἐνήργησε
3306 1734 3405 1805 τὴν
3456 1732 3579 1785 τού³

296 1836 408 1873 των
464 1819 667 1886 διάνοιξ
674 1838 741 1874 ιν.

371 1914 562 1983 Φαμὲν
591 1910 708 1980 οὖν,
738 1914 813 1980 ὡς
851 1917 1128 1987 ἀνεῷχθαι
1158 1920 1309 1987 λέγει
1341 1920 1468 1980 τοὺς
1503 1921 1773 1991 οὐρανοὺς
1799 1921 1886 1974 διὰ

2060 1925 2372 1979 Asserimus
2420 1924 2585 1995 igitur
2632 1924 2829 1979 caelum
2881 1924 2986 1978 dici
3036 1930 3304 1991 apertum,
3341 1936 3405 1975 eo
3434 1922 3575 1989 quod

298 2008 401 2071 τὴν
433 2008 833 2076 ἀνεμπόδιστον
869 2011 977 2062 τῶν
1013 2011 1321 2081 ἀνθρώπων
1355 2014 1491 2083 πρὸς
1521 2012 1655 2066 Θεὸν
1676 2014 1883 2085 ἀνρδον,

299 2099 368 2169 ἣν
402 2100 635 2170 Χριστος
667 2104 797 2172 ἡμῖν
820 2104 1134 2172 ἐχαρίσατο,
1166 2110 1245 2167 είς
1272 2106 1537 2177 οὐρανοὺς
1597 2105 1887 2175 ἀνυψώσας

297 2192 357 2244 τὸ
385 2193 658 2263 ἡμέτερον
690 2194 938 2264 φύραμα.
973 2197 1047 2250 Ἠ
1073 2196 1180 2267 γὰρ
1213 2197 1313 2264 τῆς
1352 2197 1629 2267 ἁμαρτίας
1659 2199 1892 2269 παρείσ-

297 2287 449 2348 δυσις
520 2282 631 2339 οἷον
704 2288 959 2355 φραγμός
1020 2305 1080 2340 τε
1159 2289 1254 2341 καὶ
1313 2289 1629 2359 μεσὸτειχον
1685 2290 1890 2358 μεταξὺ

298 2378 464 2440 Θεοῦ,
511 2380 606 2432 καὶ
648 2378 960 2450 ἀνθρώπων
1021 2380 1261 2448 ἐγένετο.
1330 2383 1395 2433 ’0
1447 2382 1511 2444 δὴ
1548 2382 1817 2451 περιῆρεν
1864 2382 1892 2433 ὁ

304 2470 517 2537 Κύριος
583 2470 701 2533 ὁδὸς
756 2472 889 2540 ἡμῖν
943 2472 1295 2542 χρηματίσας
1352 2472 1453 2540 τῆς
1503 2473 1583 2534 είς
1627 2473 1894 2539 οὐρανοὺς

298 2560 656 2626 ἀναϐάσεως,
709 2561 873 2624 εὐθὺς
907 2563 1005 2631 μὲν
1036 2563 1129 2614 διὰ
1158 2563 1259 2632 τῆς
1302 2563 1551 2627 ὲνὼσεως
1583 2564 1795 2627 θεώσας
1834 2564 1895 2616 τὸ

305 2652 680 2722 πρόσλημμα,
722 2652 1028 2728 παρασχὼν
1060 2654 1116 2706 δὲ
1164 2655 1261 2723 τὴν
1312 2654 1617 2708 ἀθανασίαν
1656 2655 1744 2708 διά
1793 2654 1895 2725 τῆς

301 2742 708 2808 ’Δναστάσεως,
739 2744 827 2797 διά
846 2746 903 2798 δὲ
933 2746 1029 2813 τῆς
1059 2746 1381 2816 ἀναλήψεως
1402 2746 1501 2816 τῆς
1522 2746 1734 2809 τελείας
1758 2747 1897 2817 πρὸς

304 2836 402 2889 τὸν
438 2836 661 2908 Πατέρα
696 2836 1048 2906 καταλλαγῆς
1083 2836 1326 2901 ἀξιώσας
1364 2840 1510 2908 ἡμᾶς
1556 2840 1621 2908 ἣν
1670 2838 1897 2891 ἐκάλεσε

305 2929 578 2995 διάνοιξιν
624 2929 877 2999 οὐρανῶν
901 2944 914 2958 ⁸
944 2928 1033 2981 διὰ
1072 2928 1128 2982 δὲ
1160 2928 1256 2983 τοῦ
1294 2931 1564 3000 προτάξαι
1617 2930 1720 2998 τὴν
1768 2931 1895 2984 ἀνά.

308 3018 477 3072 ϐασιν
530 3017 640 3069 τῶν
688 3016 939 3084 ἀγγέλων
987 3016 1085 3086 τῆς
1138 3017 1502 3081 καταϐάσεως
1560 3017 1785 3083 ἔδειξεν,
1822 3017 1898 3079 ὡς

305 3115 362 3166 οὔ
416 3111 623 3174 πάσαις
676 3112 796 3173 mi;
848 3110 1178 3178 ἀγγελικαίς
1215 3109 1515 3181 δυνάμεσιν
1547 3110 1791 3179 ἔγνωστο
1840 3110 1900 3163 τὸ

304 3207 409 3275 τῆς
454 3204 770 3273 οἰκονομίας
824 3206 1162 3273 μυστήριον,
1197 3205 1335 3257 ἀλλά
1389 3205 1570 3275 μόνοις
1613 3198 1727 3269 τοῖς
1763 3205 1899 3275 πρὸς

301 3298 465 3351 τοῦτο
482 3295 987 3366 ύπηρετήσασιν.υἳ
1012 3296 1079 3367 δὴ
1107 3298 1203 3350 καὶ
1223 3298 1280 3349 ὲν
1305 3299 1370 3367 τῇ
1395 3297 1663 3369 ἀναλήψει
1691 3298 1898 3353 ἀνιόντι

304 3389 465 3460 αύτῷ
525 3389 917 3445 συνανέϐαινον
976 3389 1077 3452 τάς
1133 3389 1422 3458 οὖρανίους
1484 3390 1659 3454 πύλας
1721 3391 1899 3462 αἴρειν

306 3483 633 3545 κελεύοντες
660 3498 672 3511 ⁸
707 3476 790 3553 οἷς
835 3483 891 3536 δὲ
940 3483 1305 3553 ἀπερινόητον
1351 3479 1419 3553 ἦν
1465 3483 1527 3535 τὸ
1573 3485 1892 3554 μυστήριον,

300 3573 454 3631 οὗτοι
490 3576 945 3638 καταϐαίνοντες.
1010 3594 1027 3626 ι
1063 3575 1159 3638 Τίς
1194 3569 1355 3640 οὗτος
1406 3577 1433 3628 ὁ
1479 3576 1740 3639 Βασιλεὺς
1798 3578 1896 3645 τῆς

301 3668 488 3739 δοῐξης,
524 3686 541 3718 ι
595 3668 980 3720 ἐπυνθάνοντο.
1030 3666 1386 3737 ’Υψηλοτέρῳ
1433 3667 1491 3720 δὲ
1536 3667 1725 3738 τρόπῳ
1768 3668 1898 3721 ἀνα-

300 3760 589 3813 ϐαίνουσιν
626 3759 676 3810 οἱ
722 3757 943 3826 ἄγγελοι
975 3761 1093 3821 ταῖς
1126 3758 1239 3813 ἀνω
1274 3758 1533 3829 θεωρίαις
1588 3774 1898 3829 καταστρα-

304 3856 573 3919 πτόμενοι
611 3851 747 3922 πρὸς
795 3852 857 3904 τὸ
909 3851 1045 3919 ὕψος
1094 3852 1194 3921 τῆς
1246 3851 1400 3915 θείας
1453 3853 1745 3922 περιωπῆς
1796 3854 1896 3923 τῆς

302 3948 599 4020 τριαδικῆς
626 3947 877 4008 ὲνὼσεως
898 3948 991 3998 καλ⁹
1020 3948 1150 4016 μιᾶς
1180 3947 1392 4016 ἀρχῆς·
1419 3945 1895 4016 ἀνθυποφέρονται

300 4041 356 4092 δὲ
402 4038 834 4102 καταϐαίνοντες
860 4040 999 4109 πρὸς
1048 4037 1110 4091 τὸ
1155 4037 1322 4107 βάθος
1353 4037 1455 4106 τῆς
1503 4039 1749 4110 ἀρρήτου
1801 4038 1895 4092 τοῦ

301 4132 474 4201 λόγου
527 4131 864 4201 σαρκώσεως
895 4172 911 4196 ,
962 4129 1060 4183 ἕνα
1110 4132 1179 4200 τῇ
1228 4130 1529 4184 ὑποστάσει
1587 4130 1683 4185 τὸν
1733 4130 1896 4184 αὐτὸν

305 4223 549 4295 ὁρῶντες
572 4223 715 4290 μετά
746 4222 844 4293 τὴν
866 4222 1087 4276 ἕνωσιν.
1119 4221 1431 4286 Μανθάνεις
1471 4222 1582 4295 γὰρ
1620 4223 1895 4290 ἐντεῦθεν,

309 4316 384 4379 ὡς
419 4315 542 4366 οὐδὲ
572 4314 794 4383 ἄγγελοι
829 4314 1086 4367 δύνανται
1108 4314 1450 4369 καταλαϐεῖν
1481 4316 1581 4385 τῆς
1606 4314 1760 4379 θείας
1793 4314 1897 4385 φύ-

311 4423 457 4467 σεως
486 4405 548 4457 τὸ
580 4407 905 4476 μυστήριον,
935 4406 1071 4459 ἀλλά
1106 4408 1200 4460 καὶ
1223 4402 1369 4461 οὗτοι
1401 4408 1757 4460 ἀναϐαίνουσι
1796 4407 1897 4478 μὲν

304 4491 393 4549 οἶα
431 4497 552 4557 νὸες
579 4496 920 4567 ὑψηλότερον
950 4499 1049 4567 τῆς
1079 4497 1434 4568 ἀνθρωπίνης
1467 4496 1758 4558 ἀσθενείας
1797 4512 1898 4549 κα-

1989 2015 2271 2082 ρςρειιίωε
2321 2016 2394 2068 sit
2440 2015 2749 2069 hominibus
2781 2028 3047 2068 ascensus
3082 2012 3148 2065 ad
3206 2010 3395 2073 Deum,
3434 2011 3573 2076 quod

1991 2121 2120 2161 Sane
2148 2107 2302 2160 nobis
2335 2107 2506 2174 gratia
2540 2106 2738 2160 Christi
2773 2105 2957 2159 datum
2988 2114 3069 2159 est
3098 2118 3221 2157 cum
3264 2101 3444 2154 carnis
3475 2115 3573 2153 no-

1992 2206 2118 2251 ειτω
2146 2214 2379 2253 massam
2437 2196 2553 2267 (8i)
2609 2196 2841 2251 elevavit
2900 2196 2952 2249 in
3005 2194 3223 2249 corium.
3279 2192 3576 2246 Insinuatio

1992 2288 2190 2358 quippe
2214 2290 2419 2356 peccati
2439 2289 2598 2343 veluti
2615 2303 2799 2357 sepem
2818 2296 2868 2343 et
2892 2288 3126 2341 medimn
3158 2286 3451 2355 quemdam
3486 2299 3578 2350 pa-

1996 2380 2190 2433 rit-tem
2219 2388 2551 2449 opposuerat
2594 2380 2738 2433 inter
2759 2379 2947 2441 Deum,
2978 2388 3033 2431 et
3065 2378 3358 2431 hominem.
3392 2376 3566 2441 Quem

1993 2473 2152 2544 34],
2192 2489 2324 2528 sane
2358 2475 2560 2527 amovit
2609 2473 2893 2538 Dominus,
2929 2477 3180 2540 viamque
3231 2485 3291 2524 se
3342 2468 3577 2537 praebuit

1998 2567 2152 2619 nobis
2176 2565 2502 2619 ascendendi
2527 2566 2579 2619 in
2599 2565 2817 2628 malum,
2845 2564 3028 2617 statim
3050 2563 3266 2630 quidem
3289 2577 3351 2615 ac
3372 2574 3577 2614 assum-

2000 2669 2142 2727 ptam
2164 2674 2380 2712 carnem
2401 2674 2496 2726 per
2516 2660 2769 2713 unionem
2786 2660 3056 2714 deiﬂcavit
3074 2657 3186 2727 (82)
3205 2673 3220 2722 ;
3239 2659 3331 2709 sed
3354 2656 3579 2706 immor-

1999 2748 2261 2801 talitatem
2294 2764 2390 2813 per
2421 2748 2923 2815 Resurrectionem,
2969 2750 3379 2819 perfectamque
3442 2759 3568 2798 cum

2000 2840 2162 2894 Patre
2210 2840 2711 2895 reconciliationem
2793 2857 2889 2908 per
2966 2841 3354 2895 AscensiOnem
3419 2837 3577 2891 nobis

2002 2932 2263 3001 impertiit
2311 2951 2326 2992 :
2374 2949 2537 3003 quam
2594 2948 2727 2987 sane
2775 2934 3112 3002 apertionem
3160 2930 3285 2986 cmli
3340 2929 3575 2983 vocavit.

2002 3024 2156 3090 Quod
2192 3039 2321 3080 vero
2345 3025 2664 3096 angelorum
2688 3026 2973 3080 descensui
3005 3024 3262 3093 praemisit
3288 3020 3577 3075 Ascens-io-

2003 3134 2150 3181 uem,
2172 3118 2409 3171 ostendit
2432 3134 2537 3171 non
2577 3119 2833 3172 omnibus
2864 3117 3124 3187 angelicis
3146 3114 3259 3185 (83)
3284 3112 3578 3166 virtutibus

2006 3209 2203 3263 divinae
2230 3209 2655 3279 dispensationis
2684 3209 3004 3279 mysterium
3042 3218 3225 3261 notum
3261 3205 3450 3265 fuisse,
3483 3202 3578 3256 sed

2004 3300 2071 3354 iis
2099 3301 2296 3361 solum.
2327 3302 2417 3369 qui
2459 3299 2526 3354 ad
2556 3300 2663 3353 hoc
2702 3298 3135 3353 subservicruut.
3183 3294 3282 3359 Qui
3336 3291 3579 3362 profecto

2001 3390 2054 3444 in
2078 3390 2416 3444 Ascensione
2443 3388 2602 3445 simul
2637 3405 2757 3443 cum
2794 3390 2911 3458 ipso
2955 3389 3008 3442 in
3046 3387 3242 3441 caelum
3273 3392 3580 3437 revertente

2001 3483 2392 3550 ascendebant,
2422 3485 2680 3538 coeleStes
2719 3492 2904 3553 portas
2940 3481 3049 3535 tolli
3070 3482 3355 3551 iubentes;
3385 3477 3582 3547 quibus

2000 3589 2132 3628 vero
2159 3575 2473 3643 mysterium
2506 3585 2624 3629 erat
2658 3576 2926 3643 ignotum,
2948 3575 3001 3627 hi
3031 3590 3159 3628 sane
3185 3573 3579 3627 desrendentes

2000 3667 2462 3736 interrogabant:
2516 3686 2535 3719 ι
2574 3666 2710 3731 Quis
2762 3678 2847 3720 est
2899 3666 3002 3719 iste
3056 3664 3173 3718 Rex
3234 3662 3517 3731 gloriae“?
3553 3680 3573 3712 ι

1998 3759 2211 3814 Altiore
2247 3774 2380 3813 vero
2419 3773 2585 3813 sensu
2616 3758 2924 3812 ascendunt
2947 3756 3124 3827 angeli
3159 3756 3416 3823 supernis
3445 3770 3581 3808 con-

1999 3852 2444 3921 templatiOnilius
2514 3851 2771 3904 illustrati
2848 3851 2914 3902 ad
2976 3849 3174 3903 divina:
3230 3846 3579 3901 celsitudinis

1999 3944 2207 4013 apicem
2255 3941 2391 4013 (84),
2440 3943 2542 3996 hoc
2590 3950 2673 3996 est
2732 3941 3131 4010 singularitatis
3180 3940 3232 3993 in
3285 3937 3576 4003 Trinitate,

1999 4035 2273 4105 uniusque
2307 4034 2585 4103 principii.
2613 4033 2994 4102 Subjicinntur
3028 4046 3156 4086 vero
3186 4030 3580 4085 descendentes

2000 4128 2066 4181 ad
2110 4126 2439 4197 profundum
2492 4126 2782 4181 inelTabilis
2838 4124 2996 4182 Verbi
3038 4123 3440 4180 [incarnationis
3466 4136 3581 4193 my-

2000 4222 2278 4288 sterium,
2342 4236 2465 4274 cum
2526 4220 2677 4273 illum
2734 4221 2910 4289 ipsum
2961 4228 3085 4288 post
3137 4217 3579 4286 coniunctionem

2002 4328 2173 4367 unum
2213 4313 2495 4382 ltypnstasi
2528 4314 2728 4369 vident.
2784 4313 2961 4369 Discis
2994 4312 3158 4368 etiam
3204 4311 3352 4375 hinc,
3404 4322 3582 4377 neque

2000 4406 2223 4474 angelos
2258 4405 2454 4460 divina:
2510 4415 2718 4459 naturae
2753 4408 3073 4476 mysterium
3132 4418 3289 4474 posse
3330 4414 3579 4466 compre-

2001 4495 2278 4562 hendere,
2312 4497 2407 4550 sed
2441 4498 2543 4550 hos
2593 4507 2776 4564 utpote
2813 4511 2975 4564 puras
3012 4506 3221 4549 mentes
3252 4494 3413 4547 altius
3447 4505 3581 4545 sane

302 4587 776 4657 ταλαμϐάνοντες,
815 4589 1213 4642 καταϐαίνουσι
1238 4587 1295 4640 δὲ
1320 4588 1414 4641 καὶ
1439 4589 1593 4641 αὑτοὶ
1620 4587 1758 4656 πρὸς
1799 4587 1889 4640 τὸν

2000 4602 2161 4658 quam
2199 4588 2439 4641 humana
2484 4586 2829 4641 imbecillitas
2865 4586 3055 4654 possit,
3090 4583 3387 4638 ascendere
3420 4597 3434 4635 :
3483 4580 3582 4634 de-

303 4680 698 4750 ἀκατάληπτον
738 4682 946 4751 φθάσαι
999 4682 1074 4752 μὴ
1124 4682 1491 4751 ὲξισχύοντες.
1543 4681 1729 4735 Ταῦτα
1793 4685 1892 4754 μὲν

304 4776 461 4862 ήμᾷς
487 4776 550 4828 τὺ
585 4776 730 4848 ἱερὸν
758 4776 1238 4847 ὲμυσταγώγησεν
1272 4775 1628 4845 Εὐαγγέλιον.

381 5044 431 5077 ⁸⁸
465 5043 630 5102 Hebr.
666 5061 708 5112 ι,
742 5044 832 5104 14.
910 5045 1123 5101 "Psal.
1155 5061 1315 5113 mn,
1348 5048 1435 5102 10.

2001 4681 2263 4733 scandere
2296 4694 2421 4732 vero
2468 4680 2632 4732 etiam
2676 4679 2843 4747 ipsos,
2886 4694 3006 4731 cum
3043 4676 3108 4729 ad
3162 4672 3580 4742 incomprehen-

2002 4774 2218 4828 sibilem
2256 4774 2541 4841 pervenire
2574 4789 2679 4826 non
2716 4774 2951 4827 valeant.
2996 4774 3073 4828 Ac
3112 4772 3178 4827 de
3220 4771 3306 4827 liis
3355 4769 3579 4838 quidem

2009 4882 2111 4922 nos
2149 4883 2366 4923 sacrum
2410 4868 2763 4937 Evangelium
2796 4868 3013 4923 edocet.

1544 5142 1871 5205 Francisci
1907 5143 2122 5205 Scorsi
2156 5150 2345 5207 notua.

408 5264 498 5329 8|)
541 5261 733 5317 Carnis
758 5271 956 5317 nostra:
982 5279 1229 5318 massam.
1257 5262 1331 5318 lla
1364 5262 1578 5318 locutus
1606 5263 1694 5319 hic
1717 5262 1880 5320 Pater

309 5334 463 5389 boui.
494 5335 562 5389 38
591 5345 643 5386 et
675 5334 765 5398 59,
797 5334 862 5386 ad
892 5349 1025 5403 quas
1059 5335 1177 5387 vide
1209 5346 1364 5386 natas
1402 5332 1470 5387 88
1492 5343 1547 5389 et
1582 5334 1669 5389 M.

408 5404 498 5470 82)
546 5404 646 5457 Per
677 5406 921 5457 unionem
962 5403 1244 5469 deiﬁcavil.
1278 5404 1501 5466 Θεωσας
1529 5403 1605 5458 ait
1640 5403 1885 5469 Graecus,

314 5490 428 5542 quo
465 5490 600 5542 vero,
633 5490 795 5526 sensu
828 5474 949 5528 vide
979 5475 1043 5527 ad
1084 5474 1231 5526 hom.
1260 5473 1364 5536 36,
1407 5484 1518 5526 not.
1556 5473 1648 5529 65.

392 5545 507 5615 (83)
551 5541 673 5596 Non
703 5544 940 5597 omnibus
971 5542 1221 5615 angelicis
1256 5543 1557 5598 virtutibus.
1595 5544 1668 5599 De
1698 5545 1800 5599 hac
1832 5560 1889 5599 re

312 5613 529 5683 longius
560 5615 781 5685 disserit
811 5615 949 5685 idem
989 5616 1073 5668 hic
1106 5613 1289 5685 (Pater,
1325 5615 1472 5685 bum.
1511 5615 1604 5679 59,
1659 5631 1781 5685 quae
1807 5623 1889 5671 est

312 5692 379 5741 de
412 5680 741 5746 Rscensione,
776 5680 841 5737 ad
873 5699 1031 5749 quam
1065 5684 1187 5736 vide
1220 5693 1330 5735 not.
1367 5683 1456 5737 35.

389 5754 503 5823 (84)
544 5754 622 5823 Ad
669 5754 860 5807 dicina:
896 5753 1233 5823 celsitudinis
1285 5756 1506 5823 apicem.
1559 5765 1746 5811 brasce
1804 5765 1890 5810 est

318 5826 466 5892 Πρὶς
488 5822 563 5876 τὸ
588 5822 723 5892 ὕψος
751 5823 854 5893 τῆς
886 5822 1033 5885 θείας
1060 5822 1368 5893 περιωπῆς.
1417 5824 1483 5878 Et
1532 5840 1662 5880 sane
1691 5842 1885 5880 nomen

321 5896 577 5966 περιωπή
611 5896 830 5966 proprie
864 5894 1161 5966 speculam,
1189 5903 1244 5949 et
1282 5894 1460 5951 locum
1494 5896 1883 5953 cditisssimum

1989 5268 2133 5319 unde
2184 5268 2525 5336 circumspici
2569 5268 2621 5323 in
2645 5282 2838 5323 omnes
2865 5267 3071 5337 plagas,
3118 5274 3171 5322 et
3228 5266 3386 5337 longe
3455 5264 3587 5334 capi

2000 5347 2323 5409 prospectus
2365 5339 2557 5407 possit,
2606 5338 2878 5409 significat
2911 5355 2924 5391 :
2960 5336 3053 5394 Sed
3106 5336 3372 5409 explicavi
3406 5346 3581 5389 meta-

2002 5406 2251 5474 phoram,
2288 5406 2410 5463 cum
2458 5410 2592 5462 verti
2645 5406 2892 5473 apicem;
2928 5410 3227 5478 potuissem
3282 5406 3584 5478 enirnspe:

2000 5472 2199 5540 bulam,
2224 5472 2267 5532 si
2304 5479 2455 5533 verbi
2491 5472 2693 5534 sonum
2712 5472 3009 5533 voluissem
3040 5478 3366 5545 exprimere.
3404 5472 3589 5526 Simili

2002 5550 2320 5618 metaphora
2347 5550 2400 5602 in
2438 5566 2495 5603 re
2528 5551 2732 5617 dispari
2760 5566 2891 5603 usus
2917 5544 3577 5618 Tlteopirattes_Ni_c:eiiu_s,

2000 5612 2167 5687 epist:
2196 5620 2251 5683 5,
2288 5621 2381 5673 ubi
2406 5612 2652 5689 loquitur
2702 5621 2766 5672 de
2789 5612 3441 5689 dignitatesacerdotis:
3488 5612 3581 5689 Εζς

1999 5681 2258 5757 τοιαύτην
2288 5681 2604 5760 περιωτὶὴν,
2630 5691 2727 5744 καὶ
2759 5681 2920 5753 δέξαν
2939 5688 3264 5760 ἀνείκαστον
3282 5698 3307 5760 °_
3337 5682 3418 5733 Ad
3472 5681 3591 5760 tale

2001 5751 2294 5823 cacumen,
2357 5751 2405 5814 et
2470 5751 2934 5829 incomparabilem
2985 5759 3231 5828 gloriam.
3292 5751 3372 5807 Ita
3418 5753 3589 5807 verti.

1997 5830 2217 5887 Consal.
2256 5829 2457 5889 Ponce.
