4070 6416
333 372 436 440 897
1765 376 1901 440 H0)

2014 377 2104 440 .IA
2139 380 2210 442 L.
3529 386 3636 451 898

331 503 460 558 τωρ,
502 485 552 541 ει
573 487 742 553 δοκεῖ,
770 488 1000 558 λογικῆς
1064 490 1194 562 ὑμῖν
1218 487 1538 553 πανδαισίας
1599 490 1901 562 γενήσομαι

2035 507 2070 548 o
2115 505 2291 550 cattus
2339 492 2452 549 Deo
2502 492 2893 560 dilectissime,
2944 496 3271 554 concelebra
3323 498 3626 556 solemnem

343 578 534 648 Ὑμεῖς
565 580 718 644 δὲὼς
755 581 1083 652 δαιτυμόνες
1139 583 1424 636 σπουδαῖοι
1487 581 1609 654 μεθ’
1634 583 1830 654 ἡδονῆς
1860 602 1901 637 τι

2038 585 2184 640 hunc
2235 586 2377 641 diem
2403 625 2418 652 ,
2452 597 2505 641 et
2549 589 2808 657 patriam,
2840 591 3067 644 charum
3119 591 3319 657 solum,
3357 593 3633 662 aspiciens

332 672 666 742 προτεθέντα
696 674 1070 741 εἰσδέξασθαι,
1102 677 1197 729 καὶ
1254 675 1547 744 ἁρπαλέως
1599 674 1742 728 αὐτὰ
1808 677 1901 729 τοι

2042 687 2149 731 tam
2193 677 2443 748 religiose
2493 691 2812 734 sanctorum
2877 684 3196 737 memoriam
3239 685 3631 751 celebrantem,

329 764 430 834 τῆς
511 765 769 830 διανοίας
826 766 1006 820 ὀδοῦσι
1069 769 1413 835 κατέδοντες,
1483 767 1551 821 ἵν’
1597 766 1898 836 ἀπέλθοιμε

2038 768 2235 824 eﬂ'eror
2265 772 2495 836 gaudio,
2533 781 2585 824 et
2617 773 2855 827 exsulto.
2894 775 3157 844 Equidem
3197 791 3296 846 ego
3344 779 3632 833 rationalis

327 857 590 911 ἐντεῦθεν
612 860 1049 929 καρπωσάμενοι
1079 859 1179 929 τῆς
1241 860 1424 931 ψυχῆς
1482 858 1582 929 τὴν
1626 858 1901 926 ὠφέλειαν

2040 860 2286 929 hujusce.
2318 862 2559 931 lautique
2587 865 2817 919 convivii
2848 876 3054 935 patrem
3090 884 3177 922 me
3207 871 3388 937 vobis,
3424 873 3468 925 si
3505 873 3622 940 pla-

333 953 465 1020 ’Λγε
503 951 569 1015 δὴ
619 952 681 1004 τὸ
728 953 873 1023 ἱερὸν
937 953 1352 1024 ὰναπτήξαντες
1411 952 1783 1033 Εὐαγγέλιον,
1829 951 1901 1004 τὰη

2039 963 2148 1020 cet,
2175 955 2444 1010 exhibeo:
2480 973 2577 1011 vos
2609 959 2841 1013 verenti
2875 961 3102 1016 studiosi
3131 963 3380 1016 conviva:
3413 972 3466 1015 et
3500 978 3625 1017 cum

324 1043 765 1112 ἀναγνωσθείσας
799 1045 932 1115 ἡμῖν
967 1045 1180 1118 ὑψηλὰς
1207 1046 1464 1118 θεωρίας,
1522 1047 1599 1110 ὡς
1667 1046 1894 1100 δυνατὸν

2039 1046 2352 1115 voluptate,
2389 1062 2508 1116 qua:
2545 1058 2670 1102 sunt
2715 1052 2958 1118 apposita
2982 1091 2998 1116 ,
3031 1054 3213 1118 capite
3236 1095 3251 1118 ,
3278 1054 3630 1123 jucundeque

324 1134 764 1206 ἁνιχνεύσωμεν.

2034 1135 2288 1192 dentibus
2346 1138 2717 1209 intelligentia:
2762 1143 3122 1209 manducate,
3157 1155 3216 1200 ut
3267 1147 3394 1201 hinc
3442 1146 3627 1214 aliqua

323 1232 518 1285 anima:
587 1231 823 1285 utilitate
885 1243 1140 1303 percepta
1195 1232 1553 1289 decedamus.
1615 1233 1730 1302 Age
1783 1245 1916 1301 ergo
1956 1245 2177 1284 sacrum
2254 1232 2610 1302 Evangelium
2660 1235 2998 1305 explicantes
3067 1240 3330 1294 sublimes
3377 1254 3627 1296 contem-

321 1324 589 1392 plationes
623 1339 688 1376 ex
731 1324 799 1378 iis
831 1339 949 1392 quae
987 1324 1124 1378 lecta
1157 1336 1303 1387 sunt,
1338 1333 1606 1392 quantum
1645 1325 1696 1378 in
1743 1306 1907 1379 nobis
1949 1323 2078 1386 erit,
2111 1323 2510 1389 investigetnus
2544 1327 2613 1382 ".

391 1417 481 1486 Τῷ
518 1416 696 1488 καιρῷ
730 1418 930 1488 ἐκείνῳ
965 1437 984 1469 ι
1034 1421 1294 1490 Εἱστήκει
1323 1421 1351 1471 ὁ
1391 1419 1668 1486 Ἰωάννης,
1719 1420 1812 1473 καὶ
1857 1419 1901 1472 ὲι

2099 1417 2262 1490 343
2301 1420 2358 1474 lu
2423 1421 2514 1476 illo
2565 1431 2810 1493 tempore
2871 1441 2891 1476 ι
2933 1425 3096 1481 Stetit
3136 1425 3412 1494 Joannes,
3451 1439 3506 1483 et
3555 1439 3624 1484 ex

313 1509 428 1563 τῶν
455 1511 716 1582 μαθητῶν
747 1511 914 1564 αὑτοῦ
945 1511 1040 1565 δύο
1067 1529 1080 1542 ·
1120 1513 1218 1566 καὶ
1282 1512 1565 1583 ἐμϐλέψας
1621 1512 1700 1583 τῷ
1734 1512 1914 1582 Ἰησοῦ

316 1605 746 1672 περιπατοῦντι,
772 1605 923 1672 λέγει
951 1621 965 1634 ·
999 1606 1106 1658 Ἴδε
1134 1607 1162 1658 ὁ
1211 1604 1407 1676 Ἀμνδς
1437 1604 1532 1659 τοῦ
1565 1604 1705 1658 Θεοῦ
1741 1622 1756 1636 ο

315 1697 564 1766 ἥκουσαν
591 1697 758 1751 αὑτοῦ
782 1699 830 1751 οί
862 1698 957 1752 δύο
993 1699 1238 1770 μαθηταὶ
1301 1695 1616 1763 λαλοῦντος,
1646 1700 1739 1753 καὶ
1780 1701 1916 1767 ἡκο-

1818 1604 1918 1659 καὶ

2027 1509 2309 1578 discipulis
2339 1510 2460 1578 ejus
2504 1511 2610 1564 duo
2630 1550 2644 1573 ,
2674 1520 2730 1564 et
2781 1513 3080 1582 respiciens
3109 1514 3295 1571 Jesum
3329 1520 3617 1579 ambulan-

2022 1609 2166 1663 tem.
2196 1602 2374 1658 dicit:
2411 1603 2550 1657 Ecce
2585 1607 2791 1673 aAgnns
2843 1607 2982 1672 Dei,
3033 1618 3085 1662 et
3144 1610 3432 1664 audierunt
3489 1628 3610 1665 eum

2023 1692 2131 1748 duo
2175 1695 2428 1762 discipuli
2489 1697 2802 1765 loquentem
2861 1708 2917 1752 et
2964 1701 3136 1754 secuti
3189 1711 3314 1755 sunt
3351 1701 3558 1756 Jesum.
3598 1721 3620 1757 ι

315 1788 595 1858 λούθησαν
628 1789 706 1858 τῷ
759 1790 959 1860 Ἰησοῦ.
1006 1808 1024 1841 ι
1097 1790 1249 1861 Ἀρτι
1313 1788 1409 1841 τοῦ
1464 1791 1773 1859 προφήτου,
1829 1806 1901 1843 κα

2030 1782 2161 1837 Cum
2185 1786 2298 1852 jam
2331 1785 2419 1840 ille
2442 1788 2702 1856 propheta
2734 1787 2987 1858 idemque
3014 1806 3194 1860 praeco
3219 1803 3272 1847 et
3301 1792 3620 1852 Praecursor

313 1883 590 1950 κήρυκος,
643 1893 739 1933 καὶ
773 1882 1114 1953 Προδρόμου,
1153 1881 1248 1935 καὶ
1288 1882 1601 1936 Βαπτιστοῦ
1653 1882 1752 1945 τὰς
1783 1883 1909 1952 ἐρη-

315 1975 490 2043 μικὰς
537 1973 900 2038 ἀπολιπόντος
963 1975 1267 2044 διατριϐὰς,
1327 1964 1425 2029 καὶ
1473 1977 1572 2040 τὰς
1643 1976 1911 2047 Ἰορδάνου

310 2067 721 2130 καταλαϐόντος
750 2069 900 2137 ῥοὰς,
939 2070 1034 2121 καὶ
1059 2068 1413 2138 ὲκφαίνοντος
1442 2071 1544 2132 τὰς
1593 2069 1693 2139 τῆς
1730 2086 1901 2138 μετα-

311 2157 469 2221 νοίας
499 2161 698 2226 αὐγὰς,
735 2161 830 2212 καὶ
858 2162 1190 2230 τρανοῦντος
1221 2161 1321 2225 τὰς
1347 2161 1478 2232 περὶ
1515 2162 1611 2214 τοῦ
1643 2161 1901 2231 Σωτῆρος

311 2250 529 2318 φωνὰς,
566 2252 826 2324 συνέρρεε
862 2253 963 2322 μὲν
1007 2255 1035 2306 ὁ
1088 2253 1218 2316 λαὸς
1273 2253 1412 2324 πρὸς
1471 2254 1532 2307 τὸ
1606 2253 1912 2324 βάπτισμα.

308 2343 592 2414 ’Ἔρχεται
625 2343 681 2395 δὲ
716 2344 812 2396 καὶ
840 2345 1004 2407 αὐτὸς
1032 2346 1059 2396 ὁ
1087 2345 1370 2415 Δεσπότης
1389 2347 1550 2416 ἡμῶν
1592 2346 1794 2415 Ἰησοῦς
1822 2345 1917 2400 καὶ

308 2439 702 2506 χειραπτείται
732 2440 798 2507 τῇ
821 2439 1058 2510 παλάμῃ
1117 2438 1212 2491 τοῦ
1254 2437 1591 2502 Βαπτιστοῦ,
1630 2438 1916 2508 καθαίρων

311 2531 546 2590 πάντως
587 2530 686 2597 ἐμὲ
727 2530 815 2582 διὰ
847 2530 942 2583 τοῦ
1000 2531 1385 2601 βαπτίσματος
1420 2547 1433 2560 ·
1466 2532 1529 2582 οὐ
1557 2532 1666 2600 γὰρ
1701 2533 1915 2595 ἐκεῖνος

307 2619 495 2690 δήπου
537 2621 711 2672 ἐδεῖτο
751 2621 1099 2693 καθάρσεως.
1145 2622 1204 2675 '0
1237 2624 1335 2693 μὲν
1374 2622 1468 2676 οὖν
1511 2624 1764 2692 Ἰωάννης
1788 2623 1914 2677 καί·

314 2727 432 2780 περ
465 2711 622 2773 εἰδὼς
661 2713 825 2765 αὑτὸν
883 2718 944 2766 ἐκ
1001 2715 1262 2784 γαστρὸς,
1326 2717 1422 2768 καὶ
1461 2716 1823 2785 μαρτυρήσας
1853 2717 1920 2770 ὲκ

311 2801 517 2872 νηδύος
545 2804 678 2874 πρὶν
700 2805 765 2875 δὴ
799 2806 890 2857 καὶ
921 2806 1115 2874 βλέψαι
1146 2807 1237 2859 τὸν
1255 2807 1433 2878 ἥλιον,
1497 2808 1649 2875 ὅμως
1693 2806 1917 2876 βεϐαιόο

311 2910 483 2963 τερος
522 2897 736 2963 γίνεται
783 2901 846 2966 τῇ
902 2901 958 2950 ἐν
999 2899 1130 2952 εἴδει
1186 2901 1522 2969 περιστερᾶς
1574 2902 1920 2972 ἐπιφοιτήσει

306 2988 409 3040 τοῦ
451 2989 796 3058 Πνεύματος,
836 2995 930 3043 καὶ
960 2995 1027 3062 τῇ
1056 2991 1266 3046 ἄνωθεν
1297 2991 1394 3044 τοῦ
1437 2993 1657 3062 Πατρὸς
1697 3009 1916 3063 μαρτυ-

309 3082 433 3152 ρίᾳ,
467 3084 560 3134 καὶ
588 3083 806 3136 ἵσταται
836 3085 1208 3156 ὲδραιότερος.
1241 3084 1417 3138 Τοῦτο
1447 3085 1556 3155 γὰρ
1582 3084 1808 3156 ᾐνίξατο
1823 3086 1912 3141 διὰ

2017 1887 2070 1930 et
2099 1877 2340 1946 Baptista
2393 1879 2445 1932 in
2478 1893 2662 1933 eremo
2712 1884 3048 1936 commorari
3116 1884 3407 1950 desiisset,
3454 1899 3507 1941 et
3554 1890 3622 1944 ad

2018 1961 2272 2020 Jordanis
2337 1964 2536 2021 ﬂutnen
2596 1967 2948 2036 advenisset,
3001 1988 3238 2041 cumque
3301 1977 3624 2042 splendores

2019 2059 2356 2128 ptenitentiae
2389 2062 2749 2126 ostenderet,
2783 2074 2837 2116 et
2885 2079 3005 2133 quae
3038 2064 3106 2120 ab
3159 2066 3445 2124 Salvatore
3476 2071 3622 2126 dicta

2020 2147 2234 2205 fuerant
2263 2194 2278 2216 ,
2311 2153 2361 2206 in
2395 2163 2642 2222 apertum
2671 2195 2684 2218 ,
2739 2154 3023 2224 lucemque
3078 2156 3348 2224 proferret
3374 2199 3389 2224 ,
3421 2161 3486 2212 ad
3522 2161 3616 2214 ba-

2021 2244 2278 2311 ptismum
2312 2245 2540 2314 populus
2573 2244 2912 2302 conﬂuebat.
2954 2248 3114 2302 Venit
3148 2264 3276 2302 vero
3308 2250 3471 2305 etiam
3504 2252 3621 2321 ipse

2025 2335 2288 2390 Dominus
2320 2349 2502 2391 noster
2535 2337 2716 2401 Jesus,
2750 2349 2803 2393 et
2842 2340 3012 2408 ipsius
3036 2338 3294 2410 Baptista:
3322 2359 3483 2396 manu
3505 2344 3616 2413 (88)

2020 2429 2378 2499 contingitur,
2411 2444 2498 2482 me
2529 2433 2754 2485 omnino
2799 2447 2899 2500 per
2938 2431 3090 2485 illum
3127 2432 3452 2502 baptismum
3485 2450 3618 2502 pur-

2022 2535 2197 2589 gans;
2247 2537 2420 2590 neque
2453 2522 2596 2575 enim
2640 2522 2988 2592 purgationis
3035 2523 3334 2592 indigebat.
3379 2525 3618 2591 Joannes

2025 2603 2189 2681 igitur
2218 2629 2529 2684 quanquam
2583 2613 2732 2668 illum
2778 2627 2844 2668 ex
2891 2615 3081 2668 matris
3115 2625 3304 2670 ventre
3353 2619 3614 2684 novisset,

2021 2714 2076 2758 et
2106 2715 2400 2774 antequam
2451 2707 2622 2760 solem
2673 2705 2982 2772 aspiceret,
3016 2716 3244 2762 testatus
3281 2707 3431 2762 illum
3470 2720 3619 2767 esset

2022 2815 2089 2854 ex
2128 2811 2305 2867 utero,
2343 2817 2467 2854 cum
2500 2810 2678 2854 tamen
2711 2799 2948 2868 Spiritus
2996 2813 3219 2856 sanctus
3267 2803 3320 2856 in
3355 2804 3618 2859 columbae

2023 2895 2207 2960 specie
2253 2909 2422 2963 super
2446 2910 2571 2948 eum
2605 2896 2792 2961 venit,
2849 2904 2904 2950 et
2939 2895 3105 2950 Pater
3136 2905 3367 2952 testatus
3396 2905 3479 2950 est
3515 2897 3616 2952 de-

2034 3002 2220 3054 super,
2253 2988 2463 3041 ﬁrmior
2505 2989 2554 3040 in
2590 2985 2707 3054 ejus
2753 2987 3064 3056 cognitione
3099 2987 3458 3055 stabiliorque
3487 3003 3616 3056 per-

2028 3081 2194 3135 sistit.
2231 3082 2341 3136 lloc
2369 3082 2511 3135 enim
2555 3083 2792 3148 quodam
2843 3082 2993 3148 quasi
3039 3082 3331 3148 asnigmate
3383 3081 3614 3138 involvit

302 3173 408 3242 τῆς
447 3173 688 3236 στάσεως
712 3175 772 3228 τὸ
801 3177 947 3247 ίερδν
971 3177 1324 3245 Εὑαγγέλιον.
1346 3177 1567 3247 Ἐπειδὴ
1587 3179 1698 3246 γὰρ
1739 3178 1901 3232 πολλὰ

2025 3174 2075 3225 in
2110 3173 2280 3228 verbo
2314 3174 2494 3228 standi
2536 3171 2911 3240 livangelinm.
2962 3174 3229 3238 Quoniam
3261 3173 3405 3236 enim
3445 3175 3610 3228 multa

305 3266 443 3336 περὶ
474 3267 712 3337 Χριστοῦ
742 3268 1008 3338 πρότερον
1059 3269 1283 3338 εἴρηκεν
1312 3283 1327 3298 ·
1363 3286 1380 3319 ι
1421 3271 1534 3322 Οὐκ
1577 3271 1696 3338 εἰμὶ
1755 3269 1866 3336 ἐγὼ
1890 3272 1917 3322 ὁ

302 3358 570 3427 Χριστὸς,
594 3379 611 3411 ι
659 3361 775 3427 καὶ,
803 3381 819 3413 ι
871 3363 1546 3434 Ἐρχεταιόἰσχυρότερός
1577 3381 1705 3432 μου,
1748 3383 1767 3415 ι
1801 3365 1917 3432 καὶ,

308 3466 330 3500 ι
363 3449 438 3502 '0
457 3451 752 3521 ἐρχόμενος
787 3455 962 3505 ὀπίσω
993 3470 1093 3523 μου
1144 3453 1454 3525 ἔμπροσθέν
1521 3471 1624 3524 μου
1674 3455 1918 3523 γέγονεν,

301 3542 382 3605 ὡς
414 3543 494 3613 μὴ
519 3543 784 3599 δύνασθαί
820 3563 888 3616 με
915 3547 1008 3599 τὸν
1041 3547 1244 3618 ἱμάντα
1273 3547 1455 3610 λῦσαι,
1478 3548 1574 3600 τὸν
1601 3547 1910 3616 δεσμοῦντα

304 3634 509 3688 τούτου
540 3637 603 3687 τὸ
633 3635 874 3690 πέδιλον.
918 3656 938 3689 ι
976 3637 1089 3690 Καὶ
1151 3638 1259 3708 μὴν
1298 3639 1397 3691 καὶ
1456 3640 1760 3709 πνεύματι,
1814 3639 1910 3691 καὶ

307 3729 452 3800 πυρὶ
485 3727 770 3792 βαπτίζειν
799 3724 957 3783 εἶπεν
983 3731 1171 3791 αὑτὸν,
1207 3731 1302 3785 καὶ
1326 3725 1414 3784 οἷα
1445 3733 1614 3785 πτύον
1665 3733 1768 3800 τὴν
1810 3747 1912 3783 κα-

302 3821 580 3892 θαρτικὴν
603 3823 790 3894 φέρειν
834 3823 1087 3892 δύναμιν,
1115 3825 1223 3876 ἀπδ
1273 3823 1366 3877 τοῦ
1442 3825 1751 3894 εὐχρήστου
1775 3824 1915 3876 διαι-

306 3909 519 3979 ροῦσαν
549 3911 608 3962 τὸ
631 3910 932 3982 ἄχρηστον.
969 3913 1080 3966 Καὶ
1117 3931 1136 3964 ι
1173 3913 1282 3966 Ἴδε
1321 3914 1349 3966 ὁ
1393 3913 1591 3984 Ἀμνὸς
1621 3913 1716 3967 τοῦ
1748 3912 1909 3975 Θεοῦ,

301 4002 330 4053 ὁ
358 4003 538 4071 αἴρων
563 4002 662 4074 τὴν
691 4004 972 4074 ἁμαρτίαν
1017 4004 1111 4057 τοῦ
1138 4006 1348 4075 κόσμου
1380 4019 1395 4036 ⁸
1438 4025 1456 4059 ι
1489 4008 1548 4060 ὲν
1565 4007 1739 4077 ταύτῃ
1762 4005 1818 4058 δὲ
1841 4006 1907 4075 τῇ

306 4095 597 4168 μαρτυρίᾳ
656 4097 800 4166 μάλα
848 4097 1097 4168 στερρῶς
1173 4096 1424 4167 ἑστηκὼς
1513 4096 1906 4168 ἀμετεωρίστῳ

301 4193 400 4242 καὶ
429 4189 642 4242 ἁκλινεῖ
681 4189 949 4261 λογισμῷ,
980 4190 1208 4253 εἰκότως
1234 4192 1459 4245 ἑστάναι
1491 4190 1738 4259 λέγεται,
1824 4191 1901 4251 ὡς

371 4375 426 4405 ⁵⁸
459 4370 616 4424 Juan.
654 4385 707 4435 I,
740 4371 809 4425 '56
839 4386 992 4440 seqq.
1067 4370 1112 4402 ⁸⁷
1145 4367 1303 4424 Joan.
1336 4387 1382 4436 ι,
1409 4369 1501 4424 20.
1579 4370 1626 4402 ⁸⁸
1704 4370 1894 4426 Matth.

304 4443 392 4497 16.
474 4442 518 4472 ⁸⁸
563 4441 695 4496 Ibid.
739 4443 824 4495 l7.
899 4442 945 4473 δ’
985 4441 1142 4496 .Ioan.
1181 4457 1236 4506 ι,
1277 4441 1368 4496 29.
1434 4452 1436 4454 ·

2023 3278 2152 3322 ante
2191 3270 2256 3322 de
2308 3268 2526 3322 Christo
2576 3267 2790 3321 dixerat
2833 3283 2847 3320 ι
2901 3285 2920 3318 ι
2966 3265 3078 3321 Non
3130 3284 3247 3321 sum
3301 3283 3402 3337 ego
3453 3268 3615 3322 Chri-

2024 3372 2142 3417 stus
2168 3361 2244 3426 l'7;
2282 3380 2301 3412 ι
2333 3372 2388 3416 et
2438 3380 2451 3416 :
2494 3380 2512 3412 ι
2552 3361 2769 3417 Fortior
2800 3376 2885 3415 tne
2917 3361 3064 3416 venit
3098 3360 3184 3426 δθς
3223 3381 3239 3411 ι
3285 3372 3340 3416 et
3385 3378 3398 3415 :
3455 3380 3472 3412 ι
3507 3361 3614 3426 Qui

2026 3465 2148 3524 post
2174 3469 2258 3508 me
2288 3457 2473 3519 venit,
2507 3464 2638 3508 ante
2669 3469 2754 3508 me
2785 3453 2963 3507 factus
2995 3463 3080 3507 est
3103 3493 3120 3517 ,
3171 3451 3334 3519 cujus
3368 3469 3468 3524 ego
3501 3469 3610 3508 non

2025 3561 2144 3600 smn
2179 3546 2374 3615 dignus
2431 3555 2491 3598 ut
2541 3545 2750 3600 solvam
2799 3543 2920 3613 ejus
2965 3545 3254 3614 corrigiam
3303 3545 3612 3600 calcanten-

2024 3640 2061 3692 ti
2094 3638 2158 3691 ".
2200 3657 2220 3690 ι
2276 3637 2344 3692 Ει
2377 3653 2506 3692 vero
2535 3639 2714 3707 ipsum
2746 3640 2796 3690 in
2841 3639 3048 3708 Spiritu
3092 3648 3147 3692 et
3181 3639 3289 3706 igni
3323 3638 3608 3705 baptizare

2018 3733 2234 3787 dixerat
2263 3732 2310 3762 "
2336 3770 2354 3797 ,
2390 3739 2445 3785 et
2477 3731 2632 3797 quasi
2681 3731 3046 3784 ventilabrum
3078 3729 3342 3798 purgandi
3376 3728 3609 3783 faculta-

2015 3835 2123 3880 tem
2157 3825 2201 3858 ⁸⁸
2226 3863 2242 3889 ,
2291 3831 2350 3876 et
2380 3821 2532 3875 utilis
2558 3822 2626 3874 ab
2661 3821 2837 3873 inutili
2875 3821 3197 3874 secernendi
3227 3820 3280 3873 iu
3311 3835 3473 3874 manu
3511 3823 3609 3875 ha-

2016 3923 2253 3982 bere;et
2300 3933 2315 3969 :
2375 3932 2394 3966 ι
2437 3914 2581 3968 Ecce
2625 3929 2801 3981 agnus
2850 3912 2942 3965 Dei
2990 3912 3081 3981 qui
3135 3912 3273 3968 tollit
3321 3923 3605 3978 peccatum

2017 4007 2204 4063 mundi
2235 4007 2320 4072 ⁸²;
2363 4023 2382 4056 ι
2437 4019 2563 4058 cum
2598 4003 2764 4072 igitur
2808 4003 3100 4056 admodum
3145 4001 3374 4055 ﬁrmiter
3415 4003 3466 4054 itt
3503 4001 3608 4057 hac

2023 4097 2410 4154 testiﬁcatione
2461 4095 2784 4164 persisteret
2814 4135 2829 4160 ,
2883 4109 2981 4148 nec
3033 4095 3153 4159 ejus
3196 4095 3410 4148 excelsa
3447 4111 3608 4150 mens

2024 4191 2207 4260 aliqua
2249 4205 2318 4244 ex
2356 4196 2512 4259 parte
2539 4197 2795 4251 nutaret,
2853 4186 3050 4240 merito
3079 4186 3265 4268 dictus
3303 4195 3389 4242 est
3435 4197 3604 4250 stare,

2727 4367 2771 4400 δ’
2797 4366 2955 4425 Joan.
2988 4385 3042 4435 ι,
3073 4369 3164 4427 27.

2009 4386 2109 4434 ιιι,
2147 4370 2255 4438 22;
2297 4369 2462 4425 Marc.
2498 4385 2552 4434 ι,
2593 4367 2646 4422 7.
2727 4367 2771 4400 δ’
2797 4367 2955 4425 Joan.
2988 4385 3042 4435 ι,
3073 4369 3164 4427 27.
3244 4369 3289 4400 ⁸⁰
3324 4368 3457 4425 Luc.
3499 4385 3599 4434 ιιι,

1564 4554 1892 4618 Francisci
1929 4557 2136 4618 Scnrsi
2179 4562 2369 4616 uotae.

309 4701 426 4740 uno
450 4684 616 4738 verba
642 4681 1015 4754 dicuntiidem
1045 4682 1756 4754 c'tvrtrtalapysiv,'maxime
1777 4698 1906 4754 vero
1941 4688 1985 4744 ι)
2015 4684 2232 4746 accepit,
2261 4697 2377 4735 cum
2403 4679 2589 4754 relatio
2611 4679 3152 4754 gratiaruiu’ciconice
3191 4680 3443 4735 vocabqu
3462 4699 3600 4737 mm-

305 4755 548 4811 ol'l‘tcinin
604 4753 878 4808 nutrieudi
936 4753 1266 4821 fovendique
1320 4753 1417 4807 eos
1470 4769 1501 4808 a
1547 4754 1748 4822 quibus
1787 4753 1892 4808 ali-

305 4825 528 4896 quando
565 4822 733 4878 fneris
759 4825 1018 4878 educatus
1050 4834 1164 4896 aut,
1192 4826 1468 4896 institutus
1503 4842 1516 4878 :
1545 4832 1603 4896 ut
1640 4826 1682 4876 si
1718 4824 1872 4896 liberi

306 4893 472 4950 a-tate
501 4895 674 4949 fessos
708 4907 960 4962 parentes
987 4895 1225 4947 vicissim
1256 4895 1422 4957 alant,
1449 4905 1508 4947 ut
1547 4893 1592 4947 si
1627 4893 1884 4962 discipuli

306 4980 699 5035 prasceptorein
735 4965 966 5035 inviCern
1015 4965 1285 5035 erudiant.
1321 4962 1387 5035 lil
1419 4980 1447 5016 a
1501 4964 1734 5035 ciconite
1794 4979 1890 5016 na-

307 5032 431 5090 iura
460 5050 756 5102 sumptum,
779 5049 899 5100 quae
925 5032 1129 5088 Graecis
1151 5033 1431 5103 πελαργὸς
1455 5035 1672 5087 dicitur.
1701 5034 1888 5098 Quan-

308 5120 423 5161 tum
453 5107 614 5168 enim,
642 5107 818 5173 inquit
853 5103 1072 5156 Solinus
1109 5120 1224 5170 cap.
1250 5103 1342 5166 45,
1369 5105 1720 5170 impenderim
1747 5108 1885 5155 cico-

308 5194 412 5230 nia:
433 5176 622 5244 fetibus
646 5178 956 5239 educandis,
988 5183 1191 5225 lavitum
1217 5183 1265 5226 et
1299 5177 1424 5240 ipsa:
1451 5190 1567 5226 cum
1592 5175 1883 5244 senuerint,

308 5264 340 5300 α
384 5243 543 5314 pullis
574 5247 684 5297 suis
718 5245 931 5298 invicem
964 5244 1202 5296 aluntur.
1257 5244 1526 5314 Insignem
1567 5253 1622 5296 et
1659 5243 1879 5312 longum

308 5313 443 5369 satis
496 5317 561 5369 de
609 5315 846 5369 Cicuniae
901 5317 1104 5381 pietate
1159 5315 1332 5367 locum
1379 5313 1449 5366 ’D.
1504 5314 1774 5381 Ambrosii
1828 5315 1882 5367 in

311 5385 540 5440 ﬂexam.
576 5385 816 5438 referunt
849 5380 1046 5436 laudati
1084 5400 1111 5434 ιι
1144 5401 1228 5437 me
1257 5383 1516 5437 Meudoza
1551 5394 1604 5436 et
1641 5380 1884 5438 Lacerda

309 5458 551 5524 itemque
579 5455 874 5525 perbelluni
903 5456 1171 5507 emblema
1201 5455 1394 5508 Aleiati
1425 5456 1490 5507 de
1521 5456 1732 5525 eadem,
1764 5469 1884 5522 quae

309 5541 435 5580 cum
473 5524 613 5593 apud
661 5540 759 5579 eos
806 5524 860 5576 iit
913 5534 1164 5592 promptu
1221 5526 1446 5588 habeas,
1496 5524 1576 5578 vel
1619 5524 1783 5576 etiam
1817 5525 1884 5577 ab

313 5598 438 5662 ipso
462 5599 637 5664 possis
661 5604 1111 5665 petere-auctore,
1131 5597 1516 5661 supervacanei
1540 5605 1686 5647 esset
1707 5596 1891 5662 operis

314 5667 423 5720 huc
456 5663 682 5720 referre.
719 5663 865 5717 Nihil
898 5673 1079 5716 autem
1112 5667 1312 5717 vetabit
1344 5666 1483 5719 hanc
1519 5676 1702 5718 notam
1753 5679 1886 5730 pau-

315 5737 456 5790 colis
483 5739 652 5806 ipsius
684 5732 973 5806 Ambrosii
989 5736 1172 5788 verbis
1204 5737 1496 5806 obsignare
1541 5752 1555 5788 :
1598 5735 1889 5806 lictributio

316 5803 686 5875 beneficiorum
719 5804 1198 5875 ἅντιπελάργωσις
1251 5805 1576 5858 nominaturi
1613 5803 1890 5874 πελαργὸς

317 5873 454 5932 enini
495 5876 702 5934 ciconia
751 5873 1198 5931 dicitur.'i'irtus
1255 5876 1431 5946 itaque
1479 5875 1543 5930 ab
1576 5877 1656 5931 his
1703 5889 1890 5931 nomen

2011 4765 2255 4814 cupatur.
2331 4757 2503 4819 Atque
2563 4750 2676 4803 hinc
2733 4760 2816 4802 est
2871 4751 3350 4820 ἁντιπελὰργωσις
3420 4757 3593 4810 n0stri

2001 4823 2376 4890 Theophanis,
2416 4822 2507 4888 qui
2543 4819 2820 4890 sermonis
2852 4821 3086 4888 gratiam
3130 4819 3313 4874 retulit
3359 4824 3404 4874 ei
3451 4833 3592 4876 tem-

1999 4895 2106 4960 plo,
2135 4887 2216 4945 vel
2249 4887 2580 4945 monasterio
2617 4887 2674 4942 S.
2712 4887 2942 4960 Andrea:
2971 4911 2995 4941 a
3029 4907 3137 4958 quo
3167 4897 3279 4958 ipse
3311 4895 3597 4949 institutus

1997 4959 2132 5032 puer
2180 4979 2335 5016 sacra
2392 4963 2661 5015 doetrina.
2711 4959 2830 5032 Nec
2888 4976 3018 5014 vero
3083 4965 3332 5015 omittam
3396 4978 3594 5018 scitum

1993 5029 2270 5101 quippiam
2305 5043 2358 5085 et
2386 5034 2512 5085 huic
2547 5031 2718 5082 nostri
2755 5029 3111 5101 Timophanis
3147 5036 3331 5098 pietati
3367 5050 3430 5087 ac
3462 5052 3596 5088 scu-

1991 5099 2258 5173 s‘nivbeile
2289 5104 2611 5164 concinens,
2655 5102 2876 5167 quodin
2916 5099 3030 5153 Vita
3077 5101 3135 5155 S.
3192 5104 3446 5156 ltadhi-rti
3501 5121 3598 5173 per

1992 5171 2254 5227 Jac-chum
2282 5174 2336 5226 Si
2349 5173 2633 5242 rnmndnm
2659 5187 2774 5225 δυσ.
2794 5185 3014 5232 nostrae,
3035 5175 3152 5238 cJUs
3173 5176 3428 5242 operibus
3459 5171 3600 5240 pia!-

1993 5245 2097 5296 iita
2139 5245 2333 5308 legitur
2377 5259 2390 5296 :
2429 5242 2490 5294 In
2523 5239 2673 5292 Psal.
2716 5242 2913 5309 inquit,
2974 5257 3096 5295 λων
3122 5285 3136 5303 ,
3167 5239 3428 5311 insignem
3462 5239 3592 5296 Vtra-

1990 5323 2194 5366 ctatum
2239 5315 2406 5365 tribus
2449 5313 2719 5363 contexuit
2765 5313 2914 5363 libris
2945 5318 3011 5363 ad
3046 5315 3483 5366 sanctimoniales
3521 5313 3584 5365 Β.

2005 5383 2148 5455 Virg.
2175 5382 2566 5455 Suessioneusis
2591 5386 2816 5446 gratiam
2849 5383 2955 5434 illis
2984 5386 3266 5455 rependens
3293 5386 3589 5450 primuna',

1991 5451 2148 5519 qua?"
2181 5452 2321 5514 apud
2353 5453 2478 5504 illas
2507 5451 2782 5511 hauserat,
2818 5454 3174 5506 educationis.
3221 5453 3358 5506 Ecce
3392 5469 3579 5520 parent

2001 5523 2259 5576 Radhct'ti
2288 5527 2564 5591 pietatem.

2076 5595 2188 5663 (88)
2235 5593 2414 5662 Ipsius
2470 5591 2728 5656 Baptista
2761 5609 2944 5647 manu.
2997 5591 3184 5646 Grieca
3244 5606 3344 5643 vox
3391 5606 3584 5663 χειρατ

2000 5661 2233 5727 «tesca,
2269 5661 2431 5733 quam
2467 5668 2770 5730 emphasim
2821 5675 2874 5718 et
2911 5667 3160 5731 Spiritum
3206 5663 3401 5714 haheat
3445 5661 3587 5727 apud

2002 5734 2103 5788 SS.
2153 5731 2342 5791 Patres
2375 5731 2616 5789 Graecos
2657 5734 2929 5804 explicavi
2963 5735 3126 5787 latius
3173 5733 3260 5785 ad.
3307 5733 3456 5786 hom.
3488 5735 3588 5797 28,

2003 5816 2116 5862 not.
2168 5805 2259 5861 78.
