4070 6402
455 370 568 433 899

1641 356 2138 422 THEOPHANIS
2177 352 2522 416 CERAMEI

3625 349 3742 412 900

462 499 520 542 ut
549 485 642 556 qui
675 485 729 540 in
763 482 922 538 aliam
954 479 1278 540 sententiam
1332 493 1437 532 non
1483 477 1738 532 transiret
1766 517 1781 540 ,
1824 483 1880 531 et
1912 490 2032 545 qua:

2142 473 2216 546 μὴ
2250 474 2614 545 μεταπίπτων
2642 468 2722 531 εἰς
2752 467 2948 538 ἐτέρας
2966 464 3201 529 ἑννοίας,
3244 463 3368 534 μηδ’
3401 461 3632 516 ἀλλοιῶν
3667 463 3736 517 τὰ

459 579 719 653 praeclare
752 577 1007 648 prmdicta
1060 573 1312 634 fuerant,
1361 583 1470 622 non
1523 576 1775 622 mutaret.
1829 565 1886 619 ln
1929 579 2038 634 quo

460 687 616 737 sane,
646 680 700 725 ut
732 667 965 722 maxime
993 663 1324 733 congruebat
1355 703 1371 727 ,
1421 669 1584 729 utque
1643 659 1870 727 dignum
1922 667 2039 712 erat

464 781 561 820 sua
599 767 836 827 vir-tute,
885 775 944 814 se
990 757 1178 827 gessit.
1234 754 1418 824 Neque
1469 753 1612 808 enim
1667 751 1878 806 arundo
1923 759 2042 804 erat

467 867 627 912 vento
655 855 855 923 agitata
876 892 891 916 ,
924 850 1002 905 uti
1034 849 1102 904 de
1135 849 1227 901 illo
1255 846 1494 902 vicissim
1545 852 1776 899 testatus
1811 852 1912 908 est,
1946 841 2040 912 qui

465 964 610 1003 nunc
663 946 991 1015 praedicatur
1038 941 1107 994 ab
1155 940 1302 1008 ipso,
1339 939 1433 992 sed
1487 947 1546 990 ut
1602 935 1821 990 Davidis
1861 934 2042 989 verbis

462 1053 608 1104 utar,
641 1041 836 1092 animae
863 1038 1077 1107 plantas
1119 1035 1175 1088 in
1223 1042 1375 1102 petra
1405 1029 1766 1086 confessionis
1796 1038 2040 1085 statuens

460 1131 766 1201 permansit
817 1126 1113 1182 immobilis
1147 1124 1216 1178 ⁸⁸.
1251 1122 1402 1188 Quod
1459 1131 1636 1175 autem
1687 1132 1858 1175 stams
1909 1134 2041 1173 con-

456 1224 719 1278 stantiam
767 1223 820 1275 in
872 1221 1086 1287 agendo
1133 1215 1404 1286 signiﬁcet
1455 1213 1799 1267 Psalmorum
1849 1220 2042 1267 cantor

455 1315 735 1370 ostendit:
791 1331 809 1363 ι
847 1310 1036 1364 Juravi
1067 1351 1081 1374 ,
1115 1308 1212 1372 ait,
1247 1317 1300 1361 et
1333 1306 1496 1360 statui
1543 1306 1817 1360 custodire
1865 1303 2039 1374 legem

459 1421 609 1462 tuam
669 1407 737 1459 ⁵⁸.
797 1423 818 1456 ι
885 1405 976 1458 Sic
1024 1402 1312 1456 Dominum
1365 1401 1534 1454 Amos
1587 1397 1850 1468 propheta
1905 1397 2041 1451 vidit

462 1508 700 1554 stantem
736 1501 788 1551 in
821 1496 1173 1551 adamantina
1210 1507 1395 1556 muro,
1446 1506 1542 1559 per
1588 1500 1789 1545 statum
1835 1488 2043 1542 stabili-

455 1601 622 1646 tatem
661 1588 771 1659 (89)
808 1587 1088 1650 indicans,
1125 1600 1222 1654 per
1269 1584 1616 1634 adamantcm
1667 1576 2040 1633 fortitudinem

455 1682 937 1747 constantiamque
966 1675 1302 1745 significans.
1335 1673 1417 1726 Ad
1452 1673 1594 1726 hunc
1623 1671 1788 1726 etiam
1822 1671 2040 1725 modum

457 1771 772 1842 Stephanus
804 1769 1088 1839 phalangis
1117 1775 1420 1836 martyrum
1454 1761 1622 1835 344
1652 1763 2038 1834 antesignanus

460 1828 748 1918 Dominum
786 1828 920 1915 vidit
971 1828 1206 1914 stantem
1335 1828 1557 1910 dextris-
1589 1828 1716 1909 -Dei.
1784 1873 1804 1906 ι
1833 1828 2038 1911 ‘Stabat
2067 1828 2115 1887 B

451 1960 690 2014 Joannes
719 1997 735 2020 ,
768 1965 822 2011 et
853 1972 916 2011 ex
952 1953 1234 2024 discipulis
1267 1951 1382 2019 ejus
1413 1953 1519 2005 duo
1564 1951 1634 2006 ⁵⁸.
1693 1969 1710 2002 ι
1760 1949 1881 2005 Jam
1911 1951 2041 2020 quid

453 2068 551 2122 per
593 2060 796 2105 statum
851 2045 1078 2102 Joannis
1127 2045 1492 2114 signiﬁcatum
1549 2043 1656 2109 sit,
1703 2049 1760 2096 ut
1805 2042 2043 2096 breviter

455 2142 654 2210 potuit,
688 2138 1021 2208 explicatum
1053 2144 1158 2189 est.
1215 2135 1578 2200 Qumrendum
1611 2147 1743 2187 vero
1792 2147 1934 2187 nunc
1962 2132 2040 2186 vi-

456 2230 651 2293 detur,
685 2225 818 2296 quid
869 2224 1086 2278 tandem
1119 2221 1220 2277 sibi
1255 2222 1422 2288 velit,
1460 2223 1602 2292 quod
1657 2237 1778 2276 cum
1827 2235 1894 2276 eo
1938 2223 2042 2274 duo

454 2319 704 2388 discipuli
760 2315 986 2372 fuerint.
1019 2313 1148 2369 Haac
1201 2315 1348 2368 enim
1393 2314 1548 2383 juxta
1594 2312 1870 2368 historiam
1912 2328 2042 2367 sane

457 2422 585 2467 sunt
621 2412 762 2465 facta
787 2451 800 2475 ,
833 2411 926 2464 sed
964 2407 1105 2462 facta
1137 2414 1293 2462 erant
1328 2406 1441 2478 (90)
1495 2421 1674 2462 rerum
1728 2405 2043 2475 intelligibi-

457 2507 586 2559 lium
623 2504 941 2559 simulacra.
977 2504 1042 2556 Et
1074 2516 1208 2556 sane
1235 2503 1325 2571 qui
1356 2503 1576 2572 elegans
1599 2543 1614 2568 ,
1649 2511 1701 2556 et
1740 2501 2040 2570 pulchritu-

456 2598 601 2651 dinis
641 2611 833 2650 amans
863 2605 946 2649 est
967 2634 982 2658 ,
1012 2595 1255 2648 eximens
1285 2594 1612 2647 exteriorem
1644 2608 1785 2648 rosae
1822 2591 2040 2647 follieu-

455 2691 590 2756 lum;
619 2691 760 2759 quod
797 2689 942 2742 intus
969 2698 1051 2742 est
1081 2687 1318 2756 pulchri,
1347 2686 1608 2754 decerpit.

533 2783 674 2848 Quid
732 2781 897 2851 igitur
962 2779 1346 2847 discipulorum
1411 2778 1680 2832 binarium
1729 2776 2040 2833 indicabat?

461 2884 522 2928 ut
575 2890 674 2944 ego
727 2875 943 2944 quidem
980 2873 1193 2942 opinor,
1239 2882 1401 2944 typus
1467 2879 1586 2926 erat
1643 2885 1930 2942 synagoga:
1985 2879 2040 2926 et

455 2965 716 3021 Ecclesia:
743 2981 808 3020 ex
860 2968 1114 3036 gentibus
1147 2975 1509 3034 congregatae.
1557 2961 1840 3018 Neminem
1891 2964 2035 3018 enim

458 3067 702 3112 vestrum
737 3058 978 3112 arbitror
1005 3058 1278 3126 ignorare,
1307 3057 1454 3125 quod
1492 3070 1721 3126 magnus
1751 3055 1839 3111 ille
1867 3054 2038 3110 loeti--

2143 562 2554 624 τεθεσπισμένα
2585 559 2792 624 καλῶς.
2833 558 2946 612 Καὶ
2987 556 3138 627 μάλα
3179 571 3244 623 γε
3289 555 3520 618 είκότως
3561 554 3735 606 ποιῶν

2143 659 2238 714 καὶ
2266 658 2393 723 ἀξια
2417 658 2516 722 τῆς
2535 653 2699 708 αὐτοῦ
2731 654 2959 724 ἀρετῆς.
2993 651 3070 706 Ob
3106 649 3218 720 γὰρ
3247 649 3498 718 κάλαμος
3531 643 3600 718 ἦν
3623 647 3733 700 ὑπὸ

2143 752 2345 820 ἀνέμου
2389 748 2777 817 σαλευόμενος,
2819 744 2894 808 ὡς
2957 745 2985 798 6
3043 741 3142 797 ῦπ⁹
3193 740 3363 794 αὑτοῦ
3434 738 3738 810 κηρυχθεὶς

2142 843 2320 914 τούτῳ
2342 839 2881 912 ἀντεμαρτύρησενο
2933 837 3097 900 ἀλλὰ,
3159 835 3464 897 Δαϐιδικῶς
3531 835 3735 909 εἰπεῖν,

2145 937 2356 1008 στήσας
2387 937 2444 988 ὲν
2469 938 2535 1005 τῇ
2579 934 2758 1005 πέτρᾳ
2787 932 2887 1001 τῆς
2925 929 3238 1000 μαρτυρίας
3269 927 3366 990 τὰς
3420 927 3518 998 τῆς
3551 927 3737 998 ψυχῆς

2146 1030 2355 1101 βάσεις,
2388 1028 2687 1097 ἀκλὸνητος
2717 1027 2961 1096 ἔμεινεν.
3013 1025 3140 1077 Ὅτι
3189 1022 3247 1077 δὲ
3309 1024 3342 1093 ἡ
3399 1021 3591 1084 στάσις
3635 1021 3738 1090 τὴν

2145 1124 2202 1175 ἐν
2231 1121 2310 1189 τῷ
2373 1120 2668 1190 πράγματι
2733 1117 2888 1188 δηλοῖ
2977 1117 3342 1187 μονιμότητα,
3380 1115 3410 1168 6
3441 1113 3740 1184 ψαλμωδὸς

2147 1213 2424 1285 μαρτυρεῖ
2455 1230 2469 1244 ο
2510 1231 2528 1263 ι
2572 1213 2812 1282 Ὠμοσα,
2842 1209 3040 1279 λέγων,
3094 1211 3190 1262 καὶ
3220 1207 3448 1278 ἐστησα,
3503 1205 3600 1259 τοῦ
3638 1223 3740 1273 φυ-

2143 1308 2414 1373 λάξασθαι
2442 1306 2535 1358 τὸν
2561 1307 2727 1372 νόμον
2757 1322 2876 1358 σου.
2913 1324 2932 1357 ι
2989 1303 3180 1366 Οὕτως
3215 1303 3317 1373 ὁρᾷ
3387 1301 3479 1355 τὸν
3527 1300 3663 1354 Θεὸν
3709 1299 3739 1350 6

2144 1404 2441 1474 προφήτης
2483 1404 2538 1457 Ἀ
2552 1401 2691 1470 μὼς,
2721 1403 2934 1456 ἑστῶτα
2967 1401 3062 1456 ἐπὶ
3088 1401 3307 1472 τείχους
3343 1398 3736 1468 ἀδαμαντίνου.

2143 1495 2244 1548 Διὰ
2276 1495 2377 1566 μὲν
2409 1496 2506 1566 τῆς
2547 1497 2819 1560 στάσεως,
2850 1495 3102 1564 δηλώσας
3153 1493 3218 1546 τὸ
3248 1493 3477 1564 μόνιμον
3498 1507 3511 1521 ·
3561 1489 3652 1543 διὰ
3679 1489 3739 1541 δὲ

2142 1586 2237 1640 τοῦ
2264 1587 2596 1657 ἀδάμαντος,
2625 1587 2912 1658 σημαίνων
2932 1585 2992 1639 τὸ
3016 1586 3258 1656 ίσχυρδν,
3303 1585 3396 1638 καὶ
3427 1583 3734 1636 ἀνένδοτον.

2144 1680 2592 1750 Τοιουτοτρόπως
2619 1683 2648 1735 6
2684 1681 2902 1752 πρῶτος
2932 1681 3032 1750 τῆς
3067 1678 3418 1750 μαρτυρικῆς
3453 1676 3738 1744 φάλαγγος

2144 1776 2420 1846 Στέφανος
2449 1772 2558 1830 εἶδε
2603 1777 2699 1831 τὸν
2758 1778 2969 1847 Ἰησοῦν
3012 1777 3225 1830 ἑστῶτα
3268 1777 3333 1828 ἐκ
3390 1773 3586 1840 δεξιῶν
3637 1771 3737 1825 τοῦ

2141 1866 2300 1920 Θεοῦ.
2343 1886 2362 1919 ι
2405 1865 2666 1938 Είστήκει
2697 1869 2727 1920 6
2773 1867 3051 1937 Ἰωάννης,
3093 1867 3189 1920 καὶ
3215 1867 3282 1919 ἐκ
3311 1865 3421 1918 τῶν
3474 1863 3738 1932 μαθητῶν

2142 1957 2311 2012 αὐτοῦ
2342 1959 2454 2015 δύο.
2496 1979 2516 2011 ι
2559 1959 2725 2013 Ἀλλὰ
2778 1960 2839 2012 τὸ
2876 1959 2978 2028 μὲν
3017 1959 3118 2029 τῆς
3157 1959 3406 2021 στάσεως
3482 1956 3737 2010 Ἰωάννου

2142 2051 2469 2122 δηλωτικὸν,
2499 2055 2558 2106 ὲν
2600 2053 2806 2122 ὀλίγοις
2848 2052 3172 2124 δεδήλωται.
3235 2052 3308 2104 Τὸ
3339 2051 3395 2104 δὲ
3445 2050 3537 2102 δύο
3591 2043 3739 2102 εἶναι

2146 2143 2264 2213 μετ’
2300 2141 2470 2198 αὑτοῦ
2497 2143 2752 2214 μαθητάς
2783 2145 2834 2196 τί
2860 2143 2991 2197 ποτέ
3022 2147 3161 2206 ἐστι,
3195 2142 3384 2215 ζητεῖν
3411 2141 3736 2208 ἀναγκαῖον.

2144 2235 2342 2305 Γέγονε
2379 2235 2480 2304 μὲν
2511 2234 2622 2302 γὰρ
2649 2235 2816 2288 ταυτὶ
2849 2235 2947 2289 καὶ
2982 2235 3298 2305 ἱστορικῶς,
3321 2232 3440 2286 ἀλλ’
3476 2228 3621 2304 ἦσαν
3666 2231 3741 2283 τὰ

2143 2329 2418 2397 γενόμενα
2492 2329 2603 2381 τῶν
2653 2330 2966 2399 νοουμένων
3033 2328 3333 2396 ἰνδάλματα
3361 2343 3376 2357 ⁸
3409 2325 3502 2379 καὶ
3565 2325 3595 2378 ὃ
3667 2340 3739 2392 γε

2143 2420 2361 2482 ἀστεῖός
2435 2437 2493 2472 τε
2563 2420 2659 2473 καὶ
2711 2420 3004 2488 φιλόκαλος
3057 2421 3432 2490 περιαιρήτας
3479 2417 3575 2471 τοῦ
3642 2418 3739 2488 ῥό-

2141 2512 2231 2566 δου
2285 2512 2387 2584 τὴν
2443 2511 2647 2577 ἔξωθεν
2700 2513 2937 2577 κάλυκα,
2999 2511 3060 2565 τὸ
3117 2512 3264 2565 ἔνδον
3303 2511 3501 2574 κάλλος
3527 2513 3731 2583 τρυγᾷ.

2215 2779 2280 2833 Τί
2303 2776 2396 2832 οῦν
2419 2776 2608 2843 ἐδήλου
2631 2777 2740 2828 τῶν
2773 2774 3033 2844 μαθητῶν
3059 2775 3090 2842 ἡ
3121 2773 3288 2840 δυάς;
3318 2775 3432 2845 Τῆς
3467 2792 3732 2845 συναγω-

2141 2877 2284 2944 γῆς,
2316 2872 2410 2927 καὶ
2465 2872 2563 2940 τῆς
2620 2870 2679 2934 ἐξ
2723 2870 2892 2924 ἐθνῶν
2964 2870 3314 2940 Ἐκκλησίας,
3361 2869 3432 2933 ὼς
3492 2865 3730 2941 ἐγῷμαι,

2143 2966 2313 3020 τύπον
2402 2965 2685 3032 ἐνέφηνεν.
2771 2959 2942 3032 Οἶμαι
3021 2964 3130 3033 γὰρ
3215 2964 3432 3031 ἀγνοεῖν
3520 2966 3732 3034 μηδένα

2144 3059 2318 3129 ὑμῶν,
2366 3057 2442 3121 ὡς
2483 3056 2738 3126 Ἰωάννης
2769 3060 2796 3110 ὁ
2851 3056 3026 3126 μέγας
3080 3055 3276 3124 γέγονε
3347 3056 3573 3126 μεσὶτης
3641 3059 3732 3112 νό-

458 3166 554 3204 nes
587 3150 800 3204 medius
831 3149 1106 3204 exstiterit
1135 3148 1269 3218 legis
1320 3158 1370 3202 et
1401 3149 1611 3219 gratiae.
1653 3146 1844 3201 Stabat
1874 3148 2036 3216 igitur

2149 3170 2274 3224 μου,
2337 3153 2432 3206 καὶ
2486 3153 2732 3222 χάριτος.
2765 3151 2986 3204 Ἵστατο
3049 3146 3144 3203 οὖν
3179 3151 3236 3203 ὲν
3263 3153 3412 3222 μέσῳ
3439 3153 3586 3204 δυοῖν
3621 3169 3732 3218 μα-

463 3243 608 3296 inter
640 3245 774 3296 duos
809 3241 1103 3310 discipulos
1148 3240 1390 3303 medius,
1419 3249 1476 3292 ut
1513 3239 1564 3292 in
1603 3239 1780 3292 medio
1806 3240 2033 3295 duorum

2141 3211 2353 3314 θηταῖν,
2391 3211 2735 3314 ὡςσένμέσιρ
2769 3243 2864 3296 δύο
2887 3245 3054 3298 λαῶν.
3099 3244 3206 3297 Τοῦ
3244 3211 3343 3314 μὲν
3384 3211 3494 3314 ’ἢδη
3527 3211 3731 3314 λήξαν-

457 3335 819 3404 populorum,
871 3333 1074 3388 veteris
1130 3335 1346 3403 quidem
1389 3331 1500 3398 jam
1542 3333 1874 3397 deficientis,
1910 3334 2034 3387 novi

2141 3352 2230 3397 τος
2248 3335 2342 3388 τοῦ
2362 3335 2595 3389 παλαιοῦ
2622 3336 2851 3406 δηλαδὴ,
2883 3337 3193 3407 ἀρχομένου
3220 3337 3276 3389 δὲ
3301 3337 3428 3409 ἀρτι
3455 3337 3548 3391 τοῦ
3573 3338 3724 3392 νέουο

459 3441 593 3481 vero
615 3426 726 3494 jam
783 3423 1130 3492 incipientis,
1171 3433 1292 3491 post
1346 3422 1674 3492 baptismum
1725 3424 2036 3493 enimprze-

461 3520 644 3572 dicare
695 3516 858 3572 Jesus
907 3516 1158 3570 instituit.
1213 3515 1278 3567 Et
1331 3517 1438 3569 huc
1489 3516 1704 3585 quidem
1759 3527 2037 3586 spectasse

456 3611 591 3665 mihi
648 3610 866 3664 videtur
910 3607 1244 3677 evangelista
1271 3646 1285 3672 ,
1340 3623 1462 3661 cum
1511 3607 1733 3664 alterius
1773 3624 1840 3664 ex
1871 3610 2034 3665 disci-

453 3702 598 3772 pulis
649 3715 845 3755 nomen
899 3700 1100 3754 omisit.
1136 3699 1403 3752 Andream
1456 3700 1599 3752 enim
1653 3701 1938 3756 nominans
1972 3703 2037 3757 de

460 3797 636 3850 altero
669 3794 876 3860 tacuit;
934 3804 1122 3863 utpote
1153 3807 1274 3845 cum
1324 3791 1510 3862 legalis
1537 3791 1718 3847 cultus
1755 3807 1852 3863 per
1883 3794 2035 3849 illum

455 3889 722 3958 tiguratus
775 3887 1133 3944 conticuisset
1167 3895 1222 3939 et
1254 3885 1553 3954 abrogatas
1579 3892 1746 3939 esset.
1788 3886 2035 3941 Andreas

455 3995 586 4034 vero
621 3979 764 4048 (9t),
799 3978 890 4047 qui
926 3976 1377 4046 interpretatione
1406 3976 1639 4030 nominis
1660 3975 1743 4030 sui
1772 3985 2037 4045 praestan-

456 4081 565 4125 tem
600 4072 971 4124 fortitudinem
1007 4079 1177 4133 notat,
1213 4077 1394 4140 typum
1423 4066 1681 4123 Ecclesiae
1712 4070 1871 4137 gerit.
1907 4068 2037 4136 Quae

458 4163 604 4216 enim
644 4162 992 4230 praestantior
1023 4163 1198 4215 virtus
1224 4177 1346 4215 esse
1373 4169 1548 4230 potest
1575 4201 1592 4227 ,
1626 4176 1787 4231 quam
1821 4163 1894 4216 sit
1924 4162 2036 4229 illa,

460 4269 566 4322 qua
597 4262 854 4320 suscepto
907 4251 1200 4322 Evangelio
1236 4252 1399 4322 pollet
1446 4251 1689 4308 Ecclesia
1721 4293 1735 4316 ,
1778 4268 1897 4322 quae
1927 4264 2035 4308 tam

466 4340 642 4395 valide
678 4341 1009 4393 communita
1061 4347 1183 4403 est,
1236 4349 1294 4391 ut
1349 4350 1523 4408 portae
1566 4339 1722 4395 inferi
1777 4340 2038 4396 adversus

455 4444 573 4484 eam
607 4427 905 4497 praevalere
937 4443 1044 4482 non
1084 4428 1310 4498 possint.
1343 4429 1446 4484 Sed
1480 4445 1543 4484 ea
1569 4446 1688 4500 quae
1713 4441 2034 4500 sequuntur,

2144 3428 2283 3497 μετά
2318 3427 2427 3498 γὰρ
2456 3427 2517 3480 τὸ
2543 3427 2852 3498 βάπτισμα,
2872 3428 3078 3496 ἤρξατο
3097 3428 3397 3498 κηρύσσειν
3421 3430 3450 3481 6
3493 3427 3728 3497 Ἰησοῦς.

2142 3522 2251 3573 Καί
2283 3539 2373 3591 μοι
2415 3521 2566 3574 δοκεῖ
2605 3521 2742 3591 πρὸς
2767 3520 2922 3574 τοῦτο
2947 3521 3375 3576 ἀποσκοποῦντα
3425 3522 3518 3574 τὸν
3558 3521 3727 3588 εὐαγ-

2139 3614 2420 3683 γελιστὴν,
2457 3614 2689 3683 θατέρου
2723 3616 2836 3666 τοῖν
2865 3613 3142 3684 μαθηταῖν
3178 3614 3276 3684 τὴν
3303 3615 3499 3684 κλῆσιν
3541 3632 3728 3684 παραο

2137 3708 2390 3778 δραμεῖν.
2429 3709 2534 3760 Τὸν
2579 3709 2690 3777 γάρ
2727 3706 2983 3777 Ἀνδρέαν
3014 3705 3339 3772 ὡλομακὼς,
3395 3705 3490 3760 τὸν
3535 3706 3729 3777 ἕτερον

2142 3798 2514 3868 σεσιώπηκεν,
2538 3797 2614 3861 ὡς
2643 3798 2743 3867 τῆς
2776 3798 2868 3851 ὑπ’
2901 3798 3071 3851 αὑτοῦ
3113 3799 3464 3869 τυπουμένης
3505 3797 3602 3852 τοῦ
3641 3799 3731 3852 v6-

2143 3906 2246 3959 μου
2305 3890 2588 3959 λατρείας,
2660 3890 3038 3960 σιωπηθείσης
3101 3907 3182 3956 τε,
3216 3892 3310 3943 καὶ
3355 3889 3730 3960 καταργηθεί-

2143 3998 2264 4050 σης.
2319 3981 2576 4051 Ἀνδρέας
2599 3981 2679 4045 δὲ,
2711 3982 2904 4052 ἐπειδὴ
2937 3983 3170 4049 δύναμις
3195 3983 3481 4055 εὐπρεπὴς
3543 3985 3727 4054 ἑρμη-

2142 4073 2381 4138 νεύεται,
2413 4072 2588 4127 τύπον
2619 4073 2774 4143 φέρει
2804 4073 2907 4143 τῆς
2946 4074 3306 4145 Ἐκκλησίας.
3349 4075 3446 4138 Τίς
3508 4077 3622 4146 γὰρ
3656 4075 3726 4129 ἂν

2141 4163 2564 4234 εὐπρεπεστέρα
2591 4163 2821 4232 δύναμις
2849 4166 3082 4231 γένοιτο,
3117 4165 3213 4234 τῆς
3257 4165 3320 4217 τὸ
3365 4165 3727 4232 εὐαγγελικὸν

2141 4254 2444 4326 δεξαμένης
2478 4257 2768 4326 κήρυγμα,
2801 4259 2897 4310 καὶ
2922 4259 3098 4322 οὕτως
3154 4259 3418 4329 ἀνδρείως
3468 4260 3730 4330 δυναμωο

2144 4347 2352 4418 θείσης,
2381 4347 2456 4412 ὡς
2491 4349 2657 4404 πύλαι
2679 4349 2831 4422 ᾅδου,
2859 4350 2934 4423 μὴ
2960 4351 3291 4422 κατισχύσαι
3321 4353 3511 4424 αὐτῆς.
3565 4353 3731 4408 Ἀλλὰ

2144 4438 2240 4491 καὶ
2289 4439 2402 4494 τῶν
2461 4440 2591 4510 ἑξῆς
2648 4441 3022 4510 ἀκούσωμεν·
3092 4460 3112 4493 ι
3151 4441 3263 4495 Καὶ
3314 4443 3594 4513 ἐμϐλέψας
3649 4444 3728 4514 τῷ

457 4519 778 4573 audiamus:
813 4538 832 4571 ι
877 4519 943 4573 Ει
993 4520 1293 4590 respiciens
1325 4519 1509 4577 Jesum
1558 4522 1924 4578 ambulantem
1951 4525 2034 4578 di-

2155 4526 2332 4596 Ἰησοῦ
2387 4528 2811 4600 περιπατοῦντι,
2877 4530 3070 4598 λέγει’
3117 4531 3224 4584 Ἴδε
3284 4532 3314 4584 6
3386 4532 3583 4601 ’Δμνὸς
3626 4533 3727 4586 τοῦ

455 4610 569 4668 cit:
601 4613 743 4667 Ecce
771 4628 942 4684 agnus
976 4613 1088 4667 Dei.
1126 4631 1145 4664 ι
1177 4613 1473 4669 Considera
1509 4614 1639 4667 mihi
1677 4615 1783 4678 hic,
1819 4615 2028 4672 charis-

451 4703 629 4772 sime,
657 4721 818 4776 quam
869 4707 1036 4760 multa
1075 4707 1126 4760 in
1164 4708 1309 4761 dicto
1356 4718 1466 4760 tam
1518 4708 1668 4761 brevi
1717 4708 2022 4777 recondita,

452 4801 716 4870 nobisque
733 4801 798 4855 ad
833 4800 1242 4870 intelligendum
1273 4798 1516 4867 subjecta
1550 4799 1681 4865 sint,
1711 4802 1867 4856 etuti
1900 4817 2025 4873 spe-

524 4983 573 5013 ⁸³
612 4981 757 5040 Psal.
816 4989 1024 5050 xxxtx",
1063 4985 1118 5039 5.

2142 4619 2300 4674 Θεοῦ.
2351 4641 2370 4672 ι
2407 4621 2608 4674 Σκόπει
2638 4621 2700 4691 δή
2741 4638 2856 4691 μοι,
2915 4622 3188 4693 ἀγαπητὲ,
3233 4621 3353 4686 πῶς
3398 4623 3458 4676 ὲν
3518 4625 3729 4694 ῥήματι

2142 4712 2287 4766 οὕτω
2311 4714 2505 4784 βραχεῖ
2527 4715 2692 4778 πολὺς
2724 4715 3098 4786 ὲγκρύπτεται
3133 4716 3422 4786 νοημάτων
3476 4717 3683 4783 σκοπός
3707 4735 3722 4751 ο

2147 4806 2264 4869 πῶς
2299 4808 2515 4878 συνᾴδει
2544 4809 2578 4878 ἠ
2610 4807 2824 4878 ἱστορία
2847 4809 2914 4879 τῇ
2962 4807 3188 4880 θεωρίᾳ..
3238 4807 3424 4862 Εἰπὼν
3483 4814 3591 4880 γάρ
3645 4828 3726 4875 ως

1195 4980 1243 5013 ⁵⁸
1284 4979 1432 5036 Psal.
1489 4993 1697 5044 cxvm,
1740 4977 1866 5034 106.
1943 4981 1988 5013 ⁸⁸
2030 4982 2152 5037 Act.
2197 5000 2246 5050 ι,
2284 4985 2378 5040 55.

1689 5144 2015 5206 Francisei
2049 5147 2258 5209 Scorsi
2290 5157 2473 5212 noue.

396 5325 403 5334 ,,
523 5271 638 5342 (89)
684 5269 785 5324 Per
839 5280 1074 5324 statuam
1127 5269 1493 5323 stabilitatem.
1554 5266 1688 5324 Vide
1743 5269 1890 5324 dicta
1951 5270 2022 5324 ad

449 5345 596 5398 hom.
630 5343 728 5407 50;
764 5342 851 5394 ubi
883 5345 1128 5395 eamdem
1165 5355 1277 5394 rem
1309 5350 1520 5393 auctor.

518 5413 630 5483 (90)
673 5411 774 5466 Sed
827 5411 977 5480 facta
1010 5419 1185 5474 erant,
1224 5420 1333 5483 etc.
1368 5409 1524 5483 Disce
1558 5409 1909 5483 ex_|ioc_loco
1946 5409 2020 5463 ita

451 5478 648 5538 sensus
697 5478 1014 5548 allegoricos
1043 5491 1094 5533 et
1127 5480 1489 5548 tropologicos
1524 5480 1593 5531 ab
1628 5480 1730 5533 hoc
1756 5478 1919 5533 Patre
1947 5494 2016 5534 ex

449 5553 654 5622 Erang.
678 5561 734 5605 et
764 5550 977 5606 Veteris
1002 5551 1338 5622 Testamenti
1367 5549 1500 5604 locis
1532 5549 1738 5622 afferri,
1763 5559 1821 5602 ut
1853 5551 2021 5603 histo-

450 5621 622 5677 ricum
678 5637 772 5675 seu
823 5621 1110 5675 litteralem
1163 5634 1384 5674 sensum
1442 5621 1666 5673 omnino
1723 5628 2018 5687 supponat,

433 5694 594 5757 ,ψιοά
635 5692 721 5744 hic
760 5692 960 5746 diserte
989 5692 1272 5757 prolitetur
1301 5691 1549 5756 idemque
1575 5691 1663 5745 ubi
1696 5704 1803 5743 non
1835 5693 2020 5760 expri-

455 5760 678 5830 ntit,est
716 5761 1147 5830 intelligendum,
1184 5762 1325 5830 quod
1358 5769 1412 5813 et
1450 5763 1518 5813 ab
1546 5760 1802 5830 omnibus
1832 5759 2018 5814 itidem

451 5825 702 5882 Patribus
753 5825 956 5888 Graecis
1021 5844 1175 5900 teque
1202 5825 1288 5886 'ac
1344 5829 1553 5885 Latinis
1583 5829 1892 5885 factitatum
1926 5847 1938 5883 :
1971 5831 2016 5885 si

2130 5274 2254 5344 quis
2285 5275 2479 5344 legerit
2521 5275 2581 5329 Ι).
2631 5278 2862 5342 Gregor.
2910 5277 3110 5332 similia
3155 5277 3281 5335 huic
3337 5280 3481 5334 dicto
3534 5277 3724 5335 Theo-

2130 5343 2326 5423 phanis
2346 5343 2600 5423 inveniet
2629 5349 2858 5423 plurima
2883 5362 2898 5400 :
2922 5359 3086 5417 atque
3113 5348 3204 5423 hic
3233 5349 3716 5423 locusconﬁrmat

2129 5413 2273 5468 dicta
2309 5431 2338 5469 a
2389 5420 2547 5471 nobis
2589 5413 2641 5471 in
2690 5419 2936 5474 eamdem
2987 5413 3122 5482 rem,
3163 5420 3311 5474 hom.
3349 5420 3445 5485 45,
3479 5428 3592 5474 not.
3621 5419 3717 5476 25.

2205 5485 2319 5558 (9i)
2360 5485 2600 5540 Andreas
2644 5503 2781 5551 vero,
2811 5498 2918 5542 etc.
2977 5489 3208 5558 Etymou
3235 5489 3488 5546 Graecum
3553 5490 3717 5556 hujus

2137 5557 2373 5630 nominis
2392 5559 2911 5630 perspicuumestt
2933 5558 2987 5630 Ἀ
2999 5560 3184 5630 vagata
3199 5627 3215 5630 _
3227 5560 3378 5630 enim
3417 5559 3713 5630 fortitudo,

2135 5636 2190 5706 et
2224 5625 2468 5706 ἀνδρεῖος
2497 5627 2788 5706 [οἶαι-ἀπὸ
2818 5625 2914 5706 τοῦ
2952 5625 3172 5700 ἀνδρός.
3197 5627 3332 5706 Nam
3365 5625 3475 5706 viri
3493 5629 3717 5698 propria

2135 5695 2432 5767 fortitudo;
2463 5705 2518 5750 et
2546 5696 2756 5754 Latinis
2801 5699 2970 5756 etiam
3007 5695 3203 5756 notnen
3251 5698 3330 5754 vir
3364 5715 3394 5755 a
3429 5695 3507 5767 vi,
3537 5695 3630 5755 seu
3683 5716 3716 5754 a

2133 5766 2330 5820 viribus
2359 5767 2672 5823 deductum.
