4070 6404
387 417 498 482 9l3

1799 426 2131 488 IIOMlLIA
2174 430 2272 491 I.l.

3560 435 3666 488 91!!

465 533 822 604 Μακαριὸτης
848 535 1024 587 τοίνυν
1053 537 1277 606 Animi)
1313 535 1448 607 zp‘);
1487 536 1576 590 τὸν
1604 537 1739 594 Θεὸν
1773 541 1985 593 οἰκείω-

2163 543 2443 596 Βριιιίιιιιίυ
2514 542 2675 611 igitur
2746 551 2832 597 est
2880 541 2944 596 ad
3004 541 3170 596 Deum
3223 556 3383 612 quam
3439 541 3675 594 maxime

392 644 480 688 σις
547 627 642 680 καὶ
701 628 981 696 ὁμοίωσις.
1073 628 1145 680 Τὸ
1199 631 1309 700 γὰρ
1351 629 1566 700 ἀληθῶς
1621 632 1716 684 καὶ
1776 633 1983 702 κυρίως

393 717 667 785 μακάριον
713 719 746 788 ἡ
805 719 924 772 θεία
1008 720 1172 789 φύσις
1227 723 1372 776 ἐστίν
1430 742 1444 755 -
1482 723 1625 777 οὕτω
1680 725 1790 796 γὰρ
1842 726 1983 778 καὶὸ

395 814 575 880 μέγας
607 811 823 877 Παῦλος
857 815 1110 885 ὠνόμασε
1143 817 1234 869 τὸν
1293 817 1426 869 Θεόν
1453 835 1466 848 ·
1535 838 1554 871 ι
1607 821 1665 872 Ὀ
1707 821 1979 890 μακάριος

394 907 492 958 καὶ
525 906 684 976 μὸνος
715 906 1006 978 δυνάστης.
1050 928 1067 959 ι
1111 910 1324 977 Πτωχοὶ
1377 911 1433 963 δὲ
1463 911 1541 980 τῷ
1573 911 1847 981 πνεύματι
1882 912 1980 980 οὑχ

392 997 445 1050 οἱ
470 998 775 1067 χρημάτων
804 999 1160 1070 στερούμενοι
1198 1019 1208 1032 ·
1250 1002 1368 1054 ἔστι
1413 1001 1522 1073 γάρ
1560 1003 1688 1055 ἰδεῖν
1752 1003 1982 1065 πολλοὺς

396 1090 735 1156 πενομένους
771 1091 872 1159 μὲν
920 1093 987 1160 τῇ
1048 1093 1361 1163 περιουσίᾳ,
1411 1093 1780 1158 πλουτοῦντας
1831 1093 1978 1166 δὲτῇ

392 1180 664 1251 ἐπιθυμία
702 1199 716 1212 ·
776 1182 911 1236 ἀλλὰ
966 1185 1218 1255 πτωχοὺς
1283 1185 1504 1255 νοητέον
1567 1184 1643 1256 τῷ
1710 1186 1981 1256 πνεύματι

388 1274 522 1336 τοὺς
561 1273 781 1326 πάντων
829 1275 938 1327 τῶν
1004 1278 1061 1328 ὲν
1117 1276 1289 1348 κακίᾳ
1348 1278 1658 1348 νοουμένων
1713 1279 1979 1341 ἑκουσίως

389 1365 842 1438 πτωχεύσανταςι,
876 1367 968 1420 καὶ
1011 1368 1179 1438 μηδὲν
1208 1386 1260 1421 τι
1287 1367 1392 1420 τῶν
1428 1367 1756 1422 διαϐολικῶν
1778 1386 1977 1438 κειμη-

389 1459 526 1511 λίων
569 1460 628 1511 ὲν
680 1463 748 1529 τῇ
799 1459 945 1531 ψυχῇ
997 1458 1427 1531 ταμιεύσαντας.
1463 1462 1521 1516 '0
1585 1461 1770 1532 μέντοι
1802 1461 1979 1531 μέγας

394 1549 677 1614 Βασίλειος
730 1554 980 1621 πτωχοὺς
1010 1551 1163 1620 λέγει
1185 1552 1263 1624 τῷ
1291 1553 1567 1623 πνεύματι
1601 1553 1729 1617 τοὺς
1772 1553 1860 1607 διὰ
1881 1555 1978 1625 τὴν

397 1641 488 1695 τοῦ
538 1643 742 1712 Κυρίου
794 1645 1146 1700 διδασκαλίαν
1199 1647 1464 1709 ἑκουσίως
1520 1645 1976 1717 πτωχεύσαντας,

395 1735 490 1785 καὶ
548 1735 912 1806 πωλήσαντας
953 1737 1021 1790 τὰ
1084 1740 1402 1810 ὑπάρχοντα
1425 1741 1634 1806 αὑτοῖς,
1669 1741 1763 1794 καὶ
1797 1741 1974 1812 τούτῳ

395 1822 895 1894 ἀκολουθήσαντας.
928 1827 986 1881 ΕΞ
1013 1827 1066 1882 δέ
1093 1847 1176 1894 τις
1209 1830 1305 1883 καὶ
1335 1829 1432 1901 τὴν
1470 1832 1619 1895 ὅπως
1677 1831 1976 1902 συμϐᾶσαν

394 1919 546 1988 αὑτῷ
565 1921 840 1990 πτωχείαν
882 1924 1018 1992 πρὸς
1038 1924 1096 1975 τι
1115 1923 1327 1993 θέλημα
1346 1925 1441 1977 τοῦ
1466 1923 1602 1977 Θεοῦ
1625 1924 1978 1996 κυϐερνήσει,

394 2011 588 2082 ὥσπερ
626 2014 654 2066 6
680 2014 958 2085 Λάζαρος.
1010 2016 1132 2069 οὑδὲ
1173 2017 1334 2080 αὑτὸς
1380 2018 1475 2070 τοῦ
1509 2019 1867 2090 μακαρισμοῦ
1889 2019 1986 2089 ὴλ-

395 2105 710 2174 λοτρίωται.
760 2106 912 2176 Τάχα
965 2108 1022 2161 δὲ
1087 2110 1366 2179 πτωχείαν
1425 2113 1452 2164 6
1493 2110 1654 2179 λόγος
1731 2113 1826 2165 καὶ
1885 2111 1986 2182 τὴν

396 2197 648 2252 ἑκούσιον
681 2200 937 2266 ὀνομάζει
967 2203 1320 2270 ταπείνωσιν,
1361 2221 1428 2275 ης
1467 2204 1778 2274 ὑπόδειγμα
1827 2205 1986 2273 γέγο-

396 2305 489 2341 νεν
520 2291 547 2342 6
581 2287 753 2342 ταῦτα
806 2289 1084 2345 διδάσκων
1135 2291 1291 2355 Θεός.
1337 2292 1596 2363 Δι’ήμᾶς
1649 2292 1760 2365 γὰρ
1813 2290 1987 2352 ὲπτὼ-

396 2396 564 2448 χευσε
613 2380 866 2445 πλούσιος
910 2381 1006 2447 ὢν,
1045 2384 1115 2437 ἶν’
1147 2385 1312 2454 ἡμεῖς
1379 2387 1446 2456 τῇ
1502 2385 1714 2439 ἐκείνου
1741 2386 1988 2454 πτωχείᾳ⁴

397 2473 823 2544 πλουτήσωμεν.
878 2475 1050 2528 Τοῦτο
1099 2475 1193 2529 οῦν
1241 2475 1303 2529 τὸ
1335 2477 1697 2547 κατόρθωμα,
1731 2477 1806 2539 ὡς
1832 2479 1988 2530 ἐναν-

395 2567 515 2618 τίον
552 2569 652 2636 τῆς
689 2567 1001 2640 διαϐολικῆς
1033 2568 1416 2640 ὑπερηφανίας
1475 2570 1575 2624 καὶ
1605 2570 1704 2640 τῆς
1728 2571 1989 2622 Δεσποτια

399 2657 506 2728 κῆς
539 2657 838 2722 πολιτείας,
888 2659 1187 2730 μακαρίζει
1222 2663 1249 2713 6
1280 2659 1482 2731 Κύριος
1501 2659 1792 2712 ἀκόλουθον
1824 2654 1986 2714 ἆθλον

393 2751 578 2815 διδοὺς
629 2752 730 2823 τὴν
799 2753 1079 2822 βασιλείαν
1130 2753 1240 2807 τῶν
1276 2753 1546 2826 οὐρανῶν.
1583 2754 1866 2825 Προτέραν
1893 2750 1986 2808 οῦν

400 2844 643 2916 βαθμίδα
671 2846 767 2916 τῆς
823 2845 930 2899 τῶν
998 2847 1378 2918 μακαρισμῶν
1436 2848 1708 2919 κλίμακος
1763 2846 1985 2910 ὑποθεὶς

396 2933 502 3001 τὴν
525 2934 880 3000 ταπείνωσιν,
901 2935 1102 3007 ἑφεξῆς
1125 2940 1186 2990 τὸ
1228 2939 1513 2993 ἐπαινετὸν
1534 2939 1728 3003 πένθος
1764 2939 1982 3011 τίθησι·

409 3043 432 3077 ι
464 3026 750 3097 Μακάριοι
777 3029 826 3081 oi
851 3030 1204 3098 πενθοῦντες,
1223 3031 1319 3086 ¹ὅτι
1348 3033 1500 3085 αὑτοὶ
1525 3033 1987 3104 παρακληθήσον-

404 3133 521 3171 ται.
558 3135 577 3169 ι
609 3119 968 3192 Μακαριστδν
1009 3121 1206 3186 πένθος
1243 3123 1502 3178 ὲστὶνέπὶ
1542 3126 1987 3198 πλημμελήμασι

2091 635 2352 688 accedere
2398 636 2560 702 eique
2591 635 2910 689 assimilari.
2960 633 3148 688 Divina
3174 633 3320 688 enim
3362 641 3558 688 natura
3589 642 3673 684 cst

2089 724 2230 793 quod
2285 737 2411 778 vere
2447 735 2499 778 et
2525 724 2744 792 proprie
2781 723 3004 778 beatum
3039 733 3159 788 est;
3195 722 3276 777 sic
3322 721 3468 775 enim
3504 719 3671 774 etiam

2092 832 2318 886 magnus
2347 815 2544 869 Paulus
2563 816 2724 869 Deum
2747 816 2989 867 vocavit:
3025 833 3044 860 ρ
3075 813 3175 880 Qui
3211 814 3426 877 beatus,
3451 822 3506 867 et
3527 810 3675 866 solus

2087 919 2276 976 potens
2337 909 2403 964 “.
2458 930 2473 960 ι
2509 907 2782 977 Pauperes
2840 917 3019 962 autem
3069 907 3260 977 spiritu
3298 921 3413 960 non
3461 905 3500 959 ii
3549 913 3677 958 sunt

2087 1003 2176 1070 qui
2242 1003 2472 1071 pecunia
2524 1011 2748 1066 carent,
2808 999 3004 1054 multos
3059 1000 3259 1068 quippe
3341 997 3528 1053 videre
3583 1004 3671 1050 est

2087 1096 2336 1165 peiuuiis
2390 1110 2676 1164 pauperes,
2734 1095 2828 1148 sed
2908 1093 3179 1148 desiderio
3215 1091 3374 1162 351
3446 1090 3672 1144 divites.

2088 1188 2285 1240 Verum
2354 1201 2618 1254 pauperes
2699 1184 2890 1252 spiritu
2956 1183 3290 1252 intelligendi
3357 1190 3522 1246 sunt,
3583 1182 3675 1250 qui

2085 1278 2358 1339 omnibus,
2423 1294 2541 1346 qua:
2617 1279 2716 1331 sub
2766 1277 2985 1330 malitiae
3061 1274 3384 1329 intellectum
3436 1274 3674 1336 cadunt,

2089 1373 2388 1426 voluntarie
2485 1385 2604 1425 sese
2669 1370 2882 1438 privant
2921 1411 2934 1436 ,
2997 1378 3050 1422 et
3139 1367 3271 1422 nihil
3349 1383 3414 1422 cx
3480 1363 3678 1420 diaboli

2087 1464 2357 1520 thesauris
2416 1462 2716 1532 repositum
2787 1461 2840 1514 in
2895 1460 3074 1514 anima
3127 1469 3366 1514 servant.
3426 1457 3495 1512 At
3549 1469 3678 1508 vero

2086 1571 2316 1626 magnus
2349 1554 2582 1610 Basilius
2616 1553 2728 1622 (12)
2765 1567 3032 1620 pauperes
3066 1550 3260 1619 spiritu
3295 1548 3427 1603 dicit
3456 1562 3552 1602 eos
3583 1545 3675 1614 qui

2087 1655 2304 1714 propter
2360 1644 2567 1698 Domini
2621 1643 2910 1696 ennsilium
2964 1641 3324 1696 voluntariam
3381 1637 3676 1708 amplexati

2084 1751 2212 1794 sunt
2273 1746 2690 1808 paupertatem;
2754 1745 2805 1789 et
2861 1735 3096 1790 venditis
3137 1735 3296 1790 bonis
3337 1734 3454 1790 suis
3499 1733 3675 1802 ipsum

2087 1834 2258 1888 set-uti
2294 1841 2438 1885 sunt.
2471 1829 2527 1884 Si
2561 1833 2685 1900 quis
2716 1847 2844 1885 vero
2871 1847 2989 1882 eam
3024 1846 3238 1900 quoque
3277 1838 3676 1899 paupertatem,

2091 1931 2142 1984 in
2178 1943 2338 1997 quam
2370 1926 2559 1994 quovis
2595 1940 2725 1980 casu
2773 1923 3024 1978 redacuis
3056 1923 3143 1985 sit,
3175 1924 3239 1975 ad
3275 1922 3364 1975 Dei
3398 1921 3598 1974 referat
3625 1928 3679 1973 et

2089 2017 2469 2074 aet-ominodet
2529 2014 2887 2076 voluntatem,
2941 2025 2996 2066 ut
3043 2011 3280 2066 Lazarus
3329 2011 3441 2079 ille,
3503 2024 3679 2079 neque

2091 2114 2206 2182 ipse
2237 2131 2263 2165 a
2298 2110 2633 2166 beatitudine
2663 2109 2898 2162 alienum
2933 2115 3035 2160 est.
3075 2105 3331 2160 Fortasse
3373 2119 3504 2157 vero
3544 2116 3679 2171 pau-

2091 2208 2354 2270 pertatem
2407 2199 2636 2268 appellat
2681 2197 2765 2250 hic
2796 2211 2976 2248 sermo
3009 2195 3366 2248 voluntariam
3402 2193 3682 2246 humilita-

2092 2305 2223 2361 tem,
2254 2293 2409 2363 cujus
2461 2290 2739 2359 exemplar
2783 2289 2939 2344 uobis
2982 2289 3156 2343 factus
3193 2296 3295 2352 est,
3341 2288 3452 2354 ipse
3486 2284 3677 2338 horum

2093 2391 2281 2443 doctor
2320 2388 2478 2442 Deus.
2516 2386 2706 2440 Nostra
2739 2386 2882 2437 enim
2921 2397 3080 2437 causa
3111 2395 3314 2448 pauper
3357 2378 3530 2432 fartus
3575 2385 3678 2441 est,

2092 2499 2213 2535 cum
2238 2481 2388 2534 «lives
2416 2489 2581 2542 esset,
2605 2486 2662 2531 ut
2686 2492 2784 2532 nos
2809 2477 2924 2546 ejus
2947 2481 3265 2544 paupertate
3289 2470 3594 2524 dilaremur
3611 2466 3678 2521 ⁸³,

2093 2575 2204 2631 lloc
2237 2577 2400 2646 igitur
2424 2573 2743 2642 prmclarum
2772 2585 2930 2638 opus,
2959 2576 3144 2635 utpote
3178 2565 3377 2618 diaboli
3413 2559 3680 2630 Superbiae

2093 2681 2144 2724 et
2177 2668 2400 2739 politico
2441 2667 2745 2735 oppositum
2795 2649 3126 2724 dominatui,
3169 2659 3388 2712 beatum
3427 2651 3684 2723 praedicat

2099 2762 2379 2825 Dominus,
2409 2775 2708 2823 congruum
2735 2757 2811 2811 illi
2839 2754 3116 2824 prremium
3147 2749 3378 2806 reddens
3418 2746 3679 2802 caelorum

2098 2868 2346 2923 regnum.
2380 2850 2694 2905 llumilitate
2717 2851 2879 2916 igitur
2913 2859 3166 2915 tanquam
3197 2845 3372 2913 primo
3393 2836 3682 2896 beatitudi-

2096 2962 2222 3001 num
2269 2946 2438 3016 gradu
2485 2943 2761 3015 Supposita
2811 2939 3137 2996 laudabilem
3190 2937 3393 2991 luctum
3425 2935 3682 3002 deinceps

2094 3040 2318 3110 apponit
2362 3057 2376 3093 :
2412 3055 2430 3089 ι
2469 3036 2620 3090 Beati
2647 3035 2740 3105 qui
2770 3034 2976 3104 lugent,
3004 3032 3261 3103 quoniam
3294 3029 3398 3100 ipsi
3429 3025 3684 3082 consola~

2094 3133 2319 3190 buntur.
2373 3149 2392 3184 ι
2454 3130 2798 3186 Beatitudine
2846 3129 3040 3197 dignus
3079 3135 3337 3181 censetur
3392 3124 3561 3177 luctus
3611 3118 3683 3172 ob

396 3211 496 3263 καὶ
531 3211 834 3282 ἁμαρτίαις
871 3215 1180 3285 γινόμενον,
1213 3215 1280 3268 δι’
1325 3209 1388 3271 οῦ
1412 3217 1513 3287 τῆς
1564 3217 1916 3287 συμπαθείας
1953 3219 1985 3290 ἦ

2095 3221 2294 3278 delicta
2337 3233 2502 3292 atque
2547 3229 2764 3291 peccata
2817 3227 3128 3287 susceptus,
3181 3215 3327 3269 unde
3375 3207 3682 3268 consolatio

397 3302 752 3374 παράκλησις
790 3305 1024 3370 γίνεται.
1071 3308 1274 3379 Ἀλλ’ή
1322 3309 1677 3381 παρατατικὴ
1715 3311 1986 3383 σημασία,

399 3397 498 3450 καὶ
527 3395 659 3450 ἄλλο
690 3397 884 3461 πένθος
924 3402 1065 3452 νοεῖν
1094 3402 1241 3471 ἡμᾶς
1277 3401 1524 3456 δίδωσιν.
1557 3404 1632 3457 Οὑ
1670 3403 1802 3474 γὰρ,
1840 3400 1985 3469 εἶπε,

402 3487 668 3558 μακάριοι
700 3488 750 3540 οἱ
783 3489 1181 3559 πενθήσαντες,
1217 3491 1333 3543 ἀλλ’
1355 3495 1404 3544 οἱ
1443 3492 1794 3558 πενθοῦντες,
1826 3496 1875 3547 οί
1902 3495 1990 3547 ἀεὶ

400 3583 752 3654 μεμνημένοι
789 3586 888 3654 τῆς
919 3585 1098 3656 δόξης,
1134 3581 1203 3657 ἧς
1237 3587 1704 3658 ἐκπεπτώκαμεν,
1739 3589 1836 3641 καὶ
1872 3588 1988 3652 πῶς

401 3677 483 3738 εἰς
515 3675 672 3729 τοῦτο
691 3676 750 3729 τὸ
780 3677 873 3729 τοῦ
900 3677 1260 3748 κλαυθμῶνος
1287 3681 1487 3750 χωρίον
1510 3680 1765 3744 ἐλεεινῶς
1791 3681 1988 3753 ὲξωρίυ

404 3769 637 3840 σθημεν.
676 3763 839 3824 Οὗτοι
905 3771 1190 3825 ἄπαυστον
1262 3773 1321 3825 τὸ
1373 3773 1573 3837 πένθος
1641 3776 1987 3846 ποιούμενοι.

398 3863 685 3927 ἀξιοῦνται
742 3866 844 3935 τῆς
894 3866 1013 3918 ἐκεῖ
1067 3868 1494 3939 παρακλήσεως.
1549 3887 1568 3919 ι
1607 3870 1888 3941 Μακάριοι
1940 3871 1990 3924 οἱ

400 3957 706 4027 πραεῖς,ὄτι
741 3958 920 4024 αὑτοὶ,
968 3959 1448 4030 κληρονομήσουσι
1474 3961 1574 4032 τὴν
1604 3963 1730 4033 γῆν.
1772 3982 1790 4015 ›
1836 3963 1991 4034 Τάχα

395 4067 486 4113 τις
533 4051 790 4122 προσχὼν
845 4053 928 4116 είς
987 4054 1048 4106 τὸ
1108 4055 1206 4123 τῆς
1252 4054 1454 4119 λέξεως
1483 4056 1827 4122 ἐπιπόλαιον,
1861 4057 1992 4123 ἴσως

400 4144 556 4214 ἐρεῖ·
589 4144 715 4205 Πῶς
743 4146 804 4198 ὲν
844 4145 1171 4200 ἀναϐάσεων
1229 4145 1382 4212 τάξει
1429 4149 1702 4202 τεθέντων
1755 4167 1993 4220 μακαρι-

405 4237 583 4307 σμῶν,
620 4237 840 4310 πρῶτον
873 4239 1111 4293 ἔπαθλον
1154 4240 1360 4296 δίδοται
1391 4243 1432 4311 ή-
1473 4241 1720 4312 βασιλεία
1766 4241 1876 4295 τῶν
1904 4242 1991 4295 οὑο

402 4329 604 4401 ρανῶν,
627 4333 724 4386 καὶ
753 4333 786 4403 ἡ
817 4333 883 4387 ὲκ
916 4333 1054 4387 Θεοῦ
1106 4335 1482 4405 παράκλησις,
1522 4329 1648 4389 εἶτα
1673 4336 1704 4404 ἡ
1731 4335 1834 4405 κλη
1846 4351 1995 4406 ρονο-

407 4421 506 4491 μία
535 4422 635 4493 τῆς
675 4424 820 4494 γῆςς
851 4419 921 4495 ἦν
982 4426 1093 4496 γὰρ
1139 4426 1570 4498 ἁκολουθὸτερον
1621 4425 1718 4480 τοῦ
1761 4427 1992 4496 οὐρανοῦ

401 4515 776 4588 προτετάχθαι
834 4517 936 4589 τὴν
986 4519 1118 4587 γῆν.
1146 4519 1294 4573 Ἀλλ’
1325 4521 1532 4573 ὲννοεῖν
1586 4501 1883 4590 προσήκει,
1917 4519 1994 4582 ὡς

2093 3314 2588 3372 commiserationis
2623 3314 2857 3368 exsistit.
2897 3311 3150 3367 Sedeuim
3199 3306 3477 3363 eatensiva
3514 3301 3683 3372 signi-

2097 3408 2278 3462 ﬁcatio
2307 3407 2420 3478 (l5)
2449 3407 2596 3462 aliud
2637 3407 2801 3462 etiam
2837 3407 3017 3460 luctus
3063 3416 3232 3471 genus
3273 3398 3450 3453 innuit
3479 3393 3682 3447 intelli-

2095 3501 2354 3570 gendum.
2393 3499 2510 3553 Non
2548 3499 2693 3553 enim
2727 3497 2870 3552 beati
2905 3496 2996 3566 qui
3037 3495 3316 3557 luxerunt,
3351 3487 3548 3558 inquit,
3590 3483 3684 3538 sed

2095 3594 2186 3662 qui
2220 3592 2424 3659 lugent,
2477 3592 2567 3660 qui
2602 3591 2861 3644 nimirum
2911 3589 3110 3659 gloria!
3144 3602 3171 3639 a
3215 3597 3320 3654 qua
3377 3577 3682 3635 excidimus

2098 3699 2316 3755 semper
2347 3693 2474 3738 sunt
2502 3697 2800 3749 memores,
2834 3690 2887 3736 et
2912 3694 3021 3745 quo
3047 3688 3205 3747 pacto
3235 3675 3288 3728 in
3330 3674 3474 3728 hunc
3507 3670 3681 3724 luctus

2095 3779 2272 3833 locmn
2321 3777 2714 3832 miserabiliter
2757 3771 3103 3829 exterminati
3153 3781 3362 3824 sumus.
3410 3764 3475 3818 Hi
3517 3762 3682 3832 igitur

2098 3887 2374 3940 nunquam
2399 3885 2426 3923 a
2448 3870 2592 3924 luctu
2617 3877 2898 3924 cessantes
2920 3864 3146 3918 alterius
3167 3863 3294 3915 vitae
3308 3856 3682 3914 consolatione

2091 3965 2392 4032 dignantur
2419 3980 2431 4016 :
2467 3982 2485 4014 ι
2520 3960 2672 4015 Beati
2707 3961 2892 4023 mites,
2920 3955 3174 4025 quoniam
3207 3953 3304 4022 ipsi
3332 3947 3681 4021 possidebunt

2098 4072 2320 4116 terram;
2368 4080 2386 4112 ι
2428 4056 2636 4111 Dixerit
2669 4053 2900 4108 fortasse
2943 4049 3212 4118 quispiam
3257 4044 3432 4114 primo
3459 4054 3518 4095 se
3549 4036 3685 4092 οπο-

2096 4167 2308 4211 ventem
2355 4153 2645 4208 verborum
2688 4161 2906 4202 sensum
2962 4137 3341 4196 tantummodo
3379 4143 3631 4205 spectans
3666 4146 3682 4185 :

2097 4264 2203 4316 qua
2235 4249 2300 4302 de
2330 4259 2491 4298 causa
2539 4258 2662 4297 cum
2700 4239 3086 4298 bcatitudiues,
3120 4246 3181 4289 ut
3213 4231 3413 4302 gradus
3458 4227 3680 4297 quidam

2098 4337 2427 4394 ascendendi
2461 4331 2708 4402 dispositi
2753 4330 2908 4384 nobis
2950 4329 3084 4391 sint,
3122 4327 3357 4396 primum
3403 4317 3681 4389 praemium

2098 4444 2325 4500 regnum
2349 4425 2638 4489 cmlorum,
2667 4434 2717 4478 et
2747 4422 2927 4475 divina
2961 4418 3260 4472 consolatio
3284 4415 3466 4476 datur,
3495 4416 3681 4478 postea

2100 4522 2388 4576 lnereditas
2414 4517 2606 4572 terrae?
2638 4512 3062 4583 consequentius
3094 4509 3236 4563 enim
3267 4506 3443 4560 fuerat
3480 4511 3678 4554 terram

402 4609 537 4679 περὶ
560 4608 662 4680 τῆς
691 4609 802 4664 τῶν
845 4611 1069 4674 ζώντων
1105 4613 1209 4681 γῆς
1233 4616 1259 4666 6
1294 4612 1656 4681 εὑαγγελικὸς
1680 4612 1985 4680 διαλέγεται

2103 4614 2242 4667 cmlo
2265 4611 2525 4680 pra‘poui.
2551 4607 2750 4664 Verum
2769 4614 2983 4674 Oportet
3009 4600 3309 4667 intelligere
3331 4591 3680 4664 Evangeliqu

400 4701 586 4772 λόγος,
621 4705 845 4778 ἐκείνης
871 4706 973 4775 τῆς
1004 4706 1109 4776 γῆς
1139 4709 1239 4779 τῆς
1288 4707 1549 4778 ὑπεράνω
1578 4704 1688 4758 τῶν
1719 4703 1991 4772 οὐρανῶν,

480 4863 523 4892 ⁶¹
565 4859 839 4930 ΙΤίιιι.νι,
875 4863 962 4918 15.
1047 4865 1091 4896 ⁸³
1134 4863 1170 4916 Il
1217 4865 1343 4920 Cor.
1393 4883 1505 4928 vttt,
1551 4883 1601 4937 9.

2112 4705 2180 4759 de
2223 4715 2366 4759 terra
2403 4701 2699 4757 viventium
2748 4697 2916 4766 loqui,
2969 4696 3037 4750 de
3072 4693 3185 4758 illa,
3239 4689 3484 4760 inquam,
3534 4692 3680 4739 terra

1652 4978 1971 5040 Ft'atieisci
2009 4975 2218 5039 Scorsi
2257 4982 2447 5036 notua.

411 5129 546 5183 llinc
579 5129 785 5198 conjice
820 5131 960 5185 inter
990 5131 1099 5197 ipsa
1135 5131 1312 5183 lltlSSIB
1353 5129 1611 5182 solemnia
1645 5131 1708 5181 al.
1739 5130 1838 5183 hac
1867 5129 1986 5195 epi-

404 5217 569 5267 scopo
596 5215 875 5255 sermones
911 5203 1075 5255 hosce
1107 5203 1278 5254 dictos
1307 5201 1369 5254 de
1400 5198 1578 5264 Mose;
1613 5201 1752 5266 quod
1787 5200 1838 5253 in
1872 5201 1987 5269 ejus

404 5269 582 5412 §Vit‘aoa
611 5272 764 5323 nobis
791 5272 1014 5326 collecta
1041 5272 1468 5334 observavimus,
1497 5269 1734 5323 Promm.
1769 5270 1874 5326 lsa.
1905 5287 1984 5335 tu,

477 5414 589 5482 (12)
644 5410 871 5483 Magnus
921 5412 1178 5467 Basilius.
1248 5410 1420 5483 Habet
1485 5411 1627 5466 hanc
1686 5411 1986 5466 doctrinam

403 5500 566 5550 quam
597 5499 635 5534 rt
658 5482 760 5536 fert
789 5485 876 5537 hic
904 5484 1264 5552 TlteOpliaues
1295 5485 1345 5536 in
1384 5482 1594 5550 Reguli;
1629 5484 1878 5548 brevior.,
1909 5484 1988 5533 in-

402 5564 604 5620 terrog.
648 5553 754 5608 205
814 5555 898 5608 Itis
952 5555 1129 5608 verbis
1183 5568 1250 5608 ex
1311 5553 1501 5607 Latina
1540 5555 1820 5609 versione.
1866 5568 1988 5604 nam

405 5625 584 5680 Graeci
639 5635 822 5678 textus
875 5625 1006 5679 mihi
1061 5626 1238 5691 inopia
1273 5634 1354 5678 est
1395 5625 1446 5676 in
1481 5624 1582 5678 hoc
1613 5623 1843 5691 collegio
1879 5639 1890 5675 :
1923 5621 1991 5675 lli

403 5703 528 5750 sunt
574 5695 799 5747 mendici
829 5697 1040 5762 spiritu,
1071 5696 1158 5765 qui
1195 5711 1297 5747 non
1343 5695 1507 5747 aliam
1553 5701 1614 5748 ob
1656 5711 1877 5748 causam
1925 5692 1992 5744 ad

404 5767 798 5820 mendicitatem
818 5768 1154 5824 devenerunt,
1174 5782 1329 5834 quant
1355 5765 1414 5817 ob
1433 5767 1727 5819 doctrinam
1756 5765 1990 5822 Domini.

403 5837 496 5903 qui
525 5835 660 5891 dixit
692 5851 709 5886 :
745 5855 762 5888 ι
813 5834 955 5891 Vnde
983 5847 1030 5891 et
1059 5837 1215 5891 vende
1257 5835 1452 5895 omnia,
1486 5853 1602 5890 una:
1641 5836 1821 5892 habes.
1853 5847 1898 5889 et
1927 5836 1993 5887 (tu

407 5908 749 5977 pauperibus.
787 5926 806 5960 ι
837 5906 895 5963 Si
925 5925 1039 5964 vero
1072 5908 1187 5969 quis
1220 5906 1450 5962 oblatam
1475 5908 1571 5960 sibi
1598 5918 1755 5962 ctiam
1785 5923 1994 5965 quatuo-

2095 5129 2368 5188 ducunque
2419 5125 2810 5178 mendicitatem
2853 5121 3164 5190 susceperit,
3206 5130 3251 5173 et
3295 5136 3414 5173 eam
3467 5119 3547 5190 ad,
3589 5117 3685 5172 Det

2095 5198 2415 5251 voluntatem
2463 5196 2764 5249 moderatus
2811 5196 2903 5253 sit,
2941 5189 3294 5250 ut'Lazarus.
3329 5206 3489 5261 neque
3529 5189 3613 5261 hic
3653 5209 3685 5244 a

2097 5268 2422 5322 beatitudine
2459 5266 2550 5318 illa
2579 5265 2900 5319 exriuditur.
2936 5263 3190 5314 Eamilcm
3223 5260 3528 5315 doctrinam
3562 5260 3684 5328 plu-

2095 5343 2245 5392 ribus
2295 5339 2456 5391 tratlit
2505 5337 2645 5389 idem
2700 5335 2946 5396 Basilius,
2993 5334 3045 5384 in
3078 5333 3215 5399 psal.
3253 5348 3478 5393 xxxviii,
3509 5346 3537 5382 a
3571 5345 3678 5398 qua

2095 5408 2376 5462 referenda
2413 5408 2762 5474 supersedeo.
2805 5406 2935 5459 Vide
2967 5413 3021 5457 et
3052 5402 3215 5469 infra,
3253 5420 3306 5455 ιι.
3357 5401 3443 5465 17,
3493 5401 3581 5453 ubi
3615 5401 3683 5454 de

2097 5481 2239 5532 varia
2269 5479 2390 5531 lcet.
2431 5476 2591 5546 hujus
2622 5475 2743 5529 lori.

2171 5551 2280 5620 (l5)
2327 5541 2611 5620 Extensiua
2659 5546 2997 5620 signiﬁcatio;
3053 5544 3203 5620 Quae“
3240 5542 3354 5620 llaec
3401 5541 3491 5620 sit,
3534 5549 3586 5594 et
3627 5541 3679 5594 in

2096 5612 2508 5688 qnem'sensum
2553 5619 2692 5672 dicta
2708 5612 2931 5688 'abltoe
2965 5614 3120 5688 Patre
3154 5612 3390 5688 diximus
3425 5612 3568 5688 boui.
3603 5627 3680 5674 XI,

2099 5681 2210 5743 not.
2237 5690 2325 5744 87.
2360 5691 2490 5755 Quae
2521 5705 2646 5742 vero
2671 5689 2739 5741 ibi
2775 5687 3028 5744 diximus,
3061 5686 3162 5737 huc
3187 5683 3348 5755 etiam
3385 5681 3681 5755 pertinent,

2097 5774 2147 5813 et
2178 5777 2295 5829 qua:
2343 5751 2430 5814 hic
2472 5759 2598 5814 dicit
2634 5760 2772 5814 idem
2807 5766 2998 5812 auctor
3032 5769 3094 5809 ca
3122 5753 3292 5822 magis
3327 5751 3602 5824 explicant
3633 5761 3688 5808 et

2100 5833 2444 5885 enutirtttaut.
