4074 6422
339 392 447 460 915

1478 387 1970 447 TlIEOPHANlS
2012 386 2354 446 CERAMEI

3499 386 3604 451 916

339 519 459 574 qua!
511 517 674 574 supra
729 501 978 558 ctelcstes
1028 501 1191 554 orbes
1244 507 1325 554 est
1382 498 1701 564 constituta,
1761 497 1916 567 cujus

2030 494 2090 572 ἧς
2143 499 2201 551 ἐν
2256 497 2532 568 φαντασία
2599 495 2894 567 γενόμενος
2940 497 2965 550 6
3001 495 3180 564 μέγας
3211 496 3378 550 Δα6“.δ
3409 497 3592 566 ἔλεγε·

340 596 550 664 objecta
591 595 692 650 sibi
725 595 903 665 specie
933 607 1155 661 magnus
1189 589 1353 644 David
1385 591 1599 644 dicebat
1633 608 1648 644 :
1685 607 1704 641 ι
1738 589 1914 644 Credo

339 688 526 741 videre
583 688 723 740 bona
771 683 981 738 Domini
1023 684 1073 736 in
1116 691 1257 736 terra
1295 680 1589 736 viventium
1641 679 1708 734 “.
1749 699 1767 732 ι
1799 678 1914 733 Non

339 779 484 834 enim
518 779 657 832 hanc
683 787 881 831 terram
920 776 1073 839 dicit,
1103 790 1223 844 quae
1253 774 1516 828 moritura
1553 773 1746 841 gignit,
1772 787 1916 841 qum-

339 888 444 939 que
470 869 630 939 352
664 871 712 921 in
758 883 818 922 se
848 870 1016 934 ipsam
1049 867 1268 922 resolvit
1297 882 1358 919 ea
1403 882 1522 936 qua:
1555 865 1622 919 ab
1651 867 1758 935 ipsa
1790 875 1916 920 sunt

339 973 478 1029 orta,
505 963 598 1016 sed
638 977 756 1016 eam
787 959 852 1014 ad
879 975 1038 1029 quam
1074 973 1220 1014 mors
1263 975 1370 1012 non
1399 957 1662 1023 ascendit,
1692 972 1918 1028 quaeque

338 1056 542 1109 sterilis
571 1063 676 1117 est,
716 1063 770 1108 et
807 1067 1002 1122 expers
1041 1053 1365 1108 tribulorum
1421 1063 1582 1121 atque
1613 1052 1914 1120 spinarum.

337 1147 486 1201 Illam
505 1163 638 1203 sane
656 1147 1021 1202 haereditatem
1047 1148 1479 1214 consequendam
1503 1146 1690 1211 ajusto
1712 1143 1920 1198 Fsaltes

339 1239 588 1308 promisit
646 1240 882 1294 dicens:
923 1256 942 1289 ι
989 1238 1052 1291 Et
1099 1238 1358 1290 exaltabit
1405 1248 1454 1291 te
1493 1245 1550 1290 ut
1601 1236 1918 1289 haereditate

337 1331 523 1402 capias
547 1342 748 1387 terram
777 1333 842 1387 ⁸⁸.
881 1350 900 1384 ι
932 1329 1218 1399 Nunquam
1261 1329 1404 1383 enim
1439 1327 1721 1391 exaltabit,
1754 1327 1920 1382 dixis-

336 1431 440 1489 set,
495 1422 540 1476 si
587 1424 652 1476 de
697 1431 838 1476 terra
911 1436 1072 1491 quam
1115 1422 1337 1490 pedibus
1386 1419 1661 1474 calcamus
1709 1417 1918 1473 locutus

337 1522 500 1569 esset.
525 1513 806 1580 Quomodo
836 1513 978 1568 enim
1007 1513 1146 1568 hanc
1175 1513 1378 1566 sanctis
1422 1523 1474 1564 ut
1521 1509 1916 1566 hmreditarium

341 1607 566 1675 largitur
609 1621 636 1659 a
687 1621 818 1675 qua,
863 1604 1016 1674 juxta
1091 1605 1446 1675 Apostolum,
1500 1622 1518 1655 ι
1575 1603 1920 1672 Abripienmr

339 1697 391 1749 in
417 1696 676 1760 nubibus,
703 1709 756 1751 et
791 1712 911 1749 eum
953 1695 1178 1750 Domino
1207 1697 1409 1749 erimus
1435 1693 1517 1747 “?
1546 1713 1564 1745 ι
1602 1691 1920 1762 lntelligibi-

339 1789 442 1842 lem
475 1803 604 1858 ergo
645 1797 844 1842 terram
889 1788 1035 1842 illam
1084 1787 1402 1842 hmreditate
1447 1785 1790 1849 obtinebunt,
1825 1783 1916 1853 qui

339 1881 550 1936 Domini
614 1881 1078 1937 mansuetudinem
1120 1879 1322 1933 iuerint
1375 1877 1619 1932 imitati:
1657 1895 1675 1928 ι
1721 1876 1921 1930 Discite

336 1976 502 2040 enim,
537 1975 733 2044 inquit,
783 1989 813 2028 a
861 1986 968 2040 me,
1022 1971 1149 2043 quia
1211 1970 1361 2025 mitis
1408 1984 1528 2024 sum
1600 1977 1652 2023 et
1699 1967 1921 2022 humilis

336 2065 520 2124 icorde
550 2067 618 2121 ".
656 2086 675 2120 ι
709 2065 812 2132 llli,
861 2068 1103 2134 inquam,
1157 2063 1249 2133 qui
1301 2076 1424 2116 cum
1470 2060 1690 2115 occasio
1735 2059 1928 2112 incidit

2025 606 2042 638 ι
2079 587 2327 640 Πιστεύω
2359 585 2451 640 τοῦ
2502 588 2629 639 ίδεῖν
2669 586 2736 639 τὰ
2793 588 2977 655 ἀγαθὰ
3035 589 3128 640 τοῦ
3200 589 3409 659 Κυρίου
3435 590 3492 640 ἐν
3531 591 3602 658 γῇ

2020 677 2259 741 ζώντων.
2298 695 2316 728 ι
2353 678 2430 730 Οὐ
2472 675 2679 748 ταύτην
2715 677 2821 744 γὰρ
2845 677 2994 745 λέγει
3017 677 3114 747 τὴν
3142 678 3209 731 τὰ
3240 680 3407 747 θνητὰ
3436 681 3604 746 φύου-

2021 780 2145 827 σαν,
2179 764 2270 817 καὶ
2319 767 2398 825 είς
2434 764 2636 836 ἑαυτὴν
2668 766 2736 818 τὰ
2769 765 2828 830 ἐξ
2868 766 3042 836 αὐτῆς
3099 768 3464 834 ἁναλύουσαν,
3487 771 3603 823 ἀλλ’

2021 857 2256 926 ἐκείνην,
2291 851 2358 928 ἧς
2384 857 2486 909 οὐκ
2525 857 2697 927 ἐπὲση
2728 860 2755 911 ὁ
2791 858 3042 925 θάνατος,
3081 859 3180 929 τήν
3212 861 3481 930 τριϐόλων
3511 865 3607 916 καὶ

2020 951 2277 1006 ἀκανθῶν
2315 950 2529 1017 ἄγονον.
2569 951 2823 1022 Ἐκείνην
2882 951 3322 1024 κληρονομήσειν
3391 956 3485 1010 τὸν
3532 958 3610 1009 δί-

2021 1060 2178 1098 καιον
2227 1044 2322 1096 καὶ
2360 1046 2388 1095 6
2421 1042 2713 1114 ψαλμῳδὸς
2751 1044 3144 1115 ἐπηγγείλατο,
3184 1065 3202 1096 ι
3243 1047 3355 1100 Καὶ
3401 1048 3610 1116 ὑψώσει

2023 1136 2329 1206 σε,λέγων,
2367 1135 2461 1188 τοῦ
2521 1137 3080 1208 κατακληρονομῆσαι
3132 1140 3261 1208 γῆν.
3304 1158 3324 1191 ›
3371 1141 3487 1193 Οὐκ
3541 1140 3609 1194 ἂν

2022 1225 2145 1282 εἷπε
2178 1230 2259 1295 τὸ,
2301 1229 2573 1298 ’Υψώσει
2631 1245 2722 1289 σε,
2757 1230 2806 1282 εί
2861 1230 2988 1300 περὶ
3035 1230 3136 1299 τῆς
3169 1233 3226 1284 ἐν
3252 1232 3412 1285 ποσὶν
3452 1233 3610 1303 ἔλεγε

2023 1321 2150 1388 γῆς.
2188 1319 2312 1383 Πῶς
2341 1319 2454 1388 γὰρ
2501 1317 2708 1388 ταύτην
2756 1321 2837 1381 είς
2887 1319 3264 1390 κληρονομίαν
3284 1323 3399 1385 τοῖς
3429 1323 3610 1390 ἁγίοις

2022 1409 2313 1482 χαρίζεται
2339 1427 2355 1477 ;
2382 1405 2567 1481 ἀφ’ἦς
2599 1428 2618 1462 ‹
2670 1410 3140 1482 Ἀρπαγησόμεθα
3188 1413 3245 1465 ἐν
3295 1413 3550 1480 νεφέλαις
3586 1434 3606 1466 ι

2023 1504 2167 1557 κατὰ
2205 1503 2298 1556 τὸν
2321 1503 2674 1567 Ἀπόστολον,
2724 1505 2815 1557 καὶ
2841 1523 2859 1555 ι
2897 1506 3000 1558 Σὺν
3043 1506 3239 1576 Κυρίῳ
3264 1508 3539 1576 ἐσόμεθα;
3583 1527 3603 1560 ›

2024 1597 2138 1666 Τὴν
2169 1597 2472 1668 νοουμένην
2519 1595 2612 1650 οῦν
2665 1597 2884 1666 ἐκείνην
2941 1597 3047 1668 γῆν
3093 1599 3528 1670 κληρονομοῦσιν
3559 1602 3610 1653 0i

2022 1688 2124 1760 τὴν
2179 1688 2470 1760 πραότητα
2527 1688 2623 1742 τοῦ
2679 1690 2889 1760 Κυρίου
2945 1690 3300 1759 μιμούμενοι.
3343 1711 3360 1743 ι
3393 1692 3610 1746 Μάθετε

2024 1781 2157 1852 γὰρ,
2191 1781 2381 1849 φησὶν,
2416 1781 2513 1836 ἀπ’
2542 1780 2704 1852 ἐμοῦ,
2740 1782 2822 1835 ὅτι
2850 1783 3024 1850 πρᾶός
3055 1785 3194 1854 εἰμι,
3235 1784 3329 1836 καὶ
3356 1785 3614 1848 ταπεινὸς

2025 1877 2091 1944 τῇ
2121 1873 2342 1944 καρδίᾳ..
2383 1892 2403 1926 ι
2433 1873 2495 1927 Οί
2527 1874 2586 1927 ἐν
2615 1873 2694 1941 τῷ
2728 1873 2909 1945 καιρῷ
2940 1877 3038 1944 τῆς
3075 1875 3248 1945 ὀργῆς
3285 1874 3437 1945 πόθῳ
3481 1876 3615 1945 θείῳ

2027 1966 2122 2020 τοῦ
2159 1966 2369 2030 πάθους
2428 1968 2870 2037 περιγενόμενοι,
2910 1968 3004 2021 καὶ
3029 1968 3291 2040 ἀόργητοι
3323 1968 3612 2038 διαμένον-

2031 2076 2122 2123 τες
2152 2059 2290 2130 πρδς
2320 2060 2448 2124 τοῦς
2481 2062 2561 2125 είς
2587 2062 2788 2124 αὐτοὺς
2824 2062 3272 2133 ἁμαρτάνοντας.

345 2163 595 2216 rascendt
625 2160 808 2216 divino
833 2174 1020 2216 amore
1094 2156 1400 2227 passionem
1432 2161 1778 2224 superantes,
1809 2151 1954 2208 nulla
1991 2156 2254 2210 adversus
2279 2169 2374 2210 eos
2419 2155 2509 2226 qui
2576 2156 2725 2227 ipsos
2771 2156 3116 2212 offenderunt
3155 2158 3432 2214 iracundia
3463 2173 3616 2212 com-

338 2255 466 2308 moti
531 2254 784 2307 tolerant.

413 2368 430 2399 ι
469 2347 620 2402 Beati
674 2347 762 2414 qui
814 2347 1031 2402 suriunt
1085 2354 1140 2400 et
1187 2344 1387 2400 sitiunt
1437 2343 1746 2413 justitiam,
1781 2357 1912 2411 quo.

337 2441 483 2495 niam
555 2438 656 2507 ipsi
757 2439 1165 2493 saturahttnlur.
1236 2456 1255 2489 ι
1327 2436 1641 2491 Esurienles
1727 2443 1779 2488 et
1849 2435 1924 2488 si-

339 2535 536 2588 tientes
583 2548 680 2587 eos
725 2531 993 2600 appellat,
1051 2531 1143 2600 qui
1200 2529 1414 2584 virtutis
1462 2527 1774 2598 inexplebili
1828 2543 1921 2581 cu-

336 2625 564 2695 piditate
619 2633 875 2679 tenentur
925 2637 939 2676 :
989 2621 1219 2692 justitize
1275 2623 1472 2690 quippe
1522 2620 1740 2675 nomine
1797 2619 1917 2673 uni-

337 2733 556 2773 versum
611 2717 833 2770 virtutis
891 2716 1306 2786 comprehendit
1375 2729 1565 2784 genus,
1636 2730 1702 2768 ex
1771 2724 1923 2784 parte

339 2819 514 2865 totum
557 2811 888 2877 ostendens;
937 2825 1030 2865 seu
1078 2809 1280 2878 potius,
1325 2808 1453 2879 quia
1496 2810 1724 2878 ipsemet
1764 2808 1920 2861 Chri-

337 2915 460 2959 stus
536 2903 745 2973 justitia
817 2913 872 2958 ct
935 2902 1298 2958 sanetiticatio
1358 2912 1442 2956 est
1504 2899 1592 2968 “,
1685 2908 1742 2956 et
1811 2899 1923 2968 ipse

341 2995 500 3065 panis
549 2994 617 3048 de
685 2993 826 3048 cmlo
881 2992 1177 3062 delapsus,
1231 2999 1288 3048 et.
1354 3006 1494 3061 aqua
1559 2992 1704 3046 \‘iva.
1764 2990 1917 3044 Beati

341 3094 489 3147 sunt,
541 3085 633 3156 qui
687 3085 861 3154 ipsum
908 3085 1163 3139 ardenter
1209 3083 1460 3139 esuriunt
1509 3091 1561 3138 et
1606 3083 1818 3146 sitiunt,
1865 3091 1921 3134 ut

2105 2365 2124 2396 ‹
2158 2343 2439 2416 Μακάριοι
2471 2346 2522 2398 οί
2566 2345 2867 2409 πεινῶντες
2917 2345 3014 2399 κα)⁸
3063 2345 3329 2415 διψῶντες
3381 2347 3483 2415 τὴν
3531 2347 3614 2401 διο

2029 2437 2353 2507 καιοσύνην,
2389 2441 2473 2493 ὅτι
2496 2439 2656 2492 αὐτοὶ
2683 2438 3180 2510 χορτασθήσονται.
3216 2459 3234 2491 ι
3300 2439 3614 2503 Πεινῶντας

2026 2531 2124 2584 καὶ
2171 2529 2440 2600 διψῶντας
2500 2531 2650 2600 λέγει
2707 2532 2837 2593 τοὺς
2868 2531 3186 2600 ἀκορέστως
3217 2531 3442 2600 ἐχοντας
3483 2532 3614 2601 περὶ

2027 2625 2128 2692 τὴν
2151 2623 2446 2694 ἐπιθυμίαν
2477 2625 2576 2693 τῆς
2602 2623 2826 2694 ἀρετῆς.
2853 2623 2952 2676 Διὰ
2977 2623 3086 2693 γὰρ
3107 2623 3206 2692 τῆς
3237 2623 3614 2692 δικαιοσύνης,

2031 2717 2212 2770 πᾶσαν
2241 2716 2445 2786 ἀρετὴν
2473 2716 2806 2784 περιέλαϐεν
2852 2716 2916 2769 ἐκ
2973 2715 3069 2769 τοῦ
3129 2716 3332 2786 μέρους
3361 2714 3615 2786 δηλώσας

2028 2807 2090 2861 τὸ
2118 2809 2249 2866 πᾶν.
2281 2809 2502 2862 Μᾶλλον
2526 2807 2583 2861 δέ
2608 2808 2802 2879 ἐπειδὴ
2827 2809 2993 2873 αὐτὸς
3030 2811 3179 2862 ἐστιν
3227 2811 3261 2879 ή
3293 2809 3616 2878 δικαιοσύνη

2031 2899 2127 2953 καὶ
2157 2904 2185 2954 6
2214 2901 2486 2970 ἁγιασμὸς
2518 2903 2546 2954 6
2573 2901 2835 2970 Χριστὸς,
2881 2901 2976 2954 καὶ
2997 2901 3026 2952 6
3056 2900 3219 2964 αὐτὸς
3244 2901 3272 2953 ὁ
3299 2898 3359 2964 ἐξ
3378 2900 3613 2971 οὐρανοῦ

2030 2995 2214 3064 ἄρτος,
2250 2992 2432 3046 καὶτὸ
2463 2992 2608 3066 ὕδωρ
2661 2993 2722 3047 τὸ
2756 2993 2867 3058 ζῶν
2889 3011 2902 3024 ο
2937 2995 3201 3064 μακάριοι
3255 2993 3306 3047 0i
3370 2993 3618 3056 διακαῶς

2031 3084 2240 3138 ἐκεῖνον
2273 3083 2575 3148 πεινῶντες
2607 3085 2703 3139 καὶ
2758 3084 3048 3153 διψῶντες,
3107 3085 3184 3148 ὡς
3233 3084 3500 3139 δύνασθαι
3527 3083 3618 3138 λέ-

341 3153 716 3245 pOSsint—cmn
774 3175 972 3231 Davide
1028 3176 1209 3231 dicere
1242 3193 1255 3228 :
1293 3193 1312 3228 ι
1356 3174 1541 3228 Sitivit
1571 3174 1751 3229 anima
1801 3189 1920 3227 mea

2030 3193 2149 3245 γειν
2186 3177 2324 3246 μετὰ
2355 3177 2448 3230 τοῦ
2491 3177 2676 3242 Δαὸὶδ,
2719 3197 2737 3230 ι
2769 3178 3062 3247 Ἐδίψησεν
3109 3179 3140 3244 ὴ
3175 3178 3322 3249 ψυχή
3363 3196 3466 3248 μου
3493 3180 3618 3234 6mi-

343 3282 466 3342 post
512 3281 563 3326 te
600 3272 666 3326 “.
723 3291 741 3325 ι
779 3272 933 3338 Quod
981 3271 1142 3340 igitur
1174 3270 1400 3340 hujusce
1451 3269 1609 3323 faunis
1641 3272 1920 3336 praemium

343 3365 490 3419 erit?
524 3365 601 3419 Eo
633 3364 795 3434 potiri
829 3363 1058 3426 scilicet,
1092 3364 1239 3432 quod
1275 3362 1449 3418 fuerat
1475 3360 1844 3429 concupitum,
1873 3369 1928 3414 et

345 3473 536 3514 rursus
580 3458 763 3512 dicere
809 3472 930 3510 cum
981 3456 1144 3510 David
1183 3472 1198 3510 :
1231 3474 1250 3507 ι
1286 3455 1402 3525 Ego
1434 3470 1563 3509 vero
1613 3455 1668 3508 in
1715 3453 1925 3524 jnstitia

345 3551 617 3627 apparebo
654 3549 969 3620 conspectui
1014 3557 1152 3617 tuo;
1185 3548 1424 3605 satiabor
1453 3564 1574 3604 cum
1610 3549 1928 3620 apparuerit

343 3643 513 3711 gloria
552 3652 637 3697 tua
668 3643 734 3695 '°.
776 3661 796 3694 ι

423 3751 441 3784 ι
480 3731 628 3786 Beati
652 3733 1055 3798 misericordes,
1085 3733 1338 3803 quoniam
1365 3732 1464 3803 ipsi
1496 3731 1924 3787 misericordiam

345 3835 771 3896 consequentur.
841 3847 859 3879 ι
924 3827 1108 3882 Primo
1161 3841 1220 3880 se
1280 3825 1516 3880 offerens
1570 3824 1735 3894 hujus
1795 3825 1925 3878 dicti

345 3937 535 3976 sensus
569 3923 992 3976 miscricordiam
1024 3921 1075 3974 in
1112 3934 1374 3990 pauperes
1422 3919 1662 3972 indicare
1694 3918 1923 3972 videtur.

349 4014 617 4080 Quoniam
676 4028 806 4068 vero
859 4014 1059 4066 bonum
1113 4026 1248 4080 Opus
1305 4026 1410 4064 non
1469 4012 1523 4064 in
1569 4009 1824 4066 facultate
1874 4021 1928 4064 et

346 4106 611 4160 electione
653 4104 925 4170 consistit,
970 4119 1144 4173 neque
1185 4103 1346 4171 hujus
1377 4102 1645 4155 mercedis
1673 4111 1928 4171 expertes

347 4206 475 4252 sunt
509 4198 623 4265 qui,
673 4197 923 4266 quamvis
965 4212 1070 4248 non
1114 4196 1343 4262 possint,
1382 4195 1567 4248 volunt
1599 4204 1780 4250 tamen
1837 4212 1931 4251 ne-

348 4285 586 4338 t-essaria
622 4285 972 4353 suppeditare
1001 4282 1391 4352 indigentibus,
1440 4283 1568 4337 lit-et
1611 4287 1773 4338 etiam
1817 4287 1928 4355 spi-

348 4379 617 4433 ritualiter
665 4379 932 4442 misereri,
984 4394 1105 4433 cum
1153 4378 1276 4446 quis
1331 4378 1412 4432 vel
1461 4378 1765 4435 doctrinam
1847 4383 1927 4438 vel

348 4472 775 4528 consolationem
811 4470 972 4525 verbo
1005 4471 1330 4540 impertitur.

427 4582 445 4615 ι
487 4564 636 4618 Beati
673 4565 875 4618 mundo
904 4564 1092 4624 corde,
1138 4565 1395 4632 quoniam
1439 4565 1536 4633 ipsi
1571 4564 1740 4621 Deum
1775 4567 1924 4621 vitle-

347 4657 502 4710 bunt.
565 4675 585 4709 ι
652 4656 927 4724 Quotquot
1000 4656 1205 4710 scilicet
1266 4657 1449 4710 animo
1511 4674 1605 4725 per
1662 4659 1924 4714 actionem

348 4746 969 4815 t'ontemplationetnque
1015 4757 1243 4816 purgato
1295 4757 1407 4799 tum
1453 4760 1597 4800 recta
1672 4760 1930 4818 certaque

349 4836 494 4888 circa
532 4834 696 4889 Deum
727 4835 852 4900 llde,
882 4843 993 4887 tum
1025 4833 1212 4886 morali
1248 4832 1580 4903 philoSOpbia
1612 4837 1839 4890 exerciti
1876 4839 1927 4890 in

349 4941 407 4979 se
467 4927 597 4995 ipsis
658 4927 823 4980 Deum
886 4925 1278 4979 inlmbitantem
1342 4925 1544 4980 vident.
1610 4926 1805 4982 Verum
1865 4945 1929 4984 ex

350 5017 526 5073 sancti
560 5016 744 5072 Basilii
778 5019 1046 5072 sententia
1085 5016 1198 5086 (14)
1235 5019 1467 5072 mundus
1509 5021 1671 5072 corde
1712 5021 1930 5086 dicitur,

423 5206 468 5236 ⁸⁸⁵
513 5202 655 5258 Psal.
695 5217 845 5257 stt.
889 5199 980 5256 13.
1087 5204 1132 5235 ⁸⁸
1176 5203 1321 5256 Psal.
1367 5220 1576 5269 xum,
1614 5204 1703 5259 34.

354 5278 398 5308 "
439 5275 582 5329 l‘sal.
621 5288 754 5336 t..\'tt,
790 5274 843 5325 2.
924 5273 969 5303 7°
1010 5274 1151 5327 l’sal.
1198 5291 1311 5338 xt't,
1355 5275 1440 5329 15.

1956 4499 2008 4558 D

1814 5206 1861 5237 “
1903 5205 1917 5259 1
1959 5207 2152 5262 Thess.
2196 5225 2269 5274 tv,
2312 5210 2397 5262 Η.

2034 3287 2113 3322 σω
2147 3287 2262 3322 σου.
2308 3289 2326 3320 ι
2370 3270 2433 3322 Τί
2464 3269 2557 3323 οῦν
2593 3270 2692 3340 τῆς
2740 3269 2998 3339 τοιαύτης
3047 3271 3240 3340 πείνης
3286 3272 3346 3324 τὸ
3405 3272 3613 3342 γέραςς

2033 3360 2140 3416 Τοῦ
2174 3364 2359 3433 τυχεῖν
2388 3364 2483 3416 τοῦ
2541 3362 2764 3429 ἐφετοῦ,
2805 3364 2901 3417 καὶ
2946 3364 3088 3432 μετὰ
3133 3363 3226 3416 τοῦ
3257 3364 3422 3418 Δασιδ
3459 3363 3619 3428 αὖθις

2033 3456 2208 3509 είπεῖν
2233 3471 2244 3484 ·
2277 3455 2425 3525 Ἐγὼ
2446 3456 2503 3508 δὲ
2535 3456 2943 3528 ἐνοδικαιοσύνῃ
2985 3455 3302 3526 ὀφθήσομαι
3331 3456 3412 3527 τῷ
3448 3476 3622 3529 προσ-

2032 3546 2168 3618 ώπῳ
2223 3565 2318 3602 σου
2345 3562 2361 3578 ⁸
2390 3549 2841 3621 χορτασθήσομαι
2875 3551 2933 3602 ἐν
2980 3548 3058 3619 τῷ
3105 3549 3340 3620 ὀφθῆναί
3393 3567 3485 3620 μοι
3521 3553 3620 3622 τὴν

2032 3640 2193 3705 δόξαν
2223 3659 2344 3700 σου.

2110 3749 2128 3782 ι
2165 3732 2447 3803 Μακάριοι
2467 3735 2517 3787 οἱ
2543 3734 2858 3803 ἐλεήμονες,
2881 3736 2962 3788 ὅτι
2984 3736 3137 3788 αὐτοὶ
3162 3735 3570 3806 ἐλεηθήσονται.
3596 3757 3613 3788 ι

2047 3825 2105 3879 'll
2137 3827 2234 3896 μὲν
2261 3827 2548 3898 πρόχειρος
2571 3829 2752 3880 ἔννοια
2790 3828 2884 3880 τοῦ
2914 3829 3081 3900 ῥητοῦ
3114 3828 3214 3900 τὴν
3249 3831 3328 3892 είς
3363 3833 3492 3894 τοὺς
3525 3832 3622 3883 πέ-

2029 3935 2210 3984 νητας
2233 3918 2624 3989 φιλοστοργίαν
2655 3920 2991 3974 ἐνδείκνυται
3027 3938 3042 3953 ο
3073 3923 3198 3974 ἐπεὶ
3227 3922 3284 3975 δὲ
3320 3921 3420 3976 οὐκ
3451 3925 3509 3976 ἐν
3542 3925 3622 3993 τῷ

2032 4010 2318 4074 δύνασθαι,
2342 4012 2456 4065 ἀλλ’
2483 4013 2539 4065 ἐν
2567 4013 2634 4082 τῆ
2677 4013 3006 4084 προαιρέσει
3041 4014 3100 4067 τὺ
3132 4015 3360 4082 ἀγαθὸν,
3400 4017 3523 4069 οὑδέ
3571 4019 3623 4069 οἱ

2036 4103 2352 4175 βουλόμενοι
2387 4106 2486 4175 μέν
2511 4109 2623 4167 τοῖς
2656 4105 3256 4177 χρῄζουσινέπαρκεῖν,
3279 4109 3354 4178 μὴ
3384 4109 3622 4177 δυνάμε-

2034 4215 2113 4250 νοι
2140 4198 2217 4264 δέ,
2250 4199 2506 4266 μένουσιν
2539 4197 2645 4263 ἔξω
2664 4201 2762 4268 τῆς
2795 4199 2967 4267 καλῆς
3002 4200 3348 4264 ἀντιδόσεως.
3381 4200 3536 4252 Ἐστι
3565 4202 3621 4254 δὲ

2031 4287 2282 4358 ψυχικῶς
2309 4289 2505 4352 ἐλεεῖν,
2555 4289 2701 4361 λόγῳ
2742 4291 3211 4355 καὶδιδασκαλίας
3239 4292 3620 4362 μεταδιδόντα,

2035 4383 2132 4436 καί
2162 4382 2588 4453 παρακλήσεως.

2113 4582 2131 4613 ι
2178 4561 2456 4630 Μακάριοι
2492 4563 2542 4614 οἱ
2583 4562 2818 4633 καθαροὶ
2847 4565 2913 4634 τῇ
2949 4564 3167 4637 καρδίᾳ,
3210 4565 3294 4620 ὅτι
3331 4566 3489 4619 αὐτοὶ
3527 4568 3622 4621 τὸν

2035 4657 2168 4708 Θεὸν
2231 4657 2472 4724 ὄψονται.
2514 4675 2531 4708 ι
2573 4656 2730 4709 Ὅσοι
2779 4656 2981 4727 δηλαδὴ
3039 4658 3236 4728 πράξει
3275 4661 3366 4712 καὶ
3414 4659 3624 4732 θεωρίᾳ

2035 4748 2263 4810 ἑαυτοὺς
2329 4749 2738 4818 ἐκκαθάραντες
2793 4751 2880 4804 διὰ
2910 4751 3009 4820 τῆς
3043 4753 3169 4822 περὶ
3207 4753 3299 4806 τὸν
3328 4753 3458 4806 ὄντα
3487 4753 3623 4806 Θεὸν

2035 4838 2304 4908 ἀψευδοῦς
2375 4840 2723 4910 ὑπολήψεως,
2759 4843 2856 4895 καὶ
2887 4843 2986 4912 τῆς
3033 4844 3232 4914 ἠθικῆς
3269 4845 3618 4914 φιλοσοφίας,

2037 4934 2095 4984 ἐν
2142 4933 2358 4992 ἑαυτοῖς
2389 4933 2591 5000 ὁρῶσιν
2645 4935 2963 4988 ἐνοικοῦντα
2993 4937 3085 4989 τὸν
3115 4939 3344 5006 Κύριον.
3380 4941 3536 4992 Κατὰ
3559 4939 3620 4991 δὲ

2039 5023 2129 5074 τὸν
2152 5025 2400 5087 ὲνάγῖοις
2419 5026 2700 5079 Βασίλειον
2739 5027 3115 5096 καθαρόςέστι
3139 5033 3203 5100 τῇ
3234 5029 3436 5102 καρδίᾳ
3465 5033 3490 5084 6
3543 5032 3625 5102 μὴ

2504 5210 2546 5241 ⁸⁷
2586 5210 2777 5265 Μλιιιι.
2823 5229 2896 5276 XI,
2935 5212 3025 5267 29.
3143 5214 3185 5245 ⁸³
3226 5214 3243 5269 Ι
3287 5216 3408 5268 Cor.
3447 5231 3483 5280 l,
3527 5217 3619 5273 50.

1589 5417 1908 5479 Francisci
1945 5417 2155 5479 Scorsi
2190 5428 2379 5481 noue.

424 5563 538 5629 (ll)
572 5561 653 5614 Ea:
675 5561 732 5614 S.
767 5559 955 5614 Basilii
979 5561 1258 5614 sententia.
1292 5561 1483 5613 Exstat
1511 5562 1623 5616 lucc
1661 5562 1844 5616 itidem
1877 5564 1926 5616 in

359 5634 554 5698 regulis
583 5632 948 5690 brevioribus,
983 5647 1116 5697 quas
1141 5633 1296 5697 paulo
1321 5647 1480 5700 supra
1510 5637 1929 5684 memoravimus

358 5704 615 5771 interrog.
658 5701 757 5754 108
783 5721 794 5756 :
823 5702 925 5765 Qui
953 5717 1004 5753 se
1040 5701 1207 5766 ipsum
1257 5719 1357 5754 non
1403 5703 1751 5770 reprehendit,
1789 5705 1929 5772 (μιαί

363 5774 453 5824 [ὶεί
480 5774 783 5824 mandatum
811 5787 910 5822 non
942 5773 1210 5836 spret'erit,
1237 5782 1328 5824 aut
1355 5773 1507 5839 plane
1528 5784 1802 5826 exsecutus
1829 5792 1925 5825 nmt

353 5845 423 5896 εἷς
457 5850 546 5892 att!
584 5843 880 5910 neg’excrit,
917 5843 957 5894 is
997 5843 1219 5896 "tt/radiis
1259 5854 1352 5896 est.
1394 5841 1560 5896 Porto
1593 5844 1641 5894 iu
1693 5842 1808 5898 Vat.
1836 5857 1926 5899 atc-

2041 5575 2164 5643 snnt
2199 5565 2310 5643 lure
2347 5566 2742 5643 ἀρα-ἐλλείψει,
2793 5567 2826 5639 ἢ
2885 5568 3116 5643 ἀμελείᾳ
3158 5586 3276 5639 qua!
3308 5589 3427 5627 cum
3466 5592 3624 5642 repe-

2043 5637 2232 5688 rissent
2283 5639 2332 5688 in
2376 5636 2510 5689 Gn“.
2557 5649 2610 5689 et
2655 5655 2719 5691 ex
2767 5636 2975 5704 collato;
3009 5636 3188 5695 Basil;
3225 5643 3341 5695 loro
3383 5636 3621 5700 viderem

2040 5721 2163 5758 esse
2210 5709 2439 5771 genuina
2494 5711 2728 5762 auctoris
2788 5711 3053 5780 interjeei.
3113 5713 3221 5767 Cur
3268 5717 3408 5767 enim
3459 5735 3622 5770 unam

2044 5781 2204 5825 tundo
2238 5780 2692 5849 tratvsgredientlze
2743 5780 2832 5832 Dei
2879 5782 3008 5849 legis
3062 5785 3362 5845 rationem,
3413 5799 3459 5837 et
3517 5806 3624 5840 non

2040 5861 2232 5900 omnes
2259 5846 2514 5916 tefe.tet;
2549 5865 2707 5919 gutta
2742 5852 2896 5905 etiam
2924 5846 3010 5905 ubi
3040 5853 3198 5907 alitnn
3233 5855 3412 5910 Basilii
3447 5858 3623 5915 locum
