4074 6424
362 480 474 545 917

1766 493 2089 553 IlOMlLiA
2139 498 2284 557 [Η.

3534 497 3643 560 bis

363 592 782 664 ὶαμϐανὸμενος
840 594 1038 648 ἑαυτοῦ
1090 594 1184 649 ἐπὶ
1232 596 1512 670 ἁθετήςει,
1573 598 1953 673 ἢέλλείψει,ἧ

2061 607 2150 674 qui
2232 608 2719 677 transgressionem
2796 611 2878 665 vel
2965 610 3481 681 prartermissionem
3566 607 3650 665 vel

364 686 602 758 ἀμελείᾳ
636 687 775 740 Θεοῦ
802 688 1047 759 ἐντολῆς.

449 887 468 919 ι
505 867 785 938 Μακάριοι
853 872 901 923 οἰ
962 875 1328 944 εἰρηνοποιοί,
1360 874 1443 927 ὅτι
1486 873 1645 925 αὐτοὶ
1678 874 1781 925 υἰοί
1817 872 1954 925 θεοῦ

366 960 757 1031 κληθήσονται.
796 982 815 1014 ι
866 960 989 1017 Εἶεν
1052 968 1152 1038 μὲν
1203 966 1545 1039 εἰρηνοποιοὶ
1619 966 1713 1019 καὶ
1750 968 1797 1018 οἰ
1829 968 1954 1028 τοὺς

368 1054 757 1122 ἐχθραίνοντας
785 1055 850 1107 δι’
883 1058 1189 1123 ἐπιεικείας
1232 1058 1677 1129 φιλοποιούμενοι
1710 1076 1723 1090 ³
1755 1052 1865 1111 εἷεν
1900 1060 1957 1111 δὲ

371 1148 474 1199 καὶ
491 1147 540 1199 οἰ
564 1147 658 1201 τὸν
690 1148 883 1219 θυμὸν,
923 1152 1017 1205 καὶ
1050 1154 1098 1204 οἰ
1134 1154 1235 1222 τὴν
1263 1153 1563 1221 ἐπιθυμίαν
1596 1153 1956 1223 ἀγριαινόμε-

371 1257 480 1304 νοι,
515 1239 915 1312 ἐξημεροῦντες
944 1245 1014 1298 δι’
1034 1247 1258 1317 ἀρετῆς,
1289 1248 1431 1300 κατὰ
1455 1247 1536 1311 τὸ,
1570 1265 1588 1297 ι
1625 1246 1957 1316 Εἰρηνεύετε

370 1333 612 1399 ἑαυτοῖς,
644 1335 722 1405 τῷ
756 1337 945 1408 Κυρίῳ
978 1339 1169 1409 λεχθέν
1191 1358 1206 1369 ο
1242 1357 1261 1390 ι
1293 1339 1634 1410 εἰρηνοποιοί⁵
1665 1339 1723 1392 δὲ
1770 1340 1865 1392 καὶ
1910 1340 1959 1391 οἰ

367 1422 463 1475 διὰ
501 1422 595 1477 τοῦ
649 1425 1033 1480 διδασκαλικοῦ
1109 1427 1270 1496 λόγου
1328 1428 1456 1491 τοὺς
1510 1428 1578 1481 δι’
1609 1429 1956 1501 άσέϐειαν,ἦ

368 1515 578 1583 φαῦλον
639 1516 755 1587 βίον
810 1519 1040 1591 ἐχθροὺς
1066 1521 1397 1591 γενομένους
1423 1522 1542 1592 Θεῷ
1602 1525 1683 1586 εἰς
1707 1522 1768 1575 τὸ
1800 1522 1959 1586 esas;

371 1610 782 1679 μεταφέροντες
822 1612 915 1665 καὶ
975 1614 1163 1682 φίλους
1207 1614 1493 1678 ποιοῦντες
1533 1615 1681 1686 αύτῷ
1711 1635 1724 1647 ·
1752 1616 1833 1671 διὸ
1864 1619 1959 1670 καὶ

364 1701 446 1763 ὡς
474 1704 713 1774 μιμηταὶ
742 1703 880 1757 Θεοῦ
907 1704 1001 1758 τοῦ
1031 1708 1556 1777 εἰρηνοποιήσαντος
1590 1709 1679 1762 διὰ
1709 1709 1805 1762 τοῦ
1827 1710 1957 1763 ἰδίου

364 1793 605 1861 αἵματος
662 1793 732 1848 τὰ
786 1795 1032 1867 ἡμέτερα
1089 1797 1405 1865 εἰσάγονται
1463 1800 1542 1862 εἰς
1597 1798 1696 1870 τὴν
1745 1800 1957 1855 ἐκείνου

365 1885 722 1953 συγγένειαν.

362 2070 450 2122 ὅτι
488 2070 673 2125 αὐτῶν
720 2072 873 2126 ἐστιν
904 2074 937 2143 ή
973 2073 1231 2143 βασιλεία
1288 2074 1401 2129 τῶν
1435 2076 1711 2146 οὐρανῶν.
1757 2078 1817 2131 '0
1855 2078 1955 2149 μὲν

360 2160 526 2227 λόγος
550 2162 641 2216 τὸν
678 2164 822 2217 κατὰ
846 2164 957 2217 τῶν
997 2166 1295 2237 μαρτύρων
1347 2168 1641 2240 ὑποτίθησι
1672 2170 1914 2241 διωγμόν
1939 2190 1955 2205 ι

360 2254 423 2306 ὃν
464 2254 652 2309 ἕνεκεν
677 2256 1047 2329 δικαιοσύνης,
1076 2261 1219 2331 φημί
1245 2260 1308 2333 δὴ
1362 2261 1456 2315 τοῦ
1510 2262 1773 2332 Χριστοῦ,
1802 2264 1958 2318 ἐδιώ-

360 2344 594 2415 χθησαν.
626 2347 959 2421 Δικαιοσύνη
1009 2350 1120 2422 γὰρ
1168 2350 1328 2417 Θεοῦ,
1366 2355 1459 2408 καὶ
1496 2354 1731 2426 Πατρὸς,
1765 2357 1849 2421 τίς
1889 2359 1957 2412 ἂν

360 2441 455 2509 εἴη
491 2439 631 2511 πλὴν
655 2442 738 2495 ὅτι
771 2443 1010 2513 Χριστός
1037 2460 1052 2511 ;
1083 2445 1244 2499 Οὖτω
1294 2449 1404 2517 γὰρ
1450 2449 1616 2502 αὐτὸν
1642 2452 1668 2503 ὁ
1699 2450 1832 2514 Θεὸς
1862 2451 1957 2504 καὶ

363 2532 560 2604 Πατὴρ
583 2535 858 2611 ἀποκαλεῖ
902 2537 1081 2603 λέγων
1110 2555 1125 2569 ο
1165 2559 1183 2589 ι
1234 2540 1479 2609 Ἐγγίξει
1512 2542 1650 2612 ταχὺ
1681 2544 1714 2613 ἡ
1748 2543 1955 2597 δικαιο-

366 2625 506 2697 σύνη
559 2644 686 2697 μου,
722 2628 819 2682 καὶ
850 2630 910 2682 τὸ
944 2630 1093 2694 ἔλεός
1132 2648 1233 2701 μου
1265 2632 1751 2702 ἀποκαλυφθῆναι.
1788 2656 1806 2686 ι
1841 2635 1959 2688 Μα-

364 2720 555 2791 κάριοι
593 2717 689 2775 οὖν
738 2723 925 2777 ἕνεκεν
978 2724 1145 2777 αὑτοῦ
1175 2725 1282 2778 ὑπὸ
1309 2728 1419 2779 τῶν
1444 2726 1659 2780 ἀσεϐῶν
1686 2728 1956 2795 διωκόμεο

363 2831 449 2867 νοι
506 2816 599 2867 καὶ
634 2816 1049 2887 ὀνειδιζόμενοις
1080 2818 1227 2890 Πλὴν
1256 2818 1393 2873 ἀλλὰ
1421 2820 1520 2874 καὶ
1554 2819 1648 2873 τοῦ
1679 2820 1952 2890 κοσμικοῦ

364 2906 602 2975 θορύϐου
634 2909 864 2973 ἑαυτοὺς
889 2910 1272 2976 ἐκδιῶξαντες,
1307 2910 1398 2963 καὶ
1443 2910 1534 2965 τὸν
1583 2912 1822 2982 χρηστὸν
1860 2912 1953 2964 τοῦ

366 2998 577 3066 Κυρίου
615 2998 779 3067 ζυγὸν
813 3000 1197 3070 προελόμενοι,
1244 3000 1341 3054 καὶ
1369 3001 1485 3054 ὅσοι
1514 3002 1667 3071 παρὰ
1703 3002 1812 3055 τῶν
1854 3003 1955 3054 ἐπ-

366 3089 714 3158 ηρεαζόντων
742 3091 1055 3155 διάκονται,
1087 3092 1461 3162 ὑϐριζόμενοι,
1516 3092 1955 3164 λοιδορούμενοι,

364 3180 476 3233 τῶν
544 3182 695 3236 ἰδίων
755 3183 1132 3257 στερούμενοι,
1185 3185 1279 3239 καὶ
1340 3185 1522 3239 πάντα
1545 3185 1634 3239 διὰ
1658 3186 1758 3256 τὴν
1785 3186 1956 3250 ὅντως

361 3276 715 3347 δικαιοσύνην
740 3279 1091 3349 εὐχαρίστως
1126 3279 1432 3350 δεχόμενοι,
1466 3272 1613 3333 οὗτοι
1656 3280 1865 3344 πάντες.
1898 3283 1956 3334 ἐν

364 3367 671 3422 ἀπολαύσει
696 3370 939 3438 γίνονται
966 3372 1067 3441 τῆς
1096 3372 1381 3441 βασιλείας
1427 3373 1537 3427 τῶν
1571 3373 1852 3442 ούρανῶψ
1889 3368 1958 3445 ἦς

364 3461 580 3527 γένοιτο
605 3465 1036 3534 κατατρυφῆσαι
1063 3466 1273 3528 πάντας
1302 3468 1452 3536 ἡμᾶς
1504 3466 1828 3535 πρεσϐείαις
1862 3467 1956 3520 τοῦ

368 3556 608 3624 μεγάλου
682 3558 897 3629 Πατρὸς
929 3600 943 3623 ,
996 3560 1093 3612 καὶ
1155 3542 1576 3629 θαυματουργοῦ
1657 3560 1956 3625 Νικολάου,

366 3649 465 3700 καὶ
490 3649 709 3703 πάντων
763 3650 872 3703 τῶν
896 3651 1071 3717 ἁγίων
1126 3652 1236 3703 τῶν
1281 3651 1769 3723 εὖαρεστησάντων
1815 3652 1955 3722 Θεῷ,

364 3735 411 3807 ᾧ
455 3742 655 3811 πρέπει
708 3742 843 3815 τιμὴ
896 3746 1046 3798 πᾶσα
1104 3746 1199 3798 καὶ
1280 3745 1411 3811 δόξα
1458 3747 1537 3809 εἰς
1566 3746 1695 3809 τοὺς
1728 3746 1953 3809 αἰῶνας.

378 3834 577 3906 Ἀμήν.

935 3944 1195 4000 ΟΜΙᾹΙΛ.
1236 3945 1364 3999 NB’.

854 4063 958 4125 Εἰς
990 4060 1060 4114 τὰ
1094 4062 1231 4131 ἅγια
1271 4062 1479 4127 νήπια.

450 4170 570 4223 Ἐπὶ
628 4170 725 4242 τὴν
788 4171 941 4243 ἱερὰν
977 4172 1232 4242 Βηθλεὲμ
1279 4175 1403 4242 ἄγει
1448 4176 1690 4246 σήμερον
1737 4176 1955 4249 ἠμᾶςὴ

363 4261 632 4314 θεσπεσία
655 4263 765 4316 τῶν
796 4264 1153 4332 Εύαγγελίων
1210 4268 1383 4336 φωνή.
1426 4268 1537 4331 Διὸ,
1589 4268 1844 4339 καθάπερ
1876 4271 1956 4331 εἰς

364 4354 509 4408 θεῖον
535 4355 683 4423 ἰερὶν
732 4356 974 4409 εἰσδύναι
1029 4358 1340 4427 μέλλοντες,
1406 4358 1743 4428 ἀγιοπρεπεῖ
1790 4360 1953 4431 νήψει

360 4447 457 4499 τον
507 4448 634 4501 νοῦν
694 4448 929 4513 ἕκαστος
972 4450 1129 4519 ἡμῶν
1182 4451 1618 4521 ἐκκαθάραντες,
1670 4452 1825 4504 δεῦτε
1877 4454 1955 4523 τῷ

362 4540 514 4609 λόγῳ
548 4541 684 4610 πρὸς
735 4541 835 4611 τὴν
878 4542 1033 4595 πόλιν
1086 4542 1435 4612 ὲπειχθῶμεν
1463 4543 1633 4597 Δαϐίδ
1655 4560 1667 4574 ·
1704 4544 1953 4609 καὶτοὺς

366 4634 467 4700 μὲν
492 4634 709 4703 Πέρσας
735 4635 917 4687 οἴκαδε
949 4633 1438 4705 παραπέμψωμεν,
1467 4634 1543 4697 ὡς
1572 4637 1829 4707 ἀπαρχὴν
1853 4638 1953 4705 τῆς
1989 4668 2030 4721 D

361 4728 588 4796 ἐθνικῆς
619 4729 815 4798 μοίρας
852 4729 951 4799 ἤδη
988 4729 1399 4797 προσαχθέντας
1435 4729 1680 4800 Χριστῷ.
1712 4730 1952 4793 Τούτους

360 4836 395 4883 γ
412 4820 472 4886 ἄρ
487 4820 585 4886 τῆς
606 4819 747 4873 κατᾶ
768 4820 859 4873 τοῦ
882 4820 1130 4873 διαϐόλου
1152 4822 1326 4891 πάλης
1352 4823 1565 4889 εἰλήφει
1619 4822 1949 4892 πρωτόλεια.

361 4905 528 4963 Οὗτοι
561 4913 660 4980 μὲν
694 4908 786 4966 οὖν
816 4914 895 4976 εἰς
924 4913 1159 4981 Περσίδα
1199 4914 1268 4966 δι’
1338 4913 1505 4983 ἄλλης
1550 4914 1671 4967 ὁδοῦ
1716 4914 1951 4981 ἀγγέλου

362 5002 530 5074 βουλῇ
556 5003 947 5075 βαδιζέτωσαν,
993 5005 1090 5078 τὴν
1121 5007 1292 5078 καλὴν
1339 5007 1645 5079 ὲμπορείαν
1676 5009 1952 5078 ἐμπορευ-

366 5096 597 5162 σάμενοι
624 5113 637 5125 ·
671 5097 793 5149 ἀντὶ
824 5096 1055 5166 χρυσοῦ,
1112 5099 1207 5151 καὶ
1242 5098 1489 5165 λιϐάνου,
1527 5100 1622 5154 καὶ
1676 5101 1946 5171 σμύρνης,

361 5184 465 5252 τὴν
523 5185 619 5238 τοῦ
672 5186 809 5240 Θεοῦ
852 5188 1253 5259 κεκερδακὸτες
1281 5190 1618 5259 ἐπίγνωσιν·
1666 5190 1863 5262 Ἰωσὴφ
1891 5191 1946 5243 δὲ

438 5340 484 5373 ⁷¹
523 5342 629 5398 lsa.
664 5360 737 5408 ιι,
772 5344 842 5413 5;
885 5360 997 5409 xvi,
1040 5346 1090 5398 l.

2059 702 2220 773 353
2252 704 2633 775 negligentiam
2671 703 2805 775 legis
2847 705 3040 759 divinm
3071 705 3126 758 itt
3163 719 3222 760 se
3262 702 3381 775 ipso
3411 718 3521 757 non
3558 703 3653 757 de-

2060 793 2369 860 prehendit.

2139 902 2157 935 ι
2194 883 2339 937 Beati
2366 885 2595 954 paciﬁci,
2620 886 2873 957 quoniam
2898 888 2995 955 ipsi
3025 888 3115 942 lilii
3146 887 3236 941 Dei
3258 887 3645 941 vocabuntur.»

2066 975 2282 1030 Paciﬁci
2331 977 2554 1047 intelligi
2600 990 2845 1048 possunt,
2878 981 2960 1033 vel
2988 982 3077 1050 qui
3114 981 3366 1035 inimicos
3398 994 3465 1033 ex
3491 993 3650 1047 mqtto

2066 1072 2318 1140 bonoque
2372 1075 2703 1140 conciliant;
2760 1075 2984 1143 intelligi
3039 1076 3203 1128 etiam
3262 1081 3508 1141 possunt,
3556 1072 3649 1141 qui

2064 1163 2210 1218 circa
2266 1164 2595 1219 irascibilem
2656 1166 2735 1220 vel
2796 1167 3276 1235 concupiscibilent
3331 1165 3538 1219 ell'erati
3593 1180 3653 1217 se.

2064 1255 2213 1324 ipsos
2244 1255 2698 1320 mansuefaciunt,
2724 1258 2878 1327 juxta
2912 1257 3040 1312 illud
3070 1274 3095 1311 a
3128 1256 3359 1310 Domino
3391 1258 3591 1309 dictmn
3638 1278 3648 1309 :

2068 1364 2087 1397 ι
2124 1346 2320 1402 Pacem
2371 1348 2563 1402 habete
2610 1350 2661 1403 in
2694 1350 2848 1403 vobis
2885 1349 3035 1415 ipsis.
3099 1367 3117 1401 ι
3170 1348 3389 1403 Pacilici
3438 1362 3651 1416 quoqnc

2063 1434 2323 1503 sunt,qui
2365 1450 2457 1487 eos
2478 1437 2566 1505 qui
2598 1452 2691 1505 per
2736 1438 3068 1504 impietatem
3117 1445 3171 1491 et
3195 1452 3415 1505 pravam
3440 1436 3651 1489 vivendi

2067 1525 2337 1580 rationem
2400 1526 2603 1582 inimici
2657 1537 2785 1582 sunt
2836 1528 2966 1593 Deo,
3020 1528 3344 1583 hortationis
3388 1526 3553 1581 verbo
3598 1526 3649 1579 in

2065 1628 2272 1671 rectam
2302 1616 2576 1674 deducunt
2611 1620 2773 1685 viam,
2810 1627 2864 1673 et
2897 1622 2950 1672 in
3000 1620 3297 1675 amicitiam
3341 1620 3457 1690 ejus
3500 1619 3655 1671 resti.

2065 1716 2244 1763 tuunt.
2285 1708 2441 1765 Unde
2474 1712 2634 1765 veluti
2686 1713 2992 1768 imitatores
3042 1713 3154 1776 Dei,
3186 1714 3276 1780 qui
3308 1727 3404 1779 per
3435 1711 3655 1779 sanguio

2066 1811 2188 1850 nem
2220 1814 2379 1852 suum
2430 1808 2613 1853 nostra
2662 1801 2989 1870 paciﬁeavit,
3040 1802 3091 1855 in
3122 1803 3289 1872 ipsius
3322 1799 3415 1855 Dei
3460 1816 3655 1871 cogna-

1976 1924 1979 1925 ν
2065 1889 2265 1944 tionem
2296 1891 2648 1960 adoptantur.

444 1997 464 2028 ι
507 1978 793 2049 Μακάριοι
848 1980 898 2033 οἱ
954 1980 1313 2053 δεδιωγμένοι
1348 1984 1539 2038 ἕνεκεν
1573 1984 1952 2055 δικαιοσύνης,
1987 1965 2030 2023 Β

2137 1998 2156 2031 ι
2219 1979 2368 2035 Beati
2444 1982 2539 2052 qtti
2598 1983 3036 2053 persecutionem
3093 1983 3374 2053 patiuntur
3429 1990 3653 2049 propter

2056 2069 2351 2139 justitiam,
2390 2075 2644 2143 quoniam
2672 2076 2912 2146 ipsorum
2936 2084 3022 2129 est
3054 2090 3277 2145 regnum
3308 2074 3593 2129 caelorum.
3627 2092 3648 2123 ι

2062 2165 2175 2219 Hoc
2196 2166 2343 2220 dicto
2369 2167 2806 2236 persecutionem
2834 2180 3134 2239 martyrum
3165 2167 3455 2238 significat,
3489 2180 3652 2233 quam

2063 2258 2166 2327 ipsi
2236 2268 2457 2329 propter
2513 2259 2820 2329 justitiam,
2879 2272 3098 2328 propter
3151 2259 3432 2315 Christum
3495 2256 3650 2321 dico,

2061 2349 2356 2420 patiuntur.
2412 2350 2625 2407 Justitia
2674 2355 2814 2408 enim
2855 2353 2968 2421 Dei}
3005 2364 3061 2407 et
3102 2352 3301 2417 Patris,
3339 2351 3459 2419 quis
3511 2349 3655 2405 alius

2059 2459 2222 2513 quam
2269 2443 2523 2500 Christus
2576 2446 2682 2500 sit?
2712 2445 2803 2500 Sic
2835 2447 2979 2501 enim
3013 2446 3188 2517 ipsum
3227 2446 3369 2499 Dens
3397 2451 3452 2498 et
3488 2442 3655 2497 Pater

2062 2532 2291 2601 appellat
2335 2552 2349 2588 :
2391 2554 2409 2586 ι
2462 2536 2878 2605 Appropinquat
2928 2537 3110 2590 statim
3151 2535 3361 2606 justitia
3403 2550 3557 2599 mea;
3596 2543 3651 2589 et

2062 2627 2440 2682 misericordia
2476 2644 2618 2692 mea,
2650 2639 2707 2682 ut
2748 2628 3015 2683 reveletur
3051 2629 3116 2681 τί.
3165 2626 3316 2681 Beati
3361 2626 3526 2697 igitur
3560 2626 3652 2695 qui

2063 2719 2436 2775 insecuttionis
2480 2721 2648 2791 ipsius
2694 2737 2857 2776 causa
2900 2724 2965 2775 ab
3003 2720 3185 2791 impiis
3224 2722 3518 2775 sustinent.
3555 2717 3656 2772 Ve-

2061 2821 2367 2865 rumtamen
2401 2810 2491 2878 qui
2515 2812 2581 2867 ab
2612 2812 2715 2867 hoc
2747 2813 2934 2866 mundi
2964 2812 3196 2865 tumultu
3232 2812 3389 2882 quasi
3423 2826 3481 2866 se
3504 2810 3653 2879 ipsos

2060 2915 2457 2972 persequentes
2482 2907 2773 2971 excedunt,
2798 2917 2849 2958 et
2879 2905 3084 2959 Christi
3110 2904 3297 2976 jttgtnn
3326 2912 3651 2974 prmoptaut,

2060 3006 2115 3050 et
2148 3006 2420 3065 quotquot
2461 3012 2489 3050 a
2517 2999 3003 3053 calumniatoribus
3031 2997 3374 3052 contumeliis
3416 3004 3469 3050 et
3505 2994 3652 3063 inju-

2063 3092 2158 3147 riis
2187 3092 2368 3150 ali'ecti
2396 3104 2547 3161 sunt,
2580 3104 2634 3150 et
2660 3094 2821 3150 bonis
2856 3096 3090 3166 propriis
3116 3093 3355 3164 spoliati,
3388 3103 3443 3148 et
3464 3092 3646 3148 omnia

2060 3194 2286 3254 propter
2336 3201 2519 3241 veram
2573 3187 2844 3257 justitiam
2898 3205 3021 3243 cum
3080 3187 3381 3259 gratiarum
3440 3184 3652 3239 actione

2004 3317 2027 3335 η
2062 3277 2392 3347 suscipiunt,
2422 3278 2474 3332 hi
2509 3294 2699 3336 omnes
2732 3280 2993 3335 malorum
3021 3296 3188 3349 regno
3225 3278 3474 3333 fruentur
3502 3294 3516 3329 :
3546 3290 3654 3344 quo

2066 3366 2275 3421 utinam
2294 3370 2449 3424 nobis
2479 3370 2642 3439 potiri
2667 3372 2945 3441 contingat
2975 3372 3227 3441 precibus
3251 3372 3427 3440 magni
3450 3368 3651 3431 Patris,

2064 3476 2126 3514 ac
2172 3462 2544 3536 thanntatnrgi
2579 3465 2809 3527 Nicolai.
2836 3476 2888 3521 et
2919 3467 3163 3521 omnium
3192 3474 3528 3526 sanctorum,
3559 3463 3651 3531 qui

2063 3554 2172 3608 Deo
2201 3555 2517 3625 placuerunt
2544 3577 2560 3627 ;
2585 3559 2669 3612 cui
2703 3560 2932 3614 debetur
2954 3559 3131 3614 omnis
3158 3559 3330 3629 gloria
3355 3559 3405 3611 in
3430 3556 3650 3611 smcnla.

2061 3647 2255 3700 Amen.

2632 3948 2911 4002 lltiMlLlA
2983 3948 3088 4002 ιιι.

2514 4066 2576 4119 In
2608 4077 2817 4120 sanctos
2863 4068 3195 4119 Innocentes.

2131 4178 2211 4231 Ad
2244 4192 2457 4231 sacram
2490 4177 2654 4231 hodie
2686 4176 2967 4231 Bethleem
3002 4177 3183 4230 divina
3214 4174 3491 4244 Evangelii
3519 4189 3649 4230 voce

2060 4271 2401 4325 deducimur.
2450 4268 2658 4325 Idcirco
2709 4279 2965 4339 tanquam
3019 4270 3072 4322 in
3108 4277 3356 4322 sanctum
3414 4266 3640 4337 aliquod

2061 4360 2359 4433 ingressuri
2390 4361 2652 4428 templum
2682 4376 2745 4414 ea
2772 4375 2891 4429 quae
2915 4368 3134 4413 sanctus
3156 4359 3362 4421 deceat,
3387 4357 3651 4411 munditie

2060 4464 2296 4508 mentem
2330 4453 2709 4521 unusquisque
2748 4468 2902 4505 suam
2956 4450 3304 4520 purillt-antes
3360 4450 3501 4519 agite
3537 4447 3648 4515 jam

2060 4546 2111 4597 in
2146 4544 2422 4599 civitatem
2476 4543 2639 4597 David
2668 4558 2919 4597 sermone
2953 4544 3069 4611 ipso
3112 4556 3558 4611 approperemus,
3592 4548 3646 4591 et

2060 4638 2255 4691 Persas
2269 4636 2481 4705 quidem
2499 4636 2834 4690 dimittamus
2854 4636 3094 4699 domum,
3110 4636 3198 4701 qni
3219 4634 3372 4702 quasi
3393 4633 3646 4701 primitia:

2064 4730 2395 4783 h:ereditatis
2419 4727 2584 4799 354
2608 4742 2673 4781 ex
2706 4726 2958 4795 gentibus
2984 4725 3286 4794 acquisita},
3319 4724 3483 4779 oblati
3520 4733 3649 4777 sunt

2062 4820 2305 4875 Christo.
2358 4819 2465 4874 Hos
2501 4822 2644 4873 enim
2697 4818 2860 4873 veluti
2909 4834 2970 4873 ex
3020 4833 3196 4887 pugna
3250 4833 3375 4872 cum
3431 4817 3648 4871 diabolo

2063 4913 2335 4967 decertata
2368 4913 2539 4982 prima
2584 4912 2768 4966 retulit
2812 4911 3005 4982 spolia.
3043 4910 3104 4964 lli
3159 4911 3322 4981 igitur
3352 4925 3447 4981 per
3484 4909 3646 4964 aliam

2063 5005 2203 5057 viam
2240 5005 2417 5074 angeli
2451 5006 2655 5058 monitu
2686 5005 3065 5073 regrediantur
3092 5006 3144 5058 in
3175 5004 3472 5067 Persidem,
3507 5012 3652 5073 post-

2063 5113 2223 5165 quam
2256 5098 2515 5166 optimam
2549 5096 2729 5152 fecere
2760 5109 3159 5166 mercaturam;
3196 5107 3249 5151 ct
3303 5113 3455 5165 auro,
3488 5096 3650 5150 thure

2060 5202 2113 5244 t-t
2164 5192 2381 5261 myrrha
2416 5191 2739 5258 permutatis
2779 5193 2870 5249 Dei
2920 5194 3169 5248 notitiam
3224 5194 3418 5249 lucrati
3481 5202 3643 5247 sunt'

1601 5466 1931 5557 Francisci
1955 5469 2164 5531 Scursi
2206 5478 2392 5532 noue.

361 5583 721 5659 citat__desunt
765 5584 818 5639 in
860 5586 981 5641 Vat.
1011 5587 1200 5659 ὥσπερ
1235 5588 1263 5640 ὁ
1295 5589 1571 5659 ᾼάζαρπς,
1617 5591 1758 5659 quod
1804 5600 1857 5644 et
1901 5592 1953 5646 in

365 5656 457 5726 i'lu
487 5653 666 5707 Basilii
696 5664 841 5709 textu
870 5667 926 5710 et
959 5660 1010 5709 in
1037 5653 1251 5726 exemp.
1278 5656 1416 5714 Gali.
1446 5653 1726 5715 exaratum
1757 5672 1953 5717 exstat.

362 5723 663 5802 [itemque
691 5742 785 5802 pro
814 5728 1063 5802 ὁπωσοῦν
1094 5723 1399 5802 συμϐᾶσαν,
1433 5747 1551 5798 qua:
1591 5741 1675 5787 est
1702 5747 1954 5802 germana

368 5796 780 5870 Basilti‘locntio
802 5808 855 5870 et
887 5800 1021 5851 bene
1059 5800 1225 5851 relata
1263 5796 1643 5870 a_fl‘lredp|rarre
1681 5796 1837 5870 p'rnut
1876 5803 1955 5854 lo-

360 5868 549 5939 qpitur
568 5865 768 5939 itt_Gall.
785 5869 1075 5939 depravata
1093 5878 1210 5921 erat
1229 5868 1408 5923 inVat.
1427 5865 1509 5926 his
1525 5865 1727 5939 verbis,
1747 5873 1957 5926 ὐπωσο

360 5932 431 6006 Ci)
472 5935 672 5992 ποτοῦν
704 5932 1016 6008 συμϐᾶσαν.
1065 5938 1286 5992 Demun
1314 5957 1476 6012 supra
1524 5941 1683 5997 etiam
1713 5932 1951 5998 sntit-cra

1250 6138 1278 6159 Χ

2056 5607 2177 5646 sunt
2207 5596 2475 5662 quietiam,
2514 5611 2575 5648 ex
2603 5596 2790 5648 eodem
2819 5595 2958 5651 Gilll.
2988 5596 3056 5649 ab
3082 5595 3190 5649 illis
3221 5593 3400 5648 verbis
3425 5592 3645 5663 καὶτῆς

2056 5665 2395 5728 Δεσποτικῆς
2424 5664 2699 5728 πολιτείας
2735 5682 2904 5734 usque
2938 5668 3002 5718 ad
3039 5664 3315 5734 βασιλείαν
3342 5665 3451 5716 τῶν
3478 5666 3640 5733 ούραο

2042 5738 2182 5797 ηνεῖλν,
2212 5751 2331 5802 qua:
2362 5738 2434 5788 ita
2469 5738 2692 5802 prarcisa
2729 5747 2874 5798 sunt,
2905 5745 2958 5787 ul
2984 5738 3027 5791 si
3058 5738 3177 5803 quis
3203 5752 3261 5787 ea
3291 5751 3395 5787 non
3421 5736 3562 5801 legat
3589 5755 3643 5791 tn

2057 5807 2162 5859 alio
2203 5811 2322 5857 cod.
2358 5809 2437 5859 vix
2471 5809 2522 5859 in
2566 5807 2928 5874 suspicionem
2965 5806 3150 5860 venire
3177 5806 3421 5859 defectus
3444 5810 3641 5873 possit.

2057 5876 2309 5929 Attamen
2357 5876 2410 5929 in
2452 5876 2589 5933 Gali.
2638 5887 2851 5943 reperta
2885 5878 3071 5929 censui
3116 5891 3240 5929 esse
3273 5879 3641 5933 resarcivnda.

2060 5956 2245 6017 utpote
2268 5946 2332 6001 ad
2361 5960 2555 6002 sensus
2586 5946 2971 6017 plenitudinem
3001 5949 3348 6016 pertinentia.
