4070 6406
420 449 529 517 9i9
1629 448 2041 509 'I‘IIEOI’IIAN
2058 448 2121 505 lS
2157 448 2410 533 CEi‘tAM
2428 448 2496 504 ῖίῐ
3452 526 3467 533 ι
3600 443 3707 510 920

423 582 489 621 ex
518 576 684 622 atem
724 576 874 636 parte
917 565 1116 636 Joseph
1162 567 1345 636 justus
1393 565 1410 619 1
1458 567 1659 620 fantem
1696 568 1865 621 illum.
1919 566 2008 635 qui

2116 568 2143 620 ὁ
2172 566 2403 628 δίκαιος,
2437 564 2622 616 λαϐὼν
2651 563 2712 615 τὶ
2740 560 3067 633 προαιώνιον
3103 560 3304 633 βρέφος
3338 560 3433 614 σὺν
3460 563 3525 631 τῇ
3555 562 3705 634 Παρ-

421 660 607 714 itidem
638 669 717 713 est
743 668 870 713 ante
900 658 1097 713 saecula
1132 672 1253 713 cum
1284 658 1505 728 Virgine
1537 657 1707 713 Matre
1739 658 2010 726 pl‘uftlgi'al

2116 658 2256 729 οὲνῳ
2318 657 2504 727 Μητρὶ
2555 657 2809 726 φευγέτω
2874 656 2954 717 εἰς
2997 654 3298 722 Αἴγυπτον,
3345 653 3432 707 ἵνα
3485 653 3706 708 ἔσονται

423 751 476 803 in
510 748 823 821 ﬂgyptum,
874 758 931 804 ut
953 750 1061 805 sint
1089 751 1269 805 omnia
1306 768 1442 806 nova
1477 768 1539 806 ac
1570 753 1724 820 plena
1763 763 2007 821 stupore.

2116 749 2297 803 πάντα
2324 750 2489 801 καινὰ
2525 746 2619 799 καὶ
2668 745 2874 815 φρίκης
2922 744 3227 814 ἀνάμεστα.
3258 744 3460 813 Μήτηρ
3497 743 3706 812 παρθέ-

422 838 597 895 Mater
622 839 804 907 Virgo,
837 840 1053 895 Puellus
1088 842 1211 897 sine
1246 852 1421 910 patre,
1460 842 1601 896 Deus
1629 842 1815 897 fasciis
1845 844 2010 897 obm-

2114 859 2224 903 νος.
2258 841 2484 895 Παιδίον
2538 843 2793 909 ἀπάτωρ,
2824 838 2958 895 Θεὸς
3013 837 3526 907 σπαργανούμενος,
3565 838 3704 908 σπή·

424 931 589 996 lutus,
655 932 914 1000 spelunca
970 935 1164 988 aemula
1222 935 1369 1000 coeli,
1431 951 1673 1005 praesepe
1718 934 2005 1004 Seraphim

2113 933 2265 986 λαιον
2316 932 2536 1004 ούρανῴ
2588 932 3043 1003 παρισούμενον,
3116 932 3294 1000 φάτνη
3364 931 3700 1000 ὁμοιουμένη

423 1025 805 1089 assimilatutn,
838 1026 997 1082 stella
1034 1042 1228 1083 recens
1253 1040 1393 1095 orla,
1422 1026 1536 1083 Rex
1572 1045 1816 1099 pauper:
1847 1040 2008 1097 atque

2113 1029 2228 1089 τοῖς
2284 1027 2562 1098 Σεραφὶμ,
2616 1027 2795 1095 ἀστὴρ
2843 1022 3136 1094 νεοφανὴς,
3182 1024 3352 1093 πένης
3405 1021 3701 1091 βασιλεύς·

425 1118 508 1173 his
535 1119 790 1173 omnibus
814 1121 1066 1182 addatur,
1093 1128 1146 1175 et
1172 1121 1299 1189 quid
1330 1122 1546 1175 tandem
1574 1121 1840 1175 addetur?
1869 1122 2008 1175 Dens

2113 1120 2328 1183 τούτοις
2383 1119 2841 1190 παρατεθείσθω,
2905 1120 2995 1171 καὶ
3046 1119 3108 1170 τὸ
3168 1116 3504 1187 προστεοέν;
3569 1115 3703 1180 Θεὸς

421 1212 659 1266 hominis
686 1212 913 1275 insidias
947 1213 1176 1281 fugiens.
1212 1216 1292 1269 An
1327 1230 1433 1270 non
1468 1224 1676 1283 poterat
1704 1224 1864 1269 terra:
1903 1215 2003 1268 im.

2116 1213 2334 1284 φεύγων
2358 1213 2665 1284 ἀνθρώπων
2695 1211 3013 1282 ἐπιϐουλήν.
3047 1211 3141 1275 Μὴ
3187 1210 3286 1262 οὐκ
3315 1207 3553 1278 ἠδύνατο
3586 1210 3705 1262 ἐπι-

420 1319 636 1372 perare.
669 1315 726 1360 ut
747 1307 895 1361 hiatu
919 1307 1133 1362 diducta
1161 1308 1431 1364 Herodem
1457 1309 1605 1363 illum
1637 1308 2007 1363 insidiatorem

2113 1307 2274 1372 τάξαι
2308 1309 2373 1377 τῇ
2401 1308 2494 1376 γῇ,
2539 1307 2615 1367 ώς
2661 1306 2727 1358 ἂν
2780 1303 3025 1374 χάσματι
3067 1299 3388 1370 διασχοῦσα,
3423 1299 3570 1353 ἔνδον
3607 1302 3703 1366 ἐγ-

418 1397 563 1452 intra
612 1414 672 1452 se
721 1399 1060 1464 absorberet,
1097 1401 1177 1455 vel
1225 1402 1350 1471 igne
1380 1420 1409 1455 e
1439 1400 1576 1456 (ιωιυ
1613 1400 1901 1465 accersito,
1953 1408 2011 1453 ut

2117 1397 2475 1467 κολπώσηται
2542 1395 2792 1467 Ἦρώῐην
2849 1394 2942 1447 τὸν
2998 1391 3311 1459 ἐπίϐουλον,
3365 1395 3399 1462 ἡ
3461 1393 3703 1463 οὐρανίῳ

423 1490 554 1545 olim
584 1491 843 1558 Sodoma,
884 1492 1149 1548 nefarium
1183 1494 1332 1549 illum
1385 1495 1633 1564 redigere
1662 1495 1715 1549 in
1756 1494 2008 1549 cineres?

2117 1492 2252 1564 πυρὶ
2277 1488 2671 1561 ἁποτεφρῶσαι
2714 1487 2809 1539 τὸν
2845 1485 3169 1556 ἀλητήριον,
3198 1484 3275 1546 ώς
3309 1484 3477 1537 πάλαι
3507 1483 3574 1535 τὰ
3608 1484 3702 1536 Sf}.

425 1580 628 1638 Verum
666 1585 784 1639 hmc
820 1586 1080 1642 innovare
1127 1586 1371 1657 prodigia
1426 1603 1531 1642 non
1565 1593 1685 1641 erat
1728 1587 2008 1642 insolitum

2113 1584 2315 1655 δωμα;
2356 1583 2521 1637 Ἀλλὰ
2556 1582 2617 1634 τὸ
2652 1581 2750 1651 μὲν
2780 1580 2958 1634 ταῦτα
3009 1577 3407 1647 καινοτομῆσαι
3452 1580 3514 1628 οὑ
3551 1575 3703 1642 ξένον

427 1673 626 1729 divinae
653 1677 930 1743 petendae.
964 1679 1034 1731 At
1062 1693 1190 1732 vero
1217 1693 1366 1740 eum,
1399 1678 1490 1749 qui
1525 1680 1666 1734 Deus
1703 1679 1794 1745 sit,
1830 1680 2008 1734 homi-

2114 1672 2183 1747 ἦν
2216 1677 2316 1748 τῆς
2341 1675 2493 1739 θείας
2526 1675 2812 1745 δυνάμεως
2841 1689 2854 1703 ο
2886 1675 2946 1724 τὸ
2971 1671 3158 1740 μέντοι
3186 1668 3319 1721 Θεὸν
3339 1668 3468 1721 ὄντα
3493 1665 3706 1738 ἀνθρώ-

422 1779 550 1819 num
575 1766 796 1821 insidias
813 1767 996 1837 fugere
1020 1784 1274 1840 magnum
1300 1784 1489 1823 revera
1528 1780 1612 1824 est
1638 1782 1694 1825 et
1717 1771 2007 1826 insuetum.

2117 1788 2235 1824 πων
2298 1768 2526 1837 φεύγειν
2590 1764 2889 1834 ἐπιδουλὴν
2968 1761 3114 1833 μέγα
3163 1760 3239 1825 ὡς
3299 1760 3549 1831 ἀληθῶς,
3608 1758 3706 1813 καὶ

422 1855 575 1911 Sicut
625 1859 767 1912 enim
811 1860 1134 1915 admirabile
1179 1872 1234 1916 et
1282 1872 1476 1928 praeter
1525 1862 1840 1932 opinionem
1884 1877 2008 1919 esse

2116 1860 2376 1929 ἐξαίσιον.
2407 1861 2622 1930 Ὥσπερ
2679 1858 2788 1928 γὰρ
2858 1854 3165 1926 παράδοξον
3223 1852 3375 1907 δοκεῖ
3415 1851 3707 1920 ἄνθρωπον

420 1946 656 2014 videtur,
685 1952 1018 2019 quempiam,
1054 1956 1147 2021 qui
1181 1956 1253 2007 sit
1284 1920 1467 2021 homo,
1505 1920 1600 2009 Dei
1641 1964 1857 2026 patrare
1903 1957 2000 2008 mi-

2113 1956 2243 2010 ὄντα
2298 1953 2422 2007 τινὰ
2496 1954 2755 2024 τεράστια
2827 1949 2947 2002 θεῖα
3002 1946 3483 2017 θαυματουργεῖν,
3530 1942 3706 2007 οὓτως

423 2038 629 2103 racula,
688 2043 767 2096 sic
812 2057 945 2098 sane
1002 2045 1270 2100 celsitudo
1307 2057 1392 2101 est
1439 2047 1636 2102 divinae
1692 2058 1900 2103 naturae
1945 2050 2011 2109 ad

2116 2048 2250 2119 ὕψος
2300 2048 2419 2101 ἐστὶ
2453 2047 2555 2117 τῆς
2589 2045 2742 2109 θείας
2781 2043 3000 2113 φύσεως
3056 2043 3091 2113 ἡ
3147 2041 3310 2111 μέχρι
3347 2038 3458 2091 τῶν
3488 2035 3704 2107 ἀνθρώ-

423 2133 679 2190 homines
714 2150 885 2205 usque
919 2151 978 2192 se
1018 2138 1326 2193 demittere.
1363 2138 1428 2193 Et
1475 2139 1675 2210 alioqui
1712 2156 1820 2210 qun
1852 2152 2011 2210 pacto

2118 2160 2237 2196 πων
2269 2140 2602 2201 κατάϐασις.
2642 2138 2713 2191 Ἢ
2736 2136 2853 2198 πῶς
2883 2134 3077 2206 ἔμελλε
3106 2133 3424 2201 νομοθετεῖν
3453 2130 3706 2200 ὕστερον,

394 2224 696 2293 ,ροιυίεεει
722 2229 1066 2297 postmodum
1095 2230 1265 2300 legem
1294 2231 1441 2285 illam
1468 2246 1668 2300 ponere
1700 2248 1716 2289 :
1757 2252 1775 2283 ι
1808 2231 1863 2286 Si
1891 2249 2001 2300 per-

2124 2248 2142 2281 ι
2195 2228 2321 2282 Ἐὰν
2383 2226 2655 2280 διώκωσιν
2741 2226 2887 2295 ὑμᾶς
2948 2227 3013 2276 ὲκ
3085 2223 3250 2292 τῆσδε
3309 2222 3408 2292 τῆς
3474 2220 3706 2285 πόλεως,

421 2319 594 2381 secuti
618 2335 713 2374 vos
733 2320 935 2376 fuerint
968 2324 1019 2376 in
1047 2323 1148 2379 ista
1170 2323 1414 2390 civitate,
1441 2323 1613 2395 fugite
1633 2325 1683 2379 in
1709 2326 1868 2380 aliam
1892 2328 1957 2380 τε.
1989 2346 2006 2377 ›

2118 2322 2353 2392 φεύγετε
2378 2323 2459 2385 si;
2483 2320 2582 2391 τὴν
2614 2318 2803 2388 ἄλλην.
2851 2336 2870 2369 ι
2900 2315 3088 2378 Οὖτως
3137 2317 3170 2386 ἡ
3200 2315 3299 2384 τῆς
3354 2312 3709 2385 ἑνανθρωπῆ-

423 2410 502 2465 Ita
540 2427 673 2468 Sane
704 2414 1065 2471 humanitatis
1113 2427 1405 2488 assumpta:
1442 2418 1774 2487 dispensatio
1808 2421 1876 2474 ab
1912 2420 2013 2472 hu-

2126 2432 2265 2478 σεως
2318 2412 2605 2482 οἰκονομία
2658 2411 2765 2464 dm?)
2832 2408 3224 2470 ταπεινώσεως
3283 2408 3378 2460 καὶ
3432 2408 3710 2477 μακροθυ-

424 2503 655 2560 militate
695 2517 749 2561 et
791 2508 1049 2578 patientia
1098 2518 1305 2575 exorta,
1342 2511 1392 2565 in
1428 2512 1686 2580 patientia
1721 2514 1880 2565 linem
1916 2515 2012 2566 lia-

2122 2508 2253 2579 μίας
2308 2506 2621 2577 ἀρξαμένη.
2671 2507 2749 2567 είς
2805 2502 3193 2573 μακροθυμίαν
3253 2500 3575 2570 κατέληξεν.
3619 2500 3711 2561 Ὠς

420 2599 562 2654 ltuit.
601 2600 674 2656 Ut
706 2604 850 2656 enim
901 2603 989 2658 hic
1031 2606 1326 2659 tenduntur
1379 2606 1608 2670 insidiae,
1656 2607 1723 2660 ad
1783 2618 2010 2661 mortem

2118 2603 2228 2668 γάρ
2260 2599 2495 2651 ἐνταῦθα
2551 2596 2841 2663 ἐπιϐουλὴ,
2880 2597 2976 2648 καὶ
3004 2597 3260 2664 ζήτησις,
3292 2594 3389 2647 καὶ
3422 2592 3591 2662 φυγὴ,
3614 2594 3711 2646 καὶ

422 2692 709 2759 qnazt'itur.
740 2703 791 2749 et
816 2692 972 2760 fugit,
1000 2706 1053 2749 et
1087 2698 1264 2752 nullus
1303 2707 1386 2752 est
1417 2698 1608 2753 ultioni
1641 2699 1815 2763 locus,
1858 2701 1937 2754 sic
1962 2710 2013 2751 et

2119 2696 2305 2763 ἄμυνα
2337 2688 2796 2760 οὐίαμοῦωῦτως
2830 2691 2887 2742 ὲν
2913 2687 2991 2758 τῷ
3021 2688 3168 2740 τέλει
3206 2685 3361 2752 ξύλα,
3401 2688 3498 2740 καὶ
3528 2686 3708 2755 δᾷδες,

422 2784 477 2838 in
506 2786 628 2841 vitae
659 2786 764 2841 fine
794 2787 962 2860 ligna,
996 2801 1047 2843 et
1077 2791 1244 2856 faces,
1274 2801 1330 2845 et
1373 2793 1560 2859 gladii,
1611 2804 1666 2849 et
1696 2792 1928 2862 ﬂagella,
1961 2805 2014 2848 et

2120 2790 2215 2842 καὶ
2240 2788 2393 2856 ξίφη,
2436 2786 2529 2838 καὶ
2562 2784 2850 2854 μάστιγες,
2890 2782 2984 2835 καὶ
3040 2780 3252 2851 ὕϐρεις,
3285 2782 3382 2835 καὶ
3412 2782 3708 2848 εἰρωνεῖαι,

420 2878 790 2946 (τοιιιιιηιειίαι,
824 2890 878 2934 et
926 2880 1212 2938 irrisiones
1261 2883 1447 2938 insunt
1495 2890 1551 2939 et
1600 2883 1667 2939 ad
1708 2892 2010 2940 extremum

2121 2881 2214 2934 καὶ
2241 2879 2555 2932 τελευταῖον
2598 2876 2869 2945 σταυρόςο
2906 2877 2941 2946 ἡ
2979 2875 3034 2927 δὲ
3081 2876 3266 2941 ἄμυνα
3293 2875 3376 2937 τίς
3409 2892 3423 2941 ;
3467 2892 3486 2925 ι
3528 2875 3709 2946 Πάτερ

421 2983 590 3035 crux;
629 2971 761 3026 ultio
796 2986 924 3028 vero
961 2974 1120 3043 quae?
1162 2995 1178 3026 ι
1210 2974 1393 3038 Pater,
1440 2989 1507 3030 ne
1535 2984 1743 3031 statuas
1772 2977 1879 3033 illis
1912 2977 2015 3032 hee

2123 2976 2200 3047 μὴ
2240 2974 2446 3044 στήσῃς
2507 2971 2696 3034 αὐτοῖς
2725 2970 2823 3041 τὴν
2880 2970 3165 3041 ἁμαρτίαν
3207 2968 3417 3041 ταύτην
3455 2985 3470 3001 ο
3497 2971 3558 3022 οὐ
3602 2970 3709 3038 γὰρ

422 3071 730 3129 peccatum,
761 3078 868 3119 non
899 3066 1042 3119 enim
1069 3066 1252 3122 sciunt
1275 3068 1406 3138 quid
1436 3067 1644 3124 faciunt
1674 3069 1738 3124 ⁷³.
1780 3087 1802 3122 ι

1134 3066 1252 3122 iunt
1275 3068 1406 3138 quid
1436 3067 1644 3124 faciunt
1674 3069 1738 3124 ⁷³.
1780 3087 1802 3122 ι
2117 3067 2296 3121 οἴδασι
2320 3066 2372 3118 τί
2405 3063 2676 3120 ποιοῦσιν.
2723 3081 2741 3115 ι

494 3157 566 3208 At
593 3169 723 3211 vero
755 3158 846 3225 qui
888 3159 1133 3228 gentium
1176 3160 1502 3216 diabolicam
1539 3161 1859 3230 sapientiam
1892 3178 2015 3232 pro-

2202 3157 2345 3213 ‘ADC
2376 3159 2425 3211 οἱ
2460 3156 2559 3228 τὴν
2604 3154 2926 3226 Ἑλληνικὴν
2977 3156 3073 3210 καὶ
3123 3155 3459 3226 δαιμονιώδη
3512 3156 3710 3227 σοφίαν

431 3245 677 3313 fitentur,
706 3258 762 3303 et
792 3249 1076 3318 splendido
1106 3254 1401 3306 verborum
1432 3252 1703 3309 lenocinio
1737 3255 2014 3323 deceptio-

2123 3249 2517 3321 ἐξησκηκότες,
2554 3248 2650 3301 καὶ
2677 3250 2743 3317 τῇ
2778 3246 3141 3320 λαμπροτάτῃ
3181 3247 3291 3301 τῶν
3317 3248 3493 3316 λόγων
3533 3248 3716 3301 πειθοῖ

427 3352 552 3393 nem
596 3350 888 3409 exornant,
930 3343 1191 3398 omittunt
1231 3359 1365 3400 sane
1416 3353 1619 3401 tantam
1664 3346 1830 3401 divini
1866 3348 2013 3402 verbi

2121 3343 2220 3415 τὴν
2249 3342 2471 3411 ἀπάτην
2508 3337 3039 3403 κατακαλλύνοντες,
3076 3339 3311 3408 ἀφέντες
3335 3339 3473 3408 μετὰ
3505 3339 3712 3408 φρίκης

425 3444 552 3485 cum
600 3441 823 3503 stupore
860 3435 1120 3490 admirari
1150 3436 1604 3501 exinanitionem,
1644 3439 1739 3495 sed
1772 3443 1839 3495 ad
1874 3440 2019 3495 vitu-

2122 3436 2428 3507 θαυμάζειν
2455 3436 2555 3504 τὴν
2583 3432 2857 3504 τοσαύτην
2908 3432 3002 3487 τοῦ
3060 3432 3197 3486 Θεοῦ
3233 3432 3395 3501 λόγου
3451 3433 3710 3494 κένωσιν,

426 3524 739 3593 perationes
767 3539 1067 3592 armantur,
1104 3540 1157 3584 et
1197 3530 1375 3600 fugam
1415 3530 1648 3597 Domini,
1696 3542 1755 3586 ut
1793 3533 2019 3588 infanti-

2123 3529 2261 3602 πρὸς
2289 3530 2633 3599 κατηγορίας
2664 3526 3022 3595 ὡπλίσθησαν
3053 3525 3443 3588 διαϐάλλοντες
3477 3525 3576 3595 τὴν
3615 3525 3711 3578 τοῦ

393 3649 396 3652 .
427 3613 555 3669 ι·Ῐάἰί
607 3630 828 3673 causam
876 3620 1176 3689 exagitant,
1230 3637 1534 3692 perperam,
1566 3637 1631 3677 ac
1662 3639 1855 3694 magno
1893 3640 1997 3680 cun

2123 3622 2334 3694 Κυρίου
2393 3625 2596 3692 φυγὴν,
2638 3621 2714 3684 ὡς
2772 3618 3036 3690 πρόξενον
3063 3623 3164 3689 τῆς
3191 3620 3301 3672 τῶν
3328 3620 3541 3688 νηπίων
3570 3636 3712 3687 σφα-

426 3721 528 3761 suo
587 3709 831 3777 periculo
865 3721 1028 3781 atque
1059 3713 1318 3782 pernicie,
1361 3724 1415 3770 et
1446 3716 1754 3806 aniﬁmarum
1792 3732 2015 3773 suarum

2121 3718 2250 3788 γῆς,
2287 3715 2479 3780 κακῶς
2544 3713 3030 3783 συλλογιζόμενοι,
3070 3716 3164 3767 καὶ
3200 3712 3322 3766 λίαν
3348 3713 3715 3777 ἐπικινδύνως

425 3801 648 3856 interitu
698 3803 1108 3859 ratiocinantes.
1165 3806 1397 3876 Eqnius
1449 3801 1594 3864 enim
1625 3820 1746 3865 erat
1787 3809 2017 3867 Herodis

2122 3813 2218 3865 καὶ
2254 3808 2567 3880 σφαλερῶς,
2601 3809 2698 3861 καὶ
2724 3807 2811 3859 ἐπ’
2842 3806 3054 3877 ὀλέθρῳ
3094 3806 3206 3860 τῶν
3249 3805 3470 3858 οἰκείων
3498 3805 3710 3877 ψυχῶν,

426 3894 666 3963 rabiem,
723 3908 778 3952 et
834 3897 1148 3967 levitatem,
1203 3901 1600 3970 audaciamque
1657 3905 1855 3958 mentis
1901 3906 2016 3972 ejus

2135 3903 2333 3975 Ἐχρῆν
2365 3903 2476 3971 γὰρ
2520 3901 2757 3970 μάλιστα
2786 3900 2888 3967 τῆς
2944 3896 3196 3968 Ἡρώδου
3245 3897 3452 3966 λύσσης
3474 3914 3716 3966 κατηγο-

424 4004 709 4058 accusare,
767 3993 860 4062 qui
923 3993 1090 4067 355
1138 4011 1259 4050 cum
1316 4006 1499 4050 natum
1548 4014 1670 4053 csse
1723 3998 2012 4063 Infantem,

2126 4000 2262 4067 ρεῖν,
2294 3995 2506 4064 καὶτῆς
2537 3994 2749 4047 ἐκείνου
2776 3992 2988 4063 κούφης
3035 3992 3130 4046 καὶ
3153 3991 3464 4060 παντόλμου
3492 3992 3712 4062 φρενός.

432 4102 451 4137 ι
493 4093 548 4138 et
588 4085 824 4141 vidimus
853 4087 1066 4143 stellam
1096 4088 1214 4157 ejus
1248 4089 1315 4154 ⁷⁵,
1355 4110 1373 4141 ι
1412 4092 1715 4160 accepisset
1762 4106 1790 4145 a
1825 4092 2014 4163 Magis,

2128 4093 2224 4154 Ὃς
2253 4087 2495 4149 ἀκούσας
2529 4086 2682 4156 παρὰ
2718 4074 2829 4137 τῶν
2860 4086 3091 4153 Μάγων,
3128 4084 3201 4147 ὡς
3246 4084 3506 4154 βασιλεὺς
3561 4086 3717 4152 ἐγεν-

428 4190 537 4231 mn
569 4186 772 4246 quanta
817 4190 961 4233 esset
1006 4179 1125 4249 ejus
1177 4182 1268 4253 qui
1310 4192 1470 4243 natus
1516 4181 1698 4243 fuerat
1773 4187 2016 4252 petentia

2121 4181 2284 4252 νήθη,
2317 4180 2412 4233 καὶ
2448 4179 2664 4247 εἴδομεν
2694 4175 2862 4230 αὐτοῦ
2894 4177 2987 4229 τὸν
3029 4177 3262 4247 ἀστέρα,
3300 4195 3318 4226 ι
3348 4176 3447 4228 οῦκ
3473 4177 3554 4239 εἰς
3585 4175 3715 4233 νοῦν

430 4270 722 4337 reputavit,
756 4272 899 4342 quod
951 4273 1002 4325 iu
1058 4272 1195 4327 cudo
1230 4290 1349 4343 qua:
1404 4275 1537 4330 fiunt
1616 4292 1715 4329 sun
1750 4276 2016 4332 arbitratu

2123 4275 2284 4330 ἔϐαλε
2337 4273 2432 4326 τοῦ
2495 4271 2851 4341 γεννηθέντος
2904 4270 3005 4340 τὴν
3057 4270 3326 4340 δύναμιν,
3369 4270 3449 4324 ὅτι
3494 4272 3560 4326 τὰ
3589 4271 3719 4325 κατ’

423 4362 761 4431 disponeret,
797 4362 1039 4435 talesque
1070 4380 1175 4419 non
1207 4368 1353 4421 visas
1383 4377 1538 4422 antea
1574 4368 1760 4426 stellas
1792 4371 1855 4423 de
1880 4386 2019 4424 novo

2123 4369 2373 4440 οὐρανὸν,
2426 4368 2499 4430 ώς
2578 4365 2830 4436 βούλεται
2921 4363 3252 4427 διατίθεται,
3300 4364 3396 4419 καὶ
3433 4365 3716 4430 τοιούτους

427 4453 755 4521 produceret
782 4454 957 4511 instar
985 4456 1119 4514 facis
1154 4470 1316 4514 noctu
1354 4460 1643 4525 micantes,
1677 4470 1732 4516 et
1781 4462 2015 4517 interdiu

2122 4461 2361 4532 ἀστέρας
2393 4460 2729 4529 καινοτομεῖ,
2768 4460 2824 4510 ὲν
2857 4456 3014 4510 νυκτὶ
3055 4456 3462 4527 δᾳδουχοῦντας
3483 4499 3496 4522 ,
3537 4459 3631 4511 καὶ
3656 4462 3716 4512 ἐν

426 4548 561 4604 solis
612 4550 998 4619 splendoribus
1050 4567 1157 4607 non
1203 4568 1531 4624 oppressas;
1586 4570 1767 4624 neque
1796 4569 1856 4610 se
1898 4556 2015 4610 fieri

2124 4558 2312 4629 ἡμέρᾳ
2343 4556 2416 4627 μὴ
2443 4552 2860 4624 κρυπτομένους
2877 4554 2989 4614 τοῖς
3016 4551 3265 4621 ἡλιακοῖς
3294 4551 3715 4621 σελαγίσμασιν,

427 4642 802 4701 adxersarium
858 4644 949 4698 Dei
1000 4646 1332 4714 perhorruit.
1367 4644 1523 4713 Quod
1574 4646 1620 4704 si
1672 4647 2013 4703 mendacium

2124 4651 2247 4706 οὐδὲ
2282 4649 2689 4721 κατωῤῥώδησε
2722 4645 2859 4699 Θεοῦ
2901 4644 3160 4714 γενέσθαι
3212 4645 3531 4710 ἀντίπαλος.
3566 4646 3628 4698 Ei
3655 4646 3714 4703 δὲ

426 4733 620 4788 Persas
646 4733 923 4789 aflinxisse
958 4736 1267 4805 suspicatus
1300 4746 1416 4800 est;
1453 4746 1750 4807 natumque
1789 4753 2014 4808 puerum

2126 4745 2251 4809 τοὺς
2298 4745 2516 4814 Πέρσας
2555 4740 2880 4810 ψευδοεπεῖν
2941 4737 3282 4799 ύπετόπασε,
3326 4740 3423 4793 καὶ
3463 4739 3715 4794 τοιοῦτον

426 4826 693 4896 ejusmodi
721 4844 841 4883 esse
874 4829 1228 4894 existimavit,
1261 4832 1353 4900 qui
1394 4822 1464 4884 ali
1505 4831 1596 4885 illo
1643 4828 1779 4885 tuori
1814 4841 2016 4899 posset,

2126 4839 2219 4891 τὸν
2248 4836 2579 4911 γεννηθέντα
2623 4833 2899 4903 ἐνόμισεν,
2929 4831 3005 4894 ὼς
3055 4829 3320 4883 δύνασθαι
3372 4831 3463 4885 ὑπ’
3497 4831 3711 4889 ἐκείνου

424 4937 686 4989 quorsum
738 4922 973 4976 edictum
1037 4936 1142 4977 tam
1198 4924 1405 4980 immite
1454 4924 1700 4990 protulit,
1744 4938 1794 4980 ut
1840 4925 2022 4981 infan-

2126 4929 2508 4999 τεθνήξεσθαι,
2549 4930 2629 4992 είς
2666 4927 2718 4980 τί
2752 4926 2813 4979 τὸ
2848 4924 3056 4995 ἀπηνὲς
3089 4926 3268 4999 έκεῖνο
3296 4923 3562 4996 ἐξηνέχθη
3592 4926 3717 4979 ἐπί-

426 5017 563 5075 tium
596 5030 752 5084 seges
791 5026 900 5069 tam
951 5018 1247 5072 crudeliter
1290 5018 1698 5073 demeteretur?
1736 5034 2012 5093 quorsum

2127 5042 2318 5094 ταγμα
2345 5021 2590 5093 ἀνηλεῶς
2638 5020 2853 5090 θερίσαι
2904 5018 3014 5071 τῶν
3054 4994 3265 5086 νηπίων
3302 5018 3402 5089 τὴν
3434 5019 3713 5090 ἄρουραν;

427 5124 558 5167 vero
584 5109 748 5167 etiam
783 5125 812 5164 a
852 5111 1231 5167 sacerdotibus
1273 5111 1517 5167 studiose
1551 5112 1885 5178 sciscitatur,
1923 5114 2009 5169 ubi

2123 5114 2274 5168 Τίδὲ
2327 5115 2423 5167 καὶ
2473 5111 2830 5181 φιλοπευστεῖ
2867 5107 3018 5177 παρὰ
3069 5107 3180 5159 τῶν
3247 5108 3439 5177 ἱερέων
3493 5107 3712 5178 μαθεῖν,

422 5203 678 5258 (llirisms
705 5207 1068 5259 nasceretur?
1103 5204 1161 5260 Si
1191 5206 1335 5260 enim
1382 5206 1467 5258 ille
1498 5215 1658 5260 natus
1687 5216 1827 5269 erat,
1857 5207 1947 5276 qui
1983 5222 2011 5259 a

2127 5208 2232 5262 ποῦ
2262 5209 2290 5260 ὁ
2325 5205 2559 5278 Χριστὸς
2613 5203 2911 5271 γεννᾶται;
2959 5201 3021 5253 Εἰ
3070 5199 3181 5269 γὰρ
3242 5199 3450 5263 ἐκεῖνός
3505 5201 3656 5253 ἐστιν
3686 5203 3716 5254 ὁ

425 5294 706 5365 pruphetis
748 5294 929 5350 fuerat
969 5299 1271 5359 nuntiatus,
1304 5295 1479 5367 major
1510 5298 1733 5353 omnino
1762 5300 2015 5353 omnibus

2128 5301 2365 5371 τεχθεὶς,
2400 5303 2426 5352 ὁ
2450 5299 2555 5352 ὑπὸ
2587 5297 2696 5349 τῶν
2747 5294 3047 5364 προφητῶν
3078 5293 3400 5362 κηρυχθείς,
3442 5293 3714 5364 κρείττων

429 5387 682 5442 humanis
715 5386 923 5442 insidiis
955 5398 1073 5441 erat
1102 5387 1341 5442 futurus.
1369 5388 1542 5441 Sunto
1564 5389 1699 5453 haec,
1733 5388 2011 5458 inquiunt;

2128 5395 2284 5455 ἔσται
2311 5393 2492 5459 πάσης
2525 5388 2878 5458 ἀνθρωπίνης
2904 5383 3225 5452 ἐπιϐουλῆς.
3264 5381 3388 5437 Εἶὲν
3415 5400 3548 5453 φησι
3577 5399 3589 5411 ·
3615 5384 3715 5437 καὶ

426 5482 522 5537 sed
550 5499 648 5536 cur
670 5488 981 5551 susceptum
1012 5480 1080 5535 ab
1110 5480 1320 5535 Herode
1351 5478 1563 5536 facinus
1606 5496 1709 5535 non
1738 5481 2017 5549 prohibuit

2127 5482 2216 5536 διὰ
2245 5481 2298 5534 τί
2338 5480 2413 5551 μὴ
2467 5479 2695 5549 ἀπεῖρξε
2742 5475 2984 5546 Χριστὸς
3026 5474 3087 5527 τὸ
3131 5475 3225 5527 τοῦ
3270 5472 3511 5542 Ἡρώδου
3541 5474 3721 5543 ἐγχεί-

426 5575 704 5641 Christus,
728 5573 911 5629 irritas
937 5571 1054 5642 ejus
1075 5573 1186 5643 (15)
1222 5590 1325 5629 non
1349 5572 1473 5628 fecit
1508 5584 1726 5642 paratas
1750 5575 2014 5630 adversus

2132 5590 2306 5643 ρημα,
2341 5567 2637 5640 ἀκυρώσας
2693 5565 2859 5619 αὐτοῦ
2898 5551 2996 5634 τὴν
3027 5564 3169 5617 κατὰ
3195 5564 3303 5615 τῶν
3342 5563 3554 5634 νηπίων
3586 5562 3717 5634 βου-

499 5694 545 5725 ⁷⁹
579 5694 772 5749 Matth.
806 5711 862 5759 χ,
898 5694 992 5749 25.
1070 5692 1118 5729 ⁷³
1162 5691 1291 5747 Luc.
1336 5709 1499 5755 χχιιι,
1545 5692 1637 5746 5i.
1712 5691 1757 5722 ⁷⁸
1801 5692 1989 5745 Matth.
2034 5708 2088 5753 ιι,
2133 5694 2186 5750 9,

1681 5786 2002 5848 Franeisci
2041 5784 2245 5849 Scorsi
2277 5790 2471 5844 notae.

524 5893 612 5953 15)
654 5892 850 5951 Irritus
893 5896 1029 5961 ejus,
1065 5905 1170 5949 et".
1219 5894 1512 5960 ἀκυρώσας
1543 5893 1707 5953 αὑτοῦ
1736 5894 1833 5964 τὴν
1867 5893 2008 5953 κατὰ
2122 5909 2131 5944 l

2122 5890 2337 5959 reposui
2372 5884 2619 5954 qnatnris
2655 5884 2912 5964 cluesseut
2961 5879 3106 5964 nulla
3156 5875 3439 5934 sententiae
3464 5876 3709 5964 jactura.

431 5965 536 6024 τῶν
581 5966 787 6035 νηπίων
819 5958 1012 6037 βουλήν
1043 5966 1192 6021 deest
1229 5966 1278 6019 in
1322 5958 1600 6031 P.morm.,
1639 5969 1730 6019 sed
1767 5958 1827 6019 ex
1871 5965 2007 6022 (Lall.

2128 5958 2320 6018 V'et'unt
2355 5960 2556 6016 inserta
2588 5958 2852 6010 acriorem
2885 5959 3042 6005 lutrlul
3070 5961 3106 6006 t.
3638 5958 3642 5965 ·
