4074 6438
1690 481 2031 541 HOMILIA
2075 486 2205 548 LII.

3493 483 3599 546 {:22

346 595 494 664 lﬁv;
550 593 952 666 Ἀντερήσομαέ
1011 613 1069 648 σε
1123 597 1215 649 τὸν
1268 595 1412 649 οὕτω
1466 595 1913 664 θρασυστομοῦν-

2041 598 2255 654 nl'antes
2287 600 2553 656 insidias?
2577 602 2681 656 Sed
2708 616 2803 670 ego
2824 611 3013 657 contra
3040 612 3279 672 qumram
3311 612 3374 652 ex
3405 605 3477 662 te.
3506 594 3599 664 ιιιιῑ

344 706 414 742 ατ
489 686 665 754 κάγὼ,
734 691 832 742 καὶ
885 691 996 753 τοῖς
1075 687 1168 741 τοῦ
1201 688 1336 741 Θεοῦ
1389 689 1654 757 κρῖμασιν
1713 688 1918 756 ἀντεμ-

347 781 622 832 εαίνοντα.
674 781 826 834 Τίδὲ
879 784 993 842 τοῖς
1051 781 1272 851 νηπίοις
1319 781 1528 850 βέλτιον
1589 777 1918 851 ἦν;οΰτως

347 873 521 942 ἀιὲρως
545 872 868 944 μαρτυρικῷ
917 875 1115 944 αἵματι
1159 874 1567 937 τελειωθέντας,
1600 879 1698 936 τὰς
1753 873 1917 925 πολυ-

347 965 534 1026 παθείς
580 966 678 1018 τοῦ
739 966 856 1035 βίου
907 967 1087 1037 κῆρας
1135 970 1347 1035 φυγεῖν,
1409 967 1505 1019 καὶ
1556 967 1655 1035 τῆς
1706 965 1920 1018 ἐκεῖθεν

348 1060 766 1126 κατατρυφῆσαι
823 1060 1244 1130 μακαριότητος,
1280 1061 1310 1128 ἦ
1357 1061 1629 1132 ζήσαντας
1672 1059 1770 1128 τὴν
1801 1059 1921 1110 ἐπί-

349 1167 509 1203 πονον
537 1151 742 1220 ταύτην
776 1151 940 1222 ζωὴν,
978 1153 1080 1220 τῆς
1134 1155 1409 1224 πατρικῆς
1462 1155 1752 1217 ἀπειθείας
1806 1171 1920 1207 κοι-

349 1241 608 1309 νωνῆσαι,
635 1243 730 1294 καὶ
757 1242 858 1311 τὴν
878 1243 1051 1313 ἀσεϐῆ
1095 1246 1192 1296 καὶ
1226 1246 1508 1313 τολμηρὰν
1543 1246 1760 1313 ἐκείνην
1778 1243 1922 1298 κατά

344 1332 438 1385 τοῦ
490 1335 695 1403 Κυρίου
747 1335 1131 1407 ρἧαιφωνὴν,
1164 1333 1355 1408 Ἀρον,
1395 1335 1552 1407 ἆρον,
1600 1337 1921 1408 σταύρωσον

348 1425 510 1480 αὐτόν
541 1443 555 1456 ·
588 1429 644 1480 ἐν
672 1428 839 1499 πείρᾳ
864 1446 922 1482 τε
963 1429 1219 1498 γενέσθαι
1275 1430 1384 1484 τῶν
1417 1432 1664 1500 ὑστέρων
1707 1432 1918 1496 κακῶν,

345 1520 440 1570 καὶ
466 1517 766 1572 δυσοίστων
794 1520 895 1586 τῆς
926 1522 1309 1593 αἰχμαλωσίας
1333 1524 1648 1594 συμφορῶν,
1682 1525 1923 1592 ὁπηνίκα

349 1610 823 1682 πολιορκούμενοι,
859 1615 953 1666 καὶ
1001 1615 1512 1686 λιμαγχονούμενοι,
1557 1619 1651 1669 καὶ
1703 1617 1923 1686 σαρκῶν

346 1702 710 1774 ἀνθρωπίνων
772 1709 1088 1774 ἐγεύσαντο,
1123 1711 1364 1774 ἁλῶντες
1410 1711 1466 1764 δὲ
1517 1710 1763 1780 ἀνηλεῶς
1795 1729 1926 1763 κατ·

344 1797 626 1866 εκόπησαν
661 1814 677 1864 ;
708 1793 836 1870 ’Ἆρ’
886 1797 980 1854 οὖν
1031 1804 1092 1856 ού
1145 1805 1288 1872 μέγα
1350 1805 1542 1875 κέρδος
1595 1809 1707 1868 τοῖς
1758 1807 1924 1875 ἱεροῖς

343 1888 564 1956 νηπίοις
593 1891 622 1943 6
665 1890 851 1955 ἄδικος
877 1894 1071 1962 γέγονε
1102 1895 1334 1958 θάνατος
1361 1913 1374 1962 ;
1843 1882 1847 1885 Ι

411 2061 526 2117 Ἦν
558 2065 658 2135 μὲν
687 2067 782 2120 καὶ
812 2067 978 2128 ἄλλας
1008 2069 1190 2133 αἰτίας
1223 2072 1524 2142 προσθῆναι
1555 2075 1654 2143 τῆς
1685 2091 1793 2127 των
1823 2094 1921 2145 νη·-

346 2155 482 2209 πίων
517 2157 754 2226 σφαγῆς,
786 2159 901 2211 ἀλλ’
928 2161 1110 2230 ἐνηχεῖ
1144 2178 1245 2230 μου
1277 2161 1376 2226 τὰς
1410 2163 1502 2216 τοῦ
1537 2165 1656 2228 νοὸς
1691 2166 1861 2228 ἀκοὰς
1894 2168 1922 2220 6

342 2244 464 2298 τότε
511 2247 800 2315 γενόμενος
839 2247 1097 2318 θόρυϐος,
1141 2251 1237 2303 καλ¹
1274 2252 1336 2304 τὸ
1381 2253 1523 2307 κατὰ
1565 2254 1673 2307 τῶν
1718 2257 1923 2310 παίδων

345 2339 724 2408 ἁπηνέστατον
757 2349 1105 2412 πρόσταγμα,
1142 2345 1236 2397 καὶ
1277 2347 1309 2415 ἡ
1354 2345 1923 2420 ἀκουτισθεῖσα-φωνὴ

345 2428 403 2481 ἐν
428 2429 636 2500 Ῥαμᾷ,
662 2432 757 2484 καὶ
782 2431 840 2485 τὸ
871 2433 1027 2496 Οὐαὶ,
1056 2434 1149 2486 καὶ
1177 2436 1205 2486 ὁ
1235 2435 1431 2506 θρῆνος
1453 2439 1552 2506 τῆς
1583 2437 1784 2509 Ῥαχὴλ
1809 2441 1927 2494 ἐκεῖ

343 2523 431 2575 τὸν
458 2522 621 2590 λόγον
649 2523 964 2592 ὑφέλκεται.
1003 2526 1164 2578 Ἀλλὰ
1197 2529 1347 2590 ποῖος
1375 2527 1439 2580 ἂν
1468 2530 1711 2598 ἐφίκοιτο
1744 2532 1920 2600 λόγος,

346 2617 483 2686 πρὸς
519 2621 772 2670 τοσούτου
810 2617 1016 2680 πάθους
1051 2619 1361 2688 ἁφήγησιν;
1396 2621 1491 2684 Τίς
1523 2623 1688 2689 ἀξίως
1724 2628 1928 2695 ἐκτρα-

346 2709 616 2778 γῳδήσειε
643 2709 741 2779 τῆς
771 2713 1059 2780 συμφορᾶς
1089 2714 1306 2783 ἐκείνης
1336 2716 1396 2768 τὸ
1429 2718 1692 2785 μέγεθος;
1724 2718 1768 2771 ὣ
1797 2720 1924 2784 θέας

345 2801 663 2871 ἀπευκτῆςι
706 2800 751 2854 ὢ
794 2802 994 2869 γνόφου
1043 2805 1216 2859 δεινοῦ
1264 2811 1630 2878 κατασχόντος
1667 2813 1789 2865 τότε
1829 2812 1927 2883 τὴν

345 2892 632 2964 Βηθλεέμί
673 2891 1030 2960 ὣιγυναικῶν
1071 2898 1368 2967 όλολυγῆς.
1411 2904 1658 2973 οἰμωγῆς
1700 2922 1757 2956 τε
1800 2905 1928 2958 παί-

345 2985 446 3037 δων
487 2983 882 3055 ἁρπαζομένων
917 2989 996 3050 εἰς
1035 2989 1285 3060 ὅλεθρονί
1327 2991 1619 3064 Ἐθρήνουν
1654 2998 1924 3067 πατέρες,

348 3078 724 3147 προσέπιπτον
752 3081 866 3141 τοῖς
900 3079 1285 3150 στρατιώταις,
1319 3085 1584 3151 ἱκέτευον,
1618 3090 1708 3141 καὶ
1745 3091 1928 3162 μήτηρ

349 3170 713 3239 περιεκέχυτο
771 3171 971 3236 παῖδα,
1028 3173 1209 3244 πατὴρ
1261 3174 1318 3228 δὲ
1370 3177 1688 3233 ἀνεκαλεῖτο
1739 3183 1924 3253 γονήν.

2024 699 2132 742 tam
2192 696 2448 748 audacter
2497 693 2736 761 loqueris
2774 702 2828 748 et
2857 692 3055 760 judicia
3097 692 3277 746 divina
3313 687 3599 760 pervadis;

2022 780 2161 848 Quid
2200 798 2330 837 vero
2364 784 2558 838 melius
2599 783 2894 836 infantibus
2938 783 3157 836 evenire
3205 779 3461 851 poterat?
3491 788 3600 831 tam

2025 890 2367 944 praepropere
2425 877 2668 947 martyrii
2706 874 2970 944 sanguine
2991 882 3420 933 consummatos,
3451 881 3526 923 tot
3548 879 3603 923 ct

2025 977 2130 1022 tam
2182 983 2484 1022 aerumnosa
2538 968 2644 1021 fata
2697 968 2817 1020 vitae
2864 967 3022 1035 hujus
3070 965 3330 1031 eﬂ‘ugere,
3371 971 3423 1017 et
3456 961 3601 1013 illius

2024 1061 2248 1116 alterius
2299 1063 2632 1116 beatitudine
2679 1060 2922 1130 perfrui;
2979 1076 3045 1113 an
3097 1059 3418 1112 laboriosam
3461 1055 3600 1107 hanc

2024 1155 2188 1208 vitam
2218 1155 2464 1208 viventes
2497 1164 2735 1221 paterna:
2771 1150 3103 1204 inﬁdelitatis
3132 1164 3252 1204 esse
3287 1145 3598 1215 participes,

2025 1254 2077 1299 et
2125 1243 2344 1312 impiam
2391 1243 2533 1297 illam
2588 1259 2649 1296 ac
2698 1243 3040 1296 temerariam
3082 1252 3266 1295 contra
3316 1239 3599 1293 Dominum

2024 1350 2211 1390 vocem
2244 1336 2584 1403 abrumpere,
2620 1353 2638 1384 ι
2672 1333 2848 1398 Tolle,
2879 1334 3024 1401 tolle,
3052 1333 3306 1398 crucilige
3331 1347 3452 1383 eum
3482 1329 3551 1392 7‘;
3579 1348 3598 1379 ι

2025 1435 2080 1478 ct
2123 1425 2258 1477 mala
2304 1437 2425 1493 quas
2470 1423 2594 1477 hinc
2641 1431 2866 1477 ventura
2910 1429 3084 1484 erant,
3132 1427 3184 1472 et
3236 1414 3605 1470 intolerabiles

2025 1517 2301 1571 servi:utis
2371 1515 2608 1585 experiri
2673 1514 3045 1576 calamitates,
3113 1511 3328 1578 quando
3395 1507 3605 1561 scilicet

2027 1608 2312 1664 obsidione
2355 1607 2550 1674 pressi,
2597 1616 2650 1660 et
2683 1607 2734 1660 in
2775 1606 2936 1660 famis
2974 1617 3206 1673 angores
3239 1599 3442 1654 redacti
3481 1612 3603 1650 cum

2027 1713 2220 1752 carnes
2257 1697 2523 1750 humanas
2551 1705 2833 1765 gustarunt
2883 1693 3017 1763 (16),
3061 1701 3170 1745 tmn
3217 1689 3379 1758 capti,
3412 1696 3466 1740 et
3500 1687 3605 1738 im-

2028 1786 2452 1843 misericorditer
2493 1787 2697 1840 concisi
2755 1783 3016 1838 fuerunt?
3057 1783 3140 1835 An
3189 1780 3352 1849 igitur
3403 1776 3606 1831 sanctis

2031 1879 2329 1933 infantibus
2377 1877 2574 1945 injusta
2623 1891 2769 1930 mors
2805 1875 2858 1928 in
2892 1885 3088 1944 magno
3119 1871 3270 1924 lucro
3299 1864 3604 1936 deputanda

2032 1987 2134 2026 non
2168 1970 2290 2024 est?

2105 2081 2325 2135 Possem
2359 2078 2520 2134 etiam
2553 2086 2602 2131 et
2634 2075 2766 2128 alias
2793 2071 3078 2126 infantium
3101 2066 3264 2122 caedis
3287 2077 3478 2118 causas
3511 2059 3607 2111 ad-

2027 2177 2253 2244 jnugere
2281 2189 2295 2226 ι
2325 2169 2422 2227 sed
2458 2167 2720 2222 tumultus
2746 2180 2810 2221 eo
2840 2174 3079 2232 tempore
3105 2166 3329 2214 exortus
3352 2159 3608 2221 personat

2032 2242 2193 2318 aures
2224 2276 2370 2317 meas
2391 2299 2408 2325 ,
2459 2267 2513 2314 et
2549 2254 2983 2312 crudelissimum
3021 2260 3208 2306 contra
3237 2247 3472 2302 infantes
3499 2242 3605 2292 im-

2034 2357 2240 2425 perium
2278 2355 2501 2418 datum;
2534 2359 2588 2404 et
2621 2364 2720 2402 vox
2762 2347 2848 2400 illa
2893 2347 2946 2398 in
2978 2343 3145 2395 liama
3179 2339 3384 2402 audita,
3421 2347 3473 2389 et
3494 2334 3608 2398 Var,

2033 2458 2087 2502 et
2141 2443 2454 2500 lamentatio
2514 2437 2823 2494 Rache‘is"
2881 2436 3008 2491 illuc
3069 2432 3370 2487 orationem
3417 2425 3608 2481 trahit.

2035 2539 2132 2606 Qui
2189 2550 2368 2591 sermo
2421 2515 2584 2588 tanta:
2641 2528 2936 2586 calamitati
2971 2525 3304 2595 explicandae
3354 2534 3449 2590 par
3487 2532 3611 2571 esse

2035 2631 2232 2700 queat?
2264 2627 2386 2698 quis
2442 2625 2583 2680 illius
2617 2624 2788 2677 cladis
2818 2617 3246 2690 magnitudinem
3284 2627 3382 2682 pro
3431 2608 3610 2673 digni-

2037 2731 2145 2777 tate
2181 2720 2383 2789 tragico
2409 2716 2510 2770 ritu
2547 2712 2818 2782 deploret?
2878 2726 2910 2766 0
2944 2706 3303 2777 speetaculum
3340 2714 3576 2757 execran
3598 2726 3611 2735 -

2035 2814 2190 2869 dum!
2228 2788 2411 2867 oiatra
2460 2808 2653 2878 caligo,
2687 2822 2805 2876 quae
2837 2815 2962 2857 tunc
2993 2799 3262 2855 Bethleem
3288 2788 3606 2862 occupavit!

2034 2923 2067 2960 ο
2100 2905 2386 2959 mulierum
2426 2901 2663 2954 ululatus
2687 2939 2701 2963 ,
2736 2913 2767 2948 ο
2792 2896 2950 2950 ﬂetus
2983 2904 3294 2962 puerorum,
3336 2886 3425 2956 qui
3465 2881 3610 2936 abri-

2035 3000 2320 3068 piebantur
2345 2995 2410 3048 ad
2444 2991 2703 3046 mortem!
2741 2986 3032 3041 Plorahaut
3057 2983 3348 3052 genitores,
3377 2976 3442 3028 ad
3471 2971 3614 3026 mili-

2039 3102 2148 3147 tum
2179 3095 2341 3160 pedes
2369 3085 2686 3140 accidebant
2712 3123 2727 3148 ,
2753 3078 2918 3150 356
2942 3072 3336 3144 supplicabant;
3365 3076 3419 3121 et
3439 3076 3615 3120 mater

2038 3185 2253 3253 quidem
2295 3179 2546 3249 amplexu
2581 3189 2805 3246 puerum
2870 3168 3216 3232 occultabatf,
3267 3171 3424 3231 pater
3481 3169 3614 3210 vero

351 3261 542 3332 Ὥρμα
571 3262 707 3332 γυνὴ
745 3263 880 3332 πρὸς
914 3265 1094 3335 φυγὴν
1129 3267 1326 3336 φόρτον
1357 3271 1471 3331 τοῖς
1502 3268 1675 3340 ὤμοις
1708 3275 1766 3325 τὸ
1801 3292 1931 3328 παι-

2039 3277 2242 3346 prolem
2276 3271 2580 3342 appellabat.
2635 3282 2810 3323 suam.
2866 3263 2922 3317 In
2968 3263 3146 3330 fugam
3180 3253 3511 3346 proripiehat
3543 3263 3606 3341 pse

347 3351 457 3404 δίον
495 3352 792 3420 ἐπάγουσα,
824 3354 940 3407 ἀλλ’
963 3351 1031 3426 ἦν
1061 3355 1168 3412 τῶν
1201 3359 1488 3429 ὑπηρετῶν
1518 3364 1545 3414 6
1573 3362 1775 3434 δρόμος
1801 3366 1926 3430 diti-

348 3461 530 3514 τερος.
568 3444 843 3515 Ἀλλήλοις
885 3446 942 3499 δὲ
985 3449 1394 3519 συνεκρούοντο,
1437 3453 1531 3504 καὶ
1569 3457 1745 3521 φωναὶ
1789 3473 1930 3527 cup.-

353 3537 536 3605 μιγεῖς
571 3537 947 3607 ἁνηγείροντο.
987 3540 1274 3593 Ἢπείλουν
1305 3544 1353 3594 οἱ
1391 3546 1720 3613 στρατιῶται
1758 3547 1931 3601 δεινόν

349 3645 401 3682 τι
432 3628 534 3682 καὶ
562 3628 929 3696 δρακοντῶδες
960 3631 1326 3701 ἡγριωμένοις
1355 3634 1665 3706 δεδορκότες
1693 3641 1804 3703 τοῖς
1833 3640 1934 3708 ὗμ-

353 3737 546 3791 μασιν.
584 3721 866 3786 Ὠλόλυζον
908 3725 1143 3794 μητέρες
1181 3727 1380 3794 αἵμασι
1420 3731 1794 3802 πεφυρμέναι,
1841 3733 1933 3785 καὶ

349 3814 654 3886 δάκρυσιν·
708 3815 1052 3887 ὠλοφύροντο
1103 3817 1273 3884 νήπια
1325 3818 1573 3883 ἐλεεινῶς
1627 3824 1932 3890 συγκοπτό-

355 3925 518 3979 μενα.
551 3907 630 3962 Τὰ
674 3910 781 3982 γὰρ
823 3909 970 3982 ξίφη,
1006 3909 1081 3974 ὡς
1120 3910 1330 3982 ἔτυχεν,
1365 3913 1455 3963 ἐπ’
1477 3913 1615 3966 αὐτὰ
1657 3913 1934 3985 φερόμενα

351 3997 554 4061 ἀθλίως
601 4001 1007 4070 ἡκρωτηρίαζε.
1055 4002 1163 4054 Καὶ
1207 4001 1269 4054 τὸ
1317 4002 1418 4070 μὲν
1460 4004 1660 4074 χειρῶν
1704 4006 1934 4058 ἀπεστέ-

355 4106 512 4162 ρητο,
543 4089 602 4141 τὺ
630 4090 684 4142 δὲ
712 4091 790 4142 τὼ
823 4091 950 4144 πόδε
980 4093 1263 4163 συντριϐἐν
1289 4093 1347 4158 ἐξ
1378 4095 1635 4164 ἡμισείας
1661 4094 1933 4150 ἀπώλετο.
2007 4095 2011 4100 ’

359 4185 526 4239 Ἀλλο
565 4201 623 4236 τε
671 4186 915 4254 κατεάγη
961 4185 1062 4256 τὴν
1106 4185 1387 4256 κεφαλὴν,
1431 4187 1527 4240 τοῦ
1575 4189 1825 4258 σώματος
1867 4189 1937 4242 τὰ

358 4278 592 4349 νέρθερα
637 4277 1075 4349 περισπώμενον,
1113 4280 1174 4330 τὸ
1215 4279 1270 4330 δὲ
1312 4279 1431 4332 ὅλον
1474 4281 1752 4350 ἐτέμνετο,
1796 4283 1872 4344 ὡς
1908 4284 1936 4335 6

359 4372 534 4444 θυμὸς
571 4373 743 4426 ἐδίδου
783 4373 1164 4443 αύτοματίξων
1197 4373 1428 4427 ἑκάστου
1463 4375 1554 4427 τὸν
1589 4375 1838 4430 θάνατον.
1872 4377 1938 4429 Ὢ

361 4467 520 4518 πόσοι
541 4465 755 4530 παῖδες,
795 4467 958 4536 μέσον
1004 4466 1324 4536 τμηθέντες,
1369 4467 1657 4539 ὴμίθνητοι
1700 4471 1938 4540 μεμενή-

360 4575 515 4624 κασι,
564 4557 700 4630 μηδέ
747 4558 1004 4629 τελευτὴν
1047 4557 1312 4628 ὀξυτέραν
1359 4560 1754 4629 κερδαίνοντες,
1803 4560 1937 4614 ἀλλὰ

2035 3339 2146 3436 (ΓΙ)
2184 3339 2381 3420 muli-er
2409 3361 2652 3416 humeris
2685 3367 2902 3429 gestans
2932 3368 3068 3407 onus
3107 3347 3350 3408 infantis,
3375 3343 3467 3398 sed
3496 3339 3615 3436 erat

2033 3431 2331 3529 pernicior;
2366 3454 2663 3509 satellitum
2700 3461 2915 3504 Cursus.
2949 3446 3100 3499 Alter
3121 3457 3242 3497 cum
3271 3439 3445 3524 altero
3466 3431 3617 3488 colli-

2035 3550 2260 3604 debatur
2287 3555 2343 3601 et
2370 3561 2530 3600 voces
2556 3543 2792 3598 confusae
2821 3539 3170 3598 tollebantur,
3206 3519 3400 3586 acerbe
3425 3525 3618 3581 eﬂ‘erc-

2034 3658 2141 3712 que
2172 3639 2368 3695 milites
2399 3635 2876 3693 comminabantur
2913 3640 3066 3682 torvo
3095 3627 3369 3681 intuentes
3395 3624 3616 3682 obtutu;

2035 3733 2442 3802 complorabaut
2505 3718 2707 3780 matres
2742 3721 3002 3787 sanguine
3040 3717 3199 3772 simul
3258 3713 3617 3782 lacrymisque

2037 3800 2347 3895 conspersa
2389 3839 2403 3875 :
2455 3818 2727 3887 ejulabant
2771 3813 3008 3869 infantes
3044 3805 3429 3863 miserabiliter
3467 3800 3611 3855 caesi.

2037 3893 2248 3975 Etenim
2313 3913 2476 3986 gladii
2506 3912 2558 3967 in
2591 3910 2732 3972 illos,
2794 3915 2854 3960 ut
2898 3918 3060 3960 casus
3105 3903 3333 3962 l'erebat,
3393 3893 3610 3955 intenti,

2039 4025 2283 4068 summos
2331 4017 2483 4063 artus
2545 4001 2926 4059 miserabiliter
2981 3992 3365 4067 amputabant;
3423 3997 3478 4044 et
3527 3988 3615 4042 hic

2039 4102 2253 4172 quidem
2311 4110 2499 4154 trunca
2553 4109 2711 4148 manu
2753 4114 2765 4148 :
2809 4091 2896 4147 ille
2928 4104 3057 4145 vero
3112 4086 3340 4142 succisis
3387 4082 3616 4152 pedibus

2036 4195 2147 4264 jam
2183 4189 2404 4246 dimidia
2439 4185 2522 4242 sui
2558 4194 2711 4256 parte
2742 4191 2985 4236 mortuus
3018 4187 3157 4233 erat.
3199 4177 3352 4230 Alius
3383 4174 3618 4228 dissecto

2041 4285 2220 4354 capite
2273 4279 2547 4335 inferioris
2587 4274 2832 4344 corporis
2883 4271 2994 4345 (l8)
3043 4270 3281 4325 membra
3341 4267 3613 4328 trahebat,

2042 4380 2177 4430 alter
2234 4387 2364 4428 vero
2419 4373 2624 4439 integer
2661 4367 3006 4429 czeilebatur,
3076 4373 3130 4416 et
3194 4359 3615 4427 uniuscujusque

1997 4483 2002 4486 ·
2043 4466 2257 4539 generis
2298 4464 2488 4517 mortis
2519 4460 2719 4515 arbitra
2761 4457 2926 4511 libido
2966 4455 3194 4508 militum
3226 4461 3361 4506 erat.
3407 4449 3452 4504 Ο
3485 4458 3618 4517 quot

2045 4559 2194 4628 pm-ri
2225 4555 2398 4608 media
2431 4561 2587 4622 parte
2608 4549 2732 4604 cassi
2769 4546 3102 4601 semimortui
3143 4543 3617 4610 relinquebantur,

360 4651 682 4722 καταϐραχὺ
723 4651 1138 4722 δαπανώμενοιί
1185 4652 1308 4714 Πῶς
1352 4652 1589 4722 παρέθεε
1630 4655 1697 4724 τῇ
1747 4654 1931 4723 μητρῖ,

2047 4663 2103 4706 ιιι
2129 4665 2303 4720 neque
2336 4652 2439 4703 hoc
2468 4662 2530 4700 ex
2570 4657 2756 4697 eorum
2787 4641 3103 4697 crudelitate
3135 4637 3333 4690 lucrari
3370 4642 3617 4704 possent,

362 4744 456 4796 καὶ
509 4744 840 4818 ψελλιζούσῃ
898 4747 1048 4816 φωνῇ
1107 4745 1205 4815 τὴν
1260 4746 1526 4798 τεκοῦσαν
1582 4745 1932 4800 ἀνεκαλεῖτοί

433 4898 479 4933 τ’
518 4897 673 4954 Joan.
718 4911 837 4966 xu,
882 4897 968 4953 15.

2047 4760 2102 4800 Ut
2133 4743 2266 4796 n-ori
2306 4741 2510 4803 liceret,
2544 4737 2636 4793 sed
2668 4733 2927 4806 paulatim
2978 4727 3418 4786 absumebantur.
3451 4723 3620 4789 Quale

1045 4896 1089 4928 ⁷⁸
1119 4895 1308 4953 Matth.
1344 4911 1403 4959 ιι,
1433 4891 1536 4959 18;
1567 4891 1766 4948 Jerem.
1803 4910 1952 4958 χχχι,
1987 4895 2073 4948 15.

1600 5035 1926 5098 Francrsci
1958 5033 2170 5098 Scorsi
2202 5039 2386 5094 notas.

440 5165 550 5235 (I6)
590 5163 790 5235 Carnes
839 5162 1104 5235 humanas
1141 5173 1443 5235 gustarunt.
1492 5163 1604 5235 Hoc
1651 5170 1832 5216 notum
1887 5173 1942 5218 et

377 5233 639 5304 proilitum
663 5250 694 5288 a
716 5233 969 5302 .losepho,
1000 5233 1094 5304 lib.
1121 5248 1212 5297 vrt,
1242 5234 1316 5288 De
1343 5233 1473 5286 bello
1498 5234 1654 5295 Jud.,
1677 5249 1806 5304 cap.
1825 5249 1940 5299 vut,

373 5301 426 5360 et
452 5323 480 5360 a
513 5305 739 5360 Baronio
763 5301 932 5367 ipsum
965 5301 1230 5357 referente
1257 5319 1396 5357 anno
1427 5305 1624 5358 Christi
1659 5305 1745 5358 62.
1782 5303 1942 5358 Deest

373 5391 500 5430 vero
526 5378 576 5429 in
607 5376 728 5429 cod.
771 5372 836 5429 P.
867 5387 967 5427 vox
1022 5373 1538 5443 λιμαγχονούμενοι,
1579 5389 1698 5440 quas
1730 5375 1942 5426 videtur

375 5447 539 5513 magis
562 5445 836 5498 colnerere
859 5458 981 5497 cum
1007 5445 1355 5512 sequentibus
1383 5445 1433 5497 in
1460 5447 1559 5498 hac
1586 5453 1710 5497 uota
1734 5443 1938 5506 relatis,

373 5516 482 5570 Καὶ
499 5513 1123 5586 σαρκώνιὰνθρωπίνων
1147 5513 1464 5586 ἐγεύσαντο.
1507 5513 1690 5586 Itaque
1728 5514 1940 5586 restitui

375 5586 515 5638 illum
553 5582 616 5643 ex
645 5586 814 5638 altero
853 5582 975 5639 cod.
1011 5593 1064 5637 et
1107 5593 1226 5651 post
1253 5583 1569 5649 ἐγεύσαντο.
1606 5585 1806 5639 Desunt
1849 5582 1941 5635 iti-

374 5655 490 5707 dem
547 5655 601 5710 iu
634 5655 914 5726 iPauorm.
985 5653 1245 5726 ’Δλῶντες
1299 5655 1357 5706 δὲ
1415 5654 1660 5718 ἀνηλεῶς
1714 5651 1943 5726 κατεκό-

376 5741 572 5791 πησαν.
619 5725 748 5792 Quae
783 5723 896 5778 rem
940 5725 1108 5792 magis
1154 5733 1352 5792 augent
1399 5733 1455 5778 et
1496 5733 1621 5780 sunt
1669 5739 1734 5778 ex
1782 5723 1942 5792 genio

376 5790 857 5864 auctm-isfltaque
906 5790 1107 5848 reddidi
1142 5810 1205 5846 ex
1230 5790 1429 5864 'Gall.;
1463 5805 1525 5864 ct
1569 5794 1750 5847 itidem
1795 5790 1937 5864 infra

382 5863 502 5915 illud
542 5866 656 5918 ἀλλ’
689 5861 788 5919 οὐκ
816 5865 996 5936 ἀφῆκε
1045 5864 1104 5917 τὸ
1136 5863 1341 5936 ἀπηνὲς
1387 5863 1483 5936 τοῦ
1524 5864 1787 5936 τυράννου
1820 5861 1941 5914 ἐπί-

381 5947 663 6000 ταγμα,θι
709 5935 1066 5992 eodenrcod.
1124 5946 1284 6003 atque
1329 5935 1427 5991 has
1474 5935 1526 5990 in
1571 5937 1712 5990 hunc
1763 5935 1934 5988 locum

2039 5158 2227 5282 [collegi
2299 5157 2477 5211 varias
2543 5154 2799 5209 lectiones
2859 5166 2979 5222 quae
3023 5149 3137 5206 suis
3188 5147 3322 5204 locis
3369 5147 3620 5203 notanda:

2065 5237 2274 5282 uerunt.

2065 5237 2274 5283 nerant.

2113 5299 2225 5370 (l7)
2268 5297 2334 5351 In
2373 5296 2553 5370 fugant
2587 5311 2651 5370 gae
2696 5290 3067 5370 proripieba{._
3094 5287 3208 5370 Hoc
3256 5287 3617 5370 fragmentum

2040 5361 2266 5423 deéstin
2298 5361 2401 5422 ulto
2431 5361 2550 5422 cod.
2581 5367 2726 5434 ὅρμα
2755 5378 2925 5432 usque
2951 5363 3018 5415 ad
3051 5361 3334 5434 ἐπάγουσα
3366 5375 3471 5434 non
3501 5361 3620 5413 sine

2039 5440 2362 5493 detrimento
2410 5449 2463 5491 et
2505 5429 2694 5491 sensus
2729 5445 2782 5487 et
2815 5429 3131 5486 venustatis.
3174 5430 3274 5495 Qui
3307 5429 3449 5483 enim
3497 5445 3618 5494 pos-

2041 5521 2165 5562 sunt
2196 5510 2473 5578 sequentia
2522 5505 2743 5578 intelligi
2774 5521 2786 5557 :
2828 5502 2970 5554 Ἀλλ’
3005 5497 3080 5578 ἦν
3119 5499 3226 5578 τῶν
3261 5497 3552 5578 ὑπηρετῶν
3587 5500 3617 5550 6

2039 5578 2240 5648 δρόμος
2274 5568 2562 5646 δεύτερος.
2597 5568 2729 5629 ΙΙΙυῦ
2774 5588 2903 5643 ergo
2934 5568 3129 5640 cuiQue
3159 5571 3352 5638 legenti
3395 5568 3617 5621 omnino

2040 5648 2336 5702 desiderari
2370 5649 2661 5702 videbitur.

2111 5717 2221 5789 (l8)
2259 5717 2532 5789 Inferioris
2561 5712 2947 5789 corporif._'_l‘oﬁ
2996 5707 3246 5789 σώματος
3278 5707 3616 5789 τὰῇνέρτερα.

2036 5777 2476 5858 περισπώμενον,
2513 5803 2578 5841 ex
2602 5777 2723 5840 cod.
2742 5785 2879 5858 Gall.
2904 5777 3097 5858 quae-iu
3131 5777 3611 5858 codi_ce.__I‘auorm.

2035 5849 2236 5913 (imissa
2288 5849 2520 5919 fuerant,
2573 5867 2627 5909 ct
2674 5857 2886 5922 quidem
2923 5849 3072 5905 'dolo
3103 5863 3206 5922 n_0u
3239 5849 3400 5906 facile
3421 5849 3616 5916 depre-

2038 5930 2242 5994 henso;
2273 5936 2380 5982 stat
2410 5929 2604 5996 quippe
2635 5920 2751 5980 sine
2783 5924 2884 5979 illis
2918 5920 3208 5978 sententia.
