4070 6482
401 470 509 538 923
1606 472 1995 537 ΤΗΕΟΡΗΔδ

2128 472 2471 543 CERAMEI
3558 473 3665 539 951i

399 586 767 661 spectantium
791 595 913 644 erat
963 588 1148 646 videre
1170 588 1335 645 alium
1366 600 1740 645 aecurnmtem
1772 592 1837 646 ad
1869 607 1982 645 ma-

2100 592 2262 647 Ἀλλά
2296 590 2659 666 στρατιώτης,
2697 589 2924 663 ἐξάπινα
2945 587 3275 660 εἰσδραμὼν,
3300 591 3565 661 ἀφῃρεῖτο
3591 607 3669 661 τῳ

406 691 570 749 trem,
619 688 674 737 et
702 681 1036 738 balbutiente
1070 696 1200 738 voce
1221 696 1339 738 eam
1376 683 1663 738 identidem
1722 684 1984 739 invocan-

2100 684 2238 751 ξίφει
2282 686 2381 755 τὴν
2421 683 2697 753 κεφαλὴν·
2743 682 3118 753 φθεγγομένου
3165 682 3234 736 δι’
3255 683 3366 754 ἀρα
3410 682 3565 735 τοῦδε
3607 684 3669 736 τὸ

404 783 512 830 tem
537 790 553 828 :
579 773 675 829 sed
713 773 867 828 miles
891 775 1181 843 derepente
1205 774 1418 829 irruens
1442 774 1787 830 alisciutlebut
1810 776 1893 844 gla
1918 775 1986 830 lio

412 875 597 937 caput,
632 866 775 935 quod
811 866 998 936 utique
1024 866 1190 921 etiam
1222 867 1347 920 dum
1402 866 1733 937 loqueretur,
1766 871 1986 936 pulvere

409 960 757 1013 miscebatur.
788 956 853 1012 Et
886 973 1020 1014 sane
1049 975 1115 1013 eo
1152 975 1235 1014 me
1287 959 1435 1015 ducit
1468 964 1644 1015 oratio
1676 970 1735 1015 ut
1773 961 1985 1029 poetica

406 1051 493 1105 illa
533 1050 734 1115 dicam,
771 1050 1002 1104 Omnem
1035 1059 1248 1106 aetatem
1281 1051 1393 1122 (l9)
1425 1051 1710 1107 calamitas
1747 1066 1808 1106 ea
1842 1060 1983 1105 tem-

406 1152 617 1212 pestate
645 1141 1157 1212 comprehenderat,
1191 1154 1243 1196 et
1268 1141 1499 1212 Erynnis
1517 1143 1785 1210 quadam,
1812 1143 1987 1211 qualis

401 1234 628 1289 excitari
656 1234 709 1289 in
744 1235 1026 1304 tragoediis
1060 1235 1220 1299 solet,
1265 1233 1538 1290 Bethleem
1589 1235 1989 1291 circumcursa-

406 1325 518 1387 bat,
549 1332 605 1378 et
631 1323 903 1379 intestinis
935 1339 1056 1379 eam
1097 1323 1252 1379 bellis
1290 1325 1540 1379 versabat
1577 1332 1631 1379 et
1659 1324 1983 1396 ﬂagellabat.

406 1415 475 1469 Et
500 1414 686 1469 senior
719 1429 850 1469 sane
876 1429 1018 1486 aegre
1050 1412 1277 1481 ferebat,
1312 1416 1453 1485 quod
1485 1417 1551 1471 ad
1583 1431 1703 1471 eam
1738 1417 1986 1474 durasset

408 1514 646 1568 :ctatem,
704 1516 759 1558 at
780 1519 864 1571 lue
898 1506 965 1559 ad
996 1521 1092 1561 eas
1116 1517 1366 1562 servatus
1406 1514 1550 1562 esset
1597 1524 1891 1576 aerumnas,
1930 1519 1987 1565 et

408 1608 637 1653 mortem
662 1598 945 1653 incusabat
964 1608 1022 1653 ut
1051 1601 1294 1668 tardam;
1322 1609 1496 1655 mater
1517 1615 1645 1656 vero
1677 1602 1779 1656 hoc
1800 1602 1979 1670 ipsum

405 1690 861 1759 conquerebatur,
897 1689 1036 1760 quod
1069 1701 1249 1756 esset;
1288 1700 1458 1748 mater
1516 1691 1702 1748 felices
1733 1692 1990 1748 diceban-

409 1788 497 1835 tur
554 1781 792 1851 virgines
821 1790 878 1837 οι
904 1781 1116 1837 steriles
1148 1792 1202 1837 et
1227 1799 1346 1853 qua:
1377 1783 1608 1840 feminas
1629 1786 1987 1856 peperissent,

407 1882 462 1927 et
492 1886 610 1939 qua:
638 1871 835 1927 liberos
859 1874 1083 1929 omnino
1110 1889 1216 1929 non
1237 1875 1570 1942 genuissent.
1594 1875 1663 1931 Et
1691 1877 1788 1932 bas
1821 1878 1985 1933 etiam

2093 775 2240 845 κάρα
2265 773 2569 845 κατεμίχθη
2596 777 2664 846 τῇ
2695 773 2879 827 κόνει·
2906 774 3105 841 ἀγάγει
3132 774 3242 844 γάρ
3273 790 3339 844 με
3368 775 3394 827 ό
3420 772 3576 840 λόγος
3600 774 3669 826 τά

2090 866 2190 937 τῆς
2224 867 2497 935 ποιήσεως
2534 865 2906 934 φθέγξασθαι,
2941 866 3123 919 πᾶσαν
3151 864 3371 936 ἠλικίαν
3398 864 3460 917 τὸ
3494 865 3667 927 πάθος

2092 956 2213 1009 τότε
2243 956 2543 1015 κατέλαϐε,
2573 956 2666 1009 καὶ
2695 955 3000 1026 τραγῳδίας
3033 955 3279 1025 Ἐριννὺς
3320 957 3387 1027 τῇ
3421 954 3670 1024 Βηθλεὲμ

2094 1044 2441 1115 ἐπεκώμαζε,
2459 1047 2572 1110 τοῖς
2595 1046 2808 1099 οἴκοθεν
2829 1045 2999 1115 αὐτὴν
3023 1046 3282 1114 πολέμοις
3308 1045 3668 1115 μαστίζουσα.

2093 1136 2206 1190 Καὶ
2240 1137 2550 1208 πρεσϐύτης
2590 1137 2688 1208 μὲν
2724 1138 3073 1209 ἐδυσχέραινε
3106 1138 3198 1192 τὸν
3231 1137 3444 1207 μακρὸν
3477 1139 3669 1210 χρόνον

2094 1229 2547 1298 καταιτιώμενος,
2571 1229 2644 1292 ὡς
2671 1229 2901 1283 πάθεσιν
2925 1229 3088 1282 αὑτὸν
3112 1230 3224 1292 τοῖς
3252 1228 3487 1298 παροῦσι
3509 1245 3697 1299 τετη--

2098 1319 2338 1390 ρηκότα,
2374 1320 2469 1372 καὶ
2502 1318 2595 1372 τὺν
2630 1319 2859 1373 θάνατον
2893 1319 2967 1382 ὡς
3004 1318 3346 1389 βραδύναντά
3379 1317 3668 1389 κατεμέμ-

2095 1428 2226 1481 φετο
2249 1451 2265 1478 ,
2326 1413 2359 1482 ή
2389 1411 2447 1464 δὲ
2481 1412 2686 1482 μήτηρ,
2713 1413 2797 1466 ὅτι
2828 1412 2924 1466 καὶ
2954 1414 3145 1480 γέγονε
3177 1413 3362 1483 μήτηρ
3387 1411 3628 1481 ὠδύρετο
3650 1426 3668 1444 ·

2095 1503 2497 1575 ἐμακαρίζοντο
2523 1502 2580 1556 δὲ
2612 1502 2893 1574 παρθένοι,
2927 1503 3018 1557 καὶ
3049 1510 3284 1575 στεῖραι,
3319 1503 3416 1557 καὶ
3445 1501 3674 1573 θηλυτό-

2095 1612 2205 1662 κοι,
2241 1597 2335 1648 καὶ
2369 1596 2574 1663 ἄγονοι.
2612 1595 2766 1665 Τάχα
2797 1595 2854 1649 δὲ
2889 1595 2985 1648 καὶ
3019 1597 3143 1659 ταῖς
3176 1595 3456 1659 τοιαύταις
3493 1596 3675 1649 κοινὸν

2094 1682 2162 1757 ἦν
2190 1689 2249 1741 τὸ
2273 1691 2370 1759 τῆς
2400 1688 2708 1758 συμφοράς,
2734 1688 2793 1751 ἐξ
2820 1688 3119 1758 ἑταιρείας,
3145 1686 3178 1758 ἢ
3204 1687 3458 1757 αἵματος,
3483 1688 3516 1760 ἢ
3541 1687 3676 1758 τρό-

2096 1797 2199 1834 που
2228 1780 2701 1850 ἀνακοινούμενον.
2737 1774 2893 1834 Εἶδον
2918 1779 3031 1848 ἐγὼ
3056 1780 3216 1835 τοῦτο
3240 1779 3302 1833 τὸ
3336 1780 3505 1843 πάθος
3531 1778 3678 1850 χρώ-

2100 1888 2229 1942 ματι
2258 1871 2644 1942 γεγραμμένον
2666 1873 2727 1924 ὲν
2756 1870 2969 1934 πίνακι,
2999 1869 3093 1924 καὶ
3120 1870 3256 1942 πρὸς
3283 1866 3467 1924 οἶκτον
3492 1872 3677 1937 ἐκινή-

408 1961 687 2015 CuIamitas
716 1961 803 2016 illa
834 1961 1067 2019 fortasse
1097 1965 1373 2035 tangebat,
1404 1974 1458 2022 et
1483 1966 1565 2021 vel
1604 1967 1880 2034 amicitizr,
1905 1968 1987 2025 vel

2100 1966 2223 2033 θην,
2262 1963 2357 2017 καὶ
2400 1964 2630 2034 δάκρυα.
2666 1963 3010 2034 Ἐγέγραπτο
3050 1963 3159 2033 γάρ
3200 1964 3228 2016 ὁ
3277 1962 3379 2033 μὲν
3412 1964 3678 2032 τύραννος

409 2051 713 2119 sanguinis,
746 2052 828 2107 vel
865 2069 1075 2109 morum
1103 2056 1490 2127 conjunctione
1519 2059 1826 2115 communis
1846 2072 1985 2114 erat.

415 2139 537 2196 Vidi
571 2155 671 2210 ego
696 2142 835 2197 hanc
857 2145 1059 2205 eadem
1088 2144 1361 2201 coloribus
1400 2146 1670 2215 depictam
1703 2149 1755 2202 in
1782 2148 1987 2214 tabula,

409 2240 465 2288 et
502 2232 570 2288 ad
608 2234 1031 2290 misericordiam
1097 2236 1476 2309 lacrymasque
1506 2250 1811 2296 commotus
1844 2258 1986 2296 sum.

414 2323 717 2395 Expressus
773 2327 917 2382 enim
947 2328 1056 2383 illic
1098 2336 1218 2383 erat
1250 2330 1338 2386 ille
1366 2340 1630 2401 tyrannus
1660 2331 1904 2389 Herodes
1935 2336 1988 2388 in

410 2417 523 2473 alto
547 2420 779 2490 quodam
812 2419 946 2476 solio
968 2423 1201 2492 superbe
1225 2423 1537 2491 considens,
1564 2426 1676 2480 acri
1721 2442 1787 2482 ac
1813 2425 1991 2482 ferino

408 2508 688 2564 oculorum
722 2510 970 2581 conjecto
1027 2522 1081 2566 et
1111 2513 1356 2570 inhiante
1384 2516 1554 2572 vultu.
1579 2516 1833 2573 Erectum
1864 2533 1993 2574 vero

412 2617 479 2657 ex
511 2601 709 2669 vagina
741 2602 979 2671 gladium
1002 2604 1221 2660 sinistra
1253 2608 1435 2676 quiete
1465 2608 1773 2675 retinebat;
1806 2612 1993 2666 dexte-

416 2710 533 2750 ram
564 2710 695 2750 vero
729 2697 1060 2765 protendens
1092 2698 1352 2752 militibus
1389 2698 1656 2769 imperare
1686 2700 1991 2769 videbatur,

414 2791 474 2838 ut
514 2785 634 2840 sine
680 2785 1054 2840 misericordia
1106 2786 1394 2842 infantium
1445 2789 1608 2860 357
1660 2791 1998 2848 demeterent

409 2885 673 2946 segetem.
711 2877 794 2931 llli
828 2893 955 2933 vero
982 2878 1279 2935 belluarum
1308 2896 1458 2937 more
1483 2882 1808 2957 insilientes,
1833 2885 1997 2940 mise-

414 2983 503 3022 ros
527 2982 723 3038 pueros
737 2969 927 3024 diriter
944 2971 1414 3027 contrucidabant.
1438 2973 1787 3030 Describebat
1828 2976 1994 3031 etiam

415 3060 590 3129 pictor
634 3059 876 3115 infelices
905 3069 1105 3116 matres
1156 3063 1541 3119 miserabiliter
1572 3066 1993 3136 complorantes,

418 3161 474 3205 et
501 3151 765 3223 sanguine
794 3152 1067 3224 lacrymas
1097 3153 1511 3212 confundentes.
1540 3157 1608 3213 Et
1639 3158 1742 3213 alia
1778 3159 1996 3230 quidem

414 3242 746 3299 dilacerabat
779 3259 981 3308 comas,
1018 3244 1122 3299 alia
1172 3244 1471 3302 dilaniabat
1502 3249 1774 3319 unguibus
1799 3266 1988 3321 genas,

418 3332 588 3387 altera
619 3333 953 3389 discindebat
985 3335 1226 3405 peplum,
1253 3345 1306 3391 et
1342 3337 1543 3395 nudato
1572 3348 1792 3408 pectore
1821 3355 1994 3396 mam-

418 3439 559 3478 mam
594 3424 828 3480 lactente
845 3427 1165 3484 ostendebat
1191 3430 1437 3485 orbatam
1462 3444 1476 3495 ;
1509 3431 1613 3484 alia
1642 3445 1768 3486 vero
1793 3431 1999 3488 concisi

420 3514 632 3586 pueruli
663 3515 902 3571 membra
928 3516 1236 3588 colligebat,
1285 3530 1338 3574 et
1366 3520 1470 3576 alia
1512 3521 1778 3577 infantem
1808 3538 1999 3582 recens

415 3609 659 3664 occisum
705 3624 869 3680 super
922 3626 1096 3683 genua
1131 3621 1320 3669 tenens
1360 3628 1547 3670 amare
1595 3616 1893 3687 plorabat:
1942 3628 1998 3674 et

427 3718 741 3773 quanquam
775 3720 880 3759 non
948 3716 1165 3777 poterat
1225 3708 1420 3764 artifex
1480 3709 1667 3766 indere
1724 3711 2001 3769 coloribus

418 3810 632 3864 vocem,
655 3797 1001 3853 lineamentis
1031 3808 1210 3856 tamen
1239 3800 1352 3870 (20)
1382 3802 1510 3871 ipsis
1539 3803 1781 3859 lamenta
1808 3804 1995 3875 signa-

421 3889 537 3944 bat.
562 3885 862 3944 Videbatur
894 3890 1037 3945 euim
1067 3890 1259 3953 mulier
1291 3892 1395 3948 hoc
1423 3894 1537 3951 fere
1562 3895 1720 3951 modo
1748 3896 2004 3952 ﬂebiliter

416 3978 744 4036 lamentari:
784 3978 1040 4036 Oinfelix
1076 3995 1210 4050 puer
1236 3982 1554 4039 infelicioris
1584 3986 1796 4053 matris,
1851 3986 2006 4057 igno-

418 4068 586 4125 rabas
612 4067 799 4140 igitur,
823 4079 876 4125 te
904 4069 1083 4139 gladio
1124 4081 1292 4141 atque
1316 4077 1528 4129 acerbae
1549 4076 1707 4131 morti
1732 4077 1998 4148 pragigui!

418 4175 455 4216 ο
497 4170 687 4217 uterus
712 4160 912 4218 frustra
941 4163 1238 4219 fecundus!
1270 4182 1302 4220 ο
1352 4166 1564 4222 scilicet
1601 4156 1890 4224 invidenda
1920 4169 2003 4229 fe-

422 4251 709 4321 cunditas,
742 4268 864 4322 qua:
898 4257 1080 4324 gaudii
1112 4258 1425 4325 paululum,
1480 4259 1743 4316 molestia:
1794 4263 2008 4319 miserat

425 4343 556 4397 mihi
593 4343 882 4413 plurimum
921 4347 1192 4402 attulisti!
1238 4363 1271 4403 ο
1300 4359 1482 4405 tenera
1514 4354 1781 4419 membra,
1811 4363 1866 4408 et
1902 4354 2007 4409 lin-

2093 2057 2301 2119 ἐκεῖνος
2339 2053 2587 2127 Ἡρώδης
2628 2055 2714 2124 ἐφ’
2743 2054 2950 2125 ὑψηλοῦ
2991 2070 3138 2118 τινος
3182 2053 3378 2126 θρόνου
3424 2052 3679 2124 σοὸαρῶς

2093 2148 2458 2217 ἐφεζόμενος,
2490 2146 2657 2219 δριμύ
2689 2164 2750 2200 τε
2808 2147 2904 2201 καλ⁸
2951 2145 3216 2217 θηριῶδες
3250 2144 3393 2214 ὁρῶν
3424 2142 3680 2215 κεχηνότι

2090 2240 2170 2312 τῷ
2215 2241 2509 2312 βλέμματι.
2543 2239 2736 2310 Ὀρθὺν
2771 2238 2828 2294 δὲ
2875 2239 3083 2310 στήσας
3125 2240 3184 2292 ἑν
3218 2237 3394 2308 κολεῷ
3425 2238 3487 2290 τὸ
3526 2236 3678 2305 ξίφος

2091 2333 2191 2400 τὴν
2214 2332 2372 2385 λαιάν
2400 2332 2488 2386 ἐπ’
2508 2330 2659 2401 αὑτῷ
2686 2331 3006 2395 διανέπαυε,
3029 2332 3129 2401 τὴν
3149 2329 3329 2393 δεξιὰν
3352 2329 3678 2399 προτείνων,

2092 2423 2405 2477 ἐπιτάττειν
2433 2422 2596 2494 ἐῴκει
2621 2425 2732 2487 τοῖς
2767 2421 3153 2496 στρατιώταις,
3185 2421 3432 2493 ἀνηλεῶς
3461 2419 3682 2491 θερίσαι

2093 2516 2204 2569 τῶν
2236 2516 2450 2587 νηπίων
2482 2516 2581 2585 τήν
2616 2516 2879 2586 ἄρουραν.
2918 2514 2986 2569 Οἱ
3025 2514 3083 2569 δὲ
3124 2511 3516 2584 θηριοπρεπῶς
3558 2512 3683 2564 sm-

2096 2608 2125 2662 0
2132 2607 2458 2678 ρώσκοντες,
2503 2607 2746 2679 ἀνηλεῶς
2770 2612 2838 2661 τὰ
2855 2607 3073 2660 δείλαια
3087 2623 3218 2659 κατε
3228 2603 3685 2674 μέλιζον.Ἔγρα-

2094 2703 2196 2773 ψεν
2213 2702 2242 2754 ὁ
2268 2700 2555 2771 ζωγράφος
2576 2701 2673 2753 καὶ
2693 2700 2793 2763 τὰς
2817 2700 3009 2763 ἀθλίας
3036 2698 3279 2770 μητέρας
3297 2695 3513 2766 οἰκτρὸν
3536 2711 3686 2747 συνι-

2099 2793 2311 2855 στώσας
2338 2792 2558 2864 θρῆνον,
2584 2792 2814 2856 καὶτοῖς
2838 2790 3038 2860 αἵμασι
3059 2791 3334 2860 κιρνώσας
3355 2787 3423 2841 τά
3445 2787 3679 2856 δάκρυα.

2097 2890 2208 2943 Καὶ
2236 2889 2267 2958 ἡ
2303 2888 2403 2957 μὲν
2430 2886 2607 2940 sum
2635 2886 2734 2950 τὰς
2765 2886 2961 2955 κόμας,
2989 2886 3022 2955 ἡ
3049 2883 3107 2937 δὲ
3137 2886 3254 2946 ταῖς
3283 2881 3432 2947 ὄνυξι
3458 2879 3556 2943 τάς
3583 2895 3684 2932 πα-

2103 2982 2256 3050 ρειὰς
2286 2979 2672 3049 περιέδρυφεν.
2696 2977 2866 3047 Ἀλλη
2893 2976 3184 3048 διέρρησσε
3211 2973 3301 3028 τὸν
3331 2972 3554 3036 πέπλον,
3585 2968 3684 3024 καὶ

2097 3076 2167 3127 τά
2199 3072 2396 3142 στέρνα
2431 3069 2867 3140 παραγυμνοῦσα
2894 3068 2985 3121 τὸν
3019 3066 3225 3137 μαστὸν
3254 3063 3543 3119 ύπεδείκνυ
3577 3078 3682 3114 κα·-

2097 3164 2462 3233 ταλειφθέντα
2495 3161 2587 3215 τοῦ
2633 3160 2958 3230 θηλάζοντος
2999 3158 3225 3229 ἔρημον.
3258 3156 3455 3227 Ἑτέρα
3496 3154 3554 3208 δὲ
3584 3152 3747 3206 τοῦ*

2100 3254 2504 3316 κατακοπέντος
2526 3252 2739 3304 παιδίου
2757 3252 2825 3303 τά
2844 3251 3218 3321 διεσπαρμένα
3243 3246 3380 3317 μέλη
3404 3244 3682 3312 συνέλεγε.

2099 3348 2211 3403 Καὶ
2237 3348 2371 3418 άλλη
2397 3345 2694 3413 νεοσφαγὲς
2714 3347 2829 3408 τοῖς
2853 3343 3046 3412 γόνασι
3072 3340 3353 3411 κρατοῦσα
3376 3340 3438 3392 τὸ
3459 3339 3682 3409 νήπιον,

2101 3438 2313 3510 πικρῶς
2336 3437 2673 3507 ὠλοφύρετο.
2710 3437 2819 3488 Καὶ
2852 3435 3041 3503 ἐπειδὴ
3081 3434 3155 3503 μὴ
3190 3427 3338 3503 εἶχεν
3370 3434 3397 3485 ὁ
3428 3430 3686 3501 τεχνίτης

2100 3532 2285 3603 φωνὴν
2308 3531 2545 3584 ἐνθεῖναι
2565 3531 2676 3592 τοῖς
2700 3526 3009 3599 χρώμασιν,
3036 3527 3279 3600 ὲσήμανε
3303 3516 3426 3585 τοὺς
3451 3522 3686 3592 θρήνους

2098 3626 2213 3686 τοῖς
2246 3622 2592 3694 γράμμασιν.
2628 3621 2835 3674 Ἐδόκει
2872 3619 2982 3690 γὰρ
3018 3615 3412 3688 ἐπιτραγῳδεῖν
3447 3608 3550 3668 ὧδὲ
3590 3630 3686 3667 ποι

2098 3714 2161 3768 τὸ
2188 3712 2430 3782 γύναιον.
2451 3709 2523 3764 Ὦ
2554 3710 2767 3763 παιδίον
2794 3707 3053 3779 δυστυχὲς
3083 3705 3422 3776 ἀθλιωτέρας
3454 3702 3684 3774 μητρὸς,

2101 3804 2395 3867 ἐλάνθανες
2424 3802 2533 3875 ἀρα
2569 3800 2710 3869 ξίφει
2756 3800 2852 3854 καὶ
2883 3799 3102 3869 θανάτῳ
3135 3797 3303 3867 ἀώρῳ
3332 3795 3682 3862 τικτόμενονῑ

2107 3897 2172 3950 ’Ὠ
2195 3896 2294 3965 τῆς
2321 3895 2498 3965 μάτην
2520 3892 2748 3962 γονίμου
2771 3890 3037 3961 γαστρόςε
3064 3888 3109 3942 ὣ
3130 3888 3378 3959 ζηλωτῆς
3403 3886 3689 3951 εὐτεκνίας

2104 3986 2190 4041 ἐπ’
2216 3984 2395 4053 ὀλίγον
2438 3983 2539 4054 μὲν
2576 3979 2955 4052 εύφρανάσης,
2995 3979 3088 4033 ἐπὶ
3131 3978 3293 4032 πλέον
3332 3978 3389 4030 δὲ
3428 3976 3690 4044 ἁνιούσης

2104 4077 2203 4150 τὴν
2242 4077 2479 4131 δειλαίαν
2525 4074 2659 4145 ὲμέῑ
2699 4071 2745 4126 ὣ
2788 4072 2967 4144 μελῶν
3013 4071 3269 4140 ἁπαλῶν,
3301 4070 3398 4125 καὶ
3438 4068 3687 4137 γλώττης

2105 4166 2462 4239 ψελλιζούσης
2494 4165 2614 4235 ήδὺ,
2642 4165 2737 4217 νῦν
2765 4162 2821 4216 δὲ
2851 4162 2954 4233 φεῦ
2988 4162 3296 4234 σιγησάσης
3331 4161 3567 4231 ἐσχάτην
3601 4176 3688 4212 σι-

2107 4259 2240 4331 γὴνι
2268 4257 2313 4312 ὣ
2338 4259 2515 4325 δεξιάς
2543 4256 2728 4311 ἀδίκου
2756 4255 3040 4328 ξιφήρους,
3068 4256 3150 4310 ὅτι
3178 4256 3254 4326 μὴ
3280 4254 3387 4325 πρὸ
3413 4253 3530 4320 σοῦ,
3554 4269 3690 4306 πάιν

2108 4354 2257 4419 δίον,
2300 4352 2401 4423 τὴν
2443 4348 2709 4402 τεκοῦσαν
2752 4347 3108 4401 ἀπέκτεινενὶ
3135 4347 3336 4417 Ἔγρεο
3382 4344 3692 4413 σπλάγχνον

425 4451 531 4507 gua
556 4437 712 4492 dulce
744 4438 1051 4495 bulbutiens
1083 4456 1098 4494 :
1133 4457 1275 4496 nunc
1306 4456 1435 4497 vero
1461 4444 1563 4496 lteu
1599 4444 1649 4498 in
1679 4454 1995 4514 perpetuum

2111 4445 2274 4516 ἐμὸν,
2310 4438 2633 4504 ἀποτίναξον
2669 4440 2756 4492 τὸν
2793 4439 2963 4511 βαρὺν
2995 4438 3185 4492 τοῦτον
3219 4438 3414 4500 ὕπνον,
3450 4438 3508 4490 ὃν
3543 4452 3626 4488 σοι
3662 4437 3696 4488 ὁ

423 4531 843 4587 obmutescens!
872 4547 905 4587 ο
934 4535 1151 4589 dextera
1180 4534 1388 4603 iniqua,
1419 4551 1538 4604 qure
1560 4536 1738 4608 gladio
1770 4549 1995 4605 armata,

2112 4535 2327 4607 ἀπηνὴς
2380 4532 2762 4605 στρατηλάτης
2810 4531 3093 4603 ἐνέθηκεν.
3133 4529 3522 4609 ’Υφαπλώθητι
3571 4530 3699 4591 ταῖς

425 4639 546 4693 (ωσι
584 4639 690 4679 non
725 4634 853 4680 ante
883 4633 1111 4681 matrem
1171 4642 1334 4697 quam
1371 4637 1445 4694 te,
1467 4628 1662 4698 puelle,
1695 4630 1995 4686 interemit!

2114 4628 2383 4696 ἀγκάλαις
2432 4625 2532 4695 τῆς
2587 4626 2685 4694 σῆς
2740 4623 2934 4684 ἀθλίας
2985 4622 3215 4694 μητρός.
3256 4618 3550 4674 Ἐπιλαὸοῦ
3599 4618 3697 4672 τοῦ

426 4716 846 4788 Expergiscere,
894 4718 992 4785 illi,
1025 4720 1234 4776 viscera
1267 4736 1409 4788 mea,
1455 4732 1651 4778 excute
1681 4725 1995 4794 profundum

2121 4718 2253 4791 πρίν
2277 4735 2358 4771 σοι
2385 4717 2722 4787 ποθουμένου
2753 4714 2950 4786 μαζοῦ.
2976 4712 3273 4779 Ἐπίδειξον
3296 4712 3357 4766 τὸ
3382 4712 3552 4782 γλυκὺ
3601 4712 3696 4762 καὶ

427 4811 574 4869 hunc
631 4823 881 4865 somnum
922 4825 1082 4880 quem
1121 4812 1222 4866 tibi
1250 4812 1723 4881 immitissatelles
1754 4815 1995 4880 immisit;

2110 4811 2343 4882 σύνηθες
2372 4810 2548 4862 ἐκεῖνο
2578 4807 2867 4878 μειδίαμα.
2900 4807 3041 4860 Ἀλλ’
3065 4807 3166 4860 οὐκ
3191 4805 3373 4876 ἀφῆκε
3400 4805 3460 4858 τὸ
3488 4801 3700 4870 ἀπηνὲς

430 4900 647 4970 conjice
697 4908 749 4954 te
787 4900 842 4955 in
893 4900 1050 4956 ulnas
1107 4901 1322 4957 miserae
1370 4904 1695 4972 genetricis;
1731 4904 1995 4972 prehende

2111 4910 2206 4965 τοῦ
2244 4907 2510 4979 τυράννου
2548 4906 2851 4976 ἐπίταγμα.
2886 4904 3120 4959 Τοιαῦτα
3162 4902 3343 4970 λέγειν
3378 4900 3563 4972 ἐῴκει,
3604 4903 3697 4953 καὶ

433 5006 726 5045 mammam
750 4990 878 5046 olim
914 4991 1008 5046 tibi
1040 4991 1312 5061 cupitam;
1346 4994 1589 5048 suaviter
1612 4996 1793 5059 matri,
1847 5010 1910 5049 ac
1942 4997 1995 5051 dt

2120 5004 2365 5071 συνεῖρεν
2407 4999 2539 5061 tam;
2572 4997 2641 5050 τά
2674 4997 2776 5067 τῆς
2815 4996 3038 5067 Νιόϐης,
3080 4996 3176 5048 καὶ
3213 4995 3313 5065 τῆς
3349 4993 3699 5056 Ἀλκίστεως.

433 5098 585 5138 more
613 5084 852 5140 subride.
893 5084 999 5139 Sed
1047 5099 1153 5139 non
1189 5083 1244 5140 id
1274 5087 1541 5155 permittit
1569 5087 1855 5156 imperium
1891 5104 1995 5144 cru-

2119 5091 2313 5161 Μάτην
2347 5089 2455 5160 ἄρα
2489 5103 2548 5139 σε
2582 5087 2771 5141 τέκνον
2804 5085 3149 5156 ἐθρεψάμην,
3189 5085 3368 5156 μάτην
3403 5083 3698 5155 ἐμόχθουν,

432 5174 553 5238 dele
589 5177 829 5247 tyranni.
881 5174 1008 5232 Haec
1037 5176 1182 5247 loqui
1229 5177 1525 5235 verisimile
1556 5188 1694 5247 erat,
1737 5188 1792 5236 et
1823 5178 2010 5237 forsan

2125 5183 2219 5238 atati.
2259 5178 2595 5248 κατεξάνθην
2639 5178 2839 5242 πόνοις.
2882 5177 3038 5249 Ζηλῶ
3082 5177 3127 5229 δ’
3148 5178 3397 5246 ἀγάμους
3435 5177 3701 5245 γυναῖκα,

1670 5341 1991 5406 Francisci
2020 5344 2233 5409 Scorsi
2262 5347 2452 5405 notae.

507 5473 885 5551 (Al9)__0mnem
942 5486 1170 5551 {stolen}.
1204 5476 1327 5551 pllio
1386 5481 1599 5551 poetico
1644 5480 1748 5532 ritu
1780 5479 1923 5548 loqui
1963 5496 2022 5537 se

435 5547 572 5600 velle
595 5543 953 5615 Theophanes
986 5547 1082 5600 ait.
1116 5547 1332 5604 Nullum
1382 5543 1558 5605 tamen
1598 5550 1779 5603 innuit
1808 5543 2016 5605 certum

435 5629 610 5686 poeta:
662 5614 863 5688 locum,
917 5631 981 5670 ex
1005 5632 1112 5684 quo
1140 5620 1377 5688 tragicos
1424 5620 1544 5675 illos
1575 5618 1763 5674 modos
1816 5621 1880 5673 ad
1906 5636 2018 5675 rem

436 5701 592 5741 suam
656 5687 1059 5758 transduxcrit;
1095 5703 1269 5758 neque
1304 5704 1435 5744 vero
1460 5703 1560 5757 ego
1593 5690 1822 5743 similem
1859 5689 2008 5744 illum

435 5767 702 5829 hactenus
770 5757 972 5829 reperi,
1012 5757 1157 5829 unde
1186 5757 1279 5812 ex
1343 5760 1561 5829 ingenio
1606 5773 1707 5813 suo
1736 5774 1903 5828 pauca
1930 5762 2018 5813 illa

437 5824 738 5900 componit.
800 5824 940 5900 Infra
967 5828 1182 5900 quidem
1240 5824 1564 5900 Alcestidem
1600 5840 1653 5883 et
1685 5824 1892 5885 Nioben
1927 5846 2021 5900 ap-

442 5891 626 5964 pe'lit,
654 5891 719 5948 de
742 5893 939 5960 quibus
975 5896 1216 5954 dicemus
1247 5914 1344 5956 suo
1373 5899 1507 5956 loco.

2191 5485 2304 5556 (20)
2332 5482 2689 5556 Lineameutis
2722 5488 2917 5556 tamen.
2955 5473 3069 5556 _Qui
3106 5488 3214 5528 non
3262 5474 3440 5556 videat
3476 5474 3701 5556 praecisa

2116 5545 2298 5610 fuisse,
2342 5555 2461 5624 hac
2514 5552 2761 5624 ὲσήμανε
2796 5548 2922 5609 τοὺς
2954 5546 3190 5624 θρήνους
3245 5546 3360 5624 toi;
3403 5545 3701 5624 γράμμασι

2118 5612 2557 5693 quandoquidem
2601 5612 3122 5693 'pragcesserat'jgi.
3174 5613 3363 5693 ἐπειδὴ
3416 5612 3700 5686 pileier

2119 5682 2151 5748 ό
2197 5682 2447 5764 τεχνίτης
2499 5682 2685 5762 φωνὴν
2708 5682 3185 5764 ἐνθεῖναιηιείιυιξ
3200 5700 3261 5738 ea
3301 5682 3543 5764 lucratus
3578 5682 3697 5738 sum

2118 5777 2185 5817 ex
2207 5754 2377 5818 altero
2402 5754 2615 5824 radice,
2641 5754 2965 5828 semperque
2988 5754 3131 5808 ineo
3159 5754 3364 5828 firmavi
3387 5756 3698 5828 Opinionem

2121 5849 2297 5887 meam
2334 5833 2497 5886 etiam
2535 5833 2643 5899 illa,
2676 5824 2795 5901 qua;
2826 5824 3076 5901 videntur
3096 5825 3291 5901 omitti.
3322 5824 3562 5893 potuisse
3590 5839 3701 5880 non

2117 5903 2288 5961 fuisse
2320 5904 2388 5961 ab
2418 5893 2661 5971 auctore,
2693 5893 2791 5958 sed
2825 5913 2855 5954 a
2882 5895 3148 5968 scriptore
3186 5893 3410 5950 omissa.
