4070 6402
349 317 462 383 923

1706 323 2046 386 ΗΟΜΙΙᾸΛ
2089 324 2258 387 LIII.

3531 341 3642 408 '93“

347 434 591 505 σάϐετὴ
635 435 775 506 γυνὴ
825 435 1126 507 Ζαχαρίου,
1186 440 1280 494 καὶ
1329 441 1699 514 περιέκρυϐεν
1749 443 1929 513 ἑαυτῆ

2059 448 2110 495 et
2145 441 2458 500 occultabat
2490 457 2550 501 se
2578 447 2858 504 mensibus
2879 450 3140 523 quinque.
3165 471 3182 504 ι
3216 450 3509 526 Postquam
3536 458 3632 512 Zav

345 527 531 596 μῆνας
562 527 745 580 πέντε.
783 547 802 579 s
852 529 1074 599 Ἐπειδὴ
1111 531 1137 582 ὁ
1172 531 1272 600 μὲν
1303 536 1601 605 Ζαχαρίας,
1634 535 1946 605 ἀπιστήσας

339 619 425 689 τῷ
457 620 723 689 Γαϐριὴλ,
754 622 1132 692 ὲκεκὼφευτο,
1160 627 1226 695 τῇ
1251 627 1308 678 δὲ
1352 627 1641 681 Ἰἐλισάϐετ
1662 627 1942 698 ἐνηργήθη

339 714 379 782 ἡ
421 712 707 783 σύλληψις,
765 716 929 785 μέχρι
973 717 1073 784 μέν
1103 733 1246 780 τινος
1279 719 1646 790 περιῖκρυϐεν
1681 719 1888 790 ἑαυτήν
1922 733 1936 747 ’

343 807 424 870 ὡς
461 809 560 877 μέν
603 824 714 860 τισι
748 807 917 874 δοκεῖ,
969 811 1051 862 ὅτι
1079 809 1168 864 διὰ
1203 812 1264 863 τὸ
1319 814 1498 883 γῆρας
1535 814 1806 883 ᾐσχύνετο
1841 813 1942 882 τὴν

338 901 548 973 ἔξωρον
601 902 983 973 εὐλαϐουμένη
1047 906 1369 971 κυοφορῖαν,
1437 908 1600 976 ἡμεῖς
1635 905 1691 958 δέ
1733 923 1936 975 φαμεν,

339 995 420 1057 ὡς
460 995 521 1048 οὐ
555 995 642 1048 διὰ
672 998 836 1050 τοῦτο
877 997 1250 1068 περιέκρυϐεν
1277 1000 1504 1069 ἑαυτήν.
1531 996 1641 1052 Ἦν
1665 1003 1772 1068 γὰρ
1797 999 1936 1070 αὐτῇ

344 1089 557 1160 μᾶλλον
603 1091 784 1159 χαρᾶς
835 1092 866 1161 ἡ
914 1091 1176 1162 σύλληψις
1229 1093 1514 1159 πρόξενος,
1556 1095 1616 1145 οὐ
1660 1094 1820 1163 μόνον
1854 1094 1936 1148 ὅτι

347 1182 536 1250 μήτηρ
558 1181 790 1250 ἐγίνετο,
821 1183 883 1236 τὸ
919 1185 1093 1251 γλυκὺ
1116 1186 1350 1254 πρᾶγμα
1381 1188 1475 1239 καὶ
1497 1185 1690 1254 ὄνομα,
1715 1186 1830 1238 ἀλλ’
1855 1187 1937 1240 ὅτι

341 1277 437 1326 καὶ
474 1277 601 1344 παρ’
636 1275 804 1329 αὑτοῦ
845 1277 940 1329 τοῦ
973 1277 1142 1346 νόμου
1170 1273 1241 1348 ἦν
1277 1295 1358 1339 τις
1391 1281 1522 1349 τιμὴ
1556 1281 1676 1332 ταῖς
1711 1279 1932 1350 μητρά-

345 1384 457 1431 σιν,
489 1361 556 1439 ἧς
582 1368 644 1421 οὐ
682 1372 933 1439 μετεῖχον
958 1371 1012 1422 al
1034 1373 1249 1440 στεῖραι
1311 1371 1408 1424 καὶ
1453 1371 1663 1438 ἄγονοι.
1691 1372 1813 1435 Πῶς
1840 1369 1935 1425 οὖν

338 1459 613 1530 ῄτχύνετσ
640 1460 740 1528 τῆς
770 1461 1005 1531 νομικῆς
1045 1462 1303 1530 εὐλογίας
1330 1464 1797 1533 ἐπιτυγχάνουσα,
1839 1467 1934 1520 καὶ

339 1555 464 1619 ἅμα
501 1550 842 1604 κοινωνοῦσα
871 1554 937 1622 τῇ
974 1552 1227 1623 μακαρίᾳ
1262 1553 1453 1625 Σάρρᾳ
1497 1554 1642 1608 κατὰ
1667 1554 1769 1626 τὴν
1800 1555 1931 1622 ἕξω-

342 1660 439 1712 ρον
466 1643 728 1717 σύλληψιν
748 1661 764 1710 ;
788 1645 916 1698 Ὅτι
944 1645 1156 1715 γὰρδιά
1184 1645 1282 1699 τοῦ
1309 1647 1471 1700 τόκου
1496 1650 1812 1720 περιῃρεῖτο
1832 1647 1933 1720 τῆς

334 1736 601 1800 ἀτεκνίας
648 1738 710 1790 τὸ
735 1737 966 1818 ὄνειδος,
1003 1741 1066 1791 ἐκ
1107 1738 1217 1792 τῶν
1252 1739 1425 1809 αὐτῆς
1450 1739 1627 1807 λόγων
1663 1740 1782 1793 ἐστι
1824 1757 1932 1811 μα.-

2055 534 2302 604 charias,
2330 537 2472 606 quod
2507 538 2668 594 ﬁdem
2697 539 2934 595 Gabrieli
2987 559 3096 599 non
3129 545 3427 615 habuisset,
3462 558 3638 603 mutus

2053 627 2248 692 evasit,
2279 628 2554 686 Elisabeth
2605 647 2732 687 verr.
2782 636 3055 706 concepit,
3107 653 3280 708 usque
3325 640 3393 694 ad
3429 653 3638 696 certum

2055 726 2267 787 tempus
2287 721 2402 790 ipsa
2434 722 2665 778 delituit.
2692 724 2762 779 Ea
2797 726 3009 783 scilicet
3040 745 3206 786 causa
3234 741 3288 784 ut
3309 734 3637 803 quibusdam

2051 810 2287 877 videtur,
2324 817 2465 883 quod
2511 824 2724 871 uterum
2759 817 2903 875 ferre
2935 829 3043 875 tam
3070 822 3448 893 intempestiva
3480 837 3638 881 rotate

2047 904 2419 961 erubesceret.
2449 906 2558 964 Nos
2580 923 2710 965 vero
2747 927 2854 966 non
2893 927 3013 967 eam
3047 913 3220 969 fuisse
3258 918 3522 970 rationem
3558 918 3636 970 la-

2049 999 2193 1053 tendi
2217 999 2615 1067 existimamus,
2648 1005 2828 1071 potius
2855 1005 2999 1060 enim
3033 1006 3235 1062 laetitiae
3267 1010 3636 1065 matericsille

2044 1101 2340 1161 conceptus
2363 1103 2514 1147 esset
2543 1096 2766 1149 debebat
2805 1111 2913 1151 non
2949 1099 3110 1152 modo
3136 1107 3278 1167 quod
3300 1113 3472 1156 mater
3487 1109 3634 1156 esset

2043 1183 2261 1250 etTecta,
2289 1185 2448 1240 dulce
2483 1187 2694 1242 scilicet
2726 1206 2949 1256 nomen,
2978 1201 3032 1245 et
3078 1208 3164 1248 res
3190 1193 3324 1265 (27),
3363 1199 3456 1250 sed
3487 1197 3630 1265 quod

2043 1278 2206 1331 ctiam
2231 1293 2296 1332 ex
2317 1277 2432 1348 ipsa
2460 1280 2575 1348 lege
2602 1285 2822 1350 quidam
2846 1294 3049 1339 matres
3080 1288 3405 1356 sequebatur
3431 1289 3631 1353 honor,

2041 1371 2197 1440 cujus
2217 1381 2470 1440 expertes
2501 1383 2658 1427 erant.
2683 1374 2900 1431 steriles
2931 1385 2986 1430 et
3023 1376 3346 1432 infecundae.
3381 1381 3508 1445 Quae
3534 1382 3632 1450 igi-

2044 1474 2129 1518 tur
2159 1475 2305 1520 esset
2337 1481 2502 1521 causa
2535 1469 2778 1536 pudoris,
2816 1485 2940 1525 cum
2975 1471 3407 1526 benedictionem
3445 1473 3626 1542 legiti-

2039 1570 2182 1608 mam
2224 1568 2520 1613 consecuta
2566 1571 2746 1627 esset;
2781 1572 2835 1616 et
2890 1563 3051 1617 simul
3110 1579 3232 1617 cum
3263 1567 3416 1620 beata
3465 1564 3628 1621 Sarra

2038 1661 2383 1704 communem
2436 1650 2663 1705 haberet
2729 1651 3170 1724 intempestivum
3236 1655 3288 1708 in
3347 1665 3630 1712 senectute

2037 1743 2404 1812 conceptum?
2433 1743 2579 1813 quod
2608 1748 2754 1798 enim
2807 1761 2905 1815 per
2943 1759 3157 1816 partum
3191 1750 3502 1805 sterilitatis
3536 1752 3632 1806 de-

338 1827 484 1882 Οεῖν.
527 1830 666 1901 Φησὶ
702 1810 849 1898 γάρἶ
898 1849 916 1883 ι
953 1830 1142 1894 Οὕτως
1183 1849 1274 1902 μοι
1315 1832 1588 1902 πεποίηκε
1634 1809 1836 1906 Κύριος
1867 1834 1927 1887 ὲν

2035 1831 2200 1886 Ictum
2233 1841 2381 1888 esset
2399 1835 2781 1905 opprobrium,
2811 1852 2876 1889 ex
2910 1837 3196 1905 ipsiusmet
3232 1841 3414 1895 verbis
3473 1843 3631 1896 intel-

335 1924 601 1993 ἡμέραις,
637 1918 725 1986 αἷς
759 1923 972 1978 ἐπεῖδεν
1005 1924 1226 1993 ἀφελεῖν
1258 1926 1320 1979 τὸ
1353 1926 1554 1990 ὃνειδός
1589 1945 1691 1996 μου
1733 1929 1790 1981 ὲν
1829 1930 1925 1983 ἀν-

336 2015 602 2087 θρώποις.
639 2035 658 2068 s
689 2016 849 2080 Τίνος
902 2015 996 2070 οὖν
1023 2016 1213 2071 ἕνεκεν
1257 2019 1459 2090 ἑαυτὴν
1521 2020 1925 2092 περιέκρυϐενς

349 2108 675 2180 Ἀαρωνῖτις
707 2108 864 2174 οὖσα,
899 2112 992 2164 καὶ
1024 2109 1118 2162 τοῦ
1156 2111 1401 2181 μεγάλου
1436 2111 1627 2182 ἱερέως
1657 2111 1930 2182 ὀμόζυγος

335 2203 604 2254 σπουδαία
637 2197 706 2269 ἦν
751 2203 808 2254 ἐν
842 2205 908 2274 τῇ
963 2203 1085 2256 κατ’
1131 2203 1333 2275 ἀρετὴν
1390 2204 1613 2276 ἀκριϐεῖ
1660 2204 1926 2278 πολιτείᾳ.

335 2296 646 2349 Ιίὺλαϐεῖτο
685 2293 780 2349 οὖν
815 2298 872 2364 ἐξ
919 2300 1096 2368 ἀρχῆς
1121 2299 1458 2368 ὁμολογῆσαι
1498 2299 1597 2368 τὴν
1641 2298 1928 2367 σύλληψιν,

334 2391 425 2442 ἵνα
457 2389 532 2459 μὴ
565 2389 752 2442 πολλοὶ
785 2393 1193 2463 ἀπιστήσαντες
1229 2391 1288 2444 τὸ
1327 2391 1420 2444 τοῦ
1455 2393 1727 2462 Ζαχαρίου
1757 2393 1932 2444 ἐπιτί-

339 2500 467 2552 μιον
508 2483 806 2552 λήψωνται.
840 2479 948 2536 Ἦν
989 2487 1098 2555 γὰρ
1129 2484 1209 2555 τῷ
1249 2484 1386 2555 πρὸς
1431 2483 1529 2555 τὴν
1579 2484 1740 2552 φύσιν
1789 2485 1927 2536 ἁπο-

337 2575 598 2628 ϐλὲποντι
652 2576 728 2639 ὡς
773 2577 990 2646 ἀληθῶς
1034 2578 1422 2640 ἁπιστὸτατον,
1474 2580 1710 2645 γυναῖκα
1753 2576 1930 2646 παρή-

332 2665 490 2731 λικα,
526 2671 736 2740 ρυσσὴν
777 2670 837 2722 τὸ
865 2673 1049 2740 σῶμα,
1083 2671 1490 2742 ἐρυτιδωμένην
1519 2670 1580 2722 τὸ
1609 2670 1926 2740 πρόσωπον,

340 2761 663 2814 ὲνανθεῖσαν
717 2764 902 2832 γήρει,
959 2761 1122 2829 φύσιν
1171 2761 1586 2833 στειρεύουσαν,
1633 2761 1723 2814 ὲπλ
1761 2761 1928 2812 τέκνα

339 2853 598 2921 γενέσθαι
646 2856 740 2907 καὶ
792 2855 1009 2924 μητέρα
1065 2855 1274 2918 παιδός.
1327 2855 1464 2924 Ἤδη
1523 2856 1631 2924 γὰρ
1666 2853 1930 2906 ὲπέσϐετο

339 2950 436 3001 καὶ
470 2950 631 3019 αὐτῇ,
663 2951 854 3019 ὥσπερ
877 2951 942 3018 τῇ
978 2949 1187 3019 Σάρρᾳ.
1217 2949 1400 3000 ἐκεῖνα
1423 2947 1491 3000 δι’
1520 2940 1592 2998 ὧν
1625 2947 1929 3016 ἐνεργεῖται

338 3043 372 3112 ἡ
411 3041 700 3110 σύλληψις.
775 3042 888 3093 Οὐκ
947 3037 1043 3100 οἷαν
1084 3040 1398 3110 αἰδουμένη,
1462 3039 1601 3092 ἀλλὰ
1653 3037 1926 3108 κηδομένη

343 3135 714 3205 περιέκρυϐεν
754 3137 976 3204 ἑαυτήν.
1012 3135 1240 3203 Ἐπειδὴ
1276 3133 1333 3185 δὲ
1366 3137 1484 3196 ταῖς
1527 3135 1668 3186 κατὰ
1729 3133 1927 3202 μικρὸν

338 3230 434 3283 τοῦ
468 3228 709 3299 ἐμϐρύου
745 3227 1036 3298 αὑξήσεσιν
1079 3228 1110 3298 η
1145 3228 1357 3297 γαστὴρ
1389 3226 1738 3296 ἐνηυρὺνετο,
1772 3226 1832 3278 αἴ
1867 3243 1923 3278 τε

337 3324 499 3395 θηλαὶ
560 3321 804 3392 δαψιλῶς
859 3321 1198 3392 ἐπληροῦντο
1247 3322 1342 3373 τοῦ
1388 3321 1684 3388 γάλακτος,
1713 3319 1832 3373 τάτε
1862 3320 1926 3388 δὴ

335 3419 439 3471 οὐκ
469 3417 796 3488 ἀπέκρυπτε
823 3414 885 3468 τὸ
920 3414 996 3486 αὴ
1035 3414 1374 3480 ἁπιστῇσθαι
1413 3413 1733 3484 δυνάμενον.

415 3622 434 3655 ι
469 3603 558 3656 Ἐν
596 3601 654 3654 δὲ
682 3603 758 3672 τῷ
796 3602 928 3673 μηνὶ
969 3602 1046 3673 τῷ
1093 3602 1238 3672 ἕκτῳ
1293 3602 1577 3674 ἀπεστάλη
1619 3605 1646 3656 ὁ
1691 3602 1927 3671 ἄγγελος

336 3696 582 3766 Γαϐριὴλ
631 3695 738 3749 ὑπὸ
783 3695 875 3748 τοῦ
913 3697 1050 3749 Θεοῦ
1105 3699 1185 3760 εἰς
1227 3696 1385 3749 πόλιν
1419 3696 1520 3766 τῆς
1567 3693 1926 3772 Γαλιλαίαςῇ

338 3789 511 3853 ὄνομα
573 3786 830 3858 Ναζαρὲτ
892 3789 1030 3859 πρὸς
1092 3787 1365 3858 παρθένον
1434 3789 1926 3859 μεμνηστευμένην

339 3879 518 3948 ἀνδρὶ,
552 3871 595 3947 ᾧ
623 3879 796 3949 ὄνομα
828 3878 1050 3950 Ἰωσήφ.
1089 3897 1107 3930 s
1139 3879 1567 3950 Φιλοπευστήσει
1596 3882 1652 3934 δέ
1678 3897 1786 3947 τις,
1816 3881 1926 3934 τῶν

337 3974 461 4026 λίαν
494 3972 828 4044 ζητητικῶν,
865 3974 990 4027 ὅτου
1024 3973 1188 4044 χάριν
1229 3974 1374 4027 κατά
1421 3973 1514 4025 τὸν
1541 3973 1760 4044 πρῶτον
1791 3972 1928 4043 παρ’

349 4066 622 4134 Ἑϐραίοις
644 4066 821 4134 ὲμῆνα
851 4066 1086 4118 ἐτελεῖτο
1113 4063 1272 4118 τοῦτο
1292 4065 1352 4119 τὸ
1387 4069 1686 4138 μυστήριον
1711 4083 1725 4133 ;
1754 4067 1925 4135 Δῆλον

341 4159 470 4228 γὰρ,
513 4157 590 4220 ὡς
640 4158 798 4220 ἕκτος
843 4159 940 4227 μὲν
983 4157 1196 4226 ὑπῆρχε
1234 4157 1339 4229 μὴν
1367 4159 1466 4227 τῆς
1498 4159 1749 4213 Ἰωάννου
1801 4159 1924 4212 συλ-

341 4251 581 4321 λήψεως,
642 4250 860 4322 πρῶτος
909 4251 965 4303 δὲ
1007 4251 1103 4303 τοῦ
1139 4251 1262 4304 ὅλου
1310 4251 1580 4306 ἐνιαυτοῦ.
1623 4253 1846 4323 Ἐπειδὴ
1868 4252 1926 4306 δὲ

339 4347 366 4396 ὁ
409 4345 669 4414 αἰσθητὸς
721 4343 926 4412 κόσμος
973 4337 1152 4406 οὗτος,
1201 4343 1346 4396 κατὰ
1379 4344 1571 4397 τοῦτον
1617 4345 1709 4398 τὸν
1734 4345 1926 4417 καιρὸν

337 4438 791 4510 δημιουργηοεὶς,
842 4440 907 4506 τῇ
961 4435 1055 4489 τοῦ
1089 4436 1379 4508 ἀνθρώπου
1431 4438 1741 4507 παραϐάσει
1797 4454 1924 4494 συν-

2033 1923 2201 1996 Iigere
2237 1927 2383 1983 licet.
2453 1925 2542 1979 Ait
2594 1928 2739 1982 enim
2776 1944 2790 1980 :
2825 1946 2844 1980 ι
2881 1926 2972 1982 Sic
3011 1928 3138 1983 l'ecit
3175 1929 3310 1983 mihi
3361 1929 3627 1986 Dominus

2033 2022 2086 2076 in
2117 2020 2542 2090 diebus,quibus
2574 2021 2816 2090 reSpexit
2842 2019 3058 2076 auferre
3083 2021 3249 2093 360
3266 2024 3621 2092 opprobrium

2033 2126 2213 2166 meum
2243 2113 2386 2167 inter
2421 2112 2692 2168 homines.
2721 2130 2740 2163 ι
2775 2111 2892 2180 Qua
2931 2112 3097 2180 igitur
3141 2129 3304 2166 causa
3355 2128 3414 2168 se
3449 2113 3623 2180 ipsam

2031 2203 2310 2259 occuluit?
2340 2203 2475 2259 Cum
2532 2219 2596 2258 ex
2626 2205 2808 2259 Aaron
2847 2205 3090 2259 traheret
3137 2220 3326 2274 genus,
3366 2215 3625 2273 essetque

2032 2302 2211 2369 magni
2243 2299 2544 2353 sacerdotis
2569 2309 2726 2358 uror,
2753 2298 2818 2351 ad
2846 2308 3094 2351 exactam
3117 2297 3335 2352 virtuzis
3370 2312 3620 2351 normam

2029 2392 2195 2446 vitam
2230 2391 2466 2460 dirigere
2492 2391 2942 2445 studebatsuam.
2981 2390 3314 2460 Conceptum
3352 2393 3518 2461 igitur
3547 2391 3619 2445 ab

2031 2483 2189 2537 initio
2223 2484 2452 2551 prodere
2480 2484 2794 2544 veri-batur,
2831 2497 2898 2536 ne
2933 2482 3086 2536 multi
3115 2481 3383 2536 increduli
3427 2482 3618 2536 eadem

2031 2589 2096 2630 ac
2131 2573 2427 2629 Zacharias
2465 2588 2622 2642 paena
2655 2576 3035 2628 multarentur.
3083 2575 3214 2629 Erat
3244 2575 3390 2629 enim
3429 2588 3622 2628 revera

2031 2668 2299 2736 spectanti
2341 2679 2548 2722 natura:
2577 2667 2820 2722 rationes
2851 2659 3090 2722 maxime
3137 2667 3461 2722 incredibile
3488 2683 3621 2738 pro-

2030 2773 2187 2817 vecta
2223 2761 2334 2829 jam
2387 2772 2544 2816 :etate
2580 2763 2882 2825 mulierem,
2916 2761 3064 2832 rugis
3112 2764 3162 2816 in
3225 2776 3456 2828 corpore
3485 2777 3622 2816 con-

2031 2860 2240 2918 tractis,
2269 2871 2495 2926 Qttzeque
2521 2856 2634 2924 jam
2663 2865 2946 2910 senectute
2970 2855 3315 2918 deﬂoruerat,
3341 2864 3396 2909 et
3426 2864 3620 2909 natura

2032 2950 2234 3004 sterilis
2259 2961 2398 3012 erat,
2426 2964 2792 3020 pra'gnantem
2829 2947 2966 3012 ﬁeri,
3001 2947 3337 3016 liberumque
3367 2958 3618 3002 matrem.

2033 3042 2148 3097 Jam
2178 3043 2322 3096 enim
2388 3043 2489 3110 ipsi
2535 3041 2680 3096 itide.
2726 3081 2740 3092 .
2803 3057 2867 3096 ac
2919 3041 3099 3096 Sarra:
3149 3041 3489 3110 concipiendi
3531 3057 3624 3096 ex-

2033 3137 2228 3191 SIincta
2255 3140 2334 3190 vis
2356 3151 2493 3190 erat.
2523 3133 2638 3188 Non
2660 3135 2826 3206 igitur
2845 3141 3048 3205 pudore
3069 3134 3349 3197 deterrita,
3387 3135 3480 3188 sed
3500 3133 3622 3187 aliis

2032 3230 2349 3285 consulendi
2374 3231 2554 3283 studio
2587 3229 2852 3284 latitahat.
2875 3228 3064 3282 Postea
3089 3243 3218 3281 vero
3248 3243 3408 3297 quam
3433 3227 3622 3298 paula-

2035 3325 2129 3375 tim
2161 3335 2483 3388 augescenle
2500 3321 2633 3377 fietu
2658 3321 2823 3390 cmpit
2841 3331 3028 3386 uterus
3046 3321 3432 3375 intumescere.
3450 3336 3532 3373 ma
3543 3335 3623 3372 m-

2032 3431 2241 3483 mzequc
2276 3417 2526 3469 uberiore
2546 3415 2684 3468 lacte
2708 3423 3036 3483 turgescere,
3060 3424 3174 3467 tum
3197 3427 3325 3467 vero
3347 3413 3620 3467 occultum

2031 3523 2138 3560 non
2169 3507 2378 3570 habuit,
2412 3506 2556 3574 quod
2590 3505 2905 3560 incredibile
2930 3505 3099 3559 videri
3130 3520 3238 3559 non
3267 3512 3506 3574 poterat.

2110 3617 2129 3650 ι
2167 3599 2224 3654 lu
2254 3613 2440 3653 mense
2469 3579 2650 3652 autem
2704 3607 2860 3652 sexto
2893 3599 3091 3653 missus
3121 3607 3205 3654 est
3254 3598 3480 3667 angelus
3511 3597 3623 3652 Ga-

2031 3691 2166 3746 briel
2199 3708 2227 3745 a
2257 3690 2364 3745 Deo
2386 3691 2438 3744 in
2468 3691 2745 3746 civitatem
2776 3691 3012 3746 Galilatte
3064 3692 3151 3745 cui
3223 3705 3417 3744 nomen
3451 3689 3626 3744 Naza—

2032 3788 2176 3853 reth,
2235 3787 2300 3841 ad
2340 3786 2617 3854 Virginem
2673 3787 3060 3856 desponsatam
3115 3785 3252 3848 viro,
3287 3785 3375 3838 cui
3421 3799 3621 3838 nomen

2031 3887 2149 3934 erat
2185 3876 2409 3947 Joseph.
2445 3896 2463 3930 ›
2502 3877 2754 3932 Studcbit
2785 3877 2876 3931 hic
2916 3892 3105 3932 eorum
3145 3876 3365 3946 aliquis,
3404 3876 3494 3944 qui
3537 3876 3624 3928 in-

2032 3972 2194 4041 genio
2221 3970 2285 4024 ad
2317 3985 2407 4024 res
2439 3969 2793 4039 inquirendas
2822 3967 3025 4031 valent,
3054 3981 3386 4036 cognoscere
3411 3980 3515 4033 qua
3553 3965 3622 4019 de

2031 4081 2196 4120 causa
2245 4063 2420 4133 primo
2447 4061 2586 4130 apud
2615 4060 2874 4115 Hebra'os
2906 4073 3092 4114 mense
3130 4058 3242 4128 (28)
3279 4057 3381 4112 hoc
3416 4065 3621 4127 myste-

2032 4160 2174 4213 rium
2205 4168 2479 4228 peractunt
2513 4156 2622 4211 sit?
2651 4164 2862 4209 sextum
2910 4153 3055 4207 cnim
3114 4167 3142 4205 a
3180 4149 3387 4205 Joanne
3427 4163 3624 4204 conce-

2037 4263 2157 4323 pto,
2187 4253 2430 4324 primum
2458 4265 2586 4305 vero
2614 4251 2780 4304 totius
2801 4249 2925 4302 anni
2946 4246 3116 4302 fuisse
3139 4243 3481 4300 manifestum
3513 4253 3624 4301 est.

2037 4346 2308 4415 Quoniam
2340 4361 2471 4400 sane
2505 4342 2740 4398 mundus
2781 4343 2881 4398 iste
2928 4341 3184 4396 sensibus
3230 4336 3478 4407 obiectus
3522 4337 3626 4390 huc

2033 4441 2151 4512 ipso
2178 4451 2422 4510 tempore
2452 4441 2575 4493 anni
2600 4437 2714 4508 (29)
2743 4435 2995 4492 conditus
3027 4432 3216 4491 eodem
3242 4446 3350 4487 una
3382 4445 3501 4486 cum
3521 4429 3624 4484 ho-

1582 4602 1901 4665 Francisci
1937 4605 2150 4668 Scorsi
2190 4614 2377 4665 notae.

409 4750 534 4820 (‘27),
554 4746 720 4804 Dulce
747 4747 943 4820 scilicet
991 4764 1176 4802 nomen
1201 4760 1246 4802 et
1277 4721 1380 4803 res.
1406 4749 1628 4820 Gregor.
1659 4751 1920 4811 Nazianz.
1951 4753 2005 4816 D

336 4833 478 4878 orat.
515 4819 726 4892 finitebri
759 4821 809 4874 in
831 4819 1136 4892 Caesarium
1163 4821 1389 4892 lratrein
1441 4819 1754 4892 parentibus
1783 4840 1924 4892 prae-

336 4894 584 4950 sentibus
602 4889 1037 4962 1ιιιδίῑιιςοίεσθαί
1059 4905 1125 4958 με
1149 4891 1299 4952 ἴσως,
1316 4884 1359 4941 ὧ
1377 4884 1541 4958 φίλοι,
1563 4894 1654 4946 καὶ
1679 4884 1922 4962 Mai-:01,

334 4966 430 5018 καὶ
455 4963 713 5033 πατέρες,
741 4962 802 5014 τὸ
829 4959 1003 5028 γλυκὺ
1026 4963 1120 5033 καὶ
1147 4962 1381 5033 πρ-Ξιγμα
1431 4965 1523 5014 καὶ
1550 4962 1722 5033 ὄνομα
1747 4980 1761 4994 ε
1814 4959 1920 5020 Ex;

335 5035 585 5088 istimutis
634 5032 879 5100 fortasse,
915 5047 944 5082 ο
967 5032 1125 5082 antici
1148 5042 1194 5083 et
1242 5032 1459 5100 fratres,
1484 5043 1532 5085 et
1550 5032 1790 5103 parentes
1820 5053 1924 5091 non

336 5123 395 5159 re
420 5113 698 5165 duntaxat,
749 5113 839 5154 srrt
884 5103 1092 5154 nomine
1146 5118 1348 5170 quoque
1386 5106 1496 5172 ipso
1523 5107 1717 5158 dulces.
1751 5105 1920 5171 Quem

334 5175 580 5243 Gregorii
640 5189 867 5244 sensum
910 5184 1074 5240 atque
1126 5173 1483 5244 etiantiverba
1530 5177 1615 5227 hic
1644 5177 1921 5244 exprimit,

337 5258 390 5300 ut
428 5250 750 5315 plerumque
794 5243 929 5298 solet
976 5245 1061 5296 hic
1097 5244 1280 5297 Pater.
1303 5243 1370 5298 Μ.
1405 5245 1544 5296 Tull.
1582 5246 1631 5298 in
1663 5243 1801 5300 orat.
1825 5262 1920 5315 pro

337 5317 528 5370 Planc.
585 5317 726 5369 hunc
753 5327 1096 5367 communem
1141 5328 1358 5367 sensum
1391 5331 1511 5368 eSse
1539 5315 1693 5377 dicit,
1729 5326 1781 5368 et
1809 5317 1920 5368 dul-

335 5389 611 5440 cissimam
673 5384 1196 5438 con.mendattoueni
1247 5397 1451 5438 naturae
1502 5394 1554 5437 et
1575 5402 1668 5452 pro
1699 5385 1915 5440 Cluent.

333 5457 497 5510 Avito
528 5473 541 5509 :
597 5457 714 5520 Quo
755 5457 892 5508 enim
924 5467 996 5506 est
1035 5455 1208 5520 ipsum
1241 5472 1424 5509 nomen
1452 5456 1714 5509 amantius
1744 5456 1921 5509 indul-

333 5535 646 5598 gentiuqu
670 5541 967 5598 paternum.
1005 5526 1109 5577 Sed
1156 5525 1350 5598 similia
1385 5531 1524 5580 dicta
1563 5527 1695 5580 \‘elle
1724 5543 1924 5590 congc-

337 5595 462 5651 i'erc
489 5610 568 5651 est
601 5601 713 5649 otio
743 5595 910 5661 abuti,
964 5611 1085 5648 cum
1117 5597 1274 5647 obvia
1307 5597 1415 5649 sint
1449 5600 1748 5663 pra-sertim
1784 5599 1922 5665 apud

336 5677 528 5736 poetas
574 5684 694 5736 qua:
744 5667 947 5720 contuli
974 5681 1036 5719 ex
1094 5665 1290 5728 Tullio,
1317 5667 1600 5720 contnliex
1633 5670 1925 5721 occasione

332 5735 562 5808 Gregor.
594 5735 877 5792 ’Nazianz.
913 5739 1065 5808 cujus
1111 5752 1208 5792 ore
1240 5751 1423 5794 ltOSlel'
1457 5738 1542 5792 hic
1574 5737 1832 5808 loquitur,
1866 5747 1924 5791 ut

332 5811 468 5864 dixi.

2105 4753 2216 4824 (28)
2259 4752 2440 4805 Primo
2481 4751 2621 4819 apud
2673 4749 2923 4824 Περι-(θος
2959 4761 3150 4824 mense.
3205 4742 3304 4800 llic
3331 4746 3502 4824 _apud_
3528 4761 3626 4805 eos

2037 4813 2211 4879 Nisau'
2263 4825 2464 4887 dictus,
2515 4813 2577 4876 "et
2634 4823 2842 4891 primus
2876 4827 2994 4891 erat
3026 4816 3240 4891 ex_lege
3279 4813 3440 4891 apeo
3472 4818 3622 4884 data,

2028 4895 2095 4948 de
2131 4910 2236 4964 qua
2273 4894 2390 4947 vide
2419 4885 2539 4962 quae
2572 4885 2806 4946 diiimus
2826 4892 2892 4964 ad
2914 4890 3058 4942 hom.
3089 4886 3142 4954 1,
3175 4885 3287 4940 not.
3323 4885 3423 4954 M;
3448 4903 3627 4958 neque

2029 4959 2172 5018 enim
2201 4974 2333 5017 sunt
2368 4959 2558 5018 eadem
2586 4959 2897 5032 repetenda.

2105 5036 2214 5104 (29)
2240 5035 2356 5087 Hoc
2379 5035 2490 5103 ipso
2517 5029 2742 5098 tempore
2765 5031 2909 5104 anni.
2941 5029 3001 5082 Et
3031 5029 3097 5104 de
3125 5030 3226 5084 hac
3252 5029 3448 5104 itidem
3474 5045 3627 5101 quae-

2030 5101 2206 5160 stioiie
2235 5101 2444 5174 egimus
2475 5109 2539 5156 all
2572 5108 2818 5158 eamdem
2845 5101 2990 5174 hom.
3027 5101 3078 5166 l,
3101 5101 3332 5174 not.700,
3361 5101 3453 5156 ubi
3482 5117 3625 5156 tton-

2032 5177 2178 5229 nulla
2217 5171 2527 5229 testimonia
2566 5186 2808 5228 veterum
2845 5171 3068 5225 Patrum
3134 5172 3480 5243 adduximus,
3529 5175 3624 5243 qui

2035 5248 2157 5300 huic
2180 5248 2468 5300 sententia:
2488 5244 2854 5312 Solii-agantur
2871 5261 2883 5296 :
2900 5245 3094 5308 quibus
3113 5245 3249 5298 adde
3274 5242 3332 5296 S.
3358 5242 3616 5312 Cyrillum

2029 5316 2071 5370 ll
2097 5319 2388 5386 erosolyut.
2425 5318 2515 5384 qui
2547 5313 2800 5377 Xantico,
2837 5315 3030 5382 inquit,
3074 5330 3247 5367 mense
3293 5320 3524 5366 instante
3542 5321 3621 5386 est

2028 5383 2322 5456 reliquum}
2381 5383 2557 5453 estque
2603 5387 2700 5437 hoc
2738 5395 2962 5456 tempus
3009 5388 3199 5437 mensis
3230 5386 3426 5452 primus
3476 5383 3618 5447 apud

2036 5455 2306 5521 lletirums,
2341 5473 2440 5525 quo
2495 5457 2683 5524 festum
2730 5455 2950 5509 Pascha?
2993 5457 3186 5522 prioris
3239 5461 3354 5506 erat
3394 5463 3621 5525 typicte;

2031 5544 2167 5580 nunc
2197 5545 2311 5581 vero
2349 5523 2424 5580 est
2459 5523 2611 5589 vcra’,
2634 5527 2730 5579 hoc
2761 5535 2834 5579 est
2866 5540 3069 5594 tempus
3091 5527 3370 5578 creatiom‘s
3399 5523 3580 5574 mutuli
3599 5539 3622 5586 ,-

2033 5609 2154 5650 tnnc
2207 5601 2348 5650 enim
2397 5599 2530 5650 dixit
2572 5597 2753 5650 Deus:
2814 5615 2831 5646 ι
2881 5595 3144 5648 Producut
3202 5609 3346 5647 terra
3403 5594 3620 5646 herbam

2032 5670 2302 5721 virentem.
2351 5687 2367 5720 ι
2432 5669 2505 5722 lia
2566 5671 2623 5722 S.
2682 5667 2916 5736 Cyrillus
2951 5682 3108 5732 quem
3162 5664 3495 5736 retuli,quia
3530 5672 3621 5716 at-

2038 5739 2198 5808 tingit
2243 5741 2506 5792 rationem
2543 5754 2569 5792 a
2631 5735 2819 5792 nostro
2854 5737 3184 5808 Theophane
3227 5735 3518 5808 adductam
3550 5749 3621 5808 ex

2035 5804 2388 5880 produuione
2433 5809 2762 5880 plot-tarum.
2799 5808 2938 5878 Lege
2965 5804 3225 5863 Jacobum
3255 5804 3534 5861 Salianum
3563 5805 3628 5860 its
