4074 6438
268 340 409 402 \‘ififi
458 400 459 403 η

1761 326 2096 391 ΙΙΟΜΙΙΛΛ
2136 326 2305 388 LIII.

3475 326 3584 391 934

298 454 452 514 fma,
488 451 564 514 ὡς
592 451 658 503 ἐκ
682 449 793 504 τῶν
830 450 976 504 ἰδίων
1015 451 1199 522 μερῶν
1232 446 1757 521 συμπληρούμενον,
1780 441 1881 511 τὴν

1999 439 2189 503 Deum,
2220 450 2273 494 et
2318 434 2617 508 perfectura
2665 453 2820 510 teque
2862 437 3139 496 hominem
3190 439 3575 499 exsistentem;

296 548 581 619 ἀναφορὰν
611 544 756 617 ἔχειν
781 547 861 608 είς
892 545 982 599 τὸν
1017 545 1147 600 Υίὸν
1172 544 1269 599 τοῦ
1314 542 1475 609 Θεοῦ,
1508 540 1645 593 Θεὸν
1676 522 1889 591 τέλειον

296 640 449 705 ὅντα,
494 638 589 691 καὶ
628 638 837 691 τέλειον
890 638 1201 709 ἄνθρωπον.
1260 638 1370 690 Καὶ
1409 636 1605 704 ὥσπερ
1655 623 1813 692 οὗτος
1862 628 1891 679 6

296 729 532 800 ἀριθμὸς
570 732 650 793 εἰς
688 732 757 783 τὰ
794 732 902 784 ἴδια
928 731 1069 801 μέρη
1100 729 1489 798 ἀναλυόμενος,
1519 724 1890 779 συντεθέντων

297 822 455 885 αὖθις
500 821 611 873 τῶν
633 820 837 889 μερῶν,
869 822 945 883 είς
981 820 1175 873 ἑαυτὸν
1207 820 1372 874 πάλιν
1399 816 1837 871 ἀποκαθίσταται
1869 830 1886 846 ο

299 915 516 977 οὓτωςὸ
550 915 646 968 τοῦ
679 912 815 966 Θεοῦ
838 912 1135 984 μονογενὴς
1155 912 1308 976 Υἱὸς,
1333 909 1617 971 κενωθεὶς,
1650 908 1745 959 καὶ
1767 902 1890 958 δού-

301 1020 396 1060 λου
429 1005 644 1078 μορφὴν
672 1003 874 1070 λαϐὼν,
914 1002 1009 1055 καὶ
1038 1002 1202 1056 οἱονεὶ
1254 999 1611 1071 σμικρυνθεὶς
1665 996 1746 1058 εἰς
1787 994 1888 1064 τὴν

298 1098 494 1153 ἑαυτοῦ
541 1097 880 1169 τελειότηται
919 1096 1015 1150 καὶ
1055 1095 1234 1161 ἀξίαν,
1285 1094 1449 1149 πάλιν
1480 1088 1866 1162 ἀνεπληρώθη,

298 1194 559 1245 οὐδέποτε
608 1190 704 1243 τοῦ
734 1190 944 1252 τέλειος
985 1184 1128 1243 εἶναι
1152 1186 1476 1258 ζημιωθείς.

381 1283 443 1338 '0
472 1284 530 1337 δὲ
562 1282 832 1354 ἡμέτερος
865 1282 1023 1351 λόγος
1068 1282 1432 1345 νεανιεύεται,
1474 1278 1566 1331 καὶ
1604 1275 1764 1329 τοῦτο
1798 1274 1890 1345 ζη-

295 1382 402 1434 τεῖ.
455 1378 568 1448 Τῆς
619 1377 1033 1448 ἀρχαγγελικῆς
1078 1373 1285 1439 τάξεως
1319 1372 1538 1444 πρῶτον
1592 1370 1753 1440 ἴσμεν
1793 1370 1885 1422 τὸν

296 1471 545 1542 Μιχαὴλ,
575 1471 649 1533 ὡς
679 1472 713 1541 ἡ
735 1470 830 1523 τοῦ
848 1469 1049 1539 Δανιὴλ
1081 1469 1228 1539 ἡμᾶς
1254 1466 1563 1539 προφητεία
1596 1479 1888 1535 μυσταγω-

296 1568 408 1633 γεῖ,
443 1557 600 1626 οὗτος
633 1563 689 1615 δὲ
728 1562 821 1615 καὶ
850 1560 945 1614 τοῦ
984 1560 1285 1615 Ἰουδαϊκοῦ
1325 1559 1456 1613 λαοῦ
1506 1560 1606 1629 τὴν
1638 1556 1885 1626 φυλακὴν

296 1656 686 1717 ἐπεπίστευτο,
708 1654 777 1707 τά
805 1658 929 1728 ἱερὰ
957 1654 1116 1722 λόγια
1146 1653 1241 1707 καὶ
1264 1651 1423 1705 τοῦτό
1452 1669 1586 1720 φασι
1612 1667 1627 1681 ν
1659 1650 1775 1712 πῶς
1791 1645 1885 1701 οὖν

294 1751 398 1802 οὐκ
425 1750 587 1811 αὐτὸς
624 1750 827 1820 μᾶλλον
868 1748 1145 1817 ὑπουργὸς
1173 1747 1268 1800 τοῦ
1305 1747 1612 1819 μυστηρίου
1643 1745 1881 1814 γίνεται,

297 1842 420 1895 ἀλλ’
445 1844 473 1895 6
498 1842 740 1913 Γαϐριὴλ
764 1844 862 1913 τὴν
895 1843 1180 1913 Παρθένον
1223 1843 1616 1912 μυσταγωγεῖ;
1666 1840 1887 1910 Ἐπειδὴ

299 1939 445 1988 κατὰ
496 1935 594 2006 τὴν
649 1936 877 2006 πρώτην
938 1937 1154 2005 γένεσιν
1201 1936 1428 2005 δευτέρα
1487 1934 1741 2005 παρήχθη
1794 1932 1886 1987 τοῦ

297 2025 494 2096 ἀνδρὸς
523 2028 555 2096 ἡ
592 2027 755 2096 γυνὴ,
785 2026 875 2079 διὰ
916 2024 1076 2079 τοῦτο
1099 2026 1208 2080 τῶν
1242 2026 1604 2097 ἀρχαγγέλων
1641 2027 1668 2077 6
1697 2025 1884 2077 δεύτε-

303 2136 398 2189 ρος
424 2118 558 2189 πρὸς
585 2117 647 2170 τὸ
687 2116 941 2188 δεύτερον
976 2118 1153 2186 γένος,
1174 2117 1249 2181 ὼς
1279 2118 1448 2185 είκὸς,
1473 2115 1887 2181 ἀποστέλλεται,

298 2211 566 2280 δευτέραν
589 2209 687 2263 τοῦ
714 2209 924 2280 κόσμου
963 2210 1186 2281 μηνύων
1208 2211 1517 2265 διάστασιν.
1553 2212 1668 2266 Καὶ
1694 2211 1890 2283 ἐπειδὴ

300 2304 362 2357 τὸ
394 2303 490 2357 τοῦ
518 2304 760 2375 Γαϐριὴλ
795 2304 967 2375 ὄνομα
1000 2306 1259 2375 δύναμις
1313 2306 1459 2360 Θεοῦ
1502 2307 1889 2377 ἑρμηνεύεται,

1917 1795 1964 1851 Β

1995 546 2049 586 ct
2079 532 2241 585 sit-uti
2278 546 2539 587 numerus
2579 532 2667 587 hic
2696 527 2799 587 ubi'
2841 532 2894 587 ln
2936 548 3067 588 suas
3100 533 3348 604 proprias
3378 531 3585 586 resolu-

1998 632 2083 678 tus
2116 633 2200 677 est
2236 633 2441 693 partes,
2478 625 2799 693 compositis
2841 642 3037 681 rursus
3082 627 3211 695 illis,
3241 628 3295 681 itt
3339 627 3578 695 seipsum

1998 718 2064 767 de
2105 717 2317 786 integro
2352 717 2493 770 rcdit
2526 726 2687 784 atque
2716 718 2989 784 consistit;
3039 720 3116 774 sic
3141 721 3453 786 unigenitus
3491 718 3583 771 Dei

1994 808 2163 862 Filius
2195 824 2318 862 cum
2355 824 2411 861 se
2457 809 2793 863 exinanisset
2840 820 2892 864 et
2949 809 3185 863 formam
3247 812 3389 864 servi
3439 824 3588 861 surn-

1993 904 2194 967 psisset
2220 899 2288 963 εδ,
2325 909 2380 953 et
2405 901 2571 954 veluti
2604 900 2969 955 imntiuuisset
3000 901 3050 953 in
3079 917 3230 954 suam
3265 901 3431 968 ipsius
3464 917 3586 969 pcr-

1994 990 2290 1045 fcctionem
2342 991 2804 1061 dignitatemque,
2881 1008 3072 1047 rursus
3121 994 3429 1062 completus
3473 1004 3581 1057 est,

1997 1084 2209 1140 nultum
2242 1098 2481 1154 unquam
2525 1099 2717 1152 passus
2765 1083 3119 1152 perfectionis
3174 1086 3581 1139 delritttettluu‘t.

2069 1294 2267 1349 Verum
2321 1293 2412 1349 hic
2464 1294 2641 1348 oratio
2694 1301 2880 1346 nostra
2930 1290 3257 1360 juvenescil,
3304 1298 3358 1345 et
3420 1290 3585 1345 audet

1990 1389 2154 1443 etiam
2190 1387 2317 1440 illud
2353 1386 2652 1455 inquirere.
2695 1384 2830 1437 Cum
2887 1382 3335 1451 ari-ltaugelorum
3372 1382 3579 1435 ordinis

1989 1477 2288 1547 principem
2346 1477 2585 1530 sciamus
2634 1489 2757 1529 esse
2810 1472 3127 1528 Micltaeletn
3158 1514 3171 1535 ,
3222 1473 3294 1526 uti
3346 1471 3585 1525 Danieiis

1990 1568 2276 1637 prophetia
2312 1582 2412 1622 nos
2457 1566 2634 1627 docet,
2667 1566 2975 1633 eidemque.
3019 1573 3077 1618 ut
3122 1579 3277 1618 sacra
3314 1570 3586 1618 testantur

1990 1660 2219 1729 Eloquia
2253 1659 2322 1726 ⁸⁷,
2353 1656 2566 1712 Judaici
2592 1658 2772 1727 populi
2797 1658 3061 1726 permissa
3089 1658 3333 1711 custodia
3361 1657 3452 1720 sit,
3477 1672 3581 1721 qua

1993 1753 2203 1806 ratione
2234 1767 2341 1805 non
2380 1751 2497 1819 ipse
2552 1750 2730 1818 potius
2770 1751 3014 1818 mysterii
3076 1748 3323 1802 minister
3354 1747 3585 1811 exstitit,

1995 1847 2089 1901 sed
2126 1844 2350 1900 Gabriel
2389 1844 2457 1898 de
2485 1842 2704 1897 arcanis
2744 1840 3021 1910 Virginem
3057 1840 3284 1894 edocet?
3317 1840 3586 1905 Quoniam

1996 1939 2049 1992 in
2082 1938 2255 2007 prima
2293 1934 2478 1991 mundi
2509 1935 2786 1988 creatione
2834 1938 3072 1987 secunda
3120 1943 3242 2001 post
3290 1934 3467 1986 virum
3503 1948 3590 1985 sc-

1994 2033 2151 2086 ducta
2184 2029 2384 2084 mulier
2415 2037 2518 2093 est,
2555 2027 2677 2081 ideo
2706 2028 2979 2083 st-cundus
3025 2025 3477 2094 archangelornm
3518 2024 3584 2079 ad

1994 2126 2295 2181 secundum
2319 2139 2531 2186 sexum,
2560 2132 2620 2176 ut
2642 2136 2739 2187 par
2760 2129 2842 2175 est
2871 2120 3134 2183 mittitur,
3164 2120 3253 2188 qui
3293 2119 3585 2172 secundum

1994 2220 2208 2275 nuntiet
2226 2217 2409 2272 mumli
2433 2217 2825 2272 conditionem.
2842 2213 2907 2268 Et
2924 2216 3180 2284 quoniam
3198 2212 3467 2267 Gabrielis
3492 2229 3591 2267 no-

1996 2312 2247 2382 men(55)
2274 2311 2371 2366 Dei
2395 2310 2760 2378 fortitudinem
2788 2309 3229 2375 interpretantur,
3250 2317 3302 2359 et
3344 2306 3586 2360 futurum

302 2396 503 2466 ἔμελλε
533 2394 590 2449 δὲ
618 2395 959 2467 σαρκοῦσθαι
986 2398 1015 2450 6
1044 2397 1174 2461 Υἱὸς
1199 2397 1295 2450 τοῦ
1322 2397 1483 2463 Θεοῦ,
1515 2398 1574 2462 ὃς
1608 2400 1726 2451 ἐστι
1751 2397 1890 2451 Θεοῦ

1999 2408 2101 2478 iam
2123 2417 2261 2471 erat,
2290 2415 2349 2459 ut
2381 2420 2603 2460 carnem
2638 2413 2880 2457 sumeret
2909 2400 3001 2455 Dei
3033 2400 3221 2464 Filius,
3253 2401 3343 2469 qui
3376 2410 3458 2453 est
3491 2399 3584 2454 Dei

307 2488 475 2557 σοφία
501 2488 597 2541 καὶ
619 2488 851 2560 δύναμις
881 2505 895 2520 ο
927 2490 1157 2553 εἰκότως
1196 2484 1351 2553 οὗτος
1379 2490 1799 2559 εὐαγγελίζεται
1831 2492 1893 2544 τὸ

306 2584 634 2653 μυστήριον.
661 2582 763 2635 Διά
790 2583 843 2635 τί
870 2582 924 2636 δὲ
951 2583 1027 2655 μὴ
1052 2583 1188 2655 πρὸς
1215 2584 1307 2638 τὸν
1339 2586 1628 2655 μνηστῆρα
1663 2583 1889 2654 Ἰωσὴφ,

302 2676 445 2729 ἀλλά
475 2676 613 2746 πρὸς
631 2674 730 2747 τὴν
766 2675 1041 2746 Παρθένον
1071 2677 1097 2729 ὁ
1120 2675 1354 2745 ἄγγελος
1380 2678 1688 2747 πέμπεται;
1711 2678 1889 2743 Ἐπεὶ,

305 2768 389 2822 ὃτι
466 2768 605 2841 ᾔδει,
667 2768 822 2821 οὐδὲν
870 2768 1051 2823 κοινὸν
1091 2769 1171 2840 τῷ
1218 2770 1421 2841 Ἰωσὴφ
1469 2770 1606 2840 πρὸς
1654 2770 1753 2841 τὴν
1796 2769 1892 2823 τοῦ

310 2861 517 2933 Κυρίου
552 2862 834 2931 γέννησιν,
877 2862 982 2917 κᾶν
1016 2863 1099 2915 ὅτι
1129 2863 1366 2933 μάλιστα
1400 2863 1576 2931 φύλαξ
1616 2867 1715 2933 τῆς
1746 2865 1895 2934 Παρ-

307 2954 465 3008 θένου
514 2955 610 3007 καὶ
641 2953 910 3027 κηδεστὴς
942 2957 1343 3027 ἐχρημάτισεν.
1385 2957 1529 3009 Ἀλλ’
1563 2958 1759 3027 ἐπειδὴ
1791 2958 1891 3028 ἀρ-

307 3047 476 3117 χῆθεν
515 3047 604 3101 διὰ
652 3049 914 3116 γυναικὸς
959 3050 1184 3118 γέγονεν
1234 3051 1269 3120 ἡ
1315 3050 1414 3121 τῆς
1463 3051 1744 3121 ἁμαρτίας
1789 3067 1897 3102 πα-

1995 2502 2167 2555 virtus
2194 2515 2257 2554 ac
2279 2499 2547 2567 sapientia
2567 2495 2639 2560 ⁸⁸,
2663 2506 3030 2566 congruenter
3059 2510 3191 2549 sane
3224 2494 3311 2548 ille
3336 2494 3583 2563 mysterii

1997 2593 2222 2646 nuntius
2248 2603 2350 2645 est.
2382 2588 2521 2656 Quid
2553 2604 2678 2642 vero
2713 2587 2996 2661 est,quod
3053 2601 3160 2639 nou
3209 2586 3275 2639 ad
3326 2600 3585 2651 Sponsum

1996 2683 2221 2750 Joseplt,
2249 2683 2340 2735 sed
2362 2684 2427 2733 ad
2463 2679 2732 2748 Virginem
2762 2679 2992 2732 mittitur
3025 2675 3291 2746 angelus?
3317 2675 3585 2740 Quoniam

2000 2778 2131 2831 nihil
2164 2788 2478 2837 commune,
2509 2774 2655 2841 quod
2680 2772 2792 2839 jam
2817 2771 3046 2835 sciebat,
3085 2773 3135 2823 in
3178 2769 3389 2822 Domini
3421 2783 3589 2839 gene-

1998 2866 2434 2935 ratiooeJoseph
2467 2866 2718 2926 habebat,
2739 2864 3088 2934 quantumvis
3117 2871 3298 2916 custos
3336 2869 3390 2913 et
3430 2875 3591 2928 spon-

1998 2976 2093 3016 sus
2116 2959 2360 3030 Virginis
2396 2958 2785 3029 appellaretur.
2825 2957 2930 3010 Sed
2962 2956 3220 3024 quoniam
3255 2968 3283 3007 a
3322 2951 3591 3021 principio

2001 3071 2096 3126 per
2119 3056 2399 3109 mulierem
2445 3060 2729 3122 peccatum
2766 3065 2823 3104 se
2871 3048 3194 3110 insinuavit,
3230 3046 3350 3098 ideo
3375 3042 3588 3111 iustitia

310 3139 603 3209 ρείσδυσις,
661 3140 750 3194 διὰ
783 3141 878 3194 τοῦ
934 3142 1101 3195 αὐτοῦ
1144 3143 1338 3211 γένους
1372 3145 1678 3212 ἐνεργεῖται
1720 3146 1751 3215 ἡ
1794 3145 1890 3213 τῆς

2001 3164 2096 3217 per
2128 3148 2268 3202 idem
2308 3161 2479 3216 genus
2523 3143 2843 3213 ingreditur.
2879 3140 3150 3205 Quoniam
3188 3152 3317 3191 vero
3370 3151 3468 3189 nos
3501 3149 3588 3188 sa-

304 3230 657 3302 δικαιοσύνης
698 3232 1020 3295 εισέλευσις.
1057 3234 1213 3287 Ἐπεὶ
1240 3234 1296 3287 δὲ
1339 3235 1485 3305 ἡμᾶς
1519 3235 1547 3288 6
1575 3234 1738 3304 σοφὸς
1780 3235 1890 3289 ὲδί-

304 3324 433 3389 δαξε
464 3325 718 3397 Μάξιμος
773 3328 867 3380 καὶ
901 3328 965 3379 ὲκ
995 3326 1102 3380 τῶν
1137 3329 1421 3399 στοιχείων
1462 3329 1573 3382 τῶν
1602 3330 1889 3400 ὀνομάτων

310 3417 375 3470 ἐκ
459 3434 521 3471 τε
585 3418 682 3471 τοῦ
776 3418 1015 3490 ἀριθμοῦ
1092 3421 1274 3474 αὐτῶν
1340 3422 1478 3492 πρὸς
1547 3420 1891 3492 ὑψηλοτέρας

305 3510 526 3574 ἑννοίας
585 3509 913 3579 ἀνάγεσθαι,
964 3513 1106 3565 ἐπτά
1164 3513 1218 3566 δὲ
1263 3515 1505 3583 στοιχεῖα
1553 3514 1652 3584 τὴν
1692 3514 1889 3584 κλῆσιν

303 3599 688 3672 ἀναπληροῦσι
744 3601 839 3654 τοῦ
903 3602 1189 3675 Γαϐριὴλ,
1262 3603 1520 3674 ἐμφαίνει
1575 3606 1637 3657 τὸ
1690 3605 1885 3675 ὄνομα,

306 3692 438 3755 ὠςὸ
516 3692 622 3745 ὑπὸ
700 3691 946 3763 Γαϐριὴλ
1042 3694 1537 3765 εὐαγγελιζόμενος
1630 3696 1891 3765 τεχθῆναι

308 3784 546 3854 Χριστὸς
591 3784 686 3837 ἐπὶ
761 3786 1007 3855 σωτηρίᾳ
1066 3786 1193 3854 ἥκει
1251 3785 1347 3837 τοῦ
1392 3785 1601 3854 κόσμου
1642 3786 1842 3848 παντὸς
1873 3826 1888 3852 ,

302 3876 403 3931 τοῦ
478 3877 854 3948 μετρουμένου
925 3878 1033 3931 ύπὸ
1114 3879 1211 3947 τῆς
1273 3880 1639 3951 ἐϐδοματικῆς
1687 3880 1893 3951 ταύτης

305 3973 623 4038 κινήσεως,
690 3970 786 4024 καὶ
876 3972 1290 4042 περατουμένου
1352 3974 1410 4026 ὲν
1465 3973 1660 4026 αἰῶσιν
1729 3974 1891 4028 ἑπτά.

310 4063 374 4119 Εἰ
428 4063 487 4116 δὲ
548 4063 622 4136 μὴ
674 4063 969 4136 περίεργος
1020 4065 1162 4131 δόξει
1212 4068 1327 4129 τοῖς
1384 4066 1600 4130 πολλοῖς
1646 4070 1679 4138 ἠ
1710 4067 1898 4134 ἐξέτα-

310 4175 435 4220 σις,
490 4156 615 4211 οὐδὲ
674 4155 785 4210 τῶν
824 4156 921 4210 τοῦ
970 4156 1235 4227 ὀνόματος
1301 4159 1545 4229 μονάδων
1586 4162 1613 4213 6
1659 4159 1895 4231 ἀριθμὸς

305 4252 419 4318 ἔξω
453 4250 712 4302 πέπτωκε
749 4249 985 4321 θεωρίας
1013 4251 1112 4321 τῆς
1146 4252 1440 4321 μυστικῆς.
1474 4253 1587 4306 Καὶ
1614 4255 1680 4308 ὲκ
1699 4254 1893 4308 τούτου

307 4346 424 4415 γὰρ
460 4345 559 4415 τὴν
613 4344 870 4413 πρόνοιαν
913 4345 1013 4413 τῆς
1056 4345 1220 4413 ἁγίας
1269 4346 1495 4415 Γραφῆς
1541 4349 1895 4417 μηνυομένην

309 4438 645 4507 εὑρήσομεν.
686 4437 767 4490 Τὰ
811 4436 921 4507 γὰρ
947 4437 1202 4509 τέσσαρα
1258 4439 1357 4491 καὶ
1388 4440 1727 4510 πεντήκοντα
1760 4441 1896 4511 πρὸς

2001 3256 2154 3312 piens
2190 3239 2278 3294 ille
2309 3238 2579 3294 Maximus
2612 3235 2723 3301 (56)
2749 3235 2955 3295 docuit,
2984 3241 3040 3285 ut
3074 3234 3140 3285 ah
3171 3230 3459 3286 elementis
3489 3244 3592 3283 no-

2002 3336 2207 3388 tuinum
2272 3345 2572 3399 eorumque
2627 3342 2853 3382 numero
2890 3325 2955 3379 ad
3012 3323 3355 3394 intelligenda
3399 3322 3590 3377 altiora

1998 3426 2370 3494 erigercmnr;
2411 3437 2605 3476 nomen
2639 3436 2766 3475 vero
2790 3418 3056 3474 Gabrielis
3088 3426 3291 3486 septem
3325 3416 3594 3471 elementa

1999 3516 2310 3573 coniiciunt.
2345 3513 2584 3567 declarat
2619 3511 2803 3580 utique
2831 3510 3006 3578 ipsum
3050 3523 3270 3572 nomen,
3304 3505 3466 3576 362
3498 3506 3591 3573 qui

2001 3608 2319 3663 uaseiturus
2360 3606 2388 3659 it
2414 3602 2668 3659 Gabriele
2697 3603 2998 3665 nuntiatur,
3026 3599 3299 3653 Christum
3332 3601 3514 3653 venire
3539 3600 3593 3651 in

2002 3702 2230 3755 salutem
2255 3698 2440 3753 tnundi
2458 3691 2960 3764 totius,scptenario
2984 3689 3316 3760 scilicet(57)
3340 3692 3595 3759 temporis

2002 3804 2152 3850 motu
2194 3792 2446 3853 dimensi,
2473 3799 2529 3844 et
2562 3798 2773 3857 septem
2828 3786 3042 3842 smculis
3089 3784 3320 3840 detiniti.
3357 3781 3509 3847 Quod
3545 3785 3593 3838 si

2002 3895 2229 3949 minime
2256 3891 2470 3946 curiosa
2505 3888 2689 3942 multis
2726 3884 3010 3956 inquisitio
3052 3883 3319 3943 videatur,
3351 3895 3450 3934 nec
3489 3895 3593 3933 nu-

2004 4002 2188 4043 merus
2232 3986 2348 4055 ipse
2378 3984 2649 4037 ttnitatum
2702 3996 2766 4034 ex
2809 3978 3009 4048 quibus
3058 3981 3273 4030 constat
3302 3988 3521 4037 nomen,
3554 3986 3586 4026 a

2004 4080 2234 4153 mystica
2263 4076 2706 4133 consideratione
2742 4073 3022 4140 Scjnnrtus
3048 4078 3160 4136 est;
3192 4083 3252 4122 ex
3302 4067 3403 4120 hoc
3445 4068 3590 4119 enim

2006 4176 2122 4244 ipso
2149 4181 2361 4228 sancite.
2404 4168 2707 4236 Scriptura
2754 4163 3149 4235 providentiam
3184 4159 3407 4213 imlicari
3438 4171 3591 4212 como

2003 4268 2300 4340 periemus.
2348 4259 2565 4315 Etenim
2606 4269 2840 4327 quatuor
2883 4262 2938 4310 et
2998 4253 3392 4324 quinquaginta
3424 4267 3592 4321 supra

2004 4369 2248 4422 centum,
2273 4371 2393 4425 qua:
2428 4368 2456 4406 a
2490 4350 2759 4407 Gabrieiis
2794 4348 3014 4403 nomine
3039 4360 3250 4401 summa
3282 4343 3591 4408 deducitur,

2006 4450 2298 4508 ostendunt
2323 4461 2467 4507 eum,
2491 4443 2581 4513 qui
2616 4443 2895 4495 nuntiatur
2920 4439 3219 4509 perfectum
3259 4435 3427 4490 Deum
3450 4448 3592 4498 esse,

305 4534 426 4595 τοῖς
475 4531 693 4594 ἑκατὸν,
736 4529 881 4601 ἆπερ
916 4532 984 4583 ἐκ
1031 4531 1129 4600 τῆς
1180 4530 1276 4583 τοῦ
1319 4531 1558 4602 Γαϐριὴλ
1602 4533 1890 4601 συνάγεται

2006 4556 2059 4602 et
2096 4544 2374 4599 hominem
2408 4541 2561 4605 juxta
2598 4536 2927 4607 perfectum.
2973 4533 3143 4585 Decas
3178 4528 3322 4583 enim
3357 4527 3595 4595 perfecta

310 4628 589 4697 κλήσεως,
638 4626 793 4696 δηλοῖ
831 4625 925 4678 τὸν
968 4623 1465 4695 εὐαγγελιζόμενον
1495 4627 1704 4680 τέλειον
1742 4628 1899 4691 Θεὸν,

308 4724 408 4776 καὶ
438 4720 643 4774 τέλειον
660 4719 969 4789 ἄνθρωπον.
1001 4719 1065 4770 Ἦ
1083 4719 1190 4789 γάρ
1216 4735 1299 4771 τοι
1329 4719 1492 4783 δεκὰς
1523 4720 1707 4773 τελεία
1739 4719 1899 4787 οὖσα,

306 4817 386 4879 ὡς
420 4814 751 4885 περιεκτικὴ
791 4811 995 4876 παντὸς
1050 4810 1310 4881 ἀριθμοῦ,
1359 4814 1441 4875 εἰς
1483 4811 1684 4883 ἑαυτὴν
1730 4814 1898 4867 πολυ-

307 4908 732 4979 πλασιαζομὲνη
765 4908 863 4977 τὴν
899 4906 1235 4959 ὲκατοντάδα
1269 4908 1434 4971 ποιεῖ,
1467 4907 1589 4977 ἥτις
1619 4906 1894 4981 δηλωτική

306 5006 432 5057 ἐστι
456 5003 557 5073 τῆς
590 5000 917 5065 παντελείας
949 5001 1226 5071 θεότητος.
1276 5001 1342 5053 Ἦ
1376 4999 1432 5053 δὲ
1479 5001 1778 5072 πενταδικὴ
1806 5003 1897 5057 δε-

308 5097 419 5158 κάς
441 5095 539 5165 τῆς
564 5095 779 5158 τελείας
800 5094 895 5148 τοῦ
922 5092 1213 5165 ἀνθρώπου
1244 5094 1427 5165 ψυχῆς
1452 5094 1567 5147 ἐστι
1602 5094 1896 5166 σύμϐολον,

307 5186 546 5259 ἐχούσης
582 5188 682 5259 μὲν
703 5189 803 5258 τὴν
822 5190 888 5242 ὲκ
921 5187 1016 5241 τοῦ
1051 5186 1171 5249 νοὸς
1199 5184 1540 5258 τελειότητα,
1564 5190 1899 5261 ἐνεργούσης

383 5351 433 5384 ⁸⁸
457 5350 689 5420 Philipp.
715 5365 777 5417 tt,
812 5350 865 5404 8.
943 5351 990 5383 ⁸⁷
1022 5349 1157 5405 Dan.
1194 5367 1249 5417 Χ,
1276 5353 1360 5419 15,
1385 5353 1475 5410 2i.

1559 5349 1606 5383 ⁸⁸
1635 5350 1656 5404 Ι
1680 5351 1807 5405 Cor.
1836 5370 1876 5420 ι,
1901 5352 1994 5408 24.

2006 4652 2129 4690 cum
2160 4635 2249 4699 sit,
2273 4642 2331 4686 ut
2386 4645 2506 4701 quae
2547 4642 2759 4682 omnem
2806 4637 3092 4678 numerum
3142 4619 3594 4686 comprehendat,

2007 4728 2062 4781 iu
2096 4742 2155 4781 se
2190 4726 2363 4794 ipsam
2394 4719 2748 4787 multiplicata
2795 4728 3079 4769 numerum
3136 4708 3300 4767 edicit
3331 4716 3592 4762 centena-

2008 4824 2173 4888 rium,
2209 4820 2303 4891 qui
2334 4832 2465 4873 sane
2500 4815 2841 4871 divinitatem
2888 4809 3143 4865 omnibus
3194 4805 3442 4859 numeris
3473 4818 3597 4871 per-

2004 4916 2205 4971 fectam
2269 4911 2530 4968 ostendit.
2563 4906 2863 4975 Quinquies
2904 4913 3081 4957 autem
3146 4897 3376 4967 repetita
3433 4900 3597 4950 dccas

2005 5006 2257 5078 perlecta:
2278 5002 2515 5057 hominis
2538 5000 2732 5052 animae
2761 4994 3059 5067 symbolum
3081 5002 3184 5054 est,
3217 5006 3336 5059 quise
3356 5007 3387 5071 ra
3419 5003 3598 5041 menu-

2006 5101 2224 5168 quidem
2278 5095 2670 5166 perfectionem
2704 5090 2925 5149 haheat,
2960 5102 3053 5155 per
3082 5098 3275 5137 sensus
3317 5097 3443 5133 vero
3476 5096 3599 5146 Ope-

2009 5204 2181 5248 retur.
2207 5188 2455 5256 Quatuor
2478 5198 2629 5243 vero.
2655 5197 2771 5251 quas
2818 5185 3078 5248 superant
3106 5190 3328 5243 corpus,
3364 5183 3599 5243 quatuor

1558 5467 1879 5530 Francisci
1916 5467 2125 5531 Scorsi
2152 5471 2346 5529 notua.

384 5598 501 5671 (35)
527 5596 787 5653 Gabrielis
810 5615 1018 5652 nomen.
1044 5597 1120 5653 Ita
1151 5599 1313 5652 etiam
1342 5596 1401 5652 S.
1453 5596 1894 5671 Gregorius‘Ma-

311 5668 489 5739 guns,
535 5680 718 5739 et.est
756 5686 840 5725 res
874 5671 1257 5739 ιιιιιιιὶιρειοβι
1284 5678 1452 5738 ctyrn.
1492 5678 1597 5727 -πυ
1631 5668 1777 5722 enim
1808 5668 1916 5737 for-

308 5723 489 5795 ῧῖιιᾶο
532 5723 586 5794 et
607 5723 679 5799 εκ
728 5723 920 5803 Deus,
986 5741 1107 5794 inde
1172 5723 1395 5800 ἧκ’-ηιξ.

388 5811 813 5884 (56))1απὶηιυι.
858 5812 928 5867 De
946 5811 1293 5865 hocdisimus
1318 5820 1461 5865 ttom.
1494 5811 1541 5878 Ι,
1578 5818 1690 5864 unt.
1736 5810 1789 5865 ί).
1812 5811 1915 5865 Lo-

2003 5613 2125 5651 cum
2149 5603 2328 5649 autem
2361 5592 2412 5646 in
2430 5590 2685 5660 operibus
2709 5602 2825 5659 qua:
2843 5594 3061 5653 exstant
3077 5582 3236 5653 huius
3259 5577 3459 5642 Patris,
3491 5591 3597 5632 non

2016 5668 2238 5721 memini
2265 5664 2445 5717 adhuc
2473 5665 2671 5732 legere.

2258 5717 2568 5807 Septenarii)
2622 5731 2838 5807 scilicet.
2866 5801 2877 5807 _
2903 5725 3060 5807 Yideg
3096 5724 3257 5807 etiam
3299 5720 3364 5775 de
3393 5717 3497 5774 hoc
3528 5719 3598 5774 ad

2016 5794 2248 5870 Itum/1,
2273 5794 2381 5859 not.
2420 5804 2471 5857 ll
2515 5811 2566 5858 ct
2590 5803 2653 5855 ad
2671 5801 2812 5855 Imm.
2858 5794 2943 5863 ’rt',
2976 5804 3086 5851 not.
3117 5794 3170 5846 ‘2.
