  <div class='ocr_page' id='page_1' title='image "/cluster/home/n/w/nwhite01/storage/ocr_20150623/132/coo.31924054870377/476.png"; bbox 0 0 4074 6448; ppageno 0'>
   <div class='ocr_carea' id='block_1_1' title="bbox 383 284 491 350">
    <p class='ocr_par' dir='ltr' id='par_1_1' title="bbox 383 284 491 350">
     <span class='ocr_line' id='line_1_1' title="bbox 383 284 491 350; baseline -0.028 0"><span class='ocrx_word' id='word_1_1' title='bbox 383 284 491 350; x_wconf 81' lang='lat'><strong>937</strong></span> 
     </span>
    </p>
   </div>
   <div class='ocr_carea' id='block_1_2' title="bbox 1755 268 2299 337">
    <p class='ocr_par' dir='ltr' id='par_1_2' title="bbox 1755 268 2299 337">
     <span class='ocr_line' id='line_1_2' title="bbox 1755 268 2299 337; baseline -0.009 0"><span class='ocrx_word' id='word_1_2' title='bbox 1755 271 2087 337; x_wconf 79' lang='lat' dir='ltr'><strong>HOMILIA</strong></span> <span class='ocrx_word' id='word_1_3' title='bbox 2127 268 2299 332; x_wconf 86' lang='lat' dir='ltr'><strong>LIII.</strong></span> 
     </span>
    </p>
   </div>
   <div class='ocr_carea' id='block_1_3' title="bbox 3542 257 3649 320">
    <p class='ocr_par' dir='ltr' id='par_1_3' title="bbox 3542 257 3649 320">
     <span class='ocr_line' id='line_1_3' title="bbox 3542 257 3649 320; baseline -0.009 0"><span class='ocrx_word' id='word_1_4' title='bbox 3542 257 3649 320; x_wconf 83' lang='lat'><strong>938</strong></span> 
     </span>
    </p>
   </div>
   <div class='ocr_carea' id='block_1_4' title="bbox 383 374 1993 465">
    <p class='ocr_par' dir='ltr' id='par_1_4' title="bbox 383 389 1961 465">
     <span class='ocr_line' id='line_1_4' title="bbox 383 389 1961 465; baseline -0.006 -14"><span class='ocrx_word' id='word_1_5' title='bbox 383 394 576 451; x_wconf 81' lang='grc' dir='ltr'>αὑτοῦ.</span> <span class='ocrx_word' id='word_1_6' title='bbox 614 393 900 450; x_wconf 74' lang='grc' dir='ltr'>Δείιινυσιν</span> <span class='ocrx_word' id='word_1_7' title='bbox 928 389 1046 462; x_wconf 82' lang='grc' dir='ltr'>οῦν,</span> <span class='ocrx_word' id='word_1_8' title='bbox 1081 394 1159 458; x_wconf 81' lang='grc' dir='ltr'>ὡς</span> <span class='ocrx_word' id='word_1_9' title='bbox 1187 395 1221 465; x_wconf 70' lang='grc' dir='ltr'><strong>ἡ</strong></span> <span class='ocrx_word' id='word_1_10' title='bbox 1263 390 1574 465; x_wconf 80' lang='grc' dir='ltr'><strong>προφητεία</strong></span> <span class='ocrx_word' id='word_1_11' title='bbox 1602 390 1704 463; x_wconf 65' lang='grc' dir='ltr'><strong>ἤδη</strong></span> <span class='ocrx_word' id='word_1_12' title='bbox 1749 390 1961 460; x_wconf 69' lang='grc' dir='ltr'>πεπλήι</span> 
     </span>
    </p>
   </div>
   <div class='ocr_carea' id='block_1_5' title="bbox 2097 374 3658 465">
    <p class='ocr_par' dir='ltr' id='par_1_5' title="bbox 2097 374 3658 455">
     <span class='ocr_line' id='line_1_5' title="bbox 2097 374 3658 455; baseline -0.01 -14"><span class='ocrx_word' id='word_1_13' title='bbox 2097 383 2304 441; x_wconf 61' lang='grc' dir='ltr'>ιειοηάἱι</span> <span class='ocrx_word' id='word_1_14' title='bbox 2379 381 2545 455; x_wconf 77' lang='lat' dir='ltr'><strong>igitur</strong></span> <span class='ocrx_word' id='word_1_15' title='bbox 2578 382 2691 453; x_wconf 86' lang='lat' dir='ltr'><strong>jam</strong></span> <span class='ocrx_word' id='word_1_16' title='bbox 2737 381 3014 453; x_wconf 90' lang='lat' dir='ltr'><strong>impletam</strong></span> <span class='ocrx_word' id='word_1_17' title='bbox 3096 392 3219 436; x_wconf 86' lang='lat' dir='ltr'><strong>esse</strong></span> <span class='ocrx_word' id='word_1_18' title='bbox 3293 374 3658 449; x_wconf 67' lang='lat' dir='ltr'><strong>prophetiam.</strong></span> 
     </span>
    </p>
   </div>
   <div class='ocr_carea' id='block_1_6' title="bbox 387 505 576 558">
    <p class='ocr_par' dir='ltr' id='par_1_6' title="bbox 387 505 576 558">
     <span class='ocr_line' id='line_1_6' title="bbox 387 505 576 558; baseline 0 -16"><span class='ocrx_word' id='word_1_19' title='bbox 387 505 576 558; x_wconf 86' lang='grc' dir='ltr'>ρωται.</span> 
     </span>
    </p>
   </div>
   <div class='ocr_carea' id='block_1_7' title="bbox 464 578 1974 654">
    <p class='ocr_par' dir='ltr' id='par_1_7' title="bbox 464 578 1974 654">
     <span class='ocr_line' id='line_1_7' title="bbox 464 578 1974 654; baseline 0.001 -21"><span class='ocrx_word' id='word_1_20' title='bbox 464 599 483 633; x_wconf 78' lang='grc' dir='ltr'><strong>ι</strong></span> <span class='ocrx_word' id='word_1_21' title='bbox 511 582 618 638; x_wconf 75' lang='grc' dir='ltr'><strong>Καὶ</strong></span> <span class='ocrx_word' id='word_1_22' title='bbox 644 578 806 635; x_wconf 84' lang='grc' dir='ltr'>δώσει</span> <span class='ocrx_word' id='word_1_23' title='bbox 838 579 1011 651; x_wconf 80' lang='grc' dir='ltr'>αὐτῷ,</span> <span class='ocrx_word' id='word_1_24' title='bbox 1045 580 1235 650; x_wconf 73' lang='grc' dir='ltr'>φησὶν,</span> <span class='ocrx_word' id='word_1_25' title='bbox 1260 583 1287 633; x_wconf 82' lang='grc' dir='ltr'><strong>ὁ</strong></span> <span class='ocrx_word' id='word_1_26' title='bbox 1310 580 1445 645; x_wconf 80' lang='grc' dir='ltr'>Θεὸς</span> <span class='ocrx_word' id='word_1_27' title='bbox 1493 583 1587 635; x_wconf 78' lang='grc' dir='ltr'><strong>τὸν</strong></span> <span class='ocrx_word' id='word_1_28' title='bbox 1625 581 1818 654; x_wconf 75' lang='grc' dir='ltr'>θρόνον</span> <span class='ocrx_word' id='word_1_29' title='bbox 1870 584 1974 635; x_wconf 85' lang='grc' dir='ltr'><strong>Δα-</strong></span> 
     </span>
    </p>
   </div>
   <div class='ocr_carea' id='block_1_8' title="bbox 387 669 1974 744">
    <p class='ocr_par' dir='ltr' id='par_1_8' title="bbox 387 669 1974 744">
     <span class='ocr_line' id='line_1_8' title="bbox 387 669 1974 744; baseline 0.001 -21"><span class='ocrx_word' id='word_1_30' title='bbox 387 670 476 723; x_wconf 80' lang='grc' dir='ltr'>6¹ιδ</span> <span class='ocrx_word' id='word_1_31' title='bbox 518 669 613 723; x_wconf 87' lang='grc' dir='ltr'><strong>τοῦ</strong></span> <span class='ocrx_word' id='word_1_32' title='bbox 661 671 871 741; x_wconf 70' lang='grc' dir='ltr'>πατρὸς</span> <span class='ocrx_word' id='word_1_33' title='bbox 933 671 1119 725; x_wconf 82' lang='grc' dir='ltr'>αὐτοῦ.</span> <span class='ocrx_word' id='word_1_34' title='bbox 1150 688 1168 721; x_wconf 79' lang='grc' dir='ltr'><strong>ι</strong></span> <span class='ocrx_word' id='word_1_35' title='bbox 1231 672 1343 725; x_wconf 77' lang='grc' dir='ltr'><strong>Καὶ</strong></span> <span class='ocrx_word' id='word_1_36' title='bbox 1399 671 1557 725; x_wconf 90' lang='grc' dir='ltr'>τοῦτο</span> <span class='ocrx_word' id='word_1_37' title='bbox 1614 671 1974 744; x_wconf 77' lang='grc' dir='ltr'><strong>ἀνθρωπίνως</strong></span> 
     </span>
    </p>
   </div>
   <div class='ocr_carea' id='block_1_9' title="bbox 388 760 1974 834">
    <p class='ocr_par' dir='ltr' id='par_1_9' title="bbox 388 760 1974 834">
     <span class='ocr_line' id='line_1_9' title="bbox 388 760 1974 834; baseline 0.001 -20"><span class='ocrx_word' id='word_1_38' title='bbox 388 760 688 832; x_wconf 81' lang='grc' dir='ltr'>ἑκληπτὲον</span> <span class='ocrx_word' id='word_1_39' title='bbox 723 776 737 791; x_wconf 85' lang='lat'><strong><em>‘</em></strong></span> <span class='ocrx_word' id='word_1_40' title='bbox 766 763 842 826; x_wconf 82' lang='grc' dir='ltr'>ὡς</span> <span class='ocrx_word' id='word_1_41' title='bbox 867 762 965 831; x_wconf 82' lang='grc' dir='ltr'>μὲν</span> <span class='ocrx_word' id='word_1_42' title='bbox 990 763 1098 833; x_wconf 82' lang='grc' dir='ltr'>γὰρ</span> <span class='ocrx_word' id='word_1_43' title='bbox 1136 762 1291 827; x_wconf 76' lang='grc' dir='ltr'>Θεὸς,</span> <span class='ocrx_word' id='word_1_44' title='bbox 1323 760 1538 827; x_wconf 83' lang='grc' dir='ltr'>αίὼνιὸς</span> <span class='ocrx_word' id='word_1_45' title='bbox 1571 764 1689 816; x_wconf 84' lang='grc' dir='ltr'>ὲστι</span> <span class='ocrx_word' id='word_1_46' title='bbox 1723 763 1974 834; x_wconf 81' lang='grc' dir='ltr'>βασιλεὺς</span> 
     </span>
    </p>
   </div>
   <div class='ocr_carea' id='block_1_10' title="bbox 386 854 1974 927">
    <p class='ocr_par' dir='ltr' id='par_1_10' title="bbox 386 854 1974 927">
     <span class='ocr_line' id='line_1_10' title="bbox 386 854 1974 927; baseline 0.001 -23"><span class='ocrx_word' id='word_1_47' title='bbox 386 854 776 924; x_wconf 82' lang='grc' dir='ltr'>ὲρηρεισμὲνον</span> <span class='ocrx_word' id='word_1_48' title='bbox 818 855 958 924; x_wconf 73' lang='grc' dir='ltr'><strong>ἔχων</strong></span> <span class='ocrx_word' id='word_1_49' title='bbox 988 855 1048 907; x_wconf 78' lang='grc' dir='ltr'>τὸ</span> <span class='ocrx_word' id='word_1_50' title='bbox 1073 855 1275 925; x_wconf 87' lang='grc' dir='ltr'>κράτος</span> <span class='ocrx_word' id='word_1_51' title='bbox 1318 854 1506 918; x_wconf 80' lang='grc' dir='ltr'>ἀϊδίως</span> <span class='ocrx_word' id='word_1_52' title='bbox 1536 871 1553 886; x_wconf 86' lang='grc'><strong>·</strong></span> <span class='ocrx_word' id='word_1_53' title='bbox 1580 856 1655 919; x_wconf 86' lang='grc' dir='ltr'>ὡς</span> <span class='ocrx_word' id='word_1_54' title='bbox 1689 854 1974 927; x_wconf 81' lang='grc' dir='ltr'>ἄνθρωπος</span> 
     </span>
    </p>
   </div>
   <div class='ocr_carea' id='block_1_11' title="bbox 390 941 1976 1016">
    <p class='ocr_par' dir='ltr' id='par_1_11' title="bbox 390 941 1976 1016">
     <span class='ocr_line' id='line_1_11' title="bbox 390 941 1976 1016; baseline 0.001 -22"><span class='ocrx_word' id='word_1_55' title='bbox 390 941 450 994; x_wconf 76' lang='grc' dir='ltr'>δὲ</span> <span class='ocrx_word' id='word_1_56' title='bbox 479 941 779 1013; x_wconf 75' lang='grc' dir='ltr'>λαμϐάνειν</span> <span class='ocrx_word' id='word_1_57' title='bbox 807 943 907 1013; x_wconf 77' lang='grc' dir='ltr'>τὴν</span> <span class='ocrx_word' id='word_1_58' title='bbox 952 941 1236 1012; x_wconf 85' lang='grc' dir='ltr'>βασιλείαν</span> <span class='ocrx_word' id='word_1_59' title='bbox 1266 943 1487 1012; x_wconf 82' lang='grc' dir='ltr'>λέγεται</span> <span class='ocrx_word' id='word_1_60' title='bbox 1527 944 1680 1016; x_wconf 83' lang='grc' dir='ltr'>παρὰ</span> <span class='ocrx_word' id='word_1_61' title='bbox 1729 944 1827 998; x_wconf 83' lang='grc' dir='ltr'><strong>τοῦ</strong></span> <span class='ocrx_word' id='word_1_62' title='bbox 1860 945 1976 997; x_wconf 86' lang='grc' dir='ltr'>Πα-</span> 
     </span>
    </p>
   </div>
   <div class='ocr_carea' id='block_1_12' title="bbox 386 1034 1977 1108">
    <p class='ocr_par' dir='ltr' id='par_1_12' title="bbox 386 1034 1977 1108">
     <span class='ocr_line' id='line_1_12' title="bbox 386 1034 1977 1108; baseline 0 -19"><span class='ocrx_word' id='word_1_63' title='bbox 386 1036 540 1105; x_wconf 82' lang='grc' dir='ltr'>τρὸς,</span> <span class='ocrx_word' id='word_1_64' title='bbox 569 1034 833 1106; x_wconf 83' lang='grc' dir='ltr'>καθάπερ</span> <span class='ocrx_word' id='word_1_65' title='bbox 866 1038 963 1090; x_wconf 73' lang='grc' dir='ltr'><strong>καὶ</strong></span> <span class='ocrx_word' id='word_1_66' title='bbox 997 1036 1157 1099; x_wconf 82' lang='grc' dir='ltr'>αὐτὸς</span> <span class='ocrx_word' id='word_1_67' title='bbox 1185 1039 1299 1099; x_wconf 82' lang='grc' dir='ltr'>τοῖς</span> <span class='ocrx_word' id='word_1_68' title='bbox 1337 1036 1607 1107; x_wconf 84' lang='grc' dir='ltr'><strong>μαθηταῖς</strong></span> <span class='ocrx_word' id='word_1_69' title='bbox 1652 1053 1784 1106; x_wconf 80' lang='grc' dir='ltr'>φησι</span> <span class='ocrx_word' id='word_1_70' title='bbox 1838 1036 1977 1108; x_wconf 85' lang='grc' dir='ltr'>μετὰ</span> 
     </span>
    </p>
   </div>
   <div class='ocr_carea' id='block_1_13' title="bbox 388 1118 1979 1200">
    <p class='ocr_par' dir='ltr' id='par_1_13' title="bbox 388 1118 1979 1200">
     <span class='ocr_line' id='line_1_13' title="bbox 388 1118 1979 1200; baseline 0.001 -20"><span class='ocrx_word' id='word_1_71' title='bbox 388 1130 488 1199; x_wconf 79' lang='grc' dir='ltr'>τὴν</span> <span class='ocrx_word' id='word_1_72' title='bbox 516 1129 827 1183; x_wconf 78' lang='grc' dir='ltr'><strong>ἀνάστασιν</strong></span> <span class='ocrx_word' id='word_1_73' title='bbox 854 1146 867 1160; x_wconf 87' lang='grc'><strong>·</strong></span> <span class='ocrx_word' id='word_1_74' title='bbox 905 1148 924 1180; x_wconf 75' lang='grc' dir='ltr'><strong>ι</strong></span> <span class='ocrx_word' id='word_1_75' title='bbox 976 1118 1172 1200; x_wconf 64' lang='grc' dir='ltr'>Ἐδόθη</span> <span class='ocrx_word' id='word_1_76' title='bbox 1213 1146 1303 1200; x_wconf 88' lang='grc' dir='ltr'><strong>μοι</strong></span> <span class='ocrx_word' id='word_1_77' title='bbox 1345 1131 1495 1184; x_wconf 83' lang='grc' dir='ltr'>πᾶσα</span> <span class='ocrx_word' id='word_1_78' title='bbox 1522 1129 1744 1195; x_wconf 79' lang='grc' dir='ltr'><strong>ἐξουσία</strong></span> <span class='ocrx_word' id='word_1_79' title='bbox 1798 1131 1857 1184; x_wconf 79' lang='grc' dir='ltr'><strong>ὲν</strong></span> <span class='ocrx_word' id='word_1_80' title='bbox 1886 1131 1979 1183; x_wconf 80' lang='grc' dir='ltr'>οὐ·</span> 
     </span>
    </p>
   </div>
   <div class='ocr_carea' id='block_1_14' title="bbox 393 1217 1016 1289">
    <p class='ocr_par' dir='ltr' id='par_1_14' title="bbox 393 1217 1016 1289">
     <span class='ocr_line' id='line_1_14' title="bbox 393 1217 1016 1289; baseline 0 -18"><span class='ocrx_word' id='word_1_81' title='bbox 393 1217 541 1289; x_wconf 86' lang='grc' dir='ltr'>ρανῷ</span> <span class='ocrx_word' id='word_1_82' title='bbox 575 1219 671 1271; x_wconf 76' lang='grc' dir='ltr'><strong>καὶ</strong></span> <span class='ocrx_word' id='word_1_83' title='bbox 712 1220 804 1271; x_wconf 73' lang='grc' dir='ltr'><strong>ἐπὶ</strong></span> <span class='ocrx_word' id='word_1_84' title='bbox 835 1222 958 1288; x_wconf 81' lang='grc' dir='ltr'>γῆς.</span> <span class='ocrx_word' id='word_1_85' title='bbox 998 1238 1016 1271; x_wconf 76' lang='grc' dir='ltr'><strong>ι</strong></span> 
     </span>
    </p>
   </div>
   <div class='ocr_carea' id='block_1_15' title="bbox 467 1307 1979 1377">
    <p class='ocr_par' dir='ltr' id='par_1_15' title="bbox 467 1307 1979 1377">
     <span class='ocr_line' id='line_1_15' title="bbox 467 1307 1979 1377; baseline 0.001 -13"><span class='ocrx_word' id='word_1_86' title='bbox 467 1312 603 1377; x_wconf 67' lang='grc' dir='ltr'>Καὶ,</span> <span class='ocrx_word' id='word_1_87' title='bbox 643 1330 663 1363; x_wconf 74' lang='grc' dir='ltr'><strong>ι</strong></span> <span class='ocrx_word' id='word_1_88' title='bbox 707 1310 1152 1365; x_wconf 79' lang='grc' dir='ltr'>Βασιλεύσειέπὶ</span> <span class='ocrx_word' id='word_1_89' title='bbox 1184 1314 1276 1367; x_wconf 75' lang='grc' dir='ltr'>τὸν</span> <span class='ocrx_word' id='word_1_90' title='bbox 1302 1307 1451 1366; x_wconf 70' lang='grc' dir='ltr'>οἷκον</span> <span class='ocrx_word' id='word_1_91' title='bbox 1497 1311 1694 1366; x_wconf 79' lang='grc' dir='ltr'>Ἰακὼϐ</span> <span class='ocrx_word' id='word_1_92' title='bbox 1744 1312 1822 1375; x_wconf 85' lang='grc' dir='ltr'><strong>είς</strong></span> <span class='ocrx_word' id='word_1_93' title='bbox 1884 1313 1979 1365; x_wconf 73' lang='grc' dir='ltr'><strong>τὸν</strong></span> 
     </span>
    </p>
   </div>
   <div class='ocr_carea' id='block_1_16' title="bbox 390 1402 1975 1476">
    <p class='ocr_par' dir='ltr' id='par_1_16' title="bbox 390 1402 1975 1476">
     <span class='ocr_line' id='line_1_16' title="bbox 390 1402 1975 1476; baseline 0.001 -21"><span class='ocrx_word' id='word_1_94' title='bbox 390 1402 583 1457; x_wconf 75' lang='grc' dir='ltr'>αἰῶνα.</span> <span class='ocrx_word' id='word_1_95' title='bbox 624 1421 643 1454; x_wconf 70' lang='grc' dir='ltr'><strong>ι</strong></span> <span class='ocrx_word' id='word_1_96' title='bbox 699 1404 775 1456; x_wconf 87' lang='grc' dir='ltr'><strong>Οὐ</strong></span> <span class='ocrx_word' id='word_1_97' title='bbox 835 1404 966 1473; x_wconf 78' lang='grc' dir='ltr'>περὶ</span> <span class='ocrx_word' id='word_1_98' title='bbox 1030 1404 1126 1459; x_wconf 88' lang='grc' dir='ltr'><strong>τοῦ</strong></span> <span class='ocrx_word' id='word_1_99' title='bbox 1191 1404 1456 1476; x_wconf 78' lang='grc' dir='ltr'><strong>αἰσθητοῦ</strong></span> <span class='ocrx_word' id='word_1_100' title='bbox 1513 1420 1676 1476; x_wconf 84' lang='grc' dir='ltr'>φησιν</span> <span class='ocrx_word' id='word_1_101' title='bbox 1746 1404 1975 1457; x_wconf 76' lang='grc' dir='ltr'><strong>Ἰακώϐ·</strong></span> 
     </span>
    </p>
   </div>
   <div class='ocr_carea' id='block_1_17' title="bbox 391 1495 1981 1569">
    <p class='ocr_par' dir='ltr' id='par_1_17' title="bbox 391 1495 1981 1569">
     <span class='ocr_line' id='line_1_17' title="bbox 391 1495 1981 1569; baseline 0.003 -22"><span class='ocrx_word' id='word_1_102' title='bbox 391 1496 558 1559; x_wconf 80' lang='grc' dir='ltr'>αὐτὸς</span> <span class='ocrx_word' id='word_1_103' title='bbox 590 1496 700 1567; x_wconf 80' lang='grc' dir='ltr'>γὰρ</span> <span class='ocrx_word' id='word_1_104' title='bbox 723 1496 1079 1568; x_wconf 77' lang='grc' dir='ltr'>ὲκὸἑϐληται,</span> <span class='ocrx_word' id='word_1_105' title='bbox 1103 1498 1198 1551; x_wconf 75' lang='grc' dir='ltr'><strong>καὶ</strong></span> <span class='ocrx_word' id='word_1_106' title='bbox 1227 1498 1531 1569; x_wconf 79' lang='grc' dir='ltr'><strong>μεμίσηται</strong></span> <span class='ocrx_word' id='word_1_107' title='bbox 1559 1495 1981 1566; x_wconf 81' lang='grc' dir='ltr'>πεπαρῳνηκὼς</span> 
     </span>
    </p>
   </div>
   <div class='ocr_carea' id='block_1_18' title="bbox 394 1586 1979 1661">
    <p class='ocr_par' dir='ltr' id='par_1_18' title="bbox 394 1586 1979 1661">
     <span class='ocr_line' id='line_1_18' title="bbox 394 1586 1979 1661; baseline 0.003 -22"><span class='ocrx_word' id='word_1_108' title='bbox 394 1589 476 1650; x_wconf 80' lang='grc' dir='ltr'><strong>είς</strong></span> <span class='ocrx_word' id='word_1_109' title='bbox 501 1586 592 1640; x_wconf 71' lang='grc' dir='ltr'>τὸν</span> <span class='ocrx_word' id='word_1_110' title='bbox 628 1587 916 1641; x_wconf 84' lang='grc' dir='ltr'>πλάσαντα</span> <span class='ocrx_word' id='word_1_111' title='bbox 945 1604 960 1620; x_wconf 87' lang='grc'><strong>·</strong></span> <span class='ocrx_word' id='word_1_112' title='bbox 1021 1589 1159 1643; x_wconf 75' lang='grc' dir='ltr'>ἀλλὰ.</span> <span class='ocrx_word' id='word_1_113' title='bbox 1199 1589 1293 1643; x_wconf 89' lang='grc' dir='ltr'><strong>τοῦ</strong></span> <span class='ocrx_word' id='word_1_114' title='bbox 1354 1589 1550 1661; x_wconf 80' lang='grc' dir='ltr'><strong>νοητοῦ</strong></span> <span class='ocrx_word' id='word_1_115' title='bbox 1616 1590 1835 1661; x_wconf 82' lang='grc' dir='ltr'>Ἰσραὴλ</span> <span class='ocrx_word' id='word_1_116' title='bbox 1884 1590 1979 1644; x_wconf 88' lang='grc' dir='ltr'><strong>τοῦ</strong></span> 
     </span>
    </p>
   </div>
   <div class='ocr_carea' id='block_1_19' title="bbox 393 1677 1980 1754">
    <p class='ocr_par' dir='ltr' id='par_1_19' title="bbox 393 1677 1980 1754">
     <span class='ocr_line' id='line_1_19' title="bbox 393 1677 1980 1754; baseline 0.003 -23"><span class='ocrx_word' id='word_1_117' title='bbox 393 1681 461 1732; x_wconf 83' lang='grc' dir='ltr'><strong>ὲκ</strong></span> <span class='ocrx_word' id='word_1_118' title='bbox 492 1677 711 1732; x_wconf 82' lang='grc' dir='ltr'>πάντων</span> <span class='ocrx_word' id='word_1_119' title='bbox 732 1679 841 1732; x_wconf 85' lang='grc' dir='ltr'>τῶν</span> <span class='ocrx_word' id='word_1_120' title='bbox 882 1679 1054 1734; x_wconf 78' lang='grc' dir='ltr'>ἐθνῶν</span> <span class='ocrx_word' id='word_1_121' title='bbox 1093 1683 1516 1754; x_wconf 82' lang='grc' dir='ltr'><strong>συνειλεγμένου</strong></span> <span class='ocrx_word' id='word_1_122' title='bbox 1562 1682 1688 1737; x_wconf 83' lang='grc' dir='ltr'>κατ’</span> <span class='ocrx_word' id='word_1_123' title='bbox 1744 1682 1980 1753; x_wconf 75' lang='grc' dir='ltr'>ἐκλογὴν</span> 
     </span>
    </p>
   </div>
   <div class='ocr_carea' id='block_1_20' title="bbox 394 1770 1982 1849">
    <p class='ocr_par' dir='ltr' id='par_1_20' title="bbox 394 1770 1982 1849">
     <span class='ocr_line' id='line_1_20' title="bbox 394 1770 1982 1849; baseline 0.004 -27"><span class='ocrx_word' id='word_1_124' title='bbox 394 1770 643 1841; x_wconf 80' lang='grc' dir='ltr'>χάριτος,</span> <span class='ocrx_word' id='word_1_125' title='bbox 675 1772 733 1834; x_wconf 84' lang='grc' dir='ltr'>ὃς</span> <span class='ocrx_word' id='word_1_126' title='bbox 772 1773 923 1825; x_wconf 79' lang='grc' dir='ltr'>ἐστιν</span> <span class='ocrx_word' id='word_1_127' title='bbox 954 1772 1107 1849; x_wconf 80' lang='grc' dir='ltr'>ἔθνος</span> <span class='ocrx_word' id='word_1_128' title='bbox 1155 1774 1336 1842; x_wconf 75' lang='grc' dir='ltr'>ἅγιον,</span> <span class='ocrx_word' id='word_1_129' title='bbox 1370 1774 1465 1828; x_wconf 79' lang='grc' dir='ltr'>καὶ</span> <span class='ocrx_word' id='word_1_130' title='bbox 1523 1774 1795 1846; x_wconf 88' lang='grc' dir='ltr'>βασίλειον</span> <span class='ocrx_word' id='word_1_131' title='bbox 1830 1776 1982 1846; x_wconf 77' lang='grc' dir='ltr'>ἱερά·</span> 
     </span>
    </p>
   </div>
   <div class='ocr_carea' id='block_1_21' title="bbox 393 1861 1986 1932">
    <p class='ocr_par' dir='ltr' id='par_1_21' title="bbox 393 1861 1986 1932">
     <span class='ocr_line' id='line_1_21' title="bbox 393 1861 1986 1932; baseline 0.003 -17"><span class='ocrx_word' id='word_1_132' title='bbox 393 1879 600 1932; x_wconf 85' lang='grc' dir='ltr'>τευμα.</span> <span class='ocrx_word' id='word_1_133' title='bbox 643 1862 768 1916; x_wconf 74' lang='grc' dir='ltr'>Ἐπὶ</span> <span class='ocrx_word' id='word_1_134' title='bbox 803 1865 895 1918; x_wconf 74' lang='grc' dir='ltr'><strong>τὸν</strong></span> <span class='ocrx_word' id='word_1_135' title='bbox 925 1861 1078 1920; x_wconf 74' lang='grc' dir='ltr'>οἷκον</span> <span class='ocrx_word' id='word_1_136' title='bbox 1101 1865 1293 1920; x_wconf 86' lang='grc' dir='ltr'>τούτου</span> <span class='ocrx_word' id='word_1_137' title='bbox 1325 1866 1420 1921; x_wconf 89' lang='grc' dir='ltr'><strong>τοῦ</strong></span> <span class='ocrx_word' id='word_1_138' title='bbox 1464 1868 1659 1921; x_wconf 80' lang='grc' dir='ltr'>πιστοῦ</span> <span class='ocrx_word' id='word_1_139' title='bbox 1736 1866 1919 1924; x_wconf 54' lang='grc' dir='ltr'><strong>ἓαῑὼσ</strong></span> <span class='ocrx_word' id='word_1_140' title='bbox 1957 1869 1986 1920; x_wconf 81' lang='grc'>6</span> 
     </span>
    </p>
   </div>
   <div class='ocr_carea' id='block_1_22' title="bbox 394 1953 1985 2028">
    <p class='ocr_par' dir='ltr' id='par_1_22' title="bbox 394 1953 1985 2028">
     <span class='ocr_line' id='line_1_22' title="bbox 394 1953 1985 2028; baseline 0.003 -21"><span class='ocrx_word' id='word_1_141' title='bbox 394 1953 642 2023; x_wconf 78' lang='grc' dir='ltr'>Χριστὸς</span> <span class='ocrx_word' id='word_1_142' title='bbox 679 1954 1074 2024; x_wconf 80' lang='grc' dir='ltr'>βεὸασίλευκεν</span> <span class='ocrx_word' id='word_1_143' title='bbox 1107 1957 1187 2020; x_wconf 86' lang='grc' dir='ltr'><strong>είς</strong></span> <span class='ocrx_word' id='word_1_144' title='bbox 1204 1958 1295 2011; x_wconf 80' lang='grc' dir='ltr'>τὸν</span> <span class='ocrx_word' id='word_1_145' title='bbox 1317 1956 1514 2024; x_wconf 79' lang='grc' dir='ltr'>αἰῶνα,</span> <span class='ocrx_word' id='word_1_146' title='bbox 1552 1957 1833 2028; x_wconf 87' lang='grc' dir='ltr'>βασιλείαν</span> <span class='ocrx_word' id='word_1_147' title='bbox 1888 1958 1985 2012; x_wconf 68' lang='grc' dir='ltr'><strong>πέ-</strong></span> 
     </span>
    </p>
   </div>
   <div class='ocr_carea' id='block_1_23' title="bbox 400 2045 1984 2120">
    <p class='ocr_par' dir='ltr' id='par_1_23' title="bbox 400 2045 1984 2120">
     <span class='ocr_line' id='line_1_23' title="bbox 400 2045 1984 2120; baseline 0.003 -23"><span class='ocrx_word' id='word_1_148' title='bbox 400 2060 507 2115; x_wconf 89' lang='grc' dir='ltr'><strong>ρας</strong></span> <span class='ocrx_word' id='word_1_149' title='bbox 537 2045 639 2098; x_wconf 81' lang='grc' dir='ltr'>οὐκ</span> <span class='ocrx_word' id='word_1_150' title='bbox 674 2045 928 2115; x_wconf 71' lang='grc' dir='ltr'><strong>ἔχουσαν.</strong></span> <span class='ocrx_word' id='word_1_151' title='bbox 961 2045 1028 2100; x_wconf 83' lang='grc' dir='ltr'>Τί</span> <span class='ocrx_word' id='word_1_152' title='bbox 1066 2046 1161 2101; x_wconf 81' lang='grc' dir='ltr'><strong>οῦν</strong></span> <span class='ocrx_word' id='word_1_153' title='bbox 1214 2050 1349 2120; x_wconf 83' lang='grc' dir='ltr'>πρὸς</span> <span class='ocrx_word' id='word_1_154' title='bbox 1387 2049 1561 2104; x_wconf 89' lang='grc' dir='ltr'>ταῦτα</span> <span class='ocrx_word' id='word_1_155' title='bbox 1616 2051 1651 2120; x_wconf 82' lang='grc' dir='ltr'>ἡ</span> <span class='ocrx_word' id='word_1_156' title='bbox 1710 2050 1984 2120; x_wconf 75' lang='grc' dir='ltr'>Μαριάμς</span> 
     </span>
    </p>
   </div>
   <div class='ocr_carea' id='block_1_24' title="bbox 401 2137 1987 2214">
    <p class='ocr_par' dir='ltr' id='par_1_24' title="bbox 401 2137 1987 2214">
     <span class='ocr_line' id='line_1_24' title="bbox 401 2137 1987 2214; baseline 0.005 -27"><span class='ocrx_word' id='word_1_157' title='bbox 401 2137 675 2190; x_wconf 73' lang='grc' dir='ltr'>Ἄκουσον</span> <span class='ocrx_word' id='word_1_158' title='bbox 713 2138 959 2210; x_wconf 76' lang='grc' dir='ltr'>καθαρᾶς</span> <span class='ocrx_word' id='word_1_159' title='bbox 1009 2140 1288 2211; x_wconf 73' lang='grc' dir='ltr'>Παρθένου</span> <span class='ocrx_word' id='word_1_160' title='bbox 1365 2143 1586 2214; x_wconf 71' lang='grc' dir='ltr'>φωνήνο</span> <span class='ocrx_word' id='word_1_161' title='bbox 1627 2161 1645 2194; x_wconf 79' lang='grc' dir='ltr'><strong>ι</strong></span> <span class='ocrx_word' id='word_1_162' title='bbox 1679 2143 1801 2207; x_wconf 80' lang='grc' dir='ltr'><strong>Πῶς</strong></span> <span class='ocrx_word' id='word_1_163' title='bbox 1833 2142 1987 2196; x_wconf 73' lang='grc' dir='ltr'>ἔσται</span> 
     </span>
    </p>
   </div>
   <div class='ocr_carea' id='block_1_25' title="bbox 400 2229 1989 2305">
    <p class='ocr_par' dir='ltr' id='par_1_25' title="bbox 400 2229 1989 2305">
     <span class='ocr_line' id='line_1_25' title="bbox 400 2229 1989 2305; baseline 0.002 -23"><span class='ocrx_word' id='word_1_164' title='bbox 400 2246 499 2299; x_wconf 83' lang='grc' dir='ltr'><strong>μοι</strong></span> <span class='ocrx_word' id='word_1_165' title='bbox 538 2229 698 2283; x_wconf 90' lang='grc' dir='ltr'>τοῦτο</span> <span class='ocrx_word' id='word_1_166' title='bbox 721 2231 843 2284; x_wconf 65' lang='grc' dir='ltr'>ἐπεὶ</span> <span class='ocrx_word' id='word_1_167' title='bbox 860 2232 1034 2303; x_wconf 75' lang='grc' dir='ltr'>ἄνδρα</span> <span class='ocrx_word' id='word_1_168' title='bbox 1064 2234 1125 2286; x_wconf 83' lang='grc' dir='ltr'><strong>οὐ</strong></span> <span class='ocrx_word' id='word_1_169' title='bbox 1146 2230 1441 2301; x_wconf 83' lang='grc' dir='ltr'>γινώσκω;</span> <span class='ocrx_word' id='word_1_170' title='bbox 1489 2251 1507 2284; x_wconf 73' lang='grc' dir='ltr'><strong>ι</strong></span> <span class='ocrx_word' id='word_1_171' title='bbox 1552 2233 1706 2305; x_wconf 86' lang='grc' dir='ltr'>ᾜδει</span> <span class='ocrx_word' id='word_1_172' title='bbox 1744 2232 1874 2303; x_wconf 79' lang='grc' dir='ltr'>γὰρ,</span> <span class='ocrx_word' id='word_1_173' title='bbox 1912 2232 1989 2294; x_wconf 84' lang='grc' dir='ltr'>ὡς</span> 
     </span>
    </p>
   </div>
   <div class='ocr_carea' id='block_1_26' title="bbox 398 2322 1986 2396">
    <p class='ocr_par' dir='ltr' id='par_1_26' title="bbox 398 2322 1986 2396">
     <span class='ocr_line' id='line_1_26' title="bbox 398 2322 1986 2396; baseline 0.001 -22"><span class='ocrx_word' id='word_1_174' title='bbox 398 2322 429 2373; x_wconf 80' lang='grc' dir='ltr'>ὁ</span> <span class='ocrx_word' id='word_1_175' title='bbox 477 2322 678 2394; x_wconf 80' lang='grc' dir='ltr'><strong>Ἰωσὴφ</strong></span> <span class='ocrx_word' id='word_1_176' title='bbox 700 2323 803 2377; x_wconf 79' lang='grc' dir='ltr'><strong>οὐκ</strong></span> <span class='ocrx_word' id='word_1_177' title='bbox 834 2323 976 2396; x_wconf 83' lang='grc' dir='ltr'>ἀνὴρ</span> <span class='ocrx_word' id='word_1_178' title='bbox 1020 2324 1214 2396; x_wconf 80' lang='grc' dir='ltr'>αὐτῆς,</span> <span class='ocrx_word' id='word_1_179' title='bbox 1269 2324 1406 2379; x_wconf 84' lang='grc' dir='ltr'>ἀλλὰ.</span> <span class='ocrx_word' id='word_1_180' title='bbox 1466 2323 1641 2395; x_wconf 80' lang='grc' dir='ltr'>φύλαξ</span> <span class='ocrx_word' id='word_1_181' title='bbox 1697 2325 1986 2395; x_wconf 80' lang='grc' dir='ltr'>ἐτύγχανε,</span> 
     </span>
    </p>
   </div>
   <div class='ocr_carea' id='block_1_27' title="bbox 400 2406 1990 2487">
    <p class='ocr_par' dir='ltr' id='par_1_27' title="bbox 400 2406 1990 2487">
     <span class='ocr_line' id='line_1_27' title="bbox 400 2406 1990 2487; baseline 0.003 -24"><span class='ocrx_word' id='word_1_182' title='bbox 400 2411 504 2465; x_wconf 76' lang='grc' dir='ltr'><strong>καὶ</strong></span> <span class='ocrx_word' id='word_1_183' title='bbox 531 2406 602 2481; x_wconf 80' lang='grc' dir='ltr'><strong>ἦν</strong></span> <span class='ocrx_word' id='word_1_184' title='bbox 626 2412 913 2482; x_wconf 86' lang='grc' dir='ltr'>ἀμήχανον</span> <span class='ocrx_word' id='word_1_185' title='bbox 943 2414 1278 2485; x_wconf 83' lang='grc' dir='ltr'>κοινωνῆσαι</span> <span class='ocrx_word' id='word_1_186' title='bbox 1306 2413 1515 2487; x_wconf 86' lang='grc' dir='ltr'>ταύτην</span> <span class='ocrx_word' id='word_1_187' title='bbox 1544 2412 1701 2486; x_wconf 80' lang='grc' dir='ltr'>ἀνδρί</span> <span class='ocrx_word' id='word_1_188' title='bbox 1725 2428 1741 2444; x_wconf 83' lang='grc'>⁶</span> <span class='ocrx_word' id='word_1_189' title='bbox 1771 2415 1822 2469; x_wconf 83' lang='grc' dir='ltr'><strong>εί</strong></span> <span class='ocrx_word' id='word_1_190' title='bbox 1879 2415 1990 2485; x_wconf 84' lang='grc' dir='ltr'>γὰρ</span> 
     </span>
    </p>
   </div>
   <div class='ocr_carea' id='block_1_28' title="bbox 403 2498 1989 2573">
    <p class='ocr_par' dir='ltr' id='par_1_28' title="bbox 403 2498 1989 2573">
     <span class='ocr_line' id='line_1_28' title="bbox 403 2498 1989 2573; baseline 0.003 -23"><span class='ocrx_word' id='word_1_191' title='bbox 403 2499 605 2569; x_wconf 71' lang='grc' dir='ltr'>ἤλπιζε</span> <span class='ocrx_word' id='word_1_192' title='bbox 631 2498 709 2569; x_wconf 89' lang='grc' dir='ltr'>τῷ</span> <span class='ocrx_word' id='word_1_193' title='bbox 758 2499 959 2570; x_wconf 79' lang='grc' dir='ltr'><strong>Ἰωσὴφ</strong></span> <span class='ocrx_word' id='word_1_194' title='bbox 994 2501 1327 2572; x_wconf 84' lang='grc' dir='ltr'>κοινωνῆσαί</span> <span class='ocrx_word' id='word_1_195' title='bbox 1362 2518 1494 2555; x_wconf 88' lang='grc' dir='ltr'>ποτε</span> <span class='ocrx_word' id='word_1_196' title='bbox 1533 2502 1683 2573; x_wconf 82' lang='grc' dir='ltr'>νόμῳ</span> <span class='ocrx_word' id='word_1_197' title='bbox 1729 2502 1828 2571; x_wconf 86' lang='grc' dir='ltr'>τῆς</span> <span class='ocrx_word' id='word_1_198' title='bbox 1884 2500 1989 2571; x_wconf 82' lang='grc' dir='ltr'><strong>φύ-</strong></span> 
     </span>
    </p>
   </div>
   <div class='ocr_carea' id='block_1_29' title="bbox 402 2586 1990 2659">
    <p class='ocr_par' dir='ltr' id='par_1_29' title="bbox 402 2586 1990 2659">
     <span class='ocr_line' id='line_1_29' title="bbox 402 2586 1990 2659; baseline 0.003 -22"><span class='ocrx_word' id='word_1_199' title='bbox 402 2601 569 2651; x_wconf 84' lang='grc' dir='ltr'>σεως,</span> <span class='ocrx_word' id='word_1_200' title='bbox 598 2586 699 2638; x_wconf 81' lang='grc' dir='ltr'>οὐκ</span> <span class='ocrx_word' id='word_1_201' title='bbox 728 2586 795 2640; x_wconf 83' lang='grc' dir='ltr'><strong>ἂν</strong></span> <span class='ocrx_word' id='word_1_202' title='bbox 822 2587 961 2658; x_wconf 83' lang='grc' dir='ltr'>αὐτῇ</span> <span class='ocrx_word' id='word_1_203' title='bbox 984 2588 1013 2641; x_wconf 80' lang='grc' dir='ltr'><strong>ὁ</strong></span> <span class='ocrx_word' id='word_1_204' title='bbox 1050 2587 1208 2651; x_wconf 82' lang='grc' dir='ltr'>τόκος</span> <span class='ocrx_word' id='word_1_205' title='bbox 1237 2589 1501 2644; x_wconf 81' lang='grc' dir='ltr'>ἀδύνατον</span> <span class='ocrx_word' id='word_1_206' title='bbox 1562 2587 1865 2659; x_wconf 75' lang='grc' dir='ltr'><strong>ἐνομίζετο,</strong></span> <span class='ocrx_word' id='word_1_207' title='bbox 1894 2588 1990 2642; x_wconf 80' lang='grc' dir='ltr'><strong>τοῦ</strong></span> 
     </span>
    </p>
   </div>
   <div class='ocr_carea' id='block_1_30' title="bbox 401 2677 1990 2752">
    <p class='ocr_par' dir='ltr' id='par_1_30' title="bbox 401 2677 1990 2752">
     <span class='ocr_line' id='line_1_30' title="bbox 401 2677 1990 2752; baseline 0.004 -23"><span class='ocrx_word' id='word_1_208' title='bbox 401 2677 587 2746; x_wconf 75' lang='grc' dir='ltr'>γάμου</span> <span class='ocrx_word' id='word_1_209' title='bbox 618 2677 838 2743; x_wconf 79' lang='grc' dir='ltr'>πάντως</span> <span class='ocrx_word' id='word_1_210' title='bbox 871 2678 1266 2749; x_wconf 81' lang='grc' dir='ltr'>προξενοῦντος</span> <span class='ocrx_word' id='word_1_211' title='bbox 1324 2681 1423 2751; x_wconf 75' lang='grc' dir='ltr'>τὴν</span> <span class='ocrx_word' id='word_1_212' title='bbox 1480 2680 1763 2752; x_wconf 76' lang='grc' dir='ltr'>σύλληψιν.</span> <span class='ocrx_word' id='word_1_213' title='bbox 1850 2679 1990 2735; x_wconf 79' lang='grc' dir='ltr'>Ἀλλ’</span> 
     </span>
    </p>
   </div>
   <div class='ocr_carea' id='block_1_31' title="bbox 401 2769 1989 2845">
    <p class='ocr_par' dir='ltr' id='par_1_31' title="bbox 401 2769 1989 2845">
     <span class='ocr_line' id='line_1_31' title="bbox 401 2769 1989 2845; baseline 0.004 -23"><span class='ocrx_word' id='word_1_214' title='bbox 401 2770 600 2839; x_wconf 76' lang='grc' dir='ltr'>ἐπειδὴ</span> <span class='ocrx_word' id='word_1_215' title='bbox 629 2772 1125 2843; x_wconf 77' lang='grc' dir='ltr'>ὲπεπληροφὸρητο</span> <span class='ocrx_word' id='word_1_216' title='bbox 1155 2772 1230 2836; x_wconf 83' lang='grc' dir='ltr'>ὡς</span> <span class='ocrx_word' id='word_1_217' title='bbox 1253 2774 1331 2844; x_wconf 82' lang='grc' dir='ltr'>τῷ</span> <span class='ocrx_word' id='word_1_218' title='bbox 1354 2774 1475 2845; x_wconf 86' lang='grc' dir='ltr'><strong>Θεῷ</strong></span> <span class='ocrx_word' id='word_1_219' title='bbox 1495 2769 1565 2845; x_wconf 75' lang='grc' dir='ltr'><strong>ἦν</strong></span> <span class='ocrx_word' id='word_1_220' title='bbox 1594 2772 1989 2845; x_wconf 83' lang='grc' dir='ltr'>ἀφιερωθεῖσα,</span> 
     </span>
    </p>
   </div>
   <div class='ocr_carea' id='block_1_32' title="bbox 403 2862 1996 2937">
    <p class='ocr_par' dir='ltr' id='par_1_32' title="bbox 403 2862 1996 2937">
     <span class='ocr_line' id='line_1_32' title="bbox 403 2862 1996 2937; baseline 0.002 -21"><span class='ocrx_word' id='word_1_221' title='bbox 403 2862 508 2916; x_wconf 79' lang='grc' dir='ltr'><strong>καὶ</strong></span> <span class='ocrx_word' id='word_1_222' title='bbox 540 2862 801 2917; x_wconf 75' lang='grc' dir='ltr'>οὐδέποτε</span> <span class='ocrx_word' id='word_1_223' title='bbox 832 2864 894 2919; x_wconf 81' lang='grc' dir='ltr'><strong>τὸ</strong></span> <span class='ocrx_word' id='word_1_224' title='bbox 925 2865 1025 2936; x_wconf 83' lang='grc' dir='ltr'>τῆς</span> <span class='ocrx_word' id='word_1_225' title='bbox 1061 2864 1364 2937; x_wconf 77' lang='grc' dir='ltr'>παρθενίας</span> <span class='ocrx_word' id='word_1_226' title='bbox 1432 2866 1595 2930; x_wconf 79' lang='grc' dir='ltr'>ἄνθος</span> <span class='ocrx_word' id='word_1_227' title='bbox 1625 2866 1996 2937; x_wconf 81' lang='grc' dir='ltr'>ἀφαιρεθήσε-</span> 
     </span>
    </p>
   </div>
   <div class='ocr_carea' id='block_1_33' title="bbox 401 2955 1993 3030">
    <p class='ocr_par' dir='ltr' id='par_1_33' title="bbox 401 2955 1993 3030">
     <span class='ocr_line' id='line_1_33' title="bbox 401 2955 1993 3030; baseline 0.003 -23"><span class='ocrx_word' id='word_1_228' title='bbox 401 2970 524 3021; x_wconf 79' lang='grc' dir='ltr'>ται,</span> <span class='ocrx_word' id='word_1_229' title='bbox 558 2955 786 3019; x_wconf 74' lang='grc' dir='ltr'>εἰκότως</span> <span class='ocrx_word' id='word_1_230' title='bbox 814 2958 908 3010; x_wconf 81' lang='grc' dir='ltr'><strong>τοῦ</strong></span> <span class='ocrx_word' id='word_1_231' title='bbox 940 2957 1105 3012; x_wconf 68' lang='grc' dir='ltr'>τόκου</span> <span class='ocrx_word' id='word_1_232' title='bbox 1128 2960 1223 3013; x_wconf 81' lang='grc' dir='ltr'><strong>τὸν</strong></span> <span class='ocrx_word' id='word_1_233' title='bbox 1257 2958 1457 3030; x_wconf 67' lang='grc' dir='ltr'>τρόπον</span> <span class='ocrx_word' id='word_1_234' title='bbox 1489 2958 1775 3029; x_wconf 78' lang='grc' dir='ltr'>διαπορεί’</span> <span class='ocrx_word' id='word_1_235' title='bbox 1816 2976 1835 3010; x_wconf 77' lang='grc' dir='ltr'><strong>ι</strong></span> <span class='ocrx_word' id='word_1_236' title='bbox 1883 2958 1993 3012; x_wconf 79' lang='grc' dir='ltr'><strong>Καὶ</strong></span> 
     </span>
    </p>
   </div>
   <div class='ocr_carea' id='block_1_34' title="bbox 2151 564 3660 639">
    <p class='ocr_par' dir='ltr' id='par_1_34' title="bbox 2151 564 3660 639">
     <span class='ocr_line' id='line_1_34' title="bbox 2151 564 3660 639; baseline -0.005 -15"><span class='ocrx_word' id='word_1_237' title='bbox 2151 591 2169 624; x_wconf 78' lang='grc' dir='ltr'><strong>ι</strong></span> <span class='ocrx_word' id='word_1_238' title='bbox 2212 572 2281 627; x_wconf 86' lang='grc' dir='ltr'>Ει</span> <span class='ocrx_word' id='word_1_239' title='bbox 2329 570 2497 636; x_wconf 93' lang='lat' dir='ltr'><strong>dabit,</strong></span> <span class='ocrx_word' id='word_1_240' title='bbox 2550 571 2746 639; x_wconf 80' lang='lat' dir='ltr'><strong>inquit,</strong></span> <span class='ocrx_word' id='word_1_241' title='bbox 2782 572 2829 626; x_wconf 91' lang='lat' dir='ltr'><strong>ei</strong></span> <span class='ocrx_word' id='word_1_242' title='bbox 2878 570 3018 626; x_wconf 87' lang='lat' dir='ltr'><strong>Dens</strong></span> <span class='ocrx_word' id='word_1_243' title='bbox 3069 570 3252 625; x_wconf 87' lang='lat' dir='ltr'><strong>sedem</strong></span> <span class='ocrx_word' id='word_1_244' title='bbox 3288 566 3456 622; x_wconf 81' lang='lat' dir='ltr'><strong>David</strong></span> <span class='ocrx_word' id='word_1_245' title='bbox 3489 564 3660 636; x_wconf 84' lang='lat' dir='ltr'><strong>patris</strong></span> 
     </span>
    </p>
   </div>
   <div class='ocr_carea' id='block_1_35' title="bbox 2077 658 3656 731">
    <p class='ocr_par' dir='ltr' id='par_1_35' title="bbox 2077 658 3656 731">
     <span class='ocr_line' id='line_1_35' title="bbox 2077 658 3656 731; baseline -0.006 -11"><span class='ocrx_word' id='word_1_246' title='bbox 2077 664 2183 731; x_wconf 91' lang='lat' dir='ltr'><strong>sui,</strong></span> <span class='ocrx_word' id='word_1_247' title='bbox 2223 683 2241 716; x_wconf 86' lang='grc'><strong>›</strong></span> <span class='ocrx_word' id='word_1_248' title='bbox 2274 672 2329 719; x_wconf 92' lang='lat' dir='ltr'><strong>et</strong></span> <span class='ocrx_word' id='word_1_249' title='bbox 2357 664 2460 719; x_wconf 87' lang='lat' dir='ltr'><strong>hoc</strong></span> <span class='ocrx_word' id='word_1_250' title='bbox 2503 679 2633 719; x_wconf 88' lang='lat' dir='ltr'><strong>sane</strong></span> <span class='ocrx_word' id='word_1_251' title='bbox 2662 665 2728 718; x_wconf 91' lang='lat' dir='ltr'><strong>de</strong></span> <span class='ocrx_word' id='word_1_252' title='bbox 2761 665 2993 719; x_wconf 85' lang='lat' dir='ltr'><strong>humana</strong></span> <span class='ocrx_word' id='word_1_253' title='bbox 3033 671 3223 716; x_wconf 85' lang='lat' dir='ltr'><strong>natura</strong></span> <span class='ocrx_word' id='word_1_254' title='bbox 3259 658 3656 729; x_wconf 82' lang='lat' dir='ltr'><strong>aceipiendum.</strong></span> 
     </span>
    </p>
   </div>
   <div class='ocr_carea' id='block_1_36' title="bbox 2077 755 3663 823">
    <p class='ocr_par' dir='ltr' id='par_1_36' title="bbox 2077 755 3663 823">
     <span class='ocr_line' id='line_1_36' title="bbox 2077 755 3663 823; baseline -0.005 -14"><span class='ocrx_word' id='word_1_255' title='bbox 2077 755 2286 810; x_wconf 87' lang='lat' dir='ltr'><strong>Etenim</strong></span> <span class='ocrx_word' id='word_1_256' title='bbox 2318 770 2422 823; x_wconf 90' lang='lat' dir='ltr'><strong>qua</strong></span> <span class='ocrx_word' id='word_1_257' title='bbox 2457 755 2595 810; x_wconf 85' lang='lat' dir='ltr'><strong>Deus</strong></span> <span class='ocrx_word' id='word_1_258' title='bbox 2623 756 2735 811; x_wconf 81' lang='lat' dir='ltr'><strong>Rex</strong></span> <span class='ocrx_word' id='word_1_259' title='bbox 2765 765 2845 811; x_wconf 91' lang='lat' dir='ltr'><strong>est</strong></span> <span class='ocrx_word' id='word_1_260' title='bbox 2879 764 3112 810; x_wconf 65' lang='lat' dir='ltr'><strong>mternus</strong></span> <span class='ocrx_word' id='word_1_261' title='bbox 3157 755 3372 807; x_wconf 90' lang='lat' dir='ltr'><strong>llrmum</strong></span> <span class='ocrx_word' id='word_1_262' title='bbox 3418 766 3480 804; x_wconf 88' lang='lat' dir='ltr'><strong>ac</strong></span> <span class='ocrx_word' id='word_1_263' title='bbox 3511 764 3663 804; x_wconf 76' lang='lat' dir='ltr'><strong>sem-</strong></span> 
     </span>
    </p>
   </div>
   <div class='ocr_carea' id='block_1_37' title="bbox 2079 841 3661 914">
    <p class='ocr_par' dir='ltr' id='par_1_37' title="bbox 2079 841 3661 914">
     <span class='ocr_line' id='line_1_37' title="bbox 2079 841 3661 914; baseline -0.003 -19"><span class='ocrx_word' id='word_1_264' title='bbox 2079 843 2346 911; x_wconf 90' lang='lat' dir='ltr'><strong>piternum</strong></span> <span class='ocrx_word' id='word_1_265' title='bbox 2395 844 2680 913; x_wconf 87' lang='lat' dir='ltr'><strong>imperium</strong></span> <span class='ocrx_word' id='word_1_266' title='bbox 2730 843 2957 908; x_wconf 86' lang='lat' dir='ltr'><strong>habens,</strong></span> <span class='ocrx_word' id='word_1_267' title='bbox 2987 858 3091 914; x_wconf 86' lang='lat' dir='ltr'><strong>qua</strong></span> <span class='ocrx_word' id='word_1_268' title='bbox 3121 858 3251 897; x_wconf 86' lang='lat' dir='ltr'><strong>vero</strong></span> <span class='ocrx_word' id='word_1_269' title='bbox 3282 841 3444 895; x_wconf 91' lang='lat' dir='ltr'><strong>homo</strong></span> <span class='ocrx_word' id='word_1_270' title='bbox 3487 847 3591 903; x_wconf 88' lang='lat' dir='ltr'><strong>est,</strong></span> <span class='ocrx_word' id='word_1_271' title='bbox 3628 851 3661 891; x_wconf 76' lang='grc' dir='ltr'><strong>ιι</strong></span> 
     </span>
    </p>
   </div>
   <div class='ocr_carea' id='block_1_38' title="bbox 2080 934 3661 1006">
    <p class='ocr_par' dir='ltr' id='par_1_38' title="bbox 2080 934 3661 1006">
     <span class='ocr_line' id='line_1_38' title="bbox 2080 934 3661 1006; baseline -0.003 -19"><span class='ocrx_word' id='word_1_272' title='bbox 2080 934 2238 989; x_wconf 81' lang='lat' dir='ltr'><strong>Patre</strong></span> <span class='ocrx_word' id='word_1_273' title='bbox 2268 935 2468 988; x_wconf 89' lang='lat' dir='ltr'><strong>dicitur</strong></span> <span class='ocrx_word' id='word_1_274' title='bbox 2498 950 2722 1003; x_wconf 76' lang='lat' dir='ltr'><strong>regnum</strong></span> <span class='ocrx_word' id='word_1_275' title='bbox 2759 938 3042 1006; x_wconf 88' lang='lat' dir='ltr'><strong>accipere;</strong></span> <span class='ocrx_word' id='word_1_276' title='bbox 3085 935 3242 990; x_wconf 88' lang='lat' dir='ltr'><strong>sicuti</strong></span> <span class='ocrx_word' id='word_1_277' title='bbox 3288 942 3342 989; x_wconf 89' lang='lat' dir='ltr'><strong>et</strong></span> <span class='ocrx_word' id='word_1_278' title='bbox 3394 934 3511 1003; x_wconf 89' lang='lat' dir='ltr'><strong>ipse</strong></span> <span class='ocrx_word' id='word_1_279' title='bbox 3540 944 3661 1000; x_wconf 76' lang='lat' dir='ltr'><strong>p05!</strong></span> 
     </span>
    </p>
   </div>
   <div class='ocr_carea' id='block_1_39' title="bbox 2081 1021 3656 1098">
    <p class='ocr_par' dir='ltr' id='par_1_39' title="bbox 2081 1021 3656 1098">
     <span class='ocr_line' id='line_1_39' title="bbox 2081 1021 3656 1098; baseline -0.003 -19"><span class='ocrx_word' id='word_1_280' title='bbox 2081 1026 2531 1081; x_wconf 83' lang='lat' dir='ltr'><strong>resurrectionem</strong></span> <span class='ocrx_word' id='word_1_281' title='bbox 2579 1027 2861 1098; x_wconf 85' lang='lat' dir='ltr'><strong>discipulis</strong></span> <span class='ocrx_word' id='word_1_282' title='bbox 2890 1044 2903 1083; x_wconf 89' lang='lat'><strong>:</strong></span> <span class='ocrx_word' id='word_1_283' title='bbox 2938 1045 2957 1079; x_wconf 75' lang='grc' dir='ltr'><strong>ι</strong></span> <span class='ocrx_word' id='word_1_284' title='bbox 2999 1030 3126 1083; x_wconf 87' lang='lat' dir='ltr'><strong>Data</strong></span> <span class='ocrx_word' id='word_1_285' title='bbox 3162 1035 3245 1082; x_wconf 89' lang='lat' dir='ltr'><strong>est</strong></span> <span class='ocrx_word' id='word_1_286' title='bbox 3274 1024 3427 1091; x_wconf 91' lang='lat' dir='ltr'><strong>mihi,</strong></span> <span class='ocrx_word' id='word_1_287' title='bbox 3461 1021 3656 1093; x_wconf 89' lang='lat' dir='ltr'><strong>inquit,</strong></span> 
     </span>
    </p>
   </div>
   <div class='ocr_carea' id='block_1_40' title="bbox 2080 1117 3299 1186">
    <p class='ocr_par' dir='ltr' id='par_1_40' title="bbox 2080 1117 3299 1186">
     <span class='ocr_line' id='line_1_40' title="bbox 2080 1117 3299 1186; baseline 0 -15"><span class='ocrx_word' id='word_1_288' title='bbox 2080 1118 2263 1171; x_wconf 90' lang='lat' dir='ltr'><strong>omnis</strong></span> <span class='ocrx_word' id='word_1_289' title='bbox 2293 1126 2529 1186; x_wconf 80' lang='lat' dir='ltr'><strong>potestas</strong></span> <span class='ocrx_word' id='word_1_290' title='bbox 2558 1117 2611 1173; x_wconf 89' lang='lat' dir='ltr'><strong>in</strong></span> <span class='ocrx_word' id='word_1_291' title='bbox 2652 1118 2790 1175; x_wconf 77' lang='lat' dir='ltr'><strong>cmlo</strong></span> <span class='ocrx_word' id='word_1_292' title='bbox 2814 1130 2867 1175; x_wconf 91' lang='lat' dir='ltr'><strong>et</strong></span> <span class='ocrx_word' id='word_1_293' title='bbox 2902 1121 2954 1174; x_wconf 90' lang='lat' dir='ltr'><strong>in</strong></span> <span class='ocrx_word' id='word_1_294' title='bbox 3002 1128 3143 1174; x_wconf 88' lang='lat' dir='ltr'><strong>terra</strong></span> <span class='ocrx_word' id='word_1_295' title='bbox 3176 1119 3242 1172; x_wconf 77' lang='lat'><strong>&quot;.</strong></span> <span class='ocrx_word' id='word_1_296' title='bbox 3281 1136 3299 1171; x_wconf 78' lang='grc' dir='ltr'><strong>ι</strong></span> 
     </span>
    </p>
   </div>
   <div class='ocr_carea' id='block_1_41' title="bbox 2155 1292 3660 1367">
    <p class='ocr_par' dir='ltr' id='par_1_41' title="bbox 2155 1292 3660 1367">
     <span class='ocr_line' id='line_1_41' title="bbox 2155 1292 3660 1367; baseline 0.001 -21"><span class='ocrx_word' id='word_1_297' title='bbox 2155 1318 2185 1346; x_wconf 76' lang='grc' dir='ltr'>ι</span> <span class='ocrx_word' id='word_1_298' title='bbox 2222 1298 2285 1351; x_wconf 88' lang='lat' dir='ltr'><strong>Et</strong></span> <span class='ocrx_word' id='word_1_299' title='bbox 2322 1298 2567 1367; x_wconf 75' lang='lat' dir='ltr'><strong>regnabit</strong></span> <span class='ocrx_word' id='word_1_300' title='bbox 2596 1299 2648 1352; x_wconf 92' lang='lat' dir='ltr'><strong>in</strong></span> <span class='ocrx_word' id='word_1_301' title='bbox 2680 1298 2840 1353; x_wconf 90' lang='lat' dir='ltr'><strong>domo</strong></span> <span class='ocrx_word' id='word_1_302' title='bbox 2871 1296 3038 1354; x_wconf 75' lang='lat' dir='ltr'><strong>Iacob</strong></span> <span class='ocrx_word' id='word_1_303' title='bbox 3072 1300 3125 1352; x_wconf 93' lang='lat' dir='ltr'><strong>in</strong></span> <span class='ocrx_word' id='word_1_304' title='bbox 3164 1305 3448 1351; x_wconf 67' lang='lat' dir='ltr'><strong>aeternum.</strong></span> <span class='ocrx_word' id='word_1_305' title='bbox 3491 1312 3511 1347; x_wconf 75' lang='grc' dir='ltr'><strong>ι</strong></span> <span class='ocrx_word' id='word_1_306' title='bbox 3542 1292 3660 1349; x_wconf 85' lang='grc' dir='ltr'>Νοη</span> 
     </span>
    </p>
   </div>
   <div class='ocr_carea' id='block_1_42' title="bbox 2082 1386 3675 1461">
    <p class='ocr_par' dir='ltr' id='par_1_42' title="bbox 2082 1386 3675 1461">
     <span class='ocr_line' id='line_1_42' title="bbox 2082 1386 3675 1461; baseline -0.001 -19"><span class='ocrx_word' id='word_1_307' title='bbox 2082 1388 2150 1443; x_wconf 91' lang='lat' dir='ltr'><strong>de</strong></span> <span class='ocrx_word' id='word_1_308' title='bbox 2176 1388 2419 1443; x_wconf 85' lang='lat' dir='ltr'><strong>sensibili</strong></span> <span class='ocrx_word' id='word_1_309' title='bbox 2447 1387 2615 1445; x_wconf 78' lang='lat' dir='ltr'><strong>Jacob</strong></span> <span class='ocrx_word' id='word_1_310' title='bbox 2643 1389 2921 1461; x_wconf 82' lang='lat' dir='ltr'><strong>loquitur;</strong></span> <span class='ocrx_word' id='word_1_311' title='bbox 2957 1391 3043 1445; x_wconf 90' lang='lat' dir='ltr'><strong>hic</strong></span> <span class='ocrx_word' id='word_1_312' title='bbox 3077 1389 3220 1445; x_wconf 88' lang='lat' dir='ltr'><strong>enim</strong></span> <span class='ocrx_word' id='word_1_313' title='bbox 3252 1388 3480 1457; x_wconf 88' lang='lat' dir='ltr'><strong>ejectus,</strong></span> <span class='ocrx_word' id='word_1_314' title='bbox 3511 1386 3675 1440; x_wconf 80' lang='lat' dir='ltr'><strong>odio-</strong></span> 
     </span>
    </p>
   </div>
   <div class='ocr_carea' id='block_1_43' title="bbox 2082 1477 3670 1551">
    <p class='ocr_par' dir='ltr' id='par_1_43' title="bbox 2082 1477 3670 1551">
     <span class='ocr_line' id='line_1_43' title="bbox 2082 1477 3670 1551; baseline -0.003 -18"><span class='ocrx_word' id='word_1_315' title='bbox 2082 1495 2187 1551; x_wconf 87' lang='lat' dir='ltr'><strong>que</strong></span> <span class='ocrx_word' id='word_1_316' title='bbox 2216 1489 2300 1535; x_wconf 88' lang='lat' dir='ltr'><strong>esl</strong></span> <span class='ocrx_word' id='word_1_317' title='bbox 2334 1481 2572 1545; x_wconf 86' lang='lat' dir='ltr'><strong>habitus,</strong></span> <span class='ocrx_word' id='word_1_318' title='bbox 2604 1494 2886 1551; x_wconf 79' lang='lat' dir='ltr'><strong>postquam</strong></span> <span class='ocrx_word' id='word_1_319' title='bbox 2916 1483 2969 1536; x_wconf 91' lang='lat' dir='ltr'><strong>in</strong></span> <span class='ocrx_word' id='word_1_320' title='bbox 2997 1482 3332 1536; x_wconf 81' lang='lat' dir='ltr'><strong>conditorem</strong></span> <span class='ocrx_word' id='word_1_321' title='bbox 3364 1477 3670 1533; x_wconf 82' lang='lat' dir='ltr'><strong>debaccha-</strong></span> 
     </span>
    </p>
   </div>
   <div class='ocr_carea' id='block_1_44' title="bbox 2083 1568 3669 1643">
    <p class='ocr_par' dir='ltr' id='par_1_44' title="bbox 2083 1568 3669 1643">
     <span class='ocr_line' id='line_1_44' title="bbox 2083 1568 3669 1643; baseline -0.002 -19"><span class='ocrx_word' id='word_1_322' title='bbox 2083 1574 2172 1625; x_wconf 92' lang='lat' dir='ltr'><strong>tus</strong></span> <span class='ocrx_word' id='word_1_323' title='bbox 2200 1579 2285 1626; x_wconf 87' lang='lat' dir='ltr'><strong>est</strong></span> <span class='ocrx_word' id='word_1_324' title='bbox 2312 1586 2468 1626; x_wconf 90' lang='lat' dir='ltr'><strong>suum</strong></span> <span class='ocrx_word' id='word_1_325' title='bbox 2499 1588 2515 1627; x_wconf 88' lang='lat'><strong>:</strong></span> <span class='ocrx_word' id='word_1_326' title='bbox 2546 1574 2639 1627; x_wconf 89' lang='lat' dir='ltr'><strong>sed</strong></span> <span class='ocrx_word' id='word_1_327' title='bbox 2672 1573 2740 1628; x_wconf 88' lang='lat' dir='ltr'><strong>de</strong></span> <span class='ocrx_word' id='word_1_328' title='bbox 2775 1572 3044 1643; x_wconf 88' lang='lat' dir='ltr'><strong>spirituali</strong></span> <span class='ocrx_word' id='word_1_329' title='bbox 3094 1570 3258 1626; x_wconf 89' lang='lat' dir='ltr'><strong>Israel</strong></span> <span class='ocrx_word' id='word_1_330' title='bbox 3307 1585 3371 1627; x_wconf 83' lang='lat' dir='ltr'><strong>ex</strong></span> <span class='ocrx_word' id='word_1_331' title='bbox 3418 1568 3669 1623; x_wconf 89' lang='lat' dir='ltr'><strong>omnibus</strong></span> 
     </span>
    </p>
   </div>
   <div class='ocr_carea' id='block_1_45' title="bbox 2085 1660 3668 1735">
    <p class='ocr_par' dir='ltr' id='par_1_45' title="bbox 2085 1660 3668 1735">
     <span class='ocr_line' id='line_1_45' title="bbox 2085 1660 3668 1735; baseline 0.002 -19"><span class='ocrx_word' id='word_1_332' title='bbox 2085 1663 2335 1733; x_wconf 77' lang='lat' dir='ltr'><strong>gentibus</strong></span> <span class='ocrx_word' id='word_1_333' title='bbox 2380 1672 2709 1735; x_wconf 78' lang='lat' dir='ltr'><strong>congregato</strong></span> <span class='ocrx_word' id='word_1_334' title='bbox 2748 1665 3044 1721; x_wconf 88' lang='lat' dir='ltr'><strong>secundum</strong></span> <span class='ocrx_word' id='word_1_335' title='bbox 3086 1665 3406 1720; x_wconf 80' lang='lat' dir='ltr'><strong>electionem</strong></span> <span class='ocrx_word' id='word_1_336' title='bbox 3455 1660 3668 1732; x_wconf 64' lang='lat' dir='ltr'><strong>gratiae.</strong></span> 
     </span>
    </p>
   </div>
   <div class='ocr_carea' id='block_1_46' title="bbox 2088 1753 3672 1829">
    <p class='ocr_par' dir='ltr' id='par_1_46' title="bbox 2088 1753 3672 1829">
     <span class='ocr_line' id='line_1_46' title="bbox 2088 1753 3672 1829; baseline -0.001 -20"><span class='ocrx_word' id='word_1_337' title='bbox 2088 1757 2178 1825; x_wconf 89' lang='lat' dir='ltr'><strong>qui</strong></span> <span class='ocrx_word' id='word_1_338' title='bbox 2209 1768 2292 1813; x_wconf 91' lang='lat' dir='ltr'><strong>est</strong></span> <span class='ocrx_word' id='word_1_339' title='bbox 2324 1772 2458 1827; x_wconf 73' lang='lat' dir='ltr'><strong>gens</strong></span> <span class='ocrx_word' id='word_1_340' title='bbox 2484 1770 2694 1823; x_wconf 88' lang='lat' dir='ltr'><strong>sancta,</strong></span> <span class='ocrx_word' id='word_1_341' title='bbox 2720 1768 2775 1812; x_wconf 92' lang='lat' dir='ltr'><strong>et</strong></span> <span class='ocrx_word' id='word_1_342' title='bbox 2800 1758 2977 1829; x_wconf 77' lang='lat' dir='ltr'><strong>regale</strong></span> <span class='ocrx_word' id='word_1_343' title='bbox 3007 1758 3370 1815; x_wconf 87' lang='lat' dir='ltr'><strong>sacerdotium</strong></span> <span class='ocrx_word' id='word_1_344' title='bbox 3396 1756 3464 1809; x_wconf 81' lang='lat'><strong>”.</strong></span> <span class='ocrx_word' id='word_1_345' title='bbox 3496 1753 3672 1823; x_wconf 81' lang='lat' dir='ltr'><strong>Super</strong></span> 
     </span>
    </p>
   </div>
   <div class='ocr_carea' id='block_1_47' title="bbox 2087 1845 3672 1918">
    <p class='ocr_par' dir='ltr' id='par_1_47' title="bbox 2087 1845 3672 1918">
     <span class='ocr_line' id='line_1_47' title="bbox 2087 1845 3672 1918; baseline -0.003 -17"><span class='ocrx_word' id='word_1_346' title='bbox 2087 1846 2309 1916; x_wconf 87' lang='lat' dir='ltr'><strong>hujusce</strong></span> <span class='ocrx_word' id='word_1_347' title='bbox 2357 1848 2528 1903; x_wconf 87' lang='lat' dir='ltr'><strong>lidelis</strong></span> <span class='ocrx_word' id='word_1_348' title='bbox 2569 1847 2738 1903; x_wconf 82' lang='lat' dir='ltr'><strong>Jacob</strong></span> <span class='ocrx_word' id='word_1_349' title='bbox 2782 1852 2998 1904; x_wconf 89' lang='lat' dir='ltr'><strong>domum</strong></span> <span class='ocrx_word' id='word_1_350' title='bbox 3042 1848 3292 1903; x_wconf 86' lang='lat' dir='ltr'><strong>Christus</strong></span> <span class='ocrx_word' id='word_1_351' title='bbox 3331 1846 3577 1918; x_wconf 79' lang='lat' dir='ltr'><strong>regnavit</strong></span> <span class='ocrx_word' id='word_1_352' title='bbox 3617 1845 3672 1897; x_wconf 92' lang='lat' dir='ltr'><strong>in</strong></span> 
     </span>
    </p>
   </div>
   <div class='ocr_carea' id='block_1_48' title="bbox 2090 1936 3672 2010">
    <p class='ocr_par' dir='ltr' id='par_1_48' title="bbox 2090 1936 3672 2010">
     <span class='ocr_line' id='line_1_48' title="bbox 2090 1936 3672 2010; baseline -0.001 -18"><span class='ocrx_word' id='word_1_353' title='bbox 2090 1946 2376 2004; x_wconf 80' lang='lat' dir='ltr'><strong>aeternum,</strong></span> <span class='ocrx_word' id='word_1_354' title='bbox 2404 1940 2562 2010; x_wconf 86' lang='lat' dir='ltr'><strong>cujus</strong></span> <span class='ocrx_word' id='word_1_355' title='bbox 2592 1952 2816 2007; x_wconf 72' lang='lat' dir='ltr'><strong>regnum</strong></span> <span class='ocrx_word' id='word_1_356' title='bbox 2850 1954 2956 1995; x_wconf 88' lang='lat' dir='ltr'><strong>non</strong></span> <span class='ocrx_word' id='word_1_357' title='bbox 2985 1940 3146 1994; x_wconf 85' lang='lat' dir='ltr'><strong>habet</strong></span> <span class='ocrx_word' id='word_1_358' title='bbox 3173 1938 3355 1994; x_wconf 85' lang='lat' dir='ltr'><strong>linem.</strong></span> <span class='ocrx_word' id='word_1_359' title='bbox 3391 1939 3530 2006; x_wconf 86' lang='lat' dir='ltr'><strong>Quid</strong></span> <span class='ocrx_word' id='word_1_360' title='bbox 3565 1936 3672 2010; x_wconf 74' lang='lat' dir='ltr'><strong>igi-</strong></span> 
     </span>
    </p>
   </div>
   <div class='ocr_carea' id='block_1_49' title="bbox 2094 2035 3668 2109">
    <p class='ocr_par' dir='ltr' id='par_1_49' title="bbox 2094 2035 3668 2109">
     <span class='ocr_line' id='line_1_49' title="bbox 2094 2035 3668 2109; baseline 0.004 -21"><span class='ocrx_word' id='word_1_361' title='bbox 2094 2046 2181 2089; x_wconf 91' lang='lat' dir='ltr'><strong>tur</strong></span> <span class='ocrx_word' id='word_1_362' title='bbox 2214 2035 2281 2090; x_wconf 88' lang='lat' dir='ltr'><strong>ad</strong></span> <span class='ocrx_word' id='word_1_363' title='bbox 2330 2036 2444 2092; x_wconf 60' lang='lat' dir='ltr'><strong>haec</strong></span> <span class='ocrx_word' id='word_1_364' title='bbox 2489 2036 2693 2092; x_wconf 80' lang='lat' dir='ltr'><strong>Maria?</strong></span> <span class='ocrx_word' id='word_1_365' title='bbox 2738 2035 2938 2108; x_wconf 83' lang='lat' dir='ltr'><strong>Accipe</strong></span> <span class='ocrx_word' id='word_1_366' title='bbox 2984 2052 3135 2108; x_wconf 72' lang='lat' dir='ltr'><strong>pura:</strong></span> <span class='ocrx_word' id='word_1_367' title='bbox 3169 2038 3398 2109; x_wconf 74' lang='lat' dir='ltr'><strong>Virginis</strong></span> <span class='ocrx_word' id='word_1_368' title='bbox 3428 2053 3615 2093; x_wconf 87' lang='lat' dir='ltr'><strong>vocem</strong></span> <span class='ocrx_word' id='word_1_369' title='bbox 3652 2057 3668 2094; x_wconf 90' lang='lat'><strong>:</strong></span> 
     </span>
    </p>
   </div>
   <div class='ocr_carea' id='block_1_50' title="bbox 2096 2126 3664 2200">
    <p class='ocr_par' dir='ltr' id='par_1_50' title="bbox 2096 2126 3664 2200">
     <span class='ocr_line' id='line_1_50' title="bbox 2096 2126 3664 2200; baseline 0.002 -22"><span class='ocrx_word' id='word_1_370' title='bbox 2096 2145 2114 2178; x_wconf 75' lang='grc' dir='ltr'><strong>ι</strong></span> <span class='ocrx_word' id='word_1_371' title='bbox 2137 2126 2419 2194; x_wconf 85' lang='lat' dir='ltr'><strong>Quomodo</strong></span> <span class='ocrx_word' id='word_1_372' title='bbox 2439 2129 2527 2184; x_wconf 90' lang='lat' dir='ltr'><strong>liet</strong></span> <span class='ocrx_word' id='word_1_373' title='bbox 2559 2129 2706 2185; x_wconf 88' lang='lat' dir='ltr'><strong>istud</strong></span> <span class='ocrx_word' id='word_1_374' title='bbox 2722 2129 2975 2199; x_wconf 86' lang='lat' dir='ltr'><strong>quoniam</strong></span> <span class='ocrx_word' id='word_1_375' title='bbox 2996 2130 3166 2184; x_wconf 87' lang='lat' dir='ltr'><strong>virum</strong></span> <span class='ocrx_word' id='word_1_376' title='bbox 3196 2144 3300 2183; x_wconf 90' lang='lat' dir='ltr'><strong>non</strong></span> <span class='ocrx_word' id='word_1_377' title='bbox 3318 2129 3619 2200; x_wconf 77' lang='lat' dir='ltr'><strong>cognosro?</strong></span> <span class='ocrx_word' id='word_1_378' title='bbox 3646 2149 3664 2181; x_wconf 76' lang='grc' dir='ltr'><strong>ι</strong></span> 
     </span>
    </p>
   </div>
   <div class='ocr_carea' id='block_1_51' title="bbox 2090 2215 3670 2290">
    <p class='ocr_par' dir='ltr' id='par_1_51' title="bbox 2090 2215 3670 2290">
     <span class='ocr_line' id='line_1_51' title="bbox 2090 2215 3670 2290; baseline 0.002 -19"><span class='ocrx_word' id='word_1_379' title='bbox 2090 2215 2257 2272; x_wconf 83' lang='lat' dir='ltr'><strong>Norat</strong></span> <span class='ocrx_word' id='word_1_380' title='bbox 2287 2218 2485 2289; x_wconf 87' lang='lat' dir='ltr'><strong>quippe</strong></span> <span class='ocrx_word' id='word_1_381' title='bbox 2513 2217 2805 2290; x_wconf 88' lang='lat' dir='ltr'><strong>Josephum</strong></span> <span class='ocrx_word' id='word_1_382' title='bbox 2852 2235 2960 2274; x_wconf 90' lang='lat' dir='ltr'><strong>non</strong></span> <span class='ocrx_word' id='word_1_383' title='bbox 2999 2219 3171 2275; x_wconf 86' lang='lat' dir='ltr'><strong>virum</strong></span> <span class='ocrx_word' id='word_1_384' title='bbox 3203 2220 3329 2285; x_wconf 88' lang='lat' dir='ltr'><strong>sibi,</strong></span> <span class='ocrx_word' id='word_1_385' title='bbox 3360 2221 3451 2274; x_wconf 91' lang='lat' dir='ltr'><strong>sed</strong></span> <span class='ocrx_word' id='word_1_386' title='bbox 3482 2230 3670 2275; x_wconf 91' lang='lat' dir='ltr'><strong>custo-</strong></span> 
     </span>
    </p>
   </div>
   <div class='ocr_carea' id='block_1_52' title="bbox 2092 2308 3672 2382">
    <p class='ocr_par' dir='ltr' id='par_1_52' title="bbox 2092 2308 3672 2382">
     <span class='ocr_line' id='line_1_52' title="bbox 2092 2308 3672 2382; baseline 0.003 -20"><span class='ocrx_word' id='word_1_387' title='bbox 2092 2308 2213 2363; x_wconf 89' lang='lat' dir='ltr'><strong>dem</strong></span> <span class='ocrx_word' id='word_1_388' title='bbox 2245 2310 2428 2364; x_wconf 87' lang='lat' dir='ltr'><strong>datum</strong></span> <span class='ocrx_word' id='word_1_389' title='bbox 2465 2327 2481 2365; x_wconf 91' lang='lat'><strong>:</strong></span> <span class='ocrx_word' id='word_1_390' title='bbox 2514 2326 2615 2365; x_wconf 90' lang='lat' dir='ltr'><strong>nec</strong></span> <span class='ocrx_word' id='word_1_391' title='bbox 2647 2310 2762 2366; x_wconf 77' lang='lat' dir='ltr'><strong>ﬁeri</strong></span> <span class='ocrx_word' id='word_1_392' title='bbox 2794 2326 2955 2382; x_wconf 87' lang='lat' dir='ltr'><strong>posse</strong></span> <span class='ocrx_word' id='word_1_393' title='bbox 2998 2323 3057 2366; x_wconf 91' lang='lat' dir='ltr'><strong>ut</strong></span> <span class='ocrx_word' id='word_1_394' title='bbox 3091 2312 3204 2381; x_wconf 88' lang='lat' dir='ltr'><strong>ipsa</strong></span> <span class='ocrx_word' id='word_1_395' title='bbox 3243 2327 3364 2367; x_wconf 85' lang='lat' dir='ltr'><strong>cum</strong></span> <span class='ocrx_word' id='word_1_396' title='bbox 3397 2313 3512 2367; x_wconf 90' lang='lat' dir='ltr'><strong>viro</strong></span> <span class='ocrx_word' id='word_1_397' title='bbox 3538 2328 3672 2366; x_wconf 84' lang='lat' dir='ltr'><strong>con-</strong></span> 
     </span>
    </p>
   </div>
   <div class='ocr_carea' id='block_1_53' title="bbox 2092 2403 3674 2475">
    <p class='ocr_par' dir='ltr' id='par_1_53' title="bbox 2092 2403 3674 2475">
     <span class='ocr_line' id='line_1_53' title="bbox 2092 2403 3674 2475; baseline 0.003 -21"><span class='ocrx_word' id='word_1_398' title='bbox 2092 2403 2437 2458; x_wconf 88' lang='lat' dir='ltr'><strong>suetudinem</strong></span> <span class='ocrx_word' id='word_1_399' title='bbox 2488 2404 2731 2460; x_wconf 86' lang='lat' dir='ltr'><strong>haberet.</strong></span> <span class='ocrx_word' id='word_1_400' title='bbox 2780 2403 2838 2458; x_wconf 92' lang='lat' dir='ltr'><strong>Si</strong></span> <span class='ocrx_word' id='word_1_401' title='bbox 2872 2404 3017 2460; x_wconf 88' lang='lat' dir='ltr'><strong>enim</strong></span> <span class='ocrx_word' id='word_1_402' title='bbox 3069 2415 3340 2475; x_wconf 81' lang='lat' dir='ltr'><strong>sperasset</strong></span> <span class='ocrx_word' id='word_1_403' title='bbox 3384 2403 3674 2475; x_wconf 86' lang='lat' dir='ltr'><strong>aliquando</strong></span> 
     </span>
    </p>
   </div>
   <div class='ocr_carea' id='block_1_54' title="bbox 2096 2489 3672 2564">
    <p class='ocr_par' dir='ltr' id='par_1_54' title="bbox 2096 2489 3672 2564">
     <span class='ocr_line' id='line_1_54' title="bbox 2096 2489 3672 2564; baseline 0.004 -19"><span class='ocrx_word' id='word_1_404' title='bbox 2096 2489 2333 2546; x_wconf 82' lang='lat' dir='ltr'><strong>futurum</strong></span> <span class='ocrx_word' id='word_1_405' title='bbox 2385 2504 2445 2548; x_wconf 93' lang='lat' dir='ltr'><strong>ut</strong></span> <span class='ocrx_word' id='word_1_406' title='bbox 2473 2508 2596 2549; x_wconf 89' lang='lat' dir='ltr'><strong>cum</strong></span> <span class='ocrx_word' id='word_1_407' title='bbox 2620 2492 2822 2563; x_wconf 70' lang='lat' dir='ltr'><strong>Ioseph</strong></span> <span class='ocrx_word' id='word_1_408' title='bbox 2850 2494 2967 2564; x_wconf 75' lang='lat' dir='ltr'><strong>lege</strong></span> <span class='ocrx_word' id='word_1_409' title='bbox 2998 2505 3201 2550; x_wconf 65' lang='lat' dir='ltr'><strong>natura:</strong></span> <span class='ocrx_word' id='word_1_410' title='bbox 3231 2497 3672 2552; x_wconf 85' lang='lat' dir='ltr'><strong>consuetudinem</strong></span> 
     </span>
    </p>
   </div>
   <div class='ocr_carea' id='block_1_55' title="bbox 2094 2583 3674 2657">
    <p class='ocr_par' dir='ltr' id='par_1_55' title="bbox 2094 2583 3674 2657">
     <span class='ocr_line' id='line_1_55' title="bbox 2094 2583 3674 2657; baseline 0.002 -19"><span class='ocrx_word' id='word_1_411' title='bbox 2094 2583 2342 2648; x_wconf 87' lang='lat' dir='ltr'><strong>haberet,</strong></span> <span class='ocrx_word' id='word_1_412' title='bbox 2380 2600 2656 2655; x_wconf 88' lang='lat' dir='ltr'><strong>nunquam</strong></span> <span class='ocrx_word' id='word_1_413' title='bbox 2685 2600 2818 2641; x_wconf 83' lang='lat' dir='ltr'><strong>sane</strong></span> <span class='ocrx_word' id='word_1_414' title='bbox 2858 2596 3072 2656; x_wconf 89' lang='lat' dir='ltr'><strong>partum</strong></span> <span class='ocrx_word' id='word_1_415' title='bbox 3116 2586 3505 2657; x_wconf 86' lang='lat' dir='ltr'><strong>impossibilem</strong></span> <span class='ocrx_word' id='word_1_416' title='bbox 3540 2601 3674 2643; x_wconf 84' lang='lat' dir='ltr'><strong>cen-</strong></span> 
     </span>
    </p>
   </div>
   <div class='ocr_carea' id='block_1_56' title="bbox 2093 2673 3678 2749">
    <p class='ocr_par' dir='ltr' id='par_1_56' title="bbox 2093 2673 3678 2749">
     <span class='ocr_line' id='line_1_56' title="bbox 2093 2673 3678 2749; baseline 0.003 -22"><span class='ocrx_word' id='word_1_417' title='bbox 2093 2673 2318 2740; x_wconf 86' lang='lat' dir='ltr'><strong>suisset,</strong></span> <span class='ocrx_word' id='word_1_418' title='bbox 2343 2691 2466 2730; x_wconf 91' lang='lat' dir='ltr'><strong>cum</strong></span> <span class='ocrx_word' id='word_1_419' title='bbox 2499 2677 2700 2749; x_wconf 65' lang='lat' dir='ltr'><strong>nuptias</strong></span> <span class='ocrx_word' id='word_1_420' title='bbox 2728 2676 2837 2732; x_wconf 90' lang='lat' dir='ltr'><strong>sint</strong></span> <span class='ocrx_word' id='word_1_421' title='bbox 2858 2691 3024 2732; x_wconf 89' lang='lat' dir='ltr'><strong>causa</strong></span> <span class='ocrx_word' id='word_1_422' title='bbox 3055 2684 3350 2748; x_wconf 86' lang='lat' dir='ltr'><strong>conceptus</strong></span> <span class='ocrx_word' id='word_1_423' title='bbox 3381 2679 3511 2734; x_wconf 89' lang='lat' dir='ltr'><strong>:sed</strong></span> <span class='ocrx_word' id='word_1_424' title='bbox 3537 2694 3678 2749; x_wconf 75' lang='lat' dir='ltr'><strong>quo-</strong></span> 
     </span>
    </p>
   </div>
   <div class='ocr_carea' id='block_1_57' title="bbox 2094 2767 3679 2841">
    <p class='ocr_par' dir='ltr' id='par_1_57' title="bbox 2094 2767 3679 2841">
     <span class='ocr_line' id='line_1_57' title="bbox 2094 2767 3679 2841; baseline 0.003 -20"><span class='ocrx_word' id='word_1_425' title='bbox 2094 2767 2240 2822; x_wconf 82' lang='lat' dir='ltr'><strong>niam</strong></span> <span class='ocrx_word' id='word_1_426' title='bbox 2288 2775 2497 2823; x_wconf 86' lang='lat' dir='ltr'><strong>certum</strong></span> <span class='ocrx_word' id='word_1_427' title='bbox 2531 2769 2636 2824; x_wconf 86' lang='lat' dir='ltr'><strong>sibi</strong></span> <span class='ocrx_word' id='word_1_428' title='bbox 2692 2784 2758 2824; x_wconf 89' lang='lat' dir='ltr'><strong>ac</strong></span> <span class='ocrx_word' id='word_1_429' title='bbox 2805 2784 3125 2841; x_wconf 84' lang='lat' dir='ltr'><strong>persuasum</strong></span> <span class='ocrx_word' id='word_1_430' title='bbox 3159 2779 3293 2835; x_wconf 84' lang='lat' dir='ltr'><strong>erat,</strong></span> <span class='ocrx_word' id='word_1_431' title='bbox 3330 2784 3387 2825; x_wconf 88' lang='lat' dir='ltr'><strong>se</strong></span> <span class='ocrx_word' id='word_1_432' title='bbox 3422 2770 3531 2824; x_wconf 88' lang='lat' dir='ltr'><strong>Deo</strong></span> <span class='ocrx_word' id='word_1_433' title='bbox 3558 2786 3679 2826; x_wconf 80' lang='lat' dir='ltr'><strong>esse</strong></span> 
     </span>
    </p>
   </div>
   <div class='ocr_carea' id='block_1_58' title="bbox 2094 2857 3677 2934">
    <p class='ocr_par' dir='ltr' id='par_1_58' title="bbox 2094 2857 3677 2934">
     <span class='ocr_line' id='line_1_58' title="bbox 2094 2857 3677 2934; baseline 0.004 -21"><span class='ocrx_word' id='word_1_434' title='bbox 2094 2857 2369 2924; x_wconf 80' lang='lat' dir='ltr'><strong>devotam,</strong></span> <span class='ocrx_word' id='word_1_435' title='bbox 2410 2876 2514 2917; x_wconf 89' lang='lat' dir='ltr'><strong>nec</strong></span> <span class='ocrx_word' id='word_1_436' title='bbox 2544 2877 2782 2934; x_wconf 87' lang='lat' dir='ltr'><strong>unquam</strong></span> <span class='ocrx_word' id='word_1_437' title='bbox 2817 2862 2920 2918; x_wconf 88' lang='lat' dir='ltr'><strong>sibi</strong></span> <span class='ocrx_word' id='word_1_438' title='bbox 2953 2863 3305 2919; x_wconf 77' lang='lat' dir='ltr'><strong>auferendum</strong></span> <span class='ocrx_word' id='word_1_439' title='bbox 3346 2863 3677 2934; x_wconf 77' lang='lat' dir='ltr'><strong>virginitatis</strong></span> 
     </span>
    </p>
   </div>
   <div class='ocr_carea' id='block_1_59' title="bbox 2095 2949 3679 3024">
    <p class='ocr_par' dir='ltr' id='par_1_59' title="bbox 2095 2949 3679 3024">
     <span class='ocr_line' id='line_1_59' title="bbox 2095 2949 3679 3024; baseline 0.004 -19"><span class='ocrx_word' id='word_1_440' title='bbox 2095 2949 2302 3017; x_wconf 83' lang='lat' dir='ltr'><strong>liorem,</strong></span> <span class='ocrx_word' id='word_1_441' title='bbox 2338 2954 2535 3009; x_wconf 89' lang='lat' dir='ltr'><strong>merito</strong></span> <span class='ocrx_word' id='word_1_442' title='bbox 2560 2970 2690 3011; x_wconf 87' lang='lat' dir='ltr'><strong>sane</strong></span> <span class='ocrx_word' id='word_1_443' title='bbox 2712 2956 2780 3010; x_wconf 91' lang='lat' dir='ltr'><strong>de</strong></span> <span class='ocrx_word' id='word_1_444' title='bbox 2815 2957 2974 3011; x_wconf 90' lang='lat' dir='ltr'><strong>modo</strong></span> <span class='ocrx_word' id='word_1_445' title='bbox 3002 2956 3210 3011; x_wconf 87' lang='lat' dir='ltr'><strong>dubitat</strong></span> <span class='ocrx_word' id='word_1_446' title='bbox 3242 2956 3482 3024; x_wconf 85' lang='lat' dir='ltr'><strong>pariendi</strong></span> <span class='ocrx_word' id='word_1_447' title='bbox 3513 2975 3528 3011; x_wconf 89' lang='lat'><strong>:</strong></span> <span class='ocrx_word' id='word_1_448' title='bbox 3560 2976 3578 3009; x_wconf 80' lang='grc' dir='ltr'><strong>ι</strong></span> <span class='ocrx_word' id='word_1_449' title='bbox 3611 2957 3679 3011; x_wconf 88' lang='lat' dir='ltr'><strong>Et</strong></span> 
     </span>
    </p>
   </div>
   <div class='ocr_carea' id='block_1_60' title="bbox 407 3046 1993 3129">
    <p class='ocr_par' dir='ltr' id='par_1_60' title="bbox 407 3048 1989 3124">
     <span class='ocr_line' id='line_1_60' title="bbox 407 3048 1989 3124; baseline 0.001 -24"><span class='ocrx_word' id='word_1_450' title='bbox 407 3048 557 3115; x_wconf 82' lang='grc' dir='ltr'>πῶς,</span> <span class='ocrx_word' id='word_1_451' title='bbox 592 3050 778 3118; x_wconf 67' lang='grc' dir='ltr'>φησιν,</span> <span class='ocrx_word' id='word_1_452' title='bbox 807 3049 964 3103; x_wconf 77' lang='grc' dir='ltr'>ἔσται</span> <span class='ocrx_word' id='word_1_453' title='bbox 1004 3068 1095 3121; x_wconf 85' lang='grc' dir='ltr'><strong>μοι</strong></span> <span class='ocrx_word' id='word_1_454' title='bbox 1116 3051 1294 3117; x_wconf 87' lang='grc' dir='ltr'>τοῦτο,</span> <span class='ocrx_word' id='word_1_455' title='bbox 1335 3069 1354 3103; x_wconf 77' lang='grc' dir='ltr'><strong>ι</strong></span> <span class='ocrx_word' id='word_1_456' title='bbox 1400 3049 1527 3105; x_wconf 73' lang='grc' dir='ltr'>ἐπεὶ</span> <span class='ocrx_word' id='word_1_457' title='bbox 1552 3051 1659 3106; x_wconf 87' lang='grc' dir='ltr'><strong>τῶν</strong></span> <span class='ocrx_word' id='word_1_458' title='bbox 1692 3052 1989 3124; x_wconf 82' lang='grc' dir='ltr'><strong>ἀμηχάνων</strong></span> 
     </span>
    </p>
   </div>
   <div class='ocr_carea' id='block_1_61' title="bbox 2097 3046 3678 3129">
    <p class='ocr_par' dir='ltr' id='par_1_61' title="bbox 2097 3046 3678 3120">
     <span class='ocr_line' id='line_1_61' title="bbox 2097 3046 3678 3120; baseline 0.003 -23"><span class='ocrx_word' id='word_1_459' title='bbox 2097 3046 2385 3111; x_wconf 88' lang='lat' dir='ltr'><strong>quomodo,</strong></span> <span class='ocrx_word' id='word_1_460' title='bbox 2418 3047 2616 3117; x_wconf 88' lang='lat' dir='ltr'><strong>inquit,</strong></span> <span class='ocrx_word' id='word_1_461' title='bbox 2653 3047 2756 3102; x_wconf 89' lang='lat' dir='ltr'><strong>hoc</strong></span> <span class='ocrx_word' id='word_1_462' title='bbox 2800 3046 2964 3120; x_wconf 58' lang='lat'><strong>365</strong></span> <span class='ocrx_word' id='word_1_463' title='bbox 3006 3048 3140 3102; x_wconf 87' lang='lat' dir='ltr'><strong>mihi</strong></span> <span class='ocrx_word' id='word_1_464' title='bbox 3192 3047 3304 3113; x_wconf 81' lang='lat' dir='ltr'><strong>ﬁet,</strong></span> <span class='ocrx_word' id='word_1_465' title='bbox 3340 3065 3359 3099; x_wconf 75' lang='grc' dir='ltr'><strong>ι</strong></span> <span class='ocrx_word' id='word_1_466' title='bbox 3422 3047 3678 3117; x_wconf 87' lang='lat' dir='ltr'><strong>quoniam</strong></span> 
     </span>
    </p>
   </div>
   <div class='ocr_carea' id='block_1_62' title="bbox 406 3138 1998 3214">
    <p class='ocr_par' dir='ltr' id='par_1_62' title="bbox 406 3138 1998 3214">
     <span class='ocr_line' id='line_1_62' title="bbox 406 3138 1998 3214; baseline 0.004 -23"><span class='ocrx_word' id='word_1_467' title='bbox 406 3138 567 3192; x_wconf 71' lang='grc' dir='ltr'>ἐστὶν</span> <span class='ocrx_word' id='word_1_468' title='bbox 606 3139 800 3211; x_wconf 80' lang='grc' dir='ltr'>ἀνδρὸς</span> <span class='ocrx_word' id='word_1_469' title='bbox 831 3141 1161 3212; x_wconf 79' lang='grc' dir='ltr'>πειραθῆναί</span> <span class='ocrx_word' id='word_1_470' title='bbox 1194 3141 1381 3213; x_wconf 86' lang='grc' dir='ltr'>με;’0</span> <span class='ocrx_word' id='word_1_471' title='bbox 1423 3143 1607 3197; x_wconf 85' lang='grc' dir='ltr'>τοίνυν</span> <span class='ocrx_word' id='word_1_472' title='bbox 1635 3142 1998 3214; x_wconf 80' lang='grc' dir='ltr'>ἀρχάγγελος,</span> 
     </span>
    </p>
   </div>
   <div class='ocr_carea' id='block_1_63' title="bbox 407 3229 2002 3307">
    <p class='ocr_par' dir='ltr' id='par_1_63' title="bbox 407 3229 2002 3307">
     <span class='ocr_line' id='line_1_63' title="bbox 407 3229 2002 3307; baseline 0.004 -24"><span class='ocrx_word' id='word_1_473' title='bbox 407 3229 544 3284; x_wconf 82' lang='grc' dir='ltr'><strong>ιδὼν</strong></span> <span class='ocrx_word' id='word_1_474' title='bbox 580 3231 685 3285; x_wconf 83' lang='grc' dir='ltr'><strong>οὐκ</strong></span> <span class='ocrx_word' id='word_1_475' title='bbox 720 3232 1085 3298; x_wconf 88' lang='grc' dir='ltr'>ἀπιστοῦσαν,</span> <span class='ocrx_word' id='word_1_476' title='bbox 1124 3234 1264 3288; x_wconf 84' lang='grc' dir='ltr'>ἀλλὰ</span> <span class='ocrx_word' id='word_1_477' title='bbox 1294 3234 1872 3307; x_wconf 82' lang='grc' dir='ltr'>πολυπραγμονοῦσαν</span> <span class='ocrx_word' id='word_1_478' title='bbox 1908 3237 2002 3290; x_wconf 69' lang='grc' dir='ltr'><strong>τὸν</strong></span> 
     </span>
    </p>
   </div>
   <div class='ocr_carea' id='block_1_64' title="bbox 403 3319 2003 3393">
    <p class='ocr_par' dir='ltr' id='par_1_64' title="bbox 403 3319 2003 3393">
     <span class='ocr_line' id='line_1_64' title="bbox 403 3319 2003 3393; baseline 0.004 -22"><span class='ocrx_word' id='word_1_479' title='bbox 403 3319 614 3389; x_wconf 78' lang='grc' dir='ltr'>τρόπον</span> <span class='ocrx_word' id='word_1_480' title='bbox 648 3320 865 3390; x_wconf 80' lang='grc' dir='ltr'>μαθεῖν,</span> <span class='ocrx_word' id='word_1_481' title='bbox 917 3340 934 3373; x_wconf 85' lang='grc' dir='ltr'><strong>ι</strong></span> <span class='ocrx_word' id='word_1_482' title='bbox 976 3321 1205 3393; x_wconf 86' lang='grc' dir='ltr'>Πνεῦμα</span> <span class='ocrx_word' id='word_1_483' title='bbox 1230 3362 1244 3383; x_wconf 85' lang='grc'><strong>,</strong></span> <span class='ocrx_word' id='word_1_484' title='bbox 1289 3324 1477 3393; x_wconf 83' lang='grc' dir='ltr'>φησὶν,</span> <span class='ocrx_word' id='word_1_485' title='bbox 1510 3324 1666 3391; x_wconf 80' lang='grc' dir='ltr'>ἆγιον</span> <span class='ocrx_word' id='word_1_486' title='bbox 1711 3324 2003 3377; x_wconf 75' lang='grc' dir='ltr'>ἐπελεύσε-</span> 
     </span>
    </p>
   </div>
   <div class='ocr_carea' id='block_1_65' title="bbox 404 3412 1997 3485">
    <p class='ocr_par' dir='ltr' id='par_1_65' title="bbox 404 3412 1997 3485">
     <span class='ocr_line' id='line_1_65' title="bbox 404 3412 1997 3485; baseline 0.003 -22"><span class='ocrx_word' id='word_1_487' title='bbox 404 3429 505 3463; x_wconf 86' lang='grc' dir='ltr'><strong>ται</strong></span> <span class='ocrx_word' id='word_1_488' title='bbox 531 3413 623 3465; x_wconf 77' lang='grc' dir='ltr'><strong>ὲπὶ</strong></span> <span class='ocrx_word' id='word_1_489' title='bbox 658 3412 741 3477; x_wconf 81' lang='grc' dir='ltr'>σὲ,</span> <span class='ocrx_word' id='word_1_490' title='bbox 770 3413 1112 3485; x_wconf 66' lang='grc' dir='ltr'>καΥδύναμις</span> <span class='ocrx_word' id='word_1_491' title='bbox 1154 3415 1415 3485; x_wconf 73' lang='grc' dir='ltr'>Ὑψίστου</span> <span class='ocrx_word' id='word_1_492' title='bbox 1468 3415 1781 3469; x_wconf 81' lang='grc' dir='ltr'>ἐπισκιάσει</span> <span class='ocrx_word' id='word_1_493' title='bbox 1837 3433 1942 3471; x_wconf 90' lang='grc' dir='ltr'>οοι.</span> <span class='ocrx_word' id='word_1_494' title='bbox 1978 3436 1997 3468; x_wconf 71' lang='grc' dir='ltr'><strong>ι</strong></span> 
     </span>
    </p>
   </div>
   <div class='ocr_carea' id='block_1_66' title="bbox 410 3505 2004 3579">
    <p class='ocr_par' dir='ltr' id='par_1_66' title="bbox 410 3505 2004 3579">
     <span class='ocr_line' id='line_1_66' title="bbox 410 3505 2004 3579; baseline 0.001 -22"><span class='ocrx_word' id='word_1_495' title='bbox 410 3505 567 3573; x_wconf 81' lang='grc' dir='ltr'>Ὅρα</span> <span class='ocrx_word' id='word_1_496' title='bbox 596 3505 714 3568; x_wconf 84' lang='grc' dir='ltr'>πῶς</span> <span class='ocrx_word' id='word_1_497' title='bbox 736 3505 970 3559; x_wconf 81' lang='grc' dir='ltr'>ἐνταῦθα</span> <span class='ocrx_word' id='word_1_498' title='bbox 990 3507 1087 3577; x_wconf 85' lang='grc' dir='ltr'>τὴν</span> <span class='ocrx_word' id='word_1_499' title='bbox 1105 3508 1316 3579; x_wconf 87' lang='grc' dir='ltr'>Τριάδα</span> <span class='ocrx_word' id='word_1_500' title='bbox 1344 3508 1473 3577; x_wconf 84' lang='grc' dir='ltr'>ὅλην</span> <span class='ocrx_word' id='word_1_501' title='bbox 1496 3508 1779 3577; x_wconf 68' lang='grc' dir='ltr'>ἐνέφηνεν.</span> <span class='ocrx_word' id='word_1_502' title='bbox 1811 3508 1873 3559; x_wconf 86' lang='grc' dir='ltr'><strong>Εἰ</strong></span> <span class='ocrx_word' id='word_1_503' title='bbox 1894 3509 2004 3579; x_wconf 81' lang='grc' dir='ltr'>γὰρ</span> 
     </span>
    </p>
   </div>
   <div class='ocr_carea' id='block_1_67' title="bbox 406 3596 2004 3670">
    <p class='ocr_par' dir='ltr' id='par_1_67' title="bbox 406 3596 2004 3670">
     <span class='ocr_line' id='line_1_67' title="bbox 406 3596 2004 3670; baseline 0.001 -20"><span class='ocrx_word' id='word_1_504' title='bbox 406 3597 511 3650; x_wconf 75' lang='grc' dir='ltr'><strong>καὶ</strong></span> <span class='ocrx_word' id='word_1_505' title='bbox 541 3596 702 3666; x_wconf 68' lang='grc' dir='ltr'>μόνος</span> <span class='ocrx_word' id='word_1_506' title='bbox 727 3597 1077 3666; x_wconf 79' lang='grc' dir='ltr'>σεσὰρκωται</span> <span class='ocrx_word' id='word_1_507' title='bbox 1108 3600 1135 3651; x_wconf 86' lang='grc' dir='ltr'>ὁ</span> <span class='ocrx_word' id='word_1_508' title='bbox 1202 3598 1349 3663; x_wconf 77' lang='grc' dir='ltr'>Υἱὸς,</span> <span class='ocrx_word' id='word_1_509' title='bbox 1383 3598 1478 3651; x_wconf 80' lang='grc' dir='ltr'><strong>καὶ</strong></span> <span class='ocrx_word' id='word_1_510' title='bbox 1523 3598 1746 3667; x_wconf 79' lang='grc' dir='ltr'>γέγονεν</span> <span class='ocrx_word' id='word_1_511' title='bbox 1789 3598 2004 3670; x_wconf 78' lang='grc' dir='ltr'>ἀνθρω-</span> 
     </span>
    </p>
   </div>
   <div class='ocr_carea' id='block_1_68' title="bbox 405 3685 2005 3764">
    <p class='ocr_par' dir='ltr' id='par_1_68' title="bbox 405 3685 2005 3764">
     <span class='ocr_line' id='line_1_68' title="bbox 405 3685 2005 3764; baseline 0.005 -25"><span class='ocrx_word' id='word_1_512' title='bbox 405 3703 535 3752; x_wconf 75' lang='grc' dir='ltr'>πος,</span> <span class='ocrx_word' id='word_1_513' title='bbox 570 3687 645 3758; x_wconf 85' lang='grc' dir='ltr'>μὴ</span> <span class='ocrx_word' id='word_1_514' title='bbox 678 3688 883 3751; x_wconf 75' lang='grc' dir='ltr'>ἐκστὰς</span> <span class='ocrx_word' id='word_1_515' title='bbox 953 3688 1052 3742; x_wconf 87' lang='grc' dir='ltr'><strong>τοῦ</strong></span> <span class='ocrx_word' id='word_1_516' title='bbox 1089 3685 1230 3744; x_wconf 75' lang='grc' dir='ltr'>εἶναι</span> <span class='ocrx_word' id='word_1_517' title='bbox 1279 3690 1433 3754; x_wconf 86' lang='grc' dir='ltr'>Θεὸς,</span> <span class='ocrx_word' id='word_1_518' title='bbox 1471 3690 1609 3744; x_wconf 85' lang='grc' dir='ltr'>ἀλλὰ</span> <span class='ocrx_word' id='word_1_519' title='bbox 1649 3693 1815 3763; x_wconf 84' lang='grc' dir='ltr'>συνῆν</span> <span class='ocrx_word' id='word_1_520' title='bbox 1857 3693 2005 3764; x_wconf 83' lang='grc' dir='ltr'><strong>αὺτῷ</strong></span> 
     </span>
    </p>
   </div>
   <div class='ocr_carea' id='block_1_69' title="bbox 409 3774 2004 3851">
    <p class='ocr_par' dir='ltr' id='par_1_69' title="bbox 409 3774 2004 3851">
     <span class='ocr_line' id='line_1_69' title="bbox 409 3774 2004 3851; baseline 0.005 -24"><span class='ocrx_word' id='word_1_521' title='bbox 409 3774 779 3844; x_wconf 82' lang='grc' dir='ltr'>σαρκουμένῳ</span> <span class='ocrx_word' id='word_1_522' title='bbox 800 3778 895 3828; x_wconf 81' lang='grc' dir='ltr'><strong>καὶ</strong></span> <span class='ocrx_word' id='word_1_523' title='bbox 934 3777 964 3830; x_wconf 87' lang='grc' dir='ltr'>ὁ</span> <span class='ocrx_word' id='word_1_524' title='bbox 994 3776 1207 3849; x_wconf 85' lang='grc' dir='ltr'>Πατὴρ,</span> <span class='ocrx_word' id='word_1_525' title='bbox 1257 3781 1355 3833; x_wconf 80' lang='grc' dir='ltr'><strong>καὶ</strong></span> <span class='ocrx_word' id='word_1_526' title='bbox 1402 3778 1465 3833; x_wconf 82' lang='grc' dir='ltr'><strong>τὸ</strong></span> <span class='ocrx_word' id='word_1_527' title='bbox 1522 3779 1766 3851; x_wconf 85' lang='grc' dir='ltr'>Πνεῦμα,</span> <span class='ocrx_word' id='word_1_528' title='bbox 1810 3781 1898 3835; x_wconf 81' lang='grc' dir='ltr'>διὰ</span> <span class='ocrx_word' id='word_1_529' title='bbox 1942 3782 2004 3836; x_wconf 73' lang='grc' dir='ltr'>τὸ</span> 
     </span>
    </p>
   </div>
   <div class='ocr_carea' id='block_1_70' title="bbox 406 3866 2001 3941">
    <p class='ocr_par' dir='ltr' id='par_1_70' title="bbox 406 3866 2001 3941">
     <span class='ocr_line' id='line_1_70' title="bbox 406 3866 2001 3941; baseline 0.004 -21"><span class='ocrx_word' id='word_1_530' title='bbox 406 3866 725 3936; x_wconf 80' lang='grc' dir='ltr'>ἀδιαίρετον</span> <span class='ocrx_word' id='word_1_531' title='bbox 747 3869 847 3939; x_wconf 81' lang='grc' dir='ltr'><strong>τῆς</strong></span> <span class='ocrx_word' id='word_1_532' title='bbox 900 3870 1342 3941; x_wconf 82' lang='grc' dir='ltr'>ὁμοουσιότητος.</span> <span class='ocrx_word' id='word_1_533' title='bbox 1408 3872 1517 3925; x_wconf 73' lang='grc' dir='ltr'><strong>Καὶ</strong></span> <span class='ocrx_word' id='word_1_534' title='bbox 1566 3871 1725 3925; x_wconf 88' lang='grc' dir='ltr'>τοῦτό</span> <span class='ocrx_word' id='word_1_535' title='bbox 1776 3873 1924 3925; x_wconf 81' lang='grc' dir='ltr'>ἐστιν</span> <span class='ocrx_word' id='word_1_536' title='bbox 1973 3874 2001 3926; x_wconf 85' lang='grc' dir='ltr'><strong>ὅ</strong></span> 
     </span>
    </p>
   </div>
   <div class='ocr_carea' id='block_1_71' title="bbox 410 3961 2003 4037">
    <p class='ocr_par' dir='ltr' id='par_1_71' title="bbox 410 3961 2003 4037">
     <span class='ocr_line' id='line_1_71' title="bbox 410 3961 2003 4037; baseline 0.007 -27"><span class='ocrx_word' id='word_1_537' title='bbox 410 3977 584 4029; x_wconf 77' lang='grc' dir='ltr'>φησιν</span> <span class='ocrx_word' id='word_1_538' title='bbox 613 3962 641 4012; x_wconf 85' lang='grc' dir='ltr'>ὁ</span> <span class='ocrx_word' id='word_1_539' title='bbox 658 3961 801 4023; x_wconf 83' lang='grc' dir='ltr'>θεῖος</span> <span class='ocrx_word' id='word_1_540' title='bbox 836 3961 1161 4026; x_wconf 80' lang='grc' dir='ltr'>’Δπόστολος</span> <span class='ocrx_word' id='word_1_541' title='bbox 1181 3979 1196 3994; x_wconf 77' lang='grc'><em>’</em></span> <span class='ocrx_word' id='word_1_542' title='bbox 1220 3981 1239 4015; x_wconf 77' lang='lat' dir='ltr'><strong>t</strong></span> <span class='ocrx_word' id='word_1_543' title='bbox 1263 3964 1350 4020; x_wconf 85' lang='grc' dir='ltr'><strong>Ἐν</strong></span> <span class='ocrx_word' id='word_1_544' title='bbox 1385 3963 1534 4034; x_wconf 81' lang='grc' dir='ltr'>αὑτῷ</span> <span class='ocrx_word' id='word_1_545' title='bbox 1556 3964 1851 4037; x_wconf 81' lang='grc' dir='ltr'>κατῴκησε</span> <span class='ocrx_word' id='word_1_546' title='bbox 1895 3969 2003 4021; x_wconf 79' lang='grc' dir='ltr'>πᾶν</span> 
     </span>
    </p>
   </div>
   <div class='ocr_carea' id='block_1_72' title="bbox 411 4047 2005 4124">
    <p class='ocr_par' dir='ltr' id='par_1_72' title="bbox 411 4047 2005 4124">
     <span class='ocr_line' id='line_1_72' title="bbox 411 4047 2005 4124; baseline 0.007 -25"><span class='ocrx_word' id='word_1_547' title='bbox 411 4047 483 4099; x_wconf 83' lang='grc' dir='ltr'><strong>τὸ</strong></span> <span class='ocrx_word' id='word_1_548' title='bbox 509 4048 784 4118; x_wconf 78' lang='grc' dir='ltr'>πλήρωμα</span> <span class='ocrx_word' id='word_1_549' title='bbox 837 4051 935 4119; x_wconf 75' lang='grc' dir='ltr'>τῆς</span> <span class='ocrx_word' id='word_1_550' title='bbox 977 4049 1233 4121; x_wconf 87' lang='grc' dir='ltr'>θεότητος</span> <span class='ocrx_word' id='word_1_551' title='bbox 1286 4054 1636 4124; x_wconf 82' lang='grc' dir='ltr'>σωματικῶς,</span> <span class='ocrx_word' id='word_1_552' title='bbox 1668 4073 1688 4108; x_wconf 75' lang='grc' dir='ltr'><strong>ι</strong></span> <span class='ocrx_word' id='word_1_553' title='bbox 1725 4056 2005 4111; x_wconf 80' lang='grc' dir='ltr'>τουτέστιν</span> 
     </span>
    </p>
   </div>
   <div class='ocr_carea' id='block_1_73' title="bbox 410 4138 2005 4220">
    <p class='ocr_par' dir='ltr' id='par_1_73' title="bbox 410 4138 2005 4220">
     <span class='ocr_line' id='line_1_73' title="bbox 410 4138 2005 4220; baseline 0.006 -27"><span class='ocrx_word' id='word_1_554' title='bbox 410 4138 717 4203; x_wconf 81' lang='grc' dir='ltr'>οὐσιωδῶς.</span> <span class='ocrx_word' id='word_1_555' title='bbox 748 4141 945 4210; x_wconf 83' lang='grc' dir='ltr'>Γέγονε</span> <span class='ocrx_word' id='word_1_556' title='bbox 971 4142 1081 4213; x_wconf 86' lang='grc' dir='ltr'>γὰρ</span> <span class='ocrx_word' id='word_1_557' title='bbox 1104 4146 1169 4214; x_wconf 79' lang='grc' dir='ltr'>τῇ</span> <span class='ocrx_word' id='word_1_558' title='bbox 1203 4144 1466 4215; x_wconf 84' lang='grc' dir='ltr'>Παρθένῳ</span> <span class='ocrx_word' id='word_1_559' title='bbox 1490 4146 1744 4219; x_wconf 84' lang='grc' dir='ltr'>καθάπερ</span> <span class='ocrx_word' id='word_1_560' title='bbox 1759 4147 2005 4220; x_wconf 85' lang='grc' dir='ltr'>θάλαμος</span> 
     </span>
    </p>
   </div>
   <div class='ocr_carea' id='block_1_74' title="bbox 419 4230 2004 4310">
    <p class='ocr_par' dir='ltr' id='par_1_74' title="bbox 419 4230 2004 4310">
     <span class='ocr_line' id='line_1_74' title="bbox 419 4230 2004 4310; baseline 0.008 -28"><span class='ocrx_word' id='word_1_561' title='bbox 419 4230 579 4301; x_wconf 76' lang='grc' dir='ltr'>ἡτοῦ</span> <span class='ocrx_word' id='word_1_562' title='bbox 622 4232 883 4301; x_wconf 82' lang='grc' dir='ltr'>Ὑψίστου</span> <span class='ocrx_word' id='word_1_563' title='bbox 940 4232 1194 4304; x_wconf 80' lang='grc' dir='ltr'>δύναμις,</span> <span class='ocrx_word' id='word_1_564' title='bbox 1245 4231 1337 4289; x_wconf 77' lang='grc' dir='ltr'>οἷα</span> <span class='ocrx_word' id='word_1_565' title='bbox 1388 4237 1586 4309; x_wconf 84' lang='grc' dir='ltr'>νεφέλη</span> <span class='ocrx_word' id='word_1_566' title='bbox 1636 4238 1842 4310; x_wconf 85' lang='grc' dir='ltr'>ταύτην</span> <span class='ocrx_word' id='word_1_567' title='bbox 1878 4241 2004 4294; x_wconf 72' lang='grc' dir='ltr'>επις-</span> 
     </span>
    </p>
   </div>
   <div class='ocr_carea' id='block_1_75' title="bbox 2102 3137 3679 3210">
    <p class='ocr_par' dir='ltr' id='par_1_75' title="bbox 2102 3137 3679 3210">
     <span class='ocr_line' id='line_1_75' title="bbox 2102 3137 3679 3210; baseline 0.002 -21"><span class='ocrx_word' id='word_1_568' title='bbox 2102 3137 2215 3191; x_wconf 82' lang='lat' dir='ltr'><strong>ﬁeri</strong></span> <span class='ocrx_word' id='word_1_569' title='bbox 2251 3137 2398 3193; x_wconf 91' lang='lat' dir='ltr'><strong>nullo</strong></span> <span class='ocrx_word' id='word_1_570' title='bbox 2432 3141 2591 3194; x_wconf 88' lang='lat' dir='ltr'><strong>modo</strong></span> <span class='ocrx_word' id='word_1_571' title='bbox 2627 3148 2836 3210; x_wconf 80' lang='lat' dir='ltr'><strong>potest,</strong></span> <span class='ocrx_word' id='word_1_572' title='bbox 2894 3150 2950 3193; x_wconf 89' lang='lat' dir='ltr'><strong>ut</strong></span> <span class='ocrx_word' id='word_1_573' title='bbox 3000 3141 3251 3209; x_wconf 84' lang='lat' dir='ltr'><strong>experiar</strong></span> <span class='ocrx_word' id='word_1_574' title='bbox 3295 3140 3467 3195; x_wconf 77' lang='lat' dir='ltr'><strong>virum</strong></span> <span class='ocrx_word' id='word_1_575' title='bbox 3500 3140 3679 3195; x_wconf 81' lang='lat' dir='ltr'><strong>?Ctnu</strong></span> 
     </span>
    </p>
   </div>
   <div class='ocr_carea' id='block_1_76' title="bbox 2100 3230 3681 3302">
    <p class='ocr_par' dir='ltr' id='par_1_76' title="bbox 2100 3230 3681 3302">
     <span class='ocr_line' id='line_1_76' title="bbox 2100 3230 3681 3302; baseline 0 -19"><span class='ocrx_word' id='word_1_576' title='bbox 2100 3230 2264 3301; x_wconf 78' lang='lat' dir='ltr'><strong>igitur</strong></span> <span class='ocrx_word' id='word_1_577' title='bbox 2311 3247 2429 3287; x_wconf 86' lang='lat' dir='ltr'><strong>eam</strong></span> <span class='ocrx_word' id='word_1_578' title='bbox 2485 3232 2840 3302; x_wconf 81' lang='lat' dir='ltr'><strong>archangelus</strong></span> <span class='ocrx_word' id='word_1_579' title='bbox 2884 3248 2987 3286; x_wconf 93' lang='lat' dir='ltr'><strong>non</strong></span> <span class='ocrx_word' id='word_1_580' title='bbox 3040 3232 3142 3287; x_wconf 79' lang='lat' dir='ltr'><strong>[ide</strong></span> <span class='ocrx_word' id='word_1_581' title='bbox 3196 3233 3553 3297; x_wconf 86' lang='lat' dir='ltr'><strong>laborantem,</strong></span> <span class='ocrx_word' id='word_1_582' title='bbox 3587 3232 3681 3286; x_wconf 89' lang='lat' dir='ltr'><strong>sed</strong></span> 
     </span>
    </p>
   </div>
   <div class='ocr_carea' id='block_1_77' title="bbox 2102 3323 3680 3395">
    <p class='ocr_par' dir='ltr' id='par_1_77' title="bbox 2102 3323 3680 3395">
     <span class='ocr_line' id='line_1_77' title="bbox 2102 3323 3680 3395; baseline 0.003 -20"><span class='ocrx_word' id='word_1_583' title='bbox 2102 3323 2319 3377; x_wconf 88' lang='lat' dir='ltr'><strong>modum</strong></span> <span class='ocrx_word' id='word_1_584' title='bbox 2369 3340 2697 3394; x_wconf 77' lang='lat' dir='ltr'><strong>cognoscere</strong></span> <span class='ocrx_word' id='word_1_585' title='bbox 2748 3332 3083 3395; x_wconf 82' lang='lat' dir='ltr'><strong>satagentem</strong></span> <span class='ocrx_word' id='word_1_586' title='bbox 3166 3324 3680 3390; x_wconf 80' lang='lat' dir='ltr'><strong>animadvertisset,</strong></span> 
     </span>
    </p>
   </div>
   <div class='ocr_carea' id='block_1_78' title="bbox 2106 3413 3678 3488">
    <p class='ocr_par' dir='ltr' id='par_1_78' title="bbox 2106 3413 3678 3488">
     <span class='ocr_line' id='line_1_78' title="bbox 2106 3413 3678 3488; baseline 0.007 -24"><span class='ocrx_word' id='word_1_587' title='bbox 2106 3432 2124 3464; x_wconf 75' lang='grc' dir='ltr'><strong>ι</strong></span> <span class='ocrx_word' id='word_1_588' title='bbox 2156 3413 2390 3484; x_wconf 87' lang='lat' dir='ltr'><strong>Spiritus</strong></span> <span class='ocrx_word' id='word_1_589' title='bbox 2412 3427 2657 3483; x_wconf 88' lang='lat' dir='ltr'><strong>sanctus,</strong></span> <span class='ocrx_word' id='word_1_590' title='bbox 2677 3418 2869 3487; x_wconf 90' lang='lat' dir='ltr'><strong>inquit,</strong></span> <span class='ocrx_word' id='word_1_591' title='bbox 2895 3419 3243 3488; x_wconf 87' lang='lat' dir='ltr'><strong>superveniet</strong></span> <span class='ocrx_word' id='word_1_592' title='bbox 3268 3419 3320 3473; x_wconf 92' lang='lat' dir='ltr'><strong>in</strong></span> <span class='ocrx_word' id='word_1_593' title='bbox 3345 3429 3415 3484; x_wconf 88' lang='lat' dir='ltr'><strong>te,</strong></span> <span class='ocrx_word' id='word_1_594' title='bbox 3433 3420 3678 3475; x_wconf 87' lang='lat' dir='ltr'><strong>etvirtus</strong></span> 
     </span>
    </p>
   </div>
   <div class='ocr_carea' id='block_1_79' title="bbox 2102 3505 3679 3568">
    <p class='ocr_par' dir='ltr' id='par_1_79' title="bbox 2102 3505 3679 3568">
     <span class='ocr_line' id='line_1_79' title="bbox 2102 3505 3679 3568; baseline 0.003 -9"><span class='ocrx_word' id='word_1_595' title='bbox 2102 3505 2367 3563; x_wconf 79' lang='lat' dir='ltr'><strong>Altissimi</strong></span> <span class='ocrx_word' id='word_1_596' title='bbox 2400 3510 2747 3564; x_wconf 87' lang='lat' dir='ltr'><strong>obumbrabit</strong></span> <span class='ocrx_word' id='word_1_597' title='bbox 2775 3510 2892 3568; x_wconf 90' lang='lat' dir='ltr'><strong>tibi.</strong></span> <span class='ocrx_word' id='word_1_598' title='bbox 2935 3530 2953 3561; x_wconf 79' lang='grc' dir='ltr'><strong>ι</strong></span> <span class='ocrx_word' id='word_1_599' title='bbox 2991 3510 3208 3566; x_wconf 85' lang='lat' dir='ltr'><strong>Vident</strong></span> <span class='ocrx_word' id='word_1_600' title='bbox 3234 3511 3337 3565; x_wconf 91' lang='lat' dir='ltr'><strong>hoc</strong></span> <span class='ocrx_word' id='word_1_601' title='bbox 3368 3512 3484 3567; x_wconf 92' lang='lat' dir='ltr'><strong>loco</strong></span> <span class='ocrx_word' id='word_1_602' title='bbox 3515 3520 3679 3566; x_wconf 69' lang='lat' dir='ltr'><strong>totum</strong></span> 
     </span>
    </p>
   </div>
   <div class='ocr_carea' id='block_1_80' title="bbox 2104 3600 3682 3671">
    <p class='ocr_par' dir='ltr' id='par_1_80' title="bbox 2104 3600 3682 3671">
     <span class='ocr_line' id='line_1_80' title="bbox 2104 3600 3682 3671; baseline 0.002 -16"><span class='ocrx_word' id='word_1_603' title='bbox 2104 3600 2422 3655; x_wconf 83' lang='lat' dir='ltr'><strong>Trinitatem</strong></span> <span class='ocrx_word' id='word_1_604' title='bbox 2454 3603 2742 3671; x_wconf 79' lang='lat' dir='ltr'><strong>explicuit;</strong></span> <span class='ocrx_word' id='word_1_605' title='bbox 2779 3619 2900 3657; x_wconf 82' lang='lat' dir='ltr'><strong>nam</strong></span> <span class='ocrx_word' id='word_1_606' title='bbox 2933 3613 2985 3657; x_wconf 89' lang='lat' dir='ltr'><strong>et</strong></span> <span class='ocrx_word' id='word_1_607' title='bbox 3019 3605 3063 3659; x_wconf 89' lang='lat' dir='ltr'><strong>si</strong></span> <span class='ocrx_word' id='word_1_608' title='bbox 3097 3604 3244 3658; x_wconf 88' lang='lat' dir='ltr'><strong>solus</strong></span> <span class='ocrx_word' id='word_1_609' title='bbox 3286 3603 3453 3658; x_wconf 84' lang='lat' dir='ltr'><strong>Filius</strong></span> <span class='ocrx_word' id='word_1_610' title='bbox 3499 3604 3682 3660; x_wconf 87' lang='lat' dir='ltr'><strong>incar-</strong></span> 
     </span>
    </p>
   </div>
   <div class='ocr_carea' id='block_1_81' title="bbox 2100 3692 3685 3765">
    <p class='ocr_par' dir='ltr' id='par_1_81' title="bbox 2100 3692 3685 3765">
     <span class='ocr_line' id='line_1_81' title="bbox 2100 3692 3685 3765; baseline 0.001 -19"><span class='ocrx_word' id='word_1_611' title='bbox 2100 3702 2280 3758; x_wconf 87' lang='lat' dir='ltr'><strong>natus,</strong></span> <span class='ocrx_word' id='word_1_612' title='bbox 2318 3704 2371 3748; x_wconf 91' lang='lat' dir='ltr'><strong>et</strong></span> <span class='ocrx_word' id='word_1_613' title='bbox 2403 3692 2576 3749; x_wconf 82' lang='lat' dir='ltr'><strong>lactus</strong></span> <span class='ocrx_word' id='word_1_614' title='bbox 2610 3704 2693 3749; x_wconf 90' lang='lat' dir='ltr'><strong>est</strong></span> <span class='ocrx_word' id='word_1_615' title='bbox 2729 3695 2888 3749; x_wconf 92' lang='lat' dir='ltr'><strong>homo</strong></span> <span class='ocrx_word' id='word_1_616' title='bbox 2922 3709 3027 3749; x_wconf 89' lang='lat' dir='ltr'><strong>non</strong></span> <span class='ocrx_word' id='word_1_617' title='bbox 3065 3694 3332 3749; x_wconf 68' lang='lat' dir='ltr'><strong>desistens</strong></span> <span class='ocrx_word' id='word_1_618' title='bbox 3368 3710 3485 3750; x_wconf 89' lang='lat' dir='ltr'><strong>esse</strong></span> <span class='ocrx_word' id='word_1_619' title='bbox 3541 3698 3685 3765; x_wconf 88' lang='lat' dir='ltr'><strong>quod</strong></span> 
     </span>
    </p>
   </div>
   <div class='ocr_carea' id='block_1_82' title="bbox 2101 3785 3686 3852">
    <p class='ocr_par' dir='ltr' id='par_1_82' title="bbox 2101 3785 3686 3852">
     <span class='ocr_line' id='line_1_82' title="bbox 2101 3785 3686 3852; baseline 0.001 -14"><span class='ocrx_word' id='word_1_620' title='bbox 2101 3792 2219 3849; x_wconf 81' lang='lat' dir='ltr'><strong>erat</strong></span> <span class='ocrx_word' id='word_1_621' title='bbox 2264 3785 2425 3852; x_wconf 89' lang='lat' dir='ltr'><strong>Deus,</strong></span> <span class='ocrx_word' id='word_1_622' title='bbox 2461 3801 2584 3840; x_wconf 90' lang='lat' dir='ltr'><strong>cum</strong></span> <span class='ocrx_word' id='word_1_623' title='bbox 2622 3800 2687 3841; x_wconf 93' lang='lat' dir='ltr'><strong>eo</strong></span> <span class='ocrx_word' id='word_1_624' title='bbox 2741 3796 2919 3841; x_wconf 87' lang='lat' dir='ltr'><strong>tamen</strong></span> <span class='ocrx_word' id='word_1_625' title='bbox 2968 3801 3135 3841; x_wconf 77' lang='lat' dir='ltr'><strong>carne</strong></span> <span class='ocrx_word' id='word_1_626' title='bbox 3184 3787 3517 3841; x_wconf 80' lang='lat' dir='ltr'><strong>circumdato</strong></span> <span class='ocrx_word' id='word_1_627' title='bbox 3563 3798 3686 3843; x_wconf 89' lang='lat' dir='ltr'><strong>erat</strong></span> 
     </span>
    </p>
   </div>
   <div class='ocr_carea' id='block_1_83' title="bbox 2103 3877 3682 3949">
    <p class='ocr_par' dir='ltr' id='par_1_83' title="bbox 2103 3877 3682 3949">
     <span class='ocr_line' id='line_1_83' title="bbox 2103 3877 3682 3949; baseline 0.001 -17"><span class='ocrx_word' id='word_1_628' title='bbox 2103 3893 2206 3932; x_wconf 86' lang='lat' dir='ltr'><strong>una</strong></span> <span class='ocrx_word' id='word_1_629' title='bbox 2241 3877 2421 3943; x_wconf 84' lang='lat' dir='ltr'><strong>Pator,</strong></span> <span class='ocrx_word' id='word_1_630' title='bbox 2459 3887 2515 3933; x_wconf 89' lang='lat' dir='ltr'><strong>et</strong></span> <span class='ocrx_word' id='word_1_631' title='bbox 2547 3877 2782 3948; x_wconf 86' lang='lat' dir='ltr'><strong>Spiritus</strong></span> <span class='ocrx_word' id='word_1_632' title='bbox 2824 3888 3070 3943; x_wconf 91' lang='lat' dir='ltr'><strong>sanctus,</strong></span> <span class='ocrx_word' id='word_1_633' title='bbox 3101 3888 3320 3949; x_wconf 90' lang='lat' dir='ltr'><strong>propter</strong></span> <span class='ocrx_word' id='word_1_634' title='bbox 3350 3879 3682 3934; x_wconf 83' lang='lat' dir='ltr'><strong>individuam</strong></span> 
     </span>
    </p>
   </div>
   <div class='ocr_carea' id='block_1_84' title="bbox 2104 3968 3686 4040">
    <p class='ocr_par' dir='ltr' id='par_1_84' title="bbox 2104 3968 3686 4040">
     <span class='ocr_line' id='line_1_84' title="bbox 2104 3968 3686 4040; baseline -0.001 -15"><span class='ocrx_word' id='word_1_635' title='bbox 2104 3968 2747 4025; x_wconf 85' lang='lat' dir='ltr'><strong>consubstantialitatem.</strong></span> <span class='ocrx_word' id='word_1_636' title='bbox 2780 3970 2954 4040; x_wconf 86' lang='lat' dir='ltr'><strong>Atque</strong></span> <span class='ocrx_word' id='word_1_637' title='bbox 2993 3970 3094 4025; x_wconf 88' lang='lat' dir='ltr'><strong>hoc</strong></span> <span class='ocrx_word' id='word_1_638' title='bbox 3128 3979 3231 4031; x_wconf 88' lang='lat' dir='ltr'><strong>est,</strong></span> <span class='ocrx_word' id='word_1_639' title='bbox 3263 3968 3406 4039; x_wconf 85' lang='lat' dir='ltr'><strong>quod</strong></span> <span class='ocrx_word' id='word_1_640' title='bbox 3437 3969 3512 4025; x_wconf 89' lang='lat' dir='ltr'><strong>ait</strong></span> <span class='ocrx_word' id='word_1_641' title='bbox 3546 3971 3686 4025; x_wconf 64' lang='lat' dir='ltr'><strong>divi.</strong></span> 
     </span>
    </p>
   </div>
   <div class='ocr_carea' id='block_1_85' title="bbox 2106 4058 3683 4130">
    <p class='ocr_par' dir='ltr' id='par_1_85' title="bbox 2106 4058 3683 4130">
     <span class='ocr_line' id='line_1_85' title="bbox 2106 4058 3683 4130; baseline 0.001 -16"><span class='ocrx_word' id='word_1_642' title='bbox 2106 4075 2209 4115; x_wconf 90' lang='lat' dir='ltr'><strong>nus</strong></span> <span class='ocrx_word' id='word_1_643' title='bbox 2238 4058 2525 4129; x_wconf 81' lang='lat' dir='ltr'><strong>Apostolus</strong></span> <span class='ocrx_word' id='word_1_644' title='bbox 2557 4076 2571 4114; x_wconf 92' lang='lat'><strong>:</strong></span> <span class='ocrx_word' id='word_1_645' title='bbox 2608 4078 2628 4111; x_wconf 80' lang='grc' dir='ltr'><strong>ι</strong></span> <span class='ocrx_word' id='word_1_646' title='bbox 2662 4058 2718 4113; x_wconf 87' lang='lat' dir='ltr'><strong>In</strong></span> <span class='ocrx_word' id='word_1_647' title='bbox 2750 4060 2866 4129; x_wconf 90' lang='lat' dir='ltr'><strong>ipso</strong></span> <span class='ocrx_word' id='word_1_648' title='bbox 2905 4059 3170 4115; x_wconf 89' lang='lat' dir='ltr'><strong>habitavit</strong></span> <span class='ocrx_word' id='word_1_649' title='bbox 3200 4061 3376 4114; x_wconf 88' lang='lat' dir='ltr'><strong>omnis</strong></span> <span class='ocrx_word' id='word_1_650' title='bbox 3411 4060 3683 4130; x_wconf 89' lang='lat' dir='ltr'><strong>plenitudo</strong></span> 
     </span>
    </p>
   </div>
   <div class='ocr_carea' id='block_1_86' title="bbox 2104 4151 3676 4221">
    <p class='ocr_par' dir='ltr' id='par_1_86' title="bbox 2104 4151 3676 4221">
     <span class='ocr_line' id='line_1_86' title="bbox 2104 4151 3676 4221; baseline 0.001 -15"><span class='ocrx_word' id='word_1_651' title='bbox 2104 4151 2403 4206; x_wconf 81' lang='lat' dir='ltr'><strong>divinitatis</strong></span> <span class='ocrx_word' id='word_1_652' title='bbox 2452 4151 2805 4221; x_wconf 88' lang='lat' dir='ltr'><strong>corporaliter</strong></span> <span class='ocrx_word' id='word_1_653' title='bbox 2835 4152 2920 4219; x_wconf 81' lang='lat'><strong>“;</strong></span> <span class='ocrx_word' id='word_1_654' title='bbox 2982 4170 3001 4204; x_wconf 74' lang='grc' dir='ltr'><strong>ι</strong></span> <span class='ocrx_word' id='word_1_655' title='bbox 3056 4152 3159 4207; x_wconf 93' lang='lat' dir='ltr'><strong>hoc</strong></span> <span class='ocrx_word' id='word_1_656' title='bbox 3208 4160 3291 4207; x_wconf 89' lang='lat' dir='ltr'><strong>est</strong></span> <span class='ocrx_word' id='word_1_657' title='bbox 3344 4153 3676 4208; x_wconf 87' lang='lat' dir='ltr'><strong>substantia-</strong></span> 
     </span>
    </p>
   </div>
   <div class='ocr_carea' id='block_1_87' title="bbox 2104 4241 3687 4315">
    <p class='ocr_par' dir='ltr' id='par_1_87' title="bbox 2104 4241 3687 4315">
     <span class='ocr_line' id='line_1_87' title="bbox 2104 4241 3687 4315; baseline 0.001 -17"><span class='ocrx_word' id='word_1_658' title='bbox 2104 4243 2222 4298; x_wconf 89' lang='lat' dir='ltr'><strong>liter</strong></span> <span class='ocrx_word' id='word_1_659' title='bbox 2246 4242 2378 4315; x_wconf 74' lang='grc'><strong>(40).</strong></span> <span class='ocrx_word' id='word_1_660' title='bbox 2403 4241 2614 4299; x_wconf 86' lang='lat' dir='ltr'><strong>Etenim</strong></span> <span class='ocrx_word' id='word_1_661' title='bbox 2639 4251 2699 4297; x_wconf 93' lang='lat' dir='ltr'><strong>ut</strong></span> <span class='ocrx_word' id='word_1_662' title='bbox 2725 4243 2992 4299; x_wconf 72' lang='lat' dir='ltr'><strong>thalamus</strong></span> <span class='ocrx_word' id='word_1_663' title='bbox 3012 4242 3219 4315; x_wconf 78' lang='lat' dir='ltr'><strong>Virgini</strong></span> <span class='ocrx_word' id='word_1_664' title='bbox 3241 4243 3381 4299; x_wconf 78' lang='lat' dir='ltr'><strong>facta</strong></span> <span class='ocrx_word' id='word_1_665' title='bbox 3410 4255 3489 4300; x_wconf 86' lang='lat' dir='ltr'><strong>est</strong></span> <span class='ocrx_word' id='word_1_666' title='bbox 3513 4244 3687 4299; x_wconf 89' lang='lat' dir='ltr'><strong>virtus</strong></span> 
     </span>
    </p>
   </div>
   <div class='ocr_carea' id='block_1_88' title="bbox 415 4316 1993 4403">
    <p class='ocr_par' dir='ltr' id='par_1_88' title="bbox 415 4316 1993 4401">
     <span class='ocr_line' id='line_1_88' title="bbox 415 4316 1993 4401; baseline 0.008 -24"><span class='ocrx_word' id='word_1_667' title='bbox 415 4324 749 4392; x_wconf 78' lang='grc' dir='ltr'>σκιάζουσα,</span> <span class='ocrx_word' id='word_1_668' title='bbox 773 4324 983 4395; x_wconf 83' lang='grc' dir='ltr'>πυρσὸς</span> <span class='ocrx_word' id='word_1_669' title='bbox 1005 4325 1063 4378; x_wconf 85' lang='grc' dir='ltr'><strong>δὲ</strong></span> <span class='ocrx_word' id='word_1_670' title='bbox 1093 4316 1386 4399; x_wconf 81' lang='grc' dir='ltr'>γαμήλιος,</span> <span class='ocrx_word' id='word_1_671' title='bbox 1424 4330 1458 4398; x_wconf 84' lang='grc' dir='ltr'><strong>ή</strong></span> <span class='ocrx_word' id='word_1_672' title='bbox 1488 4329 1583 4383; x_wconf 92' lang='grc' dir='ltr'><strong>τοῦ</strong></span> <span class='ocrx_word' id='word_1_673' title='bbox 1631 4331 1790 4401; x_wconf 85' lang='grc' dir='ltr'>ἁγίου</span> <span class='ocrx_word' id='word_1_674' title='bbox 1828 4333 1993 4389; x_wconf 66' lang='lat' dir='ltr'><strong>Ilvati-</strong></span> 
     </span>
    </p>
   </div>
   <div class='ocr_carea' id='block_1_89' title="bbox 2097 4316 3689 4403">
    <p class='ocr_par' dir='ltr' id='par_1_89' title="bbox 2107 4333 3689 4403">
     <span class='ocr_line' id='line_1_89' title="bbox 2107 4333 3689 4403; baseline -0.003 -12"><span class='ocrx_word' id='word_1_675' title='bbox 2107 4334 2395 4401; x_wconf 79' lang='lat' dir='ltr'><strong>Altissimi,</strong></span> <span class='ocrx_word' id='word_1_676' title='bbox 2431 4333 2587 4403; x_wconf 79' lang='lat' dir='ltr'><strong>quasi</strong></span> <span class='ocrx_word' id='word_1_677' title='bbox 2625 4334 2798 4391; x_wconf 88' lang='lat' dir='ltr'><strong>nubes</strong></span> <span class='ocrx_word' id='word_1_678' title='bbox 2821 4349 2944 4390; x_wconf 89' lang='lat' dir='ltr'><strong>eam</strong></span> <span class='ocrx_word' id='word_1_679' title='bbox 2979 4333 3324 4400; x_wconf 88' lang='lat' dir='ltr'><strong>inumbrans;</strong></span> <span class='ocrx_word' id='word_1_680' title='bbox 3355 4334 3527 4389; x_wconf 87' lang='lat' dir='ltr'><strong>sancti</strong></span> <span class='ocrx_word' id='word_1_681' title='bbox 3558 4348 3689 4389; x_wconf 77' lang='lat' dir='ltr'><strong>vero</strong></span> 
     </span>
    </p>
   </div>
   <div class='ocr_carea' id='block_1_90' title="bbox 490 4480 2200 4557">
    <p class='ocr_par' dir='ltr' id='par_1_90' title="bbox 490 4480 2200 4557">
     <span class='ocr_line' id='line_1_90' title="bbox 490 4480 2200 4557; baseline 0.006 -22"><span class='ocrx_word' id='word_1_682' title='bbox 490 4480 538 4516; x_wconf 73' lang='lat'><strong>“</strong></span> <span class='ocrx_word' id='word_1_683' title='bbox 568 4481 750 4541; x_wconf 82' lang='lat' dir='ltr'><strong>Matth.</strong></span> <span class='ocrx_word' id='word_1_684' title='bbox 793 4498 981 4551; x_wconf 77' lang='lat' dir='ltr'><strong>xxvnt,</strong></span> <span class='ocrx_word' id='word_1_685' title='bbox 1016 4482 1104 4539; x_wconf 83' lang='grc'><strong>18.</strong></span> <span class='ocrx_word' id='word_1_686' title='bbox 1181 4483 1226 4516; x_wconf 76' lang='grc'><strong>⁸⁸</strong></span> <span class='ocrx_word' id='word_1_687' title='bbox 1258 4483 1281 4539; x_wconf 95' lang='lat' dir='ltr'><strong>I</strong></span> <span class='ocrx_word' id='word_1_688' title='bbox 1314 4485 1556 4551; x_wconf 29' lang='lat' dir='ltr'><strong>Petra&quot;,</strong></span> <span class='ocrx_word' id='word_1_689' title='bbox 1591 4485 1643 4541; x_wconf 91' lang='lat'><strong>9.</strong></span> <span class='ocrx_word' id='word_1_690' title='bbox 1719 4488 1767 4520; x_wconf 81' lang='lat'><strong>“</strong></span> <span class='ocrx_word' id='word_1_691' title='bbox 1803 4486 2017 4546; x_wconf 89' lang='lat' dir='ltr'><strong>Coloss.</strong></span> <span class='ocrx_word' id='word_1_692' title='bbox 2054 4508 2114 4557; x_wconf 88' lang='grc' dir='ltr'><strong>ιι,</strong></span> <span class='ocrx_word' id='word_1_693' title='bbox 2148 4490 2200 4546; x_wconf 91' lang='lat'><strong>9.</strong></span> 
     </span>
    </p>
   </div>
   <div class='ocr_carea' id='block_1_91' title="bbox 1660 4607 2449 4672">
    <p class='ocr_par' dir='ltr' id='par_1_91' title="bbox 1660 4607 2449 4672">
     <span class='ocr_line' id='line_1_91' title="bbox 1660 4607 2449 4672; baseline 0.006 -7"><span class='ocrx_word' id='word_1_694' title='bbox 1660 4607 1978 4671; x_wconf 77' lang='lat' dir='ltr'><strong>Francisci</strong></span> <span class='ocrx_word' id='word_1_695' title='bbox 2016 4610 2230 4672; x_wconf 89' lang='lat' dir='ltr'><strong>Scorsi</strong></span> <span class='ocrx_word' id='word_1_696' title='bbox 2256 4618 2449 4672; x_wconf 77' lang='lat' dir='ltr'><strong>noue.</strong></span> 
     </span>
    </p>
   </div>
   <div class='ocr_carea' id='block_1_92' title="bbox 494 4728 2002 4805">
    <p class='ocr_par' dir='ltr' id='par_1_92' title="bbox 494 4728 2002 4805">
     <span class='ocr_line' id='line_1_92' title="bbox 494 4728 2002 4805; baseline 0.003 -19"><span class='ocrx_word' id='word_1_697' title='bbox 494 4730 613 4805; x_wconf 58' lang='grc'><strong>(40)</strong></span> <span class='ocrx_word' id='word_1_698' title='bbox 664 4728 1118 4805; x_wconf 53' lang='grc' dir='ltr'>διιίνξιίιηιίαίὶιεν.</span> <span class='ocrx_word' id='word_1_699' title='bbox 1182 4733 1473 4797; x_wconf 83' lang='grc' dir='ltr'>Οὐσιωδῶς</span> <span class='ocrx_word' id='word_1_700' title='bbox 1504 4734 1739 4803; x_wconf 82' lang='lat' dir='ltr'><strong>explicat</strong></span> <span class='ocrx_word' id='word_1_701' title='bbox 1772 4738 1913 4805; x_wconf 88' lang='lat' dir='ltr'><strong>quod</strong></span> <span class='ocrx_word' id='word_1_702' title='bbox 1943 4735 2002 4792; x_wconf 94' lang='lat' dir='ltr'><strong>S.</strong></span> 
     </span>
    </p>
   </div>
   <div class='ocr_carea' id='block_1_93' title="bbox 419 4799 2008 4874">
    <p class='ocr_par' dir='ltr' id='par_1_93' title="bbox 419 4799 2008 4874">
     <span class='ocr_line' id='line_1_93' title="bbox 419 4799 2008 4874; baseline 0.001 -16"><span class='ocrx_word' id='word_1_703' title='bbox 419 4799 624 4858; x_wconf 82' lang='lat' dir='ltr'><strong>Paulus</strong></span> <span class='ocrx_word' id='word_1_704' title='bbox 670 4802 742 4874; x_wconf 74' lang='lat' dir='ltr'><strong>ad</strong></span> <span class='ocrx_word' id='word_1_705' title='bbox 780 4799 1040 4874; x_wconf 71' lang='lat' dir='ltr'><strong>[Coloss.</strong></span> <span class='ocrx_word' id='word_1_706' title='bbox 1066 4818 1227 4874; x_wconf 77' lang='lat' dir='ltr'><strong>_cap.</strong></span> <span class='ocrx_word' id='word_1_707' title='bbox 1275 4820 1340 4870; x_wconf 87' lang='lat' dir='ltr'><strong>tt,</strong></span> <span class='ocrx_word' id='word_1_708' title='bbox 1379 4805 1512 4860; x_wconf 84' lang='lat' dir='ltr'><strong>dixit</strong></span> <span class='ocrx_word' id='word_1_709' title='bbox 1569 4799 1899 4874; x_wconf 67' lang='grc' dir='ltr'>σωματιᾶιῶς</span> <span class='ocrx_word' id='word_1_710' title='bbox 1952 4818 2008 4862; x_wconf 87' lang='lat' dir='ltr'><strong>et</strong></span> 
     </span>
    </p>
   </div>
   <div class='ocr_carea' id='block_1_94' title="bbox 424 4870 2005 4938">
    <p class='ocr_par' dir='ltr' id='par_1_94' title="bbox 424 4870 2005 4938">
     <span class='ocr_line' id='line_1_94' title="bbox 424 4870 2005 4938; baseline 0.001 -9"><span class='ocrx_word' id='word_1_711' title='bbox 424 4883 604 4938; x_wconf 89' lang='lat' dir='ltr'><strong>recte;</strong></span> <span class='ocrx_word' id='word_1_712' title='bbox 656 4870 743 4924; x_wconf 89' lang='lat' dir='ltr'><strong>ubi</strong></span> <span class='ocrx_word' id='word_1_713' title='bbox 801 4872 944 4925; x_wconf 91' lang='lat' dir='ltr'><strong>enim</strong></span> <span class='ocrx_word' id='word_1_714' title='bbox 970 4872 1033 4925; x_wconf 78' lang='grc' dir='ltr'>ι).</span> <span class='ocrx_word' id='word_1_715' title='bbox 1063 4870 1260 4928; x_wconf 88' lang='lat' dir='ltr'><strong>Paulus</strong></span> <span class='ocrx_word' id='word_1_716' title='bbox 1312 4877 1552 4929; x_wconf 88' lang='lat' dir='ltr'><strong>ostendit</strong></span> <span class='ocrx_word' id='word_1_717' title='bbox 1586 4870 1920 4929; x_wconf 75' lang='lat' dir='ltr'><strong>divinitatem</strong></span> <span class='ocrx_word' id='word_1_718' title='bbox 1952 4877 2005 4931; x_wconf 89' lang='lat' dir='ltr'><strong>in</strong></span> 
     </span>
    </p>
   </div>
   <div class='ocr_carea' id='block_1_95' title="bbox 421 4941 2008 5014">
    <p class='ocr_par' dir='ltr' id='par_1_95' title="bbox 421 4941 2008 5014">
     <span class='ocr_line' id='line_1_95' title="bbox 421 4941 2008 5014; baseline 0.001 -15"><span class='ocrx_word' id='word_1_719' title='bbox 421 4944 640 4999; x_wconf 87' lang='lat' dir='ltr'><strong>Christo</strong></span> <span class='ocrx_word' id='word_1_720' title='bbox 686 4941 1037 5014; x_wconf 79' lang='lat' dir='ltr'><strong>inhabitasse,</strong></span> <span class='ocrx_word' id='word_1_721' title='bbox 1074 4959 1179 4997; x_wconf 92' lang='lat' dir='ltr'><strong>non</strong></span> <span class='ocrx_word' id='word_1_722' title='bbox 1212 4946 1532 5009; x_wconf 90' lang='lat' dir='ltr'><strong>umbratice,</strong></span> <span class='ocrx_word' id='word_1_723' title='bbox 1573 4959 1749 5014; x_wconf 81' lang='lat' dir='ltr'><strong>neque</strong></span> <span class='ocrx_word' id='word_1_724' title='bbox 1797 4960 1895 5011; x_wconf 91' lang='lat' dir='ltr'><strong>per</strong></span> <span class='ocrx_word' id='word_1_725' title='bbox 1927 4961 2008 5002; x_wconf 84' lang='lat' dir='ltr'><strong>so-</strong></span> 
     </span>
    </p>
   </div>
   <div class='ocr_carea' id='block_1_96' title="bbox 423 5010 2000 5082">
    <p class='ocr_par' dir='ltr' id='par_1_96' title="bbox 423 5010 2000 5082">
     <span class='ocr_line' id='line_1_96' title="bbox 423 5010 2000 5082; baseline 0.001 -14"><span class='ocrx_word' id='word_1_726' title='bbox 423 5016 530 5069; x_wconf 90' lang='lat' dir='ltr'><strong>lam</strong></span> <span class='ocrx_word' id='word_1_727' title='bbox 587 5010 984 5077; x_wconf 82' lang='lat' dir='ltr'><strong>Operationem,</strong></span> <span class='ocrx_word' id='word_1_728' title='bbox 1050 5024 1107 5066; x_wconf 83' lang='lat' dir='ltr'><strong>ut</strong></span> <span class='ocrx_word' id='word_1_729' title='bbox 1136 5014 1188 5067; x_wconf 90' lang='lat' dir='ltr'><strong>in</strong></span> <span class='ocrx_word' id='word_1_730' title='bbox 1222 5014 1498 5081; x_wconf 83' lang='lat' dir='ltr'><strong>prophetis</strong></span> <span class='ocrx_word' id='word_1_731' title='bbox 1536 5024 1589 5068; x_wconf 89' lang='lat' dir='ltr'><strong>et</strong></span> <span class='ocrx_word' id='word_1_732' title='bbox 1622 5010 1826 5069; x_wconf 82' lang='lat' dir='ltr'><strong>sanctis</strong></span> <span class='ocrx_word' id='word_1_733' title='bbox 1857 5015 2000 5082; x_wconf 90' lang='lat' dir='ltr'><strong>aliis,</strong></span> 
     </span>
    </p>
   </div>
   <div class='ocr_carea' id='block_1_97' title="bbox 426 5082 1997 5153">
    <p class='ocr_par' dir='ltr' id='par_1_97' title="bbox 426 5082 1997 5153">
     <span class='ocr_line' id='line_1_97' title="bbox 426 5082 1997 5153; baseline 0.001 -15"><span class='ocrx_word' id='word_1_734' title='bbox 426 5085 519 5140; x_wconf 89' lang='lat' dir='ltr'><strong>sed</strong></span> <span class='ocrx_word' id='word_1_735' title='bbox 570 5096 694 5134; x_wconf 86' lang='lat' dir='ltr'><strong>vere</strong></span> <span class='ocrx_word' id='word_1_736' title='bbox 718 5091 792 5153; x_wconf 16' lang='lat' dir='ltr'><strong>et;</strong></span> <span class='ocrx_word' id='word_1_737' title='bbox 821 5082 1040 5136; x_wconf 88' lang='lat' dir='ltr'><strong>realiter</strong></span> <span class='ocrx_word' id='word_1_738' title='bbox 1106 5099 1200 5153; x_wconf 75' lang='lat' dir='ltr'><strong>per</strong></span> <span class='ocrx_word' id='word_1_739' title='bbox 1225 5100 1376 5136; x_wconf 86' lang='lat' dir='ltr'><strong>suam</strong></span> <span class='ocrx_word' id='word_1_740' title='bbox 1407 5084 1762 5153; x_wconf 71' lang='lat' dir='ltr'><strong>Substantiam</strong></span> <span class='ocrx_word' id='word_1_741' title='bbox 1790 5086 1997 5141; x_wconf 89' lang='lat' dir='ltr'><strong>unitam</strong></span> 
     </span>
    </p>
   </div>
   <div class='ocr_carea' id='block_1_98' title="bbox 429 5151 2003 5223">
    <p class='ocr_par' dir='ltr' id='par_1_98' title="bbox 429 5151 2003 5223">
     <span class='ocr_line' id='line_1_98' title="bbox 429 5151 2003 5223; baseline 0.001 -16"><span class='ocrx_word' id='word_1_742' title='bbox 429 5160 751 5223; x_wconf 29' lang='lat' dir='ltr'><strong>assumptus</strong></span> <span class='ocrx_word' id='word_1_743' title='bbox 782 5151 1120 5223; x_wconf 75' lang='lat' dir='ltr'><strong>humanitati</strong></span> <span class='ocrx_word' id='word_1_744' title='bbox 1155 5153 1515 5223; x_wconf 81' lang='lat' dir='ltr'><strong>hypostatice.</strong></span> <span class='ocrx_word' id='word_1_745' title='bbox 1548 5152 1624 5206; x_wconf 86' lang='lat' dir='ltr'><strong>Ita</strong></span> <span class='ocrx_word' id='word_1_746' title='bbox 1663 5154 1724 5208; x_wconf 93' lang='lat' dir='ltr'><strong>D.</strong></span> <span class='ocrx_word' id='word_1_747' title='bbox 1763 5152 2003 5209; x_wconf 89' lang='lat' dir='ltr'><strong>Thomas</strong></span> 
     </span>
    </p>
   </div>
   <div class='ocr_carea' id='block_1_99' title="bbox 426 5221 2004 5293">
    <p class='ocr_par' dir='ltr' id='par_1_99' title="bbox 426 5221 2004 5293">
     <span class='ocr_line' id='line_1_99' title="bbox 426 5221 2004 5293; baseline 0.001 -14"><span class='ocrx_word' id='word_1_748' title='bbox 426 5226 632 5279; x_wconf 88' lang='lat' dir='ltr'><strong>relatus</strong></span> <span class='ocrx_word' id='word_1_749' title='bbox 658 5238 685 5272; x_wconf 93' lang='lat' dir='ltr'><strong>a</strong></span> <span class='ocrx_word' id='word_1_750' title='bbox 715 5221 967 5293; x_wconf 87' lang='lat' dir='ltr'><strong>Cornelio</strong></span> <span class='ocrx_word' id='word_1_751' title='bbox 998 5221 1291 5291; x_wconf 84' lang='lat' dir='ltr'><strong>nostroqui</strong></span> <span class='ocrx_word' id='word_1_752' title='bbox 1324 5224 1484 5277; x_wconf 89' lang='lat' dir='ltr'><strong>etiam</strong></span> <span class='ocrx_word' id='word_1_753' title='bbox 1516 5238 1579 5276; x_wconf 81' lang='lat' dir='ltr'><strong>ex</strong></span> <span class='ocrx_word' id='word_1_754' title='bbox 1611 5223 1710 5279; x_wconf 91' lang='lat' dir='ltr'><strong>SS.</strong></span> <span class='ocrx_word' id='word_1_755' title='bbox 1742 5224 2004 5293; x_wconf 86' lang='lat' dir='ltr'><strong>Prospero</strong></span> 
     </span>
    </p>
   </div>
   <div class='ocr_carea' id='block_1_100' title="bbox 428 5291 2007 5362">
    <p class='ocr_par' dir='ltr' id='par_1_100' title="bbox 428 5291 2007 5362">
     <span class='ocr_line' id='line_1_100' title="bbox 428 5291 2007 5362; baseline 0.001 -16"><span class='ocrx_word' id='word_1_756' title='bbox 428 5304 483 5347; x_wconf 92' lang='lat' dir='ltr'><strong>et</strong></span> <span class='ocrx_word' id='word_1_757' title='bbox 535 5291 838 5358; x_wconf 82' lang='lat' dir='ltr'><strong>Augustino</strong></span> <span class='ocrx_word' id='word_1_758' title='bbox 863 5301 1108 5362; x_wconf 76' lang='lat' dir='ltr'><strong>nostram</strong></span> <span class='ocrx_word' id='word_1_759' title='bbox 1165 5293 1574 5361; x_wconf 77' lang='lat' dir='ltr'><strong>explicationem</strong></span> <span class='ocrx_word' id='word_1_760' title='bbox 1602 5294 1843 5362; x_wconf 86' lang='lat' dir='ltr'><strong>pluribus</strong></span> <span class='ocrx_word' id='word_1_761' title='bbox 1871 5291 2007 5348; x_wconf 83' lang='lat' dir='ltr'><strong>dila-</strong></span> 
     </span>
    </p>
   </div>
   <div class='ocr_carea' id='block_1_101' title="bbox 428 5360 2002 5432">
    <p class='ocr_par' dir='ltr' id='par_1_101' title="bbox 428 5360 2002 5432">
     <span class='ocr_line' id='line_1_101' title="bbox 428 5360 2002 5432; baseline 0.001 -16"><span class='ocrx_word' id='word_1_762' title='bbox 428 5372 555 5418; x_wconf 85' lang='lat' dir='ltr'><strong>tat:</strong></span> <span class='ocrx_word' id='word_1_763' title='bbox 599 5360 926 5431; x_wconf 83' lang='grc' dir='ltr'>σωματικῶς</span> <span class='ocrx_word' id='word_1_764' title='bbox 964 5360 1327 5432; x_wconf 79' lang='lat' dir='ltr'><strong>corporaliter,</strong></span> <span class='ocrx_word' id='word_1_765' title='bbox 1371 5363 1567 5431; x_wconf 88' lang='lat' dir='ltr'><strong>inquit,</strong></span> <span class='ocrx_word' id='word_1_766' title='bbox 1604 5360 1686 5416; x_wconf 39' lang='lat' dir='ltr'><strong>&#39;id</strong></span> <span class='ocrx_word' id='word_1_767' title='bbox 1739 5376 1848 5430; x_wconf 78' lang='grc' dir='ltr'>εει,</span> <span class='ocrx_word' id='word_1_768' title='bbox 1902 5381 2002 5418; x_wconf 85' lang='lat' dir='ltr'><strong>non</strong></span> 
     </span>
    </p>
   </div>
   <div class='ocr_carea' id='block_1_102' title="bbox 428 5432 2003 5500">
    <p class='ocr_par' dir='ltr' id='par_1_102' title="bbox 428 5432 2003 5500">
     <span class='ocr_line' id='line_1_102' title="bbox 428 5432 2003 5500; baseline 0.002 -16"><span class='ocrx_word' id='word_1_769' title='bbox 428 5432 733 5495; x_wconf 84' lang='lat' dir='ltr'><strong>umbratice,</strong></span> <span class='ocrx_word' id='word_1_770' title='bbox 764 5432 901 5483; x_wconf 78' lang='lat' dir='ltr'><strong>sicut</strong></span> <span class='ocrx_word' id='word_1_771' title='bbox 960 5432 1212 5486; x_wconf 75' lang='lat' dir='ltr'><strong>habitavit</strong></span> <span class='ocrx_word' id='word_1_772' title='bbox 1243 5433 1296 5485; x_wconf 85' lang='lat' dir='ltr'><strong>in</strong></span> <span class='ocrx_word' id='word_1_773' title='bbox 1339 5433 1722 5500; x_wconf 66' lang='lat' dir='ltr'><strong>proyitiatorio,</strong></span> <span class='ocrx_word' id='word_1_774' title='bbox 1759 5437 2003 5488; x_wconf 82' lang='lat' dir='ltr'><strong>taberna-</strong></span> 
     </span>
    </p>
   </div>
   <div class='ocr_carea' id='block_1_103' title="bbox 428 5502 2004 5573">
    <p class='ocr_par' dir='ltr' id='par_1_103' title="bbox 428 5502 2004 5573">
     <span class='ocr_line' id='line_1_103' title="bbox 428 5502 2004 5573; baseline 0.001 -19"><span class='ocrx_word' id='word_1_775' title='bbox 428 5504 562 5564; x_wconf 86' lang='lat' dir='ltr'><strong>culo,</strong></span> <span class='ocrx_word' id='word_1_776' title='bbox 594 5510 642 5554; x_wconf 87' lang='lat' dir='ltr'><strong>et</strong></span> <span class='ocrx_word' id='word_1_777' title='bbox 690 5505 1033 5573; x_wconf 78' lang='lat' dir='ltr'><strong>sacramentis</strong></span> <span class='ocrx_word' id='word_1_778' title='bbox 1090 5504 1273 5573; x_wconf 74' lang='lat' dir='ltr'><strong>veteris</strong></span> <span class='ocrx_word' id='word_1_779' title='bbox 1305 5502 1432 5571; x_wconf 81' lang='lat' dir='ltr'><strong>legis</strong></span> <span class='ocrx_word' id='word_1_780' title='bbox 1453 5542 1466 5564; x_wconf 89' lang='lat'><strong>,</strong></span> <span class='ocrx_word' id='word_1_781' title='bbox 1498 5518 1600 5556; x_wconf 85' lang='lat' dir='ltr'><strong>non</strong></span> <span class='ocrx_word' id='word_1_782' title='bbox 1652 5506 1808 5556; x_wconf 79' lang='lat' dir='ltr'><strong>etiam</strong></span> <span class='ocrx_word' id='word_1_783' title='bbox 1839 5506 2004 5573; x_wconf 79' lang='lat' dir='ltr'><strong>phan-</strong></span> 
     </span>
    </p>
   </div>
   <div class='ocr_carea' id='block_1_104' title="bbox 429 5571 2007 5641">
    <p class='ocr_par' dir='ltr' id='par_1_104' title="bbox 429 5571 2007 5641">
     <span class='ocr_line' id='line_1_104' title="bbox 429 5571 2007 5641; baseline 0.002 -17"><span class='ocrx_word' id='word_1_784' title='bbox 429 5574 634 5633; x_wconf 79' lang='lat' dir='ltr'><strong>tastice,</strong></span> <span class='ocrx_word' id='word_1_785' title='bbox 689 5573 767 5623; x_wconf 96' lang='lat' dir='ltr'><strong>uti</strong></span> <span class='ocrx_word' id='word_1_786' title='bbox 826 5571 1097 5624; x_wconf 81' lang='lat' dir='ltr'><strong>voluerunt</strong></span> <span class='ocrx_word' id='word_1_787' title='bbox 1144 5571 1443 5635; x_wconf 76' lang='lat' dir='ltr'><strong>Manichwi,</strong></span> <span class='ocrx_word' id='word_1_788' title='bbox 1492 5589 1596 5626; x_wconf 83' lang='lat' dir='ltr'><strong>non</strong></span> <span class='ocrx_word' id='word_1_789' title='bbox 1636 5571 1860 5641; x_wconf 83' lang='lat' dir='ltr'><strong>denique</strong></span> <span class='ocrx_word' id='word_1_790' title='bbox 1916 5590 2007 5641; x_wconf 85' lang='lat' dir='ltr'><strong>per</strong></span> 
     </span>
    </p>
   </div>
   <div class='ocr_carea' id='block_1_105' title="bbox 428 5642 2004 5710">
    <p class='ocr_par' dir='ltr' id='par_1_105' title="bbox 428 5642 2004 5710">
     <span class='ocr_line' id='line_1_105' title="bbox 428 5642 2004 5710; baseline 0.001 -17"><span class='ocrx_word' id='word_1_791' title='bbox 428 5642 664 5695; x_wconf 71' lang='lat' dir='ltr'><strong>accidens</strong></span> <span class='ocrx_word' id='word_1_792' title='bbox 695 5650 919 5710; x_wconf 84' lang='lat' dir='ltr'><strong>tantum,</strong></span> <span class='ocrx_word' id='word_1_793' title='bbox 953 5644 1147 5695; x_wconf 82' lang='lat' dir='ltr'><strong>scilicet</strong></span> <span class='ocrx_word' id='word_1_794' title='bbox 1168 5658 1259 5710; x_wconf 85' lang='lat' dir='ltr'><strong>per</strong></span> <span class='ocrx_word' id='word_1_795' title='bbox 1281 5651 1501 5705; x_wconf 87' lang='lat' dir='ltr'><strong>motum,</strong></span> <span class='ocrx_word' id='word_1_796' title='bbox 1543 5651 1591 5695; x_wconf 85' lang='lat' dir='ltr'><strong>el</strong></span> <span class='ocrx_word' id='word_1_797' title='bbox 1626 5646 2004 5707; x_wconf 83' lang='lat' dir='ltr'><strong>operationem,</strong></span> 
     </span>
    </p>
   </div>
   <div class='ocr_carea' id='block_1_106' title="bbox 428 5709 2001 5782">
    <p class='ocr_par' dir='ltr' id='par_1_106' title="bbox 428 5709 2001 5782">
     <span class='ocr_line' id='line_1_106' title="bbox 428 5709 2001 5782; baseline 0.001 -19"><span class='ocrx_word' id='word_1_798' title='bbox 428 5714 503 5765; x_wconf 85' lang='lat' dir='ltr'><strong>uti</strong></span> <span class='ocrx_word' id='word_1_799' title='bbox 533 5712 707 5765; x_wconf 79' lang='lat' dir='ltr'><strong>docuit</strong></span> <span class='ocrx_word' id='word_1_800' title='bbox 742 5709 1041 5772; x_wconf 78' lang='lat' dir='ltr'><strong>Nestorius,</strong></span> <span class='ocrx_word' id='word_1_801' title='bbox 1070 5709 1175 5764; x_wconf 77' lang='lat' dir='ltr'><strong>sed</strong></span> <span class='ocrx_word' id='word_1_802' title='bbox 1212 5709 1581 5777; x_wconf 73' lang='lat' dir='ltr'><strong>corporaliter,</strong></span> <span class='ocrx_word' id='word_1_803' title='bbox 1611 5714 1665 5767; x_wconf 89' lang='lat' dir='ltr'><strong>id</strong></span> <span class='ocrx_word' id='word_1_804' title='bbox 1694 5724 1768 5768; x_wconf 80' lang='grc' dir='ltr'><strong>εει</strong></span> <span class='ocrx_word' id='word_1_805' title='bbox 1802 5730 2001 5782; x_wconf 82' lang='lat' dir='ltr'><strong>revera,</strong></span> 
     </span>
    </p>
   </div>
   <div class='ocr_carea' id='block_1_107' title="bbox 796 5805 1585 5870">
    <p class='ocr_par' dir='ltr' id='par_1_107' title="bbox 796 5805 1585 5870">
     <span class='ocr_line' id='line_1_107' title="bbox 796 5805 1585 5870; baseline 0.003 -5"><span class='ocrx_word' id='word_1_806' title='bbox 796 5805 1077 5868; x_wconf 72' lang='lat' dir='ltr'><strong>PATROL.</strong></span> <span class='ocrx_word' id='word_1_807' title='bbox 1115 5806 1231 5870; x_wconf 82' lang='lat' dir='ltr'><strong>Gn.</strong></span> <span class='ocrx_word' id='word_1_808' title='bbox 1273 5806 1585 5867; x_wconf 72' lang='lat' dir='ltr'><strong>CXXXII.</strong></span> 
     </span>
    </p>
   </div>
   <div class='ocr_carea' id='block_1_108' title="bbox 2113 4730 3685 4801">
    <p class='ocr_par' dir='ltr' id='par_1_108' title="bbox 2113 4730 3685 4801">
     <span class='ocr_line' id='line_1_108' title="bbox 2113 4730 3685 4801; baseline -0.003 -11"><span class='ocrx_word' id='word_1_809' title='bbox 2113 4739 2332 4793; x_wconf 80' lang='lat' dir='ltr'><strong>realiler</strong></span> <span class='ocrx_word' id='word_1_810' title='bbox 2355 4746 2405 4793; x_wconf 86' lang='lat' dir='ltr'><strong>et</strong></span> <span class='ocrx_word' id='word_1_811' title='bbox 2424 4733 2860 4792; x_wconf 74' lang='lat' dir='ltr'><strong>substantialiter.</strong></span> <span class='ocrx_word' id='word_1_812' title='bbox 2886 4731 3012 4786; x_wconf 70' lang='lat' dir='ltr'><strong>Haec</strong></span> <span class='ocrx_word' id='word_1_813' title='bbox 3040 4730 3346 4801; x_wconf 84' lang='lat' dir='ltr'><strong>Cornelius,</strong></span> <span class='ocrx_word' id='word_1_814' title='bbox 3365 4730 3505 4798; x_wconf 88' lang='lat' dir='ltr'><strong>apud</strong></span> <span class='ocrx_word' id='word_1_815' title='bbox 3524 4746 3685 4801; x_wconf 86' lang='lat' dir='ltr'><strong>quem</strong></span> 
     </span>
    </p>
   </div>
   <div class='ocr_carea' id='block_1_109' title="bbox 2112 4800 3688 4870">
    <p class='ocr_par' dir='ltr' id='par_1_109' title="bbox 2112 4800 3688 4870">
     <span class='ocr_line' id='line_1_109' title="bbox 2112 4800 3688 4870; baseline -0.006 -7"><span class='ocrx_word' id='word_1_816' title='bbox 2112 4810 2530 4863; x_wconf 77' lang='lat' dir='ltr'><strong>subslantialiter</strong></span> <span class='ocrx_word' id='word_1_817' title='bbox 2576 4804 2718 4859; x_wconf 87' lang='lat' dir='ltr'><strong>idem</strong></span> <span class='ocrx_word' id='word_1_818' title='bbox 2753 4813 2837 4858; x_wconf 80' lang='lat' dir='ltr'><strong>est</strong></span> <span class='ocrx_word' id='word_1_819' title='bbox 2887 4818 2950 4857; x_wconf 88' lang='lat' dir='ltr'><strong>ac</strong></span> <span class='ocrx_word' id='word_1_820' title='bbox 2976 4800 3250 4865; x_wconf 82' lang='grc' dir='ltr'>οὺσιωδῶς</span> <span class='ocrx_word' id='word_1_821' title='bbox 3267 4816 3373 4870; x_wconf 91' lang='lat' dir='ltr'><strong>quo</strong></span> <span class='ocrx_word' id='word_1_822' title='bbox 3394 4800 3688 4855; x_wconf 80' lang='lat' dir='ltr'><strong>utitui&#39;uo-</strong></span> 
     </span>
    </p>
   </div>
   <div class='ocr_carea' id='block_1_110' title="bbox 2113 4871 3688 4944">
    <p class='ocr_par' dir='ltr' id='par_1_110' title="bbox 2113 4871 3688 4944">
     <span class='ocr_line' id='line_1_110' title="bbox 2113 4871 3688 4944; baseline -0.006 -10"><span class='ocrx_word' id='word_1_823' title='bbox 2113 4892 2226 4934; x_wconf 78' lang='lat' dir='ltr'><strong>ster</strong></span> <span class='ocrx_word' id='word_1_824' title='bbox 2258 4896 2273 4933; x_wconf 89' lang='lat'><strong>:</strong></span> <span class='ocrx_word' id='word_1_825' title='bbox 2310 4877 2448 4932; x_wconf 87' lang='lat' dir='ltr'><strong>adde</strong></span> <span class='ocrx_word' id='word_1_826' title='bbox 2476 4887 2532 4931; x_wconf 85' lang='lat' dir='ltr'><strong>et</strong></span> <span class='ocrx_word' id='word_1_827' title='bbox 2562 4873 2861 4944; x_wconf 78' lang='lat' dir='ltr'><strong>TheOphyl.</strong></span> <span class='ocrx_word' id='word_1_828' title='bbox 2897 4872 2976 4944; x_wconf 81' lang='lat' dir='ltr'><strong>sic</strong></span> <span class='ocrx_word' id='word_1_829' title='bbox 3015 4872 3370 4944; x_wconf 85' lang='lat' dir='ltr'><strong>explicantem</strong></span> <span class='ocrx_word' id='word_1_830' title='bbox 3401 4871 3465 4944; x_wconf 85' lang='grc' dir='ltr'><strong>τὸ</strong></span> <span class='ocrx_word' id='word_1_831' title='bbox 3495 4887 3688 4944; x_wconf 81' lang='grc' dir='ltr'>σωμα-</span> 
     </span>
    </p>
   </div>
   <div class='ocr_carea' id='block_1_111' title="bbox 2112 4942 3691 5012">
    <p class='ocr_par' dir='ltr' id='par_1_111' title="bbox 2112 4942 3691 5012">
     <span class='ocr_line' id='line_1_111' title="bbox 2112 4942 3691 5012; baseline -0.005 -11"><span class='ocrx_word' id='word_1_832' title='bbox 2112 4947 2282 5010; x_wconf 84' lang='grc' dir='ltr'>τικῶς</span> <span class='ocrx_word' id='word_1_833' title='bbox 2338 4965 2353 4981; x_wconf 78' lang='grc' dir='ltr'><strong>ο</strong></span> <span class='ocrx_word' id='word_1_834' title='bbox 2395 4966 2412 4999; x_wconf 77' lang='grc' dir='ltr'><strong>ι</strong></span> <span class='ocrx_word' id='word_1_835' title='bbox 2439 4946 2579 5012; x_wconf 83' lang='lat' dir='ltr'><strong>Quia</strong></span> <span class='ocrx_word' id='word_1_836' title='bbox 2603 4946 2655 4997; x_wconf 88' lang='lat' dir='ltr'><strong>iu</strong></span> <span class='ocrx_word' id='word_1_837' title='bbox 2698 4942 2811 5012; x_wconf 75' lang='lat' dir='ltr'><strong>ipso</strong></span> <span class='ocrx_word' id='word_1_838' title='bbox 2842 4942 3042 4996; x_wconf 80' lang='lat' dir='ltr'><strong>habitat</strong></span> <span class='ocrx_word' id='word_1_839' title='bbox 3085 4944 3255 5012; x_wconf 74' lang='lat' dir='ltr'><strong>omnis</strong></span> <span class='ocrx_word' id='word_1_840' title='bbox 3280 4942 3550 5010; x_wconf 79' lang='lat' dir='ltr'><strong>plenitudo</strong></span> <span class='ocrx_word' id='word_1_841' title='bbox 3607 4947 3691 4993; x_wconf 81' lang='lat' dir='ltr'><strong>dt-</strong></span> 
     </span>
    </p>
   </div>
   <div class='ocr_carea' id='block_1_112' title="bbox 2115 5009 3689 5081">
    <p class='ocr_par' dir='ltr' id='par_1_112' title="bbox 2115 5009 3689 5081">
     <span class='ocr_line' id='line_1_112' title="bbox 2115 5009 3689 5081; baseline -0.004 -9"><span class='ocrx_word' id='word_1_842' title='bbox 2115 5009 2346 5072; x_wconf 80' lang='lat' dir='ltr'><strong>vinitatis</strong></span> <span class='ocrx_word' id='word_1_843' title='bbox 2390 5009 2752 5081; x_wconf 63' lang='lat' dir='ltr'><strong>corporaliter,</strong></span> <span class='ocrx_word' id='word_1_844' title='bbox 2791 5030 2809 5064; x_wconf 72' lang='grc' dir='ltr'><strong>ι</strong></span> <span class='ocrx_word' id='word_1_845' title='bbox 2835 5018 2931 5065; x_wconf 86' lang='lat' dir='ltr'><strong>hoc</strong></span> <span class='ocrx_word' id='word_1_846' title='bbox 2961 5020 3058 5075; x_wconf 80' lang='lat' dir='ltr'><strong>est,</strong></span> <span class='ocrx_word' id='word_1_847' title='bbox 3115 5009 3308 5079; x_wconf 83' lang='lat' dir='ltr'><strong>inquit,</strong></span> <span class='ocrx_word' id='word_1_848' title='bbox 3345 5016 3689 5081; x_wconf 77' lang='lat' dir='ltr'><strong>quodcunque</strong></span> 
     </span>
    </p>
   </div>
   <div class='ocr_carea' id='block_1_113' title="bbox 2109 5081 3690 5150">
    <p class='ocr_par' dir='ltr' id='par_1_113' title="bbox 2109 5081 3690 5150">
     <span class='ocr_line' id='line_1_113' title="bbox 2109 5081 3690 5150; baseline -0.003 -10"><span class='ocrx_word' id='word_1_849' title='bbox 2109 5087 2246 5142; x_wconf 76' lang='lat' dir='ltr'><strong>Deus</strong></span> <span class='ocrx_word' id='word_1_850' title='bbox 2276 5096 2353 5141; x_wconf 77' lang='grc' dir='ltr'><strong>εει</strong></span> <span class='ocrx_word' id='word_1_851' title='bbox 2410 5086 2660 5147; x_wconf 85' lang='lat' dir='ltr'><strong>Verbum,</strong></span> <span class='ocrx_word' id='word_1_852' title='bbox 2683 5085 2735 5137; x_wconf 83' lang='lat' dir='ltr'><strong>in</strong></span> <span class='ocrx_word' id='word_1_853' title='bbox 2763 5084 2875 5150; x_wconf 82' lang='lat' dir='ltr'><strong>ipso</strong></span> <span class='ocrx_word' id='word_1_854' title='bbox 2903 5083 3129 5139; x_wconf 82' lang='lat' dir='ltr'><strong>habitat.</strong></span> <span class='ocrx_word' id='word_1_855' title='bbox 3160 5081 3250 5135; x_wconf 81' lang='lat' dir='ltr'><strong>sed</strong></span> <span class='ocrx_word' id='word_1_856' title='bbox 3286 5097 3346 5134; x_wconf 86' lang='lat' dir='ltr'><strong>ne</strong></span> <span class='ocrx_word' id='word_1_857' title='bbox 3374 5082 3508 5149; x_wconf 79' lang='lat' dir='ltr'><strong>forte</strong></span> <span class='ocrx_word' id='word_1_858' title='bbox 3532 5085 3690 5135; x_wconf 71' lang='lat' dir='ltr'><strong>iulia-</strong></span> 
     </span>
    </p>
   </div>
   <div class='ocr_carea' id='block_1_114' title="bbox 2107 5151 3689 5218">
    <p class='ocr_par' dir='ltr' id='par_1_114' title="bbox 2107 5151 3689 5218">
     <span class='ocr_line' id='line_1_114' title="bbox 2107 5151 3689 5218; baseline -0.004 -7"><span class='ocrx_word' id='word_1_859' title='bbox 2107 5158 2297 5211; x_wconf 79' lang='lat' dir='ltr'><strong>bitasse</strong></span> <span class='ocrx_word' id='word_1_860' title='bbox 2317 5157 2454 5211; x_wconf 82' lang='lat' dir='ltr'><strong>hunc</strong></span> <span class='ocrx_word' id='word_1_861' title='bbox 2494 5156 2711 5208; x_wconf 80' lang='lat' dir='ltr'><strong>audiens</strong></span> <span class='ocrx_word' id='word_1_862' title='bbox 2740 5155 3000 5206; x_wconf 72' lang='lat' dir='ltr'><strong>existimes</strong></span> <span class='ocrx_word' id='word_1_863' title='bbox 3028 5151 3312 5214; x_wconf 79' lang='lat' dir='ltr'><strong>habitasse,</strong></span> <span class='ocrx_word' id='word_1_864' title='bbox 3345 5163 3389 5204; x_wconf 86' lang='lat' dir='ltr'><strong>et</strong></span> <span class='ocrx_word' id='word_1_865' title='bbox 3414 5165 3689 5218; x_wconf 81' lang='lat' dir='ltr'><strong>apemtum</strong></span> 
     </span>
    </p>
   </div>
   <div class='ocr_carea' id='block_1_115' title="bbox 2105 5221 3689 5298">
    <p class='ocr_par' dir='ltr' id='par_1_115' title="bbox 2105 5221 3689 5298">
     <span class='ocr_line' id='line_1_115' title="bbox 2105 5221 3689 5298; baseline -0.004 -17"><span class='ocrx_word' id='word_1_866' title='bbox 2105 5244 2216 5282; x_wconf 78' lang='lat' dir='ltr'><strong>esse</strong></span> <span class='ocrx_word' id='word_1_867' title='bbox 2265 5225 2703 5298; x_wconf 75' lang='lat' dir='ltr'><strong>quemadmodum</strong></span> <span class='ocrx_word' id='word_1_868' title='bbox 2734 5233 2783 5275; x_wconf 85' lang='lat' dir='ltr'><strong>et</strong></span> <span class='ocrx_word' id='word_1_869' title='bbox 2811 5221 3095 5298; x_wconf 68' lang='lat' dir='ltr'><strong>prophetw_</strong></span> <span class='ocrx_word' id='word_1_870' title='bbox 3125 5223 3383 5298; x_wconf 74' lang='lat' dir='ltr'><strong>solebant,</strong></span> <span class='ocrx_word' id='word_1_871' title='bbox 3415 5222 3469 5274; x_wconf 85' lang='lat' dir='ltr'><strong>in</strong></span> <span class='ocrx_word' id='word_1_872' title='bbox 3500 5223 3689 5298; x_wconf 61' lang='lat' dir='ltr'><strong>quibus</strong></span> 
     </span>
    </p>
   </div>
   <div class='ocr_carea' id='block_1_116' title="bbox 2113 5289 3691 5359">
    <p class='ocr_par' dir='ltr' id='par_1_116' title="bbox 2113 5289 3691 5359">
     <span class='ocr_line' id='line_1_116' title="bbox 2113 5289 3691 5359; baseline -0.004 -10"><span class='ocrx_word' id='word_1_873' title='bbox 2113 5298 2249 5352; x_wconf 78' lang='lat' dir='ltr'><strong>Deus</strong></span> <span class='ocrx_word' id='word_1_874' title='bbox 2277 5289 2602 5350; x_wconf 73' lang='lat' dir='ltr'><strong>inltabitabat</strong></span> <span class='ocrx_word' id='word_1_875' title='bbox 2637 5289 2924 5345; x_wconf 77' lang='lat' dir='ltr'><strong>secundum</strong></span> <span class='ocrx_word' id='word_1_876' title='bbox 2956 5292 3095 5359; x_wconf 86' lang='lat' dir='ltr'><strong>quod</strong></span> <span class='ocrx_word' id='word_1_877' title='bbox 3127 5293 3376 5356; x_wconf 79' lang='lat' dir='ltr'><strong>scriptum</strong></span> <span class='ocrx_word' id='word_1_878' title='bbox 3413 5289 3528 5344; x_wconf 66' lang='lat' dir='ltr'><strong>est.“</strong></span> <span class='ocrx_word' id='word_1_879' title='bbox 3565 5310 3583 5342; x_wconf 79' lang='grc' dir='ltr'><strong>ι</strong></span> <span class='ocrx_word' id='word_1_880' title='bbox 3620 5289 3691 5343; x_wconf 79' lang='lat' dir='ltr'><strong>Et</strong></span> 
     </span>
    </p>
   </div>
   <div class='ocr_carea' id='block_1_117' title="bbox 2108 5361 3691 5428">
    <p class='ocr_par' dir='ltr' id='par_1_117' title="bbox 2108 5361 3691 5428">
     <span class='ocr_line' id='line_1_117' title="bbox 2108 5361 3691 5428; baseline -0.004 -10"><span class='ocrx_word' id='word_1_881' title='bbox 2108 5367 2411 5421; x_wconf 80' lang='lat' dir='ltr'><strong>inhubitabo</strong></span> <span class='ocrx_word' id='word_1_882' title='bbox 2445 5367 2503 5419; x_wconf 82' lang='lat' dir='ltr'><strong>in</strong></span> <span class='ocrx_word' id='word_1_883' title='bbox 2529 5364 2602 5417; x_wconf 82' lang='lat' dir='ltr'><strong>eis</strong></span> <span class='ocrx_word' id='word_1_884' title='bbox 2628 5371 2675 5414; x_wconf 86' lang='lat' dir='ltr'><strong>et</strong></span> <span class='ocrx_word' id='word_1_885' title='bbox 2707 5363 3066 5427; x_wconf 83' lang='lat' dir='ltr'><strong>inambulaba,</strong></span> <span class='ocrx_word' id='word_1_886' title='bbox 3125 5380 3142 5411; x_wconf 75' lang='grc' dir='ltr'><strong>ι</strong></span> <span class='ocrx_word' id='word_1_887' title='bbox 3181 5362 3538 5428; x_wconf 79' lang='lat' dir='ltr'><strong>corporaliter,</strong></span> <span class='ocrx_word' id='word_1_888' title='bbox 3591 5361 3691 5413; x_wconf 84' lang='lat' dir='ltr'><strong>ad-</strong></span> 
     </span>
    </p>
   </div>
   <div class='ocr_carea' id='block_1_118' title="bbox 2108 5430 3694 5503">
    <p class='ocr_par' dir='ltr' id='par_1_118' title="bbox 2108 5430 3694 5503">
     <span class='ocr_line' id='line_1_118' title="bbox 2108 5430 3694 5503; baseline -0.007 -14"><span class='ocrx_word' id='word_1_889' title='bbox 2108 5438 2302 5503; x_wconf 75' lang='lat' dir='ltr'><strong>iunxit,</strong></span> <span class='ocrx_word' id='word_1_890' title='bbox 2338 5440 2432 5490; x_wconf 79' lang='lat' dir='ltr'><strong>hoc</strong></span> <span class='ocrx_word' id='word_1_891' title='bbox 2460 5444 2534 5489; x_wconf 78' lang='lat' dir='ltr'><strong>est</strong></span> <span class='ocrx_word' id='word_1_892' title='bbox 2561 5471 2577 5496; x_wconf 91' lang='lat'><strong>,</strong></span> <span class='ocrx_word' id='word_1_893' title='bbox 2629 5448 2731 5484; x_wconf 83' lang='lat' dir='ltr'><strong>non</strong></span> <span class='ocrx_word' id='word_1_894' title='bbox 2756 5432 3055 5499; x_wconf 76' lang='lat' dir='ltr'><strong>operatione</strong></span> <span class='ocrx_word' id='word_1_895' title='bbox 3083 5431 3287 5503; x_wconf 83' lang='lat' dir='ltr'><strong>aliqua,</strong></span> <span class='ocrx_word' id='word_1_896' title='bbox 3335 5432 3427 5503; x_wconf 68' lang='lat' dir='ltr'><strong>sed</strong></span> <span class='ocrx_word' id='word_1_897' title='bbox 3444 5430 3694 5503; x_wconf 73' lang='lat' dir='ltr'><strong>substan-</strong></span> 
     </span>
    </p>
   </div>
   <div class='ocr_carea' id='block_1_119' title="bbox 2110 5499 3691 5574">
    <p class='ocr_par' dir='ltr' id='par_1_119' title="bbox 2110 5499 3691 5574">
     <span class='ocr_line' id='line_1_119' title="bbox 2110 5499 3691 5574; baseline -0.006 -15"><span class='ocrx_word' id='word_1_898' title='bbox 2110 5499 2207 5572; x_wconf 82' lang='lat' dir='ltr'><strong>tia,</strong></span> <span class='ocrx_word' id='word_1_899' title='bbox 2231 5499 2297 5561; x_wconf 11' lang='lat' dir='ltr'><strong>et,</strong></span> <span class='ocrx_word' id='word_1_900' title='bbox 2334 5519 2585 5574; x_wconf 84' lang='lat' dir='ltr'><strong>tanquam</strong></span> <span class='ocrx_word' id='word_1_901' title='bbox 2609 5515 2914 5571; x_wconf 82' lang='lat' dir='ltr'><strong>corporatus</strong></span> <span class='ocrx_word' id='word_1_902' title='bbox 2946 5516 2965 5555; x_wconf 94' lang='lat'><strong><em>:</em></strong></span> <span class='ocrx_word' id='word_1_903' title='bbox 2992 5509 3048 5574; x_wconf 83' lang='lat' dir='ltr'><strong>_et</strong></span> <span class='ocrx_word' id='word_1_904' title='bbox 3097 5499 3406 5574; x_wconf 52' lang='lat' dir='ltr'><strong>substantia</strong></span> <span class='ocrx_word' id='word_1_905' title='bbox 3429 5516 3551 5574; x_wconf 68' lang='lat' dir='ltr'><strong>una</strong></span> <span class='ocrx_word' id='word_1_906' title='bbox 3573 5499 3691 5552; x_wconf 74' lang='lat' dir='ltr'><strong>exi-</strong></span> 
     </span>
    </p>
   </div>
   <div class='ocr_carea' id='block_1_120' title="bbox 2110 5568 3690 5640">
    <p class='ocr_par' dir='ltr' id='par_1_120' title="bbox 2110 5568 3690 5640">
     <span class='ocr_line' id='line_1_120' title="bbox 2110 5568 3690 5640; baseline -0.006 -8"><span class='ocrx_word' id='word_1_907' title='bbox 2110 5568 2298 5632; x_wconf 68' lang='lat' dir='ltr'><strong>tialem</strong></span> <span class='ocrx_word' id='word_1_908' title='bbox 2354 5568 2468 5630; x_wconf 72' lang='lat' dir='ltr'><strong>cunt</strong></span> <span class='ocrx_word' id='word_1_909' title='bbox 2493 5588 2651 5629; x_wconf 87' lang='lat' dir='ltr'><strong>carne</strong></span> <span class='ocrx_word' id='word_1_910' title='bbox 2682 5568 2970 5636; x_wconf 76' lang='lat' dir='ltr'><strong>assumpta.</strong></span> <span class='ocrx_word' id='word_1_911' title='bbox 2992 5571 3070 5624; x_wconf 90' lang='lat' dir='ltr'><strong>lta</strong></span> <span class='ocrx_word' id='word_1_912' title='bbox 3097 5568 3394 5640; x_wconf 73' lang='lat' dir='ltr'><strong>Theophil.</strong></span> <span class='ocrx_word' id='word_1_913' title='bbox 3412 5569 3555 5640; x_wconf 83' lang='lat' dir='ltr'><strong>quod</strong></span> <span class='ocrx_word' id='word_1_914' title='bbox 3581 5582 3690 5623; x_wconf 81' lang='lat' dir='ltr'><strong>uno</strong></span> 
     </span>
    </p>
   </div>
   <div class='ocr_carea' id='block_1_121' title="bbox 2109 5640 3142 5718">
    <p class='ocr_par' dir='ltr' id='par_1_121' title="bbox 2109 5640 3142 5718">
     <span class='ocr_line' id='line_1_121' title="bbox 2109 5640 3142 5718; baseline -0.008 -17"><span class='ocrx_word' id='word_1_915' title='bbox 2109 5648 2273 5705; x_wconf 86' lang='lat' dir='ltr'><strong>verbo</strong></span> <span class='ocrx_word' id='word_1_916' title='bbox 2309 5646 2610 5718; x_wconf 76' lang='lat' dir='ltr'><strong>theologico</strong></span> <span class='ocrx_word' id='word_1_917' title='bbox 2636 5653 2821 5699; x_wconf 87' lang='lat' dir='ltr'><strong>noster</strong></span> <span class='ocrx_word' id='word_1_918' title='bbox 2841 5640 3142 5703; x_wconf 79' lang='grc' dir='ltr'>οὐσιωδώς,</span> 
     </span>
    </p>
   </div>
   <div class='ocr_carea' id='block_1_122' title="bbox 3217 5794 3294 5856">
    <p class='ocr_par' dir='ltr' id='par_1_122' title="bbox 3217 5794 3294 5856">
     <span class='ocr_line' id='line_1_122' title="bbox 3217 5794 3294 5856; baseline 0.026 -2"><span class='ocrx_word' id='word_1_919' title='bbox 3217 5794 3294 5856; x_wconf 85' lang='grc'><strong>30</strong></span> 
     </span>
    </p>
   </div>
  </div>
