4074 6472
331 547 422 612 95.1
1701 533 2224 603 HOMlLIA'LIV.
3468 525 3576 593 912

333 664 594 736 Ζαχαρίας
629 663 720 717 τον
766 663 1019 736 Ἀϐραὰμ
1055 663 1148 718 καὶ
1188 661 1288 733 τὴν
1321 661 1540 734 Σάρραν
1563 652 1676 731 εἶχε
1716 656 1896 728 παρά-

2023 653 2160 720 tami
2209 661 2264 709 et
2331 650 2482 708 Sara“,
2538 649 2845 721 exemplum
2911 649 3176 714 habebat,
3222 657 3386 718 atque
3417 647 3581 719 363

331 761 548 828 δειγμαο
580 758 717 830 πρὸς
749 757 843 820 οὓς
904 757 1074 826 ὲχρῆν
1129 755 1407 815 ἀπιδόντα,
1479 750 1553 823 μὴ
1601 749 1900 816 ἀπιστῆσαι

2023 747 2141 802 ideo
2172 746 2459 817 Oportebat
2507 753 2565 799 ιιι
2592 744 2641 798 id
2672 743 2972 814 respiciens
2997 744 3061 798 de
3092 743 3232 797 bono
3266 742 3455 796 nuntio
3489 758 3583 795 nc-

331 852 404 923 τῷ
423 851 746 922 εὐαγγελίῳ.
791 850 864 902 Τὸ
898 849 954 902 δὲ
1002 849 1275 920 παρθένον
1327 846 1530 908 τεκεῖν,
1592 841 1902 914 παράδοξον

2023 854 2277 908 proquam
2309 837 2632 908 ambigeret.
2666 836 2734 889 At
2776 849 2904 889 vero
2937 834 3199 904 virginem
3236 847 3427 903 parere
3458 847 3583 887 cum

333 943 488 1008 ὄντως
519 939 609 1014 ἦν,
649 945 744 997 καὶ
775 941 926 1009 ξένον
975 940 1077 1010 τῆς
1130 940 1368 1010 φύσεως.
1439 935 1652 998 Ἀλλως
1700 951 1758 988 τε
1803 934 1903 986 οὐκ

2031 928 2325 983 nusitatum
2352 942 2539 982 revera
2565 934 2704 990 erat,
2735 935 2847 980 tum
2872 939 2902 980 a
2925 933 3114 979 natura
3144 923 3298 993 longe
3325 925 3583 977 alienum.

2005 1019 2274 1075 Praeterea
2305 1018 2468 1090 Virgo
2500 1035 2603 1074 nun
2634 1027 2692 1072 ut
2718 1017 2996 1073 incredula
3024 1016 3216 1085 angelo
3246 1016 3334 1069 illa
3365 1029 3588 1084 respnu~

2008 1110 2109 1175 dit,
2162 1110 2258 1165 sed
2311 1111 2388 1164 rei
2437 1124 2601 1180 supra
2655 1117 2907 1164 naturam
2959 1109 3148 1178 positae
3198 1105 3588 1178 cognoscenda:

2009 1204 2274 1260 studiosa.
2309 1203 2382 1258 De
2407 1202 2666 1275 mysterio
2697 1202 2880 1272 igitur,
2905 1201 3133 1271 ejusque
3165 1202 3373 1255 ratione
3397 1201 3592 1254 edocta

2009 1314 2131 1354 curn
2165 1306 2328 1362 esset,
2367 1297 2715 1365 audissetque
2748 1311 2762 1348 :
2800 1313 2819 1346 ι
2865 1293 3102 1364 Spiritus
3147 1301 3367 1348 sanctus
3397 1305 3591 1360 super-

329 1409 486 1461 ναμις
522 1390 783 1460 Ὑψίστου
810 1389 1124 1444 ἐπισκιάσει
1154 1406 1260 1453 σοι,
1308 1408 1325 1441 ι
1350 1387 1568 1457 δέχεται
1600 1386 1676 1448 ὡς
1700 1383 1908 1453 εὐγνώ-

2023 1390 2189 1446 veniet
2225 1389 2278 1443 in
2317 1398 2390 1456 te,
2422 1396 2477 1442 et
2505 1387 2679 1441 virtus
2721 1385 2989 1441 Altissimi
3037 1383 3382 1439 obumbrabit
3413 1382 3530 1450 libi,
3565 1399 3584 1435 ι

334 1501 445 1554 μων
468 1483 558 1535 τὸν
584 1482 1008 1552 εὐαγγελισμδν,
1053 1483 1148 1534 καὶ
1176 1481 1308 1552 ὃλην
1349 1480 1552 1550 ἑαυτὴν
1614 1477 1909 1546 ἀνατίθησι

2023 1479 2225 1535 felicem
2259 1479 2506 1534 nunlium
2535 1488 2686 1549 grata
2719 1477 2916 1548 accipit
2945 1486 3220 1546 totamque
3250 1491 3308 1531 se
3341 1475 3433 1531 Dci
3465 1476 3597 1529 sub-

331 1575 409 1645 τῷ
437 1574 706 1645 θελήματι
737 1574 828 1628 τοῦ
858 1573 1016 1641 Θεοῦ,
1049 1575 1141 1627 καί
1185 1592 1353 1645 φησιν
1379 1589 1391 1602 ·
1427 1592 1445 1626 ι
1500 1571 1632 1626 Ἰδοὺ
1661 1573 1695 1640 ἡ
1746 1568 1907 1640 δούλη

2033 1573 2126 1627 icit
2172 1571 2434 1626 voluntati
2478 1589 2493 1628 :
2535 1583 2586 1626 et
2622 1588 2642 1623 ι
2687 1569 2844 1636 Ecce,
2895 1569 3088 1638 inquit,
3115 1569 3308 1624 ancilia
3356 1568 3595 1635 Domini,

331 1664 559 1734 Κυρίου,
589 1663 805 1731 γένοιτό
828 1681 917 1734 μοι
951 1664 1096 1718 κατὰ
1126 1664 1188 1718 τὸ
1216 1663 1370 1736 ῥῆμά
1392 1681 1508 1717 σου.
1545 1682 1563 1714 ι
1603 1661 1711 1715 Καὶ
1747 1659 1910 1723 εὐθὺς

2023 1664 2110 1719 iiat
2159 1663 2292 1717 mihi
2340 1662 2636 1717 secundum
2671 1663 2892 1716 verbum
2944 1671 3115 1715 tuum.
3167 1679 3185 1711 ι
3222 1659 3287 1713 Ει
3339 1660 3598 1714 continuo

329 1756 356 1808 ὁ
382 1754 474 1808 τοῦ
541 1755 778 1824 ἀγγέλου
823 1756 984 1825 λόγος
1046 1755 1210 1828 ἔργον
1264 1755 1505 1826 ἐγένετο,
1555 1755 1649 1808 καὶ
1695 1751 1910 1822 γαστὴρ

2023 1759 2234 1813 verbum
2288 1758 2462 1828 angeli
2515 1757 2834 1828 perductum
2885 1757 2950 1810 ad
2997 1772 3132 1826 opus
3179 1766 3284 1821 est,
3322 1764 3375 1812 et
3412 1769 3601 1811 vomer

331 1843 440 1915 εἶχε
469 1845 625 1908 Θεὸν,
661 1847 757 1899 καὶ
789 1845 970 1917 γάμου
1005 1847 1168 1917 νόμος
1197 1847 1450 1917 ἠγνοεῖτο
1484 1847 1548 1914 τῇ
1577 1843 1907 1913 Θεομήτορι.

2023 1849 2202 1904 habuit
2239 1850 2429 1914 Deum,
2477 1859 2529 1903 et
2581 1848 2672 1904 Del
2737 1849 2947 1919 pari-nti
2983 1849 3065 1903 lex
3110 1849 3418 1918 nuptiarum
3481 1859 3599 1903 erat

332 1034 631 1087 ἀπιστοῦσα
657 1035 688 1103 ἡ
718 1031 998 1102 Παρθένος
1029 1030 1204 1084 ταῦτά
1249 1046 1384 1101 φησι
1439 1027 1576 1098 πρὸς
1607 1027 1698 1081 τὸν
1733 1026 1903 1094 ἅγγε-

331 1125 436 1190 λον,
476 1125 610 1179 ἀλλὰ
652 1123 713 1178 τὸ
773 1124 1056 1196 ὑπερφυὲς
1101 1122 1196 1176 τοῦ
1253 1122 1585 1192 πράγματος
1664 1118 1905 1190 ζητοῦσα

335 1217 539 1287 μαθεῖν.
569 1215 1091 1286 Μυοταγωγηθεῖσα
1124 1214 1182 1268 δὲ
1210 1214 1299 1269 τὸν
1322 1213 1548 1284 τρόπον,
1608 1210 1702 1263 καὶ
1743 1207 1907 1262 ἀκού-

333 1323 465 1360 σασα
494 1322 510 1336 ο
540 1325 560 1358 ι
593 1304 820 1374 Πνεῦμα
845 1304 1002 1373 ἅγιον
1030 1303 1388 1357 ἐπελεύσεται
1418 1303 1511 1354 ἐπὶ
1550 1299 1632 1364 σὲ,
1668 1299 1762 1352 καὶ
1811 1298 1906 1351 δύ-

331 1937 676 1991 Συλλασοῦσα
702 1937 760 1991 δὲ
787 1938 879 1992 τὸν
911 1939 1043 1992 ἴδιον
1067 1938 1342 2008 Πλάστην,
1395 1937 1536 1989 ἵεται
1567 1934 1703 2005 μετὰ
1744 1950 1912 1986 σπου-

2023 1940 2216 2012 ignota.
2251 1941 2424 1995 Simul
2457 1941 2616 2009 igitur
2659 1956 2722 1994 ac
2759 1941 3007 2011 concepit
3034 1939 3382 1995 Conditorem
3415 1955 3596 2005 suum,

330 2030 421 2099 δῆς
457 2030 538 2092 ei;
571 2031 670 2100 τὴν
707 2029 926 2100 ὀρεινὴν
959 2030 1298 2100 κοινωνῆσαι
1345 2031 1411 2100 τῇ
1479 2025 1766 2080 Ἐλισάϐετ
1817 2025 1912 2094 τῆς

2023 2011 2156 2086 abiit
2189 2033 2241 2087 in
2277 2043 2529 2088 motatana
2565 2049 2687 2087 eum
2726 2032 3092 2100 festinatione,
3123 2034 3374 2103 gratiam,
3401 2043 3456 2088 et
3492 2034 3597 2087 mi-

333 2122 502 2194 χαρᾶς
564 2122 772 2174 καὶτοῦ
809 2121 1112 2192 θαύματος.
1157 2121 1299 2174 ’Ἀλλ’
1328 2124 1356 2175 ό
1422 2119 1734 2190 Ἑωσφόρος
1780 2134 1905 2188 προ·

333 2212 508 2282 φήτης
536 2213 594 2264 ὲν
626 2213 692 2282 τῇ
719 2215 1048 2283 στειρωτικῇ
1080 2212 1236 2283 νηδύϊ
1270 2211 1598 2282 φερόμενος,
1630 2210 1725 2262 κα)⁵
1781 2209 1915 2279 πρὶν

337 2300 634 2370 βλέψαιτδν
658 2301 835 2370 ἥλιον,
865 2301 1082 2370 ἐπέγνω
1099 2302 1196 2372 τῆς
1215 2299 1570 2369 δικαιοσύνης
1592 2297 1913 2361 τδνἪλιον,

330 2392 403 2454 ὡς
433 2394 490 2444 ἐν
517 2392 719 2464 νεφέλῃ
742 2392 926 2466 κούφῃ
953 2395 1020 2464 τῇ
1053 2392 1368 2464 παρθενικῇ
1400 2391 1602 2464 γαστρὶ
1647 2387 1915 2460 βασταζὸ-

335 2499 517 2551 μενον,
548 2485 645 2537 καὶ
674 2485 767 2536 τὸν
798 2485 1083 2556 ¹δεσπότην
1109 2484 1307 2556 μηνύει
1353 2482 1542 2551 σιγῶν.
1598 2481 1777 2548 Λόγον
1803 2478 1911 2552 γὰρ

331 2575 483 2629 οὔπω
507 2577 708 2648 φέρων,
741 2577 879 2648 ὅπερ
926 2573 1073 2647 εἶχεν
1134 2575 1387 2629 ἀπέδωκε
1443 2575 1748 2644 σκίρτημα,
1816 2573 1913 2626 καὶ

329 2673 395 2743 τῇ
429 2672 601 2742 μητρὶ
628 2669 728 2741 τὴν
758 2671 898 2740 πρὸς
929 2671 1028 2742 τὴν
1054 2669 1338 2740 Παρθένον
1371 2667 1654 2739 εὐφημίαν
1711 2664 1914 2736 παρεί-

334 2780 478 2834 χετο,
539 2763 866 2835 προσκυνῶν
929 2763 1021 2816 τὸν
1085 2761 1524 2833 κυοφορούμενον
1590 2759 1819 2830 Κύριον,
1871 2750 1916 2825 ᾧ

336 2856 538 2926 πρέπει
571 2855 707 2926 τιμὴ
749 2859 922 2921 πᾶσα,
958 2856 1054 2910 καὶ
1084 2856 1238 2922 δόξα,
1281 2855 1376 2909 καὶ
1407 2854 1672 2924 ὖμνωσις,
1709 2855 1808 2906 σὺν
1838 2851 1916 2923 τῷ

331 2949 528 3022 Πατρὶ,
563 2953 656 3003 καὶ
682 2950 760 3022 τῷ
785 2951 929 3022 ἁγίῳ
960 2949 1266 3022 Πνεύματι,
1299 2951 1377 3012 εἰς
1401 2951 1528 3014 τοὺς
1555 2948 1758 3011 αἰῶνας
1806 2945 1914 3000 τῶν

338 3042 572 3098 αἰώνων.
620 3043 676 3096 Ἀ
688 3041 818 3113 μήν.

896 3156 1159 3213 ὈΜΙΛΙΑ
1184 3157 1311 3210 ΝΔ’.

328 3277 434 3339 Εις
452 3273 540 3340 τὸ,
574 3293 592 3326 ι
628 3274 834 3328 Πάντα
851 3281 954 3342 μοι
981 3270 1281 3342 παρεδόθη
1313 3269 1434 3324 ὑπὸ
1469 3269 1576 3342 τοῦ
1598 3272 1848 3342 Πατρός.
1889 3289 1908 3321 ι

2021 2125 2266 2179 raculum
2335 2128 2797 2181 eotumnniratura
2862 2142 2987 2180 cum
3053 2125 3346 2182 Elisabeth.
3398 2123 3599 2180 Verum

2018 2212 2241 2270 Lucifer
2266 2215 2357 2270 ille
2381 2217 2661 2285 propheta,
2688 2217 2778 2285 qui
2811 2215 2861 2269 in
2887 2225 3042 2270 utero
3069 2214 3235 2271 sterili
3263 2215 3597 2284 gestabatur,

2019 2306 2332 2376 priuSquam
2372 2307 2540 2362 solem
2576 2307 2866 2376 aSpiceret,
2900 2307 3125 2376 justitize
3166 2306 3346 2362 Solem
3380 2307 3600 2378 agnovit

2016 2397 2072 2452 in
2107 2405 2263 2453 utero
2294 2398 2537 2469 virgineo
2582 2399 2742 2453 veluti
2780 2400 2831 2453 in
2881 2400 2982 2454 levi
3031 2403 3173 2454 nube
3218 2408 3515 2469 portatum,
3545 2410 3600 2453 et

2016 2489 2304 2545 Dominum
2329 2493 2526 2546 tacitus
2549 2491 2769 2546 iudicat.
2801 2489 2936 2546 Cum
2973 2492 3116 2546 enim
3152 2489 3329 2546 adhuc
3358 2505 3466 2545 non
3497 2491 3564 2545 ha
3594 2525 3599 2530 -

2018 2585 2170 2638 heret
2229 2583 2480 2653 loquendi
2544 2582 2874 2645 facultatem,
2933 2583 3076 2653 quod
3135 2583 3341 2650 habuit,
3396 2583 3593 2637 saltum

2015 2675 2260 2744 profecto
2308 2675 2558 2741 reddidit,
2611 2661 2883 2745 matrique
2931 2690 3044 2730 sua:
3093 2674 3441 2730 benedicendi
3475 2673 3598 2730 Vir-

2017 2766 2126 2838 gini
2155 2767 2435 2821 materiam
2459 2775 2512 2821 et
2538 2777 2916 2838 argumentum
2949 2768 3198 2836 praebuit,
3229 2765 3517 2822 Dominum
3543 2768 3598 2821 in

2018 2867 2172 2913 utero
2191 2859 2429 2913 delatum
2455 2859 2710 2925 adorans,
2739 2858 2824 2913 cui
2851 2859 3028 2915 omnis
3054 2859 3225 2914 honor
3283 2867 3337 2913 et
3361 2857 3600 2913 laudatio

2017 2947 2268 3015 debetur,
2291 2964 2414 3004 cum
2452 2948 2640 3015 Patre,
2687 2959 2742 3005 et
2776 2948 2980 3019 Spiritu
3037 2958 3254 3016 sancto,
3292 2949 3346 3004 in
3398 2951 3600 3004 saecula

2019 3040 2368 3096 saculorum.
2402 3041 2596 3096 Amen.

2579 3162 2865 3220 lIOMlLlA
2905 3164 3041 3220 LIV.

2017 3275 2236 3343 [uilla
2312 3278 2502 3343 verba,
2581 3295 2600 3329 ι
2671 3279 2865 3334 Omnia
2927 3281 3057 3333 milii
3127 3281 3322 3334 tradita
3386 3288 3509 3333 sunt
3567 3297 3600 3333 ει

385 3371 459 3389 ..-
487 3339 745 3422 ῘΕλέχθη
768 3344 834 3397 δὲ
852 3339 928 3397 ’ἐν
945 3341 1019 3412 τῇ
1040 3339 1368 3413 πανηγύρει
1392 3339 1499 3394 τοῦ
1527 3341 1698 3408 ἁγίου
1713 3341 1915 3394 Ὀνου-

2096 3342 2257 3422 Patre
2310 3363 2443 3401 meo.
2487 3339 2504 3399 ι
2562 3379 2632 3390 -
2677 3350 2832 3403 Dicta
2876 3365 2950 3405 est
2985 3354 3040 3404 in
3071 3353 3319 3422 panegyri
3350 3349 3410 3408 S.
3451 3349 3603 3406 Ortu-

391 3431 592 3483 φριου.

414 3528 764 3598 Ἔπεστίμοι
789 3527 1072 3598 θαυμάσαι
1095 3526 1192 3596 τὴν
1243 3523 1343 3594 τῆς
1399 3522 1603 3592 ἀρετῆς
1657 3522 1915 3592 ἰδιότητα.

341 3620 402 3673 ὐ
429 3620 637 3690 ταύτην
661 3621 770 3691 γὰρ
801 3619 1006 3690 μετιὼν
1045 3619 1168 3672 ὅσον
1199 3616 1548 3688 κρύπτεσθαι
1600 3614 1917 3680 σπουδάζει,

333 3713 694 3785 κηρύττεται.
731 3714 841 3766 Καὶ
877 3715 924 3765 οἱ
959 3712 1062 3781 μὲν
1093 3709 1302 3781 ταύτης
1329 3710 1561 3780 ἐργάται
1595 3709 1652 3761 ὲν
1680 3708 1918 3778 ἐρήμοις

332 3806 431 3859 καὶ
459 3804 636 3874 (apem,
673 3805 767 3857 καὶ
801 3806 1076 3875 χηραμοῖς
1139 3801 1610 3871 κατεκρύπτοντο,
1664 3801 1804 3870 αὐτὴ
1863 3799 1922 3853 δὲ

329 3896 434 3968 τὴν
463 3899 654 3967 φήμην
688 3896 1012 3961 ὀπλίζουσα,
1053 3893 1150 3947 καὶ
1181 3895 1477 3963 Στέντορος
1537 3891 1696 3964 δίκην
1745 3909 1917 3944 κατα-

331 3991 622 4061 δροντὼσα
652 3988 750 4052 τὰς
787 3989 978 4055 ἀκοὰς,
1034 3989 1115 4051 είς
1170 3987 1350 4040 πᾶσαν
1405 3985 1505 4054 τὴν
1561 3983 1667 4054 γῆν
1723 3982 1922 4046 αὐτοὺς

330 4082 704 4152 διευφήμησε.
743 4080 928 4150 Σαφὴς
957 4080 1066 4133 τῶν
1098 4078 1416 4148 λεγομένων
1457 4077 1735 4144 ἀπόδειξις
1767 4079 1798 4130 ό
1823 4077 1921 4148 μέ-

331 4189 439 4240 γας
480 4171 821 4241 ὐνούφριος,
845 4163 908 4223 οὗ
940 4169 1040 4240 τὴν
1075 4169 1228 4240 ἱερὰν
1258 4167 1454 4239 ἑορτὴν
1474 4165 1921 4238 πανηγυρίζομεν

331 4267 602 4334 σήμερον.
629 4259 801 4326 Οὗτος
827 4263 937 4334 γὰρ
967 4260 1027 4328 ἐξ
1061 4260 1141 4312 ἔτι
1203 4259 1409 4313 παίδων
1455 4261 1564 4311 τῶν
1619 4258 1924 4331 ἀνθρώπων

331 4355 628 4426 ὑπεριδὼν,
655 4356 751 4409 καὶ
793 4356 892 4424 τὴν
929 4351 1202 4423 κοσμικὴν
1231 4351 1441 4420 τύρὸην
1497 4350 1683 4418 ἀφεὶς,
1733 4349 1920 4404 πᾶσάν

327 4466 390 4502 τε
431 4447 696 4518 βιωτικην
762 4445 1054 4516 φλυαρίαν,
1121 4445 1197 4508 ὡς
1250 4443 1401 4496 κόνιν
1451 4443 1920 4514 ἀποσεισάμενος,

331 4539 594 4608 καθάπερ
631 4540 710 4602 είς
736 4539 956 4608 λιμένα,
984 4535 1326 4604 καταφεύγει
1385 4534 1484 4604 τὴν
1537 4533 1766 4604 ἔρημον.
1814 4536 1924 4588 Καὶ

331 4630 478 4701 πρὸς
509 4630 580 4682 τά
609 4629 811 4698 ταύτης
836 4628 1097 4698 χωρήσας
1129 4626 1408 4694 ὲνδότερα,
1467 4623 1564 4678 ﬁte
1594 4625 1692 4694 τὴν
1714 4625 1926 4696 ἀνθρω-

330 4723 508 4792 πίνην
538 4720 701 4786 δόξαν
731 4720 1023 4786 ἐκκλίνων,
1049 4720 1145 4772 καὶ
1187 4717 1438 4770 σπεύδων
1479 4716 1546 4770 δι’
1574 4717 1777 4787 ἀρετῆς
1804 4717 1923 4789 Θεῷ

334 4815 450 4886 μὲν
472 4812 850 4883 οἰκειωθῆναι,
878 4813 1005 4875 τοὺς
1037 4811 1097 4866 δὲ
1131 4809 1459 4878 ἀνθρώπους
1485 4808 1691 4874 λαθεῖν,
1723 4808 1792 4862 τὰ
1824 4810 1923 4879 μὲν

329 4906 701 4978 κατώρθωκε,
729 4907 824 4960 καὶ
849 4907 931 4970 εἰς
957 4905 1132 4975 πέρας
1190 4902 1434 4972 ἠγάγετο
1484 4903 1740 4973 ἀρρήτως
1790 4905 1924 4956 ἀνα-

328 5000 572 5072 γραθεὶς
602 4999 679 5070 τῷ
711 4996 830 5068 Θεῷ
851 5013 864 5027 °
908 4997 968 5050 τὸ
996 4997 1059 5065 ⁸δέ
1091 5012 1172 5048 τοι
1199 4995 1405 5058 λαθεῖν,
1458 4992 1550 5044 καί
1605 5009 1688 5045 τοι
1752 4993 1924 5047 πολλὰ

2089 3416 2248 3484 ιιΙινίἱ.

2095 3527 2320 3586 Virtutis
2361 3533 2607 3601 quaedam
2657 3533 2959 3602 proprietas
3006 3532 3322 3589 admiranda
3361 3533 3491 3589 mihi
3544 3549 3605 3589 se

2020 3616 2179 3674 oll‘crt
2213 3637 2227 3672 :
2264 3620 2358 3690 qui
2394 3622 2539 3674 enirn
2575 3620 2718 3674 illam
2755 3623 3121 3691 persequitur,
3153 3638 3262 3692 quo
3304 3623 3604 3679 studiosius

2020 3711 2358 3766 abscondere
2391 3723 2644 3776 conatur,
2676 3727 2740 3765 co
2770 3713 3013 3781 proditur
3057 3715 3248 3784 magis.
3287 3713 3352 3767 Et
3383 3715 3600 3784 quidem

2022 3803 2185 3872 aliqui
2207 3817 2271 3856 ex
2297 3801 2414 3870 ejus
2434 3803 2729 3858 cultoribus
2753 3803 2808 3857 in
2835 3804 3067 3859 desertis
3087 3804 3240 3868 locis,
3257 3813 3312 3859 et
3333 3806 3604 3862 montibus

2021 3903 2074 3950 et
2102 3894 2350 3949 cavernis
2384 3893 2498 3965 (45)
2528 3909 2589 3950 se
2618 3893 2876 3950 abdidere
2908 3911 2924 3950 :
2955 3893 3040 3948 illa
3074 3909 3202 3950 vero
3249 3895 3405 3949 fama:
3439 3895 3602 3951 mini-

2025 3987 2192 4041 sterio
2239 3987 2409 4042 instar
2456 3986 2725 4042 Stentoris
2756 3985 2870 4058 (44)
2905 4002 3001 4056 per
3043 4001 3200 4042 aures
3233 3987 3506 4055 iutonans,
3542 3990 3597 4043 iu

2024 4094 2214 4135 omnes
2243 4081 2392 4136 orbis
2428 4082 2677 4151 regiones
2714 4095 2809 4136 eus
2840 4081 3156 4136 celebravit.
3205 4080 3436 4138 Evidens
3471 4083 3606 4136 meis

2028 4171 2188 4226 dictis
2230 4179 2606 4242 argumentum
2656 4171 2786 4226 facit
2819 4186 3048 4240 magnus
3077 4169 3414 4241 Onuphrius,
3445 4172 3609 4244 366

2029 4265 2186 4334 cujus
2233 4263 2390 4319 hodie
2423 4263 2621 4320 festum
2671 4279 2996 4334 sacrumque
3038 4267 3267 4322 colimus
3315 4267 3479 4322 diem.
3509 4266 3609 4322 llic

2029 4359 2173 4413 enim
2221 4357 2332 4426 jam
2379 4357 2504 4411 inde
2538 4371 2567 4409 a
2619 4356 2848 4425 pueritia
2897 4357 3132 4411 humana
3183 4357 3520 4428 despiciens,
3553 4369 3611 4414 et

2033 4454 2230 4508 missas
2259 4451 2460 4505 faciens
2491 4450 2676 4505 mundi
2704 4450 2911 4515 turbas,
2939 4461 2991 4506 et
3018 4467 3205 4506 omnes
3233 4452 3457 4522 hujusce
3485 4452 3608 4506 vita:

2031 4542 2262 4612 ineptias
2311 4557 2374 4596 ac
2406 4557 2578 4611 nugas
2608 4542 2762 4611 quasi
2805 4541 3082 4609 pulverem
3123 4557 3153 4596 a
3199 4556 3259 4597 se
3300 4543 3608 4602 excutiens.

2033 4632 2085 4686 in
2116 4631 2459 4687 solitudinem
2498 4641 2757 4699 tanquam
2803 4631 2855 4683 in
2904 4641 3120 4700 portum
3168 4631 3386 4702 refugit,
3446 4642 3610 4700 atque

2033 4724 2085 4776 in
2124 4723 2410 4777 interiores
2457 4721 2573 4791 ejus
2618 4737 2868 4778 recessus
2895 4724 3132 4793 pervasit
3163 4740 3178 4780 :
3204 4726 3402 4797 quippe
3430 4726 3519 4796 qui
3556 4736 3612 4780 et

2034 4815 2324 4867 humanam
2357 4813 2668 4882 opinionem
2699 4812 2953 4883 elfugere,
2985 4825 3040 4869 et
3078 4831 3202 4870 cum
3235 4814 3346 4872 Deo
3375 4816 3610 4870 familia-

2034 4905 2166 4958 riter
2219 4905 2480 4958 virtutum
2535 4905 2922 4960 exercitatione
2975 4907 3214 4971 versari,
3263 4917 3320 4963 et
3366 4907 3613 4963 homines

2032 4997 2202 5050 latere
2233 4995 2492 5050 studeret.
2527 4995 2763 5063 Quorum
2793 4996 2880 5050 illa
2907 4997 3124 5068 quidem
3155 5007 3303 5055 recte
3337 5001 3527 5073 gessit,
3558 5010 3612 5055 et

1590 5131 1920 5195 Francisci
1950 5133 2163 5195 Scorsi
2198 5141 2389 5196 noue.

410 5271 529 5341 (45)
559 5269 626 5324 Et
657 5266 910 5323 cauernis.
978 5262 1066 5314 Ἐν
1100 5261 1623 5341 χηραμοῖς,“ιιοιιιθιι
1674 5273 1862 5341 rarum
1892 5274 1923 5313 a

330 5327 639 5411 Pll‘ocilide
701 5343 1045 5406 usurpatum.
1072 5327 1280 5401 πέτρης
1320 5330 1506 5411 κοίλης
1538 5327 1700 5411 ’κατὰ
1747 5346 1924 5411 χηρσπ

381 5414 472 5474 δν,
501 5403 578 5465 ’ἔτι
638 5424 778 5462 οαυω
832 5403 991 5471 petra
1035 5416 1278 5466 secessu;
1328 5403 1446 5471 ejus
1477 5403 1640 5454 etiam
1681 5403 1927 5453 memmit

382 5483 632 5552 uittasin
662 5475 935 5552 Μυωέίςι-
1018 5541 1029 5552 ,
1139 5540 1203 5552 ..
1278 5539 1290 5552 .
1353 5540 1365 5552 .
1425 5539 1458 5552 ..

411 5551 532 5621 (44)
584 5550 770 5621 luctor
799 5538 1076 5621 Stc'ntoris.
1125 5539 1336 5621 Adagio
1353 5539 1505 5603 ludit,
1539 5538 1928 5621 quo.S_le‘ntore

329 5609 640 5677 cla‘mo'sior
670 5618 889 5677 dicitur,
921 5613 1010 5681 qui
1043 5626 1174 5666 voce
1205 5621 1261 5666 et
1290 5611 1527 5664 clamore
1562 5609 1745 5681 pollet.
1769 5610 1929 5663 Sum-

331 5703 498 5761 plum
533 5691 587 5761 id
639 5705 672 5761 ιι
701 5685 878 5761 fabula
912 5679 1179 5761 Sterttoris
1210 5721 1225 5746 ,
1275 5683 1362 5735 cui
1385 5691 1662 5748 comparat
1688 5679 1926 5742 ﬂumen,

328 5754 518 5817 'lliad.
546 5757 609 5820 ε’,
645 5755 878 5812 Juuonis
911 5754 1226 5806 clamorem.

411 5832 674 5899 Στέντορι
709 5825 975 5899 εἰσαμένη
999 5820 1330 5899 μεγαλήτορι
1358 5820 1768 5899 χαλκειοφωνῳ,

421 5904 526 5962 "0;
564 5890 722 5952 τόσον
748 5890 1063 5964 οιιζιδῂσαξίχ⁸
1089 5893 1212 5964 ᾆσον
1227 5890 1752 5964 ἄλλοιᾼπεντήκοντα.

419 5960 690 6028 Stcritoris
715 5969 768 6020 in
801 5960 1222 6035 spécicm'calidi,
1246 5961 1328 6015 cui
1355 5960 1526 6030 ferrea
1560 5976 1678 6025 vox,
1700 5962 1791 6028 qui

2107 5261 2500 5338 Quinquaginta
2529 5261 2663 5315 alios
2687 5274 2858 5332 (equal
2892 5264 3118 5320 clamore
3145 5283 3395 5338 sonoque.

2038 5329 2100 5384 Et
2135 5331 2410 5386 Juvenalis
2428 5343 2596 5401 satyr.
2631 5329 2747 5388 xm;

2111 5401 2188 5454 Tu
2211 5403 2370 5476 miser
2405 5405 2687 5476 exclamas,
2725 5403 3043 5460 utStentora
3081 5408 3281 5463 vincere
3308 5411 3501 5476 possis.

2043 5470 2182 5544 Usus
2214 5485 2291 5544 eo
2311 5471 2518 5544 Theod.
2553 5471 2856 5544 Balsamon.
2883 5477 2976 5544 Ep.
3010 5480 3076 5531 de
3124 5470 3361 5533 lnceus'is
3394 5481 3487 5532 lib.
3511 5494 3611 5536 vn.

2037 5541 2183 5596 Juris
2252 5540 2536 5628 Griecolat.
2567 5542 2763 5628 aut}:
2821 5540 3134 5628 μεμϐράναι
3185 5548 3473 5628 ἱστορικῶν
3512 5550 3611 5628 κα)

2031 5611 2348 5688 συγγραφαὶ
2371 5611 2646 5688 τακτικῶν
2679 5611 3020 5687 ἀνατορικῶν
3053 5611 3411 5688 κεκράξονται
3468 5619 3613 5672 κατὰ

2029 5679 2300 5750 Στέντορα
2319 5697 2334 5711 ο
2374 5679 2570 5734 Saltem
2597 5679 2914 5739 mentiri-aure
2951 5679 3205 5740 libroruin
3235 5679 3607 5742 historicorum

2028 5761 2076 5804 et
2135 5752 2529 5804 ordinatiouum
2561 5759 2862 5808 aulicorum
2889 5764 3224 5808 monumento
3275 5755 3613 5813 διεῖπον-ἰείη

2032 5837 2228 5874 marem
2266 5819 2377 5873 lucc
2399 5822 2748 5886 proclamant.
2775 5826 2946 5879 Simili
2978 5827 3171 5892 adagio
3195 5827 3395 5882 dicitur
3437 5831 3613 5884 ferr-ra

2033 5907 2132 5944 vox
2186 5894 2252 5942 ah
2284 5892 2473 5944 eodem
2500 5893 2728 5950 lortasse
2777 5896 2991 5950 llomeri
3045 5895 3162 5953 loco
3191 5897 3451 5956 derivata.
3477 5899 3610 5955 Vide

2031 5958 2496 6030 Parwmiograph.
3529 6007 3532 6010 .
