4074 6420
468 485 587 547 θιςι

1669 477 2163 542 THEOPHANIS
2194 479 2539 540 CERAMEI

3633 477 3739 543 9H

472 594 542 652 ad
572 592 821 649 eﬂectum
850 571 1102 662 perduxit
1134 588 1317 644 .ntime
1362 602 1484 643 cum
1523 589 1631 645 Deo
1674 587 1929 645 ineil'abili
1964 604 2052 642 ra-

2160 590 2490 651 σπουδάσας,
2515 588 2613 642 οὑκ
2638 587 2877 658 ἴσχυσεν.
2913 586 3054 641 Ἀλλ’
3074 588 3101 641 ὁ
3132 585 3270 657 πρὸς
3299 586 3365 641 τὰ
3396 587 3495 658 τῆς
3529 588 3739 660 ἐρήμου

474 686 622 740 tione
654 684 1008 754 coujunctus;
1058 682 1229 735 latere
1273 689 1450 735 autem
1488 695 1793 751 quanquam
1825 680 2051 744 studuit,

470 777 737 847 perlicere
786 785 965 829 tamen
1001 772 1145 828 haud
1194 773 1380 827 valuit.
1436 770 1539 827 Sed
1579 773 1668 842 qui
1715 772 1770 825 in
1820 771 2055 825 latebras

473 866 779 923 solitudinis
813 869 1121 920 inaccessas
1155 880 1215 919 se
1252 866 1613 928 abstruserat,
1649 878 1792 919 nunc
1818 863 1927 931 jam
1959 877 2053 915 ur-

469 963 647 1015 banus
677 968 784 1024 est,
817 968 872 1014 et
922 973 1025 1011 una
1075 972 1197 1011 cum
1233 956 1482 1011 ﬁdelibus
1532 957 1584 1011 in
1636 955 1947 1010 civitatibus
2003 962 2057 1007 et

468 1054 605 1108 vicis
640 1051 881 1115 habitat;
914 1058 968 1104 et
996 1049 1087 1119 qui
1120 1062 1347 1118 pauper,
1387 1056 1442 1101 et
1473 1049 1648 1101 nudus
1683 1055 1734 1101 et
1763 1046 2055 1100 discalcea-

471 1155 557 1198 tus
589 1142 701 1215 (45)
732 1142 890 1206 vixit,
916 1156 1055 1195 nunc
1082 1138 1139 1194 in
1168 1139 1379 1208 templis
1407 1138 1703 1209 magniﬁcis
1734 1136 2052 1191 honoratur.

468 1231 643 1286 Credo
667 1229 831 1284 etiam
859 1229 1218 1297 spiritualiter
1242 1243 1338 1283 sua
1364 1230 1537 1298 ipsum
1566 1228 1764 1297 templa
1797 1226 2055 1287 revisere.

462 1332 525 1377 et
566 1322 769 1377 festum
816 1321 978 1376 simul
1006 1336 1126 1374 cum
1162 1322 1264 1391 piis
1310 1321 1621 1375 hominibus
1674 1321 1903 1389 agitare,
1934 1335 2053 1373 cum

467 1414 646 1483 iisque
686 1413 1000 1477 convenire,
1046 1413 1309 1482 donisque
1349 1412 1585 1466 cultores
1620 1426 1748 1466 suos
1799 1426 2054 1465 remune-

452 1506 603 1559 rrari.
642 1503 748 1560 Sed
782 1504 959 1574 magni
1010 1505 1236 1574 hujusce
1269 1505 1367 1557 viri
1402 1505 1678 1569 virtutem,
1706 1515 1761 1558 et
1798 1503 2054 1558 solitariae

467 1598 593 1652 vita:
617 1597 1052 1661 exercitationes,
1084 1595 1175 1665 qui
1204 1595 1377 1664 ipsum
1410 1596 1555 1649 novit
1580 1595 1915 1664 Paphnutius
1941 1595 2052 1668 (46)

466 1687 727 1758 simplici,
758 1702 823 1741 ac
852 1697 1042 1756 sponte
1070 1686 1188 1741 l'uso
1211 1700 1463 1741 sermone
1485 1685 1536 1738 id
1567 1701 1735 1756 agens
1774 1686 1969 1752 solum,
1996 1697 2053 1742 ut

447 1784 669 1833 .nudam
705 1777 1037 1849 patefaceret
1082 1778 1389 1842 veritatem,
1439 1778 1736 1831 enarravit.
1783 1774 1892 1831 Nos
1925 1792 2053 1832 vero

469 1875 627 1926 modo
661 1870 795 1925 lecta
830 1869 1103 1939 Evangelii
1138 1871 1300 1923 verba
1337 1867 1489 1923 vobis
1522 1867 1644 1924 festi
1691 1868 1851 1938 hujus
1881 1870 2051 1925 culto-

450 1964 616 2018 'ribus
645 1961 1038 2031 explicabimus
1062 1961 1129 2015 ’7.

543 2074 561 2106 ι
599 2054 747 2109 Dixit
772 2052 1059 2120 Dominus,
1089 2053 1271 2107 omnia
1302 2053 1430 2108 mihi
1461 2052 1658 2107 tradita
1686 2060 1812 2109 sunt
1840 2067 1869 2107 a
1895 2050 2057 2109 Patre

466 2160 625 2212 meo;
658 2156 712 2201 et
746 2160 907 2200 nemo
939 2146 1089 2199 novit
1118 2144 1314 2199 Filium
1349 2144 1449 2200 nisi
1482 2142 1660 2199 Pater.
1697 2163 1717 2197 ι
1745 2144 1801 2199 Si
1836 2158 2055 2200 sensum

464 2236 523 2293 in
578 2252 904 2306 unaquaque
954 2236 1193 2291 dictione
1253 2235 1593 2291 reconditum
1645 2234 2054 2300 considerabis,

460 2331 771 2399 comperies
802 2327 1138 2383 Salvatorem
1181 2328 1248 2384 de
1296 2329 1506 2383 duabus
1558 2330 1953 2384 exsistentibus
2001 2328 2055 2383 in

460 2424 587 2490 ipso
621 2422 830 2476 naturis
867 2436 1176 2476 sermonem
1220 2422 1465 2490 injicere,
1493 2436 1601 2492 quo
1648 2421 1856 2476 scilicet
1900 2430 2058 2493 pacto

464 2528 637 2566 unum
673 2528 918 2582 persona:
953 2514 1165 2584 peplum
1200 2514 1311 2585 (47)
1348 2513 1657 2570 Divinitatis
1684 2522 1895 2571 stamen
1926 2516 2056 2571 sub«

466 2603 707 2674 tegmine
761 2604 944 2659 carnis
1012 2607 1307 2662 contemnit.
1358 2604 1495 2661 Illud
1569 2608 1739 2672 enim,
1797 2624 1817 2659 ι
1863 2608 2057 2662 Omnia

370 2720 373 2729 ι
471 2696 604 2748 mihi
635 2694 830 2748 tradita
862 2706 989 2750 sunt
1019 2712 1046 2749 a
1080 2695 1264 2761 Patre,
1303 2716 1322 2749 ι
1354 2706 1413 2751 ιιι
1448 2698 1613 2754 homo
1645 2698 1902 2769 loquitur.
1927 2698 2059 2764 Quze

451 2785 614 2839 ~euim
642 2785 828 2848 habet,
859 2798 920 2841 ut
954 2788 1112 2853 Deus,
1151 2789 1264 2844 haec
1292 2804 1320 2841 a
1349 2785 1530 2851 Patre,
1568 2789 1777 2844 ratione
1809 2790 2059 2843 humani-

460 2875 602 2929 tatis
629 2877 903 2944 accepisse
935 2891 993 2931 se
1028 2878 1180 2941 dicit,
1204 2878 1359 2946 juxta
1393 2876 1520 2931 illud
1556 2892 1585 2930 a
1618 2877 1817 2933 Davide
1854 2877 2057 2932 decan-

473 2979 641 3022 tatmn
674 2985 689 3022 :
726 2986 745 3021 ι
792 2966 985 3023 Omnia
1033 2970 1306 3037 subjecisti
1357 2970 1460 3025 sub
1495 2971 1721 3040 pedibus
1766 2971 1882 3039 ejus
1925 2970 1993 3026 ".
2030 2988 2050 3023 ι

470 3060 604 3113 lllud
644 3069 823 3114 autem
862 3077 877 3114 :
919 3079 938 3112 ι
977 3058 1147 3117 Nemo
1195 3066 1347 3117 novit
1395 3060 1609 3115 Patrem
1646 3062 1749 3117 nisi
1798 3061 1990 3125 Filius,
2033 3080 2052 3115 ι

470 3152 635 3205 Verbi
672 3152 1009 3206 divinitatem
1062 3153 1319 3207 ostendit.
1367 3152 1562 3217 Dicens
1607 3167 1757 3218 vero,
1794 3171 1813 3205 ι
1863 3153 2056 3207 Omnia

466 3242 606 3296 inibi
638 3244 833 3297 tradita
864 3253 1008 3305 sunt,
1044 3261 1062 3296 ι
1091 3259 1200 3298 non
1220 3243 1538 3299 Judaeorum
1565 3246 1752 3309 modo,
1776 3245 1869 3301 sed
1891 3247 2054 3299 etiam

468 3333 719 3400 gentium
770 3333 1053 3388 Dominum
1107 3348 1165 3389 se
1210 3349 1331 3390 esse
1379 3334 1669 3404 signiﬁcat.
1714 3334 1775 3389 Si
1822 3335 1984 3405 igitur
2027 3351 2055 3389 a

478 3426 639 3480 Patre
686 3444 867 3481 rerum
902 3429 1145 3482 omnium
1186 3430 1441 3484 traditum
1488 3438 1569 3485 est
1616 3429 1690 3485 illi
1737 3430 2055 3497 dominium,

474 3519 821 3574 manifestum
871 3531 955 3574 est
1002 3524 1186 3575 eadem
1220 3522 1416 3577 docere
1447 3531 1499 3576 et
1530 3537 1712 3591 agere,
1749 3537 1867 3591 quae
1910 3521 2057 3577 Patri

469 3610 704 3678 placent.
738 3609 804 3662 Et
850 3610 955 3664 hoc
1000 3610 1162 3664 etiam
1199 3612 1321 3667 aliis
1354 3611 1489 3667 locis
1537 3612 1776 3668 ostendit
1824 3604 2054 3668 dicens:

474 3731 494 3757 ι
531 3703 640 3772 Ego
674 3718 701 3753 a
734 3717 817 3756 me
849 3702 965 3771 ipso
997 3719 1100 3757 nou
1138 3703 1329 3771 loquor
1362 3705 1427 3757 ’³.
1465 3722 1483 3755 ι
1520 3704 1653 3759 Cum
1692 3704 1835 3759 enim
1872 3704 2051 3758 Evan-

464 3794 638 3867 geliea
672 3796 915 3849 doctrina
950 3795 1171 3865 legalem
1197 3796 1359 3867 367
1392 3796 1561 3851 multo
1593 3796 1948 3867 prmcelleret,
1987 3812 2055 3852 ne

469 3887 590 3956 quis
639 3901 765 3940 eum
824 3884 934 3939 Deo
982 3890 1317 3943 contrarium
1357 3888 1468 3959 (48)
1522 3886 1881 3952 existimaret,
1931 3903 2055 3942 cum

2081 1940 2130 2001 B

2160 682 2382 751 κρυδεὶς
2421 680 2754 743 ἀνεπίδατα,
2788 678 2885 734 νῦν
2906 679 3129 742 ἀστικός
3150 681 3266 733 ἐστι
3299 681 3440 751 μετὰ
3486 680 3595 734 τῶν
3654 698 3745 734 πι⁹

2161 774 2300 825 στῶν
2332 774 2389 826 ἐν
2428 775 2547 835 ταῖς
2578 772 2771 825 πόλεσι
2815 773 2910 824 καὶ
2927 770 3145 841 κώμαις
3179 772 3368 835 οἰκῶν,
3394 773 3487 825 καὶ
3511 774 3539 825 ό
3570 773 3745 842 πένης

2160 865 2255 917 καὶ
2277 865 2484 935 γυμνὸς
2522 865 2620 919 καὶ
2649 865 2948 930 ἀνάλυπος,
2983 864 3078 918 νῦν
3102 866 3160 917 ἐν
3195 865 3478 929 πλουσίοις
3514 867 3744 935 τιμᾶται

2158 959 2309 1020 ναοῖς
2346 972 2360 987 ο
2407 957 2670 1027 πείθομαι
2721 958 2765 1010 δ’
2793 958 2877 1010 ὃτι
2918 956 3016 1010 καὶ
3099 957 3302 1027 νοερῶς
3364 958 3622 1027 ἐπιφοιτᾷ
3671 957 3747 1028 τῷ

2161 1050 2356 1102 ἑαυτοῦ
2386 1049 2630 1119 τεμένει,
2666 1050 2762 1104 καὶ
2803 1050 3180 1120 συνεορτάζει,
3210 1051 3304 1104 καὶ
3347 1054 3460 1115 τοῖς
3491 1050 3748 1104 εὐσεϐέσι

2162 1144 2613 1213 συναγελάζεται,
2645 1146 2757 1208 τοῖς
2781 1146 3221 1214 πανηγυρισταῖς
3246 1144 3628 1215 ἀντιπαρέχων
3647 1144 3748 1207 τὰς

2162 1238 2411 1307 χάριτας.
2458 1236 2624 1290 Ἀλλὰ
2647 1236 2747 1309 τὴν
2779 1237 2879 1306 μὲν
2911 1236 3117 1307 ἀρετὴν
3149 1235 3244 1289 τοῦ
3300 1236 3540 1304 μεγάλου
3588 1235 3747 1288 τοῦδε

2160 1329 2375 1398 ἀνδρὸς,
2419 1328 2515 1382 καὶ
2547 1330 2614 1399 ἢν
2657 1330 2715 1381 ἐν
2743 1330 2863 1391 ταῖς
2895 1329 3123 1398 ἐρήμοις
3160 1327 3470 1391 ἐπεδείξατο
3510 1328 3748 1397 ἄσκησιν

2156 1420 2184 1470 ό
2213 1417 2402 1470 τοῦτον
2432 1418 2695 1489 ἑωρακὼς
2723 1417 3063 1486 Παφνούτιος
3109 1420 3441 1489 ἀφηγήσατο
3494 1420 3551 1473 ἐν
3587 1419 3745 1489 ἁπλῷ

2156 1508 2252 1561 καὶ
2301 1507 2671 1578 άκατασκεύῳ
2728 1507 2874 1579 λόγῳ
2951 1511 3317 1579 παραστήσας
3378 1508 3592 1579 γυμνὴν
3643 1508 3745 1580 τὴν

2156 1599 2439 1671 ἀλήθειαν.
2495 1601 2693 1671 Ἡμεῖς
2757 1600 2814 1653 δὲ
2877 1601 2977 1665 τὰς
3030 1601 3124 1655 νῦν
3174 1602 3747 1674 ἀναγνωσθησομὲνας

2155 1692 2521 1760 εὐαγγελικάς
2549 1694 2764 1764 ῥήσεις,
2792 1696 2906 1759 τοῖς
2930 1695 3117 1760 καλοῖς
3147 1696 3275 1766 ὑμῖν
3303 1697 3746 1767 πανηγυρισταῖς

2156 1786 2554 1856 σαφηνίσομεν,
3636 1790 3647 1795 ’

2238 2061 2257 2093 ι
2291 2038 2460 2096 Εἶπεν
2491 2046 2518 2096 ό
2549 2044 2755 2116 Κύριος
2790 2063 2806 2079 ’
2834 2047 3022 2101 Παντα
3057 2065 3148 2119 μοι
3187 2050 3462 2123 παρεδόθη
3501 2052 3608 2107 ὑπὸ
3645 2057 3745 2109 τοῦ

2159 2136 2377 2206 Πατρός
2411 2154 2511 2207 μου
2545 2154 2558 2167 ·
2598 2140 2692 2192 καὶ
2727 2139 2907 2203 οὐδεὶς
2951 2142 3309 2211 ἐπιγινώσκει
3362 2146 3453 2197 τὸν
3509 2147 3658 2214 Υίὸν,
3693 2149 3746 2201 εί

2162 2226 2238 2297 μὴ
2278 2228 2306 2279 ό
2338 2227 2551 2299 Πατήρ.
2593 2245 2611 2279 ι
2654 2228 2881 2281 Σκοπῶν
2914 2229 3151 2302 ἑκάστης
3186 2233 3388 2297 λέξεως
3441 2236 3533 2288 τὸν
3583 2239 3750 2306 ἐγκε-

2160 2320 2482 2391 κρυμμένον
2519 2321 2745 2383 σκοπὸν,
2768 2322 3027 2393 εὑρήσεις
3054 2324 3144 2377 τὸν
3166 2326 3403 2397 Σωτῆρα
3447 2329 3577 2399 περὶ
3633 2330 3747 2386 τῶν

2159 2414 2217 2467 ἐν
2244 2412 2393 2484 αὑτῷ
2410 2413 2504 2466 δύο
2528 2412 2746 2483 φύσεων
2767 2413 2860 2468 τὸν
2888 2415 3047 2485 λόγον
3107 2416 3448 2488 συνείροντα,
3485 2422 3630 2486 ὅπως
3652 2424 3748 2478 τὶν

2158 2503 2256 2558 ἐνα
2286 2507 2385 2575 τῆς
2419 2505 2777 2570 ὑποστάσεως
2808 2506 3017 2561 πέπλον
3046 2510 3073 2561 ό
3102 2509 3204 2579 τῆς
3240 2509 3493 2581 θεότητος
3517 2513 3747 2583 στήμων

2159 2600 2230 2670 τῇ
2257 2597 2434 2670 κρόκῃ
2482 2598 2581 2669 τῆς
2631 2599 2835 2669 σαρκὸς
2902 2598 3262 2668 συνεξύῳανε.
3320 2602 3394 2655 Τὸ
3462 2604 3561 2675 μὲν
3600 2604 3742 2677 γάρ·

2166 2708 2185 2742 ι
2216 2690 2402 2744 Πάντα
2433 2706 2524 2761 μοι
2564 2689 2844 2760 παρεδόθη
2873 2691 3026 2762 παρὰ
3054 2692 3149 2745 τοῦ
3183 2692 3421 2763 Πατρός,
3463 2712 3480 2746 ι
3517 2696 3593 2759 ὡς
3647 2698 3745 2750 άν-

2160 2781 2382 2853 θρωπος
2424 2780 2747 2851 φθέγγεται.
2778 2782 2847 2833 Ἀ
2874 2781 2985 2851 γὰρ
3005 2783 3080 2845 ὡς
3109 2782 3243 2847 Θεὸς
3271 2783 3409 2853 ἔχει,
3432 2783 3610 2839 ταῦτα
3643 2786 3743 2838 λα-

2160 2874 2276 2927 όεῖν
2306 2871 2462 2943 παρὰ
2483 2871 2580 2925 τοῦ
2631 2874 2851 2943 Πατρδς
2880 2874 3245 2946 ἀνθρωπίνως
3287 2874 3461 2938 λαλεῖ,
3509 2878 3649 2929 κατὰ
3681 2878 3746 2931 τὺ

2160 2950 2504 3032 ὑμνούμενον
2536 2962 2615 3033 τῷ
2640 2962 2807 3016 Δασίδ
2834 2979 2847 2994 ο
2884 2981 2901 3011 ι
2925 2964 3112 3017 Πάντα
3149 2965 3424 3030 ὑπέταξας
3454 2965 3557 3018 ὑπὸ
3588 2967 3743 3021 κάτω

2160 3055 2269 3109 τῶν
2303 3054 2482 3107 ποδῶν
2506 3053 2697 3107 αὑτοῦ.
2728 3072 2747 3105 ι
2781 3054 2855 3107 Τδ
2886 3054 2967 3120 δὲ,
3004 3073 3021 3106 ι
3060 3054 3249 3117 Οὐδεὶς
3281 3055 3744 3123 ἐπιγινώσκειτὶν

2163 3149 2385 3217 Πατέρα
2433 3149 2481 3200 εί
2535 3147 2609 3218 μὴ
2644 3148 2853 3214 όΥἱδς,
2892 3166 2910 3198 ι
2973 3146 3073 3218 τὴν
3134 3140 3363 3217 θεότητα
3420 3146 3514 3202 τοῦ
3565 3149 3742 3217 Λόγου

2162 3239 2444 3310 ὑποδηλοϊ.
2479 3236 2664 3292 Εἰπὼν
2696 3238 2751 3292 δέ
2780 3254 2794 3270 ο
2840 3256 2858 3289 ι
2898 3239 3084 3293 Πάντα
3117 3240 3419 3310 παρεδόθη,
3463 3258 3482 3292 ι
3538 3240 3742 3306 ἔδειξεν

2162 3333 2239 3397 ὡς
2266 3334 2367 3386 οὐκ
2406 3330 2679 3386 Ἰουδαίων
2717 3331 2901 3401 μόνον,
2941 3330 3078 3385 ἀλλὰ
3111 3333 3206 3385 καὶ
3268 3332 3440 3385 ἐθνῶν
3490 3332 3603 3403 ἔχει
3640 3337 3741 3405 τὴν

2158 3423 2480 3495 κυριότητα.
2514 3420 2575 3473 Et
2611 3420 2744 3490 γοῦν
2778 3421 2843 3473 ἐκ
2872 3419 2967 3472 τοῦ
3002 3420 3214 3489 Πατρὸς
3264 3418 3415 3488 αὑτῷ
3458 3420 3663 3474 δέδοται
3704 3424 3739 3491 ἡ

2157 3520 2382 3573 πάντων
2410 3516 2715 3577 δεσποτεία,
2746 3512 2967 3584 εὔδηλον
2993 3513 3068 3575 ὼς
3112 3512 3253 3566 αὐτὰ
3317 3513 3575 3579 διδάσκει,
3642 3514 3740 3566 καὶ

2158 3613 2391 3682 πράττει
2428 3608 2723 3663 άνδάνοντα
2754 3605 2831 3677 τῷ
2869 3606 3065 3676 Πατρί.
3120 3605 3234 3657 Καὶ
3290 3606 3449 3658 τοῦτο
3498 3607 3739 3661 δείκνυσι

2162 3705 2257 3758 καὶ
2286 3706 2343 3757 ἐν
2367 3702 2550 3765 ἄλλοις
2573 3702 2742 3756 εἰπών
2770 3718 2784 3733 ·
2821 3722 2840 3755 ι
2887 3704 3032 3772 Ἐγὼ
3053 3704 3147 3757 ἀπ’
3180 3706 3418 3776 ἐμαυτοῦ
3442 3708 3502 3758 οὐ
3520 3706 3685 3759 λαλῶ.
3712 3726 3732 3759 ο

2161 3793 2276 3864 Τῆς
2298 3793 2407 3865 γὰρ
2433 3792 2815 3861 Εὐαγγελικῆς
2845 3793 3197 3857 διδασκαλίας
3231 3798 3374 3849 κατά
3442 3798 3577 3851 πολὺ
3634 3800 3737 3870 τὴν

2164 3886 2398 3959 νομικὴν
2429 3885 2894 3958 ὑπερϐεϐηκυίας,
2920 3886 2993 3950 ὡς
3019 3887 3083 3943 ἂν
3119 3889 3192 3959 μή
3215 3904 3299 3951 τις
3328 3892 3522 3963 νομίσῃ
3548 3892 3739 3948 τοῦτον

518 4050 587 4081 λθτ
630 4048 821 4105 Matth.
849 4067 941 4116 .-xt,
973 4050 1043 4104 22
1073 4064 1225 4119 seqq.
1303 4051 1350 4084 ⁸³
1383 4051 1525 4106 Psal.
1558 4006 1679 4117 vi",
1707 4051 1762 4104 7.
1839 4049 1885 4083 ”
1916 4047 2076 4104 Joaﬂo
2113 4062 2227 4116 XIV.
2262 4048 2352 4103 1οο

1706 4186 2028 4249 Francisci
2063 4186 2273 4247 Scorsi
2308 4192 2497 4248 notae.

512 4314 660 4384 .(15)
704 4311 1085 4384 Discalceatus.
1139 4308 1196 4363 In
1247 4310 1367 4384 vat.
1417 4310 1651 4378 exempl.
1684 4309 1949 4384 scripturn
1969 4319 2051 4384 est

442 4379 752 4447 ’ἀνάλιπος,
794 4392 961 4451 recte,
996 4383 1067 4435 ita
1118 4382 1423 4451 postulante
1472 4380 1775 4446 sententia;
1806 4384 1855 4432 in
1911 4379 2050 4435 Gall.

456 4456 741 4524 ίάνήλυπος
769 4468 784 4518 ;
843 4452 895 4505 in
932 4447 1183 4524 Panorm.
1227 4447 1511 4524 dvdlunoc
1537 4464 1631 4517 per
1660 4466 1712 4511 υ,
1736 4464 2054 4524 perperam;

464 4520 709 4595 adeoque
802 4521 1133 4595 emendanda
1208 4520 1435 4595 duorum

2151 4306 2339 4431 puere;
2378 4309 2548 4364 lucem
2604 4310 2715 4365 haec
2753 4319 2933 4366 nostra
2990 4321 3114 4367 nota
3136 4320 3191 4366 et
3228 4315 3431 4369 notatio
3479 4315 3668 4384 ῆλιπος
3704 4332 3733 4372 a

2174 4394 2293 4431 tam:
2337 4396 2387 4431 0.

2174 4394 2387 4446 tganaa.

2228 4447 2705 4523 (46)_Paplmutii.
2766 4450 2902 4523 Acta
2948 4450 3309 4523 S._Onuphrii
3370 4468 3399 4506 a
3431 4454 3734 4523 Paphnutio

1556 4534 1743 4592 prava
1789 4523 2056 4587 scriptura
2154 4519 2472 4592 conscripta
2518 4530 2733 4574 exstant
2764 4522 2813 4573 in
2851 4519 2989 4576 Vitis
3020 4519 3236 4576 Patrum
3277 4539 3412 4592 quas
3432 4519 3732 4580 ediditlle-

458 4612 533 4650 «ex
569 4588 671 4666 alia
721 4604 916 4666 recta;
953 4590 1217 4666 ἀνάλιπος
1253 4591 1410 4666 enim
1445 4597 1528 4643 est
1577 4589 1947 4666 discalceatus,
1992 4597 2051 4666 ut
2084 4604 2126 4659 ι)
2158 4588 2773 4666 [ibe_rtns_Rosweydns
2814 4606 2964 4666 ἔοις.⁸
3000 4602 3218 4666 nostrae,
3273 4588 3365 4647 lib.
3396 4610 3433 4666 i;
3477 4595 3737 4666 idemque

468 4663 696 4725 reddidi,
749 4664 997 4731 quodque
1065 4660 1292 4728 requirit
1341 4660 1509 4723 locus,
1581 4660 1669 4731 ubi
1722 4659 1899 4731 agitur
1984 4660 2052 4712 de

456 4734 527 4789 ‘S.
566 4729 845 4800 Onuphi‘io
873 4732 935 4784 tle
963 4744 1069 4799 quo
1100 4739 1159 4782 ut
1181 4736 1565 4800 pratcesserant
1599 4729 1684 4781 illa
1719 4730 1907 4797 πένης,
1958 4736 2052 4781 καὶ

472 4798 703 4872 γυμνὸς
734 4816 956 4872 ριιιιρει·Δ
980 4809 1035 4853 et
1080 4803 1274 4872 nudus,
1304 4798 1401 4872 ita
1426 4808 1786 4872 cOngruepter
1809 4800 2053 4872 sequitur

466 4867 756 4935 άνάλιπος,
787 4868 1162 4923 discalceatus.
1206 4867 1431 4922 ,Felellit
1454 4877 1630 4920 autem
1657 4868 1889 4923 lortasse
1914 4869 2051 4922 scri-

460 4953 651 5011 plores
675 4944 870 4995 sciolos
898 4950 951 4994 et
971 4943 1375 5011 grammatiStas
1421 4936 1610 5011 l)_orica
1646 4938 2053 5011 dialectus,per

469 5004 632 5081 quam
697 5012 956 5081 dvdﬂno;
975 5004 1191 5062 'dictum
1221 5024 1319 5077 pro
1343 5004 1628 5075 ἀνήλιπος,
1666 5010 1745 5061 sic
1772 5004 2048 5062 scribente

472 5079 762 5135 Theocrito
795 5079 951 5149 ldyll.
978 5094 1028 5132 tv
1061 5094 1075 5131 :

541 5152 635 5213 Είς
660 5149 782 5218 ὅρος
823 5146 901 5217 ὅγ’
932 5148 1145 5217 ἕρπεις,
1180 5146 1253 5216 μὴ
1278 5146 1539 5211 ἀνάλιπος
1565 5147 1741 5218 ἔρχεο,
1770 5146 1962 5218 Βάττε.

542 5222 608 5274 In
639 5216 949 5273 mmmam
966 5216 1238 5279 ambulas,
1266 5233 1327 5269 ne
1362 5216 1714 5272 discatceiuus
1748 5216 2049 5279 eus,Baue.

468 5291 606 5345 Vide
667 5291 941 5343 scholiast.
980 5289 1254 5357 'l‘heocrit.
1286 5303 1349 5339 ex
1384 5306 1489 5356 quo
1523 5288 1715 5354 colligo
1758 5287 2048 5357 Theopha-

472 5378 593 5415 nem
655 5374 900 5413 nosuum
936 5358 1173 5411 Siculum
1194 5356 1394 5422 luisse,
1423 5372 1546 5412 cum
1598 5373 1659 5410 ea
1688 5368 1868 5410 utatur
1902 5356 2049 5423 voce,

470 5447 590 5499 qua:
620 5431 780 5483 etiam
810 5430 924 5493 ejus
944 5442 1070 5480 ηαξνο
1101 5428 1332 5499 fortasse
1364 5428 1657 5499 a_Doricis,
1682 5442 1910 5494 quorum
1938 5428 2049 5499 lin-

469 5497 572 5569 gua
600 5504 681 5553 usi
707 5499 896 5569 Siculi,
934 5514 996 5552 ac
1018 5498 1367 5569 praesertimh
1389 5497 1721 5569 Syracusani
1752 5498 1948 5569 :_quod
1982 5514 2048 5551 ex

468 5565 626 5640 idyll.
656 5586 721 5622 XV
755 5568 1027 5622 Theocriti
1061 5578 1246 5636 aperte
1272 5565 1565 5636 colligitur,
1598 5568 1647 5619 in
1671 5565 2047 5640 Siciliaetiam

471 5635 582 5693 tuin
626 5640 949 5701 adhmserat,
1004 5650 1057 5690 et
1103 5635 1161 5691 ιιι
1201 5652 1298 5690 USu
1334 5635 1670 5691 versabatur.
1700 5635 1815 5688 Jam
1847 5637 2049 5706 ἀνάλη-

468 5726 569 5771 πος
615 5710 811 5762 dicitur
862 5709 931 5761 ab
981 5707 1113 5777 ἡλιψ
1178 5708 1319 5773 quod
1369 5721 1562 5777 nomen
1600 5707 1769 5775 ὑπόδη
1816 5707 2049 5777 calceum

468 5780 754 5845 siguilirat,
782 5780 933 5845 παρὰ
955 5775 1012 5830 τδ
1031 5778 1266 5831 ἐλίσσειν
1304 5778 1397 5828 τὸν
1426 5775 1563 5829 πόδα
1590 5793 1620 5827 a
1645 5777 1882 5843 ligando,
1906 5776 2048 5830 unde

468 5858 536 5916 et
569 5847 736 5916 caliga
783 5847 973 5900 Latine
1024 5850 1090 5900 de
1136 5861 1239 5915 qua
1293 5847 1437 5916 leges
1517 5846 2045 5901 dissertatiunculam

459 5913 720 5977 .Ngronii
749 5916 917 5969 nostri
938 5916 1114 5973 libello
1144 5913 1406 5987 singulari
1424 5916 1625 5976 editam
1648 5956 1665 5983 ,
1695 5917 1781 5972 cui
1811 5916 2047 5985 aliquam

2154 4656 2494 4735 Paphnutius
2556 4656 2755 4735 cprpus
2927 4656 3213 4735 Qnupbrii
3266 4656 3531 4735 sepelivit,
3587 4656 3735 4735 quod

2156 4728 2423 4801 proditum
2464 4729 2525 4801 _in
2556 4728 2750 4784 Meiiol.
2796 4730 2880 4784 die
2943 4731 3002 4784 ll
3034 4728 3200 4797 Junii,
3235 4728 3342 4801 quo
3390 4728 3738 4791 Graecicele-

2157 4799 2778 4873 brantanniversariam
2811 4799 3302 4873 ejus_l_uemoriam,
3361 4805 3573 4867 eodem,
3624 4821 3738 4873 quo

2151 4866 2351 4920 Latini.
2388 4867 2570 4921 Refert
2602 4873 2791 4924 eadem
2825 4866 2889 4925 ex
2942 4869 3139 4927 Meno].
3185 4872 3383 4926 Baron.
3434 4874 3486 4927 in
3524 4866 3732 4930 Anubt.

2155 4936 2219 4990 ad
2253 4948 2478 5007 martyr.
2500 4940 2621 4993 eod.
2654 4942 2764 4994 die.

2227 5007 2338 5078 (47)
2377 5006 2549 5082 Unum
2575 5026 2809 5076 persona:
2841 5010 3067 5078 peplum.
3092 5012 3461 5082 Metapboram
3485 5028 3512 5065 a
3550 5015 3735 5082 peplo.

2154 5090 2247 5151 se_u
2289 5080 2469 5151 tunica
2494 5090 2745 5151 contexta
2798 5092 3065 5147 sumptam
3114 5080 3273 5151 quam
3305 5093 3489 5137 noster
3520 5080 3737 5140 duobus

2153 5145 2540 5219 aﬂ‘ertiverbis
2599 5151 2663 5201 de
2697 5150 2801 5204 hoc
2825 5145 3080 5219 mysterio
3130 5145 3519 5207 incarnationis
3568 5154 3737 5209 latius

2151 5227 2206 5286 et
2259 5217 2526 5286 subtilius
2560 5217 2891 5286 persecutus
2934 5230 3018 5273 est
3085 5221 3140 5275 S.
3218 5221 3445 5277 Proclus
3515 5237 3653 5277 orat.
3702 5226 3728 5279 1

2156 5285 2423 5341 Editionis
2483 5284 2756 5341 Yu‘icentii
2805 5288 3058 5343 Bicchar.
3098 5291 3162 5345 C.
3192 5291 3282 5355 R.,
3312 5298 3378 5346 ab
3418 5292 3520 5344 illis
3551 5298 3734 5348 verbis

2154 5358 2504 5433 i_n_c_h_oatam_:
2652 5359 2881 5433 φρικτρς
2904 5360 3026 5433 -τῆς
3066 5364 3380 5432 οἰκονομίας
3426 5362 3575 5425 ἱστὸς
3603 5365 3661 5418 ἐν
3686 5360 3735 5433 ᾧ

2153 5427 2407 5496 ἀρρήτως
2461 5426 2675 5502 ὒφάνυ-τι
2697 5426 2750 5480 ήὸ
2777 5430 2875 5494 τῆς
2897 5431 3143 5493 ὲνωσεως
3192 5426 3379 5502 χιτών,
3400 5443 3503 5485 etc.
3530 5426 3737 5488 Sacro;

2122 5508 2350 5571 sancta:
2392 5499 3019 5571 mconomiwdexlorium
3068 5499 3281 5569 juguin,
3323 5504 3380 5555 in
3437 5519 3539 5571 quo
3594 5506 3742 5571 inef-

2152 5563 2303 5631 fabili
2332 5570 2555 5634 quodam
2598 5569 2751 5621 modo
2795 5571 3041 5623 um’liom’s
3068 5563 3222 5625 illius
3266 5563 3460 5625 tunica.
3490 5563 3737 5642 confecta

2150 5644 2227 5685 est
2275 5647 2378 5688 etc.

2156 5771 2173 5776 Α
2224 5675 2334 5776 (48)
2366 5705 2437 5759 Ne
2482 5706 2597 5776 quis
2623 5723 2739 5761 eum
2769 5708 2872 5762 Deo
2911 5712 3255 5764 contrarium.
3300 5711 3375 5766 De
3419 5726 3549 5766 voce
3576 5713 3732 5769 ἀντίη

2151 5771 2458 5855 θετοςζλιιιδ
2487 5771 2575 5855 hic
2598 5781 2850 5855 utituret
2886 5782 3141 5855 aliis__n_0n
3166 5798 3290 5839 raro
3319 5782 3453 5838 locis
3478 5781 3733 5855 Theoph.

2150 5844 2273 5900 vide
2306 5844 2448 5902 dicta
2467 5850 2532 5904 ad
2562 5851 2707 5904 hom.
2738 5848 2830 5913 48,
2867 5860 2977 5903 ιιοι.
3007 5851 3095 5906 69.
