4074 6434
324 463 421 531 945

1690 471 2018 532 [IOMILIA
2056 473 2185 534 LIV

3463 466 3568 531 946

320 577 581 643 ἀντίθεον,
614 579 693 644 τῷ
724 580 977 652 πατρικῷ
1015 581 1320 653 βουλήματι
1357 582 1693 654 ἒξηρτῆσθαι
1721 584 1872 653 λέγει

1996 590 2195 638 taterna
2234 581 2509 638 voluntate
2541 596 2634 636 sua
2666 580 2799 637 dicit
2828 596 2948 637 esse
2976 593 3243 643 connexa,
3276 592 3375 633 nec
3414 579 3571 643 quid-

317 669 382 721 τά
409 669 627 732 ἑαυτοῦ,
662 671 756 724 καὶ
783 672 937 725 οὐδὲν
968 671 1171 739 ἔξωθεν
1196 674 1380 727 λαλεῖν
1406 676 1505 744 τῆς
1536 676 1632 730 τοῦ
1667 678 1888 749 Πατρδς

321 760 552 830 ἐντολῆς.
597 762 750 814 Ἐπεὶ
773 762 830 815 δὲ
867 762 1027 817 τοῦτο
1088 766 1252 821 πάλιν
1296 768 1551 839 δουλικὴν
1599 769 1886 824 ύπόκλισιν

321 850 482 902 ἐδίδου
511 854 905 918 φαντάζεσθαι,
937 857 1226 928 ἀνατρέχει
1289 860 1436 929 μάλα
1493 862 1708 933 γοργῶς
1752 862 1888 933 πρὸς

320 941 375 991 τὸ
396 942 493 1012 τῆς
513 945 707 1008 οὐσίας
736 946 1030 1018 ὁμότιμον,
1068 952 1164 1003 καί
1190 969 1360 1021 φησιν
1393 969 1407 984 ·
1448 972 1467 1004 ι
1508 956 1701 1018 Οὐδεὶς
1760 957 1884 1009 ἐπι·

320 1033 573 1099 γινώσκει
623 1039 715 1092 τὸν
772 1039 917 1102 Υίὺν,
984 1044 1035 1094 εἰ
1102 1045 1178 1113 μὴ
1225 1046 1252 1097 6
1315 1047 1509 1117 Πατήρ
1550 1064 1566 1080 ·
1601 1068 1619 1101 ι
1655 1049 1714 1101 ού
1775 1050 1886 1121 γὰρ

317 1122 461 1192 ψιλός
486 1126 636 1181 ἐστιν
678 1128 986 1202 ἄνθρωπος,
1046 1136 1121 1198 ὼς
1186 1139 1317 1208 παρ’
1364 1139 1669 1210 ἀνθρώπων
1726 1143 1887 1211 γινώ-

320 1217 563 1272 σκεσθαι.

386 1308 542 1362 Εἴποι
588 1312 646 1365 δέ
695 1331 779 1378 τις
807 1314 939 1381 ἴσως
977 1318 1054 1386 τῷ
1092 1321 1244 1391 ῥητῷ
1289 1324 1691 1397 ἀνθιστάμενος
1722 1347 1736 1362 ⁸
1774 1332 1886 1386 καὶ

317 1399 420 1469 μὴν
452 1402 771 1472 ἐπέγνωσαν
807 1409 897 1463 τὸν
932 1411 1137 1481 Κύριον
1167 1415 1217 1467 oi
1242 1416 1319 1487 τῷ
1343 1422 1627 1491 μυστηρίῳ
1663 1425 1887 1479 πιστεύ-

316 1507 525 1560 σαντες,
554 1498 646 1549 καὶ
678 1499 785 1569 πρό
831 1518 896 1569 γε
939 1502 1145 1557 τούτων
1172 1507 1219 1558 oi
1250 1507 1383 1562 θεῖοι
1415 1512 1727 1571 ἀπόστολοι.
1765 1519 1885 1573 Κα-

314 1591 584 1683 ταιτιᾶται
636 1594 769 1660 γοῦν
813 1596 905 1651 τὸν
961 1599 1105 1668 ἱερὸν
1160 1602 1429 1658 Φίλιππον
1475 1608 1503 1659 6
1553 1610 1766 1683 Σωτὴρ,
1810 1614 1887 1679 ὡς

317 1679 480 1748 μήπω
507 1680 789 1775 ἐγνωκότα
826 1689 1010 1746 αὐτόν.
1049 1709 1068 1742 ι
1109 1693 1375 1748 Τοσοῦτον
1399 1700 1529 1769 γὰρ,
1572 1679 1727 1772 φησί,
1762 1708 1887 1775 χρό-

314 1786 399 1865 inv
444 1774 565 1841 μεθ’
593 1775 749 1845 ὑμῶν
779 1779 916 1849 εἰμι,
941 1784 1032 1835 καὶ
1064 1784 1164 1838 οὐκ
1202 1786 1450 1855 ἔγνωκάς
1495 1809 1583 1862 με,
1612 1774 1881 1865 Φίλιππε;

1995 691 2155 745 quam
2190 684 2341 729 extra
2376 675 2551 731 Patris
2585 685 2906 745 przcceptum
2944 672 3115 741 loqui.
3140 673 3568 745 Rnrsusantem,

1995 769 2249 836 quoniam
2280 768 2409 822 illud
2457 768 2669 823 servilis
2700 769 2939 837 quaedam
2985 765 3242 821 demissio
3278 764 3445 820 videri
3476 780 3571 833 p0-

1998 869 2154 925 terat,
2185 859 2414 914 recurrit
2441 859 2694 915 ocissime
2725 859 2791 912 ad
2825 858 3184 927 aequalitatem
3217 857 3484 918 essentne,
3517 866 3572 908 et

1994 948 2116 1003 ait:
2149 968 2167 1001 ι
2204 949 2374 1005 Nemo
2422 951 2571 1005 novit
2616 949 2807 1003 Filium
2856 949 2956 1003 nisi
3003 948 3177 1011 Pater,
3216 968 3234 1001 ›
3274 964 3379 1002 non
3424 946 3568 1001 enim

1995 1056 2161 1111 purus
2186 1051 2269 1097 est
2304 1040 2484 1106 homo,
2515 1051 2572 1094 ut
2600 1041 2668 1095 ab
2696 1039 3007 1094 hominibus
3033 1039 3282 1110 cognosci
3312 1044 3495 1108 queat.

2067 1333 2276 1388 Dixerit
2294 1348 2425 1387 vero
2446 1332 2676 1388 fortasse
2694 1333 2962 1403 quispiam
2983 1331 3068 1386 bis
3087 1330 3245 1385 dictis
3266 1328 3564 1399 objiciens:

1995 1424 2139 1480 Sane
2184 1426 2278 1495 qui
2331 1428 2647 1496 mysterium
2711 1437 2898 1495 postea
2954 1424 3323 1487 crediderunt,
3356 1432 3411 1476 et
3441 1430 3568 1476 ante

1996 1518 2095 1573 bos
2131 1517 2301 1572 divini
2333 1517 2561 1586 apostoli
2609 1517 2899 1572 Dominum
2939 1524 3350 1587 cognoverunt;
3382 1528 3569 1582 repre-

1995 1612 2181 1667 hendit
2227 1615 2372 1667 enim
2410 1620 2661 1666 sanctum
2721 1609 3024 1679 Philippum
3084 1606 3366 1669 Dominus,
3426 1604 3570 1673 quod

1995 1717 2117 1757 eum
2157 1703 2393 1757 nondum
2430 1702 2818 1771 cognovisset;
2850 1700 2926 1755 ait
2960 1699 3146 1752 enim:
3183 1716 3201 1748 ι
3236 1695 3410 1750 Tanto
3438 1704 3576 1747 tem—

1996 1810 2129 1866 pore
2163 1795 2443 1850 vobiscum
2484 1808 2641 1857 sum,
2694 1801 2749 1846 et
2795 1806 2900 1845 non
2960 1788 3293 1859 cognovistis
3335 1787 3460 1841 mc‘
3490 1788 3512 1839 ?
3548 1805 3566 1837 ι

316 1861 434 1973 Ei);
466 1865 520 1918 δὲ
549 1867 655 1973 ,καὶ
686 1870 747 1972 6-
763 1876 1061 1973 xopfitpaiog
1112 1878 1318 1950 Πέτρος
1368 1861 1642 1954 ὲθεολόγει
1695 1861 1885 1944 τοῦτον

1996 1861 2113 1953 bno
2152 1903 2282 1942 vero
2325 1897 2486 1956 pacto
2522 1886 2714 1940 Petrus
2764 1884 2852 1939 ille
2896 1882 3219 1953 coryphaeus
3276 1881 3389 1950 (29)
3449 1896 3572 1935 cum

314 1954 436 2006 Υὶὺν
484 1957 577 2010 τοῦ
615 1959 748 2014 Θεοῦ
786 1963 879 2016 τοῦ
912 1965 1134 2032 ζῶντος,
1175 1973 1222 2024 εί
1264 1974 1337 2042 μὴ
1387 1976 1603 2044 ἐπέγνω
1629 1980 1830 2047 αύτόνς
1866 2002 1885 2035 ι

315 2048 504 2141 Καί-τί
557 2050 702 2120 λέγω
753 2056 878 2118 τοὺς
924 2060 1211 2131 μαθητάς;
1248 2064 1357 2119 Καὶ
1387 2068 1415 2119 6
1463 2067 1574 2122 τῶν
1620 2070 1893 2141 δαιμόνων

311 2139 622 2211 ἀκάθαρτος
666 2143 911 2213 λεγεώνο
960 2169 979 2201 ι
1014 2153 1251 2224 Οίδαμέν
1306 2175 1387 2223 σε,
1444 2166 1633 2228 φωνεῖ,
1687 2139 1769 2227 τίς
1795 2163 1893 2220 εἶδ

312 2230 468 2324 ἀγιος
505 2235 599 2288 τοῦ
636 2236 795 2291 Θεοῦ.
830 2259 847 2294 ι
896 2243 1019 2307 Πῶς
1054 2245 1147 2298 οῦν
1181 2248 1360 2314 οὐδεὶς
1407 2253 1761 2324 ἐπιγινώσκει
1799 2261 1892 2315 τὸν

312 2320 535 2421 Υίὸνῇβῃί
558 2328 642 2421 μὴ
669 2329 696 2381 6
730 2333 952 2405 Πατήρ;
986 2336 1098 2406 Τὴν
1125 2340 1328 2413 ἀκριϐῆ
1356 2346 1450 2398 καὶ
1478 2320 1712 2421 ούσιώδη
1745 2355 1891 2420 γνῶ-

316 2429 395 2513 σιν
428 2417 459 2467 6
489 2418 665 2513 Λύγος
682 2421 860 2513 δηλοῖ,
893 2424 952 2478 ὃν
977 2429 1139 2495 μόνον
1168 2434 1425 2499 γινώσκει
1459 2438 1597 2509 αὐτὴ
1639 2417 1888 2513 ἠτριάς.

317 2506 476 2600 Ὅσοι
506 2510 615 2582 γὰρ
665 2512 838 2581 ἔγνων
881 2517 1036 2585 Θεὸν,
1069 2523 1131 2575 ού
1176 2523 1237 2577 τὸ
1280 2526 1334 2578 τί
1363 2528 1510 2583 ἐστιν
1545 2506 1891 2600 ἐγνωνίάλλε

311 2599 385 2652 ὅτι
440 2602 611 2659 ἐστίν.
650 2608 961 2679 Ἀφραστος
995 2615 1162 2686 γάρή
1197 2615 1318 2674 θεία
1362 2620 1545 2689 φύσις,
1580 2599 1670 2679 καὶ
1716 2629 1893 2698 ἀγνω-

313 2697 678 2791 στοςῖπᾶσῌαν
711 2700 1065 2775 ἀνθρωπίνην
1098 2710 1404 2781 κατάληψιν
1441 2697 1850 2786 ὑπερϐαίνουσα
1872 2765 1889 2791 ,

315 2782 404 2877 6:9’
462 2786 667 2877 eauti};
712 2791 769 2844 δὲ
810 2793 979 2863 μόνης
1029 2801 1435 2875 γινωσκομένη.
1501 2782 1892 2877 ’ἐπιγινώσκει

312 2870 401 2929 οῦν
447 2876 477 2928 6
510 2877 633 2940 Υἱὸς
662 2880 755 2933 τὸν
779 2883 1003 2955 Πατέρα
1028 2886 1103 2951 ὼς
1129 2870 1441 2960 ὀμοούσιος,
1473 2895 1569 2949 καὶ
1590 2870 1682 2951 τδν
1706 2901 1832 2955 Υἱδν
1864 2906 1893 2957 6

312 2967 527 3041 Πατὴρ,
560 2973 637 3037 ὡς
668 2975 831 3044 φύσει
870 2981 991 3034 κατ’
1023 2984 1214 3037 οὐσίαν
1251 2987 1468 3059 Πατήρ.
1519 2992 1631 3047 Καὶ
1664 2997 1796 3050 αὐτὸ
1835 2999 1893 3053 δὲ

310 3060 368 3154 τὸ
410 3062 641 3131 Πνεῦμα
670 3067 729 3120 τὸ
751 3067 907 3137 ἅγιον
932 3072 1084 3136 ἐντός
1110 3076 1228 3130 ἐστι
1254 3080 1461 3151 ταύτης
1488 3082 1590 3153 τῆς
1616 3086 1891 3154 γνώσεως.

311 3152 459 3207 Αὐτὸ
491 3154 600 3227 γάρ
635 3160 755 3214 ἐστι
793 3164 854 3217 τὸ
890 3165 958 3219 τὰ
997 3166 1137 3237 βάθη
1175 3170 1269 3224 τοῦ
1298 3171 1434 3226 Θεοῦ
1482 3152 1742 3245 ἐρευνῶν.
1781 3152 1890 3236 καὶ

2000 1982 2191 2036 Filium
2228 1980 2322 2034 Dei
2355 1981 2460 2034 vivi
2495 1979 2753 2034 divinitus
2795 1977 3023 2047 loquens
3068 1974 3350 2031 confessus
3382 1983 3495 2039 est,
3525 1975 3575 2028 si

1998 2088 2103 2126 non
2152 2072 2442 2142 cognovit?
2489 2071 2618 2141 quid
2678 2086 2805 2125 vero
2856 2067 3155 2137 discipulos
3181 2068 3355 2122 dico?‘
3394 2067 3571 2120 Etiam

1998 2161 2207 2232 impura
2231 2163 2541 2217 dattnonum
2577 2161 2716 2230 legio
2748 2160 2946 2214 clamat
2976 2178 2989 2214 :
3024 2178 3043 2211 ι
3096 2158 3315 2213 Scimus
3349 2157 3474 2225 quia
3513 2173 3573 2212 cs

1996 2264 2219 2311 Sanctus
2235 2252 2354 2308 Dei'
2380 2273 2393 2308 :
2425 2273 2442 2305 ι
2467 2267 2575 2322 quo
2603 2261 2762 2321 pacto
2790 2252 2957 2321 igitur
2985 2267 3148 2305 nemo
3171 2250 3319 2304 novit
3350 2247 3578 2313 Filium,

1998 2346 2101 2400 nisi
2128 2345 2319 2400 Pater?
2344 2346 2416 2399 De
2443 2344 2835 2415 perfectissima
2888 2354 2943 2397 et
2962 2342 3240 2399 cssentiali
3261 2341 3575 2411 cognitione

1996 2437 2085 2491 hic
2116 2436 2354 2506 loquitur
2382 2434 2643 2497 Verbum,
2678 2435 2821 2503 quod
2876 2433 3119 2487 Trinitas
3156 2433 3425 2485 duntaxat
3455 2430 3575 2498 ipsa

1997 2528 2303 2594 cognoscit.
2342 2526 2618 2597 Quotquot
2660 2524 2804 2579 enim
2838 2524 3005 2577 Deum
3042 2531 3263 2587 norunt,
3298 2536 3404 2574 non
3440 2519 3573 2588 quid

1997 2628 2101 2684 est,
2148 2619 2241 2675 sed
2291 2620 2434 2690 quod
2474 2626 2558 2674 est
2615 2626 2837 2672 norunt.
2875 2616 3063 2684 Neque
3113 2613 3257 2667 enim
3315 2610 3578 2678 explicari

1997 2710 2186 2765 divina
2236 2719 2455 2773 natura,
2508 2725 2687 2778 neque
2717 2707 2971 2779 cognosci
3009 2714 3208 2776 potest,
3245 2717 3577 2773 omnemque

2000 2801 2291 2857 humanam
2329 2800 2873 2870 comprehensionem
2909 2797 3125 2853 excedit
3173 2815 3191 2853 :
3240 2795 3414 2851 solum
3441 2809 3576 2849 vero

1998 2908 2027 2948 a
2078 2909 2137 2949 se
2186 2893 2304 2963 ipsa
2357 2893 2730 2963 cognoscitur.
2785 2890 3081 2960 Cognoscit
3140 2889 3306 2956 igitur
3355 2885 3580 2943 Patrem.

2000 2985 2193 3051 Filius,
2251 2994 2435 3056 utpote
2484 2983 2985 3047 consubstantialis,
3031 2990 3085 3036 et
3136 2980 3337 3035 Filium
3388 2980 3579 3043 Pater,

1996 3087 2186 3149 utpote
2219 3077 2338 3146 ejus
2375 3077 2676 3133 secundum
2712 3075 3005 3131 essentiam
3032 3073 3357 3127 naturaliter
3385 3071 3581 3126 Pater..

1998 3169 2066 3223 Et
2098 3168 2215 3237 ipse
2255 3168 2419 3224 etiam
2444 3167 2683 3238 Spiritus
2711 3174 2939 3221 sanctus
2977 3181 3085 3219 non
3122 3173 3206 3219 est
3236 3174 3388 3219 extra
3433 3165 3580 3220 hanc

316 3245 544 3343 ἑθέν-καὶ
559 3253 626 3343 *οἱ
659 3253 804 3322 ἅγιοι
826 3258 1071 3330 Πατέρες
1094 3260 1183 3314 διὰ
1210 3263 1303 3315 τοῦ
1336 3265 1654 3336 Πνεύματος
1676 3271 1776 3343 τὴν
1798 3274 1891 3328 τοῦ
1922 3273 1969 3329 c
2005 3262 2390 3331 cognitionem.
2420 3259 2542 3331 Ipse
2583 3260 2728 3315 enim
2760 3267 2843 3314 est
2880 3258 3263 3328 quiprofumia
3284 3258 3387 3313 Dei
3417 3273 3573 3313 scru-

316 3333 450 3434 i‘ioii
479 3340 680 3405 γνῶσιν
713 3344 963 3409 ἐδέξαντο
988 3363 1002 3378 ⁸
1033 3348 1240 3405 καὶδιά
1269 3352 1363 3407 τοῦ
1397 3333 1523 3411 Υίοῦ
1556 3358 1646 3412 τὸν
1670 3333 1897 3434 Πατέρα

312 3427 649 3572 Ξγζώρισαν.
712 3436 801 3491 Ἑν
840 3438 1053 3506 τούτοις
1095 3442 1204 3514 γάρ
1232 3446 1265 3517 ή
1298 3445 1462 3513 δεῖξις
1491 3447 1667 3506 ἔοικεν
1700 3427 1897 3512 ἀλλεῡπ-

351 3534 376 3570 Ι.
412 3537 454 3572 η
479 3540 574 3572 Αἲξ.

351 3534 574 3592 Μηλος.

388 3723 408 3756 σ
445 3704 614 3758 Δεῦτε
656 3708 793 3779 πρός
819 3727 910 3781 με,
958 3712 1160 3779 πάντες
1205 3717 1256 3770 oi
1304 3720 1629 3788 κοπιῶντες,
1673 3727 1767 3781 καὶ
1802 3747 1898 3782 πε-

312 3796 695 3866 φορτισμένοι,
723 3801 881 3870 κάγὼ
909 3805 1214 3861 ἀναπαύσω
1240 3808 1408 3879 ὑμᾶς.
1436 3832 1454 3864 ι
1503 3816 1564 3868 '0
1599 3816 1700 3886 μὲν
1734 3819 1900 3873 σκιὼ-

308 3886 407 3983 δης
425 3889 618 3983 νότιος,
640 3891 739 3983 καὶ
766 3894 996 3960 παλαιὸς
1017 3897 1212 3966 μόνους
1237 3901 1397 3955 καλεῖ
1417 3906 1543 3969 τοὺς
1567 3906 1625 3973 ἐξ
1652 3907 1894 3983 Ἰσραήλ.

318 3975 380 4027 '0
421 3977 485 4030 δὲ
514 3979 705 4051 Σωτὴρ
745 3983 934 4055 κοινὴν
970 3988 1208 4040 ποιεῖται
1254 3990 1354 4061 τὴν
1382 3993 1577 4065 κλῆσιν
1609 3999 1690 4060 είς
1722 3975 1899 4055 ἀπανο

308 4081 410 4129 τας
438 4083 460 4100 ο
510 4069 643 4122 εἵσω
689 4071 798 4125 τῶν
842 4075 1218 4143 εύαγγελικῶν
1269 4083 1560 4152 πτερύγων
1604 4088 1896 4156 Ἰουδαίους

305 4173 370 4209 τε
425 4159 527 4213 καὶ
558 4161 685 4225 τοὺς
732 4164 791 4229 ἐξ
840 4166 1013 4220 ἐθνῶν
1052 4170 1499 4243 είσκαλούμενος,
1534 4180 1746 4245 πάντας
1774 4183 1897 4237 ἀολ-

307 4246 443 4344 λεας
486 4253 577 4344 είς
617 4253 747 4323 μίαν
786 4258 1156 4329 συναθροίζων
1197 4262 1390 4336 αὐλήν.
1440 4269 1766 4335 Κοπιῶντας
1796 4274 1897 4344 μὲν

308 4340 422 4431 γὰρ
456 4339 579 4395 εἶπε
605 4347 729 4410 τοὺς
765 4348 1072 4415 Ἰουδαίους,
1108 4360 1578 4428 πεφορτισμένους
1600 4362 1658 4415 δέ
1681 4381 1742 4431 γε
1769 4339 1898 4431 τοὺς

308 4428 613 4501 Ἕλληνας.
663 4437 725 4489 Oi
779 4438 878 4509 μὲν
933 4442 1045 4513 γὰρ
1104 4443 1348 4500 Ἰουδαῖοι
1400 4428 1898 4519 ματαιοπονοῦντες

303 4526 443 4594 περὶ
488 4526 557 4580 τὰ
594 4528 776 4583 εἰκαῖα
811 4533 907 4586 τοῦ
942 4536 1111 4603 νόμου
1160 4544 1638 4612 παρατηρήματα,
1680 4548 1759 4609 είς
1804 4548 1895 4601 τὸν

2004 3360 2147 3406 tatur
2171 3352 2212 3406 ³.
2242 3353 2307 3406 Et
2329 3366 2459 3406 sane
2488 3351 2659 3405 Sancti
2687 3352 2878 3403 Patres
2905 3364 2998 3417 per
3032 3348 3295 3414 Spiritum
3322 3358 3579 3403 sanctum

2000 3444 2363 3515 cognitionem
2389 3458 2651 3513 accepere
2688 3441 2811 3496 Filii
2834 3449 2935 3506 ;.‘et
2956 3456 3053 3511 per
3078 3440 3275 3495 Filium
3317 3442 3369 3494 in
3396 3440 3593 3496 Patris.

1999 3550 2204 3590 venere
2246 3535 2633 3606 cognitionem.
2675 3534 2735 3585 In
2787 3533 2872 3588 bis
2907 3533 3053 3586 enim
3087 3541 3275 3586 mutua
3312 3532 3589 3588 uniuscu-r

1994 3627 2194 3698 jusque
2238 3641 2335 3697 per
2367 3625 2533 3679 alium
2576 3625 2805 3679 videtur.
2839 3622 3210 3678 manifestatio
3251 3622 3392 3677 lieri.

2077 3735 2096 3768 ι
2146 3715 2335 3771 Venite
2368 3715 2435 3769 ad
2471 3730 2593 3781 τηε,
2615 3728 2803 3769 omnes
2830 3713 2923 3783 qui
2968 3712 3229 3767 laboratis
3259 3724 3313 3767 et
3363 3715 3597 3769 onerati»

2000 3806 2157 3872 estis,
2188 3818 2243 3860 et
2291 3820 2393 3876 ego
2430 3804 2669 3858 reﬁciam
2715 3818 2834 3858 vos.
2874 3821 2892 3855 ι
2928 3802 3094 3858 Vetus
3129 3801 3237 3866 lex,
3280 3812 3334 3858 et
3359 3804 3578 3857 umbra-

2002 3897 2114 3953 tilis
2146 3897 2290 3952 solos
2318 3895 2481 3951 Israel
2515 3895 2653 3951 tilios
2686 3904 2867 3951 vocat.
2910 3894 3163 3949 Salvator
3193 3908 3320 3949 vero
3352 3895 3577 3949 advom-

1999 4005 2098 4046 nes
2153 3988 2519 4045 communiter
2581 3987 2921 4042 vocationem
2995 3985 3257 4049 extendit,
3329 3993 3383 4039 et
3455 3994 3580 4039 tum.

1999 4081 2240 4146 Juda‘Os,
2271 4090 2380 4134 tum
2409 4079 2644 4149 gentiles
2669 4079 2921 4143 advocat,
2947 4085 3003 4132 ut
3028 4076 3135 4131 sub
3158 4076 3257 4131 alis
3286 4076 3587 4145 Evangelii.

2000 4182 2438 4242 c0ngregcutur;
2481 4184 2777 4237 omnesque
2815 4166 3106 4223 confertos
3145 4183 3309 4220 unam
3345 4166 3487 4236 cogit
3518 4167 3575 4221 in

2002 4265 2234 4320 caulam.
2263 4263 2601 4316 Laborantcs
2635 4261 2835 4331 quippe
2866 4258 3086 4314 Judaeos
3114 4258 3287 4325 dixit;
3316 4268 3595 4313 oneratos,

2000 4372 2132 4412 vero
2165 4356 2415 4425 gentiles.
2446 4354 2616 4409 Judaei
2652 4353 2796 4407 enim
2828 4352 2975 4407 circa
3009 4365 3177 4406 vanas
3213 4351 3348 4421 legis
3377 4350 3573 4405 obser-

2001 4449 2244 4505 vationes
2291 4447 2493 4501 frustra
2552 4445 2867 4499 laborantes
2922 4445 2975 4498 in
3030 4441 3360 4513 profundum
3406 4442 3576 4495 male-

2001 4541 2124 4595 dicti
2143 4556 2172 4594 a
2195 4540 2312 4609 lege
2335 4537 2522 4593 inflicti
2546 4534 2765 4603 delapsi.
2784 4542 2939 4599 sunt;
2974 4533 3206 4603 gentiles
3230 4541 3411 4587 autem
3437 4547 3561 4602 gra-

313 4614 574 4707 πυθμένα
592 4618 692 4688 τῆς
715 4624 946 4694 νομικῆς
968 4625 1213 4698 κατάρας
1233 4609 1568 4686 κατῶλισθον
1591 4650 1605 4664 ⁸
1629 4635 1890 4707 Ἕλληνες

2000 4634 2219 4687 vissimo
2255 4629 2549 4701 impietatis
2588 4626 2755 4697 368
2783 4640 2948 4680 onere
2987 4630 3263 4693 suscepto,
3311 4632 3366 4677 et
3409 4637 3574 4676 omne

306 4704 363 4757 δὲ
402 4707 471 4760 τὸ
501 4709 749 4778 ἀχθεινὸν
781 4714 882 4784 τῆς
914 4717 1170 4784 ἀσεϐείας
1205 4722 1426 4791 φορτίον
1455 4704 1894 4796 ὲπωμισάμενοι,

308 4798 407 4849 καὶ
443 4801 558 4855 πᾶν
598 4798 738 4867 εἶδος
770 4806 1028 4872 ἀσεϐείας
1056 4811 1497 4882 ἐπιτηδεύοντες,
1541 4817 1743 4880 διέζων,
1774 4818 1892 4886 βίον

304 4894 671 4965 κτηνοπρεπῆ
699 4911 711 4925 ⁸
758 4894 787 4948 δ
826 4898 892 4970 δὴ
944 4903 1039 4953 καὶ
1080 4902 1246 4956 Δαϐὶδ
1294 4907 1747 4974 ἐπιστυγνάζων,
1779 4904 1891 4961 οἷον

303 4981 748 5055 ἁποκλαιόμενος
776 4986 963 5057 ἔλεγεν
989 5007 1003 5021 ·
1044 5011 1062 5044 ι
1102 4992 1419 5063 Ἀνθρωπος
1440 4997 1500 5049 ἐν
1527 5000 1662 5068 τιμῇ
1700 4997 1796 5062 ῶν,
1825 5000 1887 5052 ού

302 5074 521 5145 συνῆκε
543 5091 558 5105 '
600 5081 1060 5154 παρασυνεϐλήθη
1088 5088 1201 5149 τοῖς
1229 5086 1452 5156 κτήνεσι
1478 5090 1589 5151 τοῖς
1616 5089 1892 5161 ἀνοήτοις,

379 5212 397 5244 ¹
422 5211 584 5268 Joan.
632 5230 745 5282 xtv,
792 5217 846 5274 9.
950 5217 1127 5275 'Luc.
1157 5236 1230 5287 tv,
1269 5221 1358 5277 54.
1436 5222 1491 5277 ³1
1524 5222 1652 5279 Cor.
1686 5239 1743 5285 ιι,
1781 5224 1869 5278 10.

1994 4723 2183 4793 ﬂagitii
2225 4736 2395 4792 genus
2446 4716 3082 4785 exercentes,pecudum
3132 4717 3236 4769 ritu
3290 4714 3572 4769 vivebant.

1999 4818 2117 4883 Quo
2145 4829 2276 4869 sane
2302 4812 2469 4867 David
2512 4811 2733 4865 tristitia
2778 4809 3007 4865 alIectus
3057 4807 3214 4879 quasi
3250 4806 3386 4863 ﬂens
3424 4807 3575 4871 dice-

2003 4909 2132 4962 bat:
2160 4924 2179 4956 ‹
2216 4903 2388 4958 Homo
2414 4917 2537 4957 cum
2580 4902 2633 4956 in
2673 4903 2880 4956 honore
2920 4909 3083 4962 esset,
3119 4914 3226 4954 non
3270 4898 3575 4966 intellexit;

2000 5006 2348 5064 comparatus
2386 5001 2469 5047 est
2507 4989 2771 5059 jumentis
2816 4988 3198 5060 insipientibus
3224 5030 3239 5055 ,
3281 4996 3336 5043 et
3381 4987 3575 5042 similis

2003 5088 2179 5142 factus
2223 5091 2308 5139 est
2337 5081 2445 5137 illis
2467 5080 2509 5137 ⁸.
2557 5099 2580 5133 ι
2631 5080 2800 5152 lgitur
2828 5080 3048 5150 utrique
3086 5088 3377 5148 vocantur,
3410 5087 3469 5132 ut
3504 5076 3573 5131 ad

1982 5222 2168 5276 ‘Psal.
2204 5234 2389 5281 vam,
2426 5218 2512 5271 15.

1548 5354 1871 5416 Francisci
1907 5351 2116 5415 Scorsi
2148 5358 2337 5411 notae.

375 5464 497 5535 (49)
556 5467 743 5544 Petrus
801 5470 1270 5544 ἰίιςίεοζῃρίιανιιε.
1310 5474 1745 5544 Quotiescunque
1824 5474 1882 5530 S.

297 5534 533 5616 Petrum
575 5542 839 5616 nominat_
875 5541 963 5616 hic
1007 5534 1188 5616 Pater,
1220 5534 1461 5599 nominat
1492 5534 1673 5599 autem
1699 5545 1887 5616 sazpis-

295 5611 494 5685 sime,_
530 5611 1027 5685 setnper__elogiurn
1081 5614 1351 5680 primatus
1410 5617 1651 5685 adjnngit
1711 5633 1723 5668 :
1778 5611 1887 5668 Hic

295 5676 674 5756 corvpbmum‘,
725 5681 852 5756 alibi
883 5676 1156 5756 ’πρῶτον
1193 5685 1425 5756 primum
1477 5676 1885 5752 discipulorum,

295 5747 450 5825 alibi
472 5751 709 5817 κρηπῖδα
743 5761 801 5825 e_l_
827 5747 1076 5825 θεμέλιον
1104 5747 1207 5825 τῆς
1273 5755 1600 5825 Ἐκκλησίας
1618 5747 1791 5808 basim
1838 5747 1887 5808 et

296 5816 720 5891 fundamentum
760 5816 1027 5884 Rcclésiw,
1086 5816 1211 5878 alibi
1260 5824 1432 5878 aliter.
1462 5816 1631 5891 'Qttod
1661 5826 1886 5878 adverto

296 5886 370 5940 ad
426 5889 873 5963 confringendam
941 5894 1339 5949 contumaciam
1401 5886 1786 5952 haereticorum
1831 5905 1887 5949 et

1984 5472 2291 5527 Gnecorttm
2344 5470 2507 5540 hujus
2549 5467 2825 5536 temporis,
2859 5466 3091 5540 anibus
3169 5466 3254 5540 hic
3306 5464 3583 5540 primatus

1985 5542 2215 5603 invisus,
2243 5550 2296 5595 et
2347 5535 2548 5593 temere
2570 5549 2625 5592 et
2654 5535 2779 5592 casu
2838 5535 3022 5591 dicunt
3054 5536 3374 5604 contigisse,
3409 5542 3471 5604 ut
3501 5535 3570 5585 ab

1984 5602 2332 5678 evangelistis
2370 5610 2626 5664 Omnibus
2686 5618 3062 5662 recenseretur
3124 5602 3337 5678 semper
3393 5602 3585 5671 primo

1983 5682 2103 5736 loco
2128 5674 2363 5744 'Petrus,
2420 5679 2693 5733 temerarii
2756 5678 2881 5744 ipsi,
2936 5686 2987 5731 et
3035 5677 3217 5729 omnia
3273 5674 3585 5744 depravata

1986 5693 2103 5736 loco
2150 5693 2363 5744 Petrus,
2420 5693 2693 5733 temerant
2756 5693 2769 5730 l
2813 5694 2881 5738 8|,
2936 5693 2987 5731 et
3035 5693 3217 5729 omnia
3273 5693 3569 5740 tlepfaViNU

1986 5766 2084 5874 Ξιειο
2123 5749 2341 5874 33ρὶἓο
2396 5750 2754 5805 aestimantes.
2776 5693 2917 5803 lilide
2958 5745 3111 5815 plura
3132 5746 3278 5798 dicta
3322 5745 3386 5795 ad
3415 5743 3569 5795 hom.

1990 5823 2081 5891 3'1,
2123 5826 2235 5877 not.
2268 5823 2338 5875 2..
