4074 6440
380 420 485 486 95‘}

1757 419 2091 482 HOMILIA
2127 422 2246 485 LV.

3531 418 3646 485 954

376 536 470 590 τδν
494 530 856 605 τερπνότατον
907 528 1098 587 τοῦτον
1143 530 1252 587 τῶν
1277 528 1541 604 κηρύκων
1580 526 1729 597 ναὸν,
1758 529 1820 583 ὃν
1854 547 1958 584 κα-

2076 535 2167 586 hac
2196 530 2403 587 addidit
2433 528 2605 586 animi
2632 545 2759 589 vere
2785 530 3145 603 impbratorii,
3170 539 3226 586 et
3252 530 3431 601 magni
3473 547 3643 602 argu-

380 622 556 693 θάπερ
604 620 847 693 κρηπίδα
912 623 1010 677 καὶ
1038 622 1344 692 ἀσφάλειαν
1372 623 1431 675 ὲν
1458 623 1576 685 τοῖς
1625 621 1964 691 ἀνακτόροις

377 714 653 784 ἀδείματο,
705 712 967 783 μέγιστόν
1000 730 1062 767 τε
1116 714 1213 768 καὶ
1264 713 1579 779 κάλλιστον,
1632 714 1727 767 καὶ
1775 714 1966 768 κάλλει

384 805 686 876 καινοτέρῳ
724 804 1223 873 διαπρεπέστατον,
1260 806 1356 859 καὶ
1386 806 1528 873 φωτὶ
1578 804 1968 877 φαιδρότατον,

377 897 472 952 καὶ
500 897 687 968 χρυσῷ
714 897 1129 967 διαυγέστατον,
1184 899 1281 952 καὶ
1306 898 1504 969 ψηφίσι
1561 896 1968 961 στιλπνότατον,

380 990 478 1042 καὶ
511 992 756 1058 γραφαῖς
785 988 1182 1059 ἀνθηρότατον.
1232 990 1333 1043 “Ov
1371 1006 1456 1053 τις
1504 987 1627 1042 ῖδὼν
1680 988 1969 1056 πολλάκις,

380 1081 473 1134 xa‘t
503 1080 671 1135 πάλιν
706 1079 855 1144 ἰδὼν,
899 1080 976 1143 ὼς
1003 1079 1099 1133 νῦν
1131 1078 1281 1149 αύτῷ
1313 1078 1538 1150 πρῶτον
1566 1077 1806 1147 φανέντα
1833 1077 1971 1131 θαυ-

384 1172 571 1241 μάζει,
602 1174 701 1226 καὶ
737 1171 945 1243 τέθηπε
997 1173 1283 1243 πανταχού
1324 1174 1392 1242 τῇ
1445 1170 1544 1240 θέᾳ
1594 1168 1968 1240 πλανώμενος.

388 1266 450 1318 '0
485 1264 585 1334 μὲν
628 1264 738 1335 γὰρ
780 1264 981 1334 ὄροφος
1013 1263 1294 1334 ἄπληστός
1327 1264 1446 1317 ἐστι
1486 1263 1606 1333 θέᾳ,
1650 1263 1748 1317 καὶ
1778 1260 1967 1331 θαῦμα

382 1357 511 1410 ιδετν
576 1356 674 1409 καὶ
701 1353 959 1410 ἀκοῦσαι.
986 1355 1225 1423 Γλυφαῖς
1247 1372 1359 1408 τισι
1388 1353 1741 1424 λεπτοτέραις
1762 1354 1844 1416 εἰς
1873 1370 1972 1406 κα-

378 1444 659 1497 λαθίσκων
708 1443 898 1514 σχῆμα
947 1443 1392 1513 ποικιλλομέναις
1438 1443 1838 1515 ὠραῖζόμενος,
1873 1444 1971 1497 καὶ

381 1535 728 1606 πανταχόθεν
755 1535 833 1605 τῷ
862 1535 1049 1607 χρυσῷ
1073 1536 1556 1606 περιαστράπτων,
1593 1537 1844 1606 μιμεῖται
1873 1535 1969 1588 τὸν

380 1628 638 1701 οὐρανὸν,
681 1629 771 1681 ὅτε
806 1628 1027 1700 καθαρᾷ
1052 1628 1243 1699 αἰθρίᾳ
1276 1628 1354 1698 τῷ
1382 1617 1492 1682 τῶν
1537 1628 1785 1700 ἀστέρων
1824 1629 1973 1701 χορῷ

380 1720 812 1790 περιλάμπεται.
891 1720 1087 1783 Κίονες
1131 1720 1188 1774 δὲ
1251 1719 1517 1774 κάλλιστα
1578 1719 1680 1783 τὰς
1733 1720 1973 1789 ἄντυγας

378 1811 790 1882 ύπερείδουσαι,
823 1813 902 1873 el;
933 1811 1218 1883 ἀμήχανον
1238 1812 1369 1882 ὕψος
1395 1812 1485 1865 τὸν
1506 1811 1704 1881 ὄροφον
1728 1811 1967 1883 αἴρουσι.

379 1904 491 1957 Τοῦ
519 1904 575 1956 δὲ
609 1904 742 1957 ναοῦ
775 1905 836 1957 τὸ
872 1905 1186 1974 ἁγιώτατον
1217 1905 1449 1959 δάπεδον
1494 1904 1740 1975 ἀτεχνῶς
1770 1906 1976 1976 ἐαρινῷ

376 1996 614 2067 λειμῶνι
652 2000 1022 2069 παρείκασται
1060 2000 1285 2072 ποικίλῃ
1314 1999 1624 2071 μαρμάρων
1646 1999 1860 2070 ψηφίδι,
1899 2000 1976 2063 ὡς

382 2091 596 2158 ἄνθεσι,
642 2090 1152 2163 καθωραῖζόμενον.
1208 2092 1359 2163 Πλὴν
1406 2092 1539 2163 παρ’
1579 2092 1704 2146 ὅσον
1751 2092 1822 2145 τά
1876 2094 1977 2162 μὲν

380 2183 523 2253 ἀνθη
565 2183 912 2253 μαραίνεται,
950 2186 1044 2236 καὶ
1074 2184 1426 2248 ἀλλάττεται,
1454 2185 1483 2238 ὁ
1506 2184 1562 2238 δὲ
1590 2184 1797 2255 λειμὼν
1819 2179 1977 2248 οὗτος

379 2276 704 2348 ἀμάραντός
751 2278 890 2342 ἐστι,
935 2275 1031 2331 καὶ
1082 2277 1272 2343 ἀΐδιος,
1321 2276 1507 2348 τηρῶν
1571 2278 1660 2347 ἐφ’
1696 2277 1875 2348 ἑαυτῷ
1916 2278 1977 2330 τὺ

384 2369 551 2431 ἄνθος
588 2368 882 2422 ἀθάνατον.
926 2370 1038 2431 Πᾶς
1073 2368 1130 2421 δὲ
1157 2370 1339 2438 τοῖχος
1384 2368 1632 2439 ποικιλίᾳ
1664 2370 1976 2439 μαρμάρων

386 2457 887 2529 περικαλύπτεται.
928 2459 1009 2513 Τὰ
1035 2460 1090 2512 δὲ
1128 2459 1334 2512 τούτων
1363 2461 1622 2530 ἀνωτέρω
1666 2461 1846 2532 χρυσὴ
1871 2479 1975 2515 κα-

384 2554 585 2607 λύπτει
618 2551 814 2622 ψηφὶς,
842 2554 943 2604 ὅσα
990 2552 1064 2621 μὴ
1094 2552 1416 2620 συνείληφεν
1451 2554 1479 2605 ὁ
1514 2551 1624 2606 τῶν
1656 2553 1871 2607 σεπτῶν
1896 2554 1975 2605 εῖ-

383 2649 566 2700 κόνων
607 2646 788 2716 χορός.
827 2644 904 2698 Τὸ
944 2642 1002 2696 δὲ
1044 2644 1143 2713 τῆς
1190 2644 1435 2714 ἀρρήτου
1487 2643 1713 2713 τελετῆς
1752 2644 1974 2715 χωρίον,

384 2738 699 2811 μαρμάρων
720 2735 925 2806 θώραξ,
948 2738 1063 2799 τοῖς
1088 2732 1297 2806 ἱερεῦσι
1320 2736 1622 2805 περικλείει
1644 2736 1737 2790 τὸν
1763 2737 1942 2807 χῶρον
1958 2753 1973 2768 ·

382 2828 478 2899 ἐφ’
526 2822 602 2882 ὧν
643 2828 792 2882 ἐστιν
843 2827 1301 2883 ἐπαναπαύεσθαί
1345 2847 1409 2883 τε
1466 2830 1560 2884 καὶ
1619 2830 1761 2900 μετά
1796 2832 1977 2899 ἀσφα-

383 2920 540 2983 λείας
589 2920 837 2985 ἑστάναι,
885 2919 983 2973 καὶ
1027 2920 1254 2990 τέρπειν
1293 2922 1360 2991 τῇ
1396 2920 1497 2992 θέα
1528 2921 1629 2992 τὴν
1667 2922 1813 2991 ὄψιν.
1854 2923 1980 2977 Κώε-

384 3013 541 3082 λυμα
572 3011 630 3066 δὲ
671 3012 834 3065 τοῦτο
882 3011 1016 3077 τῶν,
1093 3011 1229 3075 εἴτις
1278 3012 1559 3084 προπετὴς
1605 3014 1701 3068 καὶ
1749 3016 1973 3085 ἀνίερος

385 3106 527 3158 εἴσω
581 3103 688 3158 τῶν
719 3103 929 3157 ἀδύτων
980 3103 1293 3175 ύπερὸἧναι
1333 3109 1621 3174 φιλονικεῖ.
1663 3107 1730 3161 Ἦ
1770 3107 1826 3162 δὲ
1857 3108 1974 3162 θεία

2077 632 2321 677 mentum
2364 622 2808 678 venustissimum
2858 624 2960 679 hoc
3014 622 3461 678 concionatorum
3508 633 3649 678 tem-

2072 716 2217 783 plum
2260 714 2583 788 (58),'qund
2624 715 2963 770 fundamenti
2990 715 3183 778 instar,
3210 729 3276 768 ac
3324 714 3650 769 munimenti

2078 806 2132 859 in
2179 805 2379 874 palatio
2426 805 2723 859 aediﬁcavit
2781 805 3079 858 maximum
3130 814 3295 872 atque
3344 805 3653 874 pulcherri-

2073 913 2245 961 mum,
2281 898 2425 967 quod
2455 907 2510 953 et
2539 897 2757 953 insolito
2792 898 3027 966 quodam
3055 907 3248 951 ornatu
3276 898 3648 966 magniﬁcum,

2072 998 2127 1044 et
2168 989 2454 1059 splendore
2483 990 2856 1058 conspicuum,
2892 998 2948 1044 et
2973 1005 3107 1043 auro
3157 988 3641 1058 lulgentissimum,

2083 1081 2285 1152 lapillis
2322 1081 2434 1153 (59)
2470 1082 2857 1147 clarissimum,
2894 1090 2948 1135 et
2979 1082 3209 1151 picturis
3236 1083 3392 1151 quasi
3425 1082 3654 1136 ﬂoribus

2074 1175 2530 1230 amoenissimum.
2567 1174 2721 1241 Quod
2751 1189 2873 1229 cum
2909 1173 3109 1242 saepius
3156 1175 3354 1228 viderit
3378 1173 3648 1243 quispiam

2074 1275 2129 1321 et
2156 1266 2322 1322 semel
2366 1276 2532 1335 atque
2567 1267 2764 1321 iterum
2803 1265 2968 1320 fuerit
3005 1266 3434 1331 contemplatus,
3461 1275 3521 1319 ut
3553 1279 3651 1320 no-

2074 1373 2225 1425 vum,
2263 1373 2327 1413 ac
2367 1374 2513 1413 nunc
2546 1359 2780 1428 primum
2810 1360 2991 1413 visum
3026 1359 3329 1412 admiratur
3358 1366 3412 1412 et
3458 1358 3649 1412 abstu-

2076 1450 2266 1519 pascit,
2291 1451 2629 1506 errabundas
2653 1450 2840 1505 oculos
2864 1450 2968 1505 huc
2987 1450 3221 1519 illucque
3240 1448 3650 1504 circumferens.

2074 1540 2297 1595 Tectum
2326 1544 2470 1597 enim
2515 1542 2832 1613 huiusmodi
2879 1552 2982 1605 est,
3019 1552 3079 1597 ut
3122 1558 3221 1596 nec
3261 1543 3380 1608 ejus
3428 1551 3648 1608 aspectu

2075 1635 2265 1689 satiari
2298 1634 2421 1703 quis
2450 1635 2657 1703 possit;
2709 1642 2763 1689 et
2803 1650 2926 1690 cum
2962 1635 3296 1697 videntibus,
3337 1644 3451 1688 tum
3481 1634 3647 1687 etiam

2075 1725 2425 1780 audientibus
2478 1725 2743 1781 miraculo
2805 1727 2875 1780 sit
2944 1727 3111 1780 variis
3160 1725 3477 1780 calathiscis
3518 1725 3655 1793 poli-

2077 1818 2285 1871 tissima
2326 1826 2445 1871 arte
2484 1817 2691 1871 caelatis
2747 1817 3067 1871 distinctum
3105 1831 3168 1870 ac
3208 1818 3546 1881 decoratum,
3599 1825 3655 1870 et

2079 1908 2427 1977 undicunque
2455 1923 2589 1961 auro
2621 1922 2921 1962 coruscans
2952 1907 3240 1961 aemulatur
3270 1905 3489 1972 caelum,
3524 1922 3649 1960 cum

2076 2013 2215 2069 puro
2271 2013 2335 2053 ac
2366 2014 2560 2053 sereno
2601 2014 2724 2053 aere
2752 2007 3025 2053 astrorum
3057 2000 3229 2052 choro
3261 1996 3515 2051 collucet.
3543 1996 3653 2051 Co-

2079 2093 2276 2147 lumnae
2332 2107 2464 2147 vero
2515 2107 2677 2146 arcus
2731 2092 2935 2161 optime
2982 2088 3361 2145 suﬂ'ulcientes
3420 2088 3474 2143 in
3531 2102 3653 2142 eam

2080 2186 2424 2241 altitudinem
2473 2192 2675 2240 tectum
2726 2185 2969 2253 erigunt,
3019 2192 3078 2236 ut
3136 2181 3421 2236 machinas
3469 2194 3659 2235 omnes

2080 2288 2360 2349 artemque
2390 2291 2650 2346 superare
2676 2276 2945 2331 videatur.
2977 2274 3096 2330 Jam
3145 2275 3327 2344 templi
3368 2272 3655 2328 sanctissi-

2081 2387 2227 2425 mum
2282 2371 2652 2439 pavimentum
2685 2368 2844 2438 371
2886 2366 3173 2421 marmoris
3208 2365 3317 2438 (60)
3352 2365 3654 2435 segmentis

2080 2464 2233 2532 quasi
2275 2462 2501 2517 ﬂoribus
2531 2462 2736 2531 ubique
2766 2463 3103 2525 decoratum,
3128 2470 3283 2528 prata
3311 2474 3479 2512 verna
3512 2468 3655 2511 tem-

2079 2569 2211 2625 pore
2250 2552 2615 2608 efﬂorescenti
2662 2553 2823 2621 plane
2853 2551 3190 2605 simillimum
3224 2560 3328 2614 est,
3358 2549 3461 2603 hoc
3495 2563 3658 2602 exce-

2081 2658 2172 2718 pto
2212 2648 2358 2716 quod
2406 2646 2569 2701 liores
2603 2646 2675 2700 ibi
2709 2644 3096 2708 deﬂorescunt,
3126 2652 3182 2696 et
3234 2641 3653 2707 submittantur;

2082 2739 2187 2794 hac
2216 2749 2398 2794 autem
2432 2747 2643 2807 pratum
2679 2752 2954 2806 nunquam
2997 2734 3312 2798 marcescit,
3361 2739 3415 2787 et
3460 2747 3655 2802 perpe-

2082 2839 2233 2882 tuum
2296 2829 2441 2900 viget
2491 2826 2678 2881 ﬂorem
2744 2828 2821 2881 in'
2862 2841 2921 2881 se
2976 2840 3202 2880 servans
3264 2822 3654 2879 immortalem.

2080 2920 2227 2976 Nihil
2270 2919 2325 2974 in
2366 2918 2669 2989 parietibus
2722 2930 2833 2971 non
2885 2928 3160 2969 marmore
3182 2914 3337 2968 varia
3379 2911 3657 2968 conveStio

2083 3022 2230 3078 tum;
2260 3009 2547 3079 superiora
2572 3023 2701 3062 vero
2728 3006 2927 3077 lapillis
2951 3008 3132 3061 aureis
3159 3013 3348 3075 operta
3374 3011 3521 3065 sunt,
3548 3016 3655 3070 qua

2082 3112 2258 3157 tamen
2282 3117 2313 3156 a
2343 3100 2657 3157 veneranda
2671 3115 2787 3152 rum
2826 3099 3118 3168 imaginum
3154 3098 3323 3152 choro
3354 3110 3462 3151 non
3489 3108 3660 3149 accu-

387 3191 668 3263 τράπεζα,
697 3194 820 3253 ταῖς
854 3191 912 3258 ἐξ
942 3191 1186 3263 ἀργύρου
1210 3195 1305 3246 καὶ
1340 3195 1543 3264 χρυσοῦ
1579 3200 1971 3267 μαρμαρυγαῖς

2080 3205 2298 3264 pantur.
2325 3191 2503 3248 Locus
2535 3192 2649 3256 ille,
2675 3191 2727 3245 in
2761 3205 2867 3260 quo
2898 3204 3159 3244 arcanum
3185 3188 3465 3259 peragitur
3485 3182 3657 3239 sacri-

387 3286 891 3356 ἀπαστράπτουσα,
944 3285 1317 3357 καταπλήττει
1363 3287 1456 3340 τὸν
1518 3288 1739 3360 θεατήν.
1793 3290 1873 3345 Τά
1918 3291 1977 3345 δὲ

385 3378 557 3432 λοιπὰ
581 3377 790 3448 ταύτης
817 3362 1071 3448 τιμάσθω
1114 3382 1266 3449 σιγῇ.
1318 3378 1393 3441 7'0
1428 3381 1485 3434 δὲ
1527 3381 1655 3444 ναὸς
1688 3382 1837 3446 ἀπας
1862 3385 1978 3447 τοῖς

391 3465 584 3547 ᾅδουσι
613 3466 741 3528 τοὺς
782 3466 960 3530 θείους
991 3465 1214 3535 ὕμνους,
1252 3470 1444 3538 ὥσπερ
1472 3470 1541 3524 τὰ
1574 3470 1748 3541 ἄντρα
1791 3473 1976 3542 ἠρέμα

392 3559 725 3628 συναπηχεῒ,
756 3558 860 3630 τῆς
884 3560 1071 3628 φωνῆς
1099 3562 1429 3634 ἐπανιούσης
1449 3563 1587 3634 πρὸς
1612 3563 1813 3636 ἑαυτὴν
1834 3564 1977 3619 κατὰ

387 3649 489 3703 τὸν
523 3648 841 3705 ἀντίτυπον.
884 3650 1419 3721 Παοαπετασμάτων
1457 3652 1516 3707 δὲ
1553 3653 1757 3724 πλῆθος
1786 3652 1975 3723 ὴώρη-

2085 3287 2265 3341 licium
2316 3298 2623 3339 marmorea
2659 3284 2884 3338 thorace
2918 3291 3161 3350 septum,
3211 3288 3266 3333 et
3299 3275 3655 3332 circumscri-

2083 3390 2236 3450 ptum
2268 3388 2353 3432 est
2382 3379 2790 3441 sacerdotibus,
2824 3376 2917 3431 ubi
2950 3382 3006 3431 et
3035 3374 3401 3444 requiescere,
3443 3378 3496 3424 et
3540 3376 3655 3422 tuto

2081 3468 2402 3533 consistere,
2432 3476 2488 3521 et
2532 3479 2818 3536 aspectum
2851 3463 3163 3535 spectaculo
3188 3463 3316 3517 licet
3358 3458 3657 3516 oblectare.

2077 3560 2244 3629 quue
2266 3559 2564 3615 claustrum
2596 3559 2764 3614 etiam
2796 3558 2866 3613 ab
2896 3571 3123 3612 accessu
3157 3555 3435 3626 prohibet,
3460 3553 3505 3608 si
3539 3550 3660 3620 quis

2081 3652 2403 3709 temerarius
2439 3667 2505 3709 ac
2546 3650 2809 3720 profanus
2872 3652 3033 3721 adyta
3089 3660 3383 3720 penetrare
3429 3655 3655 3702 conten-

1629 3809 1953 3874 Francisci
1987 3810 2199 3873 Scorsi
2230 3814 2422 3872 natae.

473 3954 583 4027 (58)
619 3956 1069 4013 Concianatarum
1105 3959 1374 4027 templum.
1410 3957 1509 4015 Ubi
1549 3956 1808 4012 nimirum
1843 3973 1974 4014 can-

392 4026 582 4081 cianes
611 4042 781 4082 sacrae
825 4029 878 4082 in
926 4030 1127 4097 palatio
1159 4030 1225 4083 ad
1254 4031 1447 4096 imper.
1478 4038 1532 4083 et
1564 4028 1772 4083 aulicos
1800 4029 1972 4083 hahe-

394 4106 588 4170 rentur
614 4098 755 4170 quod
783 4107 838 4170 et
861 4098 1029 4170 hodie
1070 4099 1350 4170 iactitatur
1380 4100 1434 4153 in
1480 4098 1679 4164 palatio
1725 4099 1971 4170 proregis

393 4165 597 4222 Sicilia:
630 4169 682 4221 in
714 4169 830 4223 aede
860 4167 921 4219 D.
959 4167 1104 4222 Petri
1138 4170 1335 4224 ibidem
1364 4170 1604 4224 condita.

473 4236 586 4307 (59)
617 4237 860 4299 Lapillis.
894 4237 999 4294 Eas
1038 4239 1302 4305 intelligo.
1346 4254 1414 4292 ex
1455 4239 1657 4306 quibus
1687 4239 1962 4294 musivum

393 4323 535 4371 opus
564 4307 872 4372 conﬁcitur,
904 4322 1134 4376 quorum
1182 4309 1272 4363 alii
1314 4324 1448 4363 auro
1478 4309 1621 4371 illiti,
1674 4309 1763 4361 alii
1797 4310 1969 4364 versi-

393 4380 611 4433 colores
634 4380 700 4431 ad
730 4378 908 4434 varias
936 4378 1135 4447 ﬁguras
1165 4377 1553 4445 exprimendas
1582 4382 1722 4432 inter
1746 4392 1804 4433 se
1832 4382 1967 4433 mira

397 4456 518 4502 arte
546 4448 969 4517 compinguntur
992 4457 1045 4502 et
1076 4459 1457 4504 conseruntur.
1486 4448 1612 4502 Tria
1644 4450 1825 4517 itaque
1847 4464 1969 4518 quae

2077 3957 2302 4013 chorum
2338 3955 2398 4011 S.
2429 3955 2713 4011 Benedicti
2750 3964 2968 4010 auctum
2994 3965 3046 4008 ct
3076 3954 3491 4024 locupletatum,
3512 3954 3656 4021 quod

2076 4043 2209 4081 sane
2235 4042 2359 4081 cum
2389 4027 2597 4092 videas,
2620 4025 2724 4080 hoc
2766 4027 2938 4094 ipsum
2960 4042 2987 4077 a
3017 4023 3351 4092 Theophane
3396 4023 3498 4078 hac
3523 4040 3654 4077 ora-

2078 4098 2222 4151 tione
2251 4104 2504 4150 ornatum
2533 4138 2548 4162 ,
2605 4096 2913 4150 arbitreris.
2947 4095 3109 4149 Certe
3146 4097 3217 4150 illi
3256 4110 3361 4148 non
3395 4096 3542 4148 cedit
3575 4094 3660 4148 vel

2080 4166 2447 4237 nrtilicio,iyel
2481 4176 2723 4237 sumptu,
2757 4169 2841 4219 vel
2876 4166 3268 4237 magnitudine.
3328 4164 3402 4220 De
3434 4164 3518 4220 his
3549 4166 3660 4234 agit

2077 4237 2316 4306 Thomas
2348 4235 2541 4290 Farell.
2574 4236 2668 4290 lih.
2704 4252 2799 4291 vm
2833 4240 2952 4292 dea.
2974 4235 3195 4306 primae.

2151 4304 2264 4377 (60)
2294 4306 2608 4360 Marmoreis
2652 4307 2949 4377 segmentis.
2990 4304 3088 4361 ⁷Ειι
3134 4308 3333 4374 quibus
3390 4321 3525 4374 opus
3571 4319 3660 4358 se-

2078 4385 2457 4448 gmentatum,
2493 4392 2589 4433 seu
2616 4378 3031 4448 vermiculatum
3081 4377 3309 4440 dictum,
3355 4377 3515 4446 quale
3568 4378 3661 4429 de-

2079 4446 2271 4501 scribit
2293 4446 2554 4509 Lucilius,
2575 4462 2639 4500 ex
2663 4462 2729 4500 eo
2753 4446 3168 4500 similitudinem
3197 4448 3659 4516 elegantissimam

396 4518 455 4572 in
488 4513 697 4570 musivo
729 4513 994 4581 (musaico
1025 4522 1185 4585 vulgo
1206 4519 1462 4585 dicimus)
1495 4518 1701 4586 lapillo,
1730 4513 1825 4572 seu
1855 4513 1965 4573 tota
1999 4525 2079 4587 Βις
2106 4518 2327 4587 rahens,
2351 4525 2423 4587 iet
2468 4516 2521 4570 in
2575 4516 2852 4587 Albutium
2904 4516 3121 4581 ludens,
3175 4513 3319 4587 quod
3374 4515 3541 4570 refert
3586 4513 3660 4567 Μ.

399 4587 608 4640 musiva
650 4578 923 4642 structura
961 4578 1331 4652 continentur,
1380 4578 1651 4653 expressit
1677 4578 1967 4656 Theopha-
1999 4578 2045 4636 Ι)
2074 4578 2411 4649 Tullium-De
2441 4597 2578 4639 orat.
2614 4585 2714 4639 lib.
2748 4601 2845 4639 m:

397 4671 520 4720 nes,
548 4669 682 4726 cum,
707 4659 961 4726 templum
995 4659 1125 4713 dicit
1156 4676 1170 4711 :
1201 4659 1311 4711 Καὶ
1330 4657 1520 4726 χρυσῷ
1552 4657 1968 4725 διαυγέστατον,

398 4727 496 4779 καὶ
542 4725 741 4797 ψηφίσι
794 4725 1215 4792 στιλπνότατον,
1278 4725 1381 4780 καῖ
1438 4725 1679 4797 γραφαῖς
1732 4727 1971 4797 ἀνθήροο

398 4812 582 4857 τατον,
623 4796 769 4849 Auro
800 4798 1308 4861 splendidissimum,
1339 4799 1538 4866 lapillis
1588 4796 1966 4863 clarissimum,

400 4879 446 4919 et
491 4866 708 4935 picturis
734 4867 1186 4933 ﬂorentissimum.
1219 4865 1540 4934 Hujnsmodi
1581 4882 1743 4935 porro
1773 4870 1968 4930 templa

403 4934 596 4988 musivi
638 4938 815 5001 operis
857 4936 1168 4992 Graecorum
1205 4952 1355 4991 more
1404 4937 1545 4991 facta
1577 4934 1823 4990 videmus
1870 4935 1973 4991 Pa-

405 5005 753 5077 narmiduo,
781 5005 1008 5061 alterum
1058 5009 1108 5061 iu
1160 5007 1365 5077 palatia
1406 5008 1653 5077 proregis
1697 5005 1758 5060 S.
1808 5005 1970 5061 Petro

405 5076 649 5146 apostolo
680 5076 958 5146 dicatum.
1010 5078 1152 5145 quod
1204 5092 1295 5130 res
1337 5076 1606 5146 Ragerins
1654 5077 1865 5142 erexit;
1918 5087 1972 5131 et

406 5159 536 5198 sane
566 5145 745 5215 simile
778 5145 903 5199 huic
935 5150 1077 5213 quod
1120 5148 1170 5199 in
1207 5145 1497 5201 Constant.
1546 5146 1751 5215 palatio
1797 5146 1967 5201 aedili-

406 5224 582 5267 catum
615 5214 705 5270 hic
741 5225 935 5270 auctor
966 5216 1260 5279 describit;
1300 5232 1422 5270 nam
1472 5214 1563 5269 ad’
1595 5218 1738 5269 illam
1791 5216 1967 5271 ideam

406 5282 539 5338 alias
569 5283 689 5337 aliis
722 5285 774 5338 in
808 5286 941 5340 locis
971 5302 999 5339 a
1029 5286 1245 5351 regibus
1271 5287 1437 5340 etiam
1493 5284 1685 5340 North.
1733 5286 1971 5341 exaediﬁ-

406 5365 557 5408 catas
604 5368 724 5409 esse
767 5369 957 5411 sacras
985 5357 1130 5412 aedes
1157 5356 1435 5424 coniicio:
1471 5356 1701 5410 alterum
1742 5355 1796 5411 in
1842 5371 1968 5410 arca

408 5426 645 5495 praetorii
699 5439 733 5495 a7
778 5424 1012 5495 Georgio
1065 5425 1408 5495 Antiocheno
1460 5424 1680 5493 Rogerii
1732 5426 1969 5495 primum

409 5494 621 5548 comitis
655 5494 848 5550 deinde
877 5497 1041 5551 etiam
1087 5494 1329 5563 ejusdem
1380 5497 1524 5563 regis
1566 5494 1846 5550 Admirato
1870 5511 1969 5550 ex-

406 5571 689 5630 structum,
751 5566 895 5633 quod
947 5565 1103 5621 hodie
1154 5568 1517 5620 Marturanam
1577 5580 1856 5620 vocamus.
1915 5568 1967 5620 In

409 5646 589 5705 monte
629 5649 758 5689 vero
791 5638 955 5701 regali
989 5635 1383 5705 amplissimum
1428 5638 1554 5690 item
1603 5650 1667 5689 ac
1720 5635 1967 5703 magniﬁ-

409 5704 775 5774 centissimum
807 5706 1000 5760 visitur
1049 5704 1091 5759 a'
1132 5705 1384 5760 Wilelmo
1430 5705 1472 5759 ll
1519 5705 1719 5761 Siciliae
1783 5720 1908 5774 rege
1937 5722 1966 5760 a

412 5769 774 5830 fundamentis
848 5776 1143 5831 excitatum
1201 5785 1255 5829 et
1302 5776 1736 5837 exaediﬁcatum.
1788 5769 1871 5829 ac'
1903 5776 1964 5831 ι).

414 5840 585 5900 Maria:
614 5845 817 5916 Virgini
848 5855 1250 5912 consecratum,
1289 5845 1551 5903 C(nnobio
1581 5846 1743 5903 etiam
1775 5860 1965 5902 manau

2080 4657 2251 4722 Quam
2279 4656 2447 4723 lepide
2472 4657 2628 4709 lexeis
2658 4657 2956 4723 composite,
2988 4666 3043 4709 ut
3068 4655 3336 4710 tesserula
3366 4669 3567 4712 omnes.

2077 4730 2206 4780 Arte
2238 4727 2534 4792 pavimento
2556 4735 2711 4795 atque
2732 4726 3038 4779 emblemate
3067 4726 3425 4795 vermiculgo.

2076 4796 2157 4850 Ad
2186 4798 2238 4849 id
2271 4797 2433 4849 etiam
2470 4792 2652 4859 Quint.
2704 4796 3002 4863 respiciens
3049 4796 3140 4849 lib.
3191 4812 3244 4849 Ix
3275 4813 3290 4850 :
3327 4792 3655 4857 Tesserulas,

2077 4866 2274 4935 inquit,
2307 4874 2364 4918 ut
2394 4868 2472 4919 ait
2497 4865 2756 4929 Lucilius,
2791 4875 2958 4919 struet
3005 4875 3061 4919 et
3108 4865 3464 4920 vermiculate
3491 4865 3660 4918 lexeis

2075 4936 2404 5004 committet.
2438 4936 2541 4990 Sed
2575 4936 2907 5004 principium
2942 4936 3164 4989 secundi
3206 4936 3465 4990 νει-εἱειειὶ
3515 4936 3659 5001 apud

2076 5003 2311 5058 Plinium
2343 5003 2540 5073 legitur
2570 5004 2663 5058 lib.
2700 5003 2886 5065 sitm,
2925 5006 3053 5059 Arte
3086 5008 3485 5071 pavimentum;
3512 5017 3662 5059 ntro—

2075 5075 2238 5144 bique
2275 5073 2435 5146 falsa.
2476 5074 2808 5142 Legendum,
2831 5073 2982 5128 Endo
3010 5077 3309 5145 pavimento
3339 5075 3648 5146 ἀρχαῖκῶς,

2076 5154 2136 5197 ut
2177 5146 2229 5199 in
2288 5145 2559 5216 plerisque
2617 5147 2812 5216 legitur
2863 5146 3038 5201 libris.
3096 5148 3175 5198 Ad
3233 5163 3341 5201 rem
3384 5145 3408 5200 7:
3457 5146 3524 5199 de
3561 5148 3662 5198 hoc

2073 5228 2259 5283 opere,
2296 5224 2354 5268 ut
2387 5215 2685 5282 intelligam
2734 5216 2916 5284 potius
2952 5216 3365 5284 Theophanem,
3395 5231 3556 5283 quam
3590 5216 3660 5268 de

2073 5285 2348 5340 tessellata
2400 5286 2746 5353 pavimenta,
2794 5287 2990 5340 suadet
3068 5286 3372 5341 similitudo
3417 5286 3657 5339 ﬂorum:

2073 5355 2218 5409 unde
2244 5356 2512 5418 conjicere
2536 5354 2667 5423 licet
2694 5357 2743 5408 id
2777 5357 3146 5423 pavimentum
3195 5356 3417 5410 calculis
3445 5353 3651 5423 ψηφίσι

2072 5425 2497 5496 versicoloribus
2524 5422 2695 5496 fuisse
2726 5422 3079 5492 picturatum,
3107 5426 3350 5496 adeoque
3384 5422 3490 5496 non
3514 5422 3520 5423 ⁷
3543 5434 3660 5477 tes-

2072 5494 2240 5559 sellis,
2281 5494 2378 5548 sed
2428 5495 2731 5562 segmentis
2768 5496 3151 5550 minutissimis
3205 5494 3651 5557 ve‘rmiculatum.

2070 5562 2149 5618 De
2196 5564 2472 5619 tessellata
2498 5578 2631 5618 vero
2654 5564 2968 5633 pavimenta
2990 5567 3106 5634 lege
3126 5564 3459 5627 Vitruvium,
3489 5564 3525 5617 l.
3555 5578 3655 5628 vn,

2070 5648 2193 5703 cap.
2225 5636 2277 5701 l,
2324 5634 2469 5704 apud
2516 5648 2676 5700 quem
2708 5634 2928 5690 dili‘erre
2971 5636 3178 5689 videbis
3221 5634 3534 5704 pavimenta
3590 5648 3659 5686 ex

2073 5706 2316 5769 tesseris,
2347 5703 2403 5759 et
2430 5704 2708 5773 sectilibus
2740 5706 2806 5757 ad
2845 5706 3104 5759 amussim
3144 5703 3450 5773 compactis
3510 5703 3656 5773 inter

2070 5774 2478 5900 zebsu‘eitonius
2509 5776 2576 5831 de
2621 5772 2927 5831 Tesscllato
2962 5776 3215 5832 meminit
3246 5771 3301 5829 in
3330 5773 3480 5830 Julia
3507 5771 3651 5831 Caes.

2106 5861 2131 5899 a
2180 5883 2192 5897 .
2314 5883 2328 5900 ο

2071 5858 2192 5914 cap.
2238 5858 2328 5900 sa.
