4074 6458
401 410 502 474 957

1804 413 2139 475 HOMILIA
2176 418 2272 480 LV

3550 421 3656 484 958

395 526 497 581 Διὰ
524 523 663 579 τίδὲ
701 523 803 579 οὐκ
847 525 907 579 ὲν
967 524 1354 597 Ἰερουσαλὴμ,
1400 524 1514 580 ἀλλ’
1567 527 1647 590 εἰς
1694 525 1766 579 τὰ
1824 526 1969 597 μέρη

2087 528 2285 593 lideles.
2329 530 2576 586 indicans
2595 531 3035 598 coniunctionem
3068 532 3299 586 duarum
3330 531 3383 586 in
3415 547 3474 587 se
3502 543 3664 587 natu-

400 617 742 688 Καισαρείας
781 614 943 669 τοῦτο
972 618 1155 685 ποιεῖς
1191 616 1344 687 Τάχα
1377 634 1478 670 που
1512 617 1603 671 τὸν
1644 616 1843 687 φθόνον
1877 619 1973 671 ὲκ-

396 710 592 764 κλίνων
642 708 753 763 τῶν
805 709 1101 772 Ἰουδαίων,
1148 711 1245 763 καὶ
1295 710 1357 763 τὸ
1408 710 1586 779 δόγμα
1638 710 1871 764 ἐκείνων
1914 709 1978 763 τὸ

393 800 677 862 δυσσεδές.
709 800 899 869 Δόγμα
932 799 1041 870 γὰρ
1071 799 1277 866 ἔθεντο,
1326 799 1414 854 ἵνα
1462 802 1612 865 ὅστις
1660 802 1974 871 ὁμολογήσῃ

399 893 563 945 αὑτὸν
588 893 849 962 Χριστὸν,
876 892 1315 959 ἀποσυνάγωγος
1341 893 1593 963 γένηται.
1636 894 1853 961 Ἐξάγει
1880 889 1975 947 οὗν

396 986 523 1047 τοὺς
566 982 820 1055 μαθητὰς
847 983 941 1036 τοῦ
982 983 1274 1052 περιδεοῦς
1308 984 1475 1038 τόπου
1519 986 1736 1055 μακρὰν
1762 1026 1774 1045 .
1808 986 1883 1050 ὡς
1912 987 1978 1040 ἂν

397 1075 591 1138 πτοίας
642 1078 735 1127 καὶ
764 1075 968 1138 δειλίας
1000 1076 1411 1144 ἀπαλλαγέντες
1463 1077 1564 1146 τὴν
1591 1077 1801 1130 ἑαυτῶν
1834 1076 1976 1146 γνώ-

402 1185 511 1235 μην
542 1167 1033 1237 ἀπαρακαλύπτως
1076 1169 1416 1237 ὲμφήνωσιν.
1462 1169 1537 1222 Οὐ
1588 1169 1768 1239 μάτην
1796 1171 1854 1224 δὲ
1884 1170 1977 1225 τοῦ

396 1259 570 1311 τόπου
610 1259 637 1310 ό
681 1258 1079 1330 εὐαγγελιστὴς
1117 1260 1524 1330 ἐμνημόνευσεν
1569 1259 1742 1324 οὓτως
1772 1262 1971 1315 εἰπών’

404 1370 423 1400 ι
476 1350 678 1404 Ἐλθὼν
734 1354 762 1405 ὁ
815 1352 1025 1422 Ἰησοῦς
1056 1355 1137 1416 εἰς
1178 1352 1247 1404 τὰ
1297 1352 1439 1423 μέρη
1497 1354 1841 1422 Καισαρείας
1876 1355 1977 1424 τῆς

397 1440 690 1495 Φιλίππου.
727 1459 745 1491 ι
797 1439 940 1494 Ἀλλ’
974 1441 1165 1511 ἐπειδὴ
1201 1442 1332 1512 ἔστη
1361 1444 1455 1495 καὶ
1477 1441 1614 1510 ἄλλη
1646 1444 1975 1515 Καισάρεια,

396 1534 431 1602 ἡ
466 1533 739 1602 λεγομένη
794 1531 885 1585 τοῦ
938 1534 1280 1604 Στράτωνος,
1340 1535 1429 1587 ἵνα
1466 1535 1540 1603 μή
1575 1552 1659 1598 τις
1696 1534 1874 1606 πλάνη
1915 1536 1980 1588 ὲκ

396 1625 501 1693 τῆς
532 1626 858 1695 ὁμωνυμίας
896 1626 1127 1695 γένηται
1160 1628 1274 1688 τοῖς
1303 1627 1607 1696 ἀκροαταῖς
1658 1627 1978 1695 ἀναγκαίως

392 1718 497 1786 τὴν
534 1717 857 1787 ὁμωνυμίαν
896 1717 1180 1775 διέστειλε.

474 1827 496 1861 ι
520 1808 654 1863 τίνα
689 1827 755 1879 με
783 1809 1038 1877 λέγουσιν
1068 1812 1118 1863 οί
1149 1811 1429 1881 ἅνθρωποι
1456 1806 1708 1866 εἷναιτδν
1726 1811 1857 1866 Υίὸν
1878 1810 1975 1866 τοῦ

2086 636 2291 684 rarum,
2325 634 2384 677 ut
2414 623 2553 678 infra
2583 625 2811 680 dicetur.
2845 623 3028 690 Quare
3059 633 3240 679 autem
3265 640 3369 679 non
3404 623 3660 680 Hieroso-

2085 714 2245 784 lyma:
2273 715 2375 769 hoc
2404 726 2645 784 praestat,
2668 718 2763 772 sed
2794 717 3112 786 in'partibus
3134 716 3396 771 Caesarea:
3412 716 3437 769 ἲ
3454 716 3660 779 Forsan

2087 817 2147 862 ut
2187 805 2496 862 Judaaorum
2545 808 2749 863 devitet
2780 808 3037 862 invidiam
3065 818 3122 862 et
3155 808 3376 877 impitttn
3411 808 3539 860 illud
3572 808 3665 859 tle-

2086 908 2326 965 cretum;
2353 902 2709 954 decreverant
2752 900 2896 955 enim
2929 910 3009 966 ut,
3044 902 3086 954 si
3111 902 3235 968 quis
3268 900 3443 967 ipsum
3488 898 3663 952 conii-
3726 958 3727 961 η

2087 1000 2313 1053 teretur.
2367 1000 2520 1047 extra
2569 992 2907 1062 Synagogam
2956 992 3198 1047 ﬁeret".
3233 993 3277 1044 Α
3325 992 3445 1046 loco
3499 992 3663 1059 igitur

2089 1082 2442 1137 formidoloso
2472 1082 2652 1136 educit
2687 1083 2844 1151 longe
2886 1082 3198 1151 discipulos,
3229 1091 3287 1135 ut
3317 1091 3461 1136 metu
3509 1082 3662 1136 omni

2087 1189 2152 1228 ac
2186 1171 2479 1227 formidine
2522 1173 2707 1235 soluti,
2735 1182 2918 1240 aperte
2939 1172 3262 1226 sententiam
3312 1188 3465 1227 suam
3495 1172 3661 1228 επεν-

2090 1273 2231 1319 rent.
2259 1263 2444 1333 Neque
2479 1278 2606 1318 vero
2637 1264 2755 1318 sine
2787 1279 2951 1317 causa
3004 1263 3105 1318 loci
3159 1266 3484 1319 mentionem
3538 1264 3664 1319 fecit

2086 1353 2442 1424 cvangelista,
2488 1354 2570 1407 his
2602 1353 2820 1407 verbis:
2859 1372 2878 1404 ‹
2906 1351 3156 1423 Weniens
3185 1352 3343 1410 Jesus
3380 1356 3434 1408 in
3481 1367 3665 1425 partes

2085 1445 2347 1499 Cursarem
2394 1443 2644 1513 Philippi.
2680 1463 2699 1494 ι
2734 1442 2869 1497 Nam
2924 1445 3179 1514 quoniam
3224 1452 3307 1500 est
3344 1446 3508 1499 etiam
3559 1447 3663 1501 alia

2087 1535 2333 1588 Caesarea
2371 1533 2645 1589 Stratonis
2669 1533 2782 1604 (64)
2808 1535 2971 1599 dicta,
2998 1550 3064 1589 ne
3084 1536 3207 1604 quis
3229 1550 3293 1589 ex
3313 1536 3665 1604 ambiguitate

2086 1626 2366 1678 nominum
2398 1624 2742 1679 auditoribus
2772 1640 2931 1681 error
2969 1625 3282 1695 obreperet,
3311 1640 3430 1680 eam
3469 1627 3666 1680 distin-

2087 1720 2266 1770 ctione
2298 1716 2482 1771 tollere
2523 1720 2890 1773 necessarium
2927 1720 3102 1773 visum
3140 1727 3245 1773 est.

2163 1826 2180 1859 ι
2220 1808 2390 1874 Quem
2417 1823 2501 1862 tue
2522 1808 2713 1862 dicunt
2731 1810 2977 1864 homines
2996 1823 3114 1864 esse
3140 1808 3339 1863 Filium
3365 1810 3595 1863 hominis
3610 1810 3661 1863 ἳ»

392 1899 726 1969 ἀνθρώπου;
762 1919 780 1952 ι
829 1900 945 1957 Οὐκ
976 1897 1156 1966 εἶπεν,
1202 1902 1337 1955 Τίνα
1370 1920 1440 1972 με
1480 1902 1736 1971 λέγουσιν
1782 1904 1832 1956 οἱ
1886 1902 1985 1956 ἀνι·

2089 1897 2203 1951 Non
2243 1900 2381 1952 dixit
2412 1917 2425 1954 :
2455 1899 2626 1966 Quem
2671 1915 2756 1954 tne
2795 1900 2981 1954 dicunt
3021 1901 3272 1956 homines
3316 1915 3437 1955 esse
3471 1901 3665 1954 Filium

394 1991 612 2060 θρωποι
662 1986 807 2045 εἶναι
864 1994 955 2045 τὸν
1009 1993 1138 2045 Υίὸν
1189 1993 1286 2046 τοῦ
1339 1994 1513 2060 Θεοῦς
1562 1994 1831 2047 ἐκκλίνων
1884 1994 1979 2047 τοῦ

394 2081 617 2151 κόμπου
673 2084 740 2135 τὰ
765 2085 1011 2153 ῥήματα,
1057 2084 1170 2137 ἀλλ’
1205 2084 1330 2155 ἐμὲ,
1363 2085 1527 2154 φησὶ,
1557 2084 1650 2138 τὸν
1688 2086 1982 2156 γενόμενον

394 2174 713 2245 ἄνθρωπον,
784 2176 878 2229 τὸν
941 2179 999 2230 ὲν
1060 2179 1303 2246 σχήματι
1381 2177 1571 2231 δούλου
1635 2178 1981 2248 φαινόμενον.

394 2268 537 2321 035s
580 2268 706 2337 περὶ
778 2267 1091 2338 Φαρισαίων
1137 2269 1233 2321 καὶ
1282 2269 1322 2320 Γ
1328 2269 1667 2341 ραμματέων
1725 2269 1985 2339 φιλοπευ-

396 2358 562 2409 στεί·
618 2355 751 2410 Τίνα
806 2374 875 2426 με
935 2355 1188 2425 λέγουσιν
1241 2360 1290 2412 οί
1352 2359 1710 2429 Γραμματεῖς
1769 2359 1863 2412 καὶ
1933 2359 1984 2411 οι

393 2449 623 2517 ἐξαρχοι
671 2448 764 2501 τοῦ
804 2448 937 2501 λαοῦ
960 2467 975 2514 ;
996 2448 1112 2519 ᾔδει
1132 2452 1240 2522 γὰρ
1261 2451 1351 2503 τὸν
1376 2452 1432 2503 ὲν
1454 2453 1641 2515 αὐτοῖς
1664 2451 1756 2506 τοῦ
1784 2453 1981 2520 φθόνου

396 2536 640 2601 καπνὸν,
692 2537 820 2599 ὅσος
890 2538 1306 2607 ὑποτυφόμενος
1361 2534 1631 2606 ἦνοάλλά
1690 2541 1820 2611 περὶ
1887 2538 1982 2592 τοῦ

393 2626 680 2681 ἀπλάστου
756 2627 852 2681 καὶ
930 2628 1142 2682 ἀκάκου
1205 2629 1363 2684 λαοῦ.
1429 2630 1597 2683 Ὅθεν
1643 2634 1692 2683 ot
1739 2631 1984 2701 μαθηταὶ

392 2731 505 2793 τὴν
531 2722 790 2793 διάφορον
824 2721 933 2776 τῶν
965 2723 1063 2775 ἀνθ
1074 2722 1274 2794 ρώπων
1293 2725 1420 2795 περὶ
1438 2725 1602 2777 αὐτοῦ
1620 2725 1775 2789 δόξαν
1797 2727 1985 2795 σαφῶς

397 2813 765 2883 ἐπιστάμενοι
812 2814 1243 2884 ἀποκρίνονται·
1293 2833 1311 2866 t
1352 2817 1415 2870 Οί
1450 2816 1551 2883 μὲν
1602 2815 1856 2888 Ἰωάννην
1892 2817 1986 2872 τὸν

398 2907 739 2978 Βαπτιστὴν,
772 2906 921 2960 ἄλλοι
952 2907 1010 2960 δὲ
1048 2907 1260 2972 Ἠλίαν,
1289 2908 1321 2976 ἦ
1353 2908 1449 2960 ἕνα
1477 2908 1585 2961 τῶν
1615 2909 1932 2981 προφητῶν.
1958 2929 1977 2962 ι

397 3000 475 3053 Τί
506 3000 600 3053 οὖν
633 3000 694 3051 τὸ
726 3001 921 3053 πεῖσαν
947 3000 1074 3061 τοὺς
1108 3000 1303 3070 ὔχλους
1347 3000 1480 3069 περὶ
1519 3000 1759 3069 Χριστοῦ
1808 3001 1984 3055 τοιάδε

396 3092 692 3157 ύπονοεῖν;
729 3091 821 3163 Μὴ
853 3092 962 3162 γὰρ
987 3092 1089 3144 οὐκ
1116 3091 1361 3163 ⁴ᾔδεισαν,
1392 3093 1474 3145 ὅτι
1515 3092 1716 3145 Ἠλίαν
1759 3091 1860 3161 μὲν
1910 3092 1986 3155 ὼς

395 3186 486 3248 εἰς
512 3185 778 3254 οὐρανοὺς
812 3183 1147 3254 ἀνηρείψατο
1170 3187 1204 3256 ἡ
1230 3183 1342 3239 τῶν
1388 3185 1673 3257 φλογερῶν
1720 3187 1985 3257 ἁρμάτων
2012 3221 2057 3279 C

395 3277 682 3341 ὲπίὸασις,
714 3277 865 3347 καὶὴ
896 3277 1198 3346 τέθριππος
1230 3276 1340 3330 τῶν
1376 3277 1622 3347 πυρίνων
1642 3277 1826 3331 ἵππων
1861 3277 1985 3329 ὲπί-

395 3367 622 3434 ζευξιςς
688 3368 945 3437 Ἰωάννην
994 3368 1053 3421 δὲ
1110 3367 1545 3439 ὲπεφονεύκειή
1598 3372 1700 3438 τῆς
1743 3369 1985 3439 Ἡρώδου

401 3461 660 3529 μοιχείας
705 3460 969 3522 ὑπόθεσις
1009 3460 1107 3513 καὶ
1160 3460 1260 3527 τῆς
1296 3460 1673 3528 ποδοστρόφου
1713 3461 1986 3530 μαχλάδος

2086 1989 2225 2044 Dei?
2257 1999 2313 2043 ut
2367 1990 2620 2045 elationis
2676 1990 2840 2045 verba
2896 1990 3130 2057 vitaret;
3185 1991 3282 2045 sed
3342 2006 3451 2055 me,
3505 1992 3665 2056 dixit,

2087 2083 2359 2137 hominem
2405 2082 2629 2149 factum,
2656 2084 2710 2136 in
2750 2083 2936 2138 habitu
2977 2083 3118 2137 servi
3150 2094 3525 2153 apparentem.
3557 2083 3667 2137 Ne—

2088 2189 2193 2243 que
2220 2189 2351 2229 vero
2387 2173 2454 2228 de
2499 2173 2789 2230 Pharisaeis
2817 2185 2873 2230 et
2918 2173 3126 2229 Scribis
3178 2175 3443 2244 inquirit:
3494 2176 3663 2241 Quem

2088 2282 2174 2321 me
2215 2267 2404 2321 dicunt
2458 2265 2685 2331 Scribm,
2743 2275 2799 2320 et
2860 2266 3136 2336 principes
3193 2264 3414 2335 populi?
3462 2267 3669 2320 sciebat

2087 2351 2229 2404 enim
2263 2360 2499 2418 quantus
2531 2349 2638 2402 illis
2670 2347 2878 2403 oll‘usus
2912 2357 3057 2403 esset
3079 2348 3293 2402 invidia:
3329 2347 3541 2413 furnus;
3572 2349 3667 2403 sed

2086 2443 2152 2496 de
2187 2442 2379 2510 populo
2407 2442 2645 2495 versutie
2671 2455 2737 2494 ac
2767 2441 2970 2493 malitia
3007 2456 3200 2494 vacuo.
3236 2441 3386 2495 Unde
3418 2440 3665 2508 discipuli

2087 2550 2209 2589 cum
2249 2536 2408 2602 plane
2440 2535 2645 2588 scirent
2674 2531 2990 2587 diﬂerentes
3038 2533 3103 2586 de
3131 2547 3195 2587 eo
3233 2533 3414 2601 populi
3449 2532 3666 2600 opinio-

2088 2641 2207 2690 nes,
2244 2626 2643 2694 responderunt
2673 2642 2687 2677 :
2732 2643 2750 2675 ι
2791 2625 2894 2683 Alii
2925 2623 3185 2679 Joannem
3217 2623 3543 2692 Baptistam,
3576 2622 3666 2675 alii

2088 2733 2217 2772 vero
2260 2717 2431 2770 Eliam
2475 2728 2569 2771 aut
2608 2732 2776 2770 unutn
2811 2730 2874 2769 ex
2904 2717 3201 2786 prophetis.
3242 2735 3260 2767 ι
3297 2717 3436 2783 Quid
3485 2726 3663 2769 autem

2090 2811 2348 2880 populum
2389 2809 2442 2863 in
2497 2824 2591 2863 eas
2635 2809 2701 2865 de
2747 2808 2965 2863 Christo
3011 2810 3291 2879 Opinitmes
3343 2807 3667 2862 induxerat!

2086 2902 2167 2955 An
2196 2902 2524 2971 ignorabant
2551 2900 2723 2955 Eliam
2751 2901 2967 2971 quidem
3000 2901 3277 2955 ﬂammato
3304 2915 3474 2953 curru
3499 2899 3664 2953 veluti

2089 3005 2395 3063 correptum
2456 2997 2507 3049 in
2542 2993 2740 3048 caelum
2793 2992 2930 3063 (65),
2978 3002 3032 3047 et
3079 2994 3363 3062 igneorum
3403 3005 3668 3061 equorum

2088 3085 2348 3156 quadriga
2380 3088 2700 3141 subvectum
2732 3086 2821 3139 “‘2
2846 3083 3113 3139 Joannem
3140 3099 3266 3139 vero
3299 3100 3395 3154 per
3421 3085 3670 3138 occasio-

2092 3194 2214 3233 nem
2256 3178 2510 3233 adulterii
2546 3177 2776 3231 Herodis
2807 3187 2860 3231 et
2902 3176 3113 3231 lascivae
3142 3178 3330 3242 puellae
3376 3176 3670 3244 perniciter

2090 3272 2338 3327 saltantis
2369 3270 2660 3326 occisum?
2694 3268 2986 3324 Jeremiam
3022 3282 3151 3323 vero
3207 3269 3474 3335 lapidibus
3510 3282 3671 3322 exse-

2087 3374 2236 3420 ctum
2262 3374 2424 3434 atque
2478 3361 2960 3418 consummatum?
3003 3364 3095 3417 sed
3140 3362 3396 3431 quoniam
3455 3359 3666 3430 Moyses

2087 3464 2310 3532 quidem
2383 3462 2452 3515 de
2516 3462 2919 3515 resurrectione
2969 3458 3102 3513 nihil
3142 3458 3195 3512 in
3240 3459 3357 3528 lege
3413 3459 3667 3522 dixerat;

396 3555 434 3623 ἠ
470 3552 753 3622 ιδρχησιςς
816 3551 1091 3622 Ἱερεμίας
1142 3552 1201 3605 δὲ
1244 3552 1416 3616 λίθοις
1450 3552 1821 3615 ἀποκτανθεὶς
1866 3554 1986 3605 ἐτε-

2087 3555 2296 3624 primus
2346 3569 2474 3608 vero
2506 3553 2671 3606 David
2698 3554 2765 3608 de
2798 3554 3197 3608 resurrectione
3220 3552 3430 3605 locutus
3458 3551 3619 3620 373
3646 3591 3662 3615 ,

395 3644 628 3708 λείωτος
666 3644 808 3695 Ἀλλ’
833 3644 1023 3714 ἐπειδὴ
1054 3645 1298 3714 Μωῦσῆς
1331 3646 1429 3713 μὲν
1460 3644 1711 3714 περὶτῆς
1738 3643 1982 3697 ἀναστά-

2087 3664 2192 3701 ηοη
2221 3652 2402 3699 tamen
2434 3652 2620 3711 aperte
2652 3645 2969 3714 mysterium
3013 3644 3354 3712 explicarat;
3390 3644 3669 3712 pr0pheta:

400 3754 551 3799 σεως
608 3736 765 3790 οὐδέν
836 3755 889 3791 τι
948 3737 1492 3807 ἀνακεκαλυμμένως
1568 3737 1933 3806 ἐνομοθέτησε
1965 3752 1980 3766 ⁶

2087 3755 2217 3796 vero
2304 3739 2539 3807 sparsim
2590 3749 2639 3791 et
2705 3752 2802 3805 per
2855 3739 3142 3805 aenigmata
3199 3735 3664 3790 resurrectionem

397 3829 624 3898 πρῶτος
675 3829 732 3882 δὲ
784 3829 952 3882 Δαόὶδ
988 3829 1162 3882 εἰπὼν
1199 3830 1327 3899 περὶ
1366 3829 1751 3892 ἀναστάσεως,
1795 3830 1857 3883 οὐ
1887 3847 1985 3900 τη-

2087 3833 2480 3904 signilicaraut,
2529 3831 2649 3885 ideo
2696 3830 2928 3885 diversis
2965 3828 3271 3884 errantibus
3319 3828 3666 3896 opiniooibus

396 3921 628 3989 λαυγῶς
655 3921 829 3986 ἔδειξε
856 3922 916 3975 τὸ
951 3924 1252 3993 μυστήριον
1273 3940 1285 3953 ο
1310 3925 1358 3976 oi
1402 3923 1682 3992 προφῆται
1737 3922 1795 3975 δὲ
1846 3940 1982 3975 σπο-

2087 3924 2367 3992 suspensis
2403 3922 2744 3976 tenebantur.
2779 3921 2991 3975 Etenim
3035 3921 3087 3974 in
3119 3920 3217 3973 hac
3248 3920 3358 3973 vita
3405 3928 3668 3986 praesente

401 4012 579 4084 ράδην
631 4014 902 4084 ὲνὲφηναν
948 4014 1369 4083 αἰνιγματωδῶς
1398 4015 1500 4083 τὴν
1534 4015 1855 4078 ἀνάστασιν,
1896 4013 1984 4067 διὰ

2087 4014 2542 4071 resurrectionem
2571 4013 2849 4066 hominum
2873 4012 3234 4081 peragendam
3258 4009 3666 4065 existimabant.

397 4102 564 4159 τοῦτο
613 4103 894 4173 διαφόροις
947 4104 1129 4168 δόξαις
1179 4105 1276 4158 καὶ
1327 4106 1714 4174 πλανωμέναις
1760 4105 1987 4157 ὲταλαν-

398 4194 650 4250 τεύοντο.
684 4195 878 4266 ᾯοντο
903 4194 1011 4266 γὰρ
1036 4197 1094 4247 ὲν
1128 4195 1206 4263 τῷ
1240 4197 1469 4267 παρόντι
1503 4196 1604 4267 βίῳ
1635 4195 1985 4267 ἐνεργεῖσθαι

399 4286 505 4355 τὴν
539 4285 649 4338 τῶν
681 4286 893 4357 νεκρῶν
946 4286 1271 4340 ἀναὸίωσιν.
1330 4288 1442 4339 Καὶ
1480 4289 1621 4357 τάχα
1678 4288 1884 4353 ταύτης
1916 4285 1984 4360 ἦν

400 4377 507 4444 τῆς
540 4379 700 4448 δόξης
760 4379 858 4432 καὶ
886 4381 914 4432 ὁ
944 4379 1254 4449 τετράρχης
1289 4376 1558 4449 Ἡρώδης,
1583 4379 1641 4442 ὃς
1669 4380 1985 4445 ὲνωτισθεὶς
2008 4411 2021 4428 .

2088 4107 2152 4161 Ει
2174 4106 2425 4162 fortassis
2449 4106 2502 4159 in
2525 4104 2627 4160 hac
2655 4112 2775 4159 erat
2805 4103 3058 4173 opinione
3088 4101 3331 4157 Herodes
3366 4102 3665 4163 tetrarcba,

2089 4200 2208 4269 qui,
2239 4198 2452 4253 Domini
2492 4196 2688 4251 auditis
2735 4194 3035 4259 miraculis,
3063 4192 3327 4249 Joannem
3360 4193 3664 4262 Baptistam

2092 4291 2458 4347 resurrexisse
2501 4290 2799 4354 censebat;
2830 4289 2973 4342 unde
3017 4286 3274 4342 dicebat:
3316 4305 3333 4337 ι
3367 4286 3534 4351 Quem
3567 4299 3667 4352 ego

2068 4368 2345 4440 decollari
2373 4382 2636 4437 Joannem
2670 4382 2782 4451 ipse
2813 4381 3052 4434 surrexit
3089 4393 3118 4433 a
3154 4378 3385 4433 mortuis
3415 4378 3483 4433 ".
3527 4394 3544 4427 ›
3585 4374 3665 4428 Ex

400 4469 502 4521 τοῦ
527 4469 736 4539 Κυρίου
765 4470 835 4521 τὰ
869 4468 1149 4538 θαύματα,
1186 4466 1327 4538 ᾤετο
1350 4468 1785 4522 ἀναὸεὸιωκέναι
1803 4471 1984 4523 Ἰωάν-

2089 4478 2193 4531 hac
2216 4476 2378 4544 igitur
2401 4489 2578 4527 causa:
2602 4472 2781 4541 specie
2803 4471 2893 4524 alii
2921 4469 3209 4534 Joannem,
3237 4469 3325 4524 alii
3348 4467 3662 4529 Jeremiam,

402 4578 509 4631 νην
563 4562 657 4614 τὸν
704 4560 1042 4630 Βαπτιστήν.
1090 4560 1184 4613 Διὸ
1228 4561 1323 4613 κα)⁵
1373 4560 1601 4627 ἐλεγεν’
1657 4578 1677 4611 t
1739 4562 1836 4614 ‘Ov
1872 4563 1983 4630 ἐγὼ

2091 4566 2179 4619 alii
2212 4564 2384 4617 Eliam
2417 4562 2706 4617 Dominum
2745 4574 2869 4615 esse
2886 4561 3326 4629 suspicabantur.
3359 4557 3477 4611 Jam
3517 4557 3660 4609 enim

404 4653 794 4719 ἀπεκεφάλισα
810 4651 1087 4723 Ἰωάννην,
1107 4651 1268 4714 αὐτὸς
1286 4651 1588 4721 ἐγήγερται
1618 4652 1684 4705 ἐκ
1710 4652 1976 4722 νεκρῶν.)

420 4744 520 4796 Ἐκ
572 4742 782 4812 ταύτης
813 4741 908 4795 οὖν
944 4742 1041 4809 τῆς
1074 4740 1442 4810 προφάσεως,
1498 4739 1548 4792 οί
1584 4739 1686 4809 μὲν
1728 4741 1986 4810 Ἰωάννην

407 4835 574 4887 αὑτὸν
623 4830 766 4887 εἶναι
829 4830 1093 4896 εἴκαζον,
1132 4833 1181 4884 ot
1235 4833 1291 4883 δὲ
1338 4830 1643 4901 Ἰερεμίαν,
1702 4833 1797 4883 καὶ
1835 4832 1988 4887 ἄλλοι

420 4924 629 4978 Ἠλίαν.
666 4927 831 4996 Φήμη
865 4924 977 4995 γὰρ
1013 4923 1335 4993 ἐπεκράτει,
1370 4924 1443 4987 ὡς
1476 4924 1597 4994 ἥξει
1624 4924 1785 4977 πάλιν
1804 4924 1988 4989 Ἠλίας

409 5019 504 5071 ἐπὶ
530 5021 632 5089 τῆς
666 5021 793 5089 γῆς.
833 5016 1183 5085 Ἐλεγκτικὸν
1219 5014 1313 5070 οὖν
1353 5016 1592 5086 ὁρῶντες
1623 5015 1713 5069 τὸν
1752 5016 1983 5086 Κύριον,

408 5109 835 5180 ὲπιστομίζοντα
890 5108 1030 5178 μετά
1115 5109 1428 5179 παρρησίας
1475 5108 1605 5169 τοὺς
1654 5109 1987 5179 Φαρισαίους

2090 4657 2397 4712 obtinuerat
2446 4656 2593 4711 fama
2633 4664 2921 4710 venturum
2960 4667 3148 4706 rursus
3184 4652 3237 4704 in
3263 4660 3438 4705 terras
3463 4647 3660 4701 Eliam.

2090 4746 2223 4801 Cum
2258 4749 2419 4817 igitur
2462 4746 2745 4801 Dominum
2798 4744 3176 4813 castigatorem
3225 4754 3344 4795 esse
3392 4738 3663 4803 viderent,

2089 4851 2394 4906 magnaque
2447 4851 2570 4891 cum
2643 4836 2893 4890 libertate
2948 4833 3251 4887 Pharisaeos
3332 4829 3663 4899 Scribasque

2087 4929 2525 4999 redargucntem,
2543 4928 2714 4982 Eliam
2730 4927 2877 4981 illum
2902 4941 3021 4981 esse
3042 4924 3223 4978 animo
3245 4939 3342 4978 suo
3370 4924 3661 4993 ﬁngebant.

2086 5017 2189 5073 Alii
2225 5033 2350 5073 vero
2392 5018 2711 5086 sapientiam
2743 5018 2810 5070 ab
2843 5017 2961 5086 ipso
3010 5014 3128 5085 ejus
3178 5015 3394 5083 ingenio
3436 5028 3542 5066 non
3594 5011 3667 5065 ab

2090 5111 2194 5165 ulla
2213 5110 2496 5179 disciplina
2520 5108 2821 5178 profectam
2844 5116 3159 5177 reputantes
3176 5107 3675 5177 obstupescebant;

480 5252 526 5284 ”
557 5250 713 5306 Joan.
744 5264 820 5317 ts,
858 5248 949 5302 27.
1026 5247 1072 5278 ’⁵
1099 5246 1165 5300 IV
1198 5245 1331 5315 Reg.
1369 5262 1428 5310 tt,
1465 5245 1552 5300 12.
1630 5246 1678 5277 ⁸⁵
1704 5244 1875 5301 Marc.
1911 5263 1986 5311 vr,
2021 5247 2111 5302 16.

1638 5360 1962 5423 Francisci
1995 5363 2210 5426 Scorsi
2243 5372 2433 5426 notae.

483 5493 592 5560 (6i)
627 5491 745 5545 Alia
795 5489 1039 5560 (ἔωσαν-σα
1057 5485 1367 5560 Stratonis.
1414 5481 1655 5560 Joseph._
1696 5482 1789 5540 lib.
1839 5502 1857 5540 ι
1901 5487 1982 5560 De

414 5554 545 5616 ὑείίο
576 5554 822 5625 Judairo,
856 5574 975 5627 Cap.
1014 5558 1102 5620 16,
1133 5567 1187 5611 et
1212 5555 1306 5610 lib.
1340 5568 1407 5607 xv
1438 5554 1699 5622 Antiquit.
1740 5570 1859 5626 Cap.
1892 5559 1978 5624 15,

412 5646 465 5688 et
499 5633 810 5702 llieronym.
853 5631 968 5702 hoc
991 5630 1125 5702 loco.

2092 5489 2249 5543 llont.
2290 5489 2485 5558 Odyss.
2522 5487 2590 5553 ζ’.
2623 5487 2756 5544 Vide
2790 5489 3151 5545 Eustathium.
3178 5490 3470 5543 Deductum
3507 5497 3589 5540 est
3624 5502 3666 5539 τι

2086 5562 2274 5639 verbo.
2314 5559 2675 5639 ἀνερείπτειν.
2714 5560 2926 5639 ‘Etym:
2986 5578 3123 5639 mag;
3172 5558 3480 5639 ἐστὶνηάρα
3523 5558 3550 5625 ἡ
3583 5558 3663 5639 γῇ

2083 5630 2148 5711 ξκ
2182 5630 2375 5711 τούτου
2405 5630 2616 5711 γίνεται
2636 5628 2849 5709 ερέπτω
2869 5630 2930 5711 τὸ
2954 5631 3164 5711 είς,γῆν
3185 5628 3537 5711 καταϐάλλω,
3557 5628 3661 5711 καὶ

484 5702 593 5774 (65)
619 5694 928 5775 (ἰοὶνεριιιηι
954 5700 1005 5751 in
1030 5697 1239 5775 coelum.
1265 5694 1437 5775 Ornat
1465 5706 1518 5749 et
1545 5702 1703 5775 auget
1729 5695 1834 5749 hoc
1862 5696 1979 5752 loco

2087 5701 2388 5775 άνερέπτω,
2417 5694 2427 5698 ⁷
2454 5702 2581 5775 καὶΔ
2599 5694 2920 5775 πλεονασμῴ
2965 5694 3081 5775 τεῦ
3107 5694 3441 5775 άνερείπτει.
3496 5696 3670 5754 Unde.

415 5768 583 5825 sacer
604 5781 788 5825 orator
818 5771 980 5845 verbo
1012 5768 1220 5845 poetico
1243 5768 1728 5845 orati0ttetn,udtttn
1762 5775 1977 5835 raptum

2087 5768 2442 5843 ἀνηρείψαντο
2474 5771 2523 5823 οἱ
2560 5769 2672 5824 θεοὶ
2697 5770 2805 5824 ἀπὸ
2837 5768 2935 5839 τῆς
2970 5770 3074 5839 γῆς
3110 5768 3465 5845 ἀνήρπασαν.

416 5842 539 5897 lilia:
573 5842 627 5898 in
659 5843 860 5899 ctelutu
902 5834 1190 5909 ritu'plane
1221 5834 1433 5906 poetico
1468 5835 1721 5908 explicat,
1754 5834 1976 5892 eo’usus
