  <div class='ocr_page' id='page_1' title='image "/cluster/home/n/w/nwhite01/storage/ocr_20150623/132/coo.31924054870377/487.png"; bbox 0 0 4074 6480; ppageno 0'>
   <div class='ocr_carea' id='block_1_1' title="bbox 329 426 439 495">
    <p class='ocr_par' dir='ltr' id='par_1_1' title="bbox 329 426 439 495">
     <span class='ocr_line' id='line_1_1' title="bbox 329 426 439 495; baseline 0.027 -3"><span class='ocrx_word' id='word_1_1' title='bbox 329 426 439 495; x_wconf 81' lang='lat'><strong>959</strong></span> 
     </span>
    </p>
   </div>
   <div class='ocr_carea' id='block_1_2' title="bbox 1541 431 2417 498">
    <p class='ocr_par' dir='ltr' id='par_1_2' title="bbox 1541 431 2417 498">
     <span class='ocr_line' id='line_1_2' title="bbox 1541 431 2417 498; baseline 0.006 -5"><span class='ocrx_word' id='word_1_2' title='bbox 1541 431 2034 494; x_wconf 81' lang='lat' dir='ltr'><strong>THEOPHANIS</strong></span> <span class='ocrx_word' id='word_1_3' title='bbox 2071 434 2417 498; x_wconf 79' lang='lat' dir='ltr'><strong>CERAMEI</strong></span> 
     </span>
    </p>
   </div>
   <div class='ocr_carea' id='block_1_3' title="bbox 3482 435 3588 502">
    <p class='ocr_par' dir='ltr' id='par_1_3' title="bbox 3482 435 3588 502">
     <span class='ocr_line' id='line_1_3' title="bbox 3482 435 3588 502; baseline -0.009 0"><span class='ocrx_word' id='word_1_4' title='bbox 3482 435 3588 502; x_wconf 67' lang='lat'><strong>960</strong></span> 
     </span>
    </p>
   </div>
   <div class='ocr_carea' id='block_1_4' title="bbox 333 527 1912 616">
    <p class='ocr_par' dir='ltr' id='par_1_4' title="bbox 333 537 1908 612">
     <span class='ocr_line' id='line_1_4' title="bbox 333 537 1908 612; baseline -0.001 -15"><span class='ocrx_word' id='word_1_5' title='bbox 333 553 496 612; x_wconf 82' lang='lat' dir='ltr'><strong>atque</strong></span> <span class='ocrx_word' id='word_1_6' title='bbox 555 541 758 599; x_wconf 88' lang='lat' dir='ltr'><strong>idcirco</strong></span> <span class='ocrx_word' id='word_1_7' title='bbox 809 541 1114 598; x_wconf 78' lang='lat' dir='ltr'><strong>dicebant:</strong></span> <span class='ocrx_word' id='word_1_8' title='bbox 1160 559 1180 594; x_wconf 87' lang='grc' dir='ltr'><strong>ι</strong></span> <span class='ocrx_word' id='word_1_9' title='bbox 1225 537 1507 606; x_wconf 84' lang='lat' dir='ltr'><strong>Quomodo</strong></span> <span class='ocrx_word' id='word_1_10' title='bbox 1558 542 1646 596; x_wconf 90' lang='lat' dir='ltr'><strong>hic</strong></span> <span class='ocrx_word' id='word_1_11' title='bbox 1697 542 1908 596; x_wconf 84' lang='lat' dir='ltr'><strong>litteras</strong></span> 
     </span>
    </p>
   </div>
   <div class='ocr_carea' id='block_1_5' title="bbox 2015 527 3590 616">
    <p class='ocr_par' dir='ltr' id='par_1_5' title="bbox 2015 527 3590 616">
     <span class='ocr_line' id='line_1_5' title="bbox 2015 527 3590 616; baseline 0.004 -19"><span class='ocrx_word' id='word_1_12' title='bbox 2015 547 2104 598; x_wconf 77' lang='grc' dir='ltr'>καὶ</span> <span class='ocrx_word' id='word_1_13' title='bbox 2137 529 2910 616; x_wconf 64' lang='grc' dir='ltr'>Γραμματεῖς,Ἦλίανάὑτδν</span> <span class='ocrx_word' id='word_1_14' title='bbox 2935 527 3501 612; x_wconf 78' lang='grc' dir='ltr'>ὕπετόπαζον.”Αλλοι</span> <span class='ocrx_word' id='word_1_15' title='bbox 3533 549 3590 603; x_wconf 69' lang='grc' dir='ltr'>δὲ</span> 
     </span>
    </p>
   </div>
   <div class='ocr_carea' id='block_1_6' title="bbox 330 631 1906 702">
    <p class='ocr_par' dir='ltr' id='par_1_6' title="bbox 330 631 1906 702">
     <span class='ocr_line' id='line_1_6' title="bbox 330 631 1906 702; baseline -0.002 -13"><span class='ocrx_word' id='word_1_16' title='bbox 330 634 457 700; x_wconf 86' lang='lat' dir='ltr'><strong>scit,</strong></span> <span class='ocrx_word' id='word_1_17' title='bbox 485 649 608 688; x_wconf 90' lang='lat' dir='ltr'><strong>cum</strong></span> <span class='ocrx_word' id='word_1_18' title='bbox 633 649 738 702; x_wconf 79' lang='lat' dir='ltr'><strong>non</strong></span> <span class='ocrx_word' id='word_1_19' title='bbox 757 634 1003 689; x_wconf 77' lang='lat' dir='ltr'><strong>didicerit</strong></span> <span class='ocrx_word' id='word_1_20' title='bbox 1021 633 1066 664; x_wconf 76' lang='lat'>&quot;</span> <span class='ocrx_word' id='word_1_21' title='bbox 1082 631 1220 686; x_wconf 68' lang='lat' dir='ltr'><strong>iiEa</strong></span> <span class='ocrx_word' id='word_1_22' title='bbox 1237 632 1304 687; x_wconf 89' lang='lat' dir='ltr'><strong>de</strong></span> <span class='ocrx_word' id='word_1_23' title='bbox 1325 647 1489 688; x_wconf 85' lang='lat' dir='ltr'><strong>causa</strong></span> <span class='ocrx_word' id='word_1_24' title='bbox 1506 631 1795 689; x_wconf 79' lang='lat' dir='ltr'><strong>Jeremiam</strong></span> <span class='ocrx_word' id='word_1_25' title='bbox 1823 634 1906 702; x_wconf 88' lang='lat' dir='ltr'><strong>ip-</strong></span> 
     </span>
    </p>
   </div>
   <div class='ocr_carea' id='block_1_7' title="bbox 333 721 1907 795">
    <p class='ocr_par' dir='ltr' id='par_1_7' title="bbox 333 721 1907 795">
     <span class='ocr_line' id='line_1_7' title="bbox 333 721 1907 795; baseline -0.001 -15"><span class='ocrx_word' id='word_1_26' title='bbox 333 743 451 780; x_wconf 89' lang='lat' dir='ltr'><strong>sum</strong></span> <span class='ocrx_word' id='word_1_27' title='bbox 477 726 834 794; x_wconf 88' lang='lat' dir='ltr'><strong>appellabant.</strong></span> <span class='ocrx_word' id='word_1_28' title='bbox 856 724 1120 779; x_wconf 79' lang='lat' dir='ltr'><strong>Jeremias</strong></span> <span class='ocrx_word' id='word_1_29' title='bbox 1135 727 1278 778; x_wconf 90' lang='lat' dir='ltr'><strong>enim</strong></span> <span class='ocrx_word' id='word_1_30' title='bbox 1309 725 1608 780; x_wconf 87' lang='lat' dir='ltr'><strong>etiamnum</strong></span> <span class='ocrx_word' id='word_1_31' title='bbox 1639 741 1771 795; x_wconf 88' lang='lat' dir='ltr'><strong>puer</strong></span> <span class='ocrx_word' id='word_1_32' title='bbox 1794 721 1907 795; x_wconf 84' lang='lat'><strong>(66)</strong></span> 
     </span>
    </p>
   </div>
   <div class='ocr_carea' id='block_1_8' title="bbox 335 814 1906 884">
    <p class='ocr_par' dir='ltr' id='par_1_8' title="bbox 335 814 1906 884">
     <span class='ocr_line' id='line_1_8' title="bbox 335 814 1906 884; baseline 0.001 -16"><span class='ocrx_word' id='word_1_33' title='bbox 335 817 402 868; x_wconf 88' lang='lat' dir='ltr'><strong>ad</strong></span> <span class='ocrx_word' id='word_1_34' title='bbox 437 815 775 884; x_wconf 82' lang='lat' dir='ltr'><strong>prophetiam</strong></span> <span class='ocrx_word' id='word_1_35' title='bbox 826 822 1047 869; x_wconf 90' lang='lat' dir='ltr'><strong>evectus</strong></span> <span class='ocrx_word' id='word_1_36' title='bbox 1095 822 1199 868; x_wconf 91' lang='lat' dir='ltr'><strong>est.</strong></span> <span class='ocrx_word' id='word_1_37' title='bbox 1238 814 1410 884; x_wconf 83' lang='lat' dir='ltr'><strong>Igitur</strong></span> <span class='ocrx_word' id='word_1_38' title='bbox 1440 831 1560 870; x_wconf 86' lang='lat' dir='ltr'><strong>cum</strong></span> <span class='ocrx_word' id='word_1_39' title='bbox 1610 815 1906 870; x_wconf 87' lang='lat' dir='ltr'><strong>multorum</strong></span> 
     </span>
    </p>
   </div>
   <div class='ocr_carea' id='block_1_9' title="bbox 335 906 1909 977">
    <p class='ocr_par' dir='ltr' id='par_1_9' title="bbox 335 906 1909 977">
     <span class='ocr_line' id='line_1_9' title="bbox 335 906 1909 977; baseline 0.001 -17"><span class='ocrx_word' id='word_1_40' title='bbox 335 907 401 960; x_wconf 90' lang='lat' dir='ltr'><strong>de</strong></span> <span class='ocrx_word' id='word_1_41' title='bbox 440 921 499 960; x_wconf 90' lang='lat' dir='ltr'><strong>se</strong></span> <span class='ocrx_word' id='word_1_42' title='bbox 531 907 840 973; x_wconf 79' lang='lat' dir='ltr'><strong>Opinionem</strong></span> <span class='ocrx_word' id='word_1_43' title='bbox 871 906 1134 970; x_wconf 82' lang='lat' dir='ltr'><strong>audisset,</strong></span> <span class='ocrx_word' id='word_1_44' title='bbox 1164 907 1316 975; x_wconf 88' lang='lat' dir='ltr'><strong>quasi</strong></span> <span class='ocrx_word' id='word_1_45' title='bbox 1357 921 1450 962; x_wconf 90' lang='lat' dir='ltr'><strong>eas</strong></span> <span class='ocrx_word' id='word_1_46' title='bbox 1489 907 1822 977; x_wconf 83' lang='lat' dir='ltr'><strong>improbans,</strong></span> <span class='ocrx_word' id='word_1_47' title='bbox 1852 917 1909 962; x_wconf 91' lang='lat' dir='ltr'><strong>ut</strong></span> 
     </span>
    </p>
   </div>
   <div class='ocr_carea' id='block_1_10' title="bbox 333 997 1910 1066">
    <p class='ocr_par' dir='ltr' id='par_1_10' title="bbox 333 997 1910 1066">
     <span class='ocr_line' id='line_1_10' title="bbox 333 997 1910 1066; baseline 0.004 -18"><span class='ocrx_word' id='word_1_48' title='bbox 333 1011 452 1064; x_wconf 71' lang='lat' dir='ltr'><strong>quae</strong></span> <span class='ocrx_word' id='word_1_49' title='bbox 490 1011 594 1050; x_wconf 93' lang='lat' dir='ltr'><strong>non</strong></span> <span class='ocrx_word' id='word_1_50' title='bbox 629 997 960 1066; x_wconf 78' lang='lat' dir='ltr'><strong>attingerent</strong></span> <span class='ocrx_word' id='word_1_51' title='bbox 1002 999 1324 1064; x_wconf 81' lang='lat' dir='ltr'><strong>veritatem,</strong></span> <span class='ocrx_word' id='word_1_52' title='bbox 1366 997 1665 1054; x_wconf 89' lang='lat' dir='ltr'><strong>clementer</strong></span> <span class='ocrx_word' id='word_1_53' title='bbox 1720 1015 1910 1055; x_wconf 82' lang='lat' dir='ltr'><strong>rursus</strong></span> 
     </span>
    </p>
   </div>
   <div class='ocr_carea' id='block_1_11' title="bbox 331 1089 726 1158">
    <p class='ocr_par' dir='ltr' id='par_1_11' title="bbox 331 1089 726 1158">
     <span class='ocr_line' id='line_1_11' title="bbox 331 1089 726 1158; baseline 0.005 -16"><span class='ocrx_word' id='word_1_54' title='bbox 331 1089 686 1158; x_wconf 75' lang='lat' dir='ltr'><strong>interrogavit</strong></span> <span class='ocrx_word' id='word_1_55' title='bbox 711 1107 726 1144; x_wconf 89' lang='lat'><strong>:</strong></span> 
     </span>
    </p>
   </div>
   <div class='ocr_carea' id='block_1_12' title="bbox 408 1355 1908 1426">
    <p class='ocr_par' dir='ltr' id='par_1_12' title="bbox 408 1355 1908 1426">
     <span class='ocr_line' id='line_1_12' title="bbox 408 1355 1908 1426; baseline 0.001 -18"><span class='ocrx_word' id='word_1_56' title='bbox 408 1373 428 1408; x_wconf 81' lang='grc' dir='ltr'><strong>ι</strong></span> <span class='ocrx_word' id='word_1_57' title='bbox 468 1356 572 1410; x_wconf 83' lang='lat' dir='ltr'><strong>Vos</strong></span> <span class='ocrx_word' id='word_1_58' title='bbox 597 1363 775 1410; x_wconf 86' lang='lat' dir='ltr'><strong>autem</strong></span> <span class='ocrx_word' id='word_1_59' title='bbox 796 1369 954 1424; x_wconf 88' lang='lat' dir='ltr'><strong>quem</strong></span> <span class='ocrx_word' id='word_1_60' title='bbox 988 1370 1073 1411; x_wconf 90' lang='lat' dir='ltr'><strong>me</strong></span> <span class='ocrx_word' id='word_1_61' title='bbox 1100 1369 1218 1411; x_wconf 88' lang='lat' dir='ltr'><strong>esse</strong></span> <span class='ocrx_word' id='word_1_62' title='bbox 1245 1355 1467 1412; x_wconf 78' lang='lat' dir='ltr'><strong>dicitis?</strong></span> <span class='ocrx_word' id='word_1_63' title='bbox 1498 1374 1516 1408; x_wconf 78' lang='grc' dir='ltr'><strong>ι</strong></span> <span class='ocrx_word' id='word_1_64' title='bbox 1543 1355 1692 1424; x_wconf 87' lang='lat' dir='ltr'><strong>Esto,</strong></span> <span class='ocrx_word' id='word_1_65' title='bbox 1714 1357 1908 1426; x_wconf 88' lang='lat' dir='ltr'><strong>inquit,</strong></span> 
     </span>
    </p>
   </div>
   <div class='ocr_carea' id='block_1_13' title="bbox 335 1445 1910 1502">
    <p class='ocr_par' dir='ltr' id='par_1_13' title="bbox 335 1445 1910 1502">
     <span class='ocr_line' id='line_1_13' title="bbox 335 1445 1910 1502; baseline 0.001 -3"><span class='ocrx_word' id='word_1_66' title='bbox 335 1445 695 1500; x_wconf 87' lang='lat' dir='ltr'><strong>multitudinis</strong></span> <span class='ocrx_word' id='word_1_67' title='bbox 748 1446 1082 1501; x_wconf 83' lang='lat' dir='ltr'><strong>existimatio</strong></span> <span class='ocrx_word' id='word_1_68' title='bbox 1132 1448 1185 1501; x_wconf 92' lang='lat' dir='ltr'><strong>in</strong></span> <span class='ocrx_word' id='word_1_69' title='bbox 1237 1454 1346 1500; x_wconf 87' lang='lat' dir='ltr'><strong>tam</strong></span> <span class='ocrx_word' id='word_1_70' title='bbox 1403 1447 1602 1502; x_wconf 88' lang='lat' dir='ltr'><strong>multas</strong></span> <span class='ocrx_word' id='word_1_71' title='bbox 1652 1447 1910 1501; x_wconf 88' lang='lat' dir='ltr'><strong>distracta</strong></span> 
     </span>
    </p>
   </div>
   <div class='ocr_carea' id='block_1_14' title="bbox 332 1533 1910 1603">
    <p class='ocr_par' dir='ltr' id='par_1_14' title="bbox 332 1533 1910 1603">
     <span class='ocr_line' id='line_1_14' title="bbox 332 1533 1910 1603; baseline 0.001 -19"><span class='ocrx_word' id='word_1_72' title='bbox 332 1541 538 1601; x_wconf 83' lang='lat' dir='ltr'><strong>partes,</strong></span> <span class='ocrx_word' id='word_1_73' title='bbox 571 1543 624 1587; x_wconf 92' lang='lat' dir='ltr'><strong>et</strong></span> <span class='ocrx_word' id='word_1_74' title='bbox 650 1533 970 1587; x_wconf 83' lang='lat' dir='ltr'><strong>inconstans</strong></span> <span class='ocrx_word' id='word_1_75' title='bbox 1001 1534 1110 1597; x_wconf 88' lang='lat' dir='ltr'><strong>sit;</strong></span> <span class='ocrx_word' id='word_1_76' title='bbox 1146 1546 1241 1587; x_wconf 89' lang='lat' dir='ltr'><strong>vos</strong></span> <span class='ocrx_word' id='word_1_77' title='bbox 1270 1544 1448 1587; x_wconf 91' lang='lat' dir='ltr'><strong>autem</strong></span> <span class='ocrx_word' id='word_1_78' title='bbox 1474 1534 1564 1603; x_wconf 87' lang='lat' dir='ltr'><strong>qui</strong></span> <span class='ocrx_word' id='word_1_79' title='bbox 1598 1534 1663 1588; x_wconf 90' lang='lat' dir='ltr'><strong>de</strong></span> <span class='ocrx_word' id='word_1_80' title='bbox 1694 1548 1778 1587; x_wconf 91' lang='lat' dir='ltr'><strong>me</strong></span> <span class='ocrx_word' id='word_1_81' title='bbox 1803 1544 1910 1587; x_wconf 90' lang='lat' dir='ltr'><strong>tam</strong></span> 
     </span>
    </p>
   </div>
   <div class='ocr_carea' id='block_1_15' title="bbox 333 1623 1914 1694">
    <p class='ocr_par' dir='ltr' id='par_1_15' title="bbox 333 1623 1914 1694">
     <span class='ocr_line' id='line_1_15' title="bbox 333 1623 1914 1694; baseline 0.001 -18"><span class='ocrx_word' id='word_1_82' title='bbox 333 1623 554 1692; x_wconf 84' lang='lat' dir='ltr'><strong>longum</strong></span> <span class='ocrx_word' id='word_1_83' title='bbox 598 1623 817 1692; x_wconf 87' lang='lat' dir='ltr'><strong>cepistis</strong></span> <span class='ocrx_word' id='word_1_84' title='bbox 868 1623 1334 1694; x_wconf 78' lang='lat' dir='ltr'><strong>experimentum,</strong></span> <span class='ocrx_word' id='word_1_85' title='bbox 1365 1640 1524 1693; x_wconf 89' lang='lat' dir='ltr'><strong>quam</strong></span> <span class='ocrx_word' id='word_1_86' title='bbox 1555 1641 1618 1678; x_wconf 75' lang='lat' dir='ltr'><strong>ex</strong></span> <span class='ocrx_word' id='word_1_87' title='bbox 1661 1626 1914 1693; x_wconf 85' lang='lat' dir='ltr'><strong>operibus</strong></span> 
     </span>
    </p>
   </div>
   <div class='ocr_carea' id='block_1_16' title="bbox 335 1716 1912 1787">
    <p class='ocr_par' dir='ltr' id='par_1_16' title="bbox 335 1716 1912 1787">
     <span class='ocr_line' id='line_1_16' title="bbox 335 1716 1912 1787; baseline 0.002 -16"><span class='ocrx_word' id='word_1_88' title='bbox 335 1716 663 1786; x_wconf 84' lang='lat' dir='ltr'><strong>concepistis</strong></span> <span class='ocrx_word' id='word_1_89' title='bbox 695 1717 1043 1786; x_wconf 83' lang='lat' dir='ltr'><strong>Opinionem?</strong></span> <span class='ocrx_word' id='word_1_90' title='bbox 1075 1717 1175 1772; x_wconf 90' lang='lat' dir='ltr'><strong>Hic</strong></span> <span class='ocrx_word' id='word_1_91' title='bbox 1223 1719 1402 1772; x_wconf 85' lang='lat' dir='ltr'><strong>caeleri</strong></span> <span class='ocrx_word' id='word_1_92' title='bbox 1444 1719 1691 1787; x_wconf 89' lang='lat' dir='ltr'><strong>discipuli</strong></span> <span class='ocrx_word' id='word_1_93' title='bbox 1739 1721 1912 1774; x_wconf 59' lang='lat' dir='ltr'><strong>haere-</strong></span> 
     </span>
    </p>
   </div>
   <div class='ocr_carea' id='block_1_17' title="bbox 336 1805 1910 1877">
    <p class='ocr_par' dir='ltr' id='par_1_17' title="bbox 336 1805 1910 1877">
     <span class='ocr_line' id='line_1_17' title="bbox 336 1805 1910 1877; baseline 0.002 -17"><span class='ocrx_word' id='word_1_94' title='bbox 336 1807 468 1860; x_wconf 86' lang='lat' dir='ltr'><strong>bant</strong></span> <span class='ocrx_word' id='word_1_95' title='bbox 487 1823 502 1859; x_wconf 88' lang='lat'><strong>:</strong></span> <span class='ocrx_word' id='word_1_96' title='bbox 524 1805 614 1860; x_wconf 91' lang='lat' dir='ltr'><strong>alii</strong></span> <span class='ocrx_word' id='word_1_97' title='bbox 639 1807 780 1874; x_wconf 87' lang='lat' dir='ltr'><strong>quod</strong></span> <span class='ocrx_word' id='word_1_98' title='bbox 807 1807 1054 1861; x_wconf 81' lang='lat' dir='ltr'><strong>fortassis</strong></span> <span class='ocrx_word' id='word_1_99' title='bbox 1093 1808 1393 1861; x_wconf 88' lang='lat' dir='ltr'><strong>etiamnum</strong></span> <span class='ocrx_word' id='word_1_100' title='bbox 1420 1810 1682 1877; x_wconf 85' lang='lat' dir='ltr'><strong>ancipites</strong></span> <span class='ocrx_word' id='word_1_101' title='bbox 1705 1821 1910 1877; x_wconf 88' lang='lat' dir='ltr'><strong>essent;</strong></span> 
     </span>
    </p>
   </div>
   <div class='ocr_carea' id='block_1_18' title="bbox 336 1886 1985 1954">
    <p class='ocr_par' dir='ltr' id='par_1_18' title="bbox 336 1886 1985 1954">
     <span class='ocr_line' id='line_1_18' title="bbox 336 1886 1985 1954; baseline 0.005 -8"><span class='ocrx_word' id='word_1_102' title='bbox 336 1894 428 1948; x_wconf 88' lang='lat' dir='ltr'><strong>alii</strong></span> <span class='ocrx_word' id='word_1_103' title='bbox 459 1908 584 1948; x_wconf 86' lang='lat' dir='ltr'><strong>vero</strong></span> <span class='ocrx_word' id='word_1_104' title='bbox 615 1904 866 1948; x_wconf 71' lang='lat' dir='ltr'><strong>verentes</strong></span> <span class='ocrx_word' id='word_1_105' title='bbox 913 1908 980 1948; x_wconf 92' lang='lat' dir='ltr'><strong>ne</strong></span> <span class='ocrx_word' id='word_1_106' title='bbox 1029 1897 1302 1948; x_wconf 85' lang='lat' dir='ltr'><strong>temerarii</strong></span> <span class='ocrx_word' id='word_1_107' title='bbox 1350 1895 1686 1951; x_wconf 86' lang='lat' dir='ltr'><strong>viderentur.</strong></span> <span class='ocrx_word' id='word_1_108' title='bbox 1718 1897 1912 1954; x_wconf 85' lang='lat' dir='ltr'><strong>Petrus</strong></span> <span class='ocrx_word' id='word_1_109' title='bbox 1945 1886 1985 1940; x_wconf 78' lang='grc' dir='ltr'><strong><em>Β</em></strong></span> 
     </span>
    </p>
   </div>
   <div class='ocr_carea' id='block_1_19' title="bbox 333 1986 1911 2062">
    <p class='ocr_par' dir='ltr' id='par_1_19' title="bbox 333 1986 1911 2062">
     <span class='ocr_line' id='line_1_19' title="bbox 333 1986 1911 2062; baseline 0.004 -23"><span class='ocrx_word' id='word_1_110' title='bbox 333 1997 511 2042; x_wconf 89' lang='lat' dir='ltr'><strong>autem</strong></span> <span class='ocrx_word' id='word_1_111' title='bbox 566 1986 954 2055; x_wconf 89' lang='lat' dir='ltr'><strong>discipulorum</strong></span> <span class='ocrx_word' id='word_1_112' title='bbox 1010 2002 1148 2058; x_wconf 82' lang='lat' dir='ltr'><strong>apex</strong></span> <span class='ocrx_word' id='word_1_113' title='bbox 1181 1988 1318 2058; x_wconf 85' lang='lat'><strong>(67),</strong></span> <span class='ocrx_word' id='word_1_114' title='bbox 1368 1991 1673 2044; x_wconf 81' lang='lat' dir='ltr'><strong>communis</strong></span> <span class='ocrx_word' id='word_1_115' title='bbox 1727 1992 1911 2062; x_wconf 82' lang='lat' dir='ltr'><strong>lingua</strong></span> 
     </span>
    </p>
   </div>
   <div class='ocr_carea' id='block_1_20' title="bbox 334 2078 1906 2150">
    <p class='ocr_par' dir='ltr' id='par_1_20' title="bbox 334 2078 1906 2150">
     <span class='ocr_line' id='line_1_20' title="bbox 334 2078 1906 2150; baseline 0.003 -18"><span class='ocrx_word' id='word_1_116' title='bbox 334 2078 832 2148; x_wconf 88' lang='lat' dir='ltr'><strong>condiscipulorum</strong></span> <span class='ocrx_word' id='word_1_117' title='bbox 881 2081 1098 2134; x_wconf 81' lang='lat' dir='ltr'><strong>exsistit</strong></span> <span class='ocrx_word' id='word_1_118' title='bbox 1126 2096 1140 2136; x_wconf 88' lang='lat'><strong>:</strong></span> <span class='ocrx_word' id='word_1_119' title='bbox 1172 2092 1225 2135; x_wconf 90' lang='lat' dir='ltr'><strong>et</strong></span> <span class='ocrx_word' id='word_1_120' title='bbox 1257 2095 1421 2150; x_wconf 89' lang='lat' dir='ltr'><strong>supra</strong></span> <span class='ocrx_word' id='word_1_121' title='bbox 1450 2082 1632 2136; x_wconf 83' lang='lat' dir='ltr'><strong>omnia</strong></span> <span class='ocrx_word' id='word_1_122' title='bbox 1688 2084 1906 2137; x_wconf 87' lang='lat' dir='ltr'><strong>sensilia</strong></span> 
     </span>
    </p>
   </div>
   <div class='ocr_carea' id='block_1_21' title="bbox 336 2171 1912 2243">
    <p class='ocr_par' dir='ltr' id='par_1_21' title="bbox 336 2171 1912 2243">
     <span class='ocr_line' id='line_1_21' title="bbox 336 2171 1912 2243; baseline 0.004 -20"><span class='ocrx_word' id='word_1_123' title='bbox 336 2179 518 2226; x_wconf 90' lang='lat' dir='ltr'><strong>mente</strong></span> <span class='ocrx_word' id='word_1_124' title='bbox 548 2171 813 2238; x_wconf 88' lang='lat' dir='ltr'><strong>sublatus,</strong></span> <span class='ocrx_word' id='word_1_125' title='bbox 853 2187 979 2227; x_wconf 88' lang='lat' dir='ltr'><strong>aera</strong></span> <span class='ocrx_word' id='word_1_126' title='bbox 1015 2173 1389 2238; x_wconf 89' lang='lat' dir='ltr'><strong>transvolavit,</strong></span> <span class='ocrx_word' id='word_1_127' title='bbox 1417 2189 1797 2243; x_wconf 79' lang='lat' dir='ltr'><strong>supergressus</strong></span> <span class='ocrx_word' id='word_1_128' title='bbox 1827 2185 1912 2229; x_wconf 88' lang='lat' dir='ltr'><strong>est</strong></span> 
     </span>
    </p>
   </div>
   <div class='ocr_carea' id='block_1_22' title="bbox 335 2258 1910 2328">
    <p class='ocr_par' dir='ltr' id='par_1_22' title="bbox 335 2258 1910 2328">
     <span class='ocr_line' id='line_1_22' title="bbox 335 2258 1910 2328; baseline 0.003 -16"><span class='ocrx_word' id='word_1_129' title='bbox 335 2259 560 2322; x_wconf 68' lang='lat' dir='ltr'><strong>aethera,</strong></span> <span class='ocrx_word' id='word_1_130' title='bbox 593 2258 735 2313; x_wconf 81' lang='lat' dir='ltr'><strong>infra</strong></span> <span class='ocrx_word' id='word_1_131' title='bbox 788 2274 847 2315; x_wconf 88' lang='lat' dir='ltr'><strong>se</strong></span> <span class='ocrx_word' id='word_1_132' title='bbox 891 2270 1038 2315; x_wconf 92' lang='lat' dir='ltr'><strong>astra</strong></span> <span class='ocrx_word' id='word_1_133' title='bbox 1093 2261 1330 2328; x_wconf 82' lang='lat' dir='ltr'><strong>reliquit,</strong></span> <span class='ocrx_word' id='word_1_134' title='bbox 1378 2275 1687 2328; x_wconf 81' lang='lat' dir='ltr'><strong>supremam</strong></span> <span class='ocrx_word' id='word_1_135' title='bbox 1746 2263 1910 2316; x_wconf 83' lang='lat' dir='ltr'><strong>etiam</strong></span> 
     </span>
    </p>
   </div>
   <div class='ocr_carea' id='block_1_23' title="bbox 337 2351 1910 2420">
    <p class='ocr_par' dir='ltr' id='par_1_23' title="bbox 337 2351 1910 2420">
     <span class='ocr_line' id='line_1_23' title="bbox 337 2351 1910 2420; baseline 0.003 -18"><span class='ocrx_word' id='word_1_136' title='bbox 337 2359 728 2416; x_wconf 65' lang='lat' dir='ltr'><strong>praetervectus</strong></span> <span class='ocrx_word' id='word_1_137' title='bbox 749 2362 832 2404; x_wconf 91' lang='lat' dir='ltr'><strong>est</strong></span> <span class='ocrx_word' id='word_1_138' title='bbox 862 2353 1159 2420; x_wconf 68' lang='lat' dir='ltr'><strong>sphaeram,</strong></span> <span class='ocrx_word' id='word_1_139' title='bbox 1193 2360 1248 2404; x_wconf 90' lang='lat' dir='ltr'><strong>et</strong></span> <span class='ocrx_word' id='word_1_140' title='bbox 1280 2367 1403 2404; x_wconf 92' lang='lat' dir='ltr'><strong>cum</strong></span> <span class='ocrx_word' id='word_1_141' title='bbox 1445 2351 1703 2420; x_wconf 89' lang='lat' dir='ltr'><strong>sejunctis</strong></span> <span class='ocrx_word' id='word_1_142' title='bbox 1736 2367 1764 2406; x_wconf 87' lang='lat' dir='ltr'><strong>a</strong></span> <span class='ocrx_word' id='word_1_143' title='bbox 1794 2368 1910 2406; x_wconf 89' lang='lat' dir='ltr'><strong>ma-</strong></span> 
     </span>
    </p>
   </div>
   <div class='ocr_carea' id='block_1_24' title="bbox 339 2442 1914 2512">
    <p class='ocr_par' dir='ltr' id='par_1_24' title="bbox 339 2442 1914 2512">
     <span class='ocr_line' id='line_1_24' title="bbox 339 2442 1914 2512; baseline 0.002 -17"><span class='ocrx_word' id='word_1_144' title='bbox 339 2443 477 2496; x_wconf 69' lang='lat' dir='ltr'><strong>teria</strong></span> <span class='ocrx_word' id='word_1_145' title='bbox 507 2443 779 2497; x_wconf 85' lang='lat' dir='ltr'><strong>mentibus</strong></span> <span class='ocrx_word' id='word_1_146' title='bbox 820 2443 1114 2506; x_wconf 82' lang='lat' dir='ltr'><strong>immi‘stus,</strong></span> <span class='ocrx_word' id='word_1_147' title='bbox 1141 2453 1194 2499; x_wconf 88' lang='lat' dir='ltr'><strong>et</strong></span> <span class='ocrx_word' id='word_1_148' title='bbox 1237 2443 1422 2511; x_wconf 90' lang='lat' dir='ltr'><strong>igneos</strong></span> <span class='ocrx_word' id='word_1_149' title='bbox 1462 2442 1746 2512; x_wconf 85' lang='lat' dir='ltr'><strong>Seraphim</strong></span> <span class='ocrx_word' id='word_1_150' title='bbox 1797 2445 1914 2498; x_wconf 86' lang='lat' dir='ltr'><strong>ﬂu-</strong></span> 
     </span>
    </p>
   </div>
   <div class='ocr_carea' id='block_1_25' title="bbox 334 2533 1914 2606">
    <p class='ocr_par' dir='ltr' id='par_1_25' title="bbox 334 2533 1914 2606">
     <span class='ocr_line' id='line_1_25' title="bbox 334 2533 1914 2606; baseline 0.003 -21"><span class='ocrx_word' id='word_1_151' title='bbox 334 2536 452 2588; x_wconf 89' lang='lat' dir='ltr'><strong>vios</strong></span> <span class='ocrx_word' id='word_1_152' title='bbox 479 2535 894 2598; x_wconf 78' lang='lat' dir='ltr'><strong>transcenderis,</strong></span> <span class='ocrx_word' id='word_1_153' title='bbox 921 2543 976 2588; x_wconf 93' lang='lat' dir='ltr'><strong>ct</strong></span> <span class='ocrx_word' id='word_1_154' title='bbox 1004 2551 1030 2586; x_wconf 90' lang='lat' dir='ltr'><strong>a</strong></span> <span class='ocrx_word' id='word_1_155' title='bbox 1061 2533 1220 2588; x_wconf 84' lang='lat' dir='ltr'><strong>Patre</strong></span> <span class='ocrx_word' id='word_1_156' title='bbox 1252 2537 1319 2588; x_wconf 91' lang='lat' dir='ltr'><strong>de</strong></span> <span class='ocrx_word' id='word_1_157' title='bbox 1348 2537 1650 2590; x_wconf 77' lang='lat' dir='ltr'><strong>clarissima</strong></span> <span class='ocrx_word' id='word_1_158' title='bbox 1683 2552 1914 2606; x_wconf 82' lang='lat' dir='ltr'><strong>genera-</strong></span> 
     </span>
    </p>
   </div>
   <div class='ocr_carea' id='block_1_26' title="bbox 335 2626 1914 2700">
    <p class='ocr_par' dir='ltr' id='par_1_26' title="bbox 335 2626 1914 2700">
     <span class='ocr_line' id='line_1_26' title="bbox 335 2626 1914 2700; baseline 0.004 -21"><span class='ocrx_word' id='word_1_159' title='bbox 335 2627 483 2681; x_wconf 89' lang='lat' dir='ltr'><strong>tione</strong></span> <span class='ocrx_word' id='word_1_160' title='bbox 525 2626 794 2696; x_wconf 76' lang='lat' dir='ltr'><strong>Unigeniti</strong></span> <span class='ocrx_word' id='word_1_161' title='bbox 844 2632 1070 2682; x_wconf 86' lang='lat' dir='ltr'><strong>edoctus</strong></span> <span class='ocrx_word' id='word_1_162' title='bbox 1125 2629 1482 2700; x_wconf 82' lang='lat' dir='ltr'><strong>theologicam</strong></span> <span class='ocrx_word' id='word_1_163' title='bbox 1526 2631 1670 2683; x_wconf 89' lang='lat' dir='ltr'><strong>illam</strong></span> <span class='ocrx_word' id='word_1_164' title='bbox 1723 2632 1914 2686; x_wconf 83' lang='lat' dir='ltr'><strong>extulit</strong></span> 
     </span>
    </p>
   </div>
   <div class='ocr_carea' id='block_1_27' title="bbox 335 2717 1912 2786">
    <p class='ocr_par' dir='ltr' id='par_1_27' title="bbox 335 2717 1912 2786">
     <span class='ocr_line' id='line_1_27' title="bbox 335 2717 1912 2786; baseline 0.004 -16"><span class='ocrx_word' id='word_1_165' title='bbox 335 2732 545 2770; x_wconf 87' lang='lat' dir='ltr'><strong>vocem:</strong></span> <span class='ocrx_word' id='word_1_166' title='bbox 568 2717 680 2771; x_wconf 72' lang='lat' dir='ltr'><strong>«Tu</strong></span> <span class='ocrx_word' id='word_1_167' title='bbox 711 2733 770 2772; x_wconf 88' lang='lat' dir='ltr'><strong>es</strong></span> <span class='ocrx_word' id='word_1_168' title='bbox 801 2719 1048 2774; x_wconf 82' lang='lat' dir='ltr'><strong>Christus</strong></span> <span class='ocrx_word' id='word_1_169' title='bbox 1077 2719 1248 2774; x_wconf 86' lang='lat' dir='ltr'><strong>Filius</strong></span> <span class='ocrx_word' id='word_1_170' title='bbox 1271 2720 1363 2775; x_wconf 89' lang='lat' dir='ltr'><strong>Dei</strong></span> <span class='ocrx_word' id='word_1_171' title='bbox 1388 2722 1530 2786; x_wconf 81' lang='lat' dir='ltr'><strong>vivi;</strong></span> <span class='ocrx_word' id='word_1_172' title='bbox 1560 2739 1578 2772; x_wconf 82' lang='grc' dir='ltr'><strong>ι</strong></span> <span class='ocrx_word' id='word_1_173' title='bbox 1598 2719 1714 2775; x_wconf 87' lang='lat' dir='ltr'><strong>Non</strong></span> <span class='ocrx_word' id='word_1_174' title='bbox 1733 2725 1912 2778; x_wconf 85' lang='lat' dir='ltr'><strong>carnis</strong></span> 
     </span>
    </p>
   </div>
   <div class='ocr_carea' id='block_1_28' title="bbox 333 2810 1912 2880">
    <p class='ocr_par' dir='ltr' id='par_1_28' title="bbox 333 2810 1912 2880">
     <span class='ocr_line' id='line_1_28' title="bbox 333 2810 1912 2880; baseline 0.008 -20"><span class='ocrx_word' id='word_1_175' title='bbox 333 2810 599 2877; x_wconf 82' lang='lat' dir='ltr'><strong>profecto,</strong></span> <span class='ocrx_word' id='word_1_176' title='bbox 627 2821 719 2864; x_wconf 89' lang='lat' dir='ltr'><strong>aut</strong></span> <span class='ocrx_word' id='word_1_177' title='bbox 736 2813 1016 2880; x_wconf 79' lang='lat' dir='ltr'><strong>sanguinis</strong></span> <span class='ocrx_word' id='word_1_178' title='bbox 1042 2813 1320 2874; x_wconf 84' lang='lat' dir='ltr'><strong>revelatio,</strong></span> <span class='ocrx_word' id='word_1_179' title='bbox 1344 2812 1438 2868; x_wconf 88' lang='lat' dir='ltr'><strong>sed</strong></span> <span class='ocrx_word' id='word_1_180' title='bbox 1458 2813 1696 2866; x_wconf 64' lang='lat' dir='ltr'><strong>caelestis</strong></span> <span class='ocrx_word' id='word_1_181' title='bbox 1714 2813 1912 2872; x_wconf 80' lang='lat' dir='ltr'><strong>Patris.</strong></span> 
     </span>
    </p>
   </div>
   <div class='ocr_carea' id='block_1_29' title="bbox 272 2901 1913 2974">
    <p class='ocr_par' dir='ltr' id='par_1_29' title="bbox 272 2901 1913 2974">
     <span class='ocr_line' id='line_1_29' title="bbox 272 2901 1913 2974; baseline 0.002 -18"><span class='ocrx_word' id='word_1_182' title='bbox 272 2919 286 2930; x_wconf 69' lang='grc'><em>“</em></span> <span class='ocrx_word' id='word_1_183' title='bbox 333 2901 634 2958; x_wconf 84' lang='lat' dir='ltr'><strong>Considera</strong></span> <span class='ocrx_word' id='word_1_184' title='bbox 686 2906 828 2959; x_wconf 89' lang='lat' dir='ltr'><strong>enim</strong></span> <span class='ocrx_word' id='word_1_185' title='bbox 877 2918 1076 2974; x_wconf 88' lang='lat' dir='ltr'><strong>quanta</strong></span> <span class='ocrx_word' id='word_1_186' title='bbox 1136 2905 1188 2959; x_wconf 93' lang='lat' dir='ltr'><strong>in</strong></span> <span class='ocrx_word' id='word_1_187' title='bbox 1239 2922 1347 2961; x_wconf 91' lang='lat' dir='ltr'><strong>uno</strong></span> <span class='ocrx_word' id='word_1_188' title='bbox 1394 2905 1539 2961; x_wconf 91' lang='lat' dir='ltr'><strong>dicto</strong></span> <span class='ocrx_word' id='word_1_189' title='bbox 1596 2907 1913 2962; x_wconf 88' lang='lat' dir='ltr'><strong>abscondita</strong></span> 
     </span>
    </p>
   </div>
   <div class='ocr_carea' id='block_1_30' title="bbox 335 2995 1909 3069">
    <p class='ocr_par' dir='ltr' id='par_1_30' title="bbox 335 2995 1909 3069">
     <span class='ocr_line' id='line_1_30' title="bbox 335 2995 1909 3069; baseline 0.002 -19"><span class='ocrx_word' id='word_1_190' title='bbox 335 2996 408 3050; x_wconf 93' lang='lat' dir='ltr'><strong>sit</strong></span> <span class='ocrx_word' id='word_1_191' title='bbox 434 2995 628 3052; x_wconf 70' lang='lat' dir='ltr'><strong>divinae</strong></span> <span class='ocrx_word' id='word_1_192' title='bbox 661 2999 922 3053; x_wconf 70' lang='lat' dir='ltr'><strong>doctrinae</strong></span> <span class='ocrx_word' id='word_1_193' title='bbox 955 2997 1318 3069; x_wconf 83' lang='lat' dir='ltr'><strong>profunditas.</strong></span> <span class='ocrx_word' id='word_1_194' title='bbox 1353 2999 1607 3053; x_wconf 85' lang='lat' dir='ltr'><strong>Salvator</strong></span> <span class='ocrx_word' id='word_1_195' title='bbox 1637 3001 1780 3052; x_wconf 88' lang='lat' dir='ltr'><strong>enim</strong></span> <span class='ocrx_word' id='word_1_196' title='bbox 1826 3000 1909 3053; x_wconf 87' lang='lat' dir='ltr'><strong>in-</strong></span> 
     </span>
    </p>
   </div>
   <div class='ocr_carea' id='block_1_31' title="bbox 337 3089 1909 3162">
    <p class='ocr_par' dir='ltr' id='par_1_31' title="bbox 337 3089 1909 3162">
     <span class='ocr_line' id='line_1_31' title="bbox 337 3089 1909 3162; baseline 0.001 -20"><span class='ocrx_word' id='word_1_197' title='bbox 337 3099 642 3162; x_wconf 90' lang='lat' dir='ltr'><strong>terrogarat</strong></span> <span class='ocrx_word' id='word_1_198' title='bbox 664 3105 678 3142; x_wconf 88' lang='lat'><strong>:</strong></span> <span class='ocrx_word' id='word_1_199' title='bbox 700 3108 718 3142; x_wconf 78' lang='grc' dir='ltr'><strong>ι</strong></span> <span class='ocrx_word' id='word_1_200' title='bbox 749 3090 918 3156; x_wconf 84' lang='lat' dir='ltr'><strong>Quem</strong></span> <span class='ocrx_word' id='word_1_201' title='bbox 953 3106 1039 3144; x_wconf 91' lang='lat' dir='ltr'><strong>me</strong></span> <span class='ocrx_word' id='word_1_202' title='bbox 1071 3093 1260 3144; x_wconf 91' lang='lat' dir='ltr'><strong>dicunt</strong></span> <span class='ocrx_word' id='word_1_203' title='bbox 1294 3091 1542 3144; x_wconf 84' lang='lat' dir='ltr'><strong>homines</strong></span> <span class='ocrx_word' id='word_1_204' title='bbox 1567 3104 1688 3144; x_wconf 86' lang='lat' dir='ltr'><strong>esse</strong></span> <span class='ocrx_word' id='word_1_205' title='bbox 1715 3089 1909 3144; x_wconf 87' lang='lat' dir='ltr'><strong>Filium</strong></span> 
     </span>
    </p>
   </div>
   <div class='ocr_carea' id='block_1_32' title="bbox 2010 638 3592 712">
    <p class='ocr_par' dir='ltr' id='par_1_32' title="bbox 2010 638 3592 712">
     <span class='ocr_line' id='line_1_32' title="bbox 2010 638 3592 712; baseline 0.003 -22"><span class='ocrx_word' id='word_1_206' title='bbox 2010 639 2072 690; x_wconf 82' lang='grc' dir='ltr'>τὸ</span> <span class='ocrx_word' id='word_1_207' title='bbox 2093 639 2366 707; x_wconf 79' lang='grc' dir='ltr'>αὐτοφυὲς</span> <span class='ocrx_word' id='word_1_208' title='bbox 2389 640 2488 711; x_wconf 74' lang='grc' dir='ltr'><strong>τῆς</strong></span> <span class='ocrx_word' id='word_1_209' title='bbox 2515 640 2704 710; x_wconf 81' lang='grc' dir='ltr'><strong>σοφίας</strong></span> <span class='ocrx_word' id='word_1_210' title='bbox 2727 638 3124 706; x_wconf 79' lang='grc' dir='ltr'><strong>κατανοοῦντες</strong></span> <span class='ocrx_word' id='word_1_211' title='bbox 3144 641 3275 694; x_wconf 81' lang='grc' dir='ltr'>ἄνευ</span> <span class='ocrx_word' id='word_1_212' title='bbox 3299 639 3592 712; x_wconf 86' lang='grc' dir='ltr'>μαθήσεως</span> 
     </span>
    </p>
   </div>
   <div class='ocr_carea' id='block_1_33' title="bbox 2012 725 3589 803">
    <p class='ocr_par' dir='ltr' id='par_1_33' title="bbox 2012 725 3589 803">
     <span class='ocr_line' id='line_1_33' title="bbox 2012 725 3589 803; baseline 0.002 -19"><span class='ocrx_word' id='word_1_213' title='bbox 2012 731 2408 801; x_wconf 77' lang='grc' dir='ltr'><strong>ἐξεπλήττοντο</strong></span> <span class='ocrx_word' id='word_1_214' title='bbox 2437 747 2452 762; x_wconf 86' lang='lat'><strong><em>°</em></strong></span> <span class='ocrx_word' id='word_1_215' title='bbox 2505 733 2609 787; x_wconf 78' lang='grc' dir='ltr'>καὶ</span> <span class='ocrx_word' id='word_1_216' title='bbox 2638 733 2771 802; x_wconf 80' lang='grc' dir='ltr'>γοῦν</span> <span class='ocrx_word' id='word_1_217' title='bbox 2805 732 2993 803; x_wconf 76' lang='grc' dir='ltr'>ἔλεγον</span> <span class='ocrx_word' id='word_1_218' title='bbox 3017 749 3030 762; x_wconf 79' lang='grc'><strong><em>⁸</em></strong></span> <span class='ocrx_word' id='word_1_219' title='bbox 3072 752 3089 785; x_wconf 84' lang='lat' dir='ltr'><strong>t</strong></span> <span class='ocrx_word' id='word_1_220' title='bbox 3121 733 3244 796; x_wconf 84' lang='grc' dir='ltr'><strong>Πῶς</strong></span> <span class='ocrx_word' id='word_1_221' title='bbox 3284 725 3441 796; x_wconf 72' lang='grc' dir='ltr'>οὗτος</span> <span class='ocrx_word' id='word_1_222' title='bbox 3480 729 3589 787; x_wconf 72' lang='grc' dir='ltr'>οἶδε</span> 
     </span>
    </p>
   </div>
   <div class='ocr_carea' id='block_1_34' title="bbox 2010 828 3590 901">
    <p class='ocr_par' dir='ltr' id='par_1_34' title="bbox 2010 828 3590 901">
     <span class='ocr_line' id='line_1_34' title="bbox 2010 828 3590 901; baseline -0.004 -15"><span class='ocrx_word' id='word_1_223' title='bbox 2010 828 2321 901; x_wconf 73' lang='grc' dir='ltr'>γράμματα</span> <span class='ocrx_word' id='word_1_224' title='bbox 2363 829 2438 901; x_wconf 84' lang='grc' dir='ltr'><strong>μὴ</strong></span> <span class='ocrx_word' id='word_1_225' title='bbox 2473 829 2847 901; x_wconf 76' lang='grc' dir='ltr'>μεμαθηκὼςς</span> <span class='ocrx_word' id='word_1_226' title='bbox 2887 849 2906 881; x_wconf 70' lang='grc' dir='ltr'><strong>ι</strong></span> <span class='ocrx_word' id='word_1_227' title='bbox 2957 829 3049 882; x_wconf 72' lang='grc' dir='ltr'><strong>Διὸ</strong></span> <span class='ocrx_word' id='word_1_228' title='bbox 3109 828 3383 898; x_wconf 87' lang='grc' dir='ltr'>Ἰερεμίαν</span> <span class='ocrx_word' id='word_1_229' title='bbox 3424 829 3590 882; x_wconf 78' lang='grc' dir='ltr'>αὐτὸν</span> 
     </span>
    </p>
   </div>
   <div class='ocr_carea' id='block_1_35' title="bbox 2011 917 3589 990">
    <p class='ocr_par' dir='ltr' id='par_1_35' title="bbox 2011 917 3589 990">
     <span class='ocr_line' id='line_1_35' title="bbox 2011 917 3589 990; baseline 0 -20"><span class='ocrx_word' id='word_1_230' title='bbox 2011 917 2317 988; x_wconf 82' lang='grc' dir='ltr'><strong>ὠνόμαζον.</strong></span> <span class='ocrx_word' id='word_1_231' title='bbox 2381 919 2657 989; x_wconf 81' lang='grc' dir='ltr'><strong>Ἱερεμίας</strong></span> <span class='ocrx_word' id='word_1_232' title='bbox 2706 919 2817 990; x_wconf 86' lang='grc' dir='ltr'><strong>γὰρ</strong></span> <span class='ocrx_word' id='word_1_233' title='bbox 2860 921 2940 983; x_wconf 88' lang='grc' dir='ltr'><strong>είς</strong></span> <span class='ocrx_word' id='word_1_234' title='bbox 2988 918 3331 989; x_wconf 80' lang='grc' dir='ltr'>προφητείαν</span> <span class='ocrx_word' id='word_1_235' title='bbox 3376 917 3589 989; x_wconf 80' lang='grc' dir='ltr'><strong>ἀνήχθη</strong></span> 
     </span>
    </p>
   </div>
   <div class='ocr_carea' id='block_1_36' title="bbox 2014 1005 3593 1078">
    <p class='ocr_par' dir='ltr' id='par_1_36' title="bbox 2014 1005 3593 1078">
     <span class='ocr_line' id='line_1_36' title="bbox 2014 1005 3593 1078; baseline -0.002 -17"><span class='ocrx_word' id='word_1_236' title='bbox 2014 1010 2143 1071; x_wconf 85' lang='grc' dir='ltr'>παῖς</span> <span class='ocrx_word' id='word_1_237' title='bbox 2175 1008 2251 1061; x_wconf 82' lang='grc' dir='ltr'><strong>ὢν</strong></span> <span class='ocrx_word' id='word_1_238' title='bbox 2285 1007 2506 1078; x_wconf 84' lang='grc' dir='ltr'>κομιδῆ.</span> <span class='ocrx_word' id='word_1_239' title='bbox 2538 1008 2650 1078; x_wconf 84' lang='grc' dir='ltr'><strong>Τὴν</strong></span> <span class='ocrx_word' id='word_1_240' title='bbox 2701 1010 2830 1078; x_wconf 73' lang='grc' dir='ltr'>περὶ</span> <span class='ocrx_word' id='word_1_241' title='bbox 2863 1005 3033 1061; x_wconf 79' lang='grc' dir='ltr'>αὐτοῦ</span> <span class='ocrx_word' id='word_1_242' title='bbox 3072 1009 3255 1060; x_wconf 77' lang='grc' dir='ltr'>τοίνυν</span> <span class='ocrx_word' id='word_1_243' title='bbox 3303 1006 3414 1059; x_wconf 85' lang='grc' dir='ltr'>τῶν</span> <span class='ocrx_word' id='word_1_244' title='bbox 3456 1006 3593 1059; x_wconf 87' lang='grc' dir='ltr'>πολ-</span> 
     </span>
    </p>
   </div>
   <div class='ocr_carea' id='block_1_37' title="bbox 2013 1091 3591 1166">
    <p class='ocr_par' dir='ltr' id='par_1_37' title="bbox 2013 1091 3591 1166">
     <span class='ocr_line' id='line_1_37' title="bbox 2013 1091 3591 1166; baseline -0.003 -16"><span class='ocrx_word' id='word_1_245' title='bbox 2013 1097 2120 1150; x_wconf 84' lang='grc' dir='ltr'><strong>λῶν</strong></span> <span class='ocrx_word' id='word_1_246' title='bbox 2154 1096 2311 1161; x_wconf 83' lang='grc' dir='ltr'>δόξαν</span> <span class='ocrx_word' id='word_1_247' title='bbox 2365 1094 2642 1166; x_wconf 85' lang='grc' dir='ltr'>ἀκηκοὼς,</span> <span class='ocrx_word' id='word_1_248' title='bbox 2695 1097 2793 1150; x_wconf 72' lang='grc' dir='ltr'>καὶ</span> <span class='ocrx_word' id='word_1_249' title='bbox 2848 1091 2960 1149; x_wconf 73' lang='grc' dir='ltr'><strong>οἷον</strong></span> <span class='ocrx_word' id='word_1_250' title='bbox 3012 1094 3456 1163; x_wconf 80' lang='grc' dir='ltr'><strong>ἀποδοκιμάζων,</strong></span> <span class='ocrx_word' id='word_1_251' title='bbox 3511 1093 3591 1157; x_wconf 86' lang='grc' dir='ltr'><strong>ὡς</strong></span> 
     </span>
    </p>
   </div>
   <div class='ocr_carea' id='block_1_38' title="bbox 2012 1186 3594 1260">
    <p class='ocr_par' dir='ltr' id='par_1_38' title="bbox 2012 1186 3594 1260">
     <span class='ocr_line' id='line_1_38' title="bbox 2012 1186 3594 1260; baseline -0.003 -18"><span class='ocrx_word' id='word_1_252' title='bbox 2012 1190 2274 1259; x_wconf 73' lang='grc' dir='ltr'>οὐδεμιᾶς</span> <span class='ocrx_word' id='word_1_253' title='bbox 2322 1187 2529 1242; x_wconf 76' lang='grc' dir='ltr'>τούτων</span> <span class='ocrx_word' id='word_1_254' title='bbox 2562 1188 2935 1260; x_wconf 80' lang='grc' dir='ltr'>ὲπαφωμένης</span> <span class='ocrx_word' id='word_1_255' title='bbox 2974 1187 3074 1258; x_wconf 87' lang='grc' dir='ltr'>τῆς</span> <span class='ocrx_word' id='word_1_256' title='bbox 3137 1186 3424 1258; x_wconf 81' lang='grc' dir='ltr'>ἀληθείας,</span> <span class='ocrx_word' id='word_1_257' title='bbox 3496 1186 3594 1239; x_wconf 84' lang='grc' dir='ltr'><strong>ἀν-</strong></span> 
     </span>
    </p>
   </div>
   <div class='ocr_carea' id='block_1_39' title="bbox 2013 1279 2772 1352">
    <p class='ocr_par' dir='ltr' id='par_1_39' title="bbox 2013 1279 2772 1352">
     <span class='ocr_line' id='line_1_39' title="bbox 2013 1279 2772 1352; baseline 0.004 -18"><span class='ocrx_word' id='word_1_258' title='bbox 2013 1282 2285 1349; x_wconf 82' lang='grc' dir='ltr'>εξικάκως</span> <span class='ocrx_word' id='word_1_259' title='bbox 2314 1279 2470 1345; x_wconf 84' lang='grc' dir='ltr'>αὖθις</span> <span class='ocrx_word' id='word_1_260' title='bbox 2497 1282 2772 1352; x_wconf 78' lang='grc' dir='ltr'>ἐπερωτᾷ.</span> 
     </span>
    </p>
   </div>
   <div class='ocr_carea' id='block_1_40' title="bbox 2089 1367 3627 1451">
    <p class='ocr_par' dir='ltr' id='par_1_40' title="bbox 2089 1367 3627 1451">
     <span class='ocr_line' id='line_1_40' title="bbox 2089 1367 3627 1451; baseline -0.001 -24"><span class='ocrx_word' id='word_1_261' title='bbox 2089 1394 2108 1427; x_wconf 86' lang='grc' dir='ltr'><strong>ι</strong></span> <span class='ocrx_word' id='word_1_262' title='bbox 2150 1374 2342 1444; x_wconf 84' lang='grc' dir='ltr'>Ὑμεῖς</span> <span class='ocrx_word' id='word_1_263' title='bbox 2368 1374 2427 1426; x_wconf 81' lang='grc' dir='ltr'>δὲ</span> <span class='ocrx_word' id='word_1_264' title='bbox 2457 1374 2579 1426; x_wconf 89' lang='grc' dir='ltr'>τίνα</span> <span class='ocrx_word' id='word_1_265' title='bbox 2613 1392 2679 1444; x_wconf 91' lang='grc' dir='ltr'><strong>με</strong></span> <span class='ocrx_word' id='word_1_266' title='bbox 2711 1372 2900 1442; x_wconf 80' lang='grc' dir='ltr'><strong>λέγετε</strong></span> <span class='ocrx_word' id='word_1_267' title='bbox 2931 1367 3071 1427; x_wconf 70' lang='grc' dir='ltr'>εἶναι</span> <span class='ocrx_word' id='word_1_268' title='bbox 3105 1391 3119 1440; x_wconf 91' lang='grc'><strong>;</strong></span> <span class='ocrx_word' id='word_1_269' title='bbox 3151 1391 3169 1424; x_wconf 80' lang='lat' dir='ltr'><strong>t</strong></span> <span class='ocrx_word' id='word_1_270' title='bbox 3200 1371 3349 1435; x_wconf 72' lang='grc' dir='ltr'>Εἶεν,</span> <span class='ocrx_word' id='word_1_271' title='bbox 3401 1375 3589 1444; x_wconf 68' lang='grc' dir='ltr'>φησὶν,</span> <span class='ocrx_word' id='word_1_272' title='bbox 3616 1441 3627 1451; x_wconf 78' lang='lat'>_</span> 
     </span>
    </p>
   </div>
   <div class='ocr_carea' id='block_1_41' title="bbox 2013 1460 3592 1536">
    <p class='ocr_par' dir='ltr' id='par_1_41' title="bbox 2013 1460 3592 1536">
     <span class='ocr_line' id='line_1_41' title="bbox 2013 1460 3592 1536; baseline -0.003 -18"><span class='ocrx_word' id='word_1_273' title='bbox 2013 1466 2047 1536; x_wconf 76' lang='grc' dir='ltr'><strong>ἡ</strong></span> <span class='ocrx_word' id='word_1_274' title='bbox 2078 1463 2177 1534; x_wconf 73' lang='grc' dir='ltr'><strong>μὲν</strong></span> <span class='ocrx_word' id='word_1_275' title='bbox 2211 1462 2484 1532; x_wconf 74' lang='grc' dir='ltr'>ὑπόληψις</span> <span class='ocrx_word' id='word_1_276' title='bbox 2522 1462 2629 1516; x_wconf 84' lang='grc' dir='ltr'>τῶν</span> <span class='ocrx_word' id='word_1_277' title='bbox 2660 1462 2872 1515; x_wconf 85' lang='grc' dir='ltr'>πολλῶν</span> <span class='ocrx_word' id='word_1_278' title='bbox 2912 1460 3054 1515; x_wconf 77' lang='grc' dir='ltr'>οὕτω</span> <span class='ocrx_word' id='word_1_279' title='bbox 3093 1461 3429 1530; x_wconf 85' lang='grc' dir='ltr'>πολυσχεδής</span> <span class='ocrx_word' id='word_1_280' title='bbox 3472 1461 3592 1514; x_wconf 81' lang='grc' dir='ltr'>ἐστι</span> 
     </span>
    </p>
   </div>
   <div class='ocr_carea' id='block_1_42' title="bbox 2014 1552 3595 1625">
    <p class='ocr_par' dir='ltr' id='par_1_42' title="bbox 2014 1552 3595 1625">
     <span class='ocr_line' id='line_1_42' title="bbox 2014 1552 3595 1625; baseline -0.004 -16"><span class='ocrx_word' id='word_1_281' title='bbox 2014 1557 2109 1609; x_wconf 56' lang='grc' dir='ltr'><strong>καί¹</strong></span> <span class='ocrx_word' id='word_1_282' title='bbox 2150 1555 2432 1618; x_wconf 76' lang='grc' dir='ltr'>ἀϐέϐαιος.</span> <span class='ocrx_word' id='word_1_283' title='bbox 2480 1555 2668 1625; x_wconf 86' lang='grc' dir='ltr'><strong>Ὑμεῖς</strong></span> <span class='ocrx_word' id='word_1_284' title='bbox 2698 1555 2753 1607; x_wconf 84' lang='grc' dir='ltr'>δὲ</span> <span class='ocrx_word' id='word_1_285' title='bbox 2787 1553 2837 1606; x_wconf 76' lang='lat' dir='ltr'><strong>oi</strong></span> <span class='ocrx_word' id='word_1_286' title='bbox 2873 1554 3002 1624; x_wconf 82' lang='grc' dir='ltr'>περὶ</span> <span class='ocrx_word' id='word_1_287' title='bbox 3035 1552 3170 1622; x_wconf 78' lang='grc' dir='ltr'><strong>ἐμοῦ</strong></span> <span class='ocrx_word' id='word_1_288' title='bbox 3205 1554 3402 1622; x_wconf 85' lang='grc' dir='ltr'>πεῖραν</span> <span class='ocrx_word' id='word_1_289' title='bbox 3446 1553 3595 1622; x_wconf 86' lang='grc' dir='ltr'>είλη-</span> 
     </span>
    </p>
   </div>
   <div class='ocr_carea' id='block_1_43' title="bbox 2016 1645 3594 1719">
    <p class='ocr_par' dir='ltr' id='par_1_43' title="bbox 2016 1645 3594 1719">
     <span class='ocr_line' id='line_1_43' title="bbox 2016 1645 3594 1719; baseline -0.003 -17"><span class='ocrx_word' id='word_1_290' title='bbox 2016 1650 2177 1718; x_wconf 85' lang='grc' dir='ltr'>φότες</span> <span class='ocrx_word' id='word_1_291' title='bbox 2215 1648 2359 1701; x_wconf 81' lang='grc' dir='ltr'>οὕτω</span> <span class='ocrx_word' id='word_1_292' title='bbox 2422 1647 2660 1719; x_wconf 77' lang='grc' dir='ltr'>μακρὰν,</span> <span class='ocrx_word' id='word_1_293' title='bbox 2698 1645 2818 1698; x_wconf 85' lang='grc' dir='ltr'>τίνα</span> <span class='ocrx_word' id='word_1_294' title='bbox 2872 1645 3178 1716; x_wconf 74' lang='grc' dir='ltr'>κατάληψιν</span> <span class='ocrx_word' id='word_1_295' title='bbox 3216 1647 3278 1698; x_wconf 81' lang='grc' dir='ltr'>ἐκ</span> <span class='ocrx_word' id='word_1_296' title='bbox 3313 1645 3422 1698; x_wconf 84' lang='grc' dir='ltr'><strong>τῶν</strong></span> <span class='ocrx_word' id='word_1_297' title='bbox 3454 1661 3594 1714; x_wconf 86' lang='grc' dir='ltr'>πρα-</span> 
     </span>
    </p>
   </div>
   <div class='ocr_carea' id='block_1_44' title="bbox 2015 1723 3591 1810">
    <p class='ocr_par' dir='ltr' id='par_1_44' title="bbox 2015 1723 3591 1810">
     <span class='ocr_line' id='line_1_44' title="bbox 2015 1723 3591 1810; baseline -0.004 -14"><span class='ocrx_word' id='word_1_298' title='bbox 2015 1742 2244 1810; x_wconf 84' lang='grc' dir='ltr'>γμάτων</span> <span class='ocrx_word' id='word_1_299' title='bbox 2269 1741 2513 1807; x_wconf 81' lang='grc' dir='ltr'><strong>ὲλάϐετε;</strong></span> <span class='ocrx_word' id='word_1_300' title='bbox 2538 1741 2600 1793; x_wconf 89' lang='grc' dir='ltr'><strong>Οἱ</strong></span> <span class='ocrx_word' id='word_1_301' title='bbox 2627 1739 2725 1809; x_wconf 79' lang='grc' dir='ltr'><strong>μὲν</strong></span> <span class='ocrx_word' id='word_1_302' title='bbox 2750 1734 2843 1792; x_wconf 77' lang='grc' dir='ltr'><strong>οὖν</strong></span> <span class='ocrx_word' id='word_1_303' title='bbox 2864 1723 3279 1808; x_wconf 30' lang='grc' dir='ltr'>ἄλλοι-μαθηταὶ</span> <span class='ocrx_word' id='word_1_304' title='bbox 3327 1736 3464 1806; x_wconf 83' lang='grc' dir='ltr'>πρὸς</span> <span class='ocrx_word' id='word_1_305' title='bbox 3489 1736 3591 1802; x_wconf 80' lang='grc' dir='ltr'>τὴν</span> 
     </span>
    </p>
   </div>
   <div class='ocr_carea' id='block_1_45' title="bbox 2016 1827 3593 1902">
    <p class='ocr_par' dir='ltr' id='par_1_45' title="bbox 2016 1827 3593 1902">
     <span class='ocr_line' id='line_1_45' title="bbox 2016 1827 3593 1902; baseline -0.003 -17"><span class='ocrx_word' id='word_1_306' title='bbox 2016 1833 2311 1902; x_wconf 82' lang='grc' dir='ltr'>ἀπόκρισιν</span> <span class='ocrx_word' id='word_1_307' title='bbox 2368 1831 2796 1901; x_wconf 75' lang='grc' dir='ltr'>ἰλιγγίασανοοί</span> <span class='ocrx_word' id='word_1_308' title='bbox 2856 1830 2957 1899; x_wconf 81' lang='grc' dir='ltr'><strong>μὲν</strong></span> <span class='ocrx_word' id='word_1_309' title='bbox 3009 1830 3101 1881; x_wconf 83' lang='grc' dir='ltr'><strong>τὸν</strong></span> <span class='ocrx_word' id='word_1_310' title='bbox 3156 1827 3420 1898; x_wconf 75' lang='grc' dir='ltr'>λογισμὸν</span> <span class='ocrx_word' id='word_1_311' title='bbox 3459 1827 3593 1891; x_wconf 71' lang='grc' dir='ltr'>ἴσως</span> 
     </span>
    </p>
   </div>
   <div class='ocr_carea' id='block_1_46' title="bbox 2014 1919 3594 1993">
    <p class='ocr_par' dir='ltr' id='par_1_46' title="bbox 2014 1919 3594 1993">
     <span class='ocr_line' id='line_1_46' title="bbox 2014 1919 3594 1993; baseline -0.004 -16"><span class='ocrx_word' id='word_1_312' title='bbox 2014 1925 2494 1993; x_wconf 87' lang='grc' dir='ltr'>ταλαντευόμε-.οι,</span> <span class='ocrx_word' id='word_1_313' title='bbox 2536 1925 2584 1976; x_wconf 81' lang='lat' dir='ltr'><strong>oi</strong></span> <span class='ocrx_word' id='word_1_314' title='bbox 2624 1924 2680 1976; x_wconf 84' lang='grc' dir='ltr'>δὲ</span> <span class='ocrx_word' id='word_1_315' title='bbox 2721 1921 2954 1992; x_wconf 81' lang='grc' dir='ltr'>ὀφθῆναι</span> <span class='ocrx_word' id='word_1_316' title='bbox 2996 1921 3296 1988; x_wconf 79' lang='grc' dir='ltr'><strong>προπετεῖς</strong></span> <span class='ocrx_word' id='word_1_317' title='bbox 3328 1919 3594 1972; x_wconf 73' lang='grc' dir='ltr'><strong>εὐλαϐοῦ·</strong></span> 
     </span>
    </p>
   </div>
   <div class='ocr_carea' id='block_1_47' title="bbox 2016 2010 3591 2089">
    <p class='ocr_par' dir='ltr' id='par_1_47' title="bbox 2016 2010 3591 2089">
     <span class='ocr_line' id='line_1_47' title="bbox 2016 2010 3591 2089; baseline -0.005 -19"><span class='ocrx_word' id='word_1_318' title='bbox 2016 2035 2188 2089; x_wconf 88' lang='grc' dir='ltr'><strong>μενοι.</strong></span> <span class='ocrx_word' id='word_1_319' title='bbox 2225 2017 2432 2087; x_wconf 81' lang='grc' dir='ltr'><strong>Πέτρος</strong></span> <span class='ocrx_word' id='word_1_320' title='bbox 2476 2017 2557 2082; x_wconf 80' lang='grc' dir='ltr'>δὲ,</span> <span class='ocrx_word' id='word_1_321' title='bbox 2613 2017 2646 2086; x_wconf 81' lang='grc' dir='ltr'><strong>ἠ</strong></span> <span class='ocrx_word' id='word_1_322' title='bbox 2699 2017 2938 2084; x_wconf 77' lang='grc' dir='ltr'><strong>ἀκρότης</strong></span> <span class='ocrx_word' id='word_1_323' title='bbox 2963 2015 3070 2067; x_wconf 84' lang='grc' dir='ltr'>τῶν</span> <span class='ocrx_word' id='word_1_324' title='bbox 3119 2010 3402 2084; x_wconf 79' lang='grc' dir='ltr'><strong>μαθητῶν,</strong></span> <span class='ocrx_word' id='word_1_325' title='bbox 3436 2013 3591 2082; x_wconf 78' lang='grc' dir='ltr'>κοινὴ</span> 
     </span>
    </p>
   </div>
   <div class='ocr_carea' id='block_1_48' title="bbox 2011 2100 3593 2177">
    <p class='ocr_par' dir='ltr' id='par_1_48' title="bbox 2011 2100 3593 2177">
     <span class='ocr_line' id='line_1_48' title="bbox 2011 2100 3593 2177; baseline -0.006 -16"><span class='ocrx_word' id='word_1_326' title='bbox 2011 2107 2122 2161; x_wconf 86' lang='grc' dir='ltr'>τῶν</span> <span class='ocrx_word' id='word_1_327' title='bbox 2161 2108 2551 2177; x_wconf 81' lang='grc' dir='ltr'><strong>συμφοιτητῶν</strong></span> <span class='ocrx_word' id='word_1_328' title='bbox 2589 2107 2804 2174; x_wconf 88' lang='grc' dir='ltr'>γίνεται</span> <span class='ocrx_word' id='word_1_329' title='bbox 2842 2103 3064 2172; x_wconf 84' lang='grc' dir='ltr'>γλῶσσα</span> <span class='ocrx_word' id='word_1_330' title='bbox 3100 2101 3196 2155; x_wconf 69' lang='grc' dir='ltr'>καὶ</span> <span class='ocrx_word' id='word_1_331' title='bbox 3220 2100 3300 2170; x_wconf 86' lang='grc' dir='ltr'><strong>τῷ</strong></span> <span class='ocrx_word' id='word_1_332' title='bbox 3346 2101 3593 2170; x_wconf 85' lang='grc' dir='ltr'>λογισμῴ</span> 
     </span>
    </p>
   </div>
   <div class='ocr_carea' id='block_1_49' title="bbox 2013 2194 3592 2269">
    <p class='ocr_par' dir='ltr' id='par_1_49' title="bbox 2013 2194 3592 2269">
     <span class='ocr_line' id='line_1_49' title="bbox 2013 2194 3592 2269; baseline -0.004 -17"><span class='ocrx_word' id='word_1_333' title='bbox 2013 2200 2122 2253; x_wconf 83' lang='grc' dir='ltr'><strong>τῶν</strong></span> <span class='ocrx_word' id='word_1_334' title='bbox 2153 2199 2430 2269; x_wconf 82' lang='grc' dir='ltr'><strong>αἰσθητῶν</strong></span> <span class='ocrx_word' id='word_1_335' title='bbox 2461 2200 2683 2251; x_wconf 85' lang='grc' dir='ltr'>πάντων</span> <span class='ocrx_word' id='word_1_336' title='bbox 2703 2194 3062 2266; x_wconf 78' lang='grc' dir='ltr'><strong>ὑπεραρθεὶς,</strong></span> <span class='ocrx_word' id='word_1_337' title='bbox 3093 2194 3288 2262; x_wconf 81' lang='grc' dir='ltr'>διέπτη</span> <span class='ocrx_word' id='word_1_338' title='bbox 3320 2194 3411 2247; x_wconf 78' lang='grc' dir='ltr'>τὸν</span> <span class='ocrx_word' id='word_1_339' title='bbox 3434 2194 3592 2263; x_wconf 84' lang='grc' dir='ltr'>ἀέρα,</span> 
     </span>
    </p>
   </div>
   <div class='ocr_carea' id='block_1_50' title="bbox 2014 2285 3590 2363">
    <p class='ocr_par' dir='ltr' id='par_1_50' title="bbox 2014 2285 3590 2363">
     <span class='ocr_line' id='line_1_50' title="bbox 2014 2285 3590 2363; baseline -0.005 -19"><span class='ocrx_word' id='word_1_340' title='bbox 2014 2291 2264 2363; x_wconf 81' lang='grc' dir='ltr'>παρῆλθε</span> <span class='ocrx_word' id='word_1_341' title='bbox 2317 2291 2408 2344; x_wconf 78' lang='grc' dir='ltr'>τὸν</span> <span class='ocrx_word' id='word_1_342' title='bbox 2461 2288 2680 2360; x_wconf 79' lang='grc' dir='ltr'>αἰθέρα,</span> <span class='ocrx_word' id='word_1_343' title='bbox 2715 2289 2867 2342; x_wconf 85' lang='grc' dir='ltr'>κάτω</span> <span class='ocrx_word' id='word_1_344' title='bbox 2917 2287 3135 2340; x_wconf 88' lang='grc' dir='ltr'>λέλοιπε</span> <span class='ocrx_word' id='word_1_345' title='bbox 3163 2288 3290 2349; x_wconf 84' lang='grc' dir='ltr'>τοὺς</span> <span class='ocrx_word' id='word_1_346' title='bbox 3330 2285 3590 2353; x_wconf 82' lang='grc' dir='ltr'><strong>ἀστέρας,</strong></span> 
     </span>
    </p>
   </div>
   <div class='ocr_carea' id='block_1_51' title="bbox 2015 2376 3593 2452">
    <p class='ocr_par' dir='ltr' id='par_1_51' title="bbox 2015 2376 3593 2452">
     <span class='ocr_line' id='line_1_51' title="bbox 2015 2376 3593 2452; baseline -0.005 -17"><span class='ocrx_word' id='word_1_347' title='bbox 2015 2381 2276 2452; x_wconf 82' lang='grc' dir='ltr'><strong>ὑπεράνω</strong></span> <span class='ocrx_word' id='word_1_348' title='bbox 2309 2382 2501 2450; x_wconf 85' lang='grc' dir='ltr'>γέγονε</span> <span class='ocrx_word' id='word_1_349' title='bbox 2542 2381 2643 2449; x_wconf 85' lang='grc' dir='ltr'><strong>τῆς</strong></span> <span class='ocrx_word' id='word_1_350' title='bbox 2682 2380 2957 2448; x_wconf 84' lang='grc' dir='ltr'>ἀνάστρου</span> <span class='ocrx_word' id='word_1_351' title='bbox 3008 2377 3244 2448; x_wconf 80' lang='grc' dir='ltr'>σφαίρας</span> <span class='ocrx_word' id='word_1_352' title='bbox 3273 2394 3287 2408; x_wconf 74' lang='grc' dir='ltr'><strong>ο</strong></span> <span class='ocrx_word' id='word_1_353' title='bbox 3321 2378 3417 2430; x_wconf 72' lang='grc' dir='ltr'>καὶ</span> <span class='ocrx_word' id='word_1_354' title='bbox 3453 2376 3593 2444; x_wconf 85' lang='grc' dir='ltr'>μετὰ</span> 
     </span>
    </p>
   </div>
   <div class='ocr_carea' id='block_1_52' title="bbox 2011 2468 3596 2542">
    <p class='ocr_par' dir='ltr' id='par_1_52' title="bbox 2011 2468 3596 2542">
     <span class='ocr_line' id='line_1_52' title="bbox 2011 2468 3596 2542; baseline -0.004 -15"><span class='ocrx_word' id='word_1_355' title='bbox 2011 2475 2122 2527; x_wconf 82' lang='grc' dir='ltr'><strong>τῶν</strong></span> <span class='ocrx_word' id='word_1_356' title='bbox 2157 2473 2338 2527; x_wconf 70' lang='grc' dir='ltr'>ἄθλων</span> <span class='ocrx_word' id='word_1_357' title='bbox 2367 2473 2686 2542; x_wconf 82' lang='grc' dir='ltr'>γενόμενος.</span> <span class='ocrx_word' id='word_1_358' title='bbox 2721 2472 2964 2534; x_wconf 73' lang='grc' dir='ltr'>καὶτοὺς</span> <span class='ocrx_word' id='word_1_359' title='bbox 2993 2471 3256 2540; x_wconf 77' lang='grc' dir='ltr'><strong>πυρίνους</strong></span> <span class='ocrx_word' id='word_1_360' title='bbox 3283 2468 3391 2521; x_wconf 84' lang='grc' dir='ltr'>τῶν</span> <span class='ocrx_word' id='word_1_361' title='bbox 3422 2469 3596 2539; x_wconf 85' lang='grc' dir='ltr'>Σερα-</span> 
     </span>
    </p>
   </div>
   <div class='ocr_carea' id='block_1_53' title="bbox 2013 2558 3590 2634">
    <p class='ocr_par' dir='ltr' id='par_1_53' title="bbox 2013 2558 3590 2634">
     <span class='ocr_line' id='line_1_53' title="bbox 2013 2558 3590 2634; baseline -0.002 -20"><span class='ocrx_word' id='word_1_362' title='bbox 2013 2565 2120 2633; x_wconf 64' lang='lat' dir='ltr'><strong>(pip.</strong></span> <span class='ocrx_word' id='word_1_363' title='bbox 2179 2564 2425 2634; x_wconf 76' lang='grc' dir='ltr'><strong>ὑπερϐὰς</strong></span> <span class='ocrx_word' id='word_1_364' title='bbox 2483 2563 2804 2631; x_wconf 81' lang='grc' dir='ltr'>ποταμοὺς,</span> <span class='ocrx_word' id='word_1_365' title='bbox 2867 2562 2962 2615; x_wconf 85' lang='grc' dir='ltr'><strong>καί</strong></span> <span class='ocrx_word' id='word_1_366' title='bbox 3025 2561 3253 2630; x_wconf 74' lang='grc' dir='ltr'>μυηθεὶς</span> <span class='ocrx_word' id='word_1_367' title='bbox 3307 2559 3456 2630; x_wconf 84' lang='grc' dir='ltr'>παρὰ</span> <span class='ocrx_word' id='word_1_368' title='bbox 3494 2558 3590 2612; x_wconf 80' lang='grc' dir='ltr'><strong>τοῦ</strong></span> 
     </span>
    </p>
   </div>
   <div class='ocr_carea' id='block_1_54' title="bbox 2015 2650 3594 2726">
    <p class='ocr_par' dir='ltr' id='par_1_54' title="bbox 2015 2650 3594 2726">
     <span class='ocr_line' id='line_1_54' title="bbox 2015 2650 3594 2726; baseline -0.003 -17"><span class='ocrx_word' id='word_1_369' title='bbox 2015 2656 2232 2726; x_wconf 83' lang='grc' dir='ltr'>Πατρδς</span> <span class='ocrx_word' id='word_1_370' title='bbox 2262 2655 2357 2709; x_wconf 80' lang='grc' dir='ltr'>τοῦ</span> <span class='ocrx_word' id='word_1_371' title='bbox 2396 2655 2740 2724; x_wconf 78' lang='grc' dir='ltr'><strong>Μονογενοῦς</strong></span> <span class='ocrx_word' id='word_1_372' title='bbox 2769 2655 2868 2724; x_wconf 81' lang='grc' dir='ltr'>τὴν</span> <span class='ocrx_word' id='word_1_373' title='bbox 2903 2653 3207 2720; x_wconf 79' lang='grc' dir='ltr'>εὐγένειαν,</span> <span class='ocrx_word' id='word_1_374' title='bbox 3255 2651 3355 2720; x_wconf 79' lang='grc' dir='ltr'><strong>τὴν</strong></span> <span class='ocrx_word' id='word_1_375' title='bbox 3411 2650 3594 2704; x_wconf 81' lang='grc' dir='ltr'><strong>θεολο-</strong></span> 
     </span>
    </p>
   </div>
   <div class='ocr_carea' id='block_1_55' title="bbox 2013 2738 3592 2817">
    <p class='ocr_par' dir='ltr' id='par_1_55' title="bbox 2013 2738 3592 2817">
     <span class='ocr_line' id='line_1_55' title="bbox 2013 2738 3592 2817; baseline -0.004 -17"><span class='ocrx_word' id='word_1_376' title='bbox 2013 2749 2176 2817; x_wconf 80' lang='grc' dir='ltr'>γικὴν</span> <span class='ocrx_word' id='word_1_377' title='bbox 2206 2748 2422 2816; x_wconf 75' lang='grc' dir='ltr'>ἐκείνην</span> <span class='ocrx_word' id='word_1_378' title='bbox 2452 2748 2633 2815; x_wconf 72' lang='grc' dir='ltr'>ἀφῆκε</span> <span class='ocrx_word' id='word_1_379' title='bbox 2664 2747 2873 2815; x_wconf 83' lang='grc' dir='ltr'>φωνήν⁶</span> <span class='ocrx_word' id='word_1_380' title='bbox 2915 2763 2933 2796; x_wconf 79' lang='grc' dir='ltr'><strong>ι</strong></span> <span class='ocrx_word' id='word_1_381' title='bbox 2964 2744 3037 2796; x_wconf 73' lang='grc' dir='ltr'>Σὺ</span> <span class='ocrx_word' id='word_1_382' title='bbox 3086 2738 3139 2796; x_wconf 70' lang='grc' dir='ltr'><strong>εἴ</strong></span> <span class='ocrx_word' id='word_1_383' title='bbox 3181 2744 3209 2796; x_wconf 83' lang='grc' dir='ltr'><strong>ὁ</strong></span> <span class='ocrx_word' id='word_1_384' title='bbox 3256 2742 3515 2810; x_wconf 81' lang='grc' dir='ltr'>Χριστὸς,</span> <span class='ocrx_word' id='word_1_385' title='bbox 3563 2741 3592 2794; x_wconf 79' lang='grc' dir='ltr'><strong>ὁ</strong></span> 
     </span>
    </p>
   </div>
   <div class='ocr_carea' id='block_1_56' title="bbox 2013 2831 3592 2904">
    <p class='ocr_par' dir='ltr' id='par_1_56' title="bbox 2013 2831 3592 2904">
     <span class='ocr_line' id='line_1_56' title="bbox 2013 2831 3592 2904; baseline -0.004 -14"><span class='ocrx_word' id='word_1_386' title='bbox 2013 2838 2144 2899; x_wconf 85' lang='grc' dir='ltr'>Υίὸς</span> <span class='ocrx_word' id='word_1_387' title='bbox 2171 2837 2266 2890; x_wconf 83' lang='grc' dir='ltr'><strong>τοῦ</strong></span> <span class='ocrx_word' id='word_1_388' title='bbox 2291 2837 2428 2889; x_wconf 86' lang='grc' dir='ltr'><strong>Θεοῦ</strong></span> <span class='ocrx_word' id='word_1_389' title='bbox 2461 2837 2552 2890; x_wconf 77' lang='grc' dir='ltr'><strong>τοῦ</strong></span> <span class='ocrx_word' id='word_1_390' title='bbox 2588 2835 2812 2900; x_wconf 80' lang='grc' dir='ltr'>ζῶντος.</span> <span class='ocrx_word' id='word_1_391' title='bbox 2847 2855 2864 2888; x_wconf 78' lang='lat' dir='ltr'><strong>t</strong></span> <span class='ocrx_word' id='word_1_392' title='bbox 2901 2836 3112 2896; x_wconf 90' lang='grc' dir='ltr'><strong>Ὄντως</strong></span> <span class='ocrx_word' id='word_1_393' title='bbox 3135 2831 3195 2886; x_wconf 82' lang='grc' dir='ltr'><strong>οὐ</strong></span> <span class='ocrx_word' id='word_1_394' title='bbox 3232 2832 3438 2904; x_wconf 78' lang='grc' dir='ltr'>σαρκὸς</span> <span class='ocrx_word' id='word_1_395' title='bbox 3495 2833 3592 2884; x_wconf 76' lang='grc' dir='ltr'>καὶ</span> 
     </span>
    </p>
   </div>
   <div class='ocr_carea' id='block_1_57' title="bbox 2012 2926 3589 3000">
    <p class='ocr_par' dir='ltr' id='par_1_57' title="bbox 2012 2926 3589 3000">
     <span class='ocr_line' id='line_1_57' title="bbox 2012 2926 3589 3000; baseline -0.005 -16"><span class='ocrx_word' id='word_1_396' title='bbox 2012 2931 2266 3000; x_wconf 77' lang='grc' dir='ltr'>αἵματος,</span> <span class='ocrx_word' id='word_1_397' title='bbox 2303 2931 2418 2983; x_wconf 86' lang='grc' dir='ltr'>ἀλλ’</span> <span class='ocrx_word' id='word_1_398' title='bbox 2449 2933 2707 2999; x_wconf 73' lang='grc' dir='ltr'>οὐρανῗου</span> <span class='ocrx_word' id='word_1_399' title='bbox 2731 2929 2946 2996; x_wconf 83' lang='grc' dir='ltr'>Πατρὸς</span> <span class='ocrx_word' id='word_1_400' title='bbox 2982 2927 3349 2995; x_wconf 73' lang='grc' dir='ltr'>ἀποκάλυψις.</span> <span class='ocrx_word' id='word_1_401' title='bbox 3388 2926 3589 2978; x_wconf 79' lang='grc' dir='ltr'><strong>Σκόπει</strong></span> 
     </span>
    </p>
   </div>
   <div class='ocr_carea' id='block_1_58' title="bbox 2013 3017 3588 3093">
    <p class='ocr_par' dir='ltr' id='par_1_58' title="bbox 2013 3017 3588 3093">
     <span class='ocr_line' id='line_1_58' title="bbox 2013 3017 3588 3093; baseline -0.004 -19"><span class='ocrx_word' id='word_1_402' title='bbox 2013 3022 2122 3092; x_wconf 83' lang='grc' dir='ltr'><strong>γὰρ</strong></span> <span class='ocrx_word' id='word_1_403' title='bbox 2150 3022 2272 3074; x_wconf 82' lang='grc' dir='ltr'>ὅσον</span> <span class='ocrx_word' id='word_1_404' title='bbox 2303 3023 2360 3073; x_wconf 84' lang='grc' dir='ltr'><strong>ὲν</strong></span> <span class='ocrx_word' id='word_1_405' title='bbox 2389 3021 2471 3072; x_wconf 69' lang='grc' dir='ltr'><strong>ἑνὶ</strong></span> <span class='ocrx_word' id='word_1_406' title='bbox 2511 3023 2719 3093; x_wconf 80' lang='grc' dir='ltr'>ῥήματι</span> <span class='ocrx_word' id='word_1_407' title='bbox 2743 3020 3057 3090; x_wconf 82' lang='grc' dir='ltr'>κέκρυπται</span> <span class='ocrx_word' id='word_1_408' title='bbox 3089 3017 3370 3084; x_wconf 76' lang='grc' dir='ltr'>θεολογίας</span> <span class='ocrx_word' id='word_1_409' title='bbox 3402 3017 3588 3086; x_wconf 84' lang='grc' dir='ltr'>βυθός.</span> 
     </span>
    </p>
   </div>
   <div class='ocr_carea' id='block_1_59' title="bbox 2024 3106 3590 3181">
    <p class='ocr_par' dir='ltr' id='par_1_59' title="bbox 2024 3106 3590 3181">
     <span class='ocr_line' id='line_1_59' title="bbox 2024 3106 3590 3181; baseline -0.004 -17"><span class='ocrx_word' id='word_1_410' title='bbox 2024 3111 2084 3164; x_wconf 91' lang='grc' dir='ltr'>Ὁ</span> <span class='ocrx_word' id='word_1_411' title='bbox 2111 3112 2208 3180; x_wconf 80' lang='grc' dir='ltr'><strong>μὲν</strong></span> <span class='ocrx_word' id='word_1_412' title='bbox 2239 3113 2347 3181; x_wconf 80' lang='grc' dir='ltr'><strong>γὰρ</strong></span> <span class='ocrx_word' id='word_1_413' title='bbox 2379 3113 2570 3180; x_wconf 78' lang='grc' dir='ltr'>Σωτὴρ</span> <span class='ocrx_word' id='word_1_414' title='bbox 2620 3109 2854 3162; x_wconf 77' lang='grc' dir='ltr'>ἐπύθετο</span> <span class='ocrx_word' id='word_1_415' title='bbox 2874 3124 2887 3137; x_wconf 88' lang='grc'><strong>·</strong></span> <span class='ocrx_word' id='word_1_416' title='bbox 2927 3127 2946 3159; x_wconf 79' lang='grc' dir='ltr'><strong>ι</strong></span> <span class='ocrx_word' id='word_1_417' title='bbox 2977 3109 3112 3160; x_wconf 85' lang='grc' dir='ltr'>Τίνα</span> <span class='ocrx_word' id='word_1_418' title='bbox 3151 3125 3218 3176; x_wconf 89' lang='grc' dir='ltr'><strong>με</strong></span> <span class='ocrx_word' id='word_1_419' title='bbox 3257 3106 3508 3174; x_wconf 85' lang='grc' dir='ltr'>λέγουσιν</span> <span class='ocrx_word' id='word_1_420' title='bbox 3541 3106 3590 3158; x_wconf 83' lang='grc' dir='ltr'><strong>οἱ</strong></span> 
     </span>
    </p>
   </div>
   <div class='ocr_carea' id='block_1_60' title="bbox 335 3185 1912 3278">
    <p class='ocr_par' dir='ltr' id='par_1_60' title="bbox 335 3185 1912 3257">
     <span class='ocr_line' id='line_1_60' title="bbox 335 3185 1912 3257; baseline 0 -19"><span class='ocrx_word' id='word_1_421' title='bbox 335 3185 500 3257; x_wconf 73' lang='grc'>374,</span> <span class='ocrx_word' id='word_1_422' title='bbox 535 3185 806 3240; x_wconf 72' lang='lat' dir='ltr'><strong>hominis?</strong></span> <span class='ocrx_word' id='word_1_423' title='bbox 837 3205 854 3237; x_wconf 77' lang='grc' dir='ltr'><strong>ι</strong></span> <span class='ocrx_word' id='word_1_424' title='bbox 901 3188 1192 3239; x_wconf 84' lang='lat' dir='ltr'><strong>humanam</strong></span> <span class='ocrx_word' id='word_1_425' title='bbox 1257 3195 1508 3238; x_wconf 86' lang='lat' dir='ltr'><strong>naturam</strong></span> <span class='ocrx_word' id='word_1_426' title='bbox 1572 3185 1912 3252; x_wconf 90' lang='lat' dir='ltr'><strong>appositione</strong></span> 
     </span>
    </p>
   </div>
   <div class='ocr_carea' id='block_1_61' title="bbox 2015 3185 3589 3278">
    <p class='ocr_par' dir='ltr' id='par_1_61' title="bbox 2015 3199 3589 3272">
     <span class='ocr_line' id='line_1_61' title="bbox 2015 3199 3589 3272; baseline -0.006 -15"><span class='ocrx_word' id='word_1_427' title='bbox 2015 3202 2290 3272; x_wconf 75' lang='grc' dir='ltr'>ἅνθρωποι</span> <span class='ocrx_word' id='word_1_428' title='bbox 2329 3203 2420 3256; x_wconf 72' lang='grc' dir='ltr'>τὸν</span> <span class='ocrx_word' id='word_1_429' title='bbox 2461 3203 2590 3255; x_wconf 71' lang='lat' dir='ltr'><strong>Yle</strong></span> <span class='ocrx_word' id='word_1_430' title='bbox 2627 3201 2721 3255; x_wconf 81' lang='grc' dir='ltr'>τοῦ</span> <span class='ocrx_word' id='word_1_431' title='bbox 2741 3199 3030 3270; x_wconf 79' lang='grc' dir='ltr'>ἀνθρώπου</span> <span class='ocrx_word' id='word_1_432' title='bbox 3062 3216 3077 3265; x_wconf 88' lang='lat'><strong>;</strong></span> <span class='ocrx_word' id='word_1_433' title='bbox 3111 3217 3130 3251; x_wconf 85' lang='grc'><strong>›</strong></span> <span class='ocrx_word' id='word_1_434' title='bbox 3160 3199 3249 3252; x_wconf 82' lang='grc' dir='ltr'>διὰ</span> <span class='ocrx_word' id='word_1_435' title='bbox 3281 3199 3380 3266; x_wconf 83' lang='grc' dir='ltr'>τῆς</span> <span class='ocrx_word' id='word_1_436' title='bbox 3413 3213 3589 3266; x_wconf 83' lang='grc' dir='ltr'>προσ-</span> 
     </span>
    </p>
   </div>
   <div class='ocr_carea' id='block_1_62' title="bbox 336 3277 1913 3344">
    <p class='ocr_par' dir='ltr' id='par_1_62' title="bbox 336 3277 1913 3344">
     <span class='ocr_line' id='line_1_62' title="bbox 336 3277 1913 3344; baseline 0.001 -13"><span class='ocrx_word' id='word_1_437' title='bbox 336 3277 458 3332; x_wconf 87' lang='lat' dir='ltr'><strong>Filii</strong></span> <span class='ocrx_word' id='word_1_438' title='bbox 498 3277 755 3344; x_wconf 84' lang='lat' dir='ltr'><strong>hominis,</strong></span> <span class='ocrx_word' id='word_1_439' title='bbox 788 3277 1059 3333; x_wconf 79' lang='lat' dir='ltr'><strong>indicans.</strong></span> <span class='ocrx_word' id='word_1_440' title='bbox 1096 3278 1290 3331; x_wconf 88' lang='lat' dir='ltr'><strong>Petrus</strong></span> <span class='ocrx_word' id='word_1_441' title='bbox 1341 3287 1544 3343; x_wconf 89' lang='lat' dir='ltr'><strong>autem,</strong></span> <span class='ocrx_word' id='word_1_442' title='bbox 1567 3277 1814 3330; x_wconf 88' lang='lat' dir='ltr'><strong>eumdem</strong></span> <span class='ocrx_word' id='word_1_443' title='bbox 1858 3285 1913 3332; x_wconf 87' lang='lat' dir='ltr'><strong>et</strong></span> 
     </span>
    </p>
   </div>
   <div class='ocr_carea' id='block_1_63' title="bbox 335 3368 1912 3436">
    <p class='ocr_par' dir='ltr' id='par_1_63' title="bbox 335 3368 1912 3436">
     <span class='ocr_line' id='line_1_63' title="bbox 335 3368 1912 3436; baseline 0 -13"><span class='ocrx_word' id='word_1_444' title='bbox 335 3368 534 3424; x_wconf 76' lang='lat' dir='ltr'><strong>Filium</strong></span> <span class='ocrx_word' id='word_1_445' title='bbox 595 3371 855 3434; x_wconf 89' lang='lat' dir='ltr'><strong>hominis,</strong></span> <span class='ocrx_word' id='word_1_446' title='bbox 888 3380 943 3423; x_wconf 91' lang='lat' dir='ltr'><strong>et</strong></span> <span class='ocrx_word' id='word_1_447' title='bbox 990 3369 1184 3424; x_wconf 85' lang='lat' dir='ltr'><strong>Filium</strong></span> <span class='ocrx_word' id='word_1_448' title='bbox 1235 3368 1329 3422; x_wconf 90' lang='lat' dir='ltr'><strong>Dei</strong></span> <span class='ocrx_word' id='word_1_449' title='bbox 1386 3383 1507 3423; x_wconf 86' lang='lat' dir='ltr'><strong>esse</strong></span> <span class='ocrx_word' id='word_1_450' title='bbox 1557 3381 1912 3436; x_wconf 85' lang='lat' dir='ltr'><strong>cognoscens,</strong></span> 
     </span>
    </p>
   </div>
   <div class='ocr_carea' id='block_1_64' title="bbox 339 3461 1914 3531">
    <p class='ocr_par' dir='ltr' id='par_1_64' title="bbox 339 3461 1914 3531">
     <span class='ocr_line' id='line_1_64' title="bbox 339 3461 1914 3531; baseline -0.001 -14"><span class='ocrx_word' id='word_1_451' title='bbox 339 3477 501 3518; x_wconf 91' lang='lat' dir='ltr'><strong>unam</strong></span> <span class='ocrx_word' id='word_1_452' title='bbox 551 3477 842 3531; x_wconf 85' lang='lat' dir='ltr'><strong>personam</strong></span> <span class='ocrx_word' id='word_1_453' title='bbox 897 3463 951 3516; x_wconf 92' lang='lat' dir='ltr'><strong>in</strong></span> <span class='ocrx_word' id='word_1_454' title='bbox 1004 3461 1219 3517; x_wconf 85' lang='lat' dir='ltr'><strong>duabus</strong></span> <span class='ocrx_word' id='word_1_455' title='bbox 1278 3462 1488 3515; x_wconf 86' lang='lat' dir='ltr'><strong>naturis</strong></span> <span class='ocrx_word' id='word_1_456' title='bbox 1540 3461 1821 3515; x_wconf 81' lang='lat' dir='ltr'><strong>inconfuse</strong></span> <span class='ocrx_word' id='word_1_457' title='bbox 1859 3471 1914 3515; x_wconf 83' lang='lat' dir='ltr'><strong>et</strong></span> 
     </span>
    </p>
   </div>
   <div class='ocr_carea' id='block_1_65' title="bbox 341 3551 1914 3625">
    <p class='ocr_par' dir='ltr' id='par_1_65' title="bbox 341 3551 1914 3625">
     <span class='ocr_line' id='line_1_65' title="bbox 341 3551 1914 3625; baseline -0.001 -16"><span class='ocrx_word' id='word_1_458' title='bbox 341 3554 683 3625; x_wconf 84' lang='lat' dir='ltr'><strong>impermiste</strong></span> <span class='ocrx_word' id='word_1_459' title='bbox 710 3554 1084 3625; x_wconf 79' lang='lat' dir='ltr'><strong>compositam,</strong></span> <span class='ocrx_word' id='word_1_460' title='bbox 1107 3555 1174 3607; x_wconf 88' lang='lat' dir='ltr'><strong>ad</strong></span> <span class='ocrx_word' id='word_1_461' title='bbox 1202 3563 1449 3607; x_wconf 87' lang='lat' dir='ltr'><strong>naturam</strong></span> <span class='ocrx_word' id='word_1_462' title='bbox 1471 3551 1702 3607; x_wconf 85' lang='lat' dir='ltr'><strong>Deitatis</strong></span> <span class='ocrx_word' id='word_1_463' title='bbox 1733 3561 1914 3607; x_wconf 84' lang='lat' dir='ltr'><strong>mente</strong></span> 
     </span>
    </p>
   </div>
   <div class='ocr_carea' id='block_1_66' title="bbox 339 3642 598 3712">
    <p class='ocr_par' dir='ltr' id='par_1_66' title="bbox 339 3642 598 3712">
     <span class='ocr_line' id='line_1_66' title="bbox 339 3642 598 3712; baseline 0 -15"><span class='ocrx_word' id='word_1_464' title='bbox 339 3642 598 3712; x_wconf 87' lang='lat' dir='ltr'><strong>prosiliit.</strong></span> 
     </span>
    </p>
   </div>
   <div class='ocr_carea' id='block_1_67' title="bbox 418 3749 1914 3820">
    <p class='ocr_par' dir='ltr' id='par_1_67' title="bbox 418 3749 1914 3820">
     <span class='ocr_line' id='line_1_67' title="bbox 418 3749 1914 3820; baseline 0.005 -18"><span class='ocrx_word' id='word_1_465' title='bbox 418 3768 439 3802; x_wconf 80' lang='grc' dir='ltr'><strong>ι</strong></span> <span class='ocrx_word' id='word_1_466' title='bbox 485 3749 566 3806; x_wconf 88' lang='lat' dir='ltr'><strong>&#39;l&#39;u</strong></span> <span class='ocrx_word' id='word_1_467' title='bbox 617 3766 677 3807; x_wconf 89' lang='lat' dir='ltr'><strong>es</strong></span> <span class='ocrx_word' id='word_1_468' title='bbox 706 3752 958 3808; x_wconf 89' lang='lat' dir='ltr'><strong>Christus</strong></span> <span class='ocrx_word' id='word_1_469' title='bbox 1003 3753 1174 3807; x_wconf 86' lang='lat' dir='ltr'><strong>Filius</strong></span> <span class='ocrx_word' id='word_1_470' title='bbox 1205 3751 1302 3807; x_wconf 88' lang='lat' dir='ltr'><strong>Dei</strong></span> <span class='ocrx_word' id='word_1_471' title='bbox 1334 3752 1463 3807; x_wconf 86' lang='lat' dir='ltr'><strong>vivi.</strong></span> <span class='ocrx_word' id='word_1_472' title='bbox 1496 3769 1514 3804; x_wconf 76' lang='grc' dir='ltr'><strong>ι</strong></span> <span class='ocrx_word' id='word_1_473' title='bbox 1558 3751 1770 3820; x_wconf 82' lang='lat' dir='ltr'><strong>Quanto</strong></span> <span class='ocrx_word' id='word_1_474' title='bbox 1811 3754 1914 3810; x_wconf 90' lang='lat' dir='ltr'><strong>hoc</strong></span> 
     </span>
    </p>
   </div>
   <div class='ocr_carea' id='block_1_68' title="bbox 339 3842 1914 3913">
    <p class='ocr_par' dir='ltr' id='par_1_68' title="bbox 339 3842 1914 3913">
     <span class='ocr_line' id='line_1_68' title="bbox 339 3842 1914 3913; baseline 0.003 -17"><span class='ocrx_word' id='word_1_475' title='bbox 339 3842 566 3897; x_wconf 86' lang='lat' dir='ltr'><strong>verbum</strong></span> <span class='ocrx_word' id='word_1_476' title='bbox 619 3845 826 3913; x_wconf 88' lang='lat' dir='ltr'><strong>pudore</strong></span> <span class='ocrx_word' id='word_1_477' title='bbox 878 3843 1163 3898; x_wconf 79' lang='lat' dir='ltr'><strong>confundit</strong></span> <span class='ocrx_word' id='word_1_478' title='bbox 1211 3844 1520 3902; x_wconf 71' lang='lat' dir='ltr'><strong>Nemorium</strong></span> <span class='ocrx_word' id='word_1_479' title='bbox 1566 3845 1914 3901; x_wconf 86' lang='lat' dir='ltr'><strong>adoratorem</strong></span> 
     </span>
    </p>
   </div>
   <div class='ocr_carea' id='block_1_69' title="bbox 341 3938 1915 4010">
    <p class='ocr_par' dir='ltr' id='par_1_69' title="bbox 341 3938 1915 4010">
     <span class='ocr_line' id='line_1_69' title="bbox 341 3938 1915 4010; baseline 0.002 -18"><span class='ocrx_word' id='word_1_480' title='bbox 341 3938 595 4002; x_wconf 88' lang='lat' dir='ltr'><strong>hominis,</strong></span> <span class='ocrx_word' id='word_1_481' title='bbox 623 3949 673 3994; x_wconf 92' lang='lat' dir='ltr'><strong>et</strong></span> <span class='ocrx_word' id='word_1_482' title='bbox 705 3941 970 4008; x_wconf 90' lang='lat' dir='ltr'><strong>impuram</strong></span> <span class='ocrx_word' id='word_1_483' title='bbox 1014 3940 1158 3994; x_wconf 82' lang='lat' dir='ltr'><strong>illam</strong></span> <span class='ocrx_word' id='word_1_484' title='bbox 1195 3955 1258 3994; x_wconf 89' lang='lat' dir='ltr'><strong>ac</strong></span> <span class='ocrx_word' id='word_1_485' title='bbox 1297 3939 1668 4010; x_wconf 86' lang='lat' dir='ltr'><strong>blasphemam</strong></span> <span class='ocrx_word' id='word_1_486' title='bbox 1699 3950 1755 3994; x_wconf 90' lang='lat' dir='ltr'><strong>et</strong></span> <span class='ocrx_word' id='word_1_487' title='bbox 1783 3941 1915 3995; x_wconf 87' lang='lat' dir='ltr'><strong>sub-</strong></span> 
     </span>
    </p>
   </div>
   <div class='ocr_carea' id='block_1_70' title="bbox 340 4027 1913 4097">
    <p class='ocr_par' dir='ltr' id='par_1_70' title="bbox 340 4027 1913 4097">
     <span class='ocr_line' id='line_1_70' title="bbox 340 4027 1913 4097; baseline 0.001 -16"><span class='ocrx_word' id='word_1_488' title='bbox 340 4027 707 4082; x_wconf 79' lang='lat' dir='ltr'><strong>sanitatricem</strong></span> <span class='ocrx_word' id='word_1_489' title='bbox 736 4027 997 4097; x_wconf 88' lang='lat' dir='ltr'><strong>linguam,</strong></span> <span class='ocrx_word' id='word_1_490' title='bbox 1023 4038 1242 4083; x_wconf 88' lang='lat' dir='ltr'><strong>acutum</strong></span> <span class='ocrx_word' id='word_1_491' title='bbox 1271 4027 1422 4083; x_wconf 92' lang='lat' dir='ltr'><strong>illum</strong></span> <span class='ocrx_word' id='word_1_492' title='bbox 1450 4033 1708 4084; x_wconf 88' lang='lat' dir='ltr'><strong>adversus</strong></span> <span class='ocrx_word' id='word_1_493' title='bbox 1736 4029 1913 4097; x_wconf 80' lang='lat' dir='ltr'><strong>Pieta-</strong></span> 
     </span>
    </p>
   </div>
   <div class='ocr_carea' id='block_1_71' title="bbox 341 4117 1911 4186">
    <p class='ocr_par' dir='ltr' id='par_1_71' title="bbox 341 4117 1911 4186">
     <span class='ocr_line' id='line_1_71' title="bbox 341 4117 1911 4186; baseline 0.002 -16"><span class='ocrx_word' id='word_1_494' title='bbox 341 4125 449 4170; x_wconf 87' lang='lat' dir='ltr'><strong>tem</strong></span> <span class='ocrx_word' id='word_1_495' title='bbox 493 4117 751 4186; x_wconf 84' lang='lat' dir='ltr'><strong>gladium,</strong></span> <span class='ocrx_word' id='word_1_496' title='bbox 782 4133 948 4172; x_wconf 90' lang='lat' dir='ltr'><strong>unum</strong></span> <span class='ocrx_word' id='word_1_497' title='bbox 981 4117 1257 4172; x_wconf 87' lang='lat' dir='ltr'><strong>Christum</strong></span> <span class='ocrx_word' id='word_1_498' title='bbox 1285 4119 1338 4172; x_wconf 91' lang='lat' dir='ltr'><strong>in</strong></span> <span class='ocrx_word' id='word_1_499' title='bbox 1369 4119 1505 4173; x_wconf 89' lang='lat' dir='ltr'><strong>duos</strong></span> <span class='ocrx_word' id='word_1_500' title='bbox 1535 4120 1671 4173; x_wconf 87' lang='lat' dir='ltr'><strong>lllios</strong></span> <span class='ocrx_word' id='word_1_501' title='bbox 1701 4120 1911 4175; x_wconf 82' lang='lat' dir='ltr'><strong>discin-</strong></span> 
     </span>
    </p>
   </div>
   <div class='ocr_carea' id='block_1_72' title="bbox 341 4207 1911 4284">
    <p class='ocr_par' dir='ltr' id='par_1_72' title="bbox 341 4207 1911 4284">
     <span class='ocr_line' id='line_1_72' title="bbox 341 4207 1911 4284; baseline 0.003 -22"><span class='ocrx_word' id='word_1_502' title='bbox 341 4207 600 4262; x_wconf 87' lang='lat' dir='ltr'><strong>dentem?</strong></span> <span class='ocrx_word' id='word_1_503' title='bbox 626 4210 894 4274; x_wconf 81' lang='lat' dir='ltr'><strong>quomodo</strong></span> <span class='ocrx_word' id='word_1_504' title='bbox 929 4211 1092 4264; x_wconf 89' lang='lat' dir='ltr'><strong>etiam</strong></span> <span class='ocrx_word' id='word_1_505' title='bbox 1124 4212 1500 4264; x_wconf 86' lang='lat' dir='ltr'><strong>Armeniorum</strong></span> <span class='ocrx_word' id='word_1_506' title='bbox 1541 4211 1764 4268; x_wconf 57' lang='lat' dir='ltr'><strong>haeresis</strong></span> <span class='ocrx_word' id='word_1_507' title='bbox 1798 4211 1911 4284; x_wconf 84' lang='lat'><strong>(68)</strong></span> 
     </span>
    </p>
   </div>
   <div class='ocr_carea' id='block_1_73' title="bbox 347 4302 1910 4374">
    <p class='ocr_par' dir='ltr' id='par_1_73' title="bbox 347 4302 1910 4374">
     <span class='ocr_line' id='line_1_73' title="bbox 347 4302 1910 4374; baseline 0.004 -18"><span class='ocrx_word' id='word_1_508' title='bbox 347 4302 535 4358; x_wconf 87' lang='lat' dir='ltr'><strong>dentes</strong></span> <span class='ocrx_word' id='word_1_509' title='bbox 601 4303 890 4371; x_wconf 76' lang='lat' dir='ltr'><strong>infringit:</strong></span> <span class='ocrx_word' id='word_1_510' title='bbox 952 4307 1224 4373; x_wconf 89' lang='lat' dir='ltr'><strong>quomodo</strong></span> <span class='ocrx_word' id='word_1_511' title='bbox 1276 4305 1674 4374; x_wconf 86' lang='lat' dir='ltr'><strong>Acephalorum</strong></span> <span class='ocrx_word' id='word_1_512' title='bbox 1736 4307 1910 4362; x_wconf 70' lang='lat' dir='ltr'><strong>hatre-</strong></span> 
     </span>
    </p>
   </div>
   <div class='ocr_carea' id='block_1_74' title="bbox 414 4478 892 4550">
    <p class='ocr_par' dir='ltr' id='par_1_74' title="bbox 414 4478 892 4550">
     <span class='ocr_line' id='line_1_74' title="bbox 414 4478 892 4550; baseline 0.013 -14"><span class='ocrx_word' id='word_1_513' title='bbox 414 4481 463 4516; x_wconf 78' lang='lat'>“</span> <span class='ocrx_word' id='word_1_514' title='bbox 486 4478 641 4540; x_wconf 84' lang='lat' dir='ltr'><strong>Joan.</strong></span> <span class='ocrx_word' id='word_1_515' title='bbox 674 4500 768 4550; x_wconf 76' lang='lat' dir='ltr'><strong>vn,</strong></span> <span class='ocrx_word' id='word_1_516' title='bbox 805 4485 892 4542; x_wconf 84' lang='lat' dir='ltr'><strong>l5.</strong></span> 
     </span>
    </p>
   </div>
   <div class='ocr_carea' id='block_1_75' title="bbox 2018 3288 3592 3363">
    <p class='ocr_par' dir='ltr' id='par_1_75' title="bbox 2018 3288 3592 3363">
     <span class='ocr_line' id='line_1_75' title="bbox 2018 3288 3592 3363; baseline -0.004 -17"><span class='ocrx_word' id='word_1_517' title='bbox 2018 3293 2198 3363; x_wconf 80' lang='grc' dir='ltr'><strong>θήκης</strong></span> <span class='ocrx_word' id='word_1_518' title='bbox 2262 3293 2359 3346; x_wconf 83' lang='grc' dir='ltr'><strong>τοῦ</strong></span> <span class='ocrx_word' id='word_1_519' title='bbox 2391 3291 2524 3345; x_wconf 87' lang='grc' dir='ltr'><strong>Υἱοῦ</strong></span> <span class='ocrx_word' id='word_1_520' title='bbox 2577 3292 2672 3346; x_wconf 80' lang='grc' dir='ltr'><strong>τοῦ</strong></span> <span class='ocrx_word' id='word_1_521' title='bbox 2714 3291 3032 3362; x_wconf 86' lang='grc' dir='ltr'>ἀνθρώπου,</span> <span class='ocrx_word' id='word_1_522' title='bbox 3081 3289 3180 3360; x_wconf 85' lang='grc' dir='ltr'><strong>τὴν</strong></span> <span class='ocrx_word' id='word_1_523' title='bbox 3239 3288 3592 3359; x_wconf 78' lang='grc' dir='ltr'>ἀνθρωπίνην</span> 
     </span>
    </p>
   </div>
   <div class='ocr_carea' id='block_1_76' title="bbox 2011 3381 3592 3458">
    <p class='ocr_par' dir='ltr' id='par_1_76' title="bbox 2011 3381 3592 3458">
     <span class='ocr_line' id='line_1_76' title="bbox 2011 3381 3592 3458; baseline -0.002 -21"><span class='ocrx_word' id='word_1_524' title='bbox 2011 3385 2175 3458; x_wconf 77' lang='grc' dir='ltr'>φύσιν</span> <span class='ocrx_word' id='word_1_525' title='bbox 2209 3385 2404 3454; x_wconf 80' lang='grc' dir='ltr'>δηλῶν.</span> <span class='ocrx_word' id='word_1_526' title='bbox 2458 3384 2516 3438; x_wconf 80' lang='lat'><strong>&#39;0</strong></span> <span class='ocrx_word' id='word_1_527' title='bbox 2554 3385 2610 3437; x_wconf 83' lang='grc' dir='ltr'>δὲ</span> <span class='ocrx_word' id='word_1_528' title='bbox 2675 3383 2882 3454; x_wconf 78' lang='grc' dir='ltr'>Πέτρος</span> <span class='ocrx_word' id='word_1_529' title='bbox 2921 3383 3013 3436; x_wconf 79' lang='grc' dir='ltr'><strong>τὸν</strong></span> <span class='ocrx_word' id='word_1_530' title='bbox 3065 3383 3231 3436; x_wconf 79' lang='grc' dir='ltr'>αὐτὸν</span> <span class='ocrx_word' id='word_1_531' title='bbox 3283 3382 3440 3444; x_wconf 83' lang='grc' dir='ltr'><strong>εἰδὼς</strong></span> <span class='ocrx_word' id='word_1_532' title='bbox 3494 3381 3592 3434; x_wconf 73' lang='grc' dir='ltr'>καὶ</span> 
     </span>
    </p>
   </div>
   <div class='ocr_carea' id='block_1_77' title="bbox 2010 3473 3591 3548">
    <p class='ocr_par' dir='ltr' id='par_1_77' title="bbox 2010 3473 3591 3548">
     <span class='ocr_line' id='line_1_77' title="bbox 2010 3473 3591 3548; baseline -0.004 -18"><span class='ocrx_word' id='word_1_533' title='bbox 2010 3476 2140 3531; x_wconf 75' lang='grc' dir='ltr'>Υίδν</span> <span class='ocrx_word' id='word_1_534' title='bbox 2172 3476 2489 3548; x_wconf 85' lang='grc' dir='ltr'>ἀνθρώπου,</span> <span class='ocrx_word' id='word_1_535' title='bbox 2524 3477 2620 3531; x_wconf 71' lang='grc' dir='ltr'>καὶ</span> <span class='ocrx_word' id='word_1_536' title='bbox 2652 3476 2783 3529; x_wconf 85' lang='grc' dir='ltr'>Υίὸν</span> <span class='ocrx_word' id='word_1_537' title='bbox 2807 3475 2902 3530; x_wconf 81' lang='grc' dir='ltr'><strong>τοῦ</strong></span> <span class='ocrx_word' id='word_1_538' title='bbox 2927 3474 3088 3538; x_wconf 79' lang='grc' dir='ltr'>Θεοῦ,</span> <span class='ocrx_word' id='word_1_539' title='bbox 3119 3474 3252 3543; x_wconf 91' lang='grc' dir='ltr'>μίαν</span> <span class='ocrx_word' id='word_1_540' title='bbox 3279 3473 3591 3526; x_wconf 79' lang='grc' dir='ltr'>ὑπόστασιν</span> 
     </span>
    </p>
   </div>
   <div class='ocr_carea' id='block_1_78' title="bbox 2011 3565 3590 3638">
    <p class='ocr_par' dir='ltr' id='par_1_78' title="bbox 2011 3565 3590 3638">
     <span class='ocr_line' id='line_1_78' title="bbox 2011 3565 3590 3638; baseline -0.003 -16"><span class='ocrx_word' id='word_1_541' title='bbox 2011 3571 2070 3623; x_wconf 80' lang='grc' dir='ltr'><strong>ὲν</strong></span> <span class='ocrx_word' id='word_1_542' title='bbox 2095 3569 2244 3622; x_wconf 82' lang='grc' dir='ltr'>δυοῖν</span> <span class='ocrx_word' id='word_1_543' title='bbox 2300 3569 2655 3622; x_wconf 75' lang='grc' dir='ltr'>συντεθεῖσαν</span> <span class='ocrx_word' id='word_1_544' title='bbox 2699 3568 2961 3638; x_wconf 83' lang='grc' dir='ltr'>ἀφύρτως</span> <span class='ocrx_word' id='word_1_545' title='bbox 2991 3568 3237 3636; x_wconf 78' lang='grc' dir='ltr'>φύσεων,</span> <span class='ocrx_word' id='word_1_546' title='bbox 3297 3566 3436 3636; x_wconf 78' lang='grc' dir='ltr'>πρὸς</span> <span class='ocrx_word' id='word_1_547' title='bbox 3487 3565 3590 3635; x_wconf 77' lang='grc' dir='ltr'><strong>τὴν</strong></span> 
     </span>
    </p>
   </div>
   <div class='ocr_carea' id='block_1_79' title="bbox 2013 3660 2892 3734">
    <p class='ocr_par' dir='ltr' id='par_1_79' title="bbox 2013 3660 2892 3734">
     <span class='ocr_line' id='line_1_79' title="bbox 2013 3660 2892 3734; baseline -0.002 -18"><span class='ocrx_word' id='word_1_548' title='bbox 2013 3663 2112 3734; x_wconf 86' lang='grc' dir='ltr'><strong>τῆς</strong></span> <span class='ocrx_word' id='word_1_549' title='bbox 2147 3662 2403 3731; x_wconf 84' lang='grc' dir='ltr'>θεότητος</span> <span class='ocrx_word' id='word_1_550' title='bbox 2440 3662 2606 3730; x_wconf 81' lang='grc' dir='ltr'>φύσιν</span> <span class='ocrx_word' id='word_1_551' title='bbox 2641 3660 2892 3731; x_wconf 80' lang='grc' dir='ltr'>ἀνέθορε.</span> 
     </span>
    </p>
   </div>
   <div class='ocr_carea' id='block_1_80' title="bbox 2092 3747 3585 3822">
    <p class='ocr_par' dir='ltr' id='par_1_80' title="bbox 2092 3747 3585 3822">
     <span class='ocr_line' id='line_1_80' title="bbox 2092 3747 3585 3822; baseline -0.005 -16"><span class='ocrx_word' id='word_1_552' title='bbox 2092 3772 2112 3805; x_wconf 76' lang='grc' dir='ltr'><strong>ι</strong></span> <span class='ocrx_word' id='word_1_553' title='bbox 2154 3754 2227 3806; x_wconf 78' lang='grc' dir='ltr'><strong>Σὺ</strong></span> <span class='ocrx_word' id='word_1_554' title='bbox 2262 3750 2314 3806; x_wconf 83' lang='grc' dir='ltr'><strong>εῐ</strong></span> <span class='ocrx_word' id='word_1_555' title='bbox 2339 3755 2366 3805; x_wconf 85' lang='grc' dir='ltr'><strong>ὁ</strong></span> <span class='ocrx_word' id='word_1_556' title='bbox 2391 3752 2628 3822; x_wconf 81' lang='grc' dir='ltr'>Χριστὸς</span> <span class='ocrx_word' id='word_1_557' title='bbox 2656 3754 2684 3805; x_wconf 85' lang='grc' dir='ltr'>ὁ</span> <span class='ocrx_word' id='word_1_558' title='bbox 2712 3751 2841 3814; x_wconf 81' lang='grc' dir='ltr'>Υῖδς</span> <span class='ocrx_word' id='word_1_559' title='bbox 2871 3748 2966 3803; x_wconf 82' lang='grc' dir='ltr'>τοῦ</span> <span class='ocrx_word' id='word_1_560' title='bbox 3001 3749 3137 3802; x_wconf 84' lang='grc' dir='ltr'><strong>Θεοῦ</strong></span> <span class='ocrx_word' id='word_1_561' title='bbox 3171 3748 3266 3801; x_wconf 79' lang='grc' dir='ltr'><strong>τοῦ</strong></span> <span class='ocrx_word' id='word_1_562' title='bbox 3299 3747 3525 3810; x_wconf 77' lang='grc' dir='ltr'>ζῶντος.</span> <span class='ocrx_word' id='word_1_563' title='bbox 3564 3764 3585 3799; x_wconf 71' lang='grc' dir='ltr'><strong>ι</strong></span> 
     </span>
    </p>
   </div>
   <div class='ocr_carea' id='block_1_81' title="bbox 2015 3839 3590 3915">
    <p class='ocr_par' dir='ltr' id='par_1_81' title="bbox 2015 3839 3590 3915">
     <span class='ocr_line' id='line_1_81' title="bbox 2015 3839 3590 3915; baseline -0.006 -15"><span class='ocrx_word' id='word_1_564' title='bbox 2015 3846 2184 3900; x_wconf 84' lang='grc' dir='ltr'>Ὅσον</span> <span class='ocrx_word' id='word_1_565' title='bbox 2225 3846 2285 3900; x_wconf 84' lang='grc' dir='ltr'>τὸ</span> <span class='ocrx_word' id='word_1_566' title='bbox 2331 3845 2482 3915; x_wconf 71' lang='grc' dir='ltr'><strong>ῥῆμα</strong></span> <span class='ocrx_word' id='word_1_567' title='bbox 2522 3844 2684 3897; x_wconf 83' lang='grc' dir='ltr'>τοῦτο</span> <span class='ocrx_word' id='word_1_568' title='bbox 2719 3841 3076 3913; x_wconf 85' lang='grc' dir='ltr'>καταισχύνει</span> <span class='ocrx_word' id='word_1_569' title='bbox 3105 3841 3199 3895; x_wconf 80' lang='grc' dir='ltr'>τὸν</span> <span class='ocrx_word' id='word_1_570' title='bbox 3229 3839 3590 3909; x_wconf 78' lang='grc' dir='ltr'>ἁνθρωπολόιο</span> 
     </span>
    </p>
   </div>
   <div class='ocr_carea' id='block_1_82' title="bbox 2011 3931 3593 4010">
    <p class='ocr_par' dir='ltr' id='par_1_82' title="bbox 2011 3931 3593 4010">
     <span class='ocr_line' id='line_1_82' title="bbox 2011 3931 3593 4010; baseline -0.013 -17"><span class='ocrx_word' id='word_1_571' title='bbox 2011 3956 2149 4010; x_wconf 87' lang='grc' dir='ltr'>τρην</span> <span class='ocrx_word' id='word_1_572' title='bbox 2175 3939 2494 4006; x_wconf 85' lang='grc' dir='ltr'>Νεστόριον,</span> <span class='ocrx_word' id='word_1_573' title='bbox 2530 3937 2628 4007; x_wconf 80' lang='grc' dir='ltr'>τὴν</span> <span class='ocrx_word' id='word_1_574' title='bbox 2665 3937 2870 4006; x_wconf 79' lang='grc' dir='ltr'>μιαρὰν</span> <span class='ocrx_word' id='word_1_575' title='bbox 2913 3934 3161 4004; x_wconf 80' lang='grc' dir='ltr'>γλῶτταν</span> <span class='ocrx_word' id='word_1_576' title='bbox 3207 3933 3304 3986; x_wconf 67' lang='grc' dir='ltr'>καὶ</span> <span class='ocrx_word' id='word_1_577' title='bbox 3341 3931 3593 4002; x_wconf 81' lang='grc' dir='ltr'>βλάσφη-</span> 
     </span>
    </p>
   </div>
   <div class='ocr_carea' id='block_1_83' title="bbox 2021 4030 3593 4107">
    <p class='ocr_par' dir='ltr' id='par_1_83' title="bbox 2021 4030 3593 4107">
     <span class='ocr_line' id='line_1_83' title="bbox 2021 4030 3593 4107; baseline -0.005 -17"><span class='ocrx_word' id='word_1_578' title='bbox 2021 4053 2143 4107; x_wconf 88' lang='grc' dir='ltr'>μον,</span> <span class='ocrx_word' id='word_1_579' title='bbox 2161 4037 2256 4090; x_wconf 72' lang='grc' dir='ltr'>καὶ</span> <span class='ocrx_word' id='word_1_580' title='bbox 2280 4035 2663 4105; x_wconf 82' lang='grc' dir='ltr'>φαυλίστριαν,</span> <span class='ocrx_word' id='word_1_581' title='bbox 2688 4035 2784 4104; x_wconf 83' lang='grc' dir='ltr'><strong>τὴν</strong></span> <span class='ocrx_word' id='word_1_582' title='bbox 2802 4033 2984 4098; x_wconf 75' lang='grc' dir='ltr'>ὀξεῖαν</span> <span class='ocrx_word' id='word_1_583' title='bbox 3012 4031 3154 4085; x_wconf 84' lang='grc' dir='ltr'>κατὰ</span> <span class='ocrx_word' id='word_1_584' title='bbox 3176 4031 3277 4100; x_wconf 82' lang='grc' dir='ltr'><strong>τῆς</strong></span> <span class='ocrx_word' id='word_1_585' title='bbox 3308 4030 3593 4092; x_wconf 77' lang='grc' dir='ltr'>εὐσεϐείας</span> 
     </span>
    </p>
   </div>
   <div class='ocr_carea' id='block_1_84' title="bbox 2022 4119 3596 4195">
    <p class='ocr_par' dir='ltr' id='par_1_84' title="bbox 2022 4119 3596 4195">
     <span class='ocr_line' id='line_1_84' title="bbox 2022 4119 3596 4195; baseline -0.006 -18"><span class='ocrx_word' id='word_1_586' title='bbox 2022 4126 2320 4195; x_wconf 87' lang='grc' dir='ltr'>μάχαιραν,</span> <span class='ocrx_word' id='word_1_587' title='bbox 2355 4124 2453 4194; x_wconf 80' lang='grc' dir='ltr'><strong>τὴν</strong></span> <span class='ocrx_word' id='word_1_588' title='bbox 2483 4125 2576 4176; x_wconf 76' lang='grc' dir='ltr'>τὸν</span> <span class='ocrx_word' id='word_1_589' title='bbox 2604 4123 2702 4176; x_wconf 75' lang='grc' dir='ltr'>ἕνα</span> <span class='ocrx_word' id='word_1_590' title='bbox 2733 4123 2974 4192; x_wconf 82' lang='grc' dir='ltr'>Χριστὸν</span> <span class='ocrx_word' id='word_1_591' title='bbox 3012 4122 3090 4182; x_wconf 88' lang='grc' dir='ltr'><strong>είς</strong></span> <span class='ocrx_word' id='word_1_592' title='bbox 3131 4120 3226 4172; x_wconf 82' lang='grc' dir='ltr'><strong>δύο</strong></span> <span class='ocrx_word' id='word_1_593' title='bbox 3272 4119 3422 4179; x_wconf 78' lang='grc' dir='ltr'>υἱοὺς</span> <span class='ocrx_word' id='word_1_594' title='bbox 3459 4134 3596 4185; x_wconf 82' lang='grc' dir='ltr'>τεμ-</span> 
     </span>
    </p>
   </div>
   <div class='ocr_carea' id='block_1_85' title="bbox 2021 4208 3592 4287">
    <p class='ocr_par' dir='ltr' id='par_1_85' title="bbox 2021 4208 3592 4287">
     <span class='ocr_line' id='line_1_85' title="bbox 2021 4208 3592 4287; baseline -0.007 -18"><span class='ocrx_word' id='word_1_595' title='bbox 2021 4214 2370 4287; x_wconf 80' lang='grc' dir='ltr'>μαχίσασανι</span> <span class='ocrx_word' id='word_1_596' title='bbox 2418 4217 2608 4279; x_wconf 86' lang='grc' dir='ltr'>Ὅπως</span> <span class='ocrx_word' id='word_1_597' title='bbox 2640 4215 2698 4268; x_wconf 78' lang='grc' dir='ltr'>δὲ</span> <span class='ocrx_word' id='word_1_598' title='bbox 2727 4215 2823 4268; x_wconf 81' lang='grc' dir='ltr'>καὶ</span> <span class='ocrx_word' id='word_1_599' title='bbox 2857 4215 2984 4276; x_wconf 66' lang='grc' dir='ltr'>τοὺς</span> <span class='ocrx_word' id='word_1_600' title='bbox 3020 4213 3242 4272; x_wconf 80' lang='grc' dir='ltr'>ὀδόντας</span> <span class='ocrx_word' id='word_1_601' title='bbox 3271 4208 3592 4262; x_wconf 80' lang='grc' dir='ltr'>συνθλάττει</span> 
     </span>
    </p>
   </div>
   <div class='ocr_carea' id='block_1_86' title="bbox 2014 4301 3594 4382">
    <p class='ocr_par' dir='ltr' id='par_1_86' title="bbox 2014 4301 3594 4382">
     <span class='ocr_line' id='line_1_86' title="bbox 2014 4301 3594 4382; baseline -0.006 -19"><span class='ocrx_word' id='word_1_602' title='bbox 2014 4311 2114 4379; x_wconf 84' lang='grc' dir='ltr'><strong>τῆς</strong></span> <span class='ocrx_word' id='word_1_603' title='bbox 2166 4310 2277 4365; x_wconf 85' lang='grc' dir='ltr'>τῶν</span> <span class='ocrx_word' id='word_1_604' title='bbox 2336 4310 2638 4382; x_wconf 86' lang='grc' dir='ltr'>Ἀρμενίων</span> <span class='ocrx_word' id='word_1_605' title='bbox 2700 4309 2968 4380; x_wconf 81' lang='grc' dir='ltr'>αἱρέσεως</span> <span class='ocrx_word' id='word_1_606' title='bbox 3015 4322 3030 4336; x_wconf 76' lang='grc' dir='ltr'><strong>ο</strong></span> <span class='ocrx_word' id='word_1_607' title='bbox 3091 4305 3166 4369; x_wconf 81' lang='grc' dir='ltr'><strong>ὡς</strong></span> <span class='ocrx_word' id='word_1_608' title='bbox 3214 4301 3594 4371; x_wconf 80' lang='grc' dir='ltr'>πολυκέφαλον</span> 
     </span>
    </p>
   </div>
   <div class='ocr_carea' id='block_1_87' title="bbox 1569 4651 2356 4714">
    <p class='ocr_par' dir='ltr' id='par_1_87' title="bbox 1569 4651 2356 4714">
     <span class='ocr_line' id='line_1_87' title="bbox 1569 4651 2356 4714; baseline 0 -1"><span class='ocrx_word' id='word_1_609' title='bbox 1569 4653 1685 4713; x_wconf 83' lang='lat' dir='ltr'><strong>Fra</strong></span> <span class='ocrx_word' id='word_1_610' title='bbox 1698 4651 1894 4714; x_wconf 81' lang='lat' dir='ltr'><strong>ncisei</strong></span> <span class='ocrx_word' id='word_1_611' title='bbox 1919 4652 2128 4714; x_wconf 87' lang='lat' dir='ltr'><strong>Scorsi</strong></span> <span class='ocrx_word' id='word_1_612' title='bbox 2164 4663 2356 4714; x_wconf 71' lang='lat' dir='ltr'><strong>notae.</strong></span> 
     </span>
    </p>
   </div>
   <div class='ocr_carea' id='block_1_88' title="bbox 436 4814 3594 4888">
    <p class='ocr_par' dir='ltr' id='par_1_88' title="bbox 436 4814 3594 4888">
     <span class='ocr_line' id='line_1_88' title="bbox 436 4814 3594 4888; baseline -0 -18"><span class='ocrx_word' id='word_1_613' title='bbox 436 4814 524 4888; x_wconf 67' lang='grc'><strong>66)</strong></span> <span class='ocrx_word' id='word_1_614' title='bbox 552 4814 809 4888; x_wconf 55' lang='lat' dir='ltr'><strong>{gramina</strong></span> <span class='ocrx_word' id='word_1_615' title='bbox 835 4819 972 4871; x_wconf 89' lang='lat' dir='ltr'><strong>enim</strong></span> <span class='ocrx_word' id='word_1_616' title='bbox 1000 4818 1288 4872; x_wconf 80' lang='lat' dir='ltr'><strong>etiamnum</strong></span> <span class='ocrx_word' id='word_1_617' title='bbox 1334 4835 1484 4888; x_wconf 73' lang='lat' dir='ltr'><strong>puer,</strong></span> <span class='ocrx_word' id='word_1_618' title='bbox 1521 4826 1628 4872; x_wconf 77' lang='lat' dir='ltr'><strong>etc.</strong></span> <span class='ocrx_word' id='word_1_619' title='bbox 1657 4819 1734 4874; x_wconf 91' lang='lat' dir='ltr'><strong>De</strong></span> <span class='ocrx_word' id='word_1_620' title='bbox 1759 4819 1913 4875; x_wconf 84' lang='lat' dir='ltr'><strong>Jcre-</strong></span> <span class='ocrx_word' id='word_1_621' title='bbox 1943 4824 1992 4882; x_wconf 88' lang='lat' dir='ltr'><strong>D</strong></span> <span class='ocrx_word' id='word_1_622' title='bbox 2019 4818 2280 4873; x_wconf 72' lang='lat' dir='ltr'><strong>Romanae</strong></span> <span class='ocrx_word' id='word_1_623' title='bbox 2331 4818 2586 4873; x_wconf 66' lang='lat' dir='ltr'><strong>Ecclesiae</strong></span> <span class='ocrx_word' id='word_1_624' title='bbox 2613 4834 2642 4872; x_wconf 89' lang='lat' dir='ltr'><strong>a</strong></span> <span class='ocrx_word' id='word_1_625' title='bbox 2679 4818 2737 4870; x_wconf 89' lang='grc'><strong>1).</strong></span> <span class='ocrx_word' id='word_1_626' title='bbox 2767 4819 2931 4888; x_wconf 75' lang='lat' dir='ltr'><strong>Petro</strong></span> <span class='ocrx_word' id='word_1_627' title='bbox 2961 4816 3252 4872; x_wconf 87' lang='lat' dir='ltr'><strong>deductum</strong></span> <span class='ocrx_word' id='word_1_628' title='bbox 3301 4829 3408 4870; x_wconf 90' lang='lat' dir='ltr'><strong>non</strong></span> <span class='ocrx_word' id='word_1_629' title='bbox 3453 4817 3594 4872; x_wconf 83' lang='lat' dir='ltr'><strong>reci-</strong></span> 
     </span>
    </p>
   </div>
   <div class='ocr_carea' id='block_1_89' title="bbox 342 4885 1913 4955">
    <p class='ocr_par' dir='ltr' id='par_1_89' title="bbox 342 4885 1913 4955">
     <span class='ocr_line' id='line_1_89' title="bbox 342 4885 1913 4955; baseline 0.001 -13"><span class='ocrx_word' id='word_1_630' title='bbox 342 4887 450 4943; x_wconf 86' lang='lat' dir='ltr'><strong>rnia</strong></span> <span class='ocrx_word' id='word_1_631' title='bbox 481 4885 538 4940; x_wconf 90' lang='lat' dir='ltr'><strong>S.</strong></span> <span class='ocrx_word' id='word_1_632' title='bbox 569 4885 880 4955; x_wconf 81' lang='lat' dir='ltr'><strong>Hieronym.</strong></span> <span class='ocrx_word' id='word_1_633' title='bbox 913 4903 976 4940; x_wconf 85' lang='lat' dir='ltr'><strong>ex</strong></span> <span class='ocrx_word' id='word_1_634' title='bbox 1010 4891 1286 4943; x_wconf 88' lang='lat' dir='ltr'><strong>veteribus</strong></span> <span class='ocrx_word' id='word_1_635' title='bbox 1318 4885 1592 4948; x_wconf 71' lang='lat' dir='ltr'><strong>l’atrilitis.</strong></span> <span class='ocrx_word' id='word_1_636' title='bbox 1629 4905 1691 4942; x_wconf 88' lang='lat' dir='ltr'><strong>ex</strong></span> <span class='ocrx_word' id='word_1_637' title='bbox 1724 4900 1913 4944; x_wconf 87' lang='lat' dir='ltr'><strong>neote-</strong></span> 
     </span>
    </p>
   </div>
   <div class='ocr_carea' id='block_1_90' title="bbox 345 4956 1912 5026">
    <p class='ocr_par' dir='ltr' id='par_1_90' title="bbox 345 4956 1912 5026">
     <span class='ocr_line' id='line_1_90' title="bbox 345 4956 1912 5026; baseline 0.002 -16"><span class='ocrx_word' id='word_1_638' title='bbox 345 4959 475 5011; x_wconf 85' lang='lat' dir='ltr'><strong>ricis</strong></span> <span class='ocrx_word' id='word_1_639' title='bbox 507 4956 896 5023; x_wconf 89' lang='lat' dir='ltr'><strong>interpretibus</strong></span> <span class='ocrx_word' id='word_1_640' title='bbox 931 4957 1147 5012; x_wconf 87' lang='lat' dir='ltr'><strong>Corncl.</strong></span> <span class='ocrx_word' id='word_1_641' title='bbox 1176 4969 1379 5021; x_wconf 88' lang='lat' dir='ltr'><strong>noster,</strong></span> <span class='ocrx_word' id='word_1_642' title='bbox 1411 4960 1642 5026; x_wconf 83' lang='lat' dir='ltr'><strong>aliisque</strong></span> <span class='ocrx_word' id='word_1_643' title='bbox 1674 4973 1912 5013; x_wconf 89' lang='lat' dir='ltr'><strong>consen-</strong></span> 
     </span>
    </p>
   </div>
   <div class='ocr_carea' id='block_1_91' title="bbox 342 5029 1915 5097">
    <p class='ocr_par' dir='ltr' id='par_1_91' title="bbox 342 5029 1915 5097">
     <span class='ocr_line' id='line_1_91' title="bbox 342 5029 1915 5097; baseline 0.001 -17"><span class='ocrx_word' id='word_1_644' title='bbox 342 5031 482 5082; x_wconf 90' lang='lat' dir='ltr'><strong>tiunt</strong></span> <span class='ocrx_word' id='word_1_645' title='bbox 547 5041 670 5097; x_wconf 81' lang='lat' dir='ltr'><strong>cum</strong></span> <span class='ocrx_word' id='word_1_646' title='bbox 722 5029 953 5097; x_wconf 64' lang='lat' dir='ltr'><strong>coepisse</strong></span> <span class='ocrx_word' id='word_1_647' title='bbox 1013 5031 1337 5097; x_wconf 64' lang='lat' dir='ltr'><strong>prophetare</strong></span> <span class='ocrx_word' id='word_1_648' title='bbox 1392 5031 1567 5082; x_wconf 69' lang='lat' dir='ltr'><strong>:Ptatis</strong></span> <span class='ocrx_word' id='word_1_649' title='bbox 1611 5043 1722 5082; x_wconf 65' lang='lat' dir='ltr'><strong>sua:</strong></span> <span class='ocrx_word' id='word_1_650' title='bbox 1771 5044 1915 5082; x_wconf 88' lang='lat' dir='ltr'><strong>anno</strong></span> 
     </span>
    </p>
   </div>
   <div class='ocr_carea' id='block_1_92' title="bbox 341 5094 1916 5177">
    <p class='ocr_par' dir='ltr' id='par_1_92' title="bbox 341 5094 1916 5177">
     <span class='ocr_line' id='line_1_92' title="bbox 341 5094 1916 5177; baseline 0.001 -26"><span class='ocrx_word' id='word_1_651' title='bbox 341 5112 432 5177; x_wconf 59' lang='lat' dir='ltr'><strong>xlv</strong></span> <span class='ocrx_word' id='word_1_652' title='bbox 488 5095 575 5149; x_wconf 87' lang='lat' dir='ltr'><strong>vcl</strong></span> <span class='ocrx_word' id='word_1_653' title='bbox 605 5109 692 5156; x_wconf 78' lang='lat' dir='ltr'><strong>xv,</strong></span> <span class='ocrx_word' id='word_1_654' title='bbox 721 5094 885 5151; x_wconf 73' lang='lat' dir='ltr'><strong>Josia:</strong></span> <span class='ocrx_word' id='word_1_655' title='bbox 918 5094 1060 5166; x_wconf 87' lang='lat' dir='ltr'><strong>regis</strong></span> <span class='ocrx_word' id='word_1_656' title='bbox 1091 5094 1210 5153; x_wconf 66' lang='lat' dir='ltr'><strong>nu.</strong></span> <span class='ocrx_word' id='word_1_657' title='bbox 1239 5095 1373 5152; x_wconf 83' lang='lat' dir='ltr'><strong>Vide</strong></span> <span class='ocrx_word' id='word_1_658' title='bbox 1416 5114 1603 5153; x_wconf 86' lang='lat' dir='ltr'><strong>eorum</strong></span> <span class='ocrx_word' id='word_1_659' title='bbox 1651 5106 1916 5168; x_wconf 84' lang='lat' dir='ltr'><strong>supputa-</strong></span> 
     </span>
    </p>
   </div>
   <div class='ocr_carea' id='block_1_93' title="bbox 344 5178 564 5220">
    <p class='ocr_par' dir='ltr' id='par_1_93' title="bbox 344 5178 564 5220">
     <span class='ocr_line' id='line_1_93' title="bbox 344 5178 564 5220; baseline 0 0"><span class='ocrx_word' id='word_1_660' title='bbox 344 5178 564 5220; x_wconf 81' lang='lat' dir='ltr'><strong>tionem.</strong></span> 
     </span>
    </p>
   </div>
   <div class='ocr_carea' id='block_1_94' title="bbox 413 5234 1914 5307">
    <p class='ocr_par' dir='ltr' id='par_1_94' title="bbox 413 5234 1914 5307">
     <span class='ocr_line' id='line_1_94' title="bbox 413 5234 1914 5307; baseline 0.002 -18"><span class='ocrx_word' id='word_1_661' title='bbox 413 5235 526 5298; x_wconf 85' lang='lat'><strong>(67)</strong></span> <span class='ocrx_word' id='word_1_662' title='bbox 566 5234 956 5302; x_wconf 82' lang='lat' dir='ltr'><strong>Discipulorum</strong></span> <span class='ocrx_word' id='word_1_663' title='bbox 987 5254 1141 5304; x_wconf 70' lang='lat' dir='ltr'><strong>apem.</strong></span> <span class='ocrx_word' id='word_1_664' title='bbox 1175 5237 1368 5291; x_wconf 90' lang='lat' dir='ltr'><strong>Mirum</strong></span> <span class='ocrx_word' id='word_1_665' title='bbox 1410 5252 1572 5307; x_wconf 90' lang='lat' dir='ltr'><strong>quam</strong></span> <span class='ocrx_word' id='word_1_666' title='bbox 1609 5239 1775 5293; x_wconf 90' lang='lat' dir='ltr'><strong>variis</strong></span> <span class='ocrx_word' id='word_1_667' title='bbox 1817 5253 1914 5292; x_wconf 92' lang='lat' dir='ltr'><strong>no-</strong></span> 
     </span>
    </p>
   </div>
   <div class='ocr_carea' id='block_1_95' title="bbox 346 5306 1912 5374">
    <p class='ocr_par' dir='ltr' id='par_1_95' title="bbox 346 5306 1912 5374">
     <span class='ocr_line' id='line_1_95' title="bbox 346 5306 1912 5374; baseline 0.003 -16"><span class='ocrx_word' id='word_1_668' title='bbox 346 5306 606 5370; x_wconf 87' lang='lat' dir='ltr'><strong>minibus,</strong></span> <span class='ocrx_word' id='word_1_669' title='bbox 628 5308 708 5359; x_wconf 82' lang='lat' dir='ltr'><strong>vel</strong></span> <span class='ocrx_word' id='word_1_670' title='bbox 735 5308 966 5374; x_wconf 88' lang='lat' dir='ltr'><strong>propriis</strong></span> <span class='ocrx_word' id='word_1_671' title='bbox 999 5310 1079 5360; x_wconf 87' lang='lat' dir='ltr'><strong>vel</strong></span> <span class='ocrx_word' id='word_1_672' title='bbox 1113 5308 1304 5362; x_wconf 87' lang='lat' dir='ltr'><strong>decore</strong></span> <span class='ocrx_word' id='word_1_673' title='bbox 1328 5306 1602 5361; x_wconf 83' lang='lat' dir='ltr'><strong>translatis</strong></span> <span class='ocrx_word' id='word_1_674' title='bbox 1622 5310 1912 5374; x_wconf 88' lang='lat' dir='ltr'><strong>primatum</strong></span> 
     </span>
    </p>
   </div>
   <div class='ocr_carea' id='block_1_96' title="bbox 344 5374 1917 5439">
    <p class='ocr_par' dir='ltr' id='par_1_96' title="bbox 344 5374 1917 5439">
     <span class='ocr_line' id='line_1_96' title="bbox 344 5374 1917 5439; baseline 0.002 -12"><span class='ocrx_word' id='word_1_675' title='bbox 344 5374 404 5429; x_wconf 89' lang='lat' dir='ltr'><strong>S.</strong></span> <span class='ocrx_word' id='word_1_676' title='bbox 439 5375 581 5428; x_wconf 87' lang='lat' dir='ltr'><strong>Petri</strong></span> <span class='ocrx_word' id='word_1_677' title='bbox 615 5375 702 5430; x_wconf 89' lang='lat' dir='ltr'><strong>hic</strong></span> <span class='ocrx_word' id='word_1_678' title='bbox 737 5377 893 5428; x_wconf 80' lang='lat' dir='ltr'><strong>l’ater</strong></span> <span class='ocrx_word' id='word_1_679' title='bbox 923 5388 1152 5439; x_wconf 87' lang='lat' dir='ltr'><strong>asserat,</strong></span> <span class='ocrx_word' id='word_1_680' title='bbox 1184 5377 1404 5430; x_wconf 82' lang='lat' dir='ltr'><strong>extollat</strong></span> <span class='ocrx_word' id='word_1_681' title='bbox 1440 5387 1493 5430; x_wconf 91' lang='lat' dir='ltr'><strong>et</strong></span> <span class='ocrx_word' id='word_1_682' title='bbox 1546 5386 1790 5431; x_wconf 89' lang='lat' dir='ltr'><strong>exornet.</strong></span> <span class='ocrx_word' id='word_1_683' title='bbox 1819 5377 1917 5430; x_wconf 90' lang='lat' dir='ltr'><strong>llic</strong></span> 
     </span>
    </p>
   </div>
   <div class='ocr_carea' id='block_1_97' title="bbox 343 5445 1912 5516">
    <p class='ocr_par' dir='ltr' id='par_1_97' title="bbox 343 5445 1912 5516">
     <span class='ocr_line' id='line_1_97' title="bbox 343 5445 1912 5516; baseline 0.003 -20"><span class='ocrx_word' id='word_1_684' title='bbox 343 5445 441 5516; x_wconf 81' lang='grc' dir='ltr'>τὴν</span> <span class='ocrx_word' id='word_1_685' title='bbox 491 5445 768 5516; x_wconf 83' lang='grc' dir='ltr'>ἀκρότητα</span> <span class='ocrx_word' id='word_1_686' title='bbox 816 5445 924 5497; x_wconf 84' lang='grc' dir='ltr'>τῶν</span> <span class='ocrx_word' id='word_1_687' title='bbox 976 5447 1233 5516; x_wconf 83' lang='grc' dir='ltr'>μαθητῶν</span> <span class='ocrx_word' id='word_1_688' title='bbox 1310 5447 1514 5512; x_wconf 78' lang='lat' dir='ltr'><strong>apicem</strong></span> <span class='ocrx_word' id='word_1_689' title='bbox 1565 5463 1657 5500; x_wconf 86' lang='lat' dir='ltr'><strong>seu</strong></span> <span class='ocrx_word' id='word_1_690' title='bbox 1708 5450 1912 5500; x_wconf 85' lang='lat' dir='ltr'><strong>culmen</strong></span> 
     </span>
    </p>
   </div>
   <div class='ocr_carea' id='block_1_98' title="bbox 343 5515 1908 5586">
    <p class='ocr_par' dir='ltr' id='par_1_98' title="bbox 343 5515 1908 5586">
     <span class='ocr_line' id='line_1_98' title="bbox 343 5515 1908 5586; baseline 0.002 -21"><span class='ocrx_word' id='word_1_691' title='bbox 343 5515 926 5586; x_wconf 55' lang='lat' dir='ltr'><strong>discipulorumsalibi</strong></span> <span class='ocrx_word' id='word_1_692' title='bbox 969 5515 1262 5586; x_wconf 88' lang='grc' dir='ltr'>πρόκριτον</span> <span class='ocrx_word' id='word_1_693' title='bbox 1293 5518 1609 5583; x_wconf 71' lang='grc' dir='ltr'>ρνωίαιιιιηξ</span> <span class='ocrx_word' id='word_1_694' title='bbox 1641 5517 1766 5570; x_wconf 89' lang='lat' dir='ltr'><strong>alibi</strong></span> <span class='ocrx_word' id='word_1_695' title='bbox 1817 5534 1908 5568; x_wconf 81' lang='grc' dir='ltr'>κοο</span> 
     </span>
    </p>
   </div>
   <div class='ocr_carea' id='block_1_99' title="bbox 347 5585 1906 5656">
    <p class='ocr_par' dir='ltr' id='par_1_99' title="bbox 347 5585 1906 5656">
     <span class='ocr_line' id='line_1_99' title="bbox 347 5585 1906 5656; baseline 0.003 -21"><span class='ocrx_word' id='word_1_696' title='bbox 347 5585 572 5656; x_wconf 81' lang='grc' dir='ltr'>ρυφαῖον</span> <span class='ocrx_word' id='word_1_697' title='bbox 611 5585 932 5654; x_wconf 83' lang='lat' dir='ltr'><strong>principem;</strong></span> <span class='ocrx_word' id='word_1_698' title='bbox 994 5585 1129 5640; x_wconf 83' lang='lat' dir='ltr'><strong>alibi</strong></span> <span class='ocrx_word' id='word_1_699' title='bbox 1176 5587 1400 5656; x_wconf 81' lang='grc' dir='ltr'>πρῶτον</span> <span class='ocrx_word' id='word_1_700' title='bbox 1452 5587 1715 5652; x_wconf 84' lang='lat' dir='ltr'><strong>primum,</strong></span> <span class='ocrx_word' id='word_1_701' title='bbox 1778 5587 1906 5640; x_wconf 87' lang='lat' dir='ltr'><strong>alibi</strong></span> 
     </span>
    </p>
   </div>
   <div class='ocr_carea' id='block_1_100' title="bbox 343 5653 1910 5774">
    <p class='ocr_par' dir='ltr' id='par_1_100' title="bbox 343 5653 1910 5774">
     <span class='ocr_line' id='line_1_100' title="bbox 343 5653 1910 5774; baseline 0.003 -71"><span class='ocrx_word' id='word_1_702' title='bbox 343 5653 583 5774; x_wconf 71' lang='grc' dir='ltr'>κρηπῖδα</span> <span class='ocrx_word' id='word_1_703' title='bbox 614 5653 829 5719; x_wconf 75' lang='lat' dir='ltr'><strong>basim,</strong></span> <span class='ocrx_word' id='word_1_704' title='bbox 874 5656 996 5710; x_wconf 89' lang='lat' dir='ltr'><strong>alibi</strong></span> <span class='ocrx_word' id='word_1_705' title='bbox 1053 5653 1303 5726; x_wconf 73' lang='grc' dir='ltr'>θεμέλιον</span> <span class='ocrx_word' id='word_1_706' title='bbox 1355 5655 1796 5723; x_wconf 78' lang='lat' dir='ltr'><strong>fundamentum,</strong></span> <span class='ocrx_word' id='word_1_707' title='bbox 1855 5666 1910 5710; x_wconf 90' lang='lat' dir='ltr'><strong>et</strong></span> 
     </span>
     <span class='ocr_line' id='line_1_101' title="bbox 345 5722 1908 5774; baseline 0.001 -1"><span class='ocrx_word' id='word_1_708' title='bbox 345 5735 372 5772; x_wconf 89' lang='lat' dir='ltr'><strong>a</strong></span> <span class='ocrx_word' id='word_1_709' title='bbox 404 5722 475 5774; x_wconf 73' lang='lat' dir='ltr'><strong>tbi</strong></span> <span class='ocrx_word' id='word_1_710' title='bbox 515 5725 691 5774; x_wconf 86' lang='lat' dir='ltr'><strong>aliter.</strong></span> <span class='ocrx_word' id='word_1_711' title='bbox 737 5726 878 5774; x_wconf 80' lang='lat' dir='ltr'><strong>unm]</strong></span> <span class='ocrx_word' id='word_1_712' title='bbox 926 5728 1187 5774; x_wconf 80' lang='lat' dir='ltr'><strong>adversus</strong></span> <span class='ocrx_word' id='word_1_713' title='bbox 1237 5737 1560 5774; x_wconf 82' lang='lat' dir='ltr'><strong>novatores.</strong></span> <span class='ocrx_word' id='word_1_714' title='bbox 1611 5727 1699 5774; x_wconf 84' lang='lat' dir='ltr'><strong>aui</strong></span> <span class='ocrx_word' id='word_1_715' title='bbox 1748 5727 1908 5774; x_wconf 86' lang='lat' dir='ltr'><strong>huius</strong></span> 
     </span>
    </p>
   </div>
   <div class='ocr_carea' id='block_1_101' title="bbox 345 5722 1908 5794">
    <p class='ocr_par' dir='ltr' id='par_1_101' title="bbox 345 5722 1908 5794">
     <span class='ocr_line' id='line_1_102' title="bbox 345 5722 1908 5794; baseline 0.004 -21"><span class='ocrx_word' id='word_1_716' title='bbox 345 5722 475 5794; x_wconf 79' lang='lat' dir='ltr'><strong>alibi</strong></span> <span class='ocrx_word' id='word_1_717' title='bbox 515 5725 691 5788; x_wconf 89' lang='lat' dir='ltr'><strong>aliter,</strong></span> <span class='ocrx_word' id='word_1_718' title='bbox 737 5726 878 5791; x_wconf 89' lang='lat' dir='ltr'><strong>quod</strong></span> <span class='ocrx_word' id='word_1_719' title='bbox 926 5722 1187 5780; x_wconf 79' lang='lat' dir='ltr'><strong>adversus</strong></span> <span class='ocrx_word' id='word_1_720' title='bbox 1237 5722 1560 5794; x_wconf 83' lang='lat' dir='ltr'><strong>novatores,</strong></span> <span class='ocrx_word' id='word_1_721' title='bbox 1611 5727 1699 5794; x_wconf 91' lang='lat' dir='ltr'><strong>qui</strong></span> <span class='ocrx_word' id='word_1_722' title='bbox 1748 5727 1908 5794; x_wconf 82' lang='lat' dir='ltr'><strong>hujus</strong></span> 
     </span>
    </p>
   </div>
   <div class='ocr_carea' id='block_1_102' title="bbox 345 5791 1907 5870">
    <p class='ocr_par' dir='ltr' id='par_1_102' title="bbox 345 5791 1907 5870">
     <span class='ocr_line' id='line_1_103' title="bbox 345 5791 1907 5870; baseline 0.004 -27"><span class='ocrx_word' id='word_1_723' title='bbox 345 5791 623 5870; x_wconf 40' lang='lat' dir='ltr'><strong>primatus.</strong></span> <span class='ocrx_word' id='word_1_724' title='bbox 643 5809 830 5848; x_wconf 88' lang='lat' dir='ltr'><strong>vocem</strong></span> <span class='ocrx_word' id='word_1_725' title='bbox 851 5799 1129 5870; x_wconf 68' lang='lat' dir='ltr'><strong>ederunt,</strong></span> <span class='ocrx_word' id='word_1_726' title='bbox 1183 5803 1236 5850; x_wconf 90' lang='lat' dir='ltr'><strong>et</strong></span> <span class='ocrx_word' id='word_1_727' title='bbox 1287 5793 1507 5870; x_wconf 68' lang='lat' dir='ltr'><strong>Grzecos</strong></span> <span class='ocrx_word' id='word_1_728' title='bbox 1538 5791 1698 5870; x_wconf 81' lang='lat' dir='ltr'><strong>hujus</strong></span> <span class='ocrx_word' id='word_1_729' title='bbox 1727 5791 1907 5849; x_wconf 67' lang='lat' dir='ltr'><strong>saeculi</strong></span> 
     </span>
    </p>
   </div>
   <div class='ocr_carea' id='block_1_103' title="bbox 346 5860 1907 5936">
    <p class='ocr_par' dir='ltr' id='par_1_103' title="bbox 346 5860 1907 5936">
     <span class='ocr_line' id='line_1_104' title="bbox 346 5860 1907 5936; baseline 0.004 -22"><span class='ocrx_word' id='word_1_730' title='bbox 346 5860 746 5927; x_wconf 82' lang='lat' dir='ltr'><strong>schismaticos.</strong></span> <span class='ocrx_word' id='word_1_731' title='bbox 779 5866 1214 5921; x_wconf 82' lang='lat' dir='ltr'><strong>animadversum</strong></span> <span class='ocrx_word' id='word_1_732' title='bbox 1258 5865 1418 5921; x_wconf 90' lang='lat' dir='ltr'><strong>vclim</strong></span> <span class='ocrx_word' id='word_1_733' title='bbox 1473 5864 1564 5934; x_wconf 88' lang='lat' dir='ltr'><strong>qui</strong></span> <span class='ocrx_word' id='word_1_734' title='bbox 1611 5860 1907 5936; x_wconf 85' lang='lat' dir='ltr'><strong>primatum</strong></span> 
     </span>
    </p>
   </div>
   <div class='ocr_carea' id='block_1_104' title="bbox 2019 4887 3588 4958">
    <p class='ocr_par' dir='ltr' id='par_1_104' title="bbox 2019 4887 3588 4958">
     <span class='ocr_line' id='line_1_105' title="bbox 2019 4887 3588 4958; baseline 0.002 -20"><span class='ocrx_word' id='word_1_735' title='bbox 2019 4890 2208 4958; x_wconf 76' lang='lat' dir='ltr'><strong>piunt,</strong></span> <span class='ocrx_word' id='word_1_736' title='bbox 2255 4890 2411 4956; x_wconf 80' lang='lat' dir='ltr'><strong>cujus</strong></span> <span class='ocrx_word' id='word_1_737' title='bbox 2446 4899 2621 4941; x_wconf 88' lang='lat' dir='ltr'><strong>tamen</strong></span> <span class='ocrx_word' id='word_1_738' title='bbox 2660 4890 2745 4941; x_wconf 89' lang='lat' dir='ltr'><strong>hic</strong></span> <span class='ocrx_word' id='word_1_739' title='bbox 2777 4887 2958 4949; x_wconf 83' lang='lat' dir='ltr'><strong>Pater,</strong></span> <span class='ocrx_word' id='word_1_740' title='bbox 2988 4897 3039 4940; x_wconf 88' lang='lat' dir='ltr'><strong>et</strong></span> <span class='ocrx_word' id='word_1_741' title='bbox 3083 4888 3170 4939; x_wconf 86' lang='lat' dir='ltr'><strong>alii</strong></span> <span class='ocrx_word' id='word_1_742' title='bbox 3206 4895 3414 4958; x_wconf 74' lang='lat' dir='ltr'><strong>veteres</strong></span> <span class='ocrx_word' id='word_1_743' title='bbox 3461 4889 3588 4941; x_wconf 88' lang='lat' dir='ltr'><strong>item</strong></span> 
     </span>
    </p>
   </div>
   <div class='ocr_carea' id='block_1_105' title="bbox 2021 4957 3590 5025">
    <p class='ocr_par' dir='ltr' id='par_1_105' title="bbox 2021 4957 3590 5025">
     <span class='ocr_line' id='line_1_106' title="bbox 2021 4957 3590 5025; baseline -0.002 -13"><span class='ocrx_word' id='word_1_744' title='bbox 2021 4957 2192 5012; x_wconf 64' lang='grc' dir='ltr'><strong>δι’ποί</strong></span> <span class='ocrx_word' id='word_1_745' title='bbox 2240 4959 2528 5013; x_wconf 88' lang='lat' dir='ltr'><strong>orthodoxi</strong></span> <span class='ocrx_word' id='word_1_746' title='bbox 2570 4966 2696 5011; x_wconf 89' lang='lat' dir='ltr'><strong>sunt</strong></span> <span class='ocrx_word' id='word_1_747' title='bbox 2740 4966 3040 5011; x_wconf 89' lang='lat' dir='ltr'><strong>assertores</strong></span> <span class='ocrx_word' id='word_1_748' title='bbox 3083 4965 3137 5008; x_wconf 89' lang='lat' dir='ltr'><strong>et</strong></span> <span class='ocrx_word' id='word_1_749' title='bbox 3175 4957 3590 5025; x_wconf 72' lang='lat' dir='ltr'><strong>prmdicatores.</strong></span> 
     </span>
    </p>
   </div>
   <div class='ocr_carea' id='block_1_106' title="bbox 2020 5025 3586 5094">
    <p class='ocr_par' dir='ltr' id='par_1_106' title="bbox 2020 5025 3586 5094">
     <span class='ocr_line' id='line_1_107' title="bbox 2020 5025 3586 5094; baseline -0.003 -12"><span class='ocrx_word' id='word_1_750' title='bbox 2020 5028 2154 5082; x_wconf 69' lang='lat' dir='ltr'><strong>Vide</strong></span> <span class='ocrx_word' id='word_1_751' title='bbox 2183 5029 2337 5094; x_wconf 86' lang='lat' dir='ltr'><strong>plura</strong></span> <span class='ocrx_word' id='word_1_752' title='bbox 2384 5030 2436 5081; x_wconf 91' lang='lat' dir='ltr'><strong>in</strong></span> <span class='ocrx_word' id='word_1_753' title='bbox 2473 5031 2719 5082; x_wconf 89' lang='lat' dir='ltr'><strong>eamdem</strong></span> <span class='ocrx_word' id='word_1_754' title='bbox 2752 5042 2860 5080; x_wconf 89' lang='lat' dir='ltr'><strong>rem</strong></span> <span class='ocrx_word' id='word_1_755' title='bbox 2907 5027 3160 5078; x_wconf 86' lang='lat' dir='ltr'><strong>adnotata</strong></span> <span class='ocrx_word' id='word_1_756' title='bbox 3211 5025 3274 5078; x_wconf 89' lang='lat' dir='ltr'><strong>ad</strong></span> <span class='ocrx_word' id='word_1_757' title='bbox 3312 5026 3458 5079; x_wconf 85' lang='lat' dir='ltr'><strong>ltum.</strong></span> <span class='ocrx_word' id='word_1_758' title='bbox 3494 5026 3586 5091; x_wconf 77' lang='lat'><strong>37,</strong></span> 
     </span>
    </p>
   </div>
   <div class='ocr_carea' id='block_1_107' title="bbox 2022 5096 3586 5163">
    <p class='ocr_par' dir='ltr' id='par_1_107' title="bbox 2022 5096 3586 5163">
     <span class='ocr_line' id='line_1_108' title="bbox 2022 5096 3586 5163; baseline 0 -12"><span class='ocrx_word' id='word_1_759' title='bbox 2022 5109 2136 5151; x_wconf 89' lang='lat' dir='ltr'><strong>not.</strong></span> <span class='ocrx_word' id='word_1_760' title='bbox 2177 5099 2247 5151; x_wconf 88' lang='lat'><strong>68</strong></span> <span class='ocrx_word' id='word_1_761' title='bbox 2290 5107 2344 5152; x_wconf 92' lang='lat' dir='ltr'><strong>et</strong></span> <span class='ocrx_word' id='word_1_762' title='bbox 2387 5098 2490 5163; x_wconf 71' lang='grc'><strong>54,</strong></span> <span class='ocrx_word' id='word_1_763' title='bbox 2537 5107 2651 5151; x_wconf 89' lang='lat' dir='ltr'><strong>not.</strong></span> <span class='ocrx_word' id='word_1_764' title='bbox 2692 5098 2784 5160; x_wconf 72' lang='grc'><strong>49,</strong></span> <span class='ocrx_word' id='word_1_765' title='bbox 2837 5105 2892 5150; x_wconf 89' lang='lat' dir='ltr'><strong>et</strong></span> <span class='ocrx_word' id='word_1_766' title='bbox 2939 5097 3074 5149; x_wconf 88' lang='lat' dir='ltr'><strong>iul’ra</strong></span> <span class='ocrx_word' id='word_1_767' title='bbox 3125 5096 3288 5150; x_wconf 90' lang='lat' dir='ltr'><strong>etiam</strong></span> <span class='ocrx_word' id='word_1_768' title='bbox 3323 5103 3436 5148; x_wconf 89' lang='lat' dir='ltr'><strong>tota</strong></span> <span class='ocrx_word' id='word_1_769' title='bbox 3484 5097 3586 5151; x_wconf 88' lang='lat' dir='ltr'><strong>hac</strong></span> 
     </span>
    </p>
   </div>
   <div class='ocr_carea' id='block_1_108' title="bbox 2023 5166 2784 5222">
    <p class='ocr_par' dir='ltr' id='par_1_108' title="bbox 2023 5166 2784 5222">
     <span class='ocr_line' id='line_1_109' title="bbox 2023 5166 2784 5222; baseline -0.003 0"><span class='ocrx_word' id='word_1_770' title='bbox 2023 5168 2171 5222; x_wconf 85' lang='lat' dir='ltr'><strong>ltum.</strong></span> <span class='ocrx_word' id='word_1_771' title='bbox 2203 5179 2256 5221; x_wconf 88' lang='lat' dir='ltr'><strong>et</strong></span> <span class='ocrx_word' id='word_1_772' title='bbox 2285 5178 2408 5220; x_wconf 89' lang='lat' dir='ltr'><strong>nota</strong></span> <span class='ocrx_word' id='word_1_773' title='bbox 2439 5169 2502 5218; x_wconf 82' lang='lat' dir='ltr'><strong>ad</strong></span> <span class='ocrx_word' id='word_1_774' title='bbox 2539 5183 2658 5220; x_wconf 91' lang='lat' dir='ltr'><strong>eam</strong></span> <span class='ocrx_word' id='word_1_775' title='bbox 2694 5166 2784 5220; x_wconf 84' lang='lat'><strong>75.</strong></span> 
     </span>
    </p>
   </div>
   <div class='ocr_carea' id='block_1_109' title="bbox 2097 5234 3589 5306">
    <p class='ocr_par' dir='ltr' id='par_1_109' title="bbox 2097 5234 3589 5306">
     <span class='ocr_line' id='line_1_110' title="bbox 2097 5234 3589 5306; baseline 0 -18"><span class='ocrx_word' id='word_1_776' title='bbox 2097 5237 2209 5306; x_wconf 88' lang='lat'><strong>(68)</strong></span> <span class='ocrx_word' id='word_1_777' title='bbox 2243 5239 2607 5291; x_wconf 83' lang='lat' dir='ltr'><strong>Armeniorum</strong></span> <span class='ocrx_word' id='word_1_778' title='bbox 2633 5237 2868 5290; x_wconf 74' lang='lat' dir='ltr'><strong>hteresis.</strong></span> <span class='ocrx_word' id='word_1_779' title='bbox 2906 5234 2970 5288; x_wconf 84' lang='lat' dir='ltr'><strong>Hi</strong></span> <span class='ocrx_word' id='word_1_780' title='bbox 3006 5237 3181 5288; x_wconf 83' lang='lat' dir='ltr'><strong>seculi</strong></span> <span class='ocrx_word' id='word_1_781' title='bbox 3221 5244 3347 5289; x_wconf 87' lang='lat' dir='ltr'><strong>sunt</strong></span> <span class='ocrx_word' id='word_1_782' title='bbox 3384 5235 3589 5304; x_wconf 84' lang='lat' dir='ltr'><strong>Euthy-</strong></span> 
     </span>
    </p>
   </div>
   <div class='ocr_carea' id='block_1_110' title="bbox 2015 5307 3588 5374">
    <p class='ocr_par' dir='ltr' id='par_1_110' title="bbox 2015 5307 3588 5374">
     <span class='ocr_line' id='line_1_111' title="bbox 2015 5307 3588 5374; baseline 0 -15"><span class='ocrx_word' id='word_1_783' title='bbox 2015 5308 2334 5360; x_wconf 85' lang='lat' dir='ltr'><strong>chiauorum</strong></span> <span class='ocrx_word' id='word_1_784' title='bbox 2366 5323 2604 5371; x_wconf 86' lang='lat' dir='ltr'><strong>errores,</strong></span> <span class='ocrx_word' id='word_1_785' title='bbox 2632 5308 2728 5374; x_wconf 83' lang='lat' dir='ltr'><strong>qui</strong></span> <span class='ocrx_word' id='word_1_786' title='bbox 2759 5307 2892 5359; x_wconf 91' lang='lat' dir='ltr'><strong>duas</strong></span> <span class='ocrx_word' id='word_1_787' title='bbox 2922 5315 3046 5357; x_wconf 85' lang='lat' dir='ltr'><strong>ante</strong></span> <span class='ocrx_word' id='word_1_788' title='bbox 3075 5307 3328 5358; x_wconf 89' lang='lat' dir='ltr'><strong>unionem</strong></span> <span class='ocrx_word' id='word_1_789' title='bbox 3360 5316 3588 5360; x_wconf 84' lang='lat' dir='ltr'><strong>naturas</strong></span> 
     </span>
    </p>
   </div>
   <div class='ocr_carea' id='block_1_111' title="bbox 2013 5374 3589 5441">
    <p class='ocr_par' dir='ltr' id='par_1_111' title="bbox 2013 5374 3589 5441">
     <span class='ocr_line' id='line_1_112' title="bbox 2013 5374 3589 5441; baseline -0.001 -11"><span class='ocrx_word' id='word_1_790' title='bbox 2013 5377 2218 5430; x_wconf 83' lang='lat' dir='ltr'><strong>Christi</strong></span> <span class='ocrx_word' id='word_1_791' title='bbox 2273 5377 2550 5430; x_wconf 87' lang='lat' dir='ltr'><strong>exstitisse</strong></span> <span class='ocrx_word' id='word_1_792' title='bbox 2598 5377 2889 5439; x_wconf 85' lang='lat' dir='ltr'><strong>dicebant,</strong></span> <span class='ocrx_word' id='word_1_793' title='bbox 2944 5374 3138 5428; x_wconf 86' lang='lat' dir='ltr'><strong>deinde</strong></span> <span class='ocrx_word' id='word_1_794' title='bbox 3187 5378 3408 5437; x_wconf 88' lang='lat' dir='ltr'><strong>unitas,</strong></span> <span class='ocrx_word' id='word_1_795' title='bbox 3467 5383 3589 5441; x_wconf 90' lang='lat' dir='ltr'><strong>post</strong></span> 
     </span>
    </p>
   </div>
   <div class='ocr_carea' id='block_1_112' title="bbox 2017 5443 3582 5510">
    <p class='ocr_par' dir='ltr' id='par_1_112' title="bbox 2017 5443 3582 5510">
     <span class='ocr_line' id='line_1_113' title="bbox 2017 5443 3582 5510; baseline -0.001 -12"><span class='ocrx_word' id='word_1_796' title='bbox 2017 5447 2269 5500; x_wconf 88' lang='lat' dir='ltr'><strong>unionem</strong></span> <span class='ocrx_word' id='word_1_797' title='bbox 2301 5461 2431 5499; x_wconf 75' lang='lat' dir='ltr'><strong>vero</strong></span> <span class='ocrx_word' id='word_1_798' title='bbox 2455 5448 2505 5499; x_wconf 93' lang='lat' dir='ltr'><strong>in</strong></span> <span class='ocrx_word' id='word_1_799' title='bbox 2531 5462 2692 5498; x_wconf 86' lang='lat' dir='ltr'><strong>uuam</strong></span> <span class='ocrx_word' id='word_1_800' title='bbox 2717 5460 2810 5497; x_wconf 91' lang='lat' dir='ltr'><strong>eos</strong></span> <span class='ocrx_word' id='word_1_801' title='bbox 2833 5455 3080 5497; x_wconf 82' lang='lat' dir='ltr'><strong>naturam</strong></span> <span class='ocrx_word' id='word_1_802' title='bbox 3109 5445 3273 5497; x_wconf 81' lang='lat' dir='ltr'><strong>l&#39;nisse</strong></span> <span class='ocrx_word' id='word_1_803' title='bbox 3297 5443 3582 5510; x_wconf 79' lang='lat' dir='ltr'><strong>confusas;</strong></span> 
     </span>
    </p>
   </div>
   <div class='ocr_carea' id='block_1_113' title="bbox 2011 5514 3588 5583">
    <p class='ocr_par' dir='ltr' id='par_1_113' title="bbox 2011 5514 3588 5583">
     <span class='ocr_line' id='line_1_114' title="bbox 2011 5514 3588 5583; baseline 0 -16"><span class='ocrx_word' id='word_1_804' title='bbox 2011 5521 2144 5569; x_wconf 85' lang='lat' dir='ltr'><strong>adeo</strong></span> <span class='ocrx_word' id='word_1_805' title='bbox 2192 5525 2248 5568; x_wconf 93' lang='lat' dir='ltr'><strong>ut</strong></span> <span class='ocrx_word' id='word_1_806' title='bbox 2301 5516 2554 5569; x_wconf 88' lang='lat' dir='ltr'><strong>divinitas</strong></span> <span class='ocrx_word' id='word_1_807' title='bbox 2605 5531 2669 5569; x_wconf 85' lang='lat' dir='ltr'><strong>ea</strong></span> <span class='ocrx_word' id='word_1_808' title='bbox 2719 5529 2876 5583; x_wconf 87' lang='lat' dir='ltr'><strong>passa</strong></span> <span class='ocrx_word' id='word_1_809' title='bbox 2927 5515 3018 5575; x_wconf 89' lang='lat' dir='ltr'><strong>sit,</strong></span> <span class='ocrx_word' id='word_1_810' title='bbox 3069 5529 3186 5576; x_wconf 77' lang='lat' dir='ltr'><strong>qua:</strong></span> <span class='ocrx_word' id='word_1_811' title='bbox 3239 5514 3588 5583; x_wconf 78' lang='lat' dir='ltr'><strong>humanitatis</strong></span> 
     </span>
    </p>
   </div>
   <div class='ocr_carea' id='block_1_114' title="bbox 2011 5582 3587 5652">
    <p class='ocr_par' dir='ltr' id='par_1_114' title="bbox 2011 5582 3587 5652">
     <span class='ocr_line' id='line_1_115' title="bbox 2011 5582 3587 5652; baseline -0.001 -14"><span class='ocrx_word' id='word_1_812' title='bbox 2011 5586 2166 5640; x_wconf 84' lang='lat' dir='ltr'><strong>fuere</strong></span> <span class='ocrx_word' id='word_1_813' title='bbox 2195 5595 2249 5638; x_wconf 91' lang='lat' dir='ltr'><strong>et</strong></span> <span class='ocrx_word' id='word_1_814' title='bbox 2279 5594 2489 5639; x_wconf 89' lang='lat' dir='ltr'><strong>contra.</strong></span> <span class='ocrx_word' id='word_1_815' title='bbox 2527 5584 2681 5638; x_wconf 89' lang='lat' dir='ltr'><strong>Unde</strong></span> <span class='ocrx_word' id='word_1_816' title='bbox 2711 5582 2805 5636; x_wconf 85' lang='lat' dir='ltr'><strong>eos</strong></span> <span class='ocrx_word' id='word_1_817' title='bbox 2849 5583 3254 5652; x_wconf 82' lang='lat' dir='ltr'><strong>Monophysitas</strong></span> <span class='ocrx_word' id='word_1_818' title='bbox 3274 5623 3289 5647; x_wconf 97' lang='lat'><strong>,</strong></span> <span class='ocrx_word' id='word_1_819' title='bbox 3339 5582 3587 5651; x_wconf 86' lang='lat' dir='ltr'><strong>Theopa-</strong></span> 
     </span>
    </p>
   </div>
   <div class='ocr_carea' id='block_1_115' title="bbox 2011 5651 3589 5724">
    <p class='ocr_par' dir='ltr' id='par_1_115' title="bbox 2011 5651 3589 5724">
     <span class='ocr_line' id='line_1_116' title="bbox 2011 5651 3589 5724; baseline -0.003 -14"><span class='ocrx_word' id='word_1_820' title='bbox 2011 5657 2216 5710; x_wconf 88' lang='lat' dir='ltr'><strong>schitas</strong></span> <span class='ocrx_word' id='word_1_821' title='bbox 2232 5654 2817 5724; x_wconf 69' lang='lat' dir='ltr'><strong>appellaveruntGrazci</strong></span> <span class='ocrx_word' id='word_1_822' title='bbox 2836 5651 3482 5724; x_wconf 62' lang='lat' dir='ltr'><strong>Patres.Lege_l§_ellartn.,</strong></span> <span class='ocrx_word' id='word_1_823' title='bbox 3513 5651 3589 5724; x_wconf 77' lang='grc' dir='ltr'><strong>ρε</strong></span> 
     </span>
    </p>
   </div>
   <div class='ocr_carea' id='block_1_116' title="bbox 2013 5721 3586 5794">
    <p class='ocr_par' dir='ltr' id='par_1_116' title="bbox 2013 5721 3586 5794">
     <span class='ocr_line' id='line_1_117' title="bbox 2013 5721 3586 5794; baseline -0.003 -14"><span class='ocrx_word' id='word_1_824' title='bbox 2013 5727 2225 5793; x_wconf 78' lang='lat' dir='ltr'><strong>script.;</strong></span> <span class='ocrx_word' id='word_1_825' title='bbox 2268 5721 2503 5794; x_wconf 69' lang='lat' dir='ltr'><strong>Niceph.</strong></span> <span class='ocrx_word' id='word_1_826' title='bbox 2549 5725 2644 5777; x_wconf 90' lang='lat' dir='ltr'><strong>lib.</strong></span> <span class='ocrx_word' id='word_1_827' title='bbox 2679 5739 2833 5794; x_wconf 83' lang='lat' dir='ltr'><strong>xvnt,</strong></span> <span class='ocrx_word' id='word_1_828' title='bbox 2868 5739 2990 5793; x_wconf 87' lang='lat' dir='ltr'><strong>cap.</strong></span> <span class='ocrx_word' id='word_1_829' title='bbox 3032 5723 3102 5776; x_wconf 87' lang='grc'><strong>55</strong></span> <span class='ocrx_word' id='word_1_830' title='bbox 3127 5739 3148 5794; x_wconf 60' lang='grc' dir='ltr'>ξ</span> <span class='ocrx_word' id='word_1_831' title='bbox 3175 5721 3472 5794; x_wconf 63' lang='lat' dir='ltr'><strong>Nic-onem,</strong></span> <span class='ocrx_word' id='word_1_832' title='bbox 3507 5721 3586 5775; x_wconf 81' lang='lat' dir='ltr'><strong>De</strong></span> 
     </span>
    </p>
   </div>
   <div class='ocr_carea' id='block_1_117' title="bbox 2013 5792 3582 5866">
    <p class='ocr_par' dir='ltr' id='par_1_117' title="bbox 2013 5792 3582 5866">
     <span class='ocr_line' id='line_1_118' title="bbox 2013 5792 3582 5866; baseline -0.001 -18"><span class='ocrx_word' id='word_1_833' title='bbox 2013 5792 2279 5866; x_wconf 68' lang='lat' dir='ltr'><strong>erraribus</strong></span> <span class='ocrx_word' id='word_1_834' title='bbox 2302 5792 2704 5866; x_wconf 69' lang='lat' dir='ltr'><strong>Armeniorum;</strong></span> <span class='ocrx_word' id='word_1_835' title='bbox 2731 5792 3096 5866; x_wconf 54' lang='lat' dir='ltr'><strong>etlhedriani</strong></span> <span class='ocrx_word' id='word_1_836' title='bbox 3128 5792 3582 5866; x_wconf 85' lang='lat' dir='ltr'><strong>Disputationem,</strong></span> 
     </span>
    </p>
   </div>
   <div class='ocr_carea' id='block_1_118' title="bbox 2017 5861 3598 5921">
    <p class='ocr_par' dir='ltr' id='par_1_118' title="bbox 2017 5861 3598 5921">
     <span class='ocr_line' id='line_1_119' title="bbox 2017 5861 3598 5921; baseline -0.007 -1"><span class='ocrx_word' id='word_1_837' title='bbox 2017 5876 2148 5921; x_wconf 90' lang='lat' dir='ltr'><strong>tom.</strong></span> <span class='ocrx_word' id='word_1_838' title='bbox 2193 5865 2262 5920; x_wconf 83' lang='grc' dir='ltr'><strong>ιιι</strong></span> <span class='ocrx_word' id='word_1_839' title='bbox 2295 5878 2347 5921; x_wconf 89' lang='lat' dir='ltr'><strong>ct</strong></span> <span class='ocrx_word' id='word_1_840' title='bbox 2383 5864 2448 5920; x_wconf 83' lang='grc' dir='ltr'><strong>ιν</strong></span> <span class='ocrx_word' id='word_1_841' title='bbox 2483 5864 2739 5920; x_wconf 81' lang='lat' dir='ltr'><strong>Biblioth.</strong></span> <span class='ocrx_word' id='word_1_842' title='bbox 2779 5861 2881 5921; x_wconf 88' lang='lat' dir='ltr'><strong>SS.</strong></span> <span class='ocrx_word' id='word_1_843' title='bbox 2919 5861 3169 5919; x_wconf 81' lang='lat' dir='ltr'><strong>Patrum.</strong></span> <span class='ocrx_word' id='word_1_844' title='bbox 3223 5861 3237 5862; x_wconf 31' lang='grc' dir='ltr'><strong>ί</strong></span> <span class='ocrx_word' id='word_1_845' title='bbox 3566 5861 3598 5886; x_wconf 60' lang='grc' dir='ltr'><strong>ἠ</strong></span> 
     </span>
    </p>
   </div>
  </div>
