4074 6478
420 437 524 504 961

1810 444 2146 507 HOMILIA
2190 448 2309 510 LV.

3571 447 3677 512 962

416 551 590 620 ὕδραν
624 552 951 620 συγκόπτων
991 553 1090 625 τὴν
1119 554 1443 625 Ἀκεφάλων
1473 557 1687 629 αἵρεσιν
1717 560 1728 612 !
1765 557 1856 612 Τὼ
1889 559 1998 630 γὰρ

2119 561 2205 616 sim
2233 560 2343 632 (69)
2366 559 2521 631 quasi
2546 557 3173 631 multicipitem'hydram
3192 558 3309 632 (70)
3329 559 3555 617 recidit?
3573 564 3681 621 duo

418 641 529 693 τῶν
563 642 904 713 Ἀκεφάλων,
936 648 1029 700 καὶ
1057 646 1133 699 τὼ
1161 646 1459 720 Νεστορίου
1484 650 1724 721 δόγματε
1756 650 1998 703 ἐναντίον

420 730 524 801 μὲν
562 733 733 804 ἤστην
760 735 929 804 ἄμφω
989 736 1132 804 Θεῷ,
1186 739 1569 792 ὲναντιοῦσθον
1600 740 1657 792 δὲ
1708 740 1803 793 καὶ
1836 740 2004 810 ἀλλή-

418 828 556 888 λοιν,
586 830 678 881 καὶ
702 830 1008 900 ὑπάρχετον
1033 830 1360 899 θεολογικῶς
1388 834 1584 895 εἰπεῖν,
1616 835 1681 885 ἐκ
1706 834 1999 903 διαμέτρου

423 921 594 984 κακὰ,
653 921 747 973 καὶ
785 923 1024 992 ὁμότιμοι
1060 922 1157 993 τὴν
1210 923 1487 979 ἀσέϐειαν.
1546 925 1842 995 Νεστόριος
1901 905 2002 994 μὲν

418 1010 532 1077 γὰρ
570 1011 651 1071 είς
706 1010 801 1063 δύο
857 1012 1061 1083 διαιρεί
1106 1013 1196 1065 τὸν
1249 1013 1344 1068 ἕνα
1377 1015 1614 1084 Χριστόν
1644 1031 1655 1044 ⁸
1691 1016 1771 1078 εἷς
1810 1029 1869 1068 τε
1909 1016 2003 1069 τὸν

419 1101 554 1153 Υίδν
583 1100 675 1153 τοῦ
720 1102 883 1161 Θεοῦ,
929 1103 1024 1156 καὶ
1058 1104 1149 1157 τὸν
1184 1107 1281 1174 τῆς
1332 1106 1578 1176 Μαρίας.
1623 1107 1903 1177 Ἀρμένιοι
1942 1107 2001 1161 δὲ

417 1194 523 1256 τὰς
554 1194 650 1247 δύο
674 1195 771 1247 τοῦ
806 1197 1049 1265 Χριστοῦ
1100 1196 1295 1267 φύσεις
1339 1200 1420 1262 είς
1467 1199 1599 1268 μίαν
1650 1200 1998 1269 συγχέουσιν.

434 1286 750 1355 Ἀμφότερα
778 1288 911 1356 γοῦν
958 1290 990 1360 ἠ
1032 1288 1127 1341 τοῦ
1173 1290 1384 1360 Πέτρου
1435 1289 1688 1359 θεολογία
1726 1290 1998 1362 διήλεγξεν

420 1377 514 1429 τὸν
536 1377 699 1430 αὐτὸν
719 1380 816 1432 κα).
846 1380 972 1432 Υἱὸν
1003 1380 1167 1444 Θεοῦ,
1200 1381 1297 1434 καὶ
1321 1380 1448 1434 Υίδν
1476 1380 1771 1453 ἀνθρώπου
1789 1382 2004 1452 τρανῶς

421 1469 835 1537 δογματίσασα.
895 1471 1101 1525 Σκόπει
1152 1472 1210 1525 δὲ
1265 1473 1360 1526 καὶ
1418 1473 1519 1544 τὴν
1570 1474 1669 1542 τῆς
1720 1473 2003 1541 Θεολογίας

418 1561 739 1632 ἀκρίϐειαν.
780 1563 999 1631 Ἐπειδὴ
1027 1566 1135 1634 γὰρ
1178 1565 1366 1617 πολλοὶ
1395 1566 1610 1636 χριστοὶ
1631 1607 1645 1629 ,
1681 1568 1773 1619 καὶ
1803 1566 1991 1618 πολλοὶ

420 1654 681 1719 υίοὶ,καὶ
710 1654 903 1708 πολλοὶ
956 1656 1090 1717 θεοὶ,
1138 1652 1218 1719 εἴς
1263 1658 1320 1711 δὲ
1363 1660 1390 1711 6
1435 1657 1595 1727 φύσει
1640 1658 1733 1711 καὶ
1769 1658 1999 1729 ἀληθὴς,

418 1744 514 1798 διὰ
538 1746 697 1800 τοῦτο
725 1748 825 1800 οὐκ
860 1744 978 1801 εἶπε
996 1766 1012 1781 ο
1038 1750 1109 1801 Σὺ
1128 1747 1177 1801 εἶ
1199 1749 1454 1820 Χριστὸς,
1481 1749 1617 1813 ἀλλ’,
1658 1748 1716 1804 Ὀ
1744 1751 2001 1820 Χριστὸς,

421 1837 549 1889 οὐδὲ
564 1837 711 1902 Υἱὸς,
744 1838 884 1905 ἀλλ’,
914 1839 974 1893 ’0
995 1841 1147 1903 Υἱὸς,
1183 1841 1305 1894 οὐδὲ
1337 1842 1471 1894 Θεοῦ
1494 1880 1509 1905 ,
1542 1840 1699 1905 ἀλλὰ,
1725 1840 1832 1893 Τοῦ
1866 1841 2000 1894 Θεοῦ

2108 654 2252 708 enim
2288 652 2379 706 illa
2430 650 2855 720 Acephalorum,
2887 658 2942 705 et
2970 648 3204 708 Nestorii
3233 651 3485 721 dogmata
3524 655 3683 710 ambo

2104 759 2233 799 sane
2277 744 2385 797 Deo
2410 742 2775 797 adversantur
2800 761 2810 794 :
2838 742 2931 797 sed
2957 757 3083 796 vero
3100 742 3261 796 etiam
3287 743 3429 796 inIer
3460 759 3517 799 se
3547 744 3686 799 invi-

2104 850 2219 890 cem
2242 833 2643 903 contraria(7l)
2668 840 2815 895 sunt,
2833 840 2886 885 et
2911 839 2969 885 ut
2996 831 3227 900 theologi
3252 840 3375 887 utar
3388 847 3519 888 voce
3542 833 3681 904 (72),

2106 941 2173 981 ex
2195 925 2456 979 diametro
2486 926 2749 981 malorum
2770 924 2922 979 initia
2940 932 2994 979 et
3014 925 3066 977 in
3087 924 3361 993 impietate
3385 924 3533 981 luere
3548 941 3683 983 con-

2107 1017 2331 1071 ditionis
2367 1016 2614 1085 aaqualis.
2641 1017 2921 1070 Nestorins
2955 1015 3097 1070 enim
3122 1031 3289 1069 unum
3324 1015 3600 1072 Christum
3628 1019 3680 1070 in

2105 1106 2239 1159 duos
2258 1105 2473 1160 dividit:
2495 1106 2549 1160 iu
2570 1105 2766 1160 Filium
2790 1105 2905 1173 Dei,
2924 1114 2973 1159 et
2997 1106 3190 1159 Filium
3218 1104 3424 1172 Maria;
3444 1107 3687 1165 Armenii

2106 1214 2235 1253 vero
2279 1198 2414 1253 duas
2465 1197 2669 1253 Christi
2727 1207 2950 1253 naturas
3012 1199 3352 1253 confundunt
3396 1200 3449 1254 in
3497 1216 3686 1259 unam.

2107 1289 2410 1358 Utrumque
2438 1304 2564 1345 vero
2593 1288 2734 1344 Petri
2767 1289 3033 1360 theologia
3079 1291 3375 1359 redarguit,
3412 1303 3463 1346 et
3490 1294 3687 1363 dogma

2109 1381 2274 1434 tradit
2305 1390 2493 1450 aperte
2522 1380 2770 1434 eumdem
2796 1389 2851 1434 et
2893 1379 3088 1434 Filium
3116 1378 3217 1453 ιι)θί
3255 1396 3375 1436 esse
3396 1391 3452 1437 et
3486 1382 3685 1437 Filium

2109 1471 2372 1527 hominis.
2414 1470 2715 1527 Considera
2757 1486 2888 1527 vero
2934 1475 3099 1526 etiam
3144 1483 3455 1527 accuratam
3490 1475 3690 1531 divina:

2110 1564 2375 1618 doctrinas
2407 1564 2790 1619 subtilitatem.
2814 1564 3083 1630 Quoniam
3117 1566 3263 1619 enim
3289 1566 3441 1620 multi
3462 1566 3688 1633 Christi,

2108 1664 2162 1709 et
2182 1654 2329 1708 multi
2348 1653 2557 1718 Filii,et
2576 1654 2722 1709 multi
2748 1654 2863 1721 Dei,
2887 1670 3026 1709 unus
3047 1665 3224 1709 antem
3246 1664 3433 1709 natura
3454 1665 3508 1710 et
3529 1672 3692 1714 verus

2108 1756 2212 1811 est,
2243 1746 2360 1819 ideo
2394 1761 2496 1800 non
2516 1747 2652 1800 dixit
2671 1746 2742 1797 Σὺ
2772 1743 2822 1797 el
2846 1746 3079 1816 Χριστὸς
3104 1747 3232 1810 Υἱὸς
3258 1745 3394 1799 Θεοῦ
3447 1744 3694 1803 Christus

2110 1836 2285 1892 Filius
2317 1838 2408 1892 Dei
2423 1838 2541 1893 sine
2567 1838 2832 1903 articulis,
2859 1840 2975 1901 sed,
3009 1838 3068 1892 Ὀ
3095 1838 3352 1910 Χριστὸς,
3380 1841 3407 1892 6
3439 1840 3567 1904 Υἱὸς
3597 1839 3694 1894 τοῦ

419 1932 523 1984 τοῦ
583 1930 808 1996 ζῶντος.
866 1935 1052 1987 Πάντα
1096 1932 1206 2003 γὰρ
1254 1933 1395 2003 μετὰ
1440 1933 1533 1987 τοῦ
1590 1933 1796 2003 ἄρθρου
1832 1933 2003 1987 εἰπὼν

2119 1929 2343 1983 Βεοῦτοῦ
2362 1928 2579 1995 ζῶντος.
2604 1930 2736 1985 Cum
2754 1930 2901 1985 enim
2948 1932 3201 1986 omnibus
3251 1932 3470 1987 vocibus
3520 1947 3693 2002 appo~

420 2025 803 2096 γεγωνὸτερον
832 2027 935 2094 τῆς
974 2027 1258 2097 μακαρίας
1296 2025 1488 2088 οὐσίας
1541 2026 1637 2079 και)⁵
1693 2026 2001 2095 μονοειδοῦς

360 2176 367 2181 ,
423 2114 651 2184 φύσεως
679 2115 919 2185 ἐδήλωσε
946 2115 1008 2169 τὸ
1036 2114 1338 2185 ἐξαίρετον.
1362 2114 1454 2167 Διὸ
1489 2115 1583 2167 καὶ
1612 2114 1707 2168 τοῦ
1738 2117 2007 2168 Δεσποτι.

424 2208 532 2261 κοῦ
557 2208 916 2278 μακαρισμοῦ
953 2209 1180 2275 γέγονεν
1211 2206 1382 2271 ἄξιος.
1433 2207 1498 2259 Τί
1536 2206 1644 2276 γὰρ
1675 2207 1811 2276 πρὸς
1845 2208 2008 2261 αὑτὸν

422 2299 455 2351 ὁ
480 2296 709 2368 Σωτήρς
748 2317 766 2348 t
800 2297 1085 2366 Μακάριος
1115 2292 1199 2361 εῐ,
1232 2296 1417 2365 Σίμων
1451 2296 1566 2367 Bap
1607 2297 1816 2350 Ἰωνᾶ.»
1852 2297 2011 2362 Τίνος

423 2390 622 2444 ἓνεκεν
660 2391 985 2461 μακαρίζων
1015 2389 1201 2453 αὑτὸν,
1250 2388 1346 2443 καὶ
1393 2388 1487 2441 τοῦ
1531 2389 1736 2461 πατρὸς
1766 2390 2025 2461 ἐμνημόο.

2109 2024 2307 2081 suisset
2327 2022 2584 2077 articulos
2606 2022 2744 2092 (75),
2765 2023 2933 2076 bcataa
2953 2022 3094 2076 illius
3114 2024 3383 2089 assentiar,
3409 2037 3459 2077 et
3489 2037 3695 2080 naturae

2109 2115 2402 2186 singularis
2452 2114 2829 2170 excellentiam
2885 2114 3193 2182 expressius
3238 2113 3516 2168 indicavit.
3544 2114 3697 2170 Unde

2110 2218 2196 2263 est
2233 2205 2450 2262 habitus
2471 2221 2631 2275 quem
2663 2208 2875 2261 beatum
2900 2205 3161 2260 Dominus
3186 2206 3525 2275 praedicaret.
3548 2206 3689 2271 Quid

2111 2300 2255 2355 enim
2284 2300 2359 2354 illi
2389 2298 2674 2355 Salvator?
2709 2318 2727 2352 ι
2757 2299 2955 2353 Beatus
2985 2315 3067 2365 es,
3108 2299 3295 2353 Simon
3336 2297 3626 2354 Bar-Jona.
3669 2318 3688 2351 ο

2123 2390 2268 2459 Quid
2303 2402 2384 2448 est
2417 2408 2593 2448 causae
2626 2407 2724 2448 cur
2753 2407 2873 2448 eum
2903 2393 3122 2448 beatum
3145 2394 3331 2448 dicens
3366 2392 3693 2448 mentionem

1656 2523 1984 2586 Francisci
2017 2525 2228 2589 Scorsi
2272 2533 2463 2590 notia.

507 2651 618 2721 (69)
667 2648 1069 2721 Acephalorum.
1106 2645 1365 2721 ihcephali
1391 2644 1574 2721 _etiam_
1617 2644 2006 2718 Monopliysitie

426 2732 492 2779 et
517 2715 930 2789 Theopascbitae
965 2716 1217 2787 appellati
1248 2715 1492 2789 eamdem
1512 2715 1595 2789 οἱ)
1627 2715 1873 2789 causam,
1904 2733 2004 2784 qua

425 2784 709 2855 Armenii,
756 2784 1105 2859 ejusdemque
1155 2788 1376 2859 omnino
1424 2784 1632 2839 farinae.
1681 2786 2012 2859 Exstiterunt

428 2880 567 2917 vero
621 2856 862 2929 tempore
913 2859 1146 2913 Zenonis
1173 2857 1384 2929 imper.
1425 2859 1769 2929 eormn_dux
1821 2856 2012 2929 Petrus

429 2924 754 2999 Cnapheus,
784 2941 835 2983 et
863 2942 978 2998 p05t
1007 2942 1128 2980 enm
1168 2924 1402 2999 Severus
1430 2925 1795 2999 Antiochenns
1834 2927 2013 2999 :Zdicti

428 2996 569 3056 vero
596 2996 875 3068 Acephali,
906 3003 1007 3052 hoc
1039 3006 1121 3068 est
1148 2997 1316 3062 capite
1342 3004 1598 3059 carentes,
1626 2996 1771 3068 quod
1797 3012 1828 3068 Aa
1858 2996 2021 3052 Petro

433 3063 811 3127 Alexandrino
865 3067 1171 3137 patriarcha
1231 3068 1591 3137 secessionem
1644 3063 1902 3132 fecerint,
1956 3081 2020 3121 ac

429 3144 669 3197 seorsim
718 3134 1200 3197 communicarint,
1254 3135 1395 3205 quod
1452 3134 1499 3188 is
1548 3137 1765 3189 unionis
1812 3138 2016 3207 scripto

433 3214 668 3283 probato
714 3210 994 3283 synodum
1026 3207 1542 3268 Chalcedonensem,
1578 3219 1736 3271 quam
1788 3206 1876 3283 illi
1911 3206 2015 3260 non

435 3277 807 3349 recipiebant,
852 3280 1195 3349 anathemate
1228 3283 1585 3349 __exse_cratus
1644 3289 1749 3328 non
1804 3277 2017 3349 fuisset.

439 3343 574 3406 Vide
606 3343 805 3403 Daren.
834 3364 963 3400 ann.
992 3345 1116 3407 482,
1145 3352 1199 3398 et
1228 3343 1453 3413 Niceph.
1482 3343 1574 3395 Iih.
1603 3359 1757 3407 XVIII,
1784 3362 1904 3413 cap.
1929 3346 2019 3400 45.

515 3421 629 3491 (70)
686 3418 1054 3491 illulticipitem
1105 3410 1554 3491 hydramlLudit
1600 3428 1667 3466 ex
1721 3410 2020 3491 antiphrasi

434 3484 680 3546 nominis
708 3484 985 3553 Aeepliali,
1011 3484 1153 3554 quod
1183 3484 1449 3551 signiﬁcat
1476 3485 1587 3554 sine
1613 3488 1806 3550 capite,
1834 3494 1887 3537 ut
1908 3486 2020 3553 jam

439 3575 561 3617 not.
592 3562 834 3626 proxima
876 3553 1136 3611 diximus.
1167 3554 1419 3622 Acepliali
1464 3553 1607 3626 enim
1654 3566 1809 3622 caput
1852 3569 2020 3626 unum

436 3649 549 3686 non
593 3622 918 3691 habuerunt,
949 3627 1042 3679 sed
1087 3640 1276 3678 eorum
1329 3623 1550 3677 haeresis
1590 3637 1694 3676 una
1740 3640 1843 3677 non
1888 3622 2020 3688 fuit;

437 3717 630 3756 verum
673 3714 737 3753 ex
782 3714 884 3750 una
927 3698 1129 3765 plures,
1160 3694 1306 3748 velut
1345 3694 1529 3764 hydra:
1571 3694 1750 3761 capita
1793 3692 2023 3762 pullula-

436 3781 585 3825 runt.

514 3839 630 3912 (7|)
679 3836 904 3891 Invicem
949 3831 1556 3912 contraria._N_§storius
1596 3833 1743 3912 enim
1788 3833 1923 3887 duas
1967 3833 2023 3886 in

436 3903 658 3966 Chiisio
702 3920 990 3975 persOuas;
1024 3905 1265 3958 Armenii
1302 3903 1615 3975 Emychiani
1659 3920 1817 3958 unam
1862 3914 2022 3956 uatu-

437 3998 558 4035 ram
598 3974 762 4049 impie
794 3987 1112 4045 power-unt,
1138 3976 1201 4029 de
1231 3974 1425 4043 quibus
1455 3976 1688 4029 diximus
1720 3983 1833 4027 not.
1865 3988 2025 4043 supe—

438 4054 584 4105 riore
614 4050 701 4103 69.

512 4121 625 4191 (72)
664 4118 729 4174 Ut
768 4117 1180 4191 Theologiutar
1210 4131 1350 4191 voce.
1381 4114 1538 4181 Quod
1572 4113 2019 4191 de_A_rianorum,

438 4184 984 4245 et'b‘ahellianorum'
1036 4189 1229 4240 haeresi
1281 4188 1558 4251 eleganter
1605 4186 1744 4237 dixit
1794 4184 2022 4252 Gregor.

438 4260 727 4326 Nazianz.,
752 4270 895 4317 orat.
926 4258 1018 4324 59,
1050 4266 1283 4326 quaeest
1314 4256 1367 4308 in
1404 4252 1464 4308 S.
1498 4253 1748 4326 Lumina,
1781 4254 1830 4326 id
1872 4254 1925 4306 in
1971 4268 2027 4307 re

441 4332 609 4384 simili
650 4322 924 4385 mutuatur
955 4322 1022 4381 ab
1056 4322 1118 4380 eo
1152 4325 1528 4392 Theophanes.
1562 4322 1618 4377 In
1670 4339 1746 4387 re,
1780 4325 2023 4392 inquam,

442 4402 639 4467 simili;
673 4418 770 4455 nec
800 4402 945 4453 enim
972 4396 1446 4467 deAruieniorum
1483 4395 1671 4467 limrcsi
1711 4394 1853 4462 loqui
1887 4392 2043 4467 Gref‘

442 4461 635 4541 gorius'
664 4472 858 4538 potuit,
888 4469 980 4537 qui
1016 4465 1366 4541 Eutycliiaiiai
1383 4475 1555 4541 secta:
1585 4461 1803 4541 fuerunt
1831 4480 1844 4515 :
1879 4466 2023 4541 quod

442 4531 743 4595 monstrum
782 4531 1032 4594 aevo-suo
1067 4550 1172 4588 non
1211 4535 1341 4589 vidit
1377 4531 1603 4600 Gregor.
1640 4532 1894 4587 Nazianz.
1932 4533 2021 4588 Sic

445 4612 610 4681 igitur
641 4612 728 4665 ille
760 4620 903 4681 orat.
930 4610 1070 4661 dicta
1109 4622 1122 4681 ξ
1157 4604 1421 4681 Ἀπὲστωι
1450 4603 1576 4681 γὰρ,
1600 4602 1781 4681 ήμιίόνΔ
1800 4602 1861 4681 ἐξ
1900 4603 2018 4655 ἴσου

442 4652 600 4750 “ei;
636 4652 1432 4750 ξῑσξίῐιῖυῑςςξαξρέξςεςέλςςξ)
1461 4652 1719 4750 satis;
1740 4652 2019 4750 sagas;

438 4754 507 4804 τὰ
543 4742 607 4805 ὲκ
643 4751 942 4821 διαμέτρου
976 4742 1145 4809 κακὰ,
1176 4745 1272 4796 καὶ
1299 4742 1567 4821 ,ρμότιμαη
1595 4743 1694 4821 τὴν
1735 4742 2018 4821 ἀσέὸειιαν.

446 4822 562 4875 lloc
602 4834 685 4875 est
716 4812 860 4874 Βιιιὶἶ
895 4822 1181 4885 interpret.
1214 4831 1228 4868 :
1266 4812 1443 4880 JEquo
1482 4812 1620 4866 enim
1664 4814 1954 4885 intervallo
1989 4828 2022 4865 a

442 4892 596 4945 nobis
643 4892 817 4944 absint
864 4900 914 4944 et
957 4882 1175 4943 Sabellii
1226 4885 1536 4944 contractio,
1566 4893 1612 4935 et
1650 4882 1764 4934 Arii
1803 4883 2021 4948 divisio;

442 4963 586 5015 mala
616 4977 680 5015 ea:
711 4963 970 5015 diametro
1000 4956 1263 5025 opposita,
1291 4964 1338 5006 et
1370 4955 1640 5019 impietate
1665 4952 1841 5025 paria.

516 5034 626 5103 (75)
682 5030 1000 5085 Articulum.
1032 5021 1233 5103 ‘Quain
1286 5025 1392 5077 vim
1416 5026 1649 5103 _haheat
1697 5021 2019 5103 .Graicornm

442 5093 725 5166 articulus,
761 5117 922 5170 quem
967 5094 1365 5170 prwpositivuin
1409 5093 1767 5170 Grammatici
1805 5103 2020 5170 vocant,

442 5177 621 5228 sciunt
646 5163 736 5241 qui
764 5163 983 5226 ercas
1011 5163 1219 5223 litteras
1244 5163 1590 5241 vel_sutnmi_s
1622 5164 1801 5231 digitis
1829 5166 2022 5241 attige-

443 5253 586 5297 runt.
620 5233 723 5296 Sed
759 5255 813 5296 et
845 5255 1055 5295 veteres
1084 5241 1274 5291 Patres
1305 5233 1741 5287 obserVationem
1775 5238 2021 5287 eamdem

445 5316 499 5369 in
550 5328 719 5368 sacra:
768 5314 1065 5380 Scriptura:
1116 5306 1480 5380 locis,quam
1534 5305 1620 5356 hic
1645 5301 2020 5380 _Theophanes

448 5385 830 5453 adhibuerunt.
869 5371 924 5434 5.
966 5379 1227 5448 Epiphan.
1266 5371 1360 5428 lib'.
1395 5389 1434 5437 ι,
1477 5384 1608 5453 toni.
1644 5371 1687 5434 ι,
1722 5387 1787 5424 ex
1840 5373 2021 5426 multis

449 5453 660 5508 Veteris
684 5452 1013 5505 Testanienii
1045 5454 1174 5503 locis
1200 5455 1652 5500 resurrectionem
1686 5455 2019 5496 mortuorum

448 5527 754 5594 approbatis
788 5524 1008 5594 discutit
1043 5522 1183 5594 inter
1213 5529 1408 5594 caetera
1446 5515 1759 5594 testimonia
1794 5514 2017 5594 illudex

452 5584 622 5649 lle-vit.
656 5616 667 5648 ;
704 5592 771 5645 Et
800 5595 843 5644 si
872 5592 1084 5661 quidem
1110 5589 1326 5640 dixisset
1351 5587 1458 5661 lex,
1492 5584 1689 5661 inquit,
1715 5587 1760 5635 si
1787 5584 2023 5661 contige-

448 5674 518 5718 ris
559 5665 760 5733 νεκροῦ
806 5664 859 5715 id
883 5653 971 5713 ἐει
1018 5672 1283 5733 mortuum
1326 5657 1389 5708 de
1428 5654 1667 5733 omnibus
1707 5653 2020 5733 sit/fragium

447 5737 615 5788 latum
643 5724 863 5797 inisset,
897 5740 946 5783 et
987 5729 1295 5794 simpliciter
1341 5728 1483 5779 omni
1530 5736 1735 5797 mortuo
1773 5738 1889 5797 quia
1932 5724 2021 5797 siti

447 5809 607 5859 dictio
642 5793 983 5858 incumberet.
1011 5793 1143 5853 Cum
1181 5813 1299 5851 vero
1332 5797 1490 5861 dicit,
1523 5797 1565 5847 si
1601 5795 1717 5864 quis
1751 5793 2019 5864 contigerit

446 5880 536 5930 τοῦ
588 5876 810 5941 νεκροῦ,
842 5876 908 5926 ad
956 5886 1119 5925 unum
1162 5868 1440 5935 quemdam
1485 5866 1584 5934 [ert
1628 5866 1847 5919 dictum.
1881 5863 2025 5918 Insi-

2041 3174 2088 3240 C

2115 2650 2310 2703 nuabat
2362 2659 2538 2702 autem
2588 2649 2684 2702 hoc
2735 2649 2805 2702 ad
2852 2648 3066 2702 Domini
3114 2649 3280 2702 nostri
3321 2648 3448 2703 Jesu
3495 2648 3698 2705 Christi

2116 2719 2598 2785 mortiﬁcationem,
2618 2721 2901 2772 secundum
2924 2721 3223 2785 passionem
3246 2720 3413 2785 ipsius
3437 2720 3489 2771 in
3514 2736 3695 2776 carne.

2120 2788 2204 2842 Ea:
2230 2790 2455 2843 articulo
2480 2789 2618 2859 enim
2646 2789 3012 2842 discretionem
3040 2790 3265 2842 nominis
3289 2790 3574 2859 signiﬁcat.
3597 2788 3699 2845 Ubi

2119 2860 2260 2913 enim
2292 2859 2515 2911 articulo
2553 2858 2768 2912 additus
2802 2867 2878 2911 est
2910 2861 2964 2913 in
2996 2877 3101 2912 uno
3138 2860 3321 2927 aliqua
3346 2858 3698 2914 'deierniiuato

2124 2944 2187 2981 ac
2219 2929 2677 2996 manifestissimo,
2710 2931 2920 2981 omnino
2955 2929 3287 2996 conﬁrmatio
3319 2941 3532 2997 propter
3563 2933 3699 2983 arti-

2129 2999 2305 3051 culum
2341 3001 2620 3067 contingit.
2648 2999 2794 3050 Citra
2837 2999 3123 3052 articulum
3163 3014 3281 3067 vero
3319 3000 3382 3052 de
3420 3015 3522 3051 uno
3563 3016 3698 3065 quo-

2125 3084 2332 3137 cunque
2363 3062 2573 3121 tandein
2605 3066 2873 3135 indefinite
2907 3062 3264 3135 accipiendum
3297 3080 3393 3125 est.
3423 3066 3547 3121 llaec
3574 3062 3705 3136 Epi-

2124 3140 2287 3205 phan.
2323 3139 2413 3206 qui
2446 3138 2720 3206 siibjungit
2754 3139 2916 3190 multa
2949 3139 3215 3203 exempla.
3247 3137 3391 3192 Inter
3420 3154 3537 3204 qua:
3569 3140 3699 3194 illud

2122 3211 2188 3261 ad
2218 3224 2328 3262 rem
2364 3218 2601 3260 nostrain
2632 3224 2647 3261 :
2676 3206 2817 3260 Etsi
2842 3208 3130 3261 dixerimus
3160 3208 3314 3270 Θεὸς,
3337 3209 3389 3260 id
3417 3220 3510 3271 est,
3541 3208 3698 3274 Deus,

2126 3281 2238 3331 sine
2300 3278 2550 3339 articulo,
2601 3276 2874 3346 quemlibet
2937 3284 3090 3330 deum
3153 3279 3380 3347 gentium
3442 3279 3696 3345 diximus,

2124 3364 2229 3400 non
2291 3348 2454 3400 Deum
2514 3362 2721 3412 verum;
2776 3352 2823 3400 si
2893 3359 3067 3401 autem
3137 3349 3427 3400 dixerimus
3471 3350 3499 3399 6
3544 3347 3699 3413 Θεὸς,

2123 3417 2299 3487 palam
2345 3428 2443 3482 est,
2498 3420 2635 3487 quod
2697 3418 2760 3469 ab
2809 3420 3033 3470 articulo
3079 3434 3249 3471 verum
3313 3417 3703 3485 signiﬁcamus,

2124 3489 2211 3541 cui
2260 3497 2307 3540 et
2358 3487 2711 3557 cognoscitur.
2780 3487 2983 3541 Deinde
3056 3498 3176 3553 post
3241 3487 3364 3557 alia_
3425 3487 3701 3540 concludit

2124 3555 2454 3626 proiiositam
2500 3573 2609 3611 rem
2652 3559 2717 3610 de
2756 3559 3014 3625 mysterio
3051 3558 3266 3626 mortui.
3316 3555 3387 3608 Et
3446 3557 3701 3626 siquidem

2124 3624 2338 3679 dixisset
2387 3627 2503 3691 lex,
2561 3624 2933 3695 sicontigeri’s
3004 3624 3225 3695 νεκροῦ,
3304 3626 3358 3678 id
3425 3624 3514 3679 est
3561 3644 3703 3679 mor-

2127 3705 2295 3761 tuum,
2357 3698 2420 3748 de
2462 3694 2702 3749 omnibus
2777 3694 3304 3765 sti/fragium’latum
3378 3694 3586 3763 fuisset,
3651 3706 3699 3749 et

2124 3767 2433 3834 simpliciter
2479 3766 2624 3834 omni
2668 3773 2874 3817 mortuo
2919 3768 3127 3834 qua’si‘ti
3177 3765 3315 3834 ratio
3363 3767 3702 3821 incumberet.

2125 3832 2255 3889 Cum
2271 3851 2389 3889 vero
2408 3837 2565 3899 dixit,
2595 3832 2653 3887 Si
2675 3838 2790 3902 quis
2814 3832 3087 3904 contigerit
3104 3832 3198 3885 τοῦ
3213 3834 3431 3904 νεκροῦ,
3457 3840 3523 3886 ait
3544 3850 3704 3887 unum

2122 3913 2399 3974 quemdam
2431 3906 2530 3975 [ert
2564 3906 2763 3975 dictum
2803 3919 2822 3957 :
2865 3903 2981 3958 dico
3006 3913 3180 3975 autem
3226 3903 3527 3975 Dominum,
3568 3904 3703 3958 velut

2124 3973 2284 4043 supra
2341 3994 2372 4028 a
2430 3973 2509 4029 me
2561 3974 2891 4026 declaratum
2950 3973 3311 4043 estaCaatera
3376 3974 3502 4043 lege
3560 3976 3699 4042 apud

2126 4042 2331 4114 ipsum;
2362 4048 2487 4113 quia
2520 4043 2844 4114 longiuscule
2881 4054 3025 4097 sunt.
3060 4042 3274 4114 Locnin
3295 4043 3439 4114 illum
3472 4042 3704 4097 Joannis

2125 4111 2248 4182 cap.
2286 4111 2390 4178 xx,
2418 4115 2507 4169 ubi
2538 4111 2775 4167 Thomas
2812 4115 3100 4181 respondet
3132 4115 3161 4164 6
3197 4111 3400 4181 Κύριός
3439 4129 3573 4181 μου,
3607 4114 3707 4165 καὶ

2124 4188 2153 4238 6
2206 4185 2338 4247 Θεός
2393 4201 2527 4254 μου,
2580 4183 2720 4251 quod
2768 4192 2866 4254 est
2920 4183 3305 4254 clarissimum‘
3342 4184 3706 4235 testimonium

2126 4251 2424 4308 divinitatis
2475 4253 2674 4308 Christi
2728 4253 2971 4323 plerique
3020 4263 3228 4306 veteres
3278 4251 3463 4323 Patres
3515 4266 3704 4323 contra

2126 4324 2342 4379 Jndmos
2394 4336 2449 4377 et
2502 4320 2742 4378 Arianos
2786 4320 3160 4391 protulerunt,
3202 4337 3336 4389 quos
3390 4322 3517 4375 citat
3568 4320 3706 4376 Lnd.

2127 4395 2407 4449 Ballester.
2440 4408 2553 4447 soc.
2592 4406 2762 4447 nostr.
2786 4395 2836 4446 iu
2866 4392 3181 4461 Onomatog.
3217 4407 3348 4445 voce
3378 4392 3614 4461 Thomas
3650 4400 3705 4445 et

2127 4464 2311 4518 subdit
2356 4482 2369 4518 :
2418 4462 2532 4516 Nec
2577 4473 2817 4531 poterant
2868 4464 3049 4515 Ariani
3096 4459 3404 4531 respondere
3454 4459 3707 4514 Thomam

2127 4550 2231 4587 non
2280 4549 2393 4588 vere
2446 4533 2608 4586 Deum
2661 4531 2987 4601 appellasse.
3032 4532 3226 4601 sedieo
3254 4532 3460 4601 modo)
3509 4547 3611 4598 quo
3658 4540 3706 4582 et

2129 4602 2362 4656 homines
2386 4601 2523 4671 justi
2551 4602 2629 4655 dii
2655 4599 2988 4670 appellantur
3009 4616 3028 4654 :
3052 4620 3070 4650 ι
3099 4599 3209 4670 Ego
3226 4600 3336 4652 dixi
3371 4599 3704 4671 :Dii_estis.s

2125 4669 2543 4741 Primum‘qui’a
2588 4682 2865 4739 utrumque
2909 4687 3095 4741 nomen
3141 4669 3190 4741 et
3218 4671 3363 4741 Dei,
3397 4680 3445 4722 et
3497 4669 3709 4741 Domini

2123 4741 2369 4796 Grizcum
2417 4739 2568 4795 habet
2616 4741 2931 4802 articulum.
2963 4740 3055 4809 qui
3098 4739 3338 4792 adhiberi
3396 4755 3499 4791 non
3534 4739 3706 4809 solet,

2124 4813 2227 4866 nisi
2258 4828 2375 4865 cum
2406 4813 2468 4865 de
2501 4827 2618 4864 vero
2652 4811 2830 4879 agitur
2867 4808 2996 4871 Deo,
3024 4822 3076 4862 ut
3111 4810 3208 4861 hoc
3239 4810 3353 4862 loco
3391 4808 3623 4876 Cyrillus
3659 4819 3706 4861 et

2125 4880 2376 4936 Leontius
2425 4882 2737 4945 observant;
2783 4880 2971 4931 deinde
3018 4881 3141 4948 quia
3186 4881 3274 4947 qui
3321 4879 3417 4931 hoc
3467 4880 3707 4941 dicebat,

2126 4952 2282 5004 homo
2326 4961 2437 5004 erat
2474 4949 2763 5013 Israelita,
2797 4951 2885 5019 qui
2919 4950 3325 5019 noniignorabat
3359 4949 3554 5001 dictum
3596 4963 3709 5001 esse

2122 5019 2365 5075 Deut.v1
2417 5038 2432 5074 :
2490 5039 2507 5071 ι
2565 5022 2737 5083 Auiti,
2776 5018 2983 5081 Israel,
3016 5018 3273 5072 Dominus
3322 5020 3461 5073 Deus
3512 5029 3710 5080 noster,

2126 5091 2267 5160 Deus
2312 5107 2448 5144 unus
2488 5102 2586 5155 est,
2627 5109 2646 5142 ι
2697 5099 2752 5143 ut
2796 5091 3035 5144 Hilarius
3078 5102 3379 5160 exaggerat.
3415 5087 3539 5142 Haec
3573 5087 3708 5141 Ball.

2131 5158 2272 5229 Lege
2304 5175 2571 5229 praeterea
2659 5162 3078 5231 pulcherrimam
3140 5158 3711 5230 et‘elegantissimam

2124 5248 2311 5285 eorum
2359 5231 2648 5300 verborum
2697 5234 2724 5284 6
2773 5230 2977 5300 Κύριός
3028 5247 3155 5300 μου,
3190 5233 3283 5283 καὶ
3332 5234 3359 5283 6
3409 5230 3540 5291 Θεός
3588 5244 3711 5297 μου,

2125 5302 2501 5369 paraphrasim
2537 5299 2599 5354 D.
2632 5299 2915 5370 ChrysoSI.
2955 5307 3018 5353 de
3052 5303 3369 5353 inﬁdelitate
3399 5299 3619 5353 Thetim:
3654 5309 3709 5349 et

2126 5372 2231 5426 litle
2268 5373 2459 5440 ipsius,
2489 5374 2579 5439 qui
2614 5386 2921 5439 quanquam
2960 5372 3170 5440 signate
3204 5373 3310 5423 vim
3346 5372 3555 5423 articuli
3598 5383 3705 5420 non

2126 5443 2343 5496 innuat.
2378 5445 2429 5494 in
2464 5458 2528 5494 eo
2564 5451 2741 5494 tamen
2782 5443 2887 5493 vim
2924 5456 3137 5494 omnem
3182 5441 3502 5508 eloquentia:
3546 5452 3709 5490 exor-

2124 5522 2229 5566 cet.
2261 5513 2427 5566 Porro
2457 5511 2601 5577 quod
2631 5513 2862 5580 pertinet
2887 5514 2952 5563 ad
2987 5512 3126 5580 hunc.
3159 5507 3333 5563 loeum
3367 5507 3555 5580 Matth.
3594 5522 3709 5580 va,

2125 5583 2178 5635 in
2226 5586 2336 5635 haec
2374 5583 2432 5635 S.
2464 5576 2606 5635 Petri
2631 5576 2805 5635 'verha
2837 5597 2851 5633 :
2882 5581 2954 5633 Σὺ
2980 5577 3029 5632 εἶ
3053 5582 3080 5631 6
3114 5580 3371 5650 Χριστὸς,
3404 5581 3432 5629 6
3474 5578 3598 5650 rio;
3615 5576 3711 5650 τοῦ

2125 5652 2262 5705 Θεοῦ
2294 5650 2519 5715 ζῶντος,
2546 5657 2788 5705 eamdem
2833 5651 3138 5719 emphasim
3168 5647 3234 5703 'et
3264 5654 3366 5700 vim
3396 5650 3446 5700 in
3472 5647 3719 5701 articulis

2126 5725 2377 5778 observat
2405 5721 2867 5790 Theophylactus,
2893 5732 2950 5790 et
2983 5719 3387 5790 exiNeotericis
3422 5730 3476 5771 et
3509 5720 3711 5771 nostris

2128 5794 2471 5860 interpretib.
2510 5788 2746 5847 maldon.
2784 5799 2839 5845 et
2877 5788 3095 5844 Cornel.
3131 5790 3224 5860 qui
3270 5790 3411 5844 idem
3463 5798 3613 5843 notat
3654 5790 3711 5842 in

2131 5865 2221 5916 illo
2250 5862 2407 5916 Joan.
2439 5878 2532 5916 xx.

2131 5865 2221 5917 illo
2250 5865 2407 5917 Joan.
2439 5878 2532 5917 xx.
