4074 6490
346 463 452 527 983

1549 457 2041 520 THEOPHANIS
2081 457 2423 522 CERAMEI

3505 461 3614 524 964

343 578 515 649 patris
555 574 770 642 fecerit,
805 589 1041 646 eumque
1081 575 1250 631 lilium
1304 572 1456 630 Jonas
1501 573 1829 645 appellarit?
1877 577 1928 628 in

2035 591 2232 630 νευσεν
2259 619 2274 641 ,
2327 576 2444 630 υἰδν
2477 575 2640 632 αὑτὸν
2671 575 2844 632 εἰπὼν
2887 577 3075 645 Ἰωνᾶς
3109 575 3413 649 Μονονουχὶ
3458 578 3618 632 τοῦτό

343 672 487 726 hunc
521 654 910 741 propemodum
956 684 1182 726 sensum
1236 668 1498 738 loquitur.
1538 668 1712 724 Sicuti
1748 679 1802 722 tu
1836 684 1928 723 na-

345 764 589 819 turaliter
611 763 752 816 ﬁlius
774 776 834 817 es
859 761 1011 816 Jonas
1035 761 1211 831 patris
1237 761 1335 827 tui,
1357 762 1436 816 sic
1459 777 1560 830 ego
1580 761 1928 827 naturaliter,

342 859 639 912 secundum
670 859 962 912 essentiam
990 871 1108 910 sum
1149 855 1266 920 Dei,
1297 866 1349 910 et
1376 853 1555 910 Patris
1584 854 1779 910 Filius.
1815 855 1923 908 Seu

339 950 517 1019 potius
544 950 645 1002 hoc
681 948 830 1014 dicit,
885 947 1139 1018 quoniam
1179 963 1284 1002 non
1316 963 1345 1000 a
1385 963 1553 1003 carne
1581 957 1636 1001 et
1669 948 1930 1016 sanguine

340 1039 635 1109 profectam
689 1040 1079 1094 revelatiouem
1111 1038 1352 1106 dixerat,
1381 1041 1477 1095 sed
1517 1055 1547 1093 a
1593 1038 1757 1094 Patre
1807 1053 1927 1104 suo,

338 1141 501 1200 atque
540 1131 656 1185 haec
699 1131 960 1185 revelatio
1010 1145 1106 1200 per
1151 1129 1413 1199 Spiritum
1472 1139 1721 1186 sanctum
1781 1127 1927 1183 facta

341 1225 537 1289 fuerat,
568 1225 688 1279 ideo
718 1224 867 1278 illum
895 1225 1133 1294 Spiritus
1157 1224 1350 1279 Filium
1375 1233 1556 1280 vocat.
1587 1223 1754 1280 Jonas
1777 1225 1924 1278 enim

337 1313 637 1367 columbam
669 1324 824 1368 sonat
850 1314 986 1385 (74).
1006 1314 1338 1370 Consuetum
1365 1331 1527 1386 porro
1547 1324 1633 1370 est
1663 1315 1715 1370 in
1746 1316 1923 1369 divina

339 1407 624 1476 Scriptura
673 1407 847 1461 sancti
902 1406 1162 1462 virtutem
1236 1407 1501 1463 columba:
1565 1406 1928 1476 appellatione

337 1502 555 1568 signare
607 1501 672 1566 ’⁷,
743 1501 899 1569 cujus
950 1516 1159 1571 pennas
1216 1501 1321 1556 sibi
1370 1501 1488 1556 dari
1538 1499 1702 1570 375
1755 1498 1925 1554 David

335 1593 502 1647 etiam
583 1593 672 1648 ille
743 1597 1004 1664 propheta
1073 1593 1348 1663 cupiebat.
1401 1611 1421 1646 ι
1472 1593 1670 1648 Beatus
1721 1609 1800 1659 es,
1837 1593 1928 1648 Si-

337 1701 461 1739 mon
505 1683 798 1749 Bar-Jona,
850 1688 973 1755 quia
1033 1701 1166 1741 caro
1210 1695 1265 1741 et
1313 1687 1534 1757 sanguis
1575 1699 1681 1739 non
1724 1686 1930 1740 revela-

335 1779 413 1832 vit
449 1778 584 1831 tibi:
626 1796 645 1829 ι
683 1779 768 1832 his
794 1778 974 1833 verbis
1003 1779 1106 1834 tale
1155 1779 1412 1848 quiddam
1458 1779 1771 1848 signillcat:
1809 1779 1924 1833 Non

337 1870 389 1922 in
427 1884 590 1923 carne
625 1879 679 1925 et
741 1869 1008 1938 sanguine
1057 1872 1268 1925 haerens
1319 1871 1455 1924 banc
1490 1869 1556 1924 de
1593 1886 1677 1925 me
1719 1873 1923 1926 revela-

338 1961 536 2014 tionem
576 1962 856 2028 accepisti,
890 1961 986 2016 sed
1009 1976 1039 2015 e
1073 1961 1424 2016 sensibilibus
1455 1976 1681 2031 prorsus
1714 1962 1921 2015 abstra.
1959 1955 2002 2010 Β

335 2064 457 2107 etus
497 2057 562 2107 de
606 2053 690 2107 his
720 2051 1003 2121 theologia:
1045 2053 1321 2134 mysteriis
1357 2053 1600 2107 initiatus
1630 2067 1712 2108 es.
1752 2051 1844 2108 Sic
1871 2062 1927 2108 et

336 2142 559 2209 Paulus,
589 2145 678 2214 qui
717 2159 777 2198 se
804 2153 1014 2211 raptum
1043 2159 1216 2214 usque
1251 2145 1318 2198 ad
1351 2145 1574 2199 tertium
1607 2142 1837 2210 caelum,
1870 2151 1926 2199 et

339 2251 542 2292 arcana
594 2239 759 2291 verba
814 2238 1033 2291 audisse
1071 2237 1230 2300 dicit,
1280 2252 1388 2292 non
1439 2251 1501 2292 ea
1548 2236 1922 2305 inquisitione,

338 2345 460 2401 qua:
491 2346 750 2386 sensuum
780 2331 1088 2386 ministerio
1115 2330 1174 2385 fit
1194 2331 1260 2385 ad
1289 2330 1647 2398 intelligibilia
1677 2338 1925 2383 content-

340 2424 536 2494 planda
578 2439 714 2493 opus
745 2423 955 2488 habuit,
998 2422 1142 2489 quod
1176 2423 1389 2477 scilicet
1415 2422 1530 2491 ipse
1563 2429 1775 2476 suomet
1801 2433 1922 2474 ser-

339 2531 501 2570 mone
553 2516 923 2584 significavit:
961 2534 981 2568 (
1021 2515 1147 2571 Sive
1193 2515 1247 2570 in
1302 2528 1555 2584 corpore,
1603 2515 1718 2570 sive
1769 2521 1924 2568 extra

333 2623 554 2677 corpus,
593 2611 775 2663 nescio
802 2608 870 2662 ".
901 2626 919 2659 ι

412 2720 430 2751 ι
471 2700 531 2753 Et
563 2716 666 2771 ego
716 2702 840 2756 dico
883 2698 1002 2765 tibi,
1049 2697 1184 2765 Quia
1231 2708 1286 2753 tu
1317 2712 1378 2753 es
1413 2697 1630 2764 Petrus,
1663 2703 1717 2752 et
1762 2712 1926 2767 super

337 2794 478 2847 banc
520 2805 728 2863 petram
759 2793 1040 2848 aedificabo
1067 2793 1363 2848 Ecclesiam
1395 2805 1595 2847 meam.
1637 2809 1658 2843 ι
1705 2791 1811 2854 Τυ,
1841 2791 1926 2844 in-

336 2884 476 2952 quit,
516 2883 609 2952 qui
663 2893 813 2952 petra
847 2898 905 2938 es
951 2884 1090 2954 (75),
1139 2891 1290 2953 petra
1345 2883 1442 2938 lies
1484 2881 1606 2936 fidei
1644 2878 1830 2944 Verbi,
1870 2888 1926 2935 et

337 2973 731 3028 constituendae
790 2973 1046 3029 Ecclesiae
1083 2972 1516 3040 fundamentum,
1558 2979 1612 3026 et
1649 2970 1925 3040 'spirituao

335 3064 404 3122 lis
458 3067 668 3121 aedilicii
696 3067 903 3137 primus
949 3058 1150 3122 aditus.
1185 3064 1240 3120 In
1269 3066 1374 3121 hac
1395 3066 1537 3121 enim
1559 3061 1923 3125 confessione,

335 3176 440 3229 qua
467 3175 555 3214 me
585 3161 858 3215 hominem
896 3161 1148 3215 eumdem
1213 3170 1267 3214 et
1303 3159 1470 3214 Deum
1502 3159 1622 3213 eSSe
1644 3155 1926 3212 confessus

339 3267 420 3319 es,
454 3253 506 3308 in
545 3256 667 3320 hac,
704 3255 948 3324 inquam,
988 3252 1296 3306 stabilietur
1324 3251 1578 3306 Ecclesia:
1605 3249 1924 3304 fundamen-

341 3355 480 3401 tum.
521 3346 634 3400 Hac
676 3346 819 3402 enim
854 3347 970 3400 basi
1023 3344 1327 3414 supposita,
1377 3344 1586 3414 reliqua
1626 3341 1790 3397 etiam
1835 3340 1928 3394 do-

340 3447 521 3508 gmata
556 3445 672 3491 toto
696 3445 1167 3508 superstruenlur.

422 3675 441 3708 ι
493 3654 562 3709 Ει
619 3661 791 3721 porta:
853 3653 1009 3708 inferi
1080 3668 1186 3708 non
1245 3652 1612 3722 prmvalebunt
1667 3653 1928 3707 adversus

337 3764 479 3804 eam.
523 3766 542 3800 ι
584 3746 760 3801 Porta:
800 3744 980 3809 inferi,
1029 3761 1149 3815 qua:
1194 3751 1382 3800 contra
1439 3744 1738 3800 Ecclesiam
1793 3760 1930 3815 prie-

338 3839 522 3896 valere
554 3854 660 3892 non
692 3847 1002 3907 potuerunt,
1040 3838 1258 3904 tyranni
1286 3837 1680 3907 intelligantur,
1721 3846 1778 3892 et
1817 3838 1929 3892 hae-

339 3947 519 3986 resum
554 3930 828 3999 principes
853 3945 868 3983 :
893 3929 984 4000 qui
1011 3939 1181 3999 porta:
1210 3928 1365 3982 inferi
1392 3927 1625 3998 figurate
1650 3928 1927 3995 dicuntur,

342 4033 531 4094 utpote
566 4023 659 4093 qui
692 4017 758 4076 ad
789 4022 1085 4077 inferorum
1117 4024 1251 4078 retia
1284 4023 1602 4092 pcrtrabant
1631 4032 1930 4078 sectatores

337 4132 486 4181 suos,
514 4118 605 4186 qui
641 4114 884 4184 profecto
920 4116 1192 4168 incassum
1221 4111 1389 4168 multa
1423 4113 1636 4175 conati,
1668 4121 1722 4166 et
1753 4126 1928 4182 equo-

336 4219 456 4258 rum
517 4204 689 4256 instar
748 4205 1009 4256 adversus
1061 4200 1362 4254 Ecclesiam
1422 4198 1782 4255 inlrementes
1846 4198 1928 4254 nil

337 4293 632 4362 quidquam
672 4291 896 4344 alterius
939 4290 1250 4344 uocumenti
1292 4289 1366 4343 illi
1431 4288 1768 4356 intulerunt,
1824 4289 1929 4344 nisi

336 4386 480 4456 quod
518 4385 874 4438 illustriorem
908 4381 1160 4438 effecere.

419 4494 437 4527 ι
472 4474 539 4529 Ει
591 4475 685 4529 tibi
722 4473 863 4528 dabo
890 4473 1072 4527 claves
1108 4473 1260 4543 regni
1295 4470 1583 4529 caelorum.
1625 4489 1644 4522 ι
1693 4471 1811 4526 Non
1855 4472 1933 4527 ait

344 4569 411 4623 do
456 4568 555 4621 tibi
593 4581 754 4621 nunc.
805 4567 899 4620 sed
932 4565 1110 4631 dabo;
1145 4574 1354 4636 tempus
1385 4562 1590 4620 scilicet
1645 4563 1776 4618 illud
1807 4573 1929 4633 post

2033 686 2202 740 φησιν
2224 686 2238 700 ο
2269 671 2482 740 Ὥσπερ
2514 670 2680 731 αὐτὸς
2721 670 2838 734 υἱὸς
2869 666 2922 723 εἰ
2949 670 3112 739 φύσει
3145 670 3237 724 τοῦ
3276 671 3369 724 σοῦ
3409 670 3618 740 πατρὶς

2044 763 2221 826 Ἰωνᾶ,
2254 760 2403 815 οὕτω
2443 761 2599 830 κάγὼ
2633 763 2798 832 φύσει
2860 763 2956 816 καὶ
2981 763 3106 816 κατ’
3131 763 3320 817 οὐσίαν
3355 762 3482 825 Υἱός
3499 766 3619 832 εἰμι

2030 856 2126 910 τοῦ
2156 855 2294 909 Θεοῦ
2353 856 2448 910 καὶ
2488 856 2723 927 Πατρός.
2770 857 2991 911 Μᾶλλον
3018 856 3097 922 δὲ,
3120 858 3308 927 ἐπειδὴ
3340 857 3441 926 τὴν
3481 856 3622 909 ἀπο·

2030 948 2268 1018 κάλυψιν
2297 949 2399 1002 οὐκ
2448 949 2557 1002 ἀπὸ
2606 949 2811 1019 σαρκὸς
2857 945 2977 1003 εἰπε
3004 949 3341 1019 γεγενῆσθαι
3399 949 3498 1003 καὶ
3529 947 3620 1002 αῖο

2036 1061 2230 1116 ματος,
2260 1043 2378 1098 ἀλλ’
2426 1045 2490 1096 ὲκ
2531 1044 2626 1098 τοῦ
2660 1044 2878 1114 Πατρδς
2912 1043 3083 1098 αὑτοῦ
3111 1042 3207 1096 τοῦ
3244 1045 3303 1096 ἐν
3338 1043 3620 1112 οὐρανοῖς,

2030 1137 2172 1210 αὕτη
2211 1138 2268 1191 δὲ
2327 1138 2360 1208 ἡ
2405 1137 2754 1207 ἀποκάλυψις
2806 1137 2893 1191 διὰ
2947 1137 3042 1190 τοῦ
3090 1136 3250 1201 ἁγίου
3297 1136 3622 1208 Πνεύματος

2031 1231 2247 1300 γέγονε,
2279 1230 2370 1284 διὰ
2398 1230 2564 1284 τοῦτο
2588 1230 2719 1284 Υἰὸν
2751 1228 2919 1283 αὑτὸν
2955 1228 3216 1299 ὀνομάζει
3239 1227 3333 1281 τοῦ
3364 1226 3621 1298 Πνεύμα-

2031 1339 2144 1386 τος.
2163 1323 2350 1385 Ἰωνᾶς
2382 1321 2491 1392 γὰρ
2520 1318 2844 1389 περιστερὰ
2870 1319 3258 1391 ἑρμηνεύεται.
3294 1317 3534 1388 Σύνηθες
3563 1317 3622 1371 δὲ
3657 1309 3660 1312 ’

2032 1418 2097 1484 τῇ
2133 1415 2326 1485 Γραφῇ
2363 1413 2540 1485 τούτῳ
2567 1414 2644 1484 τῷ
2665 1415 2893 1484 ὀνόματι
2926 1412 3028 1481 τῆς
3051 1411 3411 1484 περιστερᾶς,
3431 1410 3620 1464 καλεῖν

2032 1507 2132 1575 τὴν
2156 1505 2253 1558 τοῦ
2283 1505 2610 1576 Πνεύματος
2645 1506 2902 1575 δύναμιν,
2933 1499 3000 1576 ἧς
3025 1503 3122 1567 τὰς
3156 1503 3439 1574 πτέρυγας
3467 1503 3622 1570 γενέ-

2035 1598 2164 1651 σθαι
2244 1597 2394 1668 αὐτῷ
2460 1599 2558 1651 καὶ
2613 1598 2782 1650 Δαῦὶδ
2827 1597 2856 1649 ὁ
2903 1597 3194 1666 προφήτης
3251 1593 3617 1664 έπεπόθησεν.

2037 1707 2057 1742 ι
2099 1689 2388 1760 Μακάριος
2426 1683 2479 1740 εἰ
2511 1687 2601 1754 σὺ,
2638 1688 2823 1758 Σίμων
2847 1685 2963 1756 Βὰρ
3005 1685 3186 1750 Ἰωνᾶ,
3236 1686 3318 1738 ὅτι
3353 1681 3491 1754 σὰρξ
3524 1684 3622 1736 καὶ

2032 1779 2172 1853 αἷμα
2205 1785 2305 1836 οὐκ
2333 1781 2656 1852 ἁπεκὰλυψέ
2692 1799 2796 1836 σοι.
2829 1800 2846 1833 ι
2878 1782 2946 1835 ’Ὀ
2973 1780 3124 1848 λέγει
3155 1779 3401 1832 τοιοῦτον
3427 1780 3575 1831 ἐστιν
3603 1793 3616 1807 ·

2034 1878 2150 1930 Οὐκ
2181 1877 2239 1929 ἐν
2271 1877 2461 1944 σαρκὶ,
2503 1875 2662 1946 φησὶ,
2721 1874 2904 1942 μένων
2935 1871 3038 1926 καὶ
3088 1876 3282 1944 αἵματι
3316 1869 3480 1935 ἐδέξω
3518 1868 3620 1940 τὴν

2035 1971 2165 2038 περὶ
2215 1968 2353 2039 ἐμοῦ
2413 1965 2809 2036 ἀποκάλυψιν
2848 1964 2967 2020 ἀλλ’
3019 1963 3126 2028 ἔξω
3181 1964 3293 2018 τῶν
3337 1961 3616 2028 αἰσθητῶν

2035 2063 2217 2134 πάντη
2245 2061 2545 2132 γενόμενος
2567 2099 2582 2124 ,
2608 2060 2678 2112 τὰ
2706 2060 2806 2130 τῆς
2840 2058 3125 2128 θεολογίας
3169 2054 3620 2127 μεμυσταγώγη-

2036 2171 2146 2208 σαι.
2182 2151 2374 2214 Οὕτως
2403 2151 2500 2204 καί⁵
2525 2149 2742 2210 Παῦλος
2774 2150 3014 2221 ἀρθῆναι
3067 2147 3241 2202 εἰπὼν
3271 2148 3376 2206 go);
3432 2146 3618 2216 τρίτου

2034 2247 2294 2317 οὐρανοῦ,
2325 2244 2422 2298 καὶ
2458 2242 2724 2314 ῥημάτων
2749 2244 3008 2313 ἀρρήτων
3036 2240 3291 2310 γενέσθαι
3318 2238 3619 2310 ἀκροατὴς,

2033 2339 2094 2391 ού
2135 2335 2464 2408 σωματικῆς
2512 2334 2809 2404 ἀκριϐείας
2857 2333 3054 2404 ἐδεήθη
3086 2334 3144 2385 έν
3175 2334 3241 2403 τῇ
3275 2331 3479 2401 θεωρίᾳ
3509 2330 3619 2382 τῶν

2033 2430 2245 2501 νοητῶν
2273 2444 2287 2459 ’
2324 2429 2488 2482 τοῦτο
2527 2428 2633 2498 γὰρ
2667 2430 2761 2480 καὶ
2784 2425 2948 2489 αὐτὸς
2976 2425 3055 2495 τῷ
3089 2425 3205 2495 ἰδίῳ
3238 2425 3384 2495 λόγῳ
3418 2424 3622 2491 έπεση-

2035 2523 2282 2593 μήνατο·
2319 2540 2337 2574 ι
2374 2521 2502 2576 Εῐτε
2531 2521 2592 2573 ὲν
2623 2517 2864 2588 σώματι,
2903 2517 3015 2570 εἴτε
3040 2517 3200 2580 ὲκτὸς
3235 2517 3331 2569 τοῦ
3366 2515 3620 2583 σώματος

2033 2617 2134 2670 ούκ
2167 2611 2309 2670 οἶδα.
2350 2633 2370 2667 ι

2109 2728 2128 2761 ι
2167 2707 2338 2776 Κάγὼ
2375 2706 2432 2760 δέ
2497 2723 2580 2760 σοι
2623 2705 2768 2774 λέγω
2806 2705 2889 2759 ὅτι
2928 2703 2995 2758 σὺ
3028 2697 3078 2757 εἴ
3107 2703 3338 2774 Πέτρος,
3399 2719 3494 2755 και
3525 2711 3620 2752 snt

2033 2801 2210 2872 ταύτῃ
2240 2802 2307 2872 τῇ
2349 2799 2528 2870 πέτρᾳ
2561 2798 2911 2868 οἰκοδομήσω
2934 2812 3040 2865 μου
3067 2797 3166 2866 τὴν
3207 2793 3563 2864 Ἐκκλησίαν.
3592 2812 3611 2844 ι

2035 2891 2132 2956 Σὺ,
2163 2891 2322 2961 φησὶ,
2358 2890 2566 2962 Πέτρος
2607 2886 2706 2954 ὢν,
2735 2889 2910 2957 πέτρα
2938 2887 3178 2958 γεννήσῃ
3211 2885 3311 2954 τῆς
3363 2885 3505 2937 κατὰ
3530 2883 3620 2935 λό-

2035 3000 2132 3052 γον
2167 2983 2435 3046 πίστεως,
2473 2981 2567 3034 καὶ
2597 2980 2696 3049 τῆς
2734 2977 3108 3050 έδραζομένης
3161 2975 3492 3046 Ἐκκλησίας
3532 2974 3620 3026 θε-

2038 3075 2244 3146 μέλιος,
2272 3073 2368 3127 καὶ
2387 3071 2581 3144 πρώτη
2601 3072 2700 3142 τῆς
2724 3070 3107 3141 πνευματικῆς
3135 3069 3428 3138 οἰκοδομῆς
3450 3070 3622 3140 ἀφορ-

2038 3168 2135 3240 μή.
2176 3167 2304 3221 Ἐπὶ
2360 3169 2428 3238 τῇ
2459 3163 2724 3236 ὁμολογίᾳ
2775 3165 2886 3233 γὰρ
2942 3156 3205 3236 ταύτῃ,ᾗ
3252 3161 3618 3232 ὁμολόγησας,

2034 3263 2127 3317 τὸν
2162 3259 2328 3315 αὐτὸν
2382 3257 2524 3312 εἷναί
2561 3275 2629 3329 με
2671 3257 2800 3311 Υἰὸν
2825 3256 2984 3322 Θεοῦ,
3016 3258 3114 3310 καὶ
3139 3256 3274 3309 Υἰδν
3303 3254 3616 3326 ἀνθρώπου,

2035 3356 2128 3407 ἐπὶ
2183 3351 2355 3423 ταύτῃ
2405 3351 2504 3422 τῆς
2574 3349 2964 3420 Ἐκκλησίαςὸ
3020 3348 3274 3419 θεμέλιος
3334 3352 3614 3410 στήσεται.

2033 3444 2312 3515 Τοιαύτης
2346 3445 2457 3514 γὰρ
2479 3441 2579 3514 τῆς
2610 3442 2878 3513 κρηπῖδος
2913 3440 3194 3512 τεθείσης,
3229 3441 3325 3495 καὶ
3353 3439 3423 3492 τὰ
3453 3440 3619 3494 λοιπὰ

2030 3540 2284 3609 δόγματα
2319 3537 2582 3606 ἀσφαλῶς
2610 3536 3130 3608 οἰκοδομηθήσεται.

2107 3649 2126 3684 ι
2161 3633 2273 3685 Καὶ
2300 3630 2471 3684 πύλαι
2501 3629 2632 3701 ᾂδου
2659 3631 2719 3682 οὐ
2749 3630 3182 3700 κατισχύσουσιν
3215 3627 3412 3696 αὐτῆς.
3457 3646 3476 3680 ι
3504 3625 3617 3680 Πύ-

2029 3722 2121 3778 λαι
2158 3724 2213 3778 δὲ
2241 3722 2370 3795 ᾅδου
2404 3724 2504 3791 τῆς
2544 3722 2876 3793 Ἐκκλησίας
2933 3719 3008 3790 μὴ
3040 3721 3462 3791 κατισχύουσαι,
3503 3713 3616 3772 εἶεν

2033 3815 2099 3870 ἂν
2119 3817 2169 3870 οἰ
2200 3814 2407 3886 ταύτην
2439 3813 2730 3877 διώκοντες
2779 3815 3063 3885 τύραννοι,
3101 3814 3194 3865 καὶ
3232 3812 3283 3864 οἰ
3310 3813 3418 3864 τῶν
3451 3809 3606 3880 αἰρέο

2035 3924 2180 3961 σεων
2211 3907 2456 3980 ἔξαρχοι,
2484 3907 2653 3960 πύλαι
2679 3906 2810 3978 ᾅδου
2852 3905 3134 3978 τροπικῶς
3195 3903 3616 3974 ὀνομασθέντες,

2031 4001 2108 4066 ὡς
2136 4004 2264 4066 τοὺς
2298 3999 2661 4069 πειθομένους
2695 3999 2881 4064 αὐτοῖς
2943 4002 3024 4063 εἰς
3083 3997 3213 4071 ᾅδου
3251 3995 3617 4050 καθέλκονται

2031 4097 2342 4166 πέταυρον·
2371 4093 2422 4147 οἳ
2477 4093 2542 4162 δη
2592 4091 2768 4147 πολλὰ
2823 4094 3188 4162 μογήσαντες,
3219 4090 3314 4144 καὶ
3343 4088 3487 4144 κατὰ
3519 4090 3619 4157 τῆς

2033 4187 2373 4259 Ἐκκλησίας
2407 4185 2640 4256 ἱππηδὸν
2666 4185 3068 4256 φρυαξάμενοι,
3103 4181 3382 4238 ούδοτιοῦν
3408 4180 3618 4249 ταύτην

2031 4281 2420 4354 παρέὸλαψαν,
2467 4280 2500 4351 ἢ
2541 4281 2623 4334 ὃτι
2661 4279 3053 4350 λαμπροτέραν
3081 4277 3433 4351 εἰργάσαντο.

2111 4477 2131 4512 ι
2170 4457 2283 4513 Καὶ
2315 4457 2472 4511 δώσω
2511 4473 2596 4510 σοι
2624 4457 2725 4519 τὰς
2771 4456 2921 4520 κλεῖς
2943 4456 3042 4526 τῆς
3070 4455 3351 4527 βασιλείας
3382 4455 3490 4508 τῶν
3529 4454 3618 4508 οὐ·

2037 4554 2240 4630 ρανῶν.
2289 4571 2308 4606 ι
2343 4554 2456 4606 Ούκ
2510 4547 2656 4617 εἷπε,
2687 4551 2892 4620 Δίδωμί
2929 4567 3013 4603 σοι
3063 4550 3184 4613 νῦν,
3241 4550 3410 4614 ἀλλὰ,
3450 4547 3620 4600 Δώσω

355 4659 813 4712 resurrectionem
850 4657 1089 4712 futurum
1115 4658 1434 4726 praedicens,
1458 4656 1674 4727 quando
1691 4665 1746 4710 et
1763 4657 1929 4711 sancti

2042 4665 2147 4713 σοι,
2175 4647 2266 4699 τὸν
2299 4644 2442 4715 μετὰ
2463 4644 2561 4713 τὴν
2586 4643 2889 4697 ἀνάστασιν
2937 4642 3222 4714 προλέγων
3248 4642 3462 4713 καιρὸν,
3495 4640 3616 4692 καθ’

351 4750 592 4817 Spiritus
641 4750 870 4819 gratiam
901 4749 974 4804 illi
1012 4751 1319 4819 impertitns
1350 4759 1454 4816 est,
1513 4758 1567 4804 et
1610 4758 1931 4817 potestatem

343 4840 546 4910 ligandi
607 4851 772 4910 atque
805 4841 1050 4896 solvendi
1108 4841 1446 4911 permisit”,
1491 4851 1544 4896 et
1579 4840 1931 4896 rationalibus

342 4936 534 4990 ovibus
563 4945 840 5004 pastorem
882 4935 1147 5005 praefecit.
1187 4933 1383 4988 Verum
1413 4949 1533 5003 qua:
1581 4932 1764 4987 claves
1824 4932 1928 4996 bis,

342 5042 574 5096 quarum
645 5036 924 5095 portarum
989 5026 1228 5094 claviger
1283 5022 1633 5079 constituitur
1698 5021 1927 5077 Petrus?

416 5161 460 5192 ⁸⁷
494 5159 643 5214 Psal.
677 5175 789 5224 LIV,
833 5158 886 5216 7.
963 5159 1009 5191 ³⁸
1054 5155 1097 5213 ll
1127 5158 1251 5213 Cor.
1283 5173 1382 5225 xit,
1413 5157 1470 5215 3.
1546 5159 1593 5191 ³³
1619 5155 1776 5213 Joan.
1805 5155 2012 5220 xx.25.

2041 4741 2100 4794 ὃν
2145 4739 2296 4808 αὐτῷ
2357 4738 2450 4791 καὶ
2511 4737 2610 4807 τὴν
2653 4737 2813 4808 χάριν
2854 4736 2950 4790 τοῦ
2988 4736 3146 4804 ἁγίου
3183 4736 3325 4790 Πνεύ
3340 4753 3508 4805 ματος
3532 4735 3620 4788 δέ-

2039 4833 2200 4901 δωκε,
2236 4833 2332 4885 καὶ
2357 4830 2456 4901 τὴν
2504 4831 2756 4894 ἐξουσίαν
2797 4829 2890 4884 τοῦ
2931 4829 3155 4899 δεσμεῖν
3194 4831 3290 4882 καί
3321 4827 3492 4893 λύειν,
3523 4827 3620 4880 καὶ

2036 4928 2148 4982 τῶν
2181 4926 2419 4995 λογικῶν
2469 4926 2762 4997 προϐάτων
2815 4925 3132 4995 ἀγελάρχην
3180 4923 3615 4995 ἐχειροτόνησεν.

2047 5016 2213 5072 Ἀλλὰ
2237 5016 2382 5078 τίνες
2427 5016 2485 5068 αἰ
2516 5015 2750 5082 κλεῖδες,
2793 5014 2974 5086 θυρῶν
3003 5015 3061 5068 δὲ
3099 5015 3270 5069 ποίων
3303 5013 3619 5084 κλειδοῦχος

1572 5249 1894 5310 Francisci
1929 5244 2143 5311 Scorsi
2173 5253 2357 5307 notas.

419 5376 531 5448 (74)
567 5375 735 5448 Jonas
776 5377 932 5448 ριιὶηι-
953 5373 1248 5428 columbam
1293 5383 1468 5448 sonat.
1499 5383 1612 5448 ων
1657 5373 1921 5448 columba,

339 5443 614 5515 wn'ﬁlius.
643 5447 770 5502 Vide
802 5446 859 5500 ὃ.
892 5443 1304 5515 Hieronymum,
1331 5447 1384 5499 in
1413 5446 1660 5501 eamdem
1687 5444 1922 5514 Etymol.

343 5519 800 5588 ἁλληγορίζοντα.

417 5585 759 5662 (75)“ι¹ειι·α
809 5605 902 5662 es,
961 5596 1071 5642 etc.
1136 5585 1695 5662 llunc_Tbeopl_ian_is
1755 5585 1929 5662 nostri

344 5656 520 5716 locum
541 5701 556 5726 ,
587 5671 644 5712 ut
676 5660 1010 5712 luculentum
1049 5658 1422 5714 testimonium
1462 5656 1749 5726 catholica:
1777 5656 1926 5709 veri-

347 5734 493 5794 tatis,
521 5725 584 5783 ex
621 5746 724 5797 qua
764 5730 952 5784 Petrus
988 5739 1148 5797 caput
1184 5727 1457 5789 Ecclesiae,
1485 5735 1540 5780 et
1575 5727 1694 5797 lidei
1731 5725 1927 5779 funda-

347 5812 588 5855 mentum
624 5796 884 5852 asseritur
906 5796 1097 5852 contra
1129 5797 1620 5867 Magdeburgenses
1644 5796 1928 5867 Centuria-

347 5881 514 5934 tores,
546 5871 735 5923 iisdem
777 5870 998 5922 omnino
1030 5865 1474 5935 verbis'protulit
1518 5868 1659 5920 inter
1693 5865 1922 5921 aliorum

346 5952 586 5994 veterum
617 5938 836 5992 Patrum
868 5939 1029 6006 dicta,
1060 5953 1194 6008 quos
1227 5937 1408 5993 itidem
1437 5938 1565 5995 citat
1598 5935 1922 5993 Franciscus

2031 5368 2290 5424 Turrian.
2323 5383 2436 5424 soc.
2467 5377 2687 5431 nostrae,
2715 5367 2783 5422 de
2823 5381 2930 5436 quo
2973 5365 3123 5434 plura
3167 5367 3220 5420 in
3257 5365 3492 5423 Promm.
3528 5385 3616 5436 ιιι,

2033 5442 2176 5513 quod
2219 5441 2418 5513 relege.
2457 5441 2717 5513 Porro‘in
2764 5441 2865 5492 bac
2906 5437 3268 5513 explicatione
3302 5448 3358 5492 et
3389 5441 3616 5513 veritate

2033 5507 2386 5566 consentiunt
2415 5526 2605 5566 omnes
2636 5509 2826 5562 Patres
2865 5520 2976 5560 tam
3011 5507 3208 5571 Graeci,
3237 5523 3399 5576 quam
3437 5507 3615 5564 Latini

2033 5597 2171 5646 quos
2199 5593 2447 5635 recenset
2477 5583 2640 5635 etiam
2672 5578 2912 5633 Maldon.
2943 5580 3120 5646 arguit
3151 5580 3314 5632 etiam
3349 5579 3439 5632 hic
3469 5579 3620 5632 locus

2033 5599 2048 5635 (
2073 5599 2171 5637 uos
2199 5599 2447 5635 ΐθεϐιιδθι
2477 5599 2640 5635 ειιιιιιι
2672 5599 2912 5633 multum.
2943 5599 3120 5646 arguit
3151 5599 3314 5632 Cllalll
3349 5599 3439 5632 HIC
3469 5599 3618 5632 ιοουει

2032 5599 2253 5707 ἆιωοοε
2291 5654 2435 5720 ipsos
2471 5651 2872 5713 schismatieos,
2906 5651 2997 5718 qui
3038 5649 3324 5720 primatum
3359 5649 3618 5704 Ecclesiae

2035 5719 2326 5785 Romanae,
2360 5729 2413 5774 et
2456 5735 2834 5776 successorum
2877 5720 3023 5774 Petri
3066 5719 3259 5772 nolunt
3302 5733 3618 5787 agnoscere.

2033 5792 2108 5846 De
2158 5806 2266 5860 quo
2320 5793 2564 5861 pluribus
2612 5807 2777 5859 supra
2833 5791 2883 5844 in
2936 5793 3037 5861 hac
3087 5789 3262 5855 bom.,
3297 5797 3408 5843 not.
3443 5789 3535 5857 67,
3566 5799 3621 5844 et

2033 5863 2180 5918 hom.
2210 5861 2303 5928 37,
2325 5860 2450 5918 not.
2485 5862 2580 5927 68,
2611 5871 2664 5917 ct
2690 5861 2781 5928 54,
2814 5871 2926 5916 ιιοι.
2953 5860 3045 5916 49.
