4074 6466
280 367 373 431 965

1649 358 1988 421 HOMILIA
2041 362 2156 423 LV.

3446 368 3552 433 966

279 482 304 532 ὁ
331 475 538 546 Πέτρος
566 473 899 529 καθίσταται
928 490 944 541 ;
977 472 1132 542 Θύρα
1156 473 1257 545 μιν
1287 472 1454 537 αὑτός
1484 474 1633 527 ἐστιν
1656 475 1683 527 6
1719 475 1857 546 Χρι-

1964 475 2128 530 Porta
2173 474 2286 529 haec
2314 470 2568 528 Christus
2608 481 2691 528 est
2722 470 2837 545 (76)
2868 474 2984 544 ipse
3027 473 3121 546 qui
3154 476 3333 531 όιιίιι
3368 496 3389 531 ι
3437 481 3549 551 Ego

282 572 421 636 στὸς,
468 571 497 623 6
548 566 754 623 εἰπών’
795 587 813 620 ι
852 568 999 637 Ἑγὼ
1056 568 1175 639 εἰμι
1233 567 1268 640 ή
1321 566 1502 639 θύρα·
1548 586 1567 619 ι
1628 567 1858 632 κλεῐςδὲ

280 663 477 732 ταύτης
532 660 631 731 τῆς
679 660 851 731 θύρας
882 662 913 731 ή
946 661 1155 725 πίστις,
1184 662 1252 732 ἢν
1319 659 1620 730 ἐγχειρίζει
1661 659 1737 729 τῷ
1768 677 1860 713 κο-

284 755 490 827 ρυφαίῳ
521 754 549 805 6
602 753 808 824 Κύριος
833 768 846 783 °
881 753 977 805 xui.
1023 754 1168 824 τάχα
1226 751 1404 823 τούτῳ
1439 754 1519 822 τῷ
1549 751 1791 823 κλείθρῳ
1826 754 1859 823 ή

282 846 658 917 ᾁσματίζουσα
706 844 896 913 νύμφη
968 844 1234 914 διήνοιγε,
1284 844 1528 897 ποθοῦσα
1575 845 1666 897 τὸν
1692 844 1861 897 καλὸν

279 935 593 1006 ἀδελφιδοῦν
656 936 1048 1001 ὐποδέξασθαι,
1101 937 1273 1007 ταύτη
1326 954 1411 990 τοι
1479 937 1576 989 κα)⁵
1630 936 1857 1005 ἔλεγεν·

284 1051 303 1083 ι
347 1030 466 1082 Ἐπὶ
520 1029 715 1100 θύραις
770 1029 865 1081 τοῦ
902 1029 1157 1100 κλείθρου
1218 1030 1405 1099 ἦνοιξα
1450 1028 1565 1097 ἐγὼ
1590 1029 1670 1099 τῷ
1703 1029 1859 1084 ἀδελ-

279 1123 410 1203 φιδῷ
442 1140 567 1193 μου.
602 1141 621 1173 ι
653 1121 882 1175 Δίδωσιν
908 1117 1004 1175 οὖν
1058 1122 1248 1192 Πέτρῳ
1294 1123 1531 1183 καὶτοῖς
1564 1123 1684 1174 κατ’
1720 1123 1862 1174 ἐκεῖ-

278 1232 359 1268 νον
398 1214 497 1275 τὰς
530 1213 701 1280 κλεῖς,
757 1214 834 1277 ὡς
878 1215 944 1267 ἂν
990 1216 1090 1285 μὲν
1114 1218 1230 1277 τοῖς
1269 1215 1569 1284 αἰρετικοῖς
1592 1215 1795 1278 ἄϐατος
1826 1215 1859 1284 ή

277 1307 407 1377 θύρα
448 1308 533 1376 εἰη
587 1308 685 1377 τῆς
718 1306 828 1360 τῶν
882 1308 1132 1377 οὐρανῶν
1180 1308 1488 1378 βασιλείας,
1518 1308 1614 1362 καὶ
1664 1310 1860 1375 ἄδυτος

274 1402 377 1462 τοῖς
417 1399 473 1451 δέ
512 1401 728 1461 πιστοῖς
755 1398 1106 1462 εὐεπίϐατος,
1142 1399 1218 1462 ὡς
1250 1398 1608 1469 βεὸαιοῦσθαι
1638 1400 1737 1471 τὴν
1762 1403 1858 1457 τοῦ

278 1494 478 1563 Κυρίου
515 1494 818 1560 ἀπόφασιν.
871 1512 889 1545 ι
930 1494 1104 1556 Είτις
1150 1494 1211 1546 ού
1255 1494 1496 1565 γεννηθῇ
1537 1494 1606 1546 δι’
1642 1496 1857 1562 ὓδατος,

276 1586 365 1638 καὶ
394 1587 741 1656 Πνεύματος,
800 1587 862 1639 ού
902 1586 978 1656 μὴ
1028 1588 1249 1659 εἰσέλθη
1304 1590 1388 1653 εἰς
1424 1591 1523 1661 τὴν
1574 1591 1860 1662 βασιλείαν

273 1681 375 1732 τῶν
410 1682 681 1750 οὐρανῶν.
720 1702 738 1733 ι
774 1686 836 1736 Οἰ
862 1684 959 1752 μὲν
984 1680 1079 1738 οὖν
1104 1687 1339 1739 ἐναντίοι
1371 1688 1471 1758 τῆς
1494 1689 1736 1753 πίστεως
1765 1690 1860 1743 καὶ

277 1773 527 1841 πολέμιοι
562 1774 731 1827 πύλαι
790 1775 921 1846 ᾆδου
981 1776 1318 1847 ἐκλήθησαν,
1380 1782 1408 1832 6
1457 1780 1515 1833 δέ
1575 1782 1857 1851 Δεσπότης

284 1865 654 1935 Ἐμμανουὴλ,
690 1867 829 1937 θύρα
861 1868 955 1920 καὶ
1003 1869 1145 1938 πύλη
1182 1870 1284 1939 τῆς
1310 1870 1589 1940 βασιλείας
1621 1873 1731 1926 τῶν
1765 1876 1856 1927 οὑ-

275 1955 467 2024 ρανῶν.
502 1958 595 2008 Διὸ
630 1958 726 2009 καὶ
778 1959 1171 2030 προτροπάδην
1212 1962 1349 2013 πᾶσι
1382 1961 1482 2031 βοᾷ
1507 1980 1519 1991 ⁸
1554 1982 1573 2014 ι
1606 1963 1686 2016 Δι’
1718 1965 1853 2033 ἐμοῦ

271 2052 357 2103 ἐὰν
380 2067 468 2111 τις
525 2050 783 2113 εἰσέλθοι,
811 2051 1142 2121 σωθήσεται,
1182 2070 1201 2103 ι
1231 2054 1348 2118 καὶ,
1386 2073 1405 2106 ι
1446 2055 1736 2109 Εἰσὲλθετε
1766 2057 1857 2111 διά

268 2146 357 2212 τῆς
380 2143 578 2213 στενῆς
601 2143 798 2216 πύλης,
828 2164 846 2198 ι
873 2146 971 2208 τὰς
993 2145 1262 2211 πλατείας
1281 2147 1377 2201 καὶ
1398 2148 1477 2211 εἰς
1502 2148 1628 2219 ᾆδον
1657 2150 1857 2221 φερού-

180 2244 183 2245 ⁷
270 2253 364 2298 σας
398 2236 780 2300 ἐκκλίναντες.

333 2327 480 2380 Ἀλλ’
521 2329 571 2380 οἰ
605 2329 704 2398 τῆς
743 2328 1065 2397 Ἑλληνικῆς
1114 2329 1335 2393 ἀπάτης
1394 2331 1493 2401 τήν
1529 2332 1709 2403 τρύγα
1761 2334 1855 2404 ἐρ-

271 2420 597 2488 ροφηκότες,
654 2421 749 2472 κοιλ⁸
814 2421 958 2475 κατά
1012 2421 1114 2491 τῆς
1180 2423 1372 2491 ὑγιοῦς
1419 2424 1580 2495 ήμῶν
1608 2426 1853 2491 πίστεως

268 2511 469 2575 πολλὰς
506 2512 847 2582 δυσφημίας,
903 2514 978 2577 ῶς
1008 2533 1132 2568 τινα
1178 2516 1444 2586 βόρϐορον
1467 2518 1853 2589 ἐρευξάμενοι,

268 2607 402 2674 πρὸς
437 2606 548 2667 τοῖς
579 2605 765 2668 ἄλλοις
816 2606 1105 2676 ληρήμασι
1163 2606 1259 2660 καὶ
1288 2608 1448 2660 τοῦτο
1479 2610 1657 2661 εἰπεῖν
1690 2610 1853 2680 ἐθρα-

275 2696 577 2767 σύνθησαν,
612 2700 731 2760 πῶς
784 2701 812 2752 ὁ
855 2702 1063 2770 Πέτρος
1112 2700 1367 2767 ἀξιωθεὶς
1394 2705 1641 2755 τοιούτου
1686 2721 1837 2773 μακα

270 2790 499 2859 ρισμοῦ,
528 2792 623 2843 καὶ
660 2790 1041 2861 μαρτυρηθεὶς
1074 2793 1180 2845 ὑπὸ
1206 2792 1384 2864 Ἰησοῦ
1422 2798 1485 2847 ἐκ
1517 2795 1615 2849 τοῦ
1646 2798 1857 2868 [ἰατρὸς

267 2881 517 2952 δεδέχθαι
550 2884 652 2950 τὴν
716 2883 1090 2953 ἀποκάλυψιν,
1124 2886 1217 2937 καὶ
1271 2886 1372 2949 τὰς
1405 2888 1554 2952 κλεῖς
1615 2888 1858 2957 εἰληφὼς

268 2975 363 3043 τῆς
400 2976 691 3045 βασιλείας
748 2976 858 3028 τῶν
887 2976 1138 3046 οὐρανῶν
1162 3018 1176 3042 ,
1208 2977 1351 3030 κατὰ
1386 2979 1476 3032 τὸν
1513 2980 1608 3033 τοῦ
1643 2982 1858 3045 Πάθους

266 3068 462 3137 καιρὸν
489 3068 672 3136 τρίτον
698 3068 976 3139 ἠρνήσατο
997 3069 1091 3121 τὸν
1110 3068 1462 3135 διδάσκαλον,
1488 3073 1705 3145 φαύλης
1730 3092 1859 3128 παι-

264 3158 459 3232 δίσκης
481 3158 673 3211 τοῦτον
695 3160 1143 3230 μορμολυξάσης,
1168 3162 1242 3226 ὼς
1270 3162 1596 3234 βρεφύλλιον
1623 3184 1637 3231 ;
1670 3166 1858 3222 Ταῦτά

267 3268 435 3318 φασιν
475 3253 524 3305 οἰ
561 3255 627 3323 τῇ
657 3253 892 3324 ἀληθείᾳ
926 3255 1230 3325 μαχόμενοι
1253 3273 1267 3287 ’
1289 3256 1408 3309 ἀλλ’
1440 3258 1602 3327 ἡμεῖς
1625 3260 1699 3323 ὡς
1724 3261 1855 3332 βέλη

266 3346 484 3412 νηπίων
510 3346 610 3407 τὰς
662 3344 923 3411 τοιαύτας
969 3348 1188 3417 πληγὰς
1237 3349 1348 3401 τῶν
1376 3352 1638 3403 ἐναντίων
1682 3353 1854 3422 ἡγούη

266 3454 443 3505 μενοι,
507 3437 651 3490 οὕτω
706 3439 913 3501 ταύτας
963 3441 1415 3510 ἀποκρουόμεθα.
1459 3444 1647 3512 Φαμὲν
1718 3446 1851 3517 γὰρ,

262 3529 336 3594 ὡς
370 3531 667 3600 οἰκονομία
693 3526 761 3602 ἦν
791 3533 856 3585 ἐκ
878 3531 1015 3585 Θεοῦ
1048 3537 1454 3606 παραχώρησις
1489 3538 1589 3606 τῆς
1616 3536 1711 3590 τοῦ
1749 3540 1859 3592 Πέ-

260 3639 393 3692 τρου
434 3626 747 3695 ἀρνήσεως.
780 3624 1004 3697 Ἐπειδὴ
1030 3627 1142 3697 γὰρ
1179 3627 1321 3698 ὑπὲρ
1358 3629 1484 3691 τοὺς
1505 3628 1697 3692 ἄλλους
1720 3648 1859 3701 συμι

260 3717 537 3788 φοιτητὰς
573 3718 924 3788 ἐκαυχήσατο
946 3718 1343 3771 συναποθανεῖν
1372 3720 1450 3789 τῷ
1477 3722 1853 3793 μυσταγωγῷ,

257 3810 320 3862 οὐ
352 3812 509 3864 πάνυ
545 3810 1032 3880 περισκεψάμενος
1054 3811 1155 3881 τῆς
1182 3811 1387 3881 σαρκὸς
1407 3813 1508 3882 τὴν
1526 3812 1814 3867 ἀσθένειαν
1840 3832 1854 3847 ·

255 3902 444 3955 καίτοι
525 3901 622 3954 τοῦ
694 3903 899 3972 Κυρίου
952 3902 1422 3968 διαϐεϐαιοῦντος,
1504 3907 1581 3968 ὼς
1656 3908 1860 3972 πάντες

256 3993 804 4064 σκανδαλισθήσεσθε
830 4010 843 4024 ο
882 3994 975 4047 διὰ
1024 3996 1186 4047 τοῦτο
1227 3995 1338 4049 ἔδει
1376 3998 1473 4051 καὶ
1505 3999 1668 4052 αὑτὸν
1700 4002 1859 4069 ἐλεγς

254 4083 468 4154 χθῆναι
529 4084 607 4147 ὡς
654 4084 947 4156 ἄνθρωπος
991 4081 1083 4156 ἦν,
1119 4087 1296 4159 δειλίᾳ
1348 4092 1590 4161 σαρκικῇ
1628 4092 1859 4145 ὑποκείο

256 4195 452 4245 μενος,
494 4179 589 4231 καὶ
616 4178 713 4232 τοῦ
743 4180 951 4250 Κυρίου
999 4180 1284 4252 δειχθῆναι
1316 4181 1409 4236 τὸν
1456 4183 1615 4251 λόγον
1644 4185 1856 4256 ἐπαλη-

254 4268 522 4335 θεύοντα,
569 4271 663 4322 καὶ
716 4269 814 4340 τὴν
879 4270 1112 4341 ἄρνησιν
1166 4271 1625 4344 προμηνύσαντα.
1682 4275 1857 4329 Τοῦτο

253 4360 512 4414 πέπονθε
550 4361 646 4414 καὶ
675 4361 844 4413 Δαὸἰδ
870 4362 898 4412 6
946 4362 1243 4431 προφήτης
1292 4365 1387 4415 καὶ
1429 4363 1707 4432 βασιλεύς.
1748 4366 1860 4436 Τῆς

252 4454 595 4525 πρεπούσης
653 4455 762 4525 γὰρ
822 4456 1026 4518 ἐκστὰς
1068 4457 1489 4521 καταστάσεως,
1517 4458 1615 4528 τὴν
1647 4459 1859 4530 ὑπερήο

1888 3206 1929 3262 C

1961 582 2084 622 sum
2119 565 2420 631 ostium“;
2459 582 2478 617 ι
2537 565 2655 635 ejus
2680 580 2810 620 vero
2844 566 3011 622 clavis
3053 578 3140 623 est
3171 567 3340 638 ﬁdes,
3387 586 3549 642 quam

1965 657 2225 713 Dominus
2277 657 2667 729 discipulorum
2732 659 3025 728 c0ryphazo
3089 664 3405 717 committit.
3487 663 3556 717 Et

1964 746 2214 803 fortassis
2253 751 2355 804 boc
2392 751 2661 818 pessulum
2704 753 2919 821 aperuit
2962 754 3175 807 cautrix
3214 770 3413 823 sponsa
3468 757 3553 810 di-

1965 838 2161 893 lectum
2216 856 2373 894 suum
2431 845 2718 910 pulchrum
2780 845 3031 911 excipere
3082 847 3329 914 cupiens,
3389 858 3554 916 atque

1965 931 2126 983 verba
2173 930 2482 996 hujusmodi
2527 932 2741 985 dicebat
2774 948 2788 985 :
2827 950 2844 982 ι
2880 930 3164 988 Pcssulum
3193 936 3319 989 ostii
3364 937 3554 1005 aperui

1960 1036 2063 1090 ego
2089 1022 2287 1076 dilecto
2318 1038 2459 1077 meo.
2489 1042 2507 1074 ι
2538 1025 2633 1077 Dat
2658 1024 3029 1092 igitur‘Pelro,
3064 1037 3119 1080 et
3144 1030 3555 1085 successoribus

1961 1113 2082 1182 ejus
2130 1113 2245 1183 (77)
2278 1113 2477 1179 claves,
2516 1125 2576 1168 ut
2629 1116 2904 1170 haereticis
2938 1116 3155 1185 quidem
3184 1119 3446 1188 impervia
3498 1130 3554 1175 et

1971 1204 2401 1275 impenetrabilis
2452 1206 2523 1259 sit
2551 1205 2715 1273 janua
2754 1211 2905 1278 regni
2964 1210 3249 1264 caelestis:
3304 1211 3555 1266 ﬁdelibus

1960 1311 2092 1350 vero
2124 1299 2190 1349 ad
2225 1312 2345 1351 eam
2391 1306 2575 1366 pateat
2621 1298 2836 1364 aditus;
2886 1309 3050 1368 atque
3080 1299 3153 1353 ita
3210 1301 3301 1355 illa
3340 1301 3556 1357 Domini

1960 1388 2127 1460 376
2149 1391 2417 1444 sententia
2457 1389 2608 1444 ﬁrma
2649 1391 3008 1459 permaneat?
3053 1409 3073 1443 ι
3120 1391 3236 1446 Nisi
3293 1394 3418 1463 quis
3470 1409 3561 1449 re-

1962 1494 2123 1537 natus
2150 1483 2313 1538 fuerit
2342 1498 2406 1537 ex
2436 1497 2576 1552 aqua
2609 1494 2661 1538 et
2692 1483 2901 1554 Spiritu
2936 1494 3151 1547 sancto,
3192 1501 3298 1539 non
3330 1488 3557 1541 intrabit

1964 1573 2018 1628 in
2052 1591 2279 1647 regnum
2315 1578 2665 1633 caelorum".
2695 1597 2714 1629 ι
2750 1578 2919 1649 igitur
2954 1578 3253 1633 adversarii
3283 1590 3337 1634 et
3376 1579 3559 1633 hostes

1963 1670 2085 1724 ﬁdei
2133 1684 2305 1740 porta:
2352 1672 2512 1727 inferi
2561 1672 2815 1742 appellati
2857 1683 3006 1727 sunt.
3059 1675 3321 1729 Dominus
3378 1685 3556 1729 autem

1964 1764 2307 1828 Emmanuel,
2363 1766 2566 1820 ostium
2615 1775 2669 1818 et
2694 1776 2849 1833 porta
2906 1767 3056 1835 regni
3090 1769 3377 1831 caelorum;
3416 1767 3559 1820 unde

1892 1840 1933 1895 Β
1963 1860 2302 1912 adhortando
2338 1872 2527 1911 oumes
2577 1858 2779 1910 clamat
2822 1873 2837 1910 :
2882 1876 2901 1909 ι
2941 1858 3045 1913 Per
3100 1874 3186 1913 me
3239 1860 3283 1913 si
3319 1860 3442 1928 quis
3475 1860 3561 1913 in-

1966 1952 2202 2017 troierit,
2236 1951 2528 2004 salvabitur
2549 1950 2630 2014 ",
2662 1968 2682 2001 ι
2719 1959 2772 2005 et
2802 1966 2814 2002 :
2857 1967 2875 2001 (
2904 1950 3104 2004 intrate
3150 1967 3248 2020 per
3274 1962 3557 2019 angustam

1964 2054 2172 2115 portam
2192 2044 2272 2110 ⁸³;
2311 2062 2330 2095 ο
2369 2042 2505 2098 latas
2540 2043 2659 2098 illas
2692 2057 2919 2113 quaeque
2973 2044 3041 2097 ad
3089 2041 3297 2098 inferos
3326 2043 3556 2107 ducunt,

1963 2140 2320 2197 declinantes.

2042 2324 2242 2379 Verum
2274 2325 2367 2393 qui
2400 2322 2713 2379 Graecorum
2747 2337 2965 2378 errores
2997 2323 3166 2377 instar
3192 2322 3342 2377 fzecis
3366 2324 3559 2379 absor-

1963 2419 2166 2483 buere,
2228 2429 2284 2473 et
2347 2430 2536 2473 contra
2592 2434 2784 2473 sanam
2847 2443 2853 2453 -
2918 2430 3086 2473 stram
3148 2420 3304 2473 ﬁdem
3362 2421 3560 2475 multas

1968 2512 2337 2581 blasphetnias
2362 2552 2378 2577 ,
2417 2510 2569 2580 quasi
2622 2524 2837 2566 caenum
2874 2521 3157 2578 eructant;
3190 2515 3403 2568 caeteris
3459 2513 3559 2566 de-

1970 2605 2274 2659 liramentis
2299 2606 2401 2658 hoc
2423 2605 2587 2658 etiam
2611 2604 2725 2657 ausi
2746 2613 2874 2657 sunt
2900 2604 3118 2667 addere,
3147 2605 3416 2673 quomodo
3468 2605 3561 2661 Pe-

1968 2709 2083 2754 trus
2113 2716 2178 2754 eo
2229 2700 2511 2769 dignitatis
2572 2708 2816 2765 evectus,
2856 2707 2914 2752 ut
2952 2709 3005 2753 et
3036 2697 3162 2753 Jesu
3197 2715 3329 2754 voce
3370 2701 3557 2755 beatus

1967 2792 2376 2863 praedicaretur,
2405 2801 2460 2846 et
2481 2791 2721 2861 ejusdem
2749 2793 3058 2846 testimonio
3104 2808 3132 2845 a
3157 2792 3316 2847 Patre
3349 2794 3559 2849 revela-

1968 2885 2173 2939 tionem
2202 2884 2460 2939 habuisse
2493 2886 2787 2948 diceretur,
2823 2894 2877 2938 et
2921 2885 3100 2938 claves
3132 2884 3282 2951 regni
3316 2886 3558 2942 caelestis

1966 2978 2260 3047 acciperet,
2288 2977 2569 3032 Passionis
2596 2984 2844 3046 tempore
2880 2984 2963 3030 ter
2989 2977 3205 3043 negavit
3235 2976 3557 3047 magistrum

1967 3084 2167 3133 suum,
2220 3071 2373 3140 quasi
2425 3069 2695 3139 puellulus
2755 3068 2886 3123 levis
2941 3068 3224 3138 cujusdam
3289 3069 3559 3123 ancillula:

1969 3165 2114 3217 larva
2164 3163 2636 3233 perterrefactus?
2667 3160 2793 3218 Haec
2839 3163 3068 3228 dicunt,
3123 3162 3213 3232 qui
3269 3164 3557 3217 veritatem

1966 3266 2307 3326 oppugnant.
2361 3255 2477 3311 Nos
2539 3272 2670 3310 vero
2730 3257 2827 3311 hos
2890 3256 3326 3311 adversariorum
3390 3256 3557 3320 ictus,

1966 3352 2120 3419 quasi
2156 3349 2444 3404 infantium
2481 3351 2583 3405 tela
2634 3359 2976 3419 reputantes,
3008 3349 3090 3404 sic
3122 3364 3184 3403 ea
3209 3350 3556 3418 depellimus.

1969 3443 2210 3498 Dicimus
2239 3444 2384 3497 enim
2440 3443 2535 3498 Dei
2570 3443 3356 3512 dispensationemegationem
3410 3443 3559 3496 Petri

1966 3537 2311 3604 permissam.
2347 3535 2615 3602 Quoniam
2638 3536 2784 3590 enim
2815 3551 2979 3604 super
3008 3544 3237 3589 caeteros
3269 3535 3561 3603 discipulus

1967 3643 2026 3682 se
2088 3628 2409 3698 gloriatione
2461 3630 2762 3694 eﬁ‘erehat,
2816 3629 3264 3683 commoriturum
3323 3643 3381 3683 se
3435 3646 3559 3684 cunt

1969 3716 2196 3772 Domino
2242 3720 2493 3788 iactans,
2546 3719 2728 3773 carnis
2758 3718 3188 3773 imbecillitatem
3252 3734 3359 3771 non
3420 3720 3558 3775 bene

1966 3812 2295 3883 dispiciens;
2326 3827 2446 3867 cum
2475 3812 2778 3881 praesertim
2816 3813 3134 3866 scandalum
3164 3826 3422 3881 passuros
3445 3828 3562 3865 om-

1967 3920 2064 3959 nes
2104 3906 2362 3959 Dominus
2404 3904 2764 3969 allirmasset;
2822 3904 2943 3959 ideo
2978 3906 3269 3974 Oportebat
3319 3903 3559 3968 ostendi,

1968 3997 2141 4065 ipsum
2197 4011 2413 4065 quoque
2442 3996 2718 4050 hominem
2767 4011 2890 4050 esse
2929 3997 3170 4051 humano
3202 3996 3380 4051 timori
3426 3996 3559 4049 sub-

1963 4089 2191 4159 jectum,
2228 4100 2282 4143 et
2334 4090 2623 4144 Dominum
2674 4104 2799 4144 vera
2834 4090 3039 4153 dicere,
3075 4090 3165 4158 qui
3216 4090 3560 4159 negationem

1969 4193 2095 4236 ante
2124 4183 2470 4251 praadixerat.
2511 4182 2625 4236 Hoc
2656 4183 2816 4236 etiam
2852 4182 3014 4235 David
3050 4181 3324 4251 prophetae
3366 4190 3418 4235 et
3443 4183 3553 4251 regi

1969 4273 2220 4341 contigit.
2277 4276 2409 4325 Cum
2468 4273 2612 4328 enim
2648 4271 2715 4326 de
2767 4281 2909 4327 statu
2960 4273 3159 4325 mentis
3205 4272 3560 4326 conveniente

1969 4366 2325 4431 excessisset,
2377 4367 2666 4434 SUperbam
2722 4364 2867 4417 illam
2903 4379 3089 4419 vocem
3125 4364 3302 4418 emisit
3336 4378 3349 4414 :
3386 4380 3404 4413 ι
3443 4360 3560 4416 Non

1968 4460 2233 4512 movebor
2278 4459 2332 4511 in
2358 4466 2620 4510 aeternum
2642 4454 2710 4509 “.
2752 4475 2770 4507 ι
2804 4456 2929 4509 Ideo
2965 4471 3087 4509 cum
3110 4471 3138 4507 a
3166 4456 3342 4508 divina
3386 4455 3558 4523 ipsum

251 4563 434 4613 φανον
473 4548 694 4618 ἐκείνην
748 4548 929 4619 ἀφῆκε
959 4549 1166 4620 φωνὴν,
1200 4567 1219 4600 ι
1260 4549 1333 4602 Οὐ
1386 4551 1461 4619 μὴ
1496 4550 1742 4603 σαλευθῶ
1775 4552 1857 4617 εἰς

1971 4558 2295 4621 protegente
2345 4548 2544 4602 virtute
2603 4548 2898 4601 destitutus
2962 4546 3238 4615 paulisper
3288 4557 3468 4611 esset,
3528 4562 3559 4599 ιι

247 4641 339 4690 τδν
397 4640 606 4696 αἰῶνα.
657 4659 675 4692 ι
711 4641 814 4694 Διά
895 4641 1057 4694 τοῦτο
1146 4642 1347 4713 μικρὸν
1399 4642 1858 4714 ἐγκαταλειφθεὶς

1968 4641 2118 4695 larda
2174 4640 2453 4709 voluptate
2488 4640 2748 4694 subactus
2779 4648 2975 4708 prmler
3017 4636 3268 4691 adulterii
3298 4635 3557 4706 ﬂagitium

327 4824 378 4855 ³⁸
404 4821 583 4876 Joan.
617 4825 763 4888 x,.9.
840 4827 884 4859 ³¹
920 4825 1078 4882 Joan.
1107 4845 1187 4894 ιιι,
1220 4828 1271 4882 5.
1319 4827 1363 4859 ³’
1391 4824 1549 4880 Joan.
1584 4843 1639 4891 ι,
1675 4826 1728 4883 9.
1807 4826 1853 4859 ³³

1972 4827 2073 4879 ιιιι.
2105 4841 2203 4890 \‘tt,
2238 4826 2322 4880 15.
2399 4826 2441 4857 ³³
2474 4823 2619 4880 Psal.
2649 4841 2796 4888 χιιι,
2830 4823 2884 4879 7.

1524 4976 1849 5040 Froncisci
1883 4979 2094 5040 Scorsi
2131 4985 2322 5041 noue.

325 5120 458 5191 (76)
520 5119 686 5176 Porta
741 5123 853 5177 Ita'c
907 5122 1154 5178 Christus
1203 5132 1303 5181 est.
1350 5124 1528 5180 Pauca
1583 5125 1870 5180 admodum

242 5191 580 5261 fragmenta
611 5196 801 5248 deesse
834 5195 885 5247 in
919 5211 1022 5247 ms.
1056 5194 1176 5249 Val.
1210 5197 1450 5263 comperi
1482 5211 1545 5251 ex
1579 5197 1699 5248 aliis
1731 5212 1868 5250 mss.

240 5280 376 5333 qua?
406 5263 607 5335 habui.
638 5278 700 5316 ac
735 5266 1034 5331 prtesertim
1056 5281 1117 5317 ex
1141 5266 1394 5320 Patribus
1411 5268 1476 5319 de
1502 5267 1695 5334 quibus
1715 5282 1865 5335 supr.

242 5332 368 5387 not.
398 5332 509 5387 54.
532 5333 697 5401 Igitur
722 5336 834 5387 haec
860 5335 1003 5404 θύρα
1032 5336 1131 5403 μὲν
1154 5338 1317 5399 αὑτός
1345 5332 1609 5401 ἐστινίὶὺὶ
1637 5332 1863 5401 omissa,

239 5413 298 5457 et
330 5407 576 5476 quidem
611 5404 741 5458 vitio
773 5406 1115 5472 properantis
1147 5406 1357 5460 librarii
1389 5409 1511 5476 quis
1546 5422 1650 5460 non
1684 5408 1866 5461 videt?

238 5490 420 5549 supra
474 5475 641 5549 etiam
670 5477 849 5549 ⁸φήμη
898 5476 1010 5545 γὰρ
1065 5478 1361 5546 ἐπικρατεῖ
1404 5475 1481 5539 ὡς
1528 5478 1654 5549 ἥξει
1697 5478 1861 5531 πάλιν

246 5545 464 5606 Ἠλίας
506 5546 599 5596 ἐπὶ
635 5545 735 5615 τῆς
766 5545 895 5615 γῆς,
925 5561 1045 5613 quae
1077 5545 1323 5613 subjecta
1360 5550 1495 5601 ratio
1531 5545 1600 5602 ah
1635 5563 1860 5603 auctore

238 5629 495 5685 sensum
523 5614 662 5667 illius
694 5614 933 5684 complet
964 5632 979 5683 ;
1016 5620 1381 5685 praetermissa
1422 5634 1551 5673 vero
1587 5617 1767 5672 fuerat
1805 5623 1857 5672 in

240 5683 374 5739 Vat.
408 5686 609 5737 eodem
642 5688 793 5741 vitio.

315 5757 450 5824 (77)
493 5751 976 5830 Et‘sucressoribus
1006 5761 1142 5830 ejus.
1175 5760 1315 5826 Quid
1353 5760 1457 5814 huc
1489 5760 1774 5825 illustrius,
1803 5771 1858 5816 et

237 5827 470 5882 clarius
508 5827 570 5881 ad
602 5830 799 5885 seriem
830 5827 1200 5887 Romanorum
1233 5834 1549 5897 pontiﬁcum
1604 5833 1661 5887 S.
1694 5833 1856 5890 Petro

1971 5135 2401 5193 succedentium,
2433 5141 2731 5195 eorumque
2766 5126 3145 5182 auctoritatem
3179 5128 3559 5189 alﬁrmandam

1970 5199 2169 5267 quibus
2212 5212 2337 5251 cum
2373 5202 2525 5252 (latas
2559 5198 2741 5251 claves
2778 5198 2866 5251 hic
2900 5198 3063 5253 Pater
3098 5212 3305 5256 asserat
3338 5203 3559 5257 δίδωσιν

1968 5265 2063 5322 οὖν
2110 5268 2336 5338 Πέτρῳ,
2372 5271 2467 5322 καὶ
2513 5274 2627 5330 τοῖς
2672 5267 2795 5321 κατ’
2833 5272 3040 5322 ἐκεῖνον
3089 5274 3187 5334 τὰς
3230 5272 3377 5336 κλεῖς
3406 5291 3419 5306 ο
3454 5274 3558 5328 Dat

1966 5339 2135 5414 igitur
2180 5336 2371 5402 Pet—ro,
2405 5348 2453 5392 et
2501 5339 2896 5394 successoribus
2944 5341 3060 5414 ejus
3110 5342 3313 5414 claves,
3351 5347 3560 5414 alisque

1968 5410 2132 5463 dubio
2179 5425 2273 5464 eos
2330 5425 2454 5465 esse
2504 5422 2664 5478 caput
2717 5414 2884 5465 totius
2940 5410 3193 5466 Ecclesia:
3241 5410 3552 5469 fatetur'et

1965 5481 2154 5546 docet;
2185 5481 2409 5552 quialad
2444 5480 2556 5535 haec
2587 5496 2864 5549 aggerere,
2887 5485 2969 5535 vel
3000 5484 3297 5551 ohgannire
3330 5495 3555 5552 possunt

1965 5552 2197 5623 (ira-culi
2237 5550 2463 5623 hujusce
2505 5554 2763 5619 temporis
2802 5550 3180 5607 scltismati’ci?
3211 5550 3343 5623 quid
3376 5557 3554 5608 luere-

1965 5622 2057 5675 tici
2109 5622 2292 5675 caeteri
2343 5631 2662 5689 uovatores;
2706 5624 2973 5692 adversus
3015 5638 3153 5692 quos
3203 5622 3336 5679 satis
3386 5626 3555 5679 multa

1963 5692 2117 5744 multi
2178 5694 2474 5760 scriptores
2530 5708 2646 5750 suc.
2700 5691 2897 5748 Bellar.
2960 5691 3212 5748 Controv.
3269 5699 3333 5748 de
3392 5695 3554 5751 Pam.

1963 5760 2229 5827 Romam;
2276 5761 2473 5821 Franc.
2504 5764 2663 5822 Turr.
2698 5770 2819 5823 loco
2842 5779 3008 5835 supra
3034 5766 3203 5821 citato
3230 5764 3469 5822 Mailduﬁ.
3498 5781 3555 5823 tn

1959 5831 2107 5889 hunc
2138 5834 2337 5889 locum.

1924 5840 1937 5851 ‘
1959 5840 2107 5889 hunc
2138 5840 2337 5891 locum.
