4074 6430
491 331 598 397 96⁸1

1701 315 2194 381 THEOPHANIS
2231 311 2575 376 CERAMEI

3647 307 3758 372 968

494 456 664 498 ausus
717 446 805 496 est
852 435 1015 496 etiam
1048 430 1396 492 homicidium
1440 435 1775 500 perpetrare.
1805 425 2078 482 Praeterea

2191 423 2289 477 ὑπὸ
2311 422 2411 492 τῆς
2444 419 2609 475 αὑτὸν
2643 417 2961 489 σκεπούσης
2985 391 3161 482 θείας¹
3199 416 3510 489 δυνάμεως,
3563 417 3763 492 ήδινῆς

495 534 754 605 quoniam
802 532 995 587 Petrus
1035 531 1226 584 ovibus
1258 527 1466 580 ratione
1494 522 1735 592 praeditis
1769 518 2070 590 praeﬁcien-

496 630 598 683 dus
631 634 768 689 eral,
797 635 851 680 et
905 621 1146 679 solvendi
1223 617 1530 688 ligandique
1608 623 1937 685 potestatem
1981 624 2076 664 ac-

497 731 776 790 cepturus,
803 732 869 771 ne
897 716 952 770 in
983 705 1278 783 peccantes
1295 709 1585 764 vehemens
1627 715 1681 760 et
1711 700 2072 774 implacabilis

497 821 660 874 esset,
693 817 748 863 et
773 808 982 861 duriter
1035 815 1201 874 atque
1230 797 1733 856 immisericorditer
1770 809 1962 864 poenas
1993 793 2077 846 inv

498 903 716 969 ﬂigeret
767 899 904 968 (78),
953 896 1174 951 meliore
1223 891 1562 964 providentia
1607 888 1719 961 (79)
1751 895 1914 955 atque
1947 900 2078 940 con-

497 994 622 1049 silio
667 990 1000 1060 permittitur
1024 989 1242 1053 cadere,
1278 997 1337 1039 ut
1368 1000 1432 1039 ex
1462 998 1522 1038 se
1551 982 1673 1052 ipso
1695 981 1928 1035 disceret
1950 991 2076 1046 erga

499 1083 881 1152 delinquentes
911 1094 1032 1134 esse
1065 1078 1468 1148 longanimem;
1509 1083 1564 1128 et
1592 1087 1757 1143 quam
1793 1071 1908 1139 ipse
1931 1069 2083 1124 beni-

496 1174 757 1245 gnitatem
831 1186 896 1226 ac
960 1171 1174 1225 veniam
1223 1167 1586 1232 obtinuisset,
1636 1179 1754 1218 eam
1789 1163 2082 1217 clementer

499 1265 623 1320 aliis
654 1262 979 1331 impertiret.
1012 1259 1126 1314 Nisi
1149 1259 1290 1314 enim
1341 1258 1583 1328 provisa,
1614 1254 1780 1326 377
1805 1269 1870 1308 ac
1891 1253 2080 1322 dispo-

500 1357 604 1410 sita
642 1355 861 1425 negatio
892 1353 1042 1406 Petri
1075 1351 1289 1418 fuisset,
1333 1365 1604 1420 nunquam
1658 1361 1794 1402 sane
1841 1354 1917 1400 tot
1947 1353 2074 1400 ante

501 1443 718 1500 saeculis
765 1443 980 1498 divinus
1015 1440 1185 1495 David
1241 1455 1360 1494 eam
1393 1438 1814 1510 praenuntiasset
1865 1451 1932 1491 ex
1963 1450 2086 1505 per-

504 1551 640 1591 sona
685 1535 890 1591 Christi
927 1535 1113 1589 dicens
1144 1544 1164 1588 :
1205 1553 1222 1586 ι
1253 1533 1317 1588 Ει
1341 1534 1434 1601 qui
1489 1531 1791 1586 laudabant
1844 1545 1951 1594 me,
1985 1528 2081 1583 ad-

505 1644 695 1684 versus
732 1644 820 1683 me
869 1626 1120 1695 iurabant
1141 1626 1206 1679 ³⁵.
1238 1643 1258 1678 ι
1297 1625 1435 1679 Nam
1469 1624 1610 1679 idem
1657 1623 1769 1689 ille,
1826 1621 1920 1692 qui
1951 1636 2076 1676 eum

505 1722 556 1775 in
594 1719 844 1790 praesenti
892 1718 1098 1783 laudat,
1147 1729 1202 1772 et
1246 1715 1439 1771 Filium
1483 1715 1580 1772 Dei
1629 1717 1737 1771 vivi
1767 1713 2077 1779 conﬁtetur,

498 1812 707 1883 juravit
730 1821 919 1882 postea
952 1810 1205 1865 eumdem
1235 1823 1339 1864 non
1370 1821 1553 1864 nosse.

580 2088 736 2155 Quod
787 2087 832 2144 si
866 2086 1126 2141 rationem
1180 2085 1358 2156 magis
1399 2082 1735 2139 reconditam
1766 2083 1896 2139 licet
1929 2082 2087 2138 attin-

507 2195 660 2250 gere,
693 2178 912 2249 aliquod
941 2178 994 2232 in
1032 2177 1134 2232 hac
1180 2176 1468 2247 negatione
1493 2174 1650 2230 Petri
1691 2176 1838 2231 velut
1873 2175 2084 2230 involu-

511 2285 621 2326 tum
646 2271 936 2340 aenigmate
968 2269 1330 2339 signiﬁcatur.
1363 2268 1677 2339 Usquedum
1727 2269 1870 2323 enim
1896 2267 2090 2323 Petrus

507 2377 636 2432 erga
692 2360 1010 2430 Magistrum
1065 2373 1250 2412 amore
1299 2341 1576 2425 fervebat,
1631 2359 1705 2412 ita
1768 2356 2089 2414 fortitudine

510 2455 748 2511 munitus
803 2462 959 2519 erat,
1007 2462 1069 2508 ut
1117 2467 1293 2519 neque
1332 2451 1600 2516 custodia,
1639 2465 1817 2520 neque
1865 2452 2087 2518 cohors,

510 2561 684 2618 neque
733 2545 1004 2608 tribunus,
1050 2559 1224 2612 neque
1269 2542 1456 2612 gladii,
1511 2556 1688 2613 neque
1720 2543 1887 2609 taedae,
1919 2558 2092 2612 neque

509 2639 696 2708 virgae,
723 2652 821 2691 nec
846 2651 1004 2691 enses
1034 2635 1183 2691 illum
1213 2633 1712 2704 perterrefecerint.
1742 2632 1935 2689 Postea
1963 2647 2092 2689 vero

511 2743 674 2799 quam
726 2729 792 2782 ad
821 2743 1006 2798 pyram
1041 2742 1069 2780 a
1101 2725 1333 2783 Caesaris
1386 2725 1652 2780 militibus
1687 2739 1971 2780 accensam
1999 2740 2092 2781 ac-

519 2819 711 2884 cessit,
753 2829 880 2873 tunc
902 2833 1036 2873 sane
1091 2829 1218 2872 tunc
1249 2816 1530 2872 imbecillis
1562 2816 1771 2872 ancilla:
1799 2817 2090 2873 ludibrium

510 2910 713 2966 factum
764 2921 870 2966 est.
905 2912 971 2966 Et
1006 2927 1102 2966 nos
1153 2911 1318 2981 igitur
1360 2911 1486 2965 dum
1518 2909 1721 2965 Christi
1775 2924 1984 2976 amore,
2036 2918 2094 2964 et

511 3003 653 3073 ignis
681 3003 869 3058 aeterni
928 3003 1276 3058 meditatione
1306 3000 1739 3072 ﬂagraverimus,
1803 3015 1904 3055 nec
1963 3000 2090 3068 tela,

2181 515 2438 587 ρυπαρᾶς
2465 514 2646 585 ἥττων
2683 511 2905 581 ἐγένετο
2959 510 3020 566 τὺ
3053 511 3153 582 τῆς
3199 511 3448 582 μοιχείας
3477 510 3610 581 ἄγος
3666 513 3766 567 καὶ

2178 609 2277 680 τὴν
2305 608 2399 662 τοῦ
2453 607 2616 677 φόνου
2669 605 2879 678 τόλμαν
2927 605 3398 676 διαπραξάμενος.
3435 605 3646 670 ’Ἄλλως
3675 623 3759 672 τε,

2179 702 2276 756 καὶ
2305 701 2496 772 ἐπειδὴ
2527 691 2684 764 οὗτος
2713 699 2908 770 ἔμελλε
2931 699 3043 752 τῶν
3077 699 3316 766 λογικῶν
3347 699 3641 770 προϐάτων
3664 699 3766 770 τὴν

2183 794 2530 866 προστασίαν
2575 791 2948 858 εἰσδέξασθαι,
2978 792 3183 847 καὶτοῦ
3212 793 3433 863 δεσμεῖν
3465 793 3580 846 καὶ
3611 792 3766 847 λύειν

2181 887 2283 956 τὴν
2312 886 2563 951 ἐξουσίαν
2589 885 2795 950 λαϐεῖν,
2837 885 2926 939 ἵνα
2957 885 3030 954 μὴ
3050 884 3223 955 βαρύς
3253 902 3338 948 τις
3461 885 3558 938 καὶ
3595 883 3769 954 ἀςύγ-

2181 995 2428 1046 γνωστος
2484 979 2600 1041 τοῖς
2650 977 3086 1048 ἁμαρτάνουσιν,
3122 976 3419 1047 ἀποτόμως
3465 978 3560 1030 καὶ
3587 980 3770 1048 ἀσυμ-

2183 1071 2373 1134 παθῶς
2396 1071 2620 1138 ἐπάγων
2670 1070 2740 1124 τὰ
2797 1068 3073 1140 ἐπιτίμια,
3123 1068 3440 1141 προμηθείᾳ
3492 1070 3767 1140 κρείττονι

2183 1165 2599 1236 παραχωρεῖται
2623 1147 2834 1228 πεσεῖν,
2899 1163 2976 1226 ὡς
2997 1162 3065 1217 ἂν
3081 1161 3348 1228 ἐξέαυτοῦ
3361 1162 3628 1234 παιδευθῇ
3654 1164 3767 1226 τοῖς

2186 1237 2477 1311 πταίουσιν
2519 1254 2660 1311 εἶναι
2715 1255 3099 1327 μακρόθυμος,
3133 1255 3484 1320 ἀνεξικάκως
3518 1256 3614 1309 καὶ
3652 1258 3767 1318 τοῖς

2184 1351 2369 1412 ἀλλοις
2396 1349 2737 1421 μεταδιδοὺς,
2777 1346 2846 1422 ἧς
2899 1349 3065 1412 αὐτὸς
3126 1349 3343 1417 είλήφει
3394 1347 3769 1418 χρηστότητός

2183 1460 2241 1496 τε
2287 1441 2384 1496 καὶ
2431 1441 2864 1513 συγχωρήσεως.
2893 1441 2955 1494 Ei
2993 1440 3106 1512 γὰρ
3139 1441 3216 1511 μὴ
3254 1435 3322 1511 ἡν
3357 1439 3644 1508 οίκονομία
3670 1440 3767 1493 τοῦ

2186 1534 2397 1603 Πέτρου
2425 1534 2458 1605 ἡ
2493 1534 2747 1604 ἄρνησις,
2811 1533 2912 1585 οὑκ
2943 1532 3010 1586 ἂν
3039 1533 3148 1602 πρὸ
3202 1529 3477 1585 τοσούτων
3503 1531 3710 1598 γενεῶν
3741 1531 3770 1582 ὁ

2185 1626 2477 1690 θεσπέσιος
2504 1625 2672 1679 Δαόὶδ
2706 1624 2867 1678 τοῦτο
2893 1624 3250 1694 προεμήνυσε
3300 1623 3476 1693 λέγων
3503 1625 3567 1677 ἐγ
3602 1641 3773 1692 προσ-

2184 1715 2335 1771 ώπου
2366 1715 2606 1788 Χριστοῦ
2640 1734 2654 1747 ’
2703 1734 2721 1767 ι
2759 1715 2870 1770 Καὶ
2892 1716 2940 1768 oi
2970 1713 3332 1777 ἐπαινοῦντές
3378 1732 3448 1784 με
3485 1715 3606 1768 κατ’
3630 1714 3770 1784 ἐμοῦ

2185 1805 2423 1878 ὤμνυον.
2463 1826 2480 1859 ι
2531 1807 2592 1860 ’0
2623 1806 2733 1876 γὰρ
2779 1807 2875 1860 νῦν
2929 1805 3228 1868 ἐπαινέσας
3273 1805 3463 1870 αύτδν,
3511 1805 3605 1858 καὶ
3641 1805 3774 1859 Υίδν

2185 1899 2326 1955 Θεοῦ
2357 1899 2452 1954 τοῦ
2481 1899 2684 1965 ζῶντος
2712 1895 3110 1969 ὡμολογηκὼς,
3148 1895 3334 1969 ὤμνυε
3361 1897 3485 1951 τότε
3515 1898 3594 1968 μὴ
3618 1897 3767 1952 εἰδέ-

2183 2009 2274 2047 ναι
2307 1993 2497 2047 αὐτόν.

2260 2084 2326 2138 Ei
2358 2082 2414 2136 δέ
2439 2082 2523 2137 δεῖ
2559 2095 2656 2136 και
2715 2080 3149 2152 μυστικωτέρων
3207 2081 3388 2149 λόγων
3430 2080 3774 2150 ἐφάψασθαι,

2189 2175 2425 2244 αἴνιγμα
2450 2169 2518 2245 ἦν
2556 2175 2619 2226 τὸ
2671 2172 2759 2227 διὰ
2793 2173 2893 2242 τῆς
2923 2174 3211 2244 ἀρνήσεως
3259 2173 3471 2243 Πέτρου
3505 2172 3778 2244 δηλούμε-

2186 2284 2299 2322 νον.
2333 2267 2513 2338 Μέχρι
2546 2265 2648 2337 μὲν
2678 2265 2788 2336 γὰρ
2823 2263 2900 2334 τῷ
2932 2265 3070 2335 πρὸς
3111 2267 3206 2318 τὸν
3237 2263 3576 2342 Διδάσκαλον
3609 2264 3778 2334 ἔρωτι

2191 2360 2221 2414 ὁ
2251 2359 2459 2431 Πέτρος
2484 2357 2920 2428 διεθερμαίνετο,
2964 2357 3192 2430 ἀνδρείᾳ
3251 2356 3554 2427 ἐστόμωτο,
3591 2357 3687 2409 καὶ
3710 2355 3776 2409 ού

2189 2454 2486 2508 καταπτύει
2511 2450 2704 2504 τοῦτον
2729 2449 3056 2518 κουστωδία,
3084 2451 3180 2504 καὶ
3200 2453 3425 2520 σπεῖρα,
3449 2449 3544 2503 καὶ
3564 2448 3782 2520 χιλίαρ-

2191 2567 2306 2620 χος,
2338 2551 2434 2602 καὶ
2463 2546 2618 2617 ξίφη,
2651 2547 2746 2600 καὶ
2770 2545 2949 2617 δᾷδες,
2969 2545 3063 2598 καὶ
3085 2546 3335 2617 κορύναι,
3382 2546 3477 2600 καὶ
3495 2547 3779 2616 φάσγανα.

2195 2641 2330 2696 Ὅτε
2354 2640 2411 2693 δὲ
2441 2640 2787 2710 π,;οσήγγισε
2841 2641 2909 2711 τῇ
2969 2640 3141 2710 πυρᾷ,
3168 2639 3236 2710 ήν
3262 2638 3480 2708 ἀνῆψαν
3522 2639 3572 2691 οί
3603 2654 3780 2710 στρα-

2200 2735 2398 2788 τιῶται
2447 2731 2543 2786 τοῦ
2600 2733 2902 2803 Καίσαρος,
2937 2734 3059 2786 τότε
3101 2733 3167 2803 δὴ
3198 2733 3321 2786 τότε
3349 2733 3563 2804 φαύλης
3594 2732 3782 2786 παιδί-

2202 2842 2343 2896 σκης
2369 2825 2592 2892 ἐγένετο
2623 2823 2900 2890 παίγνιον.
2933 2822 3081 2886 Ἕως
3113 2822 3180 2875 ἂν
3206 2817 3303 2875 οὖν
3351 2823 3445 2874 καὶ
3474 2821 3620 2890 ἡμᾶς
3653 2821 3783 2874 δια-

2211 2915 2485 2988 θερμαίνῃ
2515 2917 2543 2968 ὁ
2575 2915 2711 2983 πρὸς
2767 2913 2900 2968 Θεὸν
2927 2914 3087 2984 ἔρως,
3120 2915 3215 2968 καὶ
3238 2917 3271 2985 ἡ
3305 2915 3496 2985 μνήμη
3525 2913 3620 2967 τοῦ
3652 2915 3784 2967 αίω-

2198 3007 2318 3060 νίου
2386 3006 2581 3077 πυρὸς,
2611 3006 2671 3059 οὐ
2728 3003 3044 3076 πτοούμεθα
3074 3006 3142 3060 τά
3174 3006 3326 3075 ξίφη,
3358 3007 3457 3061 καὶ
3483 3007 3581 3070 τάς
3614 3006 3786 3077 δᾷδας

512 3111 613 3150 nec
663 3094 810 3150 faces
863 3096 1261 3160 teutationum,
1301 3112 1403 3151 nec
1452 3097 1756 3149 daemonum
1789 3094 2087 3158 cohortem,

2195 3099 2309 3152 τῶν
2354 3097 2705 3169 πειρασμῶν,
2742 3097 2862 3151 οὖδέ
2918 3099 3019 3168 τὴν
3048 3099 3157 3151 τῶν
3211 3098 3491 3168 δαιμόνων
3523 3100 3782 3168 σπεῖραν,

515 3201 618 3240 nec
653 3186 930 3240 tribunum
989 3187 1140 3240 illum
1191 3186 1489 3255 principem
1539 3187 1892 3241 tenebrarum
1928 3184 2094 3256 perti-

517 3292 823 3333 mescemus
855 3295 868 3331 :
903 3278 947 3332 si
990 3292 1116 3332 vero
1164 3277 1233 3332 ad
1275 3277 1612 3348 voluptatum
1663 3291 1865 3347 prunas
1891 3317 1906 3341 ,
1959 3292 2093 3348 quas

517 3368 722 3422 milites
748 3371 1023 3440 principes
1050 3371 1272 3440 hujusce
1301 3371 1482 3425 mundi
1514 3372 1870 3437 succendunt,
1903 3384 2095 3440 appro-

516 3461 980 3530 pinquaverimus,
1018 3478 1124 3518 non
1155 3464 1382 3517 multum
1414 3464 1635 3518 habebit
1664 3463 1865 3533 negotii
1908 3463 2095 3516 inimi-

516 3569 614 3608 cus
663 3563 870 3619 noster,
930 3564 987 3609 ut
1037 3570 1138 3610 nos
1186 3557 1422 3611 abducat
1465 3571 1496 3610 a
1538 3554 1669 3612 Deo.
1705 3555 1920 3622 Quaevis
1950 3555 2094 3610 enim

519 3661 683 3714 parva
747 3661 810 3701 ac
842 3647 1020 3702 tenuis
1047 3647 1244 3703 ancilla
1274 3649 1340 3702 ad
1372 3648 1618 3704 violanda
1647 3659 1803 3719 pacta
1834 3663 1956 3702 cum
1986 3648 2096 3702 Deo

517 3738 648 3792 inita
701 3754 800 3793 nos
847 3740 1088 3795 inducet.
1132 3738 1450 3808 Hujusmodi
1483 3741 1660 3812 ignem
1688 3743 1952 3797 adversus
1980 3757 2097 3794 ma-

518 3846 681 3898 gnum
707 3829 857 3884 illum
888 3829 1146 3886 Davidem
1177 3833 1449 3888 daemones
1475 3831 1899 3887 inﬂammarunt.
1928 3830 2098 3886 Simul

518 3922 663 3974 enim
701 3938 766 3976 ac
816 3921 1117 3978 Bethsabee
1147 3924 1604 3994 pulchritudinem
1635 3923 1864 3994 aspexit,
1898 3923 2099 3978 oblitus

517 4024 604 4068 est
633 4013 723 4068 Dei
750 4015 820 4071 ³⁸.
853 4015 1005 4080 Quod
1039 4016 1182 4070 enim
1222 4016 1562 4085 voluptatum
1595 4015 1952 4070 incitamenta
1989 4013 2099 4083 igni

521 4107 828 4162 consimilia
860 4109 989 4174 sint,
1027 4109 1284 4163 admonet
1315 4109 1568 4163 Salomon
1599 4123 1614 4161 :
1646 4123 1716 4162 ne
1753 4108 1910 4161 udis
1949 4105 2099 4175 pedi-

2207 3190 2426 3244 καὶτὸν
2460 3190 2675 3261 ζοφώδη
2732 3189 3015 3262 χιλίαρχον
3043 3206 3056 3220 ο
3093 3190 3141 3243 εί
3201 3189 3260 3244 δὲ
3309 3190 3788 3262 προσεγγίσαιμεν

2195 3284 2306 3338 τῶν
2337 3284 2543 3356 ἡδονῶν
2569 3286 2636 3354 τῇ
2670 3285 2938 3355 πυρκαῖᾷ,
2971 3283 3040 3354 ἢν
3067 3282 3410 3352 ὑφάπτουσιν
3431 3285 3480 3336 οἱ
3511 3284 3789 3354 στρατιῶ-

2197 3392 2288 3430 ται
2344 3374 2442 3427 τοῦ
2504 3374 2973 3444 κοσμοκράτορος,
3039 3374 3098 3426 οὐ
3135 3375 3305 3437 πολὺς
3336 3375 3492 3428 ἐσται
3525 3375 3787 3444 κάματος

2197 3468 2276 3538 τῷ
2313 3467 2505 3539 ἐχθρῷ
2559 3466 2872 3536 ἀποστῆσαι
2923 3468 3070 3538 ἡμᾶς
3124 3467 3220 3521 τοῦ
3275 3467 3432 3521 Θεοῦ.
3466 3469 3577 3522 Καὶ
3604 3470 3790 3540 μικρὰ

2198 3557 2309 3628 γάρ
2340 3575 2424 3620 τις
2453 3557 2546 3609 καὶ
2577 3556 2757 3626 φαύλη
2786 3557 3044 3627 παιδίσκη
3073 3558 3488 3626 παρασκευάσει
3517 3558 3614 3622 τὰς
3642 3559 3788 3630 πρὸς

2199 3649 2335 3703 Θεὸν
2364 3649 2641 3719 συνθήκας
2687 3649 3058 3719 ἀρνήσασθαι.
3101 3649 3359 3704 Τοιοῦτον
3393 3650 3506 3722 πῦρ
3559 3651 3791 3720 ἀνῆψαν

2199 3744 2247 3795 οί
2289 3740 2541 3810 δαίμονες
2571 3738 2713 3792 κατά
2741 3738 2834 3792 τοῦ
2873 3741 3113 3810 μεγάλου
3150 3740 3317 3793 Δαὸίδ
3343 3757 3359 3773 ο
3392 3741 3530 3810 ὁμοῦ
3569 3759 3629 3795 τε
3669 3743 3791 3814 γὰρ

2200 3827 2308 3884 είδε
2335 3830 2396 3883 τὸ
2431 3829 2627 3892 κάλλος
2677 3829 2989 3900 Βηρσαὸεέ,
3025 3831 3120 3884 καὶ⁵
3148 3830 3246 3885 τοῦ
3288 3831 3425 3889 Θεοῦ
3460 3832 3789 3888 ἐπελάθετο.

2203 3923 2325 3976 ’Ὁτι
2355 3923 2465 3990 γάρ
2499 3923 2568 3974 τά
2621 3920 2732 3974 τῶν
2793 3922 2998 3990 ἡδονῶν
3053 3923 3468 3994 ὑπεκκαύματα
3521 3923 3600 3994 τῷ
3650 3926 3792 3994 πυρὶ

2202 4015 2589 4084 ἀφωμοίωται,
2628 4016 2890 4084 παραινεῖ
2913 4014 3170 4085 Σολομῶν
3192 4031 3210 4046 ·
3245 4017 3320 4088 μὴ
3361 4016 3653 4086 ἐπιψαύειν
3689 4017 3794 4072 άν-

2203 4106 2408 4177 θρακος
2458 4103 2653 4174 γυμνῷ
2677 4105 2756 4174 τῷ
2785 4106 2906 4159 ποδί
2938 4122 2952 4137 ο
2992 4109 3134 4177 μήτε
3192 4108 3305 4178 πῦρ
3327 4108 3404 4178 τῷ
3443 4109 3629 4179 κόλπῳ
3659 4111 3794 4161 ἐνα-

410 4323 423 4335 .
519 4289 697 4359 ignem
735 4290 788 4342 in
825 4289 988 4352 sinu;
1026 4291 1189 4359 pedes
1243 4293 1385 4346 enim
1423 4300 1477 4346 et
1523 4292 1699 4346 sinum
1735 4291 1946 4345 adustio
1971 4306 2106 4345 con-

518 4199 622 4252 bus
653 4198 769 4266 (80)
800 4200 1091 4254 carbonem
1138 4201 1507 4269 attingamus,
1559 4214 1734 4266 neque
1778 4212 2087 4267 reponamus

2204 4196 2558 4251 ποτίθεσθαιο
2595 4197 3028 4267 ἐπακολουθήσει
3084 4198 3260 4271 γὰρὴ
3312 4199 3542 4264 καῦσις,
3586 4201 3794 4272 καὶτῷ

2204 4290 2394 4360 κόλπῳ
2427 4291 2519 4343 καὶ
2549 4289 2627 4360 τῷ
2659 4289 2804 4343 ποδί.
2831 4289 3021 4344 Βούλει
3053 4289 3430 4361 θερμανθῆναι
3453 4292 3582 4365 θείῳ
3609 4297 3742 4365 πυρί
3770 4313 3791 4361 ;

517 4382 859 4450 sequetur".
911 4380 1007 4436 Vis
1067 4383 1176 4450 igni
1240 4383 1422 4438 divino
1465 4383 1856 4439 effervescere?
1890 4385 2087 4449 mortisl

2212 4380 2428 4451 Μελέτη
2462 4397 2544 4433 σοι
2571 4379 2659 4432 διὰ
2691 4379 2808 4448 βίου
2837 4378 2978 4433 ἔστω
3003 4380 3031 4432 ὁ
3056 4379 3309 4447 θάνατος,
3343 4381 3517 4435 καὶτὸ
3551 4381 3794 4453 φοσερὸν

517 4481 572 4524 et
603 4473 869 4526 tremendi
897 4472 1085 4542 iudicii
1132 4473 1414 4529 meditatio
1445 4474 1516 4529 sit
1546 4474 1658 4530 vita
1695 4485 1822 4539 tua;
1854 4484 2015 4546 atque
2043 4478 2087 4530 in

2206 4471 2551 4542 λογοθέσιον,
2583 4472 2680 4524 καὶ
2706 4473 2765 4523 ἐν
2825 4474 2892 4542 τῇ
2927 4470 3158 4544 τοιαύτῃ
3212 4472 3412 4544 μελέτῃ
3461 4491 3556 4526 σου
3582 4451 3790 4527 ἐκκαυο

523 4562 830 4634 hujusmodi
896 4567 1249 4620 meditatione
1311 4568 1630 4622 exardescet
1683 4567 1906 4636 ignis”.
1955 4569 2087 4634 Quid

2211 4566 2440 4636 θήσεται
2469 4563 2603 4635 πῦρ.
2631 4563 2696 4616 Τί
2724 4559 2821 4618 οῦν
2881 4564 2960 4635 τῷ
2985 4564 3081 4618 τοῦ
3136 4567 3436 4636 κορυφαίου
3497 4567 3795 4636 αἰνίγματι

519 4655 683 4724 igitur
717 4657 784 4709 ab
817 4655 921 4710 hoc
955 4657 1223 4726 coryphaei
1255 4655 1399 4711 facto
1435 4657 1578 4710 velut
1609 4657 1897 4727 aenigmate
1930 4657 2087 4714 disci-

2210 4655 2619 4724 παιδευόμεθα;
2659 4654 2743 4708 Τὸ
2775 4653 2886 4727 πῦρ
2941 4656 3214 4712 ἐκκλίνειν
3266 4659 3378 4722 τῶν
3435 4659 3662 4732 ἡδονῶν,
3689 4661 3796 4713 καὶ

521 4761 643 4798 tnus
670 4747 688 4800 .'
712 4747 954 4801 devitarc
978 4748 1312 4817 voluptatum
1341 4749 1542 4814 ignem,
1561 4757 1733 4803 etnos
1761 4748 1906 4820 ipsos
1931 4763 1960 4803 a
1983 4765 2087 4803 ma-

2215 4749 2414 4821 πόρρω
2437 4748 2721 4818 διατηρεῖν
2761 4749 2993 4816 ἑαυτοὺς
3026 4751 3121 4806 τοῦ
3153 4751 3329 4807 κακοῦ
3361 4753 3789 4824 γειτονήματος.

595 4889 641 4923 ³⁵
671 4891 812 4946 Psal.
839 4907 914 4959 Cl,
945 4895 999 4949 9.
1080 4895 1126 4926 ³⁸
1158 4893 1201 4948 ιι
1229 4893 1362 4966 Reg.
1393 4910 1466 4962 ιι,
1503 4897 1558 4951 3.
1635 4897 1858 4954 "Prov.
1886 4913 1963 4965 v1,
1989 4897 2086 4966 27,

2191 4930 2212 4950 ι.
2291 4898 2335 4931 ³⁸
2362 4896 2508 4954 Psal.
2544 4912 2775 4966 xxxvm,
2806 4898 2862 4954 4.

1757 5009 2081 5073 Francisci
2119 5010 2332 5073 Scorsi
2363 5019 2550 5073 nota».

594 5135 706 5207 ('78)
766 5135 955 5191 Pinnas
1006 5139 1287 5208 inﬂigeret.
1337 5136 1624 5205 Ἐπιτίμια
1677 5136 1854 5191 habet
1884 5135 2106 5208 Graecus

524 5204 765 5275 apposite
809 5224 823 5260 :
875 5219 1003 5260 sunt
1047 5204 1189 5261 enim
1237 5209 1453 5278 proprie
1497 5204 1865 5262 ecclesiastica
1915 5207 2102 5274 multa,
2207 5204 2314 5263 non
2346 5204 2509 5261 verba
2540 5205 2796 5278 desumit,
2825 5219 2949 5278 qua;
2978 5204 3086 5257 alio
3114 5206 3303 5278 ordine
3336 5208 3786 5278 suntcollocata;

521 5272 751 5348 quorum
776 5279 1042 5348 irationem
1071 5290 1124 5332 et
1149 5272 1378 5332 ferinam
1409 5282 1551 5346 leges
1583 5278 1771 5348 synod.
1796 5292 1871 5332 vn
1903 5292 2078 5332 (ecum

2206 5282 2286 5334 sic
2317 5278 2458 5332 enim
2489 5277 2690 5329 habent
2715 5293 2728 5328 :
2753 5272 3048 5348 jAnoejast
3073 5290 3160 5336 τις
3188 5273 3302 5348 πῦρ
3331 5275 3390 5327 ἐν
3419 5275 3624 5344 κόλπῳ,
3645 5277 3711 5348 τὰ
3725 5272 3792 5332 δὲ

524 5342 630 5419 act.
656 5347 711 5410 2,
739 5347 827 5401 ubi
859 5349 977 5419 ejus
1002 5351 1248 5419 vocabuli
1279 5364 1425 5403 usus.
1453 5342 1913 5415 Quod'adnotavit
1938 5349 2087 5419 etiam

2210 5349 2404 5419 ἱμάτια
2431 5348 2493 5419 ού
2517 5342 2938 5419 κατακαύσειηῇ
2966 5342 3332 5419 περιπατήσει
3363 5362 3447 5419 τις
3473 5342 3795 5419 ἐπ’ήάνθρα-

523 5415 792 5471 Baronius
832 5412 922 5490 an.
955 5417 1081 5483 869,
1117 5415 1356 5473 referens
1397 5412 1587 5490 synodi
1620 5420 1806 5490 ipsius
1850 5428 1958 5472 act.
1989 5416 2087 5470 Non

2216 5412 2699 5490 κῶνμπυρδςητοὺς
2733 5412 3000 5490 δὲ-πόδας
3042 5415 3114 5490 ούΔ
3141 5412 3516 5490 κατακαύσεη
3551 5412 3721 5490 οὕτως
3761 5420 3797 5472 ὁ

523 5501 660 5558 nego
718 5489 858 5558 apud
905 5498 1116 5542 veteres
1173 5483 1461 5557 scriptores
1518 5500 1572 5543 et
1612 5483 1721 5556 jam
1785 5504 1882 5558 pro
1936 5489 2087 5542 mult:

2215 5483 2475 5541 εἰσελθὼν
2529 5487 2636 5558 εἰς.
2662 5485 2903 5558 γυναῖκα,
2945 5483 3216 5558 ὕπανδρον
3241 5501 3256 5516 ο
3300 5487 3572 5558 numquid
3619 5500 3797 5557 potest

519 5555 808 5623 iudiciaria
838 5560 1114 5627 usurpari.
1139 5558 1257 5624 Dio,
1283 5555 1375 5613 lib.
1401 5574 1510 5624 Liv,
1534 5570 1588 5613 et
1613 5555 1708 5614 lib.
1733 5555 1920 5625 xixvu,
1949 5558 2106 5613 initio
2214 5562 2368 5611 homo
2409 5555 2724 5610 abscondere
2766 5557 2938 5627 ignem
2980 5557 3033 5607 in
3077 5571 3198 5627 sinu
3238 5573 3355 5620 suo,
3393 5555 3795 5613 ut'vestimcnta

2279 5137 2393 5209 (80)
2446 5132 2630 5209 Nudis
2679 5133 2919 5209 pedibus.
2964 5131 3044 5209 Es
3090 5132 3253 5209 Prov.
3289 5149 3409 5203 cap.
3448 5150 3533 5200 vt,
3567 5151 3790 5209 sensum

524 5640 590 5678 eo
621 5643 800 5697 usus,
973 5626 986 5627 ί
2215 5627 2363 5682 illius
2404 5644 2505 5679 non
2551 5626 2812 5697 ardeant?
2852 5636 2943 5676 aut
2983 5626 3252 5680 ambulare
3288 5643 3444 5694 super
3475 5644 3694 5697 prunas,
3725 5637 3794 5681 ut

600 5698 735 5771 (79_)_
749 5696 967 5755 Meliore
997 5699 1350 5771 providentia.
1379 5699 1514 5756 Vide
1545 5715 1706 5770 supra
1738 5703 1805 5757 ad
1837 5699 1983 5757 hom.
2013 5699 2103 5767 '57,
2214 5699 2736 5771 non_contburanl_ur_
2761 5695 2955 5771 planae
2974 5697 3112 5764 ejus,
3151 5698 3226 5750 sic
3265 5699 3353 5766 qui
3393 5695 3685 5769 ingreditur
3715 5699 3797 5752 ad

527 5775 640 5820 not.
670 5765 758 5824 67.
997 5765 1007 5771 ’
1613 5765 1626 5770 “
2088 5765 2095 5767 ⁷
2213 5768 2480 5824 mulierem
2509 5767 2736 5836 proximi
2766 5765 2867 5820 sui.
