4074 6398
371 403 475 469 969

1754 377 2083 462 unauna
2129 403 2270 463 LVI.

3526 405 3630 465 θ’ῖο

375 519 436 569 Εἰ
463 517 518 570 δέ
559 533 660 568 τινι
695 515 872 585 συμϐῇ
902 514 1057 566 τοῦῖο
1092 514 1344 581 γενέσθαι
1391 517 1537 576 τοτὲ,
1580 515 1670 564 καὶ
1716 515 1808 566 τοῦ
1841 531 1944 566 πυ-

2060 513 2228 568 lorum
2272 515 2461 567 viunia
2509 513 2691 581 procul
2727 515 3034 584 abiungere.
3075 513 3224 580 Quod
3281 515 3323 568 si
3374 515 3458 569 cui
3495 517 3634 570 forte

377 611 471 677 ρὸς
507 611 828 679 μετασχεῖν,
866 609 896 677 ἢ
929 608 1023 659 τοῦ
1074 609 1284 661 καπνοῦ
1324 611 1421 676 τῆς
1469 608 1950 677 συγκαταθέσεως,

378 702 654 769 ὀτραλέως
717 702 1094 770 ἀποπηδῆσαι,
1149 702 1244 754 καὶ
1299 701 1496 753 θᾶττον
1532 700 1637 765 ἔξω
1696 700 1953 768 γενέσθαι

375 794 468 846 τοῦ
493 794 814 863 πτώματος,
858 795 936 864 τῷ
977 795 1072 845 τοῦ
1122 793 1362 863 μεγάλου
1419 795 1628 862 Πέτρου
1678 793 1954 862 ἑπόμενον

375 888 809 957 παραδείγματι,
837 888 895 949 ὃς
939 890 1079 956 μετὰ
1112 887 1210 957 τὴν
1267 888 1497 957 ἄρνησιν
1548 885 1815 953 ἐξελθὼν,
1847 883 1954 949 ἔξω

373 978 468 1030 τοῦ
501 979 795 1046 πτώματος
821 977 1020 1046 δηλαδὴ
1042 978 1272 1029 ἕκλαυσε
1294 977 1532 1048 πικρῶς,
1567 977 1660 1029 καὶ
1682 976 1828 1028 οὕτω
1853 975 1952 1045 τὴν

373 1066 546 1141 ἧτταν
577 1070 964 1135 ἀνεκαλέσατο.
1003 1069 1272 1121 Τοσοῦτον
1332 1069 1507 1138 ἰσχύει
1541 1069 1601 1120 τὸ
1644 1069 1742 1136 τῆς
1781 1085 1951 1136 μετα-

374 1162 523 1225 νοίας
553 1161 834 1214 θεόσδοτον
866 1161 1181 1231 φάρμακον.
1218 1160 1382 1214 Ταῦτ’
1411 1157 1504 1214 οὖν
1554 1161 1778 1227 εἰδότες,
1817 1163 1951 1227 ἀγα-

373 1255 559 1323 πητοὶ,
590 1254 692 1324 τὴν
723 1255 1017 1322 μετάνοιαν
1048 1253 1452 1322 ἁσπασώμεθα,
1487 1253 1832 1325 ἐλεημοσύνη
1858 1255 1953 1306 καὶ

373 1347 607 1416 δάκρυσι
632 1346 702 1398 τὰ
726 1344 1047 1415 ἐσφαλμένα
1099 1346 1232 1414 ἡμῖν
1278 1345 1734 1416 ἐκκαθαίροντεςο
1801 1345 1952 1398 ἀδικ-

374 1436 610 1498 λείπτιυς
667 1435 955 1505 εὐχόμενοι
1017 1437 1075 1488 ὲν
1129 1434 1354 1498 πολλαῖς
1399 1437 1536 1490 ἐτῶν
1590 1437 1860 1506 περιόδοις
1891 1437 1953 1489 τὸ

373 1529 572 1599 κράτος
589 1528 1047 1597 διαφυλάττεσθαι
1069 1529 1162 1581 τοῦ
1187 1529 1446 1592 εὐσεϐοῦς
1465 1530 1730 1600 βασιλέως
1753 1532 1908 1601 ἡμῶν
1935 1547 1950 1562 ·

372 1621 427 1684 ὃς
456 1621 714 1692 εὐσεϐείᾳ
747 1623 874 1684 τοὺς
896 1623 1068 1691 ἀρχῆς
1105 1621 1306 1675 ἰθύνων
1340 1623 1470 1686 τοὺς
1501 1623 1720 1687 οἴακας,
1744 1624 1838 1677 καὶ
1865 1622 1954 1675 λό-

372 1730 492 1779 γοις
549 1711 773 1782 κοσμῶν
854 1712 914 1765 τὸ
973 1713 1233 1783 διάδημα,
1295 1717 1389 1766 καὶ
1459 1714 1793 1785 χρηστότητι
1828 1714 1954 1785 τρό-

374 1821 493 1856 πων
526 1805 922 1872 κοσμούμενος,
953 1801 1013 1867 ἐξ
1040 1804 1242 1874 ἀρετῆς
1278 1805 1501 1874 γνήσιον
1526 1804 1639 1874 ἔχει
1667 1803 1758 1858 τὸν
1793 1804 1954 1858 ἔπαι-

373 1908 480 1944 νον.
519 1891 710 1960 Τούτῳ
735 1893 804 1944 τὰ
863 1892 1124 1960 σκῆπτρα
1153 1892 1478 1964 διατηρήσοι
1521 1895 1580 1947 ἐν
1637 1897 1829 1966 εἰρήνῃ
1859 1897 1954 1949 καὶ

371 1981 724 2052 γαληνότητι,
762 1983 788 2034 ό
811 1981 936 2046 δοὺς
966 1982 1116 2052 αὐτῴ
1149 1983 1210 2036 τὸ
1249 1983 1454 2053 κράτος
1488 1985 1748 2055 Χριστὸς.
1781 1988 1808 2038 ὁ
1857 1987 1954 2039 σὺν

375 2074 574 2144 Πατρὶ,
613 2075 706 2127 καὶ
733 2073 1014 2145 Πνεύματι
1053 2074 1437 2146 δοξαζόμενος,
1471 2077 1567 2132 καὶ
1612 2076 1954 2146 ὑμνούμενος

372 2167 488 2230 νῦν,
546 2168 643 2222 καὶ
692 2169 806 2232 ἀεὶ,
876 2170 974 2223 καὶ
1027 2171 1109 2234 εἰς
1163 2169 1293 2234 τοὺς
1349 2169 1560 2233 αἰῶνας
1581 2171 1690 2224 τῶν
1716 2169 1948 2224 αἰώνων.

383 2262 436 2311 Ἀ
451 2262 581 2331 μήν.

938 2374 1186 2427 ΟΜΙΛΙΑ
1211 2372 1353 2442 NCT.

381 2467 635 2536 Ἐ.ίέχοη
664 2466 730 2519 ἑν
750 2465 819 2534 τῇ
841 2467 1019 2535 ἑορτῇ
1047 2467 1152 2520 τοῦ
1179 2469 1351 2536 ἁγίου
1374 2470 1732 2536 Προκοπίου.
1769 2471 1953 2535 -Εἰς

631 2545 699 2590 το
725 2554 737 2565 ·
777 2558 793 2589 ι
831 2537 1025 2591 Ταῦτα
1061 2538 1421 2606 ἐντέλλομαι
1459 2539 1620 2607 ὑμῖν.
1657 2555 1676 2589 ι

447 2631 558 2683 Καὶ
581 2629 885 2701 κιθαρῳδὸς
916 2628 1059 2699 ἀνὴρ
1093 2630 1354 2693 πολλάκις
1383 2632 1483 2694 τὰς
1515 2632 1716 2699 ἀγυιὰς
1741 2633 1956 2704 διερχό-

374 2741 556 2793 μενος,
595 2725 690 2776 καὶ
735 2722 1007 2795 ὀμηγύρει
1065 2723 1314 2787 νεολαίας
1363 2725 1601 2796 ἐντυχὼν
1639 2726 1779 2780 κατὰ
1813 2730 1953 2797 πάρ-

368 2817 512 2881 οδον,
540 2818 638 2879 τὰς
687 2817 885 2888 χορδὰς
914 2818 1077 2880 εὐθὺς
1129 2818 1414 2885 ἐπιτείνει,
1452 2821 1547 2872 καὶ
1578 2820 1638 2872 τὸ
1677 2820 1954 2891 πλῆκτρον

369 2910 610 2972 ἐπιθεὶς,
644 2909 802 2978 μέλος
832 2908 1202 2963 ἀναϐάλλεται
1235 2910 1512 2964 σύντονον.
1557 2910 1713 2963 Ἐπεὶ
1741 2910 1836 2964 οὖν
1860 2911 1956 2964 καὶ

369 3003 534 3072 ἡμεῖς
571 3001 651 3064 εἰς
685 3000 782 3070 τὴν
859 3002 1013 3071 ἱερὰν
1085 3003 1289 3073 ταύτην
1338 3003 1649 3074 πανήγυριν
1705 3004 1770 3056 ὲκ
1819 3021 1959 3074 παρ-

370 3098 495 3150 όδου
551 3097 914 3169 συνήλθομεν,
978 3101 1042 3168 τῇ
1079 3101 1179 3170 τῆς
1235 3099 1432 3171 ἑορτῆς
1478 3099 1834 3172 λαμπρότητι
1858 3103 1956 3175 τὴν

2059 605 2335 673 contingat
2378 605 2481 660 hoc
2530 606 2839 674 aliquando,
2872 615 2930 660 ut
2961 607 3117 677 hujus
3173 607 3313 677 ignis
3364 609 3634 677 particeps

2061 698 2174 763 ﬁat,
2208 710 2263 752 et
2301 713 2598 754 consensus
2632 700 2776 754 fumo
2808 701 3147 767 involvatnr,
3202 701 3329 755 inde
3369 717 3531 770 quam
3560 703 3638 755 ci-

2061 788 2269 843 tissime
2319 790 2564 852 exsilire,
2621 800 2675 842 et
2728 792 2866 844 l‘ctri
2925 791 3174 859 exenaplo
3205 792 3274 846 ab
3326 792 3414 846 illa
3449 792 3633 846 statim

2062 880 2212 933 ruina
2259 884 2532 947 revocari,
2571 884 2661 952 qui
2703 895 2986 951 postquam
3040 885 3308 950 peccavit,
3342 883 3530 949 exivit,
3565 885 3635 938 ab

2059 971 2148 1025 illo
2198 973 2405 1029 scilicet
2455 975 2604 1042 lapsu
2641 979 2882 1039 recessit,
2926 986 3002 1038 et,
3043 997 3061 1028 ‹
3105 977 3248 1030 ﬂevit
3276 991 3459 1032 amare
3507 977 3572 1042 “,
3613 995 3632 1028 ι

2060 1066 2425 1134 danmumque
2459 1069 2531 1121 ita
2565 1070 2957 1136 eompensavit.
3008 1067 3237 1122 Tantum
3277 1069 3415 1122 valet
3455 1069 3636 1137 pceni-

2059 1158 2242 1210 tentia:
2269 1158 2568 1212 remedium
2617 1160 2710 1214 Dri
2760 1160 3022 1215 bcnctieio
3054 1160 3262 1217 datum.
3298 1161 3423 1217 llaec
3473 1162 3639 1231 igitur

2058 1250 2316 1317 scientes,
2350 1249 2517 1320 378
2545 1251 2909 1316 dilectissimi,
2938 1255 3310 1322 paenitentiam
3342 1253 3638 1323 amplecta-

2061 1356 2202 1406 mur,
2257 1341 2642 1412 eleetnosyma,
2683 1353 2731 1398 et
2783 1343 3040 1414 lacrymis
3073 1353 3295 1414 peccata
3325 1354 3512 1400 nostra
3541 1360 3640 1401 ex-

2057 1432 2285 1501 piemus;
2307 1449 2404 1488 nec
2423 1449 2661 1503 unquam
2679 1437 3004 1491 desistamus
3023 1436 3148 1490 illud
3162 1451 3193 1490 a
3210 1436 3320 1491 Deo
3339 1437 3642 1507 precari,ut

2057 1539 2158 1594 per
2181 1525 2378 1581 multos
2400 1541 2668 1581 annorum
2701 1528 2970 1583 circuitus
3008 1527 3098 1598 pio
3122 1527 3434 1597 imperatori
3457 1539 3642 1583 nostro

2058 1627 2343 1671 conservet
2368 1618 2684 1686 petentiam,
2722 1620 2812 1688 qui
2849 1620 2976 1673 dum
3010 1634 3105 1688 per
3134 1620 3387 1689 pietatem
3433 1619 3642 1673 clavum

2057 1709 2269 1778 imperii
2290 1709 2494 1780 dirigit,
2533 1721 2588 1764 et
2622 1727 2747 1766 cum
2770 1727 2977 1768 morum
2997 1712 3262 1783 probitate
3280 1722 3506 1768 ornatus
3530 1714 3645 1783 ipse

2057 1801 2148 1864 sit,
2175 1812 2286 1854 tum
2307 1802 2471 1856 etiam
2493 1801 2743 1857 diadema
2766 1802 3028 1857 doctrinis
3055 1801 3166 1874 (8!)
3189 1813 3438 1871 exornet,
3459 1819 3643 1858 veram

2059 1893 2458 1964 ingenuumque
2489 1893 2700 1947 laudem
2755 1894 2967 1950 obtinet
3010 1910 3040 1948 a
3069 1895 3271 1949 virtute
3312 1875 3640 1965 profectam.

2055 1983 2214 2050 Huic,
2266 1985 2507 2054 inquam,
2537 1986 2591 2040 in
2623 2001 2778 2056 pace,
2831 1997 2886 2042 et
2917 1987 3310 2055 tranquillitate
3356 1997 3636 2056 sceptrum

2056 2087 2337 2132 conservet
2370 2079 2459 2131 ille
2490 2078 2580 2147 qui
2613 2079 2759 2133 dedit
2784 2080 3069 2150 imperium
3091 2080 3367 2145 Christus,
3395 2081 3639 2152 quicum

2055 2167 2237 2236 Patre,
2293 2176 2344 2222 et
2377 2167 2580 2238 Spiritu
2610 2169 2970 2239 glorificatur,
3001 2181 3056 2226 et
3078 2171 3387 2227 celebratur
3419 2186 3561 2246 nunc
3587 2184 3644 2228 ct

2057 2275 2293 2329 semper,
2330 2271 2383 2315 et
2415 2262 2466 2314 in
2489 2263 2688 2317 saecula
2718 2263 3065 2321 saeculorum.
3091 2265 3285 2321 Amen.
3543 2249 3548 2254 ’

2586 2422 2626 2448 σε
2644 2391 2927 2447 ΠΟΜΠᾸΑ
2961 2393 3096 2448 LVI.

2058 2482 2208 2538 Dicta
2238 2495 2310 2538 cst
2341 2487 2391 2537 in
2422 2485 2655 2555 festo_S.
2694 2484 3093 2555 l’rocOpiif(89).
3125 2518 3195 2527 —
3223 2487 3288 2540 In
3320 2487 3412 2542 illa
3436 2490 3587 2542 verba
3623 2508 3641 2545 :

2511 2572 2528 2605 ι
2565 2553 2695 2608 11αέ
2732 2558 2926 2608 mando
2962 2553 3126 2610 vobis.
3167 2575 3185 2607 ι

2130 2649 2511 2718 Smpenumero
2534 2649 2881 2717 cytharmdus
2897 2649 3057 2701 etiam
3079 2649 3344 2719 quispia'n
3369 2667 3466 2721 per
3493 2667 3643 2707 com-

2059 2743 2168 2813 pita
2195 2740 2574 2806 obambulans,
2609 2750 2662 2796 ct
2687 2741 3024 2811 frequentem
3053 2741 3314 2810 juveuutn
3349 2745 3524 2799 obiter
3553 2760 3642 2800 co-

2060 2848 2247 2887 ronam
2267 2831 2545 2888 offendens
2566 2833 2768 2888 chorda
2785 2848 2843 2888 se
2863 2834 3090 2903 vestigio
3109 2835 3357 2901 intendit,
3377 2847 3430 2890 et
3451 2837 3640 2890 admu-

2063 2934 2116 2980 to
2137 2924 2364 2995 plectro,
2389 2935 2754 2995 contentaque
2775 2940 2905 2980 voce
2933 2926 3130 2996 occipit
3157 2927 3481 2981 cantionem.
3505 2928 3640 2982 Cum

2063 3017 2228 3084 igitur
2284 3026 2338 3071 et
2387 3032 2489 3071 nos
2542 3020 2607 3071 ad
2666 3031 2878 3071 sacram
2931 3018 3071 3072 hanc
3128 3018 3493 3074 ce‘ebritatem
3547 3036 3645 3090 per

2065 3109 2348 3164 transitum
2381 3109 2821 3173 converterimus,
2874 3110 2938 3163 ad
2973 3110 3078 3165 diei
3132 3111 3254 3165 festi
3296 3110 3641 3181 splendorem

367 3190 473 3258 τῆς
501 3188 852 3252 διδασκαλίας
882 3191 1205 3262 προσθήκην
1229 3192 1542 3262 εἰσάξομεν.
1583 3195 1818 3262 Ἀλογον
1847 3196 1952 3265 γὰρ

2061 3202 2331 3256 sermonis
2363 3203 2525 3273 hujus
2557 3202 2899 3257 corollarium
2953 3203 3291 3270 adjicietnus.
3329 3205 3640 3260 Absurdum

371 3282 498 3344 τοὺς
542 3281 640 3353 μὲν
673 3282 803 3353 περὶ¹
837 3282 938 3347 τὰς
973 3284 1297 3354 σωματικὰς
1339 3285 1643 3356 ἐμπορείας
1677 3287 1956 3358 ἐπτοημέ-

371 3390 525 3440 νους,
567 3374 704 3445 πρὸς
744 3373 964 3437 ὲκείνας
1009 3375 1446 3446 ὲνασχολεῖσθαι,
1499 3377 1574 3441 ὡς
1603 3376 1670 3430 ἂν
1702 3377 1776 3449 μὴ
1815 3397 1955 3451 παρ-

369 3469 579 3521 έλθοιεν
599 3469 700 3539 τὴν
734 3468 1046 3539 πανήγυριν
1064 3470 1544 3540 ὰπραγμάτευτοι,
1577 3473 1726 3542 ἡμᾶς
1747 3472 1802 3524 δὲ
1828 3476 1954 3536 τοὺς

369 3560 838 3631 ὲμπιστευθέντας
895 3559 998 3630 τῆς
1066 3560 1418 3625 διδασκαλίας
1466 3563 1528 3616 τὸ
1561 3565 1845 3630 τάλαντον,
1880 3564 1956 3635 μὴ

370 3653 704 3708 καταλαῦεῖν
731 3654 862 3706 αὐτὸ
893 3656 1007 3716 τοῖς
1039 3655 1225 3717 καλοῖς
1275 3655 1430 3724 ὑμῶν
1470 3655 1850 3727 τραπεζίταις,
1879 3657 1955 3720 ὡς

367 3748 437 3800 ἂν
459 3746 551 3800 διὰ
581 3746 683 3816 τῆς
712 3747 820 3798 τῶν
876 3745 1110 3798 ἐντολῶν
1153 3747 1442 3816 ἐργασίας,
1472 3747 1954 3818 πολυπλασιάσητε

370 3844 431 3896 ea
463 3842 616 3896 κάτω
647 3841 1124 3911 καταϐαλλόμενον
1150 3880 1165 3906 ,
1200 3844 1296 3894 καὶ
1343 3843 1516 3894 ταῦτα
1570 3841 1956 3913 πολυπληθοῦς

369 3935 539 4004 οὔσης
595 3935 697 4002 τῆς
756 3934 1190 4005 συνεκχεύσεως,
1223 3935 1318 3988 καὶ
1364 3935 1586 3988 πάντων
1643 3937 1955 4006 κεχηνότων

373 4031 514 4100 πρὸς
543 4029 644 4099 τὴν
673 4030 964 4099 ἀκρόασιν.
992 4029 1185 4082 Αὐτῶν
1216 4029 1312 4082 οῦν
1343 4029 1454 4083 τῶν
1491 4029 1956 4100 ἀναγνωθησομέ-

370 4140 483 4175 νων
505 4120 808 4175 θεολεκτῶν
832 4122 1099 4193 ῥημάτων
1124 4120 1479 4192 ἀκούσωμεν.

452 4234 472 4266 ι
511 4212 676 4268 Εἶπεν
702 4217 729 4266 ὁ
762 4213 969 4286 Κύριος
1022 4217 1137 4276 τοῖς
1177 4213 1375 4268 ἑαυτοῦ
1415 4215 1690 4285 μαθηταῖς
1716 4231 1729 4244 ο
1769 4215 1954 4268 Ταῦτα

372 4308 698 4377 ἐντέλλομαι
735 4309 884 4376 ὑμῖν,
923 4308 1012 4360 ἵνα
1036 4308 1291 4375 ἀγαπᾶτε
1314 4305 1605 4376 ἀλλήλους.
1642 4327 1658 4357 ι
1677 4309 1785 4378 Τὴν
1816 4307 1955 4377 ὑπὲρ

368 4399 484 4454 τῶν
545 4399 856 4471 ἀνθρώπων
901 4399 1223 4466 οἰκονομίαν
1278 4399 1561 4468 πληρῶνὸ
1622 4401 1832 4468 Σωτὴρ,
1864 4401 1956 4451 καὶ

366 4495 475 4566 ἤδη
513 4495 652 4564 πρὸς
701 4495 762 4546 τὸ
791 4493 1095 4562 κεφάλαιον
1146 4494 1321 4562 αὐτῆς
1378 4493 1614 4562 ἰέμενος,
1665 4494 1804 4562 ὅπερ
1827 4491 1896 4562 ἦν
1925 4495 1953 4545 ὁ

447 4633 491 4665 ³⁹
516 4633 706 4688 Matth.
746 4651 914 4698 xxvu,
953 4633 1038 4690 57.
1120 4632 1164 4664 ⁸ο
1191 4634 1346 4686 Junii.
1388 4650 1475 4696 xv,
1520 4634 1584 4685 l9.
1617 4647 1767 4699 seqq.

2060 3290 2204 3344 enim
2239 3303 2324 3346 est
2366 3306 2459 3346 eos
2508 3293 2600 3362 qui
2654 3291 2914 3346 liturarum
2954 3307 3113 3362 opum
3161 3305 3478 3350 mercaturae
3525 3304 3645 3349 stu-

2060 3387 2207 3447 dent,
2241 3383 2313 3438 ita
2345 3384 2411 3439 iis
2445 3393 2684 3439 attentos
2714 3400 2854 3450 esse,
2880 3394 2938 3439 ut
2975 3385 3316 3454 frequentem
3341 3397 3642 3441 mercatum

2058 3477 2264 3531 nullum
2319 3484 2667 3544 praetereant,
2723 3476 2775 3528 in
2825 3491 2932 3544 quo
2967 3491 3072 3530 non
3113 3477 3482 3550 negotientur.
3533 3475 3646 3531 Nos

2058 3568 2187 3622 vero
2222 3567 2417 3635 quibus
2467 3567 2727 3621 doctrina:
2761 3567 3036 3622 tradendae
3079 3569 3342 3623 talentum
3387 3570 3647 3624 commis-

2059 3675 2176 3713 sum
2208 3670 2314 3724 est,
2349 3673 2456 3711 non
2487 3657 2643 3724 .illud
2678 3659 2818 3727 apud
2857 3675 2953 3713 vos
2984 3661 3222 3730 Optimos
3259 3662 3550 3729 trapezitas
3587 3663 3640 3716 in

2059 3753 2210 3805 luero
2245 3766 2467 3818 ponere,
2523 3760 2577 3804 ut
2616 3765 2711 3814 per
2758 3751 3081 3807 exercitium
3117 3762 3512 3822 praeceptorum
3548 3756 3645 3808 de-

2059 3845 2291 3910 positum
2352 3842 2792 3912 multiplicetur:
2845 3859 2971 3900 cum
3025 3843 3323 3914 przesertim
3384 3845 3640 3909 frequen-

2061 3941 2306 3994 tissimus
2373 3921 2670 3994 conventus
2705 3925 2816 3995 Illic
2867 3941 2974 4005 sit,
3029 3949 3083 3996 et
3135 3955 3328 3996 omnes
3384 3940 3643 3996 audiendi

2061 4031 2388 4087 avidissimi.
2466 4031 2583 4100 Ipsa
2660 4031 2824 4101 igitur
2906 4033 3158 4101 praelecta
3239 4033 3403 4090 verba
3460 4034 3642 4089 divina

2060 4125 2347 4178 audiamus
2365 4123 2410 4154 ⁸ο
2445 4139 2458 4174 :

2137 4235 2154 4267 ι
2195 4214 2341 4267 Dixit
2373 4213 2530 4270 Jesus
2560 4215 2837 4283 discipulis
2874 4215 2991 4269 suis
3021 4232 3034 4268 :
3072 4213 3198 4270 lizec
3231 4216 3426 4271 mando
3462 4217 3666 4281 vobis,’
3705 4226 3708 4230 '

2061 4317 2118 4362 ut
2144 4307 2382 4375 diligatis
2407 4307 2662 4362 invicem.
2693 4326 2711 4358 ι
2750 4306 2888 4362 Cum
2919 4322 3004 4373 ea,
3031 4323 3150 4378 quae
3189 4310 3462 4364 liutname-
3497 4310 3650 4363 salu-

2062 4401 2130 4453 tis
2193 4415 2360 4455 causa
2417 4401 2676 4470 disposita
2731 4409 2910 4465 erant,
2947 4401 3198 4456 Salvator
3240 4403 3539 4471 implesset,
3587 4412 3643 4457 et

2054 4494 2168 4558 jam
2203 4495 2268 4548 ad
2295 4493 2674 4563 imponendum
2713 4494 2777 4548 iis
2805 4508 3098 4560 summam,
3143 4509 3363 4550 crucem
3408 4496 3640 4562 scilicet,

1608 4756 1924 4818 Francisci
1966 4757 2169 4819 Seorsi
2208 4766 2398 4816 nota).

445 4881 557 4952 (Si)
587 4881 843 4934 Πὶηάεηιη
878 4883 1158 4940 doctrinis.
1190 4881 1263 4934 Ex
1299 4884 1398 4935 hoc
1430 4880 1776 4955 epilogoduo
1807 4882 1946 4955 sumi
1985 4889 2026 4942 D
2054 4898 2195 4955 vero
2234 4886 2471 4938 tenuisse
2521 4901 2612 4952 per
2662 4885 2864 4952 aliquot
2913 4902 3082 4940 annos
3131 4902 3249 4940 cum
3306 4889 3418 4955 ipso
3462 4889 3645 4946 Leone

371 4950 694 5022 argumenta
726 4962 964 5022 possunt
1014 4971 1025 5004 :
1080 4955 1310 5020 pritnmn
1358 4954 1497 5019 quod
1545 4950 1695 5022 initio
1740 4954 1947 5016 monui,

374 5020 519 5078 hanc
554 5021 826 5074 ltomiliam
867 5023 1099 5076 habitam
1137 5020 1635 5086 Constantinopoli;
1683 5031 1950 5085 praesente

371 5095 519 5148 enim
551 5092 895 5161 imperatore,
931 5095 1013 5145 cui
1049 5097 1180 5147 liene
1211 5101 1483 5160 precatur,
1513 5107 1671 5157 quem
1707 5090 1889 5144 laudat
1919 5108 1949 5144 ει

373 5178 588 5218 morum
623 5163 911 5230 probitate,
946 5178 973 5214 a
1019 5163 1286 5222 doctrina,
1324 5162 1500 5213 habita
1548 5175 1669 5213 esse
1708 5161 1948 5225 videtur,

374 5245 542 5301 atque
587 5234 631 5286 is
680 5231 1150 5302 Constantinopoli
1200 5232 1488 5286 residebat.
1524 5231 1951 5302 Alterutnitem-

373 5319 508 5374 pore
533 5303 712 5357 Basilii
740 5301 1061 5374 Macedonis,
1087 5306 1177 5371 qui
1207 5304 1454 5374 conditor
1473 5302 1658 5374 templi
1696 5304 1752 5353 S.
1782 5301 1948 5374 lfetri,

375 5371 435 5428 ut
467 5373 677 5427 ostendi
714 5376 876 5427 etiam
915 5389 978 5426 ex
1011 5372 1219 5428 Joanne
1253 5371 1613 5438 Curopalata,
1647 5382 1698 5422 et
1731 5371 1948 5439 quidem

373 5459 482 5497 una
517 5459 638 5498 cum
676 5445 785 5496 tilio
819 5443 995 5497 Leone
1035 5448 1124 5508 qtti
1147 5445 1420 5511 Sapientis
1462 5456 1755 5508 cognomen
1803 5444 1948 5495 obti-

375 5515 525 5574 nuit,
569 5514 922 5581 imperantis;
974 5514 1096 5567 huic
1147 5517 1291 5567 enim
1344 5513 1578 5564 maxime
1624 5514 1952 5564 conveniunt

372 5585 565 5637 laudes
599 5585 860 5637 doctrinae
905 5595 958 5636 et
997 5586 1344 5651 eloquentiae.
1380 5583 1503 5635 Fuit
1537 5582 1680 5634 enim
1719 5582 1858 5644 juris
1896 5593 1950 5634 et

373 5657 543 5708 totius
563 5655 913 5722 philosophiae
927 5655 1340 5717 Scientissitnus,
1369 5653 1511 5721 quod
1547 5661 1808 5705 testantur
1834 5653 1949 5717 ejus

372 5741 556 5792 opera,
599 5741 717 5792 qu;e
751 5735 1027 5777 numerata
1079 5728 1220 5789 leges
1272 5731 1408 5792 apud
1459 5723 1835 5775 Leonclavium
1885 5725 1951 5774 de

372 5796 489 5857 jure
523 5798 712 5849 (ἑνδευο
744 5796 899 5848 Ruttt.
937 5797 986 5846 in
1023 5797 1347 5862 (Elii-Altinius.
1388 5794 1662 5860 pt'.ctiti.~.s.t
1699 5794 1844 5854 tl|)t.‘l'i
1883 5808 1948 5844 ex

377 5867 694 5936 Marqncdw;
749 5876 800 5918 et
846 5869 982 5932 apud
1029 5869 1316 5918 Bardnitnn
1370 5879 1423 5916 et
1470 5877 1623 5918 auos.
1660 5864 1948 5934 Imperium

704 5960 974 6016 i’a't‘ttuL.
1019 5963 1131 6019 (ἐκ.
1183 5959 1270 6018 CX
1287 5958 1383 6014 ξ’ίῖκᾷ
1400 5960 1410 6012 ἔ
1425 5957 1470 6015 Ι.

2055 4953 2340 5031 Basiliutn,
2381 4956 2470 5031 qui
2519 4972 2641 5008 eum
2690 4968 3004 5031 coronatum
3052 4957 3218 5031 voluit
3263 4974 3290 5010 a
3328 4953 3398 5013 'S.
3435 4961 3644 5031 lgnalio

2054 5027 2362 5090 patriarcha
2401 5026 2453 5076 in
2490 5030 2669 5076 sedem
2708 5026 3357 5094 Constautinopolitanam
3393 5026 3644 5086 restituto

2056 5096 2434 5166 annotjln'i‘sti
2466 5094 2568 5148 8‘10
2600 5095 2968 5166 'l‘tieopltania:
3002 5100 3227 5150 solemni
3261 5099 3346 5152 die
3387 5110 3642 5166 testatur,

2054 5166 2144 5231 qui
2205 5163 2449 5217 interfuit
2498 5166 2819 5218 Anastasius
2861 5165 3111 5220 BibliOth.
3143 5176 3197 5220 et
3231 5183 3296 5222 ex
3334 5184 3398 5222 eo
3437 5163 3634 5226 Baron.

2059 5234 2244 5308 eodem
2277 5250 2450 5308 Ἀψιοζ
2467 5234 2570 5288 Sed
2602 5236 2665 5308 de
2697 5236 2782 5308 his
2809 5236 2960 5308 plura
2993 5238 3044 5289 in
3076 5238 3310 5291 Promm.
3339 5241 3477 5308 lsag.
3506 5257 3565 5297 ll.

2133 5303 2246 5370 (82)
2303 5304 2358 5357 S.
2415 5305 2676 5369 Praecpt’i.
2729 5305 2855 5371 Ejus
2913 5306 3054 5359 idem
3107 5308 3304 5362 ferinam
3361 5303 3642 5366 celebrant

2063 5373 2238 5427 Grani
2270 5390 2361 5426 vut
2401 5375 2524 5427 ldus
2553 5375 2694 5437 Jul.;
2729 5387 2891 5443 atque
2921 5390 2987 5428 ex
3017 5378 3434 5433 soletnnim'ibus
3466 5380 3642 5436 fuisse

2063 5446 2786 5514 quique,observarentur,
2837 5445 3110 5514 colligitur
3162 5464 3231 5501 ex
3290 5447 3527 5502 Balsam.
3584 5453 3637 5505 in

2063 5513 2238 5567 Pltotii
2270 5513 2493 5588 Nomoc.
2530 5515 2612 5566 tit.
2652 5530 2720 5588 vtt
2764 5516 2888 5588 :__'H
2927 5513 2999 5584 η’,
3033 5517 3118 5588 ὅτι
3154 5519 3243 5568 τὸν
3281 5517 3639 5588 μεγαλομάρο

2060 5601 2202 5655 cupa.
2270 5585 2578 5652 ιίροκόπιον
2647 5585 3001 5654 ἑορτάζομεν.
3057 5585 3428 5642 Οσιουαιίίεδ
3491 5585 3637 5655 (Julii

2063 5654 2256 5726 feriata
2285 5655 2387 5725 est)
2413 5656 2552 5724 quod
2579 5656 2630 5708 iu
2661 5673 2720 5708 ea
2747 5671 2989 5723 maguum
3017 5671 3297 5726 martyrem
3326 5654 3639 5724 Proc'np.'um

2063 5724 2401 5777 celebramus.
2447 5728 2519 5777 De
2570 5741 2633 5779 eo
2682 5729 2800 5779 tiue
2849 5730 3009 5780 etiam
3060 5724 3200 5779 Men.
3247 5740 3298 5781 et
3349 5731 3542 5780 Hart)".
3583 5733 3636 5782 in

2064 5794 2216 5866 Notis
2249 5797 2311 5847 ad
2346 5796 2620 5864 ‘.".l.:rtyrol.
2659 5808 2711 5847 et
2741 5796 2856 5863 ejus
2897 5797 3195 5866 Certamina
3241 5802 3380 5866 apud
3423 5799 3638 5853 Surium

2065 5882 2126 5918 cx
2160 5864 2527 5934 Metapltt'uste
2565 5873 2726 5921 relata
2760 5879 2885 5919 toni.
2919 5865 3006 5932 ιν,
3042 5869 3178 5920 dicta
3211 5864 3315 5920 die.

3208 5959 3275 6016 :11
