4074 6440
341 436 449 501 975

1520 427 2014 489 ΤΙΙΕΟΡΠΛΝΙΞ
2054 428 2393 484 CEllAi‘dEl

3488 427 3592 487 976

343 550 463 604 illos
489 545 695 618 optime
728 545 1030 610 imbuissct,
1062 544 1318 613 deinceps
1378 557 1440 598 ea
1488 543 1736 614 praedicit
1798 556 1918 611 qua:

2032 538 2242 606 ιῦτοὺς,
2272 536 2660 608 προαναφωνεῖ
2683 534 2889 603 λοιπὸν,
2927 532 3021 592 καὶ
3065 538 3131 592 τὰ
3171 537 3435 609 μέλλοντα
3465 539 3592 591 τού-

344 641 411 697 ab
439 636 619 710 impiiit
642 640 950 695 hominibus
980 645 1166 694 essent
1202 636 1310 692 illis
1367 648 1648 691 eventura.
1694 634 1915 689 Interim

345 747 500 798 vero,
553 742 610 787 ut
658 746 754 787 eos
815 729 1102 797 charitate,
1141 743 1263 800 quae
1318 729 1553 784 virtutes
1602 724 1917 797 perﬁciendi

345 825 456 878 vim
492 823 676 887 habet,
698 820 891 877 reddat
914 820 1054 875 inter
1077 834 1137 876 se
1161 818 1681 890 coniunctissimos:
1716 837 1734 870 1
1770 819 1917 882 Haec,

349 915 545 983 inquit,
586 913 781 967 mando
811 911 967 967 vobis
998 912 1317 983 utdiligatis
1345 911 1598 966 invicem.
1664 928 1683 962 1
1751 910 1918 962 Eum-

349 1008 471 1061 dem
505 1019 813 1061 sermonem
845 1004 1141 1059 identidem
1173 1004 1355 1070 iterat,
1404 1018 1511 1059 non
1564 1002 1815 1058 molestia
1861 1011 1924 1058 ut

351 1096 472 1150 illos
490 1094 705 1159 alliciat,
739 1095 833 1150 sed
865 1097 945 1150 uti
975 1095 1193 1150 assidua
1224 1095 1644 1151 commonitione
1672 1109 1767 1150 eos
1796 1108 1925 1149 eon-

350 1184 531 1241 ﬁrmet
573 1185 767 1255 magis,
809 1194 864 1239 et
906 1183 1195 1240 eharitatis
1236 1185 1475 1249 vinculo,
1513 1184 1656 1254 quod
1698 1183 1923 1239 uuiemli

351 1275 463 1330 vim
494 1272 679 1343 habet,
724 1273 778 1331 in
826 1290 995 1330 unum
1049 1276 1338 1345 astringat.
1396 1274 1531 1331 Illud
1590 1289 1722 1330 vero
1778 1274 1928 1345 quis-

1984 634 2135 694 ’τοις
2166 628 2488 699 συμϐαίνειν
2530 628 2635 681 ὑπὸ
2684 628 2795 682 τῶν
2862 627 3154 699 θεομισῶν.
3196 629 3350 691 Τέως
3384 646 3447 697 γε
3487 630 3595 701 μὴν

2019 724 2085 793 τῇ
2113 722 2430 792 τελειωτικῇ
2461 721 2569 776 τῶν
2602 722 2812 791 ἀρετῶν
2841 722 3033 793 ἀγάπῃ
3081 722 3343 775 ὲνοποιῶν
3373 723 3594 789 αὐτοὺς,

2021 813 2197 867 ταῦτά
2229 830 2414 883 φησιν,
2449 832 2467 865 1
2512 812 2867 882 Ἐντέλλομαι
2902 813 3050 881 ὑμῖν,
3081 813 3167 864 ἵνα
3215 813 3469 881 ἀγαπᾶτε
3502 813 3597 867 ἁλ-

2023 904 2241 975 λήλους.
2272 922 2292 955 ι
2329 903 2434 957 Τὸν
2467 904 2630 957 αὑτὸν
2653 902 2817 972 λόγον
2866 901 3169 956 ἀνακυκλοί
3203 903 3464 972 συνεχῶς,
3493 903 3598 958 οὐκ

2024 993 2355 1065 ὲρεσχελῶν,
2384 990 2522 1046 ἀλλὰ
2551 994 2616 1062 τῇ
2648 993 2867 1061 συνεχεῖ
2892 991 3197 1062 ἀναμνήσει
3215 991 3599 1062 βεϐαιοτέρους

2026 1086 2225 1150 αὐτοὺς
2251 1084 2542 1152 καθιστῶν,
2582 1085 2678 1138 καὶ
2697 1084 2773 1154 τῷ
2796 1084 2899 1155 τῆς
2931 1084 3155 1154 ἀγάπης
3186 1082 3433 1156 ἑνωτικῷ
3470 1102 3598 1139 συν-

2027 1180 2237 1251 δέσμῳ,
2269 1180 2351 1243 εἰς
2384 1179 2443 1232 ἒν
2506 1179 2761 1246 συνάγων
2808 1178 3030 1243 αὐτούς.
3080 1178 3291 1232 Ἐκεῖνο
3316 1177 3374 1231 δέ
3407 1195 3493 1241 τις
3520 1177 3602 1230 εἰς

2031 1274 2208 1336 κότως
2238 1272 2488 1339 ἐξετάσει
2517 1270 2925 1341 φιλοπευστῶν,
2955 1272 3075 1335 πῶς
3097 1270 3197 1343 τὴν
3228 1271 3308 1335 εις
3336 1270 3602 1338 ἀλλήλους

1569 1443 1894 1509 Francisci
1926 1444 2134 1508 Scorsi
2170 1452 2359 1506 notae.
2450 1430 2455 1435 ’

355 1614 487 1673 serit
513 1612 654 1668 idem
680 1626 804 1669 esse
827 1626 1099 1681 unmnque
1125 1610 1446 1682 principium
1491 1609 1633 1682 Filii,
1670 1619 1722 1682 et
1757 1608 1933 1682 Spiri-

358 1697 445 1740 tus
479 1682 675 1745 sanct't,
708 1692 869 1750 atque
898 1679 1031 1736 adeo
1069 1679 1315 1735 excludit
1356 1681 1505 1749 plttra
1549 1680 1814 1750 principia
1849 1679 1933 1731 his

355 1754 564 1815 verbis,
592 1754 733 1820 quod
763 1752 1001 1807 htcretici
1032 1752 1279 1820 dicebant
1312 1766 1326 1802 :
1358 1767 1460 1803 nou
1490 1749 1728 1820 excludit
1755 1757 1931 1820 autem

357 1824 555 1879 Filium
600 1818 628 1874 a
678 1822 993 1891 spiratione
1030 1821 1233 1891 activa_
1259 1819 1494 1891 Spiritus
1541 1819 1746 1882 sancti,
1787 1818 1930 1891 quod

2041 1610 2185 1662 dicat
2239 1605 2496 1673 Spiritum
2542 1623 2606 1661 ea:
2652 1606 2811 1660 Patre
2844 1607 3147 1671 subsistere,
3178 1608 3233 1661 id
3252 1607 3386 1661 enim
3419 1609 3599 1664 tribuit

2046 1678 2215 1731 Patri.
2256 1688 2501 1746 tanquam
2542 1678 2817 1746 principali
2854 1678 3080 1739 auctori,
3112 1679 3246 1730 sicut
3272 1682 3378 1743 ipse
3415 1681 3600 1734 Domi-

2041 1765 2139 1801 nus
2174 1748 2302 1800 dixit
2333 1745 2365 1800 :7
2387 1765 2407 1797 1
2441 1746 2547 1817 Qui
2583 1763 2648 1800 ex
2684 1745 2851 1817 Patre
2877 1748 3130 1811 procedit.
3164 1767 3183 1799 1
3235 1749 3599 1817 Eamdumqtte

2042 1817 2454 1883 explicationem
2493 1816 2647 1869 aﬂ'crt
2680 1819 2745 1886 ad
2797 1814 2946 1886 illum
2986 1817 3157 1868 1011111
3199 1817 3253 1867 Β.
3307 1814 3594 1886 Dionysius

359 1892 659 1948 adversarii
697 1885 864 1944 nostri
900 1890 1092 1944 vellent
1120 1905 1182 1942 ex
1222 1885 1323 1942 hoc
1352 1890 1466 1943 loco
1510 1892 1793 1942 deducere.
1821 1890 1881 1940 At
1903 1915 1929 1925 -
1963 1898 2001 1950 Β
2037 1888 2109 1940 De
2131 1888 2290 1940 divin.
2323 1887 2522 1939 nantia.
2549 1901 2667 1951 cap.
2698 1885 2754 1948 2,
2791 1885 2879 1938 11111
2926 1886 2997 1939 ait
3036 1905 3049 1939 :
3083 1886 3240 1939 Solus
3274 1888 3390 1954 fons
3413 1885 3599 1946 super-

359 1978 464 2032 que
496 1962 610 2015 haec
639 1975 769 2013 sane
804 1960 1126 2032 explicandi,
1165 1970 1217 2012 et
1259 1960 1551 2012 excusandi
1586 1956 1929 2032 Theophanis

361 2028 533 2087 nostri
567 2032 706 2083 ratio
738 2045 842 2082 non
882 2029 1147 2083 videbitur
1182 2043 1321 2083 nova
1368 2041 1421 2081 et
1461 2028 1720 2097 gratuita,
1764 2038 1930 2094 atque

361 2118 428 2156 ex
474 2110 658 2155 nostro
705 2098 877 2154 Marte
924 2099 1096 2153 solum
1136 2098 1322 2167 petita,
1372 2099 1416 2152 si
1467 2100 1595 2168 quis
1636 2098 1930 2168 adterterit

360 2174 549 2225 eadem
600 2170 808 2224 ratione
854 2163 1211 2222 θνα-118011⁷οι
1262 2163 1520 2235 explicaii
1567 2166 1623 2220 S.
1668 2163 1928 2218 Joannem

363 2239 683 2295 DatnaScen.
729 2254 757 2290 a
810 2236 1065 2292 Bellarttt.
1121 2238 1238 2292 loco
1281 2238 1373 2291 cit.
1414 2248 1467 2291 et
1502 2253 1529 2289 a
1566 2236 1845 2291 Gennadio
1878 2243 1931 2288 et

291 2330 299 2339 ’
364 2310 703 2365 Bessarioue.
746 2306 883 2361 Cum
919 2307 1064 2361 enim
1121 2307 1210 2360 ille
1242 2307 1465 2361 dixisset
1502 2307 1595 2361 lib.
1629 2322 1644 2359 1
1683 2305 1755 2374 De
1788 2306 1927 2374 ﬁde,

361 2397 483 2448 cap.
514 2380 599 2440 11,
628 2376 886 2448 Spiritum
917 2393 1020 2448 non
1044 2377 1235 2448 d_it-i_r-x
1268 2376 1423 2448 Filio,
1450 2377 1542 2448 sed
1572 2391 1665 2442 per
1687 2373 1880 2426 Filium
1912 2392 1925 2429 :

364 2445 486 2502 Non
538 2445 796 2518 negassel
831 2446 1014 2518 inquit
1063 2446 1341 2510 Bellarm.,
1374 2445 1625 2518 Spiritum
1686 2459 1927 2518 sanctum

358 2514 636 2586 procedere
664 2534 727 2571 ex
749 2514 912 2574 Filio.
950 2518 1086 2583 quod
1104 2518 1187 2586 _ad
1220 2532 1325 2568 rem
1353 2517 1557 2586 attinet,
1590 2530 1706 2568 cum
1739 2515 1929 2586 dixerit

361 2583 618 2655 Spiritum
648 2603 758 2641 esse
782 2586 1064 2653 imaginem
1091 2583 1317 2655 Filii,_et
1344 2599 1436 2652 per
1458 2583 1658 2637 Filium
1688 2601 1818 2655 esse_,
1842 2584 1931 2655 sed

358 2653 693 2713 existimasse
738 2657 899 2709 tutius
933 2655 1038 2708 dici
1083 2669 1173 2722 per
1225 2653 1439 2717 Filium,
1475 2670 1629 2724 quam
1668 2671 1733 2707 ex
1764 2653 1813 2724 If‘
1817 2654 1930 2718 ilio,

357 2736 627 2795 quantum,
638 2727 707 2795 ad
731 2731 941 2779 modum
969 2726 1213 2795 loquendi
1243 2736 1453 2793 propter
1477 2722 1713 2778 heresim
1744 2722 1801 2795 111
1811 2740 1928 2776 ace-

359 2792 503 2851 ttonii
520 2806 567 2850 et
609 2794 961 2862 Eunomiiqui
996 2792 1061 2847 ea:
1096 2792 1238 2848 Filio
1263 2792 1511 2863 tanquam
1533 2794 1783 2863 primaria
1809 2808 1932 2845 cau-

360 2885 444 2929 sa,
474 2867 580 2920 imo
613 2868 774 2919 etiam
804 2861 914 2932 sata
944 2878 1107 2917 causa
1138 2861 1413 2931 procedere
1446 2865 1649 2918 dicebat
1676 2861 1933 2932 Spiritum

360 2948 619 2990 sanctum.
644 2933 768 2988 Hth
795 2931 1091 2998 Bcllarm.;
1125 2949 1244 3003 quae
1266 2935 1448 2988 itidem
1484 2931 1763 2988 excusatio
1788 2934 1933 2987 vide-

359 3015 447 3061 tttr
477 3004 870 3059 accommodari
907 3017 1065 3072 pesse
1102 3002 1225 3057 huic
1258 3003 1373 3058 loco
1391 3003 1629 3057 secundo
1654 3002 1810 3072 hujus
1835 3004 1933 3055 bo-

361 3075 543 3130 tnilite.
577 3073 640 3128 Et
670 3075 898 3144 primum
934 3073 1115 3144 etiam_
1140 3073 1314 3127 locum
1350 3074 1543 3144 eodem
1562 3075 1734 3144 modo
1758 3072 1932 3144 expli-

360 3144 625 3208 candum;
672 3141 748 3198 ibi
791 3142 937 3196 enim
974 3143 1060 3196 hic
1088 3141 1249 3197 Pater
1284 3143 1453 3196 solum
1489 3142 1655 3196 veluti
1698 3141 1928 3210 quodam

362 3214 586 3269 exordio
623 3213 891 3283 proponit,
934 3227 1054 3280 quae
1090 3213 1234 3267 dicat
1266 3212 1515 3283 Christus
1558 3213 1709 3283 ineo
1753 3211 1930 3283 Evan-

395 3284 502 3337 elio
537 3280 677 3353 quod
710 3280 906 3336 lectum
943 3288 1061 3334 erat
1081 3298 1157 3353 eo
1178 3282 1263 3336 die
1287 3281 1344 3336 S.
1378 3281 1646 3353 Pr000pii,
1687 3294 1795 3349 quo
1842 3280 1929 3353 hic

395 3302 502 3337 8110
537 3302 677 3353 quon
710 3302 906 3336 ((10111111
943 3302 1061 3334 erat
1081 3302 1146 3336 ΕΟ
1178 3302 1263 3336 (Ile
1288 3302 1344 3336 ὗ.
1378 3302 1646 3347 I'l'OCOpll,
1687 3302 1795 3349 quo
1842 3302 1927 3333 IIIU

363 3302 581 3406 iiahitns
630 3365 831 3415 sermo,
880 3365 1102 3419 qumque
1146 3352 1266 3420 ipse
1290 3351 1655 3419 explicaturos
1700 3356 1842 3405 esset
1877 3351 1927 3402 in

358 3421 734 3490 sequentibus,
768 3420 1017 3490 adeoque
1037 3419 1364 3474 cunt’solum
1408 3421 1478 3475 ibi
1521 3430 1805 3489 proponat,
1844 3421 1930 3474 hic

359 3488 614 3560 explicet,
653 3506 716 3545 ea
758 3488 1060 3560 propositio
1107 3490 1363 3545 trahenda
1388 3493 1470 3560 ad
1508 3490 1931 3560 haueexplica-

361 3558 583 3615 tionem.
620 3559 783 3629 Quod
808 3558 852 3613 si
882 3558 1044 3611 etiam
1089 3560 1247 3612 aliam
1279 3558 1585 3629 explicandi
1623 3558 1773 3612 viam
1810 3560 1929 3627 quis

361 3632 501 3686 inire
525 3630 653 3684 velit
683 3627 899 3697 utrique
937 3629 1058 3682 loco
1085 3627 1446 3693 communem,
1473 3629 1741 3697 aperietur
1769 3632 1929 3682 etiam

360 3710 413 3751 et
441 3700 655 3767 quidem
691 3700 882 3753 idonea
918 3711 936 3752 :
966 3713 1085 3751 cum
1114 3700 1256 3754 enim
1283 3699 1380 3763 ait,
1411 3699 1672 3767 Spiritum
1705 3712 1736 3751 a
1771 3697 1932 3753 Patre

361 3771 561 3824 habere
611 3768 989 3837 substantiam,
1032 3768 1172 3836 quod
1206 3768 1342 3821 idem
1385 3780 1469 3823 est
1506 3783 1569 3823 ac
1615 3769 1929 3837 procedere,

362 3853 534 3906 neque
585 3838 728 3907 aliud
768 3836 952 3901 addat,
986 3839 1126 3906 quod
1178 3837 1386 3907 limitet,
1420 3846 1480 3892 ut
1510 3852 1673 3907 supra
1707 3838 1842 3907 dixi,
1876 3847 1931 3893 et

359 3905 615 3977 excludat
638 3905 855 3971 Filium,
880 3905 1026 3961 recte
1051 3906 1315 3977 intelliges
1339 3908 1511 3975 ipsum
1532 3905 1712 3962 dicere
1732 3906 1932 3962 habere

360 3998 386 4028 a
418 3976 575 4030 Patre
606 3977 992 4037 substantiam,
1025 3985 1281 4045 tanquam
1303 3992 1332 4030 a
1357 3977 1533 4046 primo
1563 3977 1850 4046 principio,
1877 3986 1932 4031 et

356 4046 587 4116 urigine,
627 4061 687 4100 ac
722 4047 867 4099 fonte
914 4046 1522 4116 tlivinitatiquuodque
1550 4050 1618 4100 ab
1645 4047 1751 4101 alio
1781 4047 1933 4114 prin-

359 4114 501 4183 cipio
544 4116 806 4183 originem
850 4131 955 4169 non
998 4117 1193 4170 trahat.
1223 4114 1393 4170 Filius
1426 4114 1568 4170 enim
1602 4126 1687 4171 est
1714 4116 1927 4185 quidem

358 4186 679 4253 principium
706 4185 940 4253 Spiritus
963 4185 1157 4248 sancti,
1186 4194 1239 4239 et
1262 4202 1425 4239 unum
1450 4201 1569 4240 cum
1597 4186 1760 4240 Patre
1782 4187 1930 4251 prin-

358 4252 563 4325 cipium
587 4252 806 4320 conﬁat,
839 4253 932 4308 sed
967 4267 1143 4307 tamen
1175 4255 1291 4323 ipse
1326 4258 1488 4309 habet
1530 4271 1679 4310 suam
1708 4270 1737 4309 a
1774 4256 1930 4325 Patre

357 4323 622 4392 originem
673 4338 771 4391 per
821 4324 1244 4393 generationem,
1298 4326 1544 4393 adeoque
1596 4342 1716 4379 cum
1769 4323 1931 4378 Pater

358 4395 606 4448 absolute
635 4393 838 4447 dicitur
869 4393 1105 4463 Spiritus
1133 4395 1305 4448 sancti
1354 4394 1701 4463 principium,
1746 4395 1816 4448 ita
1850 4404 1933 4449 est

360 4463 788 4529 intelligendum,
830 4472 889 4516 ut
931 4464 1003 4515 sit
1048 4464 1278 4531 primunt
1317 4465 1661 4532 principium,
1694 4471 1751 4518 ut
1798 4463 1928 4528 dixi,

329 4545 519 4600 13111118
543 4534 655 4586 haec
674 4543 757 4585 est
782 4535 1087 4587 communis
1111 4534 1401 4601 explicatio
1431 4550 1617 4587 eorum
1643 4534 1928 4587 verborum

331 4588 515 4673 19:3...
545 4617 612 4656 xv
650 4618 671 4673 :7
700 4602 961 4673 Spiritum
991 4588 1245 4673 ueritatis,
1285 4604 1376 4673 qui
1417 4620 1449 4656 a
1476 4603 1635 4656 Patre
1672 4602 1928 4670 procedit.
1960 4588 2007 4646 Ῑ)

358 4669 541 4741 Yoluit
590 4669 749 4741 enim
780 4673 855 4725 ibi
919 4671 1170 4729 Christus
1233 4669 1931 4741 111-000351000111501111118

355 4739 504 4794 Patri
534 4740 788 4806 tribuere,
829 4747 888 4794 ut
930 4743 1120 4811 prima:
1146 4739 1367 4811 origini,
1396 4757 1424 4795 a
1466 4757 1571 4811 quo
1608 4739 1771 4796 etiam
1813 4741 1929 4808 ipse

357 4810 636 4880 procedit;
672 4810 1069 4865 caeterum’non
1094 4826 1154 4865 se
1188 4812 1360 4880 ipsum
1394 4810 1631 4866 excludit
1665 4830 1677 4866 :
1715 4812 1926 4880 sedin-

356 4879 582 4947 telligit,
620 4881 748 4948 quia
791 4882 996 4947 omnia,
1046 4897 1165 4950 qua:
1206 4879 1369 4936 habet
1417 4881 1597 4943 Pater,
1647 4891 1774 4936 sunt
1806 4879 1928 4950 Filii

356 4960 555 5019 praeter
582 4949 934 5019 ᾁγεννησίαν,
966 4949 1074 5005 1100⁷
1098 4962 1180 5005 est
1218 4951 1714 5016 iuitascibilitatem,
1750 4960 1807 5003 ut
1849 4949 1929 5004 lo-

356 5018 540 5088 quitur
584 5018 623 5072 S
696 5018 1082 5085 Damascenus,
1114 5033 1167 5076 et
1208 5021 1511 5074 scholastici
1544 5021 1922 5076 communiter.

353 5091 532 5157 Atque
557 5090 691 5144 adeo
720 5089 821 5143 hoc
859 5089 1020 5142 etiam
1064 5094 1224 5145 habet
1265 5105 1549 5143 commune
1587 5107 1707 5145 cum
1740 5090 1921 5158 Patre,

356 5167 414 5211 111
443 5161 513 5211 sit
534 5159 863 5280 principium
890 5159 1213 5225 Spirativum
1253 5158 1488 5228 Spiritus
1511 5162 1706 5225 sancti.

427 5226 501 5280 ita
579 5267 592 5279 .
626 5226 1025 5280 CvrillusAlex.
1056 5228 1108 5280 in
1130 5230 1326 5280 Anam,
1362 5239 1488 5280 tom.
1523 5230 1559 5280 V
1591 5230 1701 5280 Con

427 5226 501 5281 ita
534 5226 603 5297 S.
626 5226 1025 5297 CyrillusAlex.
1056 5228 1108 5282 in
1130 5226 1326 5281 Anat/i,
1362 5239 1488 5283 tom.
1523 5230 1559 5283 V
1591 5229 1796 5285 Coneil.
1822 5230 1921 5285 ult.

354 5297 519 5350 edit.:
562 5296 895 5367 Unigenitum
949 5298 1041 5351 Dei
1088 5297 1306 5351 Verbum
1342 5300 1494 5350 homo
1547 5299 1747 5367 factum
1811 5311 1923 5365 est;

355 5368 551 5419 mansit
609 5376 781 5439 tamen
831 5366 996 5429 Deus,
1025 5370 1203 5422 omnia
1235 5377 1428 5436 printer
1461 5366 1631 5422 solam
1682 5372 1924 5439 paterni-

354 5446 511 5505 tetem
537 5452 658 5489 cum
692 5435 856 5489 Patre
872 5439 1121 5505 (equalia,
1154 5447 1202 5490 et
1221 5435 1518 5492 Communia
1540 5435 1756 5503 habens,
1790 5441 1925 5493 unde

353 5504 609 5578 Spiritum
640 5518 902 5567 sanctum,
931 5504 1047 5574 ’qui
1094 5522 1160 5559 ea;
1200 5510 1312 5573 ipso
1347 5516 1450 5573 est,
1493 5511 1693 5578 ipsique
1752 5526 1925 5578 essen-

353 5575 552 5627 tialiter
594 5576 747 5639 inest,
775 5586 1025 5644 tanquam
1052 5580 1331 5644 proprium
1358 5575 1618 5645 peculium
1647 5575 1922 5645 possidens

352 5645 840 5719 d-iviittepotentite
875 5649 1024 5719 signa
1079 5651 1413 5714 operabatur.
1485 5648 1608 5702 lltcc
1667 5648 1918 5719 Cyr-illus.

356 5709 484 5785 Vide
529 5709 784 5785 Bellarnt.
829 5709 946 5768 1010
975 5717 1068 5770 cit.
1106 5709 1195 5782 qui
1237 5719 1337 5770 hoc
1370 5720 1484 5785 ipso
1518 5719 1677 5770 modo
1702 5709 1922 5785 prorsus

357 5782 590 5856 expleat
625 5784 799 5834 locutu
841 5785 896 5837 S.
940 5785 1139 5856 Basilii,
1173 5804 1331 5856 quem
1364 5782 1663 5840 adversarii
1697 5782 1792 5851 pro
1827 5806 1922 5840 suo

356 5852 633 5903 adducunt
682 5865 886 5905 errore.
932 5853 1050 5907 Non
1083 5852 1273 5919 obstat,
1308 5858 1500 5915 iuuuit,
1529 5862 1662 5910 auxit
1698 5860 1921 5911 iittsiltth

2032 1954 2630 2011 substantialisDeitatis
2655 1968 2727 2009 cst
2766 1954 2949 2008 Pater.
2988 1954 3313 2021 Respondet,
3357 1960 3596 2023 inquam,

2033 2027 2084 2081 id
2117 2040 2237 2080 esse
2270 2041 2452 2078 verum
2480 2043 2492 2079 :
2524 2025 2646 2095 quia
2685 2026 2976 2095 Paternou
3011 2024 3171 2078 habet
3209 2028 3420 2078 0111111111·
3451 2030 3597 2095 prin-

2032 2098 2252 2164 cipittnt.
2311 2095 2556 2148 ltaenint
2591 2094 2753 2149 Ruitz
2813 2094 3007 2148 citatus
3045 2096 3197 2150 initio
3256 2094 3487 2161 explicat
3545 2110 3600 2151 et

2034 2166 2176 2220 hunc
2212 2164 2272 2235 S.
2316 2164 2572 2235 Dionysii,
2618 2179 2671 2219 et
2713 2165 2846 2218 alios
2879 2166 3022 2218 locus
3063 2176 3111 2218 et
3151 2167 3352 2218 similes
3385 2170 3597 2220 dicundi

2034 2237 2223 2289 modos
2259 2234 2318 2287 S.
2367 2234 2651 2289 Athanasii
2681 2246 2820 2288 orat.
2869 2246 3059 2286 contra
3090 2236 3333 2295 gregales
3367 2236 3596 2298 Sti'cll.,

2035 2306 2121 2359 ubi
2160 2304 2370 2357 Patrem
2404 2306 2574 2357 solum
2616 2321 2725 2358 esse
2764 2307 2959 2373 fontem
3018 2305 3247 2367 deitatii,
3296 2307 3599 2372 ibidemque

2032 2389 2063 2428 e
2097 2390 2157 2429 se
2219 2374 2473 2440 radicem,
2503 2384 2550 2427 et
2583 2372 2779 2443 fontem
2812 2372 2962 2437 Filii,
2997 2386 3046 2427 et
3078 2374 3347 2441 Spiritus;
3376 2388 3427 2430 et
3456 2387 3595 2430 orat.

2032 2444 2316 2514 5.7contra
2344 2444 2532 2514 Arion.
2568 2445 2654 2499 tibi
2690 2444 2903 2514 Patrem
2936 2459 3055 2499 esse
3082 2462 3242 2498 unum
3278 2447 3595 2514 principium

2035 2513 2269 2577 tlt'llallS,
2308 2528 2411 2567 non
2442 2513 2585 2575 dtto;
2620 2523 2673 2569 et
2722 2512 2945 2581 Gregor.
3002 2514 3253 2567 Nazianz.
3307 2512 3463 2568 erat.
3507 2518 3593 2579 15,

2034 2599 2152 2650 qua:
2201 2594 2286 2638 est
2340 2583 2406 2638 de
2462 2600 2591 2650 pace
2657 2584 2745 2637 ubi
2806 2583 3019 2637 l’atrem
3076 2585 3309 2652 appellat
3370 2586 3596 2639 Deitatis

2031 2654 2372 2722 principium,
2428 2663 2481 2707 ct
2529 2669 2765 2716 rursum,
2812 2664 3079 2706 auctorem
3114 2670 3221 2707 esse
3271 2656 3595 2719 divinitatis,

2031 2739 2149 2792 qua:
2178 2724 2233 2776 in
2284 2722 2429 2776 Filio
2479 2734 2527 2776 et
2568 2724 2777 2793 Spiritu
2817 2734 2998 2776 sancto
3025 2726 3409 2779 consideratur.
3447 2725 3595 2784 lltcc,

2036 2795 2280 2864 inquam,
2330 2802 2382 2845 et
2414 2793 2609 2864 similia
2675 2794 2785 2846 loca
2822 2794 2913 2864 ita,
2942 2804 3069 2845 sunt
3114 2794 3479 2864 intelligenda,
3537 2806 3597 2849 ut

2035 2862 2194 2918 Pater
2226 2862 2553 2933 sithprimus
2586 2873 2639 2933 et
2661 2862 2971 2931 principalis
3015 2874 3206 2916 auctor
3240 2862 3454 2933 dcitatis
3480 2880 3600 2933 quae

2031 2943 2109 2986 est
2147 2935 2199 2985 in
2239 2930 2375 2985 Filio
2406 2942 2458 2986 et
2503 2932 2708 3000 Spiritu
2757 2942 2979 2986 sancto:
3018 2935 3146 2999 quin
3181 2948 3248 2986 ex
3278 2932 3383 2988 hoc
3440 2930 3598 2988 modo

2033 3001 2283 3069 loquendi
2338 3000 2556 3055 Patrum
2592 3002 2787 3055 asserit
2830 3002 2966 3055 idem
3001 3002 3183 3066 ltuitz,
3218 3003 3429 3057 Patrem
3477 3018 3600 3058 esse

2034 3070 2345 3126 Divinitatis
2395 3071 2558 3126 tutius
2609 3071 2954 3139 principium,
3018 3082 3075 3126 et
3121 3073 3322 3125 fontem
3353 3073 3600 3128 aosolnle

2034 3139 2373 3211 pronuntiari
2418 3155 2576 3210 posse
2608 3142 2823 3211 absque
2854 3140 2962 3194 ullo
2992 3142 3244 3208 scrupulo
3274 3158 3289 3207 ;
3328 3157 3427 3197 nec
3477 3158 3600 3199 esse

2036 3210 2458 3282 ullanota,_vel
2516 3210 2934 3282 reprehensione
2979 3212 3200 3278 dignum
3259 3212 3596 3282 theologum,

2035 3282 2124 3349 qui
2161 3281 2261 3334 hoc
2291 3280 2452 3334 etiam
2514 3287 2754 3348 tempore
2780 3282 2850 3333 ita
2885 3280 3156 3348 loquatur.
3210 3282 3361 3348 Quod
3403 3280 3600 3337 funda-

2036 3359 2271 3404 tnentum
2307 3350 2464 3417 ltnjus
2510 3351 2825 3420 assertionis
2858 3360 2909 3403 et.
2942 3351 3236 3419 longiorem
3269 3353 3593 3420 disputatio-

2034 3435 2181 3484 nem,
2213 3421 2332 3474 vide
2365 3422 2503 3487 apud
2527 3420 2722 3488 ipsum.
2749 3418 2913 3473 Nobis
2937 3418 3071 3475 satis
3087 3422 3159 3474 sit
3185 3421 3309 3475 hinc
3335 3418 3600 3477 deducere

2035 3495 2242 3543 tantum
2290 3489 2482 3543 abesse
2514 3502 2572 3541 ut
2620 3492 2691 3541 sit
2745 3490 3039 3544 trahendus
3083 3501 3266 3545 uester
3296 3494 3359 3545 ad
3404 3492 3598 3546 adver-

2032 3560 2296 3612 sariorum
2340 3574 2603 3622 errorem,
2627 3567 2688 3612 ut
2728 3559 2894 3613 etiam
2942 3561 3014 3613 sit
3042 3570 3191 3614 recte
3225 3569 3281 3614 et
3301 3562 3418 3615 sine
3446 3574 3602 3616 seru-

2036 3629 2162 3695 pulo
2199 3629 2552 3696 esplicandus
2591 3644 2689 3696 pro
2739 3627 3002 3682 catholica
3064 3629 3321 3697 veritate;
3372 3632 3596 3697 quando

2033 3699 2245 3762 quidem
2274 3698 2327 3768 ii»
2347 3700 2531 3763 etiam,
2568 3697 2660 3767 qui
2682 3698 3002 3751 vocabulum
3034 3700 3179 3752 solus
3205 3711 3597 3768 apposuerunt,

2032 3782 2153 3821 cum
2204 3769 2269 3821 de
2312 3766 2470 3821 Patre
2514 3766 2886 3836 loquerentur,
2956 3777 3012 3819 ut
3055 3766 3321 3836 principio
3371 3769 3493 3823 Filii
3545 3782 3602 3825 et

2036 3835 2271 3907 Spiritus
2305 3838 2498 3901 sancti,
2546 3835 2692 3891 recte
2721 3835 3065 3905 explicantur
3091 3846 3146 3890 et
3195 3838 3594 3907 intelliguntur.

2033 3904 2193 3960 Plura
2244 3908 2310 3959 ad
2367 3908 2506 3976 hanc
2560 3922 2674 3960 rem
2725 3904 2938 3973 poSsem
3006 3921 3295 3976 aggerere,
3344 3904 3437 3963 sed
3488 3911 3603 3964 hac

2035 3978 2171 4031 satis
2220 3976 2287 4029 ad
2330 3975 2728 4043 explicandum,
2767 3976 2849 4029 vel
2911 3978 3274 4031 excusandum
3332 3989 3598 4033 nostrum.

2031 4043 2294 4099 Cancrum
2320 4046 2363 4099 si
2421 4046 2508 4098 cui
2545 4061 2647 4099 non
2705 4046 2840 4100 satis
2877 4060 3192 4112 persuasum
3229 4047 3303 4101 sit
3341 4049 3407 4102 de
3432 4064 3595 4102 sensu

2033 4129 2219 4169 eorum
2268 4114 2557 4185 verborum
2612 4115 2783 4185 nostri
2813 4115 3193 4183 Theophanis,
3232 4132 3391 4185 quem
3423 4120 3604 4172 hacte-

2034 4199 2136 4238 nus
2165 4182 2455 4252 explicavi,
2507 4184 2781 4251 confugiat
2827 4185 3021 4237 iterum
3056 4185 3180 4240 lieet
3232 4182 3301 4240 ad
3357 4202 3473 4240 cam
3505 4191 3601 4240 de-

2034 4253 2357 4313 fensionem.
2384 4270 2546 4325 quam
2577 4254 2731 4307 1111110
2759 4256 2986 4320 prmtnli,
3043 4260 3395 4325 eamdemque
3446 4272 3602 4324 pror-

2033 4339 2150 4388 sus,
2220 4320 2413 4391 quam'
2455 4320 2691 4377 Jodocus
2761 4325 3106 4378 Glicthoreus
3187 4320 3599 4379 Comment-tutor

2033 4392 2352 4446 Damasceni
2426 4408 2526 4447 suo
2587 4393 2775 4447 tribuit
2823 4392 3155 4447 Damasccno
3228 4395 3311 4448 his
3373 4397 3596 4449 verbis:

2035 4461 2215 4534 Neque
2240 4472 2411 4516 tamen
2438 4463 2633 4534 idcirco
2656 4464 2848 4534 erroris
2884 4477 3065 4516 notam
3088 4467 3291 4520 auctori
3315 4465 3601 4534 impingere

2035 4532 2120 4601 fas
2172 4541 2269 4590 est,
2308 4532 2477 4601 quod,
2504 4549 2647 4586 more
2694 4532 2996 4587 Crwcorum
3052 4537 3271 4587 senserit
3339 4532 3599 4597 Spiritum

2036 4599 2278 4656 sanctum
2306 4599 2397 4667 per
2432 4599 2656 4664 Filium,
2688 4619 2792 4656 non
2815 4614 2992 4654 autem
3028 4620 3092 4655 ca:
3119 4602 3261 4657 Filio
3288 4609 3601 4671 procedere;

2038 4672 2126 4725 sed
2151 4686 2244 4739 pro
2282 4673 2525 4738 temporis
2547 4672 2845 4725 conditione
2870 4674 3153 4725 tittinanant
3172 4690 3423 4727 excusare
3454 4676 3604 4742 igneo

2038 4745 2289 4803 rantiam,
2344 4754 2399 4793 ut
2425 4742 2516 4811 qui
2554 4752 2775 4809 tempus,
2821 4759 2922 4811 quo
2967 4742 3201 4811 Spiritus
3257 4746 3423 4796 sancti
3473 4761 3599 4810 pro-

2036 4812 2324 4865 cessionem
2371 4810 2443 4863 ctu
2477 4810 2638 4864 Patre
2696 4811 2941 4880 Filioque
2986 4814 3302 4865 credendam
3360 4812 3597 4867 Ecclcsm

2035 4881 2294 4933 catholica
2333 4896 2573 4948 expresse
2613 4882 3002 4944 determinavit,
3054 4884 3408 4935 antecesserit.
3434 4883 3498 4935 111
3535 4884 3602 4936 iis

2036 4962 2231 5013 autem,
2278 4966 2395 5018 qua:
2425 4952 2641 5003 necdum
2665 4952 2870 5019 publica
2928 4953 3133 5004 decreto
3179 4954 3396 5021 tte/inita
3435 4964 3555 5006 sunt
3582 4994 3600 5019 ,

2032 5029 2311 5088 antequam
2324 5033 2498 5086 aperte
2512 5023 2945 5086 determinentur,
2960 5022 3161 5075 diverso
3174 5024 3432 5075 interdum
3451 5030 3603 5075 modo

2030 5091 2221 5143 sentire
2248 5091 2640 5156 comperiantur
2666 5093 2872 5157 probati
2905 5103 3167 5144 auctores.
3202 5090 3279 5145 lta
3331 5092 3599 5146 Clicthov.

2032 5174 2131 5228 pro
2186 5158 2541 5213 Damasceno.
2576 5158 2875 5227 Itidemque
2902 5175 2999 5228 pro
3060 5172 3249 5216 nostro
3294 5160 3483 5222 allero,
3510 5164 3601 5227 qui

2033 5239 2209 5298 tamen
2233 5244 2542 5298 quanquam
2574 5245 2679 5282 non
2712 5230 2859 5283 dicat
2893 5229 2999 5282 ullo
3032 5232 3147 5284 loco
3188 5245 3244 5283 111
3273 5230 3594 5285 Damascen.

2029 5314 2119 5365 per
2167 5297 2361 5351 Filium
2408 5302 2699 5367 procedere
2735 5299 2993 5366 Spiritum
3044 5311 3317 5363 sanctum,
3351 5304 3439 5369 qui
3485 5318 3602 5353 1110-

2030 5369 2128 5423 dus
2171 5368 2421 5437 loquendi
2473 5369 2578 5433 jam
2636 5369 2941 5421 declaratus
2981 5380 3062 5422 est
3110 5370 3252 5423 idem
3296 5385 3418 5424 esse
3450 5388 3511 5424 ac
3536 5387 3606 5423 ea:

2031 5437 2177 5491 Filio
2219 5450 2273 5491 ut
2319 5454 2383 5492 ex
2421 5437 2628 5509 Concil.
2667 5438 2905 5509 Floreat.
2944 5450 2997 5493 et
3044 5439 3243 5507 disput.
3283 5440 3357 5493 ibi
3413 5442 3605 5509 positis

2034 5510 2246 5563 Bessan
2297 5509 2469 5563 Genu.
2506 5507 2664 5576 Grcg.
2704 5508 3094 5577 Protosyncellt
3129 5521 3372 5578 apparet,
3414 5507 3493 5563 'ct
3535 5525 3600 5563 cx

2033 5578 2226 5632 Bellar.
2261 5595 2383 5644 sup.
2417 5578 2788 5643 ostendimus;
2843 5594 3151 5648 quanquam
3182 5581 3344 5648 igitur
3368 5581 3469 5633 hoc
3495 5596 3601 5632 non

2029 5657 2239 5704 asserat
2277 5648 2654 5716 Theophanes,
2689 5651 2780 5701 sed
2814 5650 2959 5701 dicat
2993 5667 3021 5702 a
3072 5649 3233 5702 Patre
3287 5652 3603 5717 procedere,

2032 5736 2134 5771 non
2173 5732 2346 5770 tamen
2401 5732 2653 5786 expresse
2709 5720 2951 5770 excludit
2983 5736 3047 5772 ex
3094 5718 3250 5780 Filio,
3286 5722 3424 5785 quod
3493 5720 3599 5769 Da-

2032 5806 2095 5841 tn.
2122 5804 2320 5843 sccnus
2366 5790 2496 5865 fecit.
2532 5803 2594 5841 co
2642 5804 2824 5853 Stllall,
2861 5802 2910 5853 et
2966 5792 3122 5844 modo
3164 5791 3274 5859 jam
3310 5789 3601 5857 explicato.
