4074 6440
308 402 421 472 979

309 609 751 685 diligeretzquia
774 607 841 663 de
873 605 1073 660 mundo
1127 617 1233 657 non
1292 602 1445 665 estis,
1507 603 1601 658 sed
1642 618 1744 673 ego
1795 618 1888 658 vos

311 702 450 774 elegi
487 702 554 758 de
585 698 805 765 mundo,
831 696 950 752 ideo
986 695 1219 750 mundus
1250 708 1348 750 vos
1385 693 1523 749 odit.
1585 712 1605 746 ι
1661 694 1890 749 Mundus

310 797 511 853 dicitur
542 789 676 864 (90),
716 790 858 862 quod
888 804 952 843 ex
981 788 1144 855 celo,
1181 795 1458 855 terraque,
1526 793 1582 841 et
1633 785 1718 841 his
1763 801 1883 856 quae

311 888 366 942 in
394 886 571 941 medio
596 893 721 940 sunt
753 881 1064 950 interjecta,
1119 878 1478 934 constitutum
1530 887 1691 947 alque
1741 893 1892 931 com-

310 986 527 1049 pactum
578 984 713 1029 est:
758 973 911 1044 juxta
965 985 1127 1042 quam
1200 968 1655 1041 significationem
1724 970 1889 1023 Deum

309 1067 496 1124 mundi
539 1065 916 1121 fabricatorem
953 1077 1231 1118 vocamus.
1279 1059 1504 1130 Κόσμος
1546 1059 1712 1114 etiam
1770 1060 1887 1130 pul-

308 1160 569 1218 chritudo
619 1174 683 1217 ex
727 1158 962 1229 partium
1006 1158 1360 1228 proportione
1421 1168 1786 1225 consurgens,
1841 1163 1896 1207 et

307 1250 527 1321 quidam
551 1258 803 1315 ornatus,
832 1262 932 1318 pro
980 1256 1038 1301 ut
1093 1247 1146 1301 in
1200 1245 1469 1301 Manassae
1529 1246 1749 1300 cantico
1800 1246 1892 1299 de-

307 1352 590 1398 cantatum
622 1350 710 1397 est
739 1341 871 1397 illud
913 1358 926 1395 :
964 1357 983 1391 ι
1014 1339 1114 1406 Qui
1141 1339 1316 1394 fecisti
1349 1339 1546 1395 cmlum
1577 1348 1631 1393 et
1668 1348 1893 1403 terram,

308 1448 434 1487 cum
466 1431 615 1486 omni
638 1438 839 1485 ornatu
870 1444 1082 1485 eorum.
1125 1449 1144 1481 ι
1194 1429 1425 1484 Mundus
1477 1428 1640 1483 etiam
1691 1428 1894 1484 dicitur

308 1523 494 1595 populi
548 1520 869 1587 multitudo;
908 1519 1056 1575 unde
1119 1520 1279 1575 invisi
1328 1520 1438 1575 Deo
1497 1518 1778 1589 pontifici-5
1829 1520 1896 1574 de

310 1619 534 1674 Christo
589 1617 844 1672 dicebant
891 1634 905 1670 :
964 1614 1100 1669 Ecce
1144 1615 1373 1668 mundus
1417 1625 1553 1669 totus
1613 1623 1729 1677 post
1776 1630 1895 1668 eum

311 1709 421 1765 abit
452 1708 521 1762 δ”.
563 1728 582 1762 ι
616 1707 712 1764 Est
744 1707 909 1763 etiam
937 1704 1158 1776 quando
1194 1714 1251 1759 et
1282 1705 1503 1773 fmundi
1560 1705 1789 1770 malitia,
1816 1706 1891 1772 fet

310 1800 608 1871 voluptatis
639 1799 917 1866 illecebra,
953 1807 1007 1853 et
1029 1800 1144 1868 ipsa
1179 1811 1360 1852 rerum
1399 1798 1452 1851 in
1489 1798 1715 1852 materia
1763 1812 1894 1852 con-

311 1905 590 1951 cretarum
642 1892 879 1948 colluvie
908 1890 1141 1946 mundus
1198 1890 1434 1958 dicatur,
1487 1891 1626 1945 unde
1664 1890 1895 1945 munda-

314 2002 416 2042 nos
466 1984 801 2057 appellamus
860 1998 953 2039 eos
1007 1984 1099 2054 qui
1131 1984 1215 2038 his
1267 1982 1432 2037 dediti
1483 1981 1650 2036 vitam
1707 1992 1897 2051 agunt.

313 2078 537 2147 Κόσμος
564 2075 734 2132 etiam
798 2074 909 2130 dici
940 2073 1232 2145 aliquando
1265 2080 1448 2143 posset
1473 2073 1677 2143 aliquid
1702 2072 1788 2127 his
1821 2074 1903 2127 di-

312 2171 419 2227 etis
451 2169 784 2241 oppositum,
810 2167 1080 2225 laboriosa
1131 2167 1342 2223 scilicet
1382 2167 1644 2222 virtutum
1693 2166 1903 2222 exerci-

314 2265 469 2330 tatio,
504 2277 667 2333 quam
692 2262 955 2320 Dominus
978 2263 1030 2316 in
1068 2262 1249 2331 seipse
1272 2261 1674 2328 perfectissime
1714 2270 1904 2315 osten-

316 2359 436 2423 dit;
465 2356 603 2411 dixit
639 2357 784 2412 enim
816 2354 1097 2425 discipulis
1128 2372 1141 2409 :
1182 2371 1200 2405 t
1233 2353 1387 2408 Exivi
1412 2371 1439 2407 ιι
1468 2352 1652 2419 Patre,
1690 2363 1739 2406 et
1778 2353 1904 2407 veni

314 2450 372 2505 in
411 2450 711 2505 mundum:
751 2448 944 2504 iterum
980 2447 1229 2516 relinquo
1258 2449 1542 2510 mundum,
1577 2457 1631 2502 ct
1669 2447 1806 2501 vado
1837 2446 1903 2499 ad

317 2541 537 2597 Patrem
567 2542 652 2607 ";
692 2560 711 2592 ι
748 2541 854 2596 hoc
878 2550 983 2608 est,
1011 2541 1332 2596 exinaniens
1393 2556 1479 2594 me
1528 2541 1702 2611 ipsum
1761 2541 1903 2595 divi-

315 2633 491 2689 nitate
525 2633 727 2689 laboris
757 2634 1006 2703 experte,
1036 2633 1159 2686 veni
1185 2631 1238 2686 in
1288 2632 1434 2687 hunc
1490 2633 1775 2697 mundum,
1820 2633 1900 2686 la-

317 2726 592 2782 boriosam
626 2725 891 2782 videlicet
918 2725 1041 2779 vita:
1070 2741 1165 2794 per
1212 2725 1467 2781 virtutem
1539 2734 1677 2779 acta:
1737 2724 1906 2780 ratio-

318 2833 467 2884 nem,
505 2827 567 2874 ut
591 2819 731 2874 viam
757 2819 910 2877 vobis
940 2821 1214 2889 praeirem,
1245 2834 1343 2888 per
1386 2833 1549 2888 quam
1606 2818 1906 2889 ingredire-

319 2910 459 2965 mini
495 2910 562 2964 ad
603 2909 750 2965 illam
783 2929 796 2965 :
837 2926 983 2966 nunc
1017 2925 1146 2965 vero
1172 2924 1294 2973 eam
1326 2908 1641 2976 relinquens
1658 2906 1902 2963 discedo.

319 2999 398 3066 Et,
424 3000 676 3057 fortassis
705 3002 807 3060 hoc
849 3009 967 3057 erat
1016 3003 1159 3071 quod
1213 2998 1314 3067 ipsi
1372 2998 1583 3055 Martha
1636 2999 1901 3055 dicebat:

329 3113 349 3145 ι
382 3092 461 3149 Tu
494 3108 554 3150 es
583 3094 837 3150 Christus
860 3092 1035 3150 Filius
1060 3093 1177 3157 Dei,
1211 3090 1306 3163 qui
1347 3092 1402 3147 in
1438 3092 1583 3165 hunc
1638 3092 1903 3147 mundum

320 3185 519 3241 venisti
547 3186 616 3253 “,
650 3204 669 3238 ι
708 3188 966 3241 nmndum
994 3186 1204 3241 scilicet
1270 3187 1535 3240 virtutum
1596 3184 1903 3240 insinuans.

326 3278 551 3334 Videtur
577 3293 704 3334 vere
732 3280 898 3334 etiam
927 3282 994 3334 de
1029 3279 1133 3334 hoe
1156 3279 1357 3334 mundo
1377 3278 1666 3346 discipulis
1709 3279 1904 3334 Salva-

326 3382 415 3426 tor
445 3370 659 3427 locutus
694 3387 710 3424 ι
750 3389 769 3423 ι
809 3369 866 3425 In
897 3372 1098 3425 mundo
1125 3385 1443 3441 pressuram
1465 3370 1734 3425 habebitis
1770 3370 1853 3437 ιτς
1884 3390 1902 3424 ι

327 3472 479 3519 arcta
515 3464 659 3521 enim
687 3473 770 3519 est
798 3473 851 3519 et
877 3473 1103 3534 augusta
1135 3463 1350 3518 virtutis
1382 3465 1467 3518 via
1491 3461 1558 3517 ".
1589 3461 1751 3535 381
1796 3462 1911 3519 Hoc

329 3559 505 3628 igitur
527 3559 686 3615 modo
719 3558 1069 3630 ambiguitate
1091 3557 1370 3624 distincta,
1396 3568 1451 3614 et
1469 3558 1732 3627 explicata
1751 3557 1909 3613 intel-

1526 397 2023 474 THEOPHANIS
2062 396 2431 495 CERAMEI\

388 539 406 571 ι
443 517 501 574 Si
535 516 605 572 de
638 512 838 585 mundo
875 511 1094 577 essetis,
1123 508 1353 564 mundus
1384 509 1528 578 quod
1567 525 1726 564 suum
1772 518 1891 564 erat
1924 514 1965 565 Α

3479 394 3585 458 980

2072 507 2190 561 «Εἰ
2222 508 2286 561 ἐκ
2315 505 2412 561 τοῦ
2477 504 2685 576 κόσμου
2749 497 2872 576 ἦτε,
2905 502 2935 557 6
2991 503 3198 574 κόσμος
3256 503 3325 557 ἂν
3360 501 3423 557 ἰδ
3452 504 3589 558 ἰδιον

1994 599 2206 669 ἐφίλει’
2236 601 2319 654 ὅτι
2354 599 2411 653 δὲ
2471 599 2536 652 ἐκ
2595 597 2693 651 τοῦ
2749 597 2960 667 κόσμου
3000 598 3103 651 οὐκ
3142 597 3291 661 ἐστὲ,
3326 596 3447 651 ἀλλ’
3469 598 3584 665 ἐγὼ

1996 698 2334 769 ἐξελεξάμην
2371 697 2518 766 ὑμᾶς
2559 697 2623 748 ἐκ
2671 692 2770 748 τοῦ
2829 694 3060 764 κόσμου,
3091 693 3183 748 διὰ
3208 691 3404 747 τοῦτου
3436 696 3586 763 μισεῖ

1997 793 2142 863 ὑμᾶς
2178 793 2207 845 6
2258 791 2484 859 κόσμος.
2527 805 2547 839 ›
2578 787 2801 858 Κόσμος
2845 785 3065 854 λέγεται
3121 785 3182 839 τὸ
3234 784 3294 850 ἐξ
3355 783 3588 855 οὐρανίιῦ

1998 887 2094 938 καὶ
2114 883 2240 953 γῆς,
2275 883 2369 936 καὶ
2394 881 2502 935 τῶν
2525 882 2583 934 ἐν
2610 880 2768 950 μέσῳ
2794 878 3054 948 σύστημά
3070 896 3128 930 τε
3155 879 3250 931 καὶ
3276 875 3587 948 σύγκριμα,

1998 975 2124 1030 καθ’
2151 975 2179 1028 ὃ
2214 973 2550 1046 δημιουργὸν
2576 971 2673 1027 τοῦ
2703 972 2913 1043 κόσμου
2939 973 3123 1042 φαμὲν
3155 972 3244 1024 τὸν
3275 971 3432 1024 Θεόν.
3484 971 3589 1022 Κό-

2002 1086 2140 1140 σμος
2172 1067 2271 1123 καὶ
2299 1069 2333 1137 ἡ
2365 1065 2463 1123 τοῦ
2516 1065 2750 1128 κάλλους
2797 1064 3058 1135 ἁρμονία,
3098 1063 3190 1117 καὶ
3216 1062 3588 1133 διακόσμησις

1999 1163 2142 1217 κατὰ
2166 1161 2226 1216 τὸ
2262 1159 2610 1232 ὑμνούμενον
2637 1160 2696 1213 ἐν
2724 1160 2790 1229 τῇ
2817 1157 2929 1229 ᾡδῇ
2951 1158 3224 1230 Μανασσῇ
3250 1171 3264 1187 ο
3295 1177 3313 1209 ι
3357 1157 3417 1211 Ὀ
3442 1158 3591 1227 ποιή-

2002 1268 2102 1315 σας
2135 1251 2230 1305 τὸν
2258 1251 2507 1318 οὐρανὸν,
2539 1250 2640 1303 καὶ
2665 1248 2768 1319 τὴν
2796 1251 2924 1319 γῆν,
2968 1248 3068 1302 σὺν
3102 1248 3266 1301 παντὶ
3294 1248 3371 1317 τῷ
3400 1249 3595 1318 κόσμῳ

1999 1343 2202 1397 αὐτῶν.
2242 1361 2261 1395 ι
2297 1342 2522 1412 Κόσμος
2554 1342 2650 1395 καὶ
2672 1341 2706 1411 ἡ
2741 1339 2837 1394 τοῦ
2877 1339 3013 1393 λαοῦ
3039 1339 3260 1408 πληθύς
3288 1357 3302 1370 ·
3327 1340 3427 1394 καὶ
3458 1341 3593 1408 γοῦν

2000 1436 2189 1504 ἔλεγον
2225 1436 2273 1490 οἱ
2298 1436 2616 1504 θεοστυγεῖς
2670 1435 2953 1505 ἀρχιερεῖς
3010 1434 3143 1504 περὶ
3182 1431 3277 1488 τοῦ
3308 1433 3549 1504 Χριστοῦ
3575 1450 3590 1464 ·

2008 1547 2024 1581 ι
2060 1530 2169 1584 Ἴδε
2210 1532 2238 1583 6
2271 1529 2479 1600 κόσμος
2536 1527 2783 1598 ἀπῆλθεν
2835 1526 3015 1581 ὀπίσω
3066 1526 3257 1581 αὑτοῦ.
3294 1545 3314 1577 ι
3358 1528 3516 1580 Ἔστι
3549 1527 3596 1579 δ’

2000 1624 2090 1677 ὅτε
2120 1623 2214 1676 καὶ
2246 1624 2278 1690 ὴ
2318 1620 2563 1692 κοσμικὴ
2621 1620 2813 1683 κακία,
2840 1620 2939 1674 καὶ
2982 1618 3369 1690 ήδελεάζουσα
3408 1620 3595 1690 ήδινὴ,

2000 1712 2096 1765 καὶ
2124 1713 2157 1782 ἡ
2188 1710 2325 1780 πρὸς
2350 1710 2450 1782 τὴν
2507 1710 2639 1773 ὕλην
2667 1710 3000 1780 ἀνάφυρσις,
3033 1708 3157 1764 καθ’
3184 1710 3213 1763 ὃ
3241 1711 3368 1773 τοὺς
3395 1711 3453 1762 ἐν
3494 1710 3597 1761 αύ-

2002 1802 2417 1872 τοῖςνβιοῦντας,
2446 1802 2751 1872 κοσμικοίις
2779 1800 3144 1872 ὀνομάζομεν.
3177 1801 3409 1869 Δέγοιτο
3468 1801 3516 1855 δ’
3531 1802 3598 1855 ἄν

2010 1912 2141 1948 ποτε
2202 1895 2429 1965 κόσμος,
2467 1898 2562 1948 καὶ
2593 1897 2627 1967 ή
2661 1894 2722 1960 ἐξ
2762 1895 3012 1948 ἐναντίου
3074 1893 3286 1948 τούτων
3337 1892 3599 1956 ἐπίπονος

2008 1985 2246 2058 ἐργασία
2301 1986 2414 2040 τῶν
2460 1986 2698 2058 ἀρετῶν,
2748 1986 2816 2058 ἢν
2843 1988 2871 2040 ὁ
2927 1985 3137 2057 Κύριος
3176 1986 3244 2039 δι’
3286 1985 3483 2040 ἑαυτοῦ
3512 2004 3600 2039 τε-

2007 2079 2277 2149 λεώτερον
2355 2077 2579 2145 ἔδειξεν.
2618 2077 2817 2147 Ἔλεγε
2906 2076 3041 2143 γοῦν
3107 2078 3223 2140 τοῖς
3284 2076 3555 2146 μαθηταῖς
3584 2094 3598 2109 ο

2014 2187 2032 2220 ι
2081 2167 2337 2238 Ἐξῆλθον
2365 2169 2519 2240 παρά
2586 2167 2683 2222 τοῦ
2731 2166 2973 2239 Πατρδς,
3007 2168 3103 2222 καὶ
3131 2166 3369 2239 ἐλήλυθα
3397 2169 3474 2230 εἰς
3505 2168 3600 2221 τὸν

2011 2261 2221 2331 κόσμον
2245 2274 2263 2291 ·
2298 2259 2465 2314 πάλιν
2495 2260 2705 2331 ἀφίημι
2760 2259 2855 2313 τὸν
2896 2260 3128 2330 κόσμον,
3160 2262 3258 2315 καὶ
3292 2259 3601 2331 πορεύομαι

2009 2352 2147 2422 πρδς
2176 2351 2268 2406 τὸν
2309 2352 2557 2423 Πατέρα,
2594 2372 2613 2404 ι
2650 2352 2904 2406 τουτέστι
2945 2351 3202 2416 κενώσας
3225 2353 3467 2423 ἐμαυτὸν
3490 2352 3600 2422 τῆς

2008 2445 2250 2518 ἀμόχθου
2314 2445 2593 2517 θεότητος,
2631 2441 2800 2518 ἦλθον
2833 2447 2915 2509 είς
2940 2444 3033 2500 τὸν
3079 2446 3341 2500 ἐπίπονον
3369 2448 3600 2518 κόσμον,

2009 2539 2111 2609 τῆς
2141 2538 2401 2608 ἐναρέτου
2430 2539 2735 2605 πολιτείας,
2770 2540 2889 2604 ὁδὸς
2942 2539 3073 2610 ὑμῖν
3105 2539 3364 2609 γενέσθαι
3389 2541 3486 2609 τῆς
3521 2542 3605 2603 είς

2009 2633 2181 2705 αὐτὴν
2241 2631 2601 2696 είσελεύσεως
2630 2646 2645 2661 ·
2673 2632 2770 2687 νῦν
2828 2632 2874 2684 δ’
2905 2631 3107 2702 ἄπειμι
3153 2631 3363 2702 ταύτην
3392 2633 3553 2703 ἀφείς
3584 2649 3601 2665 ο

2009 2729 2105 2782 καὶ
2142 2727 2286 2798 τάχα
2308 2727 2456 2782 τοῦτ’
2485 2723 2575 2798 ἦν,
2611 2728 2749 2797 ὅπερ
2775 2728 2809 2798 ἡ
2836 2725 3039 2797 Μάρθα
3068 2719 3224 2779 εἶπεν
3255 2725 3404 2797 αύτῷ
3429 2742 3443 2757 ·
3480 2744 3498 2778 ι
3526 2726 3602 2780 Σὺ

2008 2816 2061 2874 εἷ
2082 2821 2111 2874 6
2136 2820 2377 2892 Χριστὸς
2430 2823 2458 2874 6
2505 2821 2633 2885 Υίὸς
2661 2820 2757 2875 τοῦ
2800 2819 2939 2874 Θεοῦ
2971 2822 2999 2873 ὁ
3055 2820 3139 2884 είς
3167 2820 3260 2873 τὸν
3289 2819 3495 2890 κόσμον
3515 2820 3606 2871 ἐλ-

2010 2911 2140 2977 θὼν,
2179 2930 2198 2964 s
2237 2912 2330 2966 τὸν
2360 2911 2565 2981 κόσμον
2615 2910 2961 2982 ἐμφαίνουσα
2995 2909 3106 2965 τῶν
3158 2910 3400 2981 ἀρετῶν.
3438 2912 3604 2963 Δοκεῖ

2006 3006 2066 3060 δέ
2096 3006 2190 3060 καὶ
2219 3007 2333 3068 τοῖς
2367 3003 2644 3075 μαθηταῖς
2670 3006 2699 3058 6
2727 3004 2926 3077 Σωτὴρ
2960 3003 3094 3075 περὶ
3111 3003 3360 3058 τοιούτου
3387 3004 3601 3074 κόσμου

2008 3096 2213 3152 λαλεῖν.
2251 3115 2271 3149 ι
2323 3097 2415 3150 Ἐν
2443 3096 2520 3168 τῷ
2543 3096 2737 3166 κόσμῳ
2770 3096 2956 3166 θλίψιν
2985 3095 3139 3159 ἕξετε
3164 3114 3175 3128 ·
3209 3115 3228 3150 ι
3261 3094 3602 3166 τεθλιμμένη

2018 3190 2153 3264 γὰρ,
2191 3191 2287 3245 καὶ
2320 3191 2482 3260 στενὴ
2522 3192 2555 3262 ή
2587 3191 2689 3261 τῆς
2738 3190 2959 3262 ἀρετῆς
2986 3190 3126 3255 ὁδός.
3156 3189 3316 3245 Οὕτω
3342 3188 3476 3258 γοῦν
3504 3190 3605 3259 τῆς

2015 3283 2340 3354 ὁμωνυμίας
2362 3282 2760 3354 διαιρεθείσης,
2791 3284 3065 3354 προσήκει
3096 3283 3239 3336 νοεῖν
3254 3280 3330 3344 ὡς
3352 3283 3379 3334 6
3408 3277 3603 3347 Σωτὴρ

2017 3376 2254 3430 ἐνταῦθα
2283 3375 2491 3445 κόσμον
2535 3375 2764 3431 ἐκάλεσε
2792 3375 2893 3447 τὴν
2941 3375 3219 3447 κοσμικὴν
3247 3373 3478 3445 τύρόην,
3507 3373 3603 3425 καὶ

2020 3470 2245 3532 κακίαν,
2270 3469 2365 3524 καὶ
2392 3470 2521 3534 τοὺς
2544 3468 2754 3540 ταύτην
2775 3471 2983 3540 ἐνησκη
2993 3469 3192 3540 μένους
3220 3467 3481 3537 φαύλους,
3509 3463 3606 3519 καὶ

2023 3559 2318 3634 πονηρούς.
2355 3578 2375 3614 ι
2412 3560 2477 3614 Et
2508 3561 2575 3615 ἐκ
2626 3561 2724 3615 τοῦ
2757 3560 2969 3632 κόσμου
2997 3555 3122 3633 ἦτε,
3143 3563 3171 3615 6
3205 3561 3411 3632 κόσμος
3448 3560 3514 3613 ἂν
3545 3556 3607 3609 τὸ

407 3702 451 3736 ⁸⁵
483 3699 643 3757 Joav.
674 3716 771 3763 ιιι,
818 3699 897 3753 l9.
978 3699 1023 3729 "‘
1075 3698 1373 3763 Jo:w.xvr,
1433 3697 1524 3751 20.
1602 3699 1646 3730 ἰθ
1693 3697 1853 3757 Joau.
1886 3678 1963 3765 at,
2014 3699 2105 3755 ‘28.
2182 3701 2227 3732 ⁸⁷
2264 3698 2422 3758 Joan.
2480 3718 2592 3768 χιιι,
2636 3703 2725 3759 55.
2806 3699 3069 3756 “Matth.
3121 3716 3219 3764 vn,
3272 3698 3353 3754 l6.

1570 3835 1895 3898 Ἐγειηοὶπὶ
1928 3836 2143 3899 Scorsi
2172 3845 2361 3901 notas.

407 3992 525 4063 (90)
564 3990 799 4046 Mundus
844 3992 1065 4063 dicitur.
1120 3988 1327 4046 Omnes
1384 3988 1720 4063 significatus
1779 4004 1917 4059 quos

331 4066 386 4120 in
419 4060 619 4119 Graeca
653 4077 788 4116 voce
846 4062 1056 4130 κόσμος
1117 4060 1510 4130 ἰηρεδθίιιιιιιὶι
1563 4061 1652 4115 hic
1699 4068 1913 4125 auctor,

332 4132 629 4191 convenire
683 4143 912 4199 possunt
947 4129 1113 4186 etiam
1162 4131 1279 4183 voci
1306 4129 1512 4184 Latina:
1546 4130 1911 4197 respondenti,

331 4205 590 4273 mundus.
624 4203 842 4273 dempta
873 4199 1461 4273 postrema._Primatn
1486 4216 1678 4273 omnes
1698 4202 1911 4273 sciunt,

334 4274 427 4336 ιιιιὶ
478 4270 670 4327 Latine
737 4271 939 4326 sciunt.
993 4271 1108 4326 Cic.
1172 4270 1246 4325 De
1306 4280 1423 4326 nat.
1481 4272 1632 4326 dear.
1698 4271 1795 4325 lib.
1833 4285 1909 4325 tt:

334 4342 613 4411 Principio
670 4343 779 4409 ipse
813 4341 1038 4395 mundus
1077 4344 1296 4394 deorum
1356 4342 1731 4413 hominumque
1749 4356 1913 4413 causa

338 4415 530 4485 factus,
559 4421 656 4477 est,
693 4426 1015 4485 quacunque
1043 4414 1097 4466 in
1127 4428 1185 4464 ea
1217 4421 1368 4485 sunt,
1382 4422 1445 4485 et
1473 4411 1662 4485 parata
1690 4412 1761 4465 ad
1794 4411 1913 4479 fru-

336 4481 480 4538 ctum
511 4482 801 4544 hominum,
833 4492 879 4536 et
911 4481 1117 4536 inventa
1145 4492 1287 4536 sunt.
1325 4482 1519 4539 Missos
1549 4481 1687 4538 facio
1724 4491 1914 4547 poetas

379 4555 428 4608 ui
461 4568 522 4607 ea
572 4568 704 4608 voce
739 4552 959 4621 smpius,
1013 4561 1067 4605 et
1098 4551 1239 4605 obvii
1273 4565 1399 4607 sunt
1431 4554 1635 4620 pueris.
1700 4551 1914 4607 Plinius

338 4570 408 4677 3e
438 4632 687 4677 ntrauue.
711 4637 834 4677 cao.
866 4625 922 4677 4.
957 4622 1049 4677 lih.
1079 4639 1114 4676 ιι
1146 4620 1287 4676 Hist.
1322 4635 1434 4676 nat.
1466 4641 1485 4677 :
1517 4621 1682 4677 Ouem
1708 4622 1914 4677 κόσμον

2004 3990 2487 4059 ,εἰαιιίίὶαιιιίοιιειιι
2546 3987 2674 4043 huic
2731 3985 3044 4059 pe‘nultima:
3106 3983 3465 4059 contrariam,
3500 4000 3608 4055 qua

2025 4076 2129 4115 non
2162 4060 2465 4130 voluptates
2496 4068 2550 4114 et
2582 4055 2866 4130 commoda
2896 4055 3055 4127 hujus
3094 4055 3220 4130 vitae
3270 4055 3458 4130 mundi
3506 4072 3608 4130 ηρ-

2024 4130 2173 4185 mine
2205 4125 2603 4200 significantur,
2638 4128 2732 4200 sed
2763 4125 2979 4183 labores
3011 4125 3214 4197 potius,
3241 4134 3295 4179 et
3315 4125 3605 4200 ,_niolesti:e

2022 4201 2074 4254 in
2107 4195 2366 4255 virtuium
2402 4199 2798 4256 exercitatione
2863 4195 3131 4266 susceptae
3190 4195 3335 4266 apud
3386 4195 3608 4266 Latinos

2025 4269 2211 4324 Patres
2264 4272 2500 4325 nondum
2532 4269 2730 4339 reperi.
2775 4265 3037 4339 Occurrit
3070 4282 3199 4323 vero
3226 4265 3425 4333 legenti
3461 4265 3594 4320 mihi

2022 4339 2080 4393 S.
2120 4340 2340 4395 Maximi
2397 4337 2725 4406 Centurias;
2779 4355 2903 4392 nam
2937 4337 3143 4393 OEcon.
3177 4346 3322 4392 cent.
3375 4352 3450 4397 tv,
3482 4350 3604 4406 cap.

2024 4411 2112 4472 70.
2161 4411 2235 4465 ita
2280 4411 2565 4479 distinguit
2597 4404 2735 4464 hanc
2763 4409 3219 4478 significationem
3261 4421 3327 4460 ex
3363 4407 3452 4459 illo
3486 4404 3604 4479 loco

2022 4480 2183 4535 Joan.
2220 4499 2235 4536 ι
2268 4498 2280 4533 :
2333 4476 2469 4534 Erat
2512 4481 2607 4533 tua:
2634 4497 2778 4543 vera,
2813 4476 2931 4550 Quae
2974 4479 3246 4550 illuminat
3279 4492 3487 4530 onmem
3511 4476 3606 4529 ho-

2023 4554 2218 4607 minem
2257 4553 2543 4606 venienlem
2573 4552 2631 4604 in
2665 4552 2803 4603 hunc
2824 4546 3121 4603 'mundum.
3180 4546 3335 4602 Certe
3367 4562 3470 4598 non
3498 4562 3613 4599 om-

378 4639 408 4678 e
438 4632 687 4693 utraque.
711 4612 834 4693 cap:
866 4625 922 4689 4,
946 4612 1049 4678 Ἰὶί).
1079 4639 1115 4693 ιι
1146 4620 1301 4693 Hist.
1322 4612 1444 4676 nat:
1466 4641 1485 4677 :
1517 4621 1682 4686 Quem
1708 4622 1917 4691 κόσμον
1953 4612 1995 4667 0
2022 4625 2103 4677 nis
2153 4623 2305 4693 homo
2332 4622 2423 4689 qui
2467 4622 2609 4675 venit
2654 4623 2710 4674 in
2735 4622 2872 4675 hunc
2900 4621 3167 4693 mundani
3208 4617 3545 4693 illuminatur
3575 4633 3609 4668 α

339 4693 515 4749 erci
563 4692 777 4748 nomine
826 4692 1120 4747 ornamenti
1152 4692 1570 4761 appellaverunt,
1603 4710 1720 4748 eum
1740 4700 1790 4745 et
1822 4708 1915 4745 nos

339 4783 372 4817 a
436 4763 694 4833 perfectis,
745 4763 1095 4833 absolutoque
1140 4762 1427 4831 elegantia,
1495 4762 1774 4817 mundum.
1834 4763 1909 4815 lta

336 4834 595 4901 Plinius;
649 4848 716 4888 ex
751 4848 858 4900 quo
906 4833 1081 4896 vides,
1123 4848 1227 4903 qua
1286 4837 1495 4887 ratione
1544 4836 1776 4887 mundus
1816 4847 1914 4903 ap.-

342 4904 573 4974 pelletur
597 4904 847 4959 machina
874 4902 1151 4959 universi.
1174 4905 1422 4958 Secunda
1452 4904 1780 4974 significatio
1818 4902 1914 4955 τοῦ

341 4976 580 5045 κόσμου,
634 4989 740 5043 qua
800 4974 1289 5045 pulchritudinem,
1336 4982 1659 5037 ornatumve
1711 4974 1912 5045 signat,

341 5044 541 5100 allucet
585 5044 637 5097 in
664 5058 797 5098 voce
837 5044 1025 5098 Latina
1061 5046 1286 5097 mundus
1319 5060 1440 5099 cum
1473 5045 1700 5098 mundus
1731 5044 1919 5097 mulie-

344 5117 485 5178 bris,
528 5115 670 5184 satis,
696 5113 887 5169 Latine
919 5129 1015 5184 pro
1044 5126 1235 5168 ornatu
1265 5123 1578 5184 usurpatur.
1607 5114 1726 5168 Liv.
1754 5114 1846 5168 lib.
1878 5128 1913 5167 ιι

343 5187 425 5240 De
453 5184 588 5238 bello
620 5183 863 5239 Maced.:
899 5183 1025 5239 Non
1061 5201 1253 5237 aurum
1294 5183 1450 5239 modo
1481 5185 1565 5247 iis,
1603 5185 1692 5239 sed
1715 5192 1919 5250 postre-

343 5266 435 5311 mo
491 5270 698 5324 quoque
737 5265 951 5322 uestem,
984 5255 1344 5325 mundumque
1373 5270 1578 5310 omnem
1607 5254 1917 5310 muliebrem

345 5326 566 5380 ademit.
602 5326 797 5382 Accius
830 5343 845 5381 :

419 5395 831 5469 Cumuirginali
853 5396 1057 5469 mundo
1085 5394 1220 5469 clam
1248 5406 1419 5463 pater.

344 5466 529 5535 Atque
559 5464 786 5522 haedum
819 5465 1248 5537 significationes
1279 5470 1419 5537 apud
1456 5474 1670 5522 veteres
1727 5464 1914 5519 latini-

348 5538 479 5591 tatis
508 5547 757 5593 auctores
790 5546 917 5592 sunt
950 5537 1168 5606 iniusu,
1199 5540 1423 5606 reliqua:
1455 5538 1573 5591 duae
1629 5546 1919 5605 postrema:

347 5606 491 5675 apud
527 5608 950 5663 ecclesiasticos.
988 5605 1121 5660 Nam
1158 5621 1277 5676 quae
1304 5610 1353 5660 in
1383 5609 1585 5661 muutlo
1609 5616 1917 5668 versantur,

347 5685 405 5730 et
434 5678 613 5743 potius
645 5678 709 5733 ad
733 5678 985 5739 ethesim.
1019 5691 1179 5746 quam
1213 5678 1277 5731 ad
1302 5679 1579 5746 physicam
1613 5676 1918 5744 spectantia

347 5746 716 5817 continentur.
770 5746 873 5802 SS.
907 5744 1101 5801 Patres
1136 5744 1314 5801 Graeci
1356 5744 1447 5800 τὸν
1478 5749 1708 5817 κόσμον,
1741 5747 1918 5801 Latini

346 5814 604 5887 mundum
640 5816 860 5887 dicunt;
914 5818 1141 5887 ejusque
1172 5817 1224 5869 in
1257 5818 1429 5871 sna-ris
1464 5814 1679 5871 Litteris
1708 5836 1809 5871 non
1839 5817 1915 5870 iu-

349 5884 612 5947 frequens
630 5899 760 5940 usus
778 5884 1019 5949 exempla
1050 5884 1175 5944 Sunt
1197 5890 1372 5943 obvia.
1399 5890 1661 5946 Ouartam
1690 5890 1920 5947 denique

2020 4694 2171 4747 verbo
2200 4711 2220 4758 ;
2249 4687 2423 4759 plures
2456 4692 2595 4745 enim
2621 4698 2832 4745 manent
2856 4705 2959 4742 non
2991 4687 3308 4751 illumirtati,
3337 4687 3609 4759 etlumine

2019 4758 2334 4832 cognitionis
2365 4772 2643 4832 carentes;
2695 4761 2787 4817 sed
2815 4759 2986 4813 omnis
3012 4758 3199 4832 procul
3232 4758 3393 4812 dubio
3422 4759 3606 4820 homo,

2018 4828 2109 4905 qui
2149 4833 2363 4902 propria
2413 4830 2683 4905 voluntate
2712 4839 2886 4905 motus
2942 4830 3113 4905 pergit
3161 4828 3217 4882 in
3242 4843 3419 4905 rerum
3453 4843 3611 4880 mun-

2018 4899 2156 4957 t'lum'
2189 4907 2474 4957 virtutum.
2520 4900 2708 4956 Omnis
2739 4900 2899 4962 enim,
2949 4901 3043 4967 qui
3074 4917 3104 4952 a
3142 4899 3420 4952 nativitate
3448 4915 3612 4966 spon—

2020 4986 2177 5029 taneo
2217 4972 2398 5042 pulsus
2431 4973 2488 5026 in
2520 4974 2739 5042 veritate
2781 4969 2916 5042 uenit
2952 4972 3007 5022 in
3040 4969 3429 5042 It'ujusgeneris
3450 4984 3615 5042 mun-

2020 5046 2169 5107 dum,
2213 5038 2243 5097 ἐι
2274 5044 2425 5097 verbo
2453 5059 2579 5096 sane
2635 5041 3002 5102 illuminatur,
3055 5039 3321 5107 accipiens
3369 5038 3610 5092 habitum

2018 5115 2234 5169 virtutis
2278 5115 2579 5177 immotum,
2610 5122 2659 5167 et
2686 5109 3000 5177 cognitionis
3043 5125 3177 5164 vera:
3201 5110 3479 5163 scientiam
3492 5124 3614 5177 pee-

2020 5194 2143 5239 cato
2177 5185 2486 5237 immunem.
2520 5184 2597 5237 lta
2629 5182 2688 5237 S.
2725 5177 2989 5235 Maximus
3018 5195 3083 5233 ex
3108 5179 3360 5233 versione
3384 5177 3612 5232 Joannis

2022 5256 2158 5311 Pici.
2215 5254 2345 5308 Nam
2390 5253 2579 5308 Graeca
2620 5252 2856 5307 nondum
2904 5251 3252 5303 exstiterunt.
3308 5247 3408 5303 Hic
3446 5250 3613 5319 igitur

2023 5324 2083 5379 S.
2136 5325 2402 5378 Maximus
2445 5338 2632 5378 vocem
2684 5322 2914 5390 κόσμον,
2968 5335 3131 5388 quam
3186 5319 3306 5374 sine
3329 5319 3497 5373 dubio
3517 5334 3613 5390 po-

2021 5396 2130 5450 suit
2155 5411 2219 5451 eo
2243 5395 2383 5457 loco,
2407 5407 2465 5447 ut
2492 5411 2560 5449 ex
2593 5387 3078 5457 Latiuo'mundtts,
3114 5401 3165 5442 et
3196 5400 3305 5445 tota
3342 5387 3614 5443 sententia

2023 5466 2243 5535 planum
2277 5474 2381 5530 est,
2441 5465 2495 5518 in
2527 5464 2687 5535 tertio
2718 5460 3031 5535 significatu
3081 5476 3147 5535 est
3182 5460 3343 5514 dictis
3370 5459 3608 5535 primum

2023 5530 2257 5604 accepit.
2309 5544 2578 5603 quatenus
2609 5533 2807 5604 signat
2843 5532 3091 5604 homines
3134 5531 3186 5583 in
3241 5530 3445 5583 mundo
3479 5542 3614 5582 cou-

2023 5600 2246 5671 tentos;
2276 5600 2474 5658 at'vero
2506 5606 2747 5658 secundo
2796 5600 2983 5671 locoin
3021 5610 3298 5670 postremo
3327 5608 3605 5667 quatenus

2025 5690 2117 5729 eos
2152 5669 2239 5743 qui
2274 5676 2327 5729 in
2361 5675 2466 5728 hac
2512 5675 2645 5736 vita,
2687 5669 2904 5726 virtutis
2935 5685 3095 5743 ergo,
3122 5686 3182 5725 se
3241 5679 3505 5743 exercent
3553 5678 3609 5721 et

2024 5739 2327 5799 macerant.
2384 5746 2561 5814 Atque
2587 5759 2650 5797 ex
2687 5742 2788 5798 hac
2824 5751 2948 5796 nota
2988 5739 3188 5795 multos
3211 5739 3348 5814 alios
3396 5739 3601 5814 harum

2027 5816 2369 5869 homiliarmn
2407 5808 2553 5870 loéos
2577 5814 2871 5886 percipies,
2890 5825 3122 5884 Quorum
3151 5808 3601 5883 explanationem

2025 5888 2251 5941 adhunc
2292 5885 2497 5940 remisi.
