4074 6452
429 442 534 507 981

1806 446 2133 509 HOMILIA
2180 450 2329 510 LVI.

3607 459 3711 521 99:2

426 565 561 618 ίδιον
597 557 795 630 ἐφίλει.
836 577 853 611 ι
890 559 1036 628 ’Ὀρα
1076 559 1194 622 πῶς
1253 557 1458 622 αὐτοῖς·
1487 559 1796 630 λεληθότως
1829 560 1997 634 πλέκε¹

2129 559 2377 630 ligcndus
2415 569 2494 614 est
2532 560 2780 616 Salvator
2812 563 2913 617 hoc
2959 562 3082 618 loco
3139 577 3367 620 vocasse
3424 569 3707 635 mundum,

424 655 520 707 τὸν
552 652 796 706 ἔπαινον.
843 651 1061 723 Ἐπειδὴ
1091 652 1200 724 γὰρ
1233 651 1340 705 ἔδει
1376 653 1887 724 παραμυθήσασθαι
1925 653 2014 708 διὰ

424 747 494 800 τὰ
537 746 800 815 μέλλοντα
835 744 1050 808 τούτοις
1085 744 1489 815 συμϐήσεσθαι,
1541 747 1710 817 μέρος
1735 746 1792 800 δὲ
1820 749 2012 816 κράτι-

428 857 553 892 στον
590 838 949 909 παραμυθίας
981 840 1009 892 ὁ
1040 837 1286 902 ἔπαινος,
1322 840 1414 892 τὸν
1449 839 1610 906 λόγον
1659 840 1915 911 κίρνησιν
1955 842 2013 909 ἐξ

423 932 650 1002 ἀμφοῖν.
693 933 759 984 Ὃ
809 930 938 999 γοῦν
987 930 1160 1000 λέγει,
1213 931 1376 985 τοῦτό
1432 933 1548 986 ἐστι
1579 934 1757 1002 σαφὴς
1786 933 2013 999 ἔνδειξις

424 1025 525 1093 τῆς
555 1023 708 1093 ὑμῶν
742 1025 946 1094 ἀρετῆς
978 1023 1039 1077 τδ
1094 1025 1374 1094 μισεῖσθαι
1410 1025 1518 1079 ὑπὸ
1559 1027 1670 1080 τῶν
1706 1028 2013 1097 μισούντων

422 1117 615 1186 αὐτήν.
653 1116 714 1168 Εἰ
745 1115 855 1187 γὰρ
890 1119 1036 1183 φιλεῖ
1088 1115 1318 1170 ἔπεσθαι
1371 1117 1448 1186 τῷ
1488 1117 1661 1189 ὁμοίῳ
1703 1119 1763 1172 τὸ
1799 1121 2008 1190 ὅμοιον,

421 1207 670 1274 εὔδηλον,
706 1208 782 1270 ὡς
846 1208 941 1261 καὶ
993 1210 1140 1279 ὑμᾶς
1186 1210 1488 1280 ἠγάπησαν
1526 1212 1575 1263 οί
1610 1210 1872 1282 ρἐτορες
1901 1212 2011 1265 τῶν

423 1303 634 1364 κακῶν,
675 1303 833 1373 εἴπερ
858 1299 956 1374 ἦτε
1002 1304 1101 1373 τῆς
1140 1304 1324 1358 αὐτῶν
1375 1305 1716 1375 φαυλότητος
1745 1306 2008 1376 μιμηταί.

420 1389 537 1443 Νῦν
560 1391 608 1442 δ’
638 1390 812 1455 οὕτως
842 1394 1189 1457 ἀπεναντίως
1223 1395 1440 1464 ἔχοντες
1468 1395 1606 1465 πρὸς
1631 1397 1852 1461 αὐτοὺς,
1876 1399 2011 1451 ἀκο-

419 1483 633 1548 λούθως
661 1487 980 1556 μισήσουσι.
1021 1486 1136 1540 Καὶ
1190 1487 1290 1558 τὴν
1321 1486 1448 1557 ἑξῆς
1474 1488 1532 1540 δὲ
1571 1487 1735 1557 ῥῆσιν
1760 1491 1872 1550 τοῖς
1901 1488 2010 1541 τῶν

419 1576 665 1629 ἐπαίνων
723 1578 913 1632 ἄνθεσι
966 1579 1356 1634 κατεπσίκιλεν
1384 1598 1396 1610 ·
1440 1581 1500 1632 ἐν
1533 1579 1642 1651 γὰρ
1684 1579 1763 1651 τῷ
1788 1581 2038 1634 είπεῖν·’

425 1685 444 1718 ι
482 1665 624 1734 Ἐγὼ
659 1666 992 1737 ἐξελεξάμην
1024 1670 1169 1740 ὑμᾶς
1197 1672 1261 1724 ὲκ
1294 1669 1387 1724 τοῦ
1418 1672 1654 1742 κόσμου,
1689 1690 1705 1721 ι
1743 1670 1840 1741 τὴν
1873 1671 2008 1741 πρὸς

415 1758 544 1821 τοὺς
601 1757 793 1827 ἄλλους
857 1760 1136 1832 ὑπεροχὴν
1187 1761 1376 1826 αὐτοῖς
1428 1762 1748 1836 ὑπῃνίξατο.
1799 1762 1856 1814 Ὀ
1899 1763 2008 1832 γὰρ

419 1850 808 1920 ἐκλεγόμενος,
841 1853 902 1906 τὸ
943 1856 1197 1922 κρεῖττον
1239 1854 1560 1921 ἐκλέγεται·
1594 1855 1756 1922 δῆλον
1809 1851 1904 1907 οὖν
1931 1854 2006 1917 ὡς

2120 658 2419 709 tnumlnztas
2435 655 2646 717 turbas,
2673 671 2734 709 ac
2757 655 2909 720 vitia,
2928 657 3052 709 etin
3073 656 3140 710 iis
3161 667 3444 712 versantes
3460 657 3726 715 hominei

2120 763 2352 814 nequam
2383 759 2436 801 et
2465 747 2767 815 improbos.
2802 765 2820 797 ‹
2848 745 2903 800 Si
2931 747 2997 802 de
3013 747 3216 801 mundo
3234 748 3452 814 essetis,
3475 748 3710 805 mundus

2118 841 2259 906 quod
2280 855 2437 893 suum
2460 847 2597 901 erat,
2622 838 2886 908 diligeret.
2904 842 2920 888 ἱ
2948 839 3182 894 Adverte
3201 841 3474 907 quomodo
3493 839 3704 894 illorum

2117 932 2332 985 laudem
2377 932 2582 985 sensim
2617 917 2841 985 attex'at.
2877 931 3145 998 Quoniam
3177 930 3323 985 enim
3348 931 3456 986 illis
3481 941 3701 1001 propter

2115 1034 2379 1079 eventura
2432 1024 2576 1078 mala
2615 1022 3046 1078 consolationem
3097 1023 3344 1077 adhiberi
3392 1023 3704 1092 oportebat,

2118 1117 2183 1170 ad
2236 1114 2627 1170 consolandum
2683 1123 2862 1167 autem
2910 1113 3150 1169 laudatio
3203 1114 3367 1180 valet,
3410 1127 3738 1185 utrumque

2115 1221 2213 1258 suo
2245 1218 2500 1259 sermone
2539 1202 2944 1272 complectitur.
2998 1202 3112 1256 Hoc
3163 1203 3331 1273 igitur
3400 1214 3505 1270 est,
3551 1207 3700 1272 quod

2115 1298 2268 1354 dicit.
2305 1298 2514 1353 Vestra:
2549 1295 2772 1350 virtutis
2797 1295 3141 1365 perspicuum
3180 1307 3264 1350 est
3322 1307 3699 1366 argumentum

2115 1393 2184 1447 ab
2221 1391 2288 1445 iis
2319 1390 2408 1459 qui
2450 1404 2570 1444 eam
2604 1390 2859 1454 oderunt,
2895 1387 3018 1442 odio
3039 1402 3136 1443 vos
3181 1387 3391 1443 haberi.
3437 1389 3494 1445 Si
3553 1392 3698 1444 enim

2113 1481 2292 1536 simile
2319 1479 2484 1534 simili
2522 1478 2766 1547 copulari
2820 1489 2992 1545 amat,
3046 1494 3236 1536 amore
3297 1495 3396 1536 vos
3453 1484 3700 1550 profecto
3770 1539 3772 1542 .

2113 1581 2583 1642 prosequerentur
2611 1572 2645 1625 ii
2671 1571 2764 1640 qui
2791 1571 2930 1626 male
2957 1581 3150 1643 agunt,
3183 1574 3228 1628 si
3258 1588 3355 1629 vos
3391 1574 3539 1644 ipsos
3575 1576 3702 1631 imi-

2115 1666 2387 1730 taremini,
2415 1664 2575 1733 idque
2605 1664 2854 1734 sequitur
2891 1664 3210 1732 evidenter;
3238 1681 3385 1722 nunc
3416 1680 3548 1721 vero
3605 1683 3706 1738 op-

2112 1758 2351 1827 positum
2406 1758 2485 1823 lit,
2559 1765 2616 1811 ut
2673 1756 2938 1827 quoniam
2989 1758 3266 1813 contrario
3311 1759 3471 1815 modo
3526 1759 3702 1815 allecti

2113 1851 2269 1916 estis,
2303 1864 2399 1904 vos
2427 1850 2553 1905 odio
2577 1858 2996 1920 persequantur.
3037 1849 3372 1922 Sequentem
3407 1853 3534 1908 item
3567 1869 3696 1908 ora-

417 1943 843 2014 εῦφυεστέρους,
877 1948 972 1998 καὶ
1002 1946 1286 2010 δεκτικοὺς
1319 1947 1430 2001 τῶν
1477 1947 1662 1999 καλῶν
1690 1947 1799 1999 τῶν
1830 1945 1997 1999 ἄλλων

2115 1944 2313 1997 tionem
2355 1941 2580 1997 ﬂoribus
2638 1941 2854 1996 laudum
2905 1942 3200 2013 aspergit;
3254 1943 3484 2000 dicendo
3530 1944 3706 2012 siqui+

416 2037 642 2089 πάντων
700 2039 848 2105 ὑμᾶς
907 2039 1280 2109 προετίμησα.
1313 2041 1422 2093 Kal.
1487 2039 1773 2104 ἀποξύσας
1822 2041 2005 2092 πᾶσαν

415 2128 695 2199 κοσμικὴν
722 2131 1017 2206 πονηρίαν,
1049 2133 1366 2202 μετήγαγον
1395 2132 1535 2204 πρὸς
1594 2132 1694 2202 τὴν
1749 2133 2007 2185 ἐπαινου-

419 2220 588 2290 μένην
624 2221 912 2276 ἀλλοίωσιν
934 2241 948 2254 ο
985 2223 1073 2278 διά
1115 2225 1275 2279 τοῦτο
1331 2225 1584 2296 μισοῦσιν
1657 2225 1803 2294 ὑμᾶς
1836 2226 1884 2278 οἱ
1918 2241 2008 2277 κο-

417 2317 590 2385 σμικῇ
621 2318 1084 2388 συμπεφυρμένοι
1114 2317 1390 2390 θολότητι.

2113 2035 2235 2090 dem
2267 2053 2282 2089 :
2316 2052 2335 2087 ι
2371 2033 2484 2104 Ego
2515 2049 2613 2090 vos
2665 2034 2806 2106 elegi
2837 2034 2903 2089 de
2927 2035 3150 2101 mundo,
3197 2053 3216 2088 ι
3247 2037 3391 2105 quod
3429 2036 3551 2091 aliis
3589 2037 3694 2106 ipsi

2114 2127 2452 2198 praecellant,
2516 2127 2750 2182 latenter
2810 2126 3128 2184 insinuavit.
3191 2125 3327 2182 Nam
3378 2129 3468 2198 qui
3529 2129 3720 2196 eligit,.

2112 2221 2462 2290 praestantius
2495 2220 2683 2290 eligit;
2717 2219 3065 2275 manifestum
3099 2231 3180 2276 est
3219 2221 3387 2292 igitur
3444 2235 3542 2277 vos
3587 2238 3702 2276 nte-

2112 2315 2248 2369 liore
2283 2323 2491 2368 naturae
2520 2314 2708 2368 habitu
2737 2313 3016 2384 praaditos,
3043 2323 3100 2370 et
3130 2314 3197 2369 ad
3229 2313 3431 2370 bonum
3475 2315 3702 2383 capien-

412 2411 542 2466 dum
611 2413 850 2481 aptiores
896 2413 1019 2468 aliis
1083 2427 1114 2466 a
1173 2429 1259 2468 me
1319 2414 1489 2469 fuisse
1531 2413 1890 2482 praepositos:
1935 2421 1989 2466 et
2031 2410 2178 2464 omni
2245 2409 2431 2464 mundi
2457 2410 2726 2478 pravitate
2758 2425 2786 2463 a
2846 2410 3002 2464 vobis
3027 2413 3298 2476 abstersa,
3333 2411 3401 2466 ad
3446 2411 3702 2467 laudabi~

413 2502 522 2556 lem
557 2503 793 2569 traduxi,
833 2513 890 2558 et
929 2505 1258 2560 commutavi
1319 2515 1558 2574 statum;
1620 2508 1851 2575 ideoque
1900 2518 1998 2558 Vos
2039 2503 2295 2567 oderunt,
2331 2503 2423 2570 qui
2453 2510 2581 2555 sunt
2611 2502 2885 2557 mundana
2912 2501 3046 2558 faece
3067 2504 3364 2560 commisti.

494 2615 512 2649 ι
550 2599 937 2668 Μνημονεῦετε
990 2601 1086 2654 τοῦ
1132 2601 1314 2671 λόγου,
1347 2597 1408 2658 οὗ
1470 2602 1581 2672 ἐγὼ
1637 2601 1792 2657 εἷπον
1829 2604 1958 2671 ὑμῖν
1985 2620 1996 2634 ·

412 2690 531 2745 Οὐκ
561 2691 678 2744 ἐστι
712 2691 898 2756 δοῦλος
927 2695 1132 2763 μείζων
1159 2695 1252 2749 τοῦ
1291 2697 1483 2767 κυρίου
1515 2693 1700 2751 αὑτοῦ.
1736 2716 1752 2747 ι
1787 2697 1848 2750 El
1869 2695 1998 2763 ἐγὼ.

411 2783 574 2852 φησὶ,
611 2782 814 2854 Κύριος
838 2783 913 2836 ὢν
971 2787 1071 2839 οὐκ
1102 2787 1392 2861 ἠνῃνάμην
1447 2789 1588 2860 ὑπὲρ
1624 2787 1852 2850 δούλων,
1907 2788 2001 2842 καὶ

410 2875 568 2945 παρά
599 2875 802 2930 δούλων
863 2877 1103 2932 τοσαῦτα
1138 2880 1356 2945 παθεῖν,
1391 2883 1452 2933 οὐ
1486 2881 1594 2953 χρὴ
1633 2882 1891 2935 ἀνιᾶσθαι
1922 2881 1995 2933 δε-

413 2969 691 3020 σποτικῶν
726 2970 1120 3035 κοινωνοῦντας
1154 2973 1367 3028 παθῶν.
1407 2976 1517 3027 Καὶ
1547 2979 1656 3044 γὰρ
1695 2976 1791 3028 καὶ
1814 2974 2000 3037 δοῦλος

411 3059 525 3114 ἔστ’
567 3057 686 3136 ἃ.νῇ
717 3063 926 3129 δοῦλος,
956 3065 1078 3117 οὑκκ-
1118 3065 1272 3120 ἔσται
1299 3068 1534 3136 μείζονα
1570 3065 1740 3121 αὑτοῦ
1775 3067 1870 3119 τοῦ
1913 3066 1998 3119 δε-

410 3153 615 3208 σπότου
653 3155 794 3226 ἔχων
843 3158 1028 3229 τιμήν.
1059 3159 1122 3211 Ei
1171 3158 1264 3214 οῦν
1297 3159 1399 3228 ἐμὲ
1437 3159 1667 3225 ἐδίωξαν
1701 3159 1997 3232 ζητοῦντες

2189 2617 2206 2650 ι
2245 2596 2574 2653 Mementote
2610 2599 2886 2654 sermonis
2934 2615 3096 2668 quem
3155 2613 3256 2667 ego
3320 2600 3431 2655 dixi
3489 2601 3697 2656 vobis:

2111 2691 2225 2746 Non
2252 2701 2334 2746 est
2358 2706 2546 2745 servus
2597 2691 2770 2761 major
2814 2676 3052 2745 domino
3107 2683 3240 2748 suo.
3287 2711 3304 2743 ι
3356 2691 3412 2747 Si
3447 2709 3568 2764 ego,
3617 2696 3700 2748 in-

2110 2783 2250 2853 quit,
2298 2799 2422 2836 cum
2467 2799 2643 2839 essem
2680 2783 2942 2838 Dominus
2982 2800 3088 2839 non
3145 2785 3414 2854 recusavi,
3472 2787 3691 2857 quomi—

2111 2892 2212 2932 nus
2237 2886 2290 2930 et
2324 2893 2351 2929 a
2380 2879 2555 2930 servis
2586 2886 2637 2931 el
2669 2891 2768 2944 pro
2799 2877 2976 2931 servis
3021 2887 3188 2931 totae
3227 2886 3377 2932 tanta
3439 2889 3693 2949 perpete-

2109 2983 2220 3031 rer,
2249 2984 2353 3022 non
2385 2970 2611 3024 moleste
2643 2969 2787 3025 ferre
2823 2970 3076 3024 convenit
3115 2985 3324 3035 servos,
3370 2971 3418 3026 si
3470 2970 3685 3026 Domini

2107 3060 2246 3114 mala
2275 3060 2506 3115 sintsibi
2541 3061 2879 3115 communia.
2942 3059 3154 3115 Etenim
3203 3075 3443 3125 servum,
3501 3064 3685 3131 quoad

2105 3167 2298 3206 servus
2338 3154 2429 3219 sit,
2471 3154 2681 3223 majore
2719 3169 2880 3224 quam
2927 3153 3186 3207 Dominus
3244 3155 3453 3210 honore
3500 3155 3694 3210 haberi

411 3246 511 3316 τὴν
542 3246 722 3319 ψυχὴν
784 3252 898 3315 τοῖς
950 3251 1044 3304 τοῦ
1094 3251 1329 3306 θανάτου
1384 3252 1598 3323 βρόχοις
1653 3254 1994 3324 περιϐαλεῖν,

2103 3261 2210 3300 non
2237 3247 2443 3301 licebit.
2472 3247 2527 3302 Si
2562 3247 2726 3317 igitur
2751 3262 2836 3302 me
2866 3247 3137 3314 persecuti
3184 3255 3315 3302 sunt
3375 3256 3688 3317 quaerentes

410 3337 696 3404 ἑπομένως
737 3340 828 3394 καὶ
856 3341 1016 3410 ὑμεῖς
1063 3342 1155 3396 ὑπ’
1197 3343 1380 3397 αὐτῶν
1427 3343 1822 3414 διωχθήσεσθε.
1877 3342 1994 3396 Κᾶν

407 3425 506 3484 οὖν
543 3432 928 3502 κηρυττόντων
964 3434 1120 3505 ὑμῶν
1149 3435 1220 3489 τὰ
1246 3435 1619 3507 συμφέροντα,
1658 3437 1867 3506 βύσωσι
1895 3436 1994 3499 τὰς

408 3523 586 3587 ἀκοὰς
623 3525 700 3594 μὴ
730 3525 1068 3596 πειθόμενοι,
1130 3527 1445 3597 ἐννοήσατε,
1471 3527 1547 3591 ὡς
1580 3529 1704 3582 οὐδὲ
1733 3530 1827 3581 τὸν
1860 3529 1996 3600 ὲμὺν

409 3615 572 3686 λόγον
606 3617 775 3690 ὲτήρη
786 3635 906 3674 σαν.

487 3817 506 3850 ι
547 3797 709 3852 Ἀλλά
761 3800 937 3854 ταῦτα
992 3801 1174 3855 πάντα
1231 3804 1552 3875 ποιήσουσιν
1615 3803 1746 3873 ὑμῖν
1799 3802 1888 3857 διὰ
1933 3805 1996 3857 τὸ

405 3891 584 3963 δνομά
623 3910 746 3963 μου,
772 3893 854 3946 ὅτι
885 3894 985 3948 οὐκ
1037 3894 1211 3949 οἴδασι
1246 3895 1339 3949 τὸν
1383 3896 1680 3966 πέμψαντά
1729 3912 1818 3967 με.
1859 3913 1876 3946 ι
1917 3896 1992 3948 Οὐ

407 3983 604 4053 μέχρις
636 3982 792 4054 ἐμοῦ,
825 3984 981 4055 φησί,
1024 3986 1296 4058 τούτοιςή
1331 3987 1550 4054 ἄγνοια,
1607 3987 1744 4041 ἀλλά
1796 3987 1861 4056 δὴ
1897 3988 1994 4040 καὶ

404 4075 570 4129 αὑτὸν
599 4076 854 4145 ἀγνοοῦσι
883 4076 976 4131 τὸν
1033 4079 1276 4150 Πατέρα,
1305 4081 1395 4148 ὑφ’
1421 4073 1482 4134 οὗ
1527 4080 1871 4150 ἀπεστάλην,
1916 4079 1992 4144 ὡς

399 4168 713 4238 ὁμοοὺσιος.
738 4168 813 4222 To
833 4169 893 4222 δὲ
930 4188 948 4221 ι
986 4172 1087 4224 Διά
1122 4172 1181 4225 τὸ
1212 4173 1387 4242 ὄνομά
1417 4191 1519 4243 μου
1563 4193 1582 4225 ι
1619 4175 1989 4245 προσέθηκεν,

399 4262 594 4334 ἐπειδὴ
619 4265 870 4332 σχετικὸν
897 4263 957 4316 τὸ
983 4262 1155 4333 ὄνομα
1180 4264 1276 4317 τοῦ
1301 4266 1516 4336 [ἰατρὸς
1557 4266 1694 4337 πρὸς
1711 4267 1802 4321 τὸν
1828 4268 1984 4324 Υίόν.

400 4352 542 4408 Οῦτε
581 4355 690 4426 γὰρ
723 4355 912 4427 Πατὴρ
939 4355 1068 4410 ἄνευ
1100 4355 1258 4420 Υίοῦ,
1284 4356 1406 4410 οὔτε
1433 4357 1563 4421 Υἱὸς
1599 4358 1728 4412 ἄνευ
1748 4360 1986 4431 Πατρός.

395 4445 560 4497 Ἐπεί⁸
582 4443 676 4498 οῦν
707 4447 989 4516 ἀγνοοῦσι,
1029 4451 1185 4518 φησι,
1248 4449 1310 4501 τὸ
1357 4449 1532 4520 ὄνομά
1582 4469 1707 4519 μου,
1740 4451 1821 4506 ὅτι
1859 4451 1988 4516 Υἱός

396 4538 538 4608 εἰμι,
571 4537 692 4592 οὐδὲ
723 4539 816 4593 τὸν
849 4540 1150 4610 πέμψαντά
1185 4559 1252 4612 με
1289 4543 1514 4613 Πατέρα
1545 4545 1753 4600 ίσασιν.

477 4736 496 4767 ι
536 4717 598 4769 Εἰ
630 4716 705 4788 μὴ
730 4712 920 4788 ἦλθον,
955 4719 1051 4773 καὶ
1080 4720 1321 4791 ἐλάλησα
1343 4722 1551 4787 αὐτοῖς,
1573 4723 1856 4794 ἁμαρτίαν
1883 4726 1985 4779 οὐκ

393 4804 570 4879 εἶχον.
610 4827 629 4861 ι
669 4811 935 4880 Οὐδεμία,
990 4813 1146 4883 φησι,
1203 4816 1316 4877 τοῖς
1368 4812 1648 4878 Ἰουδαίοις
1701 4816 1984 4873 λέλειπται

395 4904 678 4974 πρόφασις
705 4921 718 4934 ·
751 4903 930 4958 πάντα
954 4906 1064 4977 γὰρ
1083 4908 1537 4980 εὐηγγελισάμην
1565 4909 1749 4972 αὐτοῖς
1774 4911 1843 4964 τά
1860 4913 1988 4982 ὀνή-

396 5013 537 5065 σιμα
567 4998 664 5049 καὶ
695 4997 975 5068 σωτηρίας
1027 4999 1286 5070 ἐχόμενα,
1328 5001 1470 5056 ὥστε
1509 5002 1847 5074 περιῄρηται
1881 5006 1984 5057 αὑ-

391 5088 511 5148 τοῖς
541 5087 692 5139 πᾶσα
721 5087 888 5158 λαὸή.
926 5087 1081 5142 Ἐπεὶ
1110 5089 1165 5142 δὲ
1196 5091 1229 5160 ἠ
1257 5090 1352 5143 τοῦ
1405 5091 1660 5162 Σωτῆρος
1719 5093 1982 5148 διδασκα-

395 5177 488 5231 λία
525 5179 740 5232 πάντων
767 5179 1024 5251 ἐξῄρητο,
1043 5179 1079 5234 ἃ
1110 5181 1220 5253 γάρ
1247 5180 1430 5255 ἔργοις
1453 5183 1766 5256 ἐπλήρωσε,
1808 5186 1982 5240 ταῦτα

393 5269 579 5338 λόγοις
609 5270 843 5336 ἐδίδαξε,
889 5271 978 5326 διὰ
1025 5273 1186 5327 τοῦτό
1231 5291 1430 5346 φησιν·
1466 5295 1484 5328 ι
1525 5277 1586 5330 Et
1633 5279 1702 5330 τά
1735 5278 1874 5349 ἔργα
1907 5279 1982 5352 μὴ

394 5363 633 5432 ἐποίησα
661 5365 719 5418 ὲν
751 5364 958 5430 αὐτοῖς,
989 5364 1026 5420 ἃ.
1055 5366 1233 5431 οὐδεὶς
1253 5367 1413 5431 ἄλλος
1449 5369 1775 5438 πεποίηκεν,
1802 5372 1982 5442 ἁμαρ-

395 5455 524 5510 τίαν
553 5458 652 5509 οὐκ
681 5452 850 5526 εἶχον.
887 5476 906 5508 ι
949 5458 1084 5510 Τίνα
1114 5459 1172 5512 δὲ
1219 5459 1290 5513 τά
1323 5458 1498 5530 ἔργα;
1531 5461 1737 5532 Νεκροί
1764 5464 1980 5534 ἐγειρό-

398 5566 575 5621 μενοι,
604 5551 799 5619 τυφλοὶ
828 5550 1280 5622 ὀμματούμενοι,
1324 5553 1630 5624 παράλυτοι
1659 5555 1980 5627 ἁρμοζόμε-

391 5659 502 5706 νοι,
538 5642 797 5713 δαίμονες
863 5643 1242 5715 ἐλαυνόμενοι,
1310 5647 1537 5717 κύματα
1607 5647 1977 5720 πεζευόμενα,

393 5733 620 5788 ποικίλα
664 5735 812 5805 πάθη
874 5737 1321 5810 φυγαδευόμενα.
1360 5740 1636 5795 Τοιούτων
1673 5739 1769 5796 οῦν
1799 5743 1980 5814 ἔργων

389 5827 644 5881 Ἰουδαῖοι
663 5829 946 5900 γενόμενοι
970 5829 1180 5898 θεαταὶ,
1209 5831 1370 5888 ποίαν
1415 5832 1655 5906 εὕρωσιν
1678 5835 1979 5906 ἀπολογίας

389 5918 513 5971 ὀδόν
542 5934 556 5983 ;

2108 3339 2345 3394 animam
2375 3356 2548 3394 meam
2585 3339 2776 3395 mortis
2804 3340 3055 3408 excipere
3081 3339 3309 3409 laqueis,
3349 3353 3691 3410 consequen~

2109 3444 2190 3489 ter
2223 3435 2387 3487 etiam
2422 3443 2476 3488 et
2511 3447 2608 3487 vos
2639 3418 3080 3486 insectabuutur.
3122 3431 3186 3484 Et
3220 3432 3264 3485 si
3327 3433 3490 3501 igitur
3539 3432 3695 3486 vobis

2107 3524 2258 3578 utilia
2293 3523 2719 3594 praedicantibus
2749 3523 3039 3578 obstruent
3098 3537 3262 3577 aures
3307 3538 3460 3587 snas,
3516 3538 3694 3591 neque

2104 3615 2352 3680 credent,
2393 3623 2664 3684 reputate,
2700 3629 2802 3669 nec
2865 3629 3044 3670 meum
3079 3615 3147 3668 ab
3212 3614 3343 3682 ipsis
3402 3625 3688 3683 acceptum

2104 3707 2273 3762 fuisse
2303 3721 2636 3763 sermonem.

2183 3821 2200 3852 ‹
2237 3799 2341 3856 Sed
2379 3801 2493 3856 haec
2525 3798 2710 3854 omnia
2755 3798 2959 3854 facient
3009 3797 3162 3852 vobis
3221 3807 3444 3867 propter
3491 3811 3688 3851 nomen

2104 3909 2311 3960 meum,
2341 3911 2360 3944 ι
2395 3893 2522 3963 quia
2549 3893 2803 3947 nesciunt
2824 3906 2968 3954 eum,
2990 3892 3079 3960 qui
3110 3892 3259 3946 misit
3285 3905 3370 3946 me
3427 3909 3445 3942 ι
3469 3889 3584 3944 Non
3624 3890 3678 3943 in

2104 4004 2209 4053 me,
2245 3986 2441 4057 inquit,
2469 4002 2657 4042 eorum
2700 3986 2885 4041 linitur
2933 3986 3264 4055 ignorantia,
3315 3984 3410 4040 sed
3476 3993 3532 4039 et
3582 3981 3690 4037 Pa-

2064 4077 2073 4086 ’
2106 4093 2240 4137 trem
2265 4081 2442 4150 ipsum
2479 4080 2751 4150 ignorant,
2785 4097 2811 4134 a
2844 4095 2953 4150 quo
3002 4095 3100 4150 ego
3148 4088 3204 4132 ut
3247 4079 3689 4134 consubstantia-

2101 4172 2172 4229 lis
2217 4174 2417 4228 missus
2475 4188 2615 4226 sum.
2679 4172 2816 4228 Illud
2875 4183 3053 4228 autem
3089 4189 3103 4226 :
3141 4192 3159 4225 ι
3218 4173 3447 4242 Propter
3479 4187 3676 4226 nomen

2099 4280 2306 4330 meum,
2349 4283 2369 4318 ι
2404 4265 2526 4319 ideo
2561 4265 2790 4333 addidit,
2829 4265 2970 4336 quod
3021 4265 3202 4322 Patris
3241 4281 3440 4320 nomen
3472 4264 3687 4319 habitu-

2101 4358 2284 4413 dinem
2316 4357 2479 4411 habet
2510 4359 2576 4411 ad
2608 4358 2829 4413 Filium.
2863 4356 3052 4426 Neque
3075 4359 3219 4413 enim
3247 4359 3362 4413 sine
3399 4357 3536 4413 Filio
3578 4355 3686 4411 Pa-

2101 4461 2203 4517 ter,
2233 4467 2406 4522 neque
2426 4451 2592 4523 382
2617 4453 2735 4508 sine
2760 4451 2920 4507 Patre
2953 4451 3122 4508 Filius
3150 4471 3164 4509 :
3202 4452 3467 4520 Quoniam
3498 4453 3680 4521 igitur,

2100 4546 2301 4616 inquit,
2337 4546 2588 4616 ignorant
2637 4561 2832 4601 nomen
2887 4562 3088 4610 meum,
3133 4548 3276 4613 quod
3329 4547 3496 4601 Filius
3537 4561 3680 4613 sum,

2019 4631 2067 4690 D
2101 4652 2276 4706 neque
2295 4635 2534 4698 Patrem,
2557 4637 2647 4704 qui
2679 4651 2767 4691 me
2793 4636 2957 4702 misit,
2987 4645 3211 4691 norunt.

2169 4747 2187 4780 ι
2229 4727 2284 4783 Si
2320 4744 2426 4784 non
2449 4733 2746 4794 venissem,
2779 4738 2833 4782 et
2860 4729 3074 4782 locutus
3110 4727 3332 4785 fuissem
3394 4729 3496 4796 eis,
3533 4744 3662 4797 pec—

2090 4830 2270 4876 catum
2301 4837 2406 4875 non
2441 4821 2724 4876 haberent.
2771 4841 2789 4873 ι
2828 4819 3039 4885 Nullus,
3084 4821 3278 4892 inquit,
3325 4821 3533 4878 Judwis-
3587 4838 3676 4876 re-

2090 4917 2253 4971 lictus
2289 4927 2370 4971 est
2395 4919 2691 4972 excusandi
2729 4919 2902 4974 locus.
2936 4915 3131 4972 Omnia
3181 4918 3349 4977 enim,
3388 4933 3508 4986 quae
3570 4918 3676 4970 uti-

2091 5011 2187 5075 lia,
2220 5027 2451 5081 qumque
2473 5013 2845 5066 conducerent
2877 5012 2942 5064 ad
2976 5011 3234 5073 salutem,
3273 5011 3383 5066 illis
3422 5011 3678 5066 enuntia-

2089 5105 2163 5169 vi,
2226 5105 2296 5156 ita
2349 5112 2406 5157 ut
2461 5103 2640 5158 omnis
2690 5103 2796 5157 illis
2827 5117 2956 5157 ansa
3008 5104 3233 5171 prtecisa
3277 5105 3370 5159 sit.
3404 5104 3674 5171 Quoniam

2087 5211 2216 5250 vero
2247 5194 2547 5250 Salvatoris
2572 5197 2820 5250 doctrina
2847 5196 3064 5249 caeteris
3109 5196 3364 5251 omnibus
3396 5197 3499 5253 hoc
3535 5213 3678 5268 pra:-

2087 5288 2294 5352 eclluit,
2333 5290 2479 5358 quod
2508 5305 2569 5344 ea
2598 5304 2720 5358 quae
2743 5289 2926 5343 verbis
2963 5287 3175 5354 docuit,
3211 5289 3373 5346 factis
3403 5290 3672 5358 implevit,

2088 5380 2211 5434 ideo
2240 5380 2422 5434 subdit
2455 5397 2470 5433 :
2508 5397 2526 5430 ι
2569 5379 2626 5434 Si
2653 5394 2819 5448 opera
2849 5394 2957 5433 non
2998 5381 3248 5435 fecissem
3290 5382 3342 5434 in
3386 5381 3489 5445 eis,
3547 5397 3672 5450 qua:

2088 5483 2248 5524 nemo
2275 5469 2413 5523 alius
2439 5467 2906 5539 fecit,peccatutn
2946 5485 3053 5524 non
3114 5471 3399 5526 haberent.
3461 5491 3480 5524 ι
3539 5473 3670 5538 Qum

2086 5579 2220 5617 vero
2253 5563 2448 5632 opera?
2483 5563 2680 5619 Mortui
2713 5565 2986 5629 suscitati,
3042 5565 3170 5620 caeci
3223 5565 3534 5632 illuminati,
3596 5569 3672 5625 le-

2087 5657 2233 5726 prosi
2261 5659 2528 5721 mundati,
2560 5659 2844 5731 paralytici
2869 5658 3221 5725 consolidati,
3253 5657 3432 5729 fugati-
3467 5661 3669 5716 daemo-

2087 5761 2204 5813 nes,
2256 5749 2452 5804 calcati
2494 5748 2710 5815 ﬂuetus,
2773 5751 2922 5805 varia
2965 5750 3279 5823 morborum
3321 5765 3520 5820 genera
3567 5755 3666 5808 de-

2084 5841 2264 5905 pulsa.
2297 5841 2430 5896 Cum
2458 5842 2625 5912 igitur
2656 5841 2842 5896 talium
2899 5857 3126 5911 operum
3175 5851 3513 5912 spectatores
3548 5841 3666 5896 fue-

2088 5933 2190 5986 rint
2219 5934 2315 6004 ipsi
2347 5932 2541 6003 Judmi',
2571 5951 2730 6005 quam
2763 5935 3136 5992 excusationis
3167 5937 3440 6006 reperient
3483 5935 3667 5990 viam?
