4074 6464
392 432 498 497 987

1580 420 2075 484 THEOPHANIS
2114 417 2458 480 CERAMEI

3541 400 3651 463 988

389 542 655 601 terribilis
678 541 860 597 oblata
895 540 1154 595 divinitus
1196 537 1407 607 species
1434 545 1542 599 est,
1572 550 1691 606 quae
1720 535 1869 589 illum
1902 533 1967 586 ad

2082 548 2166 583 τον
2202 530 2426 598 ζωγρεῖ.
2458 522 2811 594 Στελλομένῳ
2837 520 2948 592 γὰρ
2965 518 3071 591 τὴν
3104 519 3184 581 εἰς
3226 516 3503 607 Αἴγυπτον
3555 533 3652 607 φο-

390 638 486 692 Dei
514 634 875 704 cognitionem
901 632 1131 686 vocavit.
1168 629 1359 684 Crucis
1383 628 1585 697 quippe
1613 626 1826 696 signum
1848 623 1959 694 (98)

390 735 606 779 omnem
649 721 985 792 spiendorem
1033 718 1301 773 excedens
1351 717 1504 781 vidit,
1533 723 1587 769 et
1619 713 1798 767 divina
1830 724 1966 778 qua-

392 820 515 871 dam
553 829 687 870 voce
737 812 1033 879 Procopius
1065 809 1367 880 appellatus
1400 820 1507 869 est,
1559 803 1863 877 profectum
1910 803 1964 855 in

391 924 519 962 vera
575 905 834 977 religione
881 904 994 975 (99)
1050 904 1299 972 signante
1347 899 1633 955 vocabulo.
1687 895 1856 967 Igitur
1910 895 1964 947 in

393 999 683 1070 ﬂgyptum
749 996 995 1050 instituto
1054 994 1249 1047 itinere
1301 992 1504 1043 omisso
1551 986 1880 1058 regreditur,
1916 992 1969 1036 et

392 1090 537 1158 quod
590 1087 694 1142 sibi
752 1093 1076 1155 apparuerat
1130 1082 1324 1138 Crncis
1364 1082 1578 1151 signum
1630 1094 1693 1132 ex
1730 1075 1966 1144 pretiosa

392 1181 619 1234 materia
657 1176 1014 1239 aﬂ'abrefacit,
1049 1183 1213 1243 atque
1252 1187 1470 1225 omnem
1508 1168 1724 1238 pietatis
1762 1177 1968 1235 partem

393 1272 762 1339 amplectitur.
801 1267 907 1323 Sed
936 1281 1059 1319 cum
1093 1280 1122 1318 a
1168 1265 1385 1334 propria
1419 1270 1591 1316 matre
1622 1258 1835 1313 delatus
1877 1271 1968 1309 es-

390 1372 497 1425 set,
541 1361 642 1415 sub
682 1358 913 1430 praeside
966 1355 1133 1412 Lucio
1181 1350 1684 1423 comprehenditur,
1739 1358 1791 1399 et
1847 1362 1968 1400 cum

393 1453 559 1506 multa
594 1452 958 1506 cruciamenta
991 1446 1271 1508 subiisset,
1301 1454 1468 1514 atque
1511 1443 1563 1497 in
1606 1442 1687 1495 bis
1724 1440 1788 1492 ad
1818 1438 1973 1492 furti-

396 1543 642 1597 tndinem
677 1541 846 1611 magis
879 1541 1010 1611 ipsis
1040 1537 1264 1608 ﬂagellis
1294 1536 1584 1590 roboratus
1613 1544 1784 1596 esset,
1828 1532 1974 1584 inter

393 1635 508 1703 ipsa
544 1643 811 1689 tormenta
831 1633 1065 1687 animam
1096 1630 1322 1683 Domino
1353 1627 1623 1692 reddidit;
1650 1636 1703 1677 et
1732 1641 1871 1677 nunc
1892 1625 1975 1674 in-

403 1734 484 1777 ter
523 1723 837 1792 angelorum
893 1722 1092 1777 choros
1125 1719 1389 1784 exsultat,
1435 1727 1487 1771 et
1543 1715 1760 1786 praemia
1800 1724 1972 1767 (“crta-

402 1825 609 1877 tninum
652 1823 872 1894 accipit.

467 2010 739 2080 Quotquot
792 2010 956 2077 igitur
1013 2020 1060 2063 et
1097 2017 1421 2078 martyrum,
1461 2017 1517 2063 et
1562 2008 1823 2062 virtutum
1854 2016 1970 2059 stu-

395 2096 535 2153 diosi
583 2114 794 2166 smnus,
827 2099 985 2168 hujus
1023 2098 1398 2152 fortitudinem
1443 2098 1701 2168 martyris
1747 2095 1973 2152 temule-

395 2204 554 2256 mur;
591 2191 933 2244 tolerantiam
963 2192 1264 2252 imitemur.
1292 2199 1348 2245 et
1376 2190 1545 2243 vitam
1578 2197 1821 2242 nostram
1846 2202 1970 2241 cum

394 2283 609 2337 ratione
662 2284 898 2349 vivendi,
927 2298 1089 2351 quam
1144 2283 1345 2337 athleta
1402 2282 1600 2347 tenuit,
1643 2278 1973 2336 conformari

396 2375 733 2430 studeamus.
773 2375 839 2428 Et
880 2392 977 2430 nos
1023 2376 1166 2429 enim
1199 2375 1365 2429 etiam
1402 2374 1636 2442 patriam
1685 2372 1974 2427 hebennus.

395 2462 697 2519 Jerusalem
726 2466 872 2518 illam
908 2465 1324 2535 intclligibilem,
1360 2465 1670 2535 paradisum
1703 2464 1851 2517 illum
1887 2463 1978 2519 de-

395 2556 673 2620 liciarum,
705 2573 769 2611 ex
804 2572 911 2625 quo
944 2556 1335 2611 miserabiliter
1366 2557 1527 2626 cjccti
1558 2554 1784 2610 fuimus.
1815 2553 1977 2609 Pater

398 2664 529 2703 vero
562 2661 745 2704 noster
772 2651 974 2704 exstitit
1014 2651 1106 2704 Dei
1158 2660 1511 2721 prmceptum,
1537 2650 1839 2720 spiritualis
1883 2649 1975 2703 illa

398 2741 483 2795 lex
515 2756 639 2797 vere
670 2742 1121 2812 Christophorus,
1154 2760 1276 2812 quae
1301 2742 1509 2799 Christi
1544 2743 1594 2796 in
1624 2757 1682 2796 se
1707 2751 1976 2811 praecepta

399 2834 629 2888 ferebat.
665 2832 868 2889 Sensus
900 2850 1026 2889 vero
1072 2836 1150 2906 (I)
1207 2836 1461 2890 illecebra
1510 2835 1742 2906 genitrix
1792 2843 1976 2889 nostra

413 2938 532 2991 qua
560 2939 660 2979 nos
696 2926 1093 2992 quodammodo
1123 2929 1311 2995 genuit
1336 2934 1392 2980 et
1416 2926 1659 2980 nutrivit.
1692 2925 1849 2979 Hunc
1878 2925 1977 2996 igi-

401 3019 582 3070 tnrab
619 3017 773 3071 ἰιιίιίο
822 3018 995 3072 secuti
1049 3019 1341 3072 sensilibus
1383 3019 1545 3073 rebus
1599 3019 1845 3086 impliciti
1890 3032 1981 3071 su-

402 3123 547 3182 mus,
582 3123 780 3177 easque
809 3110 1052 3164 materiae
1081 3109 1289 3174 δαίτης,
1328 3121 1385 3163 ιιι
1413 3110 1551 3164 idola
1579 3111 1633 3165 in
1668 3110 1895 3174 honore,
1916 3123 1981 3163 ac

402 3200 577 3266 pretio
602 3199 884 3264 habentes,
916 3209 970 3253 et
1003 3214 1101 3272 per
1124 3200 1237 3255 haec
1264 3216 1387 3254 cum
1421 3200 1605 3253 mundi
1631 3199 1876 3269 principe
1898 3199 1980 3253 fa-
2007 3235 2051 3294 α

409 3288 716 3343 miliaritate
767 3289 1066 3358 conjuncti,
1093 3299 1145 3346 et
1188 3291 1534 3346 inhonestum
1582 3291 1845 3346 honorem
1877 3291 1979 3361 (2),

406 3390 462 3433 et
493 3379 689 3434 ﬂuxam
719 3381 847 3435 inde
886 3383 1137 3451 gloriam‘
1174 3383 1321 3437 velut
1352 3384 1671 3438 limreditate
1700 3385 1981 3440 consecuti

407 3482 463 3527 et
510 3473 563 3526 in
610 3473 954 3542 improbitate
1003 3476 1223 3530 velutin
1252 3475 1545 3547 .lEgypmm
1594 3479 1984 3533 contendentes

403 3577 806 3635 persecutores,
833 3569 1125 3639 hostesque
1147 3573 1363 3626 virtutis
1387 3572 1712 3627 exstitimns.
1733 3571 1838 3627 Sed
1864 3586 1985 3641 quae

404 3658 461 3712 in
491 3660 690 3714 nutndo
724 3660 813 3715 Dei
849 3661 1214 3717 manifestatio
1244 3662 1386 3719 facta
1420 3675 1501 3719 est
1532 3664 1697 3736 385
1734 3680 1827 3734 per
1849 3663 1980 3720 Uni-

404 3753 571 3822 geniti
609 3754 1034 3809 incarnationem
1060 3756 1127 3811 ad
1156 3759 1413 3826 pietatem
1449 3774 1547 3812 nos
1571 3760 1638 3813 ab
1674 3759 1983 3826 bnjusnwﬁ

402 3859 595 3897 errore
623 3846 864 3912 deduxit,
884 3857 937 3902 et
968 3863 1063 3913 per
1083 3848 1240 3902 [idem
1267 3866 1294 3902 a
1325 3865 1577 3917 perversa
1618 3850 1702 3904 via
1736 3853 1982 3906 retraxit.

409 3933 473 3987 Et
496 3938 745 4005 quantivis
774 3953 964 3993 sensus
992 3941 1477 4007 concupiscentia,-
1496 3952 1670 3997 mater
1698 3941 1859 3998 nobis
1881 3942 1983 3997 ad-

405 4030 668 4096 versaria,
730 4030 999 4100 negotium
1060 4031 1313 4096 facessat,
1352 4043 1408 4087 et
1441 4033 1581 4101 apud
1614 4032 1835 4089 Satanae
1885 4034 1987 4088 mi-

408 4121 610 4175 nistros
639 4122 982 4188 criminetur,
1011 4132 1065 4176 et
1097 4125 1426 4178 tentationes
1451 4126 1585 4179 alias
1634 4140 1795 4195 super
1846 4125 1983 4180 alias

407 4215 628 4273 excitet.
660 4230 795 4279 quas
825 4214 1009 4280 λύκος,
1039 4216 1089 4270 id
1116 4229 1217 4280 est,
1252 4217 1405 4285 lupus
1437 4218 1523 4273 ille
1556 4218 1657 4272 sub
1679 4218 1987 4287 intelligen-

411 4302 536 4353 tiam
561 4303 779 4367 cadens,
812 4306 967 4372 quasi
994 4305 1210 4369 λούκιος
1236 4308 1408 4362 lucius
1439 4309 1693 4364 admovet
1726 4309 1904 4363 nobis.
1926 4308 1984 4363 Si

408 4394 625 4460 quidem
657 4410 856 4448 corona
911 4397 1097 4450 donari
1137 4384 1401 4466 cupimus,
1434 4415 1699 4469 generose
1748 4401 1985 4455 obsiste-

408 4502 554 4555 mns,
585 4496 641 4541 ut
676 4489 726 4542 in
755 4488 952 4544 virtute
982 4491 1328 4561 proficientes
1359 4505 1613 4564 tanquam
1637 4492 1884 4561 Procopii
1914 4493 1989 4547 si-

2074 619 2212 688 ϐερὰ
2244 619 2436 686 γέγονε
2468 615 2764 684 θεοφάνεια
2798 609 3049 664 καλοῦσα
3107 607 3305 661 τοῦτον
3359 606 3499 674 πρὸς
3556 603 3657 668 τὴν

2073 712 2224 766 θείαν
2250 711 2567 777 ἐπίγνωσιν,
2606 704 2820 760 καὶτοῦ
2869 700 3111 772 σταυροῦ
3149 700 3213 753 τὸ
3265 699 3494 768 σημεῖον
3514 696 3658 765 ὑπὲρ

2075 807 2260 859 πᾶσαν
2292 802 2492 872 αἴγλην
2524 800 2841 864 ὀπτάνεται,
2878 797 2975 851 καὶ
3006 793 3317 866 Προκὸπιος
3386 790 3492 844 ὑπὸ
3555 789 3661 859 τῆς

2076 899 2226 962 θείας
2256 897 2444 967 φωνῆς
2468 894 2820 966 ὀνομάζεται,
2884 892 2985 963 τὴν
3048 890 3131 953 είς
3207 888 3308 958 τὴν
3368 887 3659 941 εὐσέϐειαν

2079 990 2370 1063 προκοπὴν
2399 986 2775 1060 σημαινούσης
2814 985 2910 1054 τῆς
2957 983 3226 1050 κλήσεως.
3302 979 3487 1049 Ἀφεὶς
3565 977 3660 1030 οὖν

2075 1085 2176 1154 τὴν
2203 1086 2282 1147 εἰς
2312 1083 2590 1150 Αἴγυπτον
2627 1080 2925 1150 φέρουσαν,
2983 1075 3432 1144 παλιμπόρευτος
3490 1072 3656 1134 ἵεται,

2078 1176 2173 1231 καὶ
2198 1174 2258 1229 τὸ
2290 1175 2456 1244 φανὲν
2481 1171 2574 1226 τοῦ
2600 1170 2834 1243 σταυροῦ
2856 1171 3084 1239 σημεῖον
3111 1168 3175 1220 ὲκ
3198 1165 3300 1233 τῆς
3324 1163 3661 1235 τιμιωτέρας

2080 1266 2214 1335 ὒλης
2246 1267 2410 1329 ποιεῖ,
2459 1265 2554 1318 καὶ
2604 1265 2733 1333 ὃλην
2781 1258 3167 1328 ὲγκολπίζεται
3214 1257 3314 1327 τὴν
3353 1255 3661 1309 εὐσέϐειαν.

2078 1357 2402 1427 Διαϐληθεὶς
2423 1356 2480 1409 δὲ
2511 1355 2662 1427 παρὰ
2685 1356 2782 1424 τῆς
2819 1354 2956 1417 ίδίας
2995 1351 3225 1423 μητρὸς,
3260 1350 3367 1403 ὑπὸ
3388 1346 3485 1401 τοῦ
3521 1349 3663 1417 ἡγε-

2084 1450 2244 1521 μόνος
2263 1447 2491 1502 Λουκίου
2527 1447 2977 1517 συλλαμϐάνεται
3014 1462 3028 1475 υ
3068 1445 3168 1498 καὶ
3203 1441 3433 1504 πολλαῖς
3491 1438 3668 1510 βασά-

2082 1558 2199 1603 νοις
2232 1539 2699 1610 προσωμιληκὼς,
2740 1539 2832 1592 καὶ
2864 1538 3096 1599 ταύταις
3122 1534 3262 1603 πρὸς
3285 1531 3546 1603 ἀνδρείαν
3566 1529 3667 1582 ἐπὶ

2082 1634 2249 1685 πλέον
2285 1632 2510 1702 μάστιξι
2538 1630 2869 1701 στομωθεῖς,
2909 1631 2966 1681 ὲν
2993 1628 3186 1689 αὐταῖς
3237 1627 3357 1688 ταῖς
3407 1624 3665 1695 βασάνοις

2080 1726 2159 1795 τῷ
2188 1726 2433 1797 Δεσπότῃ
2467 1724 2738 1784 παρέθετο
2767 1725 2867 1791 τὴν
2895 1722 3096 1791 ψυχὴν,
3122 1720 3217 1772 καὶ
3280 1718 3377 1770 νῦν
3415 1716 3668 1784 ἀγγέλων

2082 1822 2328 1891 χορείαις
2347 1818 2664 1887 ἀγάλλεται,
2697 1816 2805 1870 τῶν
2838 1814 3018 1870 ἄθλων
3051 1812 3151 1873 τὰς
3183 1809 3485 1872 ἀντιδόσεις
3510 1807 3667 1877 δεχό-

2007 1895 2049 1955 ίῖ
2080 1928 2142 1983 με
2151 1929 2261 1974 νος.

2149 2004 2304 2057 Ὅσοι
2350 2003 2482 2072 γοῦν
2513 2001 2939 2072 φιλομάρτυρες,
2997 1999 3095 2052 καὶ
3143 1996 3450 2068 φιλάρετοι,
3493 1990 3673 2062 ζηλὼ-

2078 2112 2262 2163 σωμεν
2298 2093 2394 2147 τοῦ
2451 2094 2729 2165 μάρτυρος
2777 2090 2877 2163 τὴν
2931 2089 3227 2160 ἀνδρείανο
3294 2084 3666 2157 μιμησὼμεθα

2075 2189 2269 2240 τούτου
2312 2187 2413 2257 τὴν
2468 2186 2771 2257 καρτερίαν
2799 2201 2814 2217 ο
2885 2185 3217 2255 παρεμφερῆ
3270 2181 3536 2249 δείξωμεν
3572 2181 3666 2232 τὸν

2078 2278 2290 2332 ἑαυτῶν
2324 2278 2438 2348 βίον
2488 2280 2551 2348 τῇ
2577 2277 2828 2348 πολιτείᾳ
2858 2275 2954 2329 τοῦ
3009 2271 3269 2344 ἀθλητοῦ.
3337 2272 3448 2325 Καὶ
3505 2273 3668 2339 ἡμεῖς

2077 2373 2188 2442 γὰρ
2216 2370 2477 2441 πατρίδος
2508 2370 2677 2437 ἐσμὲν
2716 2369 2819 2438 τῆς
2874 2369 3077 2438 νοητῆς
3155 2363 3517 2445 Ἰερουσαλὴμ
3567 2365 3667 2418 τοῦ

2080 2462 2410 2533 παραδείσου
2441 2463 2537 2530 τῆς
2564 2462 2798 2534 τρυφῆς,
2828 2462 2886 2528 ἐξ
2914 2456 2982 2535 ἦς
3022 2461 3276 2522 ἐλεεινῶς
3334 2456 3668 2527 ἀπῳκίσθη-

2084 2574 2209 2627 μεν.
2244 2538 2435 2627 Πατὴρ
2468 2556 2523 2608 δὲ
2556 2556 2715 2626 ἡμῶν
2764 2555 2994 2624 γέγονεν
3046 2557 3079 2626 ἡ
3138 2554 3232 2608 τοῦ
3266 2552 3404 2607 Θεοῦ
3450 2552 3665 2622 ἐντολὴ,

2078 2649 2107 2701 ὁ
2123 2649 2494 2718 πνευματικὸς
2512 2649 2701 2716 νόμος,
2722 2650 2751 2703 ὁ
2768 2647 2986 2718 ἀληθῶς
3005 2646 3409 2718 Χριποφόρος,
3437 2647 3466 2698 ὁ
3486 2644 3668 2715 φέρων

2082 2741 2140 2793 ὲν
2162 2739 2342 2810 ἑαυτῴ
2373 2739 2466 2792 τοῦ
2493 2738 2733 2810 Χριστοῦ
2798 2739 2866 2792 τὰ
2925 2739 3268 2809 ἐντάλματα.
3334 2738 3534 2807 Μήτηρ
3608 2735 3666 2787 δὲ

2079 2831 2290 2902 ἡμῶνή
2327 2831 2585 2900 αἴσθησις
2614 2829 2679 2896 ἐξ
2704 2830 2879 2899 αὐτῆς
2918 2830 3195 2897 γενέσεως
3228 2830 3399 2899 ἡμᾶς,
3434 2824 3546 2882 οἷον
3573 2845 3667 2880 τεο

2081 2921 2273 2987 κοῦσα,
2315 2922 2412 2975 καὶ
2434 2922 2795 2993 τιθηνήσασα.
2839 2922 3024 2994 Ταύτῃ
3052 2921 3186 2991 γοῦν
3246 2921 3488 2992 ἀρχῆθεν
3522 2923 3663 2973 ἁκο-

2082 3015 2451 3085 λουθήσαντες
2480 3018 2594 3078 τοῖς
2624 3014 2905 3086 αἰσθητοῖς
2960 3013 3406 3085 συνεφύρθημεν,
3461 3014 3536 3076 ὡς
3585 3014 3667 3068 εί-

2082 3108 2227 3161 δωλα
2258 3107 2358 3180 τὴν
2384 3107 2515 3177 ὓλην
2544 3109 2901 3178 τιμήσαντες,
2936 3110 3029 3161 καὶ
3062 3107 3154 3161 διὰ
3190 3107 3399 3178 ταύτης
3446 3109 3666 3160 οἰκειω-

2086 3200 2275 3264 θέντες
2332 3201 2409 3271 τῷ
2443 3200 2881 3271 κοσμοκράτορι,
2913 3202 3110 3271 ἄτιμον
3166 3199 3333 3272 τιμὴν
3387 3198 3668 3264 καὶδόξαν

2085 3294 2376 3365 ἐπίκαιρον
2405 3293 2850 3364 κληρωσάμενοι,
2889 3294 2985 3348 καὶ
3012 3293 3089 3358 ὥς
3114 3296 3196 3357 είς
3224 3294 3508 3362 Αἴγυπτον
3527 3292 3667 3364 πρὸς

2083 3386 2184 3457 τὴν
2219 3386 2419 3441 κακίαν
2456 3387 2828 3457 στελλόμενοι,
2863 3387 3090 3441 διῶκται
3138 3388 3238 3458 τῆς
3296 3386 3521 3458 ἀρετῆς,
3571 3387 3669 3438 καὶ

2088 3477 2341 3548 πολέμιοι
2367 3480 2838 3550 χρηματίσαντες.
2889 3479 3032 3534 Ἀλλ’
3059 3482 3093 3551 ἡ
3122 3480 3397 3552 γενομένη
3466 3481 3527 3534 ἐν
3584 3479 3667 3549 τῷ

2087 3569 2279 3640 κόσμῳ
2310 3569 2585 3639 ὲμφάνεια
2619 3569 2714 3624 τοῦ
2740 3569 2877 3624 Θεοῦ
2910 3570 2999 3625 διὰ
3037 3571 3140 3641 τῆς
3194 3571 3669 3643 ὲνανθρωπήσεως

2086 3661 2183 3715 τοῦ
2236 3662 2608 3730 Μονογενοῦς,
2686 3664 3004 3735 μετήγαγεν
3060 3666 3209 3736 ἡμᾶς
3255 3665 3357 3736 τῆς
3408 3667 3671 3736 τοιαύτης

2036 3796 2043 3801 .
2088 3754 2299 3825 πλάνης
2325 3755 2463 3825 πρὸς
2488 3755 2586 3825 τὴν
2620 3756 2929 3820 εὐσέϐειαν,
2952 3757 3050 3811 καὶ
3088 3758 3403 3831 ἀπέστρεψε
3437 3761 3538 3830 τῆς
3569 3776 3671 3812 πο-

2088 3847 2258 3915 νηρᾶς
2289 3845 2412 3900 ὀδοῦ
2440 3846 2530 3906 διὰ
2570 3848 2829 3913 πίστεως,
2887 3848 2992 3902 κᾶν
3038 3851 3071 3920 ή
3118 3849 3358 3920 πολεμία
3421 3852 3607 3923 μήτηρ
3634 3852 3672 3923 ἡ

2087 3940 2342 4011 αττθησις
2365 3941 2578 4011 ἐνοχλεῖ
2598 3940 2966 3996 διαϐάλλουσα
2997 3944 3150 4014 ἡμᾶς
3180 3945 3316 4014 πρὸς
3333 3945 3463 4007 τοὺς
3489 3945 3671 4016 ὑπηρ-

2087 4034 2216 4097 έτας
2247 4032 2342 4086 τοῦ
2384 4034 2623 4098 Σατανᾶ,
2654 4034 2752 4088 καὶ
2776 4036 3124 4105 πειρασμοὺς
3149 4037 3284 4105 ἡμῖν
3330 4034 3673 4107 ἀλλεπαλλή-

2086 4121 2214 4184 λους
2243 4122 2556 4191 ἐγείρουσα,
2589 4120 2683 4185 οὒς
2709 4124 2844 4192 ἡμῖν
2872 4122 3131 4193 προξενεῖ
3161 4125 3189 4177 ὁ
3239 4125 3431 4196 νοητὸς
3485 4125 3674 4189 λύκος,

2087 4214 2162 4273 ὡς
2191 4213 2437 4278 λούκιος.
2456 4215 2518 4268 El
2537 4214 2671 4283 γοῦν
2695 4219 3022 4283 στεφανῖται
3049 4217 3308 4286 γενέσθαι
3341 4217 3674 4287 βουλόμεθα,

2088 4309 2436 4379 ἁντιστῶμεν
2467 4309 2759 4375 γενναίως,
2797 4309 2885 4364 ἵνα
2917 4313 3039 4365 κατ’
3088 4312 3294 4383 ἀρετὴν
3333 4312 3678 4386 προκόπτον-

2088 4420 2179 4464 τες
2208 4401 2507 4471 γενοίμεθα
2535 4401 2602 4457 δι’
2643 4402 2823 4474 ἔργων
2857 4405 3154 4475 προκόποι.
3188 4404 3348 4458 Οὕτω
3398 4404 3507 4474 γὰρ
3536 4421 3677 4475 προ·

2089 4494 2303 4566 αιρέσει
2337 4494 2701 4565 ἀθλήσαντες,
2734 4497 2832 4550 καὶ
2870 4497 2972 4568 τὴν
3001 4495 3332 4567 ἐνοχλοῦσαν
3377 4497 3512 4567 ἡμῖν
3584 4498 3675 4549 αῖ·-

1636 4649 1960 4712 Francisci
1990 4650 2199 4712 Scorsi
2236 4659 2428 4713 notua.

482 4774 593 4851 (98)
627 4773 1028 4851 Crucispnippe
1053 4781 1279 4851 signum.
1315 4777 1462 4851 lianc
1484 4792 1594 4831 rem
1616 4776 1976 4851 fusiusenar-
2016 4779 2061 4837 Ι)
2099 4844 2129 4851 _
2158 4775 2237 4844 l2)
2296 4773 2667 4851 Inlwnestum_
2705 4776 2975 4851 honorem.
3032 4776 3163 4851 Vim,
3227 4787 3283 4833 et
3331 4786 3671 4832 venustatem

412 4858 489 4897 rat
526 4846 790 4915 Metaphr.
829 4846 945 4902 loco
997 4846 1162 4902 citan
1196 4865 1377 4915 supra.
1416 4848 1582 4901 Porro
1616 4849 1715 4901 hoc
1747 4847 1980 4899 miracu-

412 4915 520 4965 lnm
584 4927 635 4969 et
694 4929 962 4972 ostentum
1031 4921 1209 4973 crucis
1264 4919 1322 4972 S.
1383 4919 1645 4978 Prm-opio
1701 4916 1981 4978 oblatum,

412 4984 611 5060 lectum
662 4999 768 5060 est_
798 4990 850 5060 in
881 5005 953 5044 vn
1006 4991 1215 5060 synodo
1269 4987 1500 5043 OEcum.
1553 4984 1670 5040 Nic.
1703 5001 1769 5060 ιι,
1793 4990 1858 5038 ad
1892 4987 1986 5060 de-

409 5054 723 5130 [elisionem
742 5058 841 5115 SS.
895 5054 1211 5130 imaginum,
1263 5062 1330 5114 de
1359 5075 1465 5126 quo
1499 5061 1659 5112 etiam
1695 5059 1892 5112 Baron.
1931 5055 1985 5109 iu

409 5121 562 5178 Νυιιε
595 5132 661 5181 ad
679 5128 901 5201 Martyr.

489 5217 598 5286 (99)
654 5217 955 5344 Png‘eclum
986 5220 1040 5274 in
1094 5236 1215 5274 vera
1247 5220 1512 5288 religione,
1544 5228 1651 5272 etc.
1689 5215 1986 5286 PrOcopius

489 5291 714 5344 ιοκόπιος
791 5306 925 5344 rarce
946 5290 1098 5344 παρὰ
1125 5292 1188 5342 τὸ
1238 5291 1534 5344 προκύπτω
1569 5288 1806 5344 pro/icio.
1835 5289 1986 5344 Unde

410 5288 714 5356 Προκόπιος
740 5288 925 5344 Graece
946 5290 1098 5359 παρὰ
1125 5292 1188 5342 τὸ
1238 5291 1534 5359 προκύπτω
1567 5288 1806 5356 proﬁcio.
1835 5289 1987 5344 Unde

411 5361 684 5429 προκοπαί
735 5362 1102 5428 promotiones
1137 5360 1316 5429 Etym.
1347 5375 1489 5428 mag.

486 5453 561 5515 (ι)
590 5450 785 5507 Sensus
813 5470 954 5508 vero.
980 5451 1034 5505 In
1066 5451 1256 5507 Graeco
1286 5451 1540 5506 idiomate
1581 5451 1718 5505 belle
1742 5452 1987 5520 procedit

411 5520 688 5587 allegoria,
740 5539 841 5593 qua
889 5524 1144 5590 αἴσθησις
1198 5538 1299 5576 vox
1355 5522 1552 5575 femina
1584 5531 1756 5577 mater
1785 5523 1988 5577 dicitur

413 5602 635 5658 nostra;
695 5593 886 5648 Latine
908 5610 1036 5647 vero
1077 5593 1289 5647 scilicet
1318 5607 1508 5645 sensus
1549 5593 1761 5646 dicatur
1789 5606 1984 5657 mater,

385 5674 521 5738 .non
554 5663 624 5714 ita
669 5668 844 5717 decet.
890 5663 1075 5731 Itaque
1124 5665 1255 5717 verti
1292 5678 1477 5738 vocem
1516 5661 1769 5733 αἴσθησιν
1793 5679 1986 5738 sensus

414 5730 748 5798 illccebram,
810 5746 865 5785 nt
898 5730 1128 5787 mentem
1161 5733 1421 5795 auctoris,
1472 5749 1590 5798 qum
1620 5730 1683 5788 ei
1722 5746 1830 5787 tcta
1865 5735 1988 5787 alle-

415 5814 565 5878 goria
591 5803 721 5853 satis
743 5803 1003 5870 aperitur,
1034 5819 1087 5857 et
1104 5806 1336 5878 aliquam
1360 5806 1756 5871 proportionem
1791 5820 1981 5859 vocum

420 5875 561 5924 inter
597 5887 812 5924 sensum
844 5886 891 5923 et
931 5875 1552 5941 tutremexplinwrcm.

2089 4844 2400 4917 Graecarum
2430 4860 2623 4899 vocum
2637 4846 2833 4917 ἄτιμον
2855 4847 3025 4917 τιμὴν
3056 4848 3254 4915 quibus
3286 4864 3419 4904 usus
3456 4862 3670 4913 auctor,

2092 4916 2232 4970 haud
2263 4913 2376 4969 scio
2396 4930 2463 4987 an
2502 4917 2605 4970 sim
2637 4913 2930 4987 assecutus
2948 4934 3042 4987 per
3077 4913 3300 4973 Latinas
3335 4919 3670 4972 inhonestum

2091 4985 2471 5048 honorem;iis
2505 4995 2654 5040 certe
2687 4985 2965 5041 abundant
3003 4987 3202 5054 ϐτεεοί,
3250 4991 3414 5043 Attici
3460 4991 3673 5056 potissi-

2093 5071 2262 5117 mum,
2291 5056 2487 5121 quibus
2516 5068 2848 5124 apponentes
2871 5060 2937 5111 ad
2960 5074 3157 5113 nomen
3192 5076 3224 5113 a
3267 5075 3423 5114 suum
3477 5074 3674 5126 στερη-

2091 5126 2242 5200 τιδφγ
2288 5126 2461 5200 |_||_ll_ll=t_
2484 5126 2720 5200 bfeViter
2745 5129 3067 5200 ειιιιιῃὶυηι,
3084 5130 3174 5184 sed
3208 5131 3427 5200 gravida
3452 5143 3671 5184 sensus.

2092 5194 2585 5267 titillttd_’fEXOpt'bv
2629 5196 2813 5267 ἄδωρα
2829 5195 3000 5266 δῶρα,
3040 5194 3670 5253 Ιηίηιίεοτωηαυηαηυη

2091 5266 2251 5340 dena,
2301 5264 2488 5340 idem,
2523 5264 2795 5335 suspecta,
2840 5264 3034 5336 nuitia;
3067 5282 3119 5323 et
3153 5286 3168 5324 :
3209 5272 3391 5340 Τάφος
3440 5271 3667 5333 ἄταςος.

2092 5339 2263 5401 Quam
2294 5335 2467 5405 rvisus
2519 5346 2604 5389 est
2663 5339 2971 5405 exprimere
3022 5335 3214 5394 Cicero
3260 5335 3315 5394 in
3349 5341 3668 5400 Miloniana,

2089 5404 2392 5481 cumillam
2429 5404 3088 5481 insepultam’sepalturam
3117 5414 3282 5477 dixit;
3305 5413 3370 5465 ad
3392 5429 3551 5481 quem
3593 5414 3668 5463 n-

2091 5475 2484 5541 tumﬁlatullus,
2518 5478 2584 5531 de
2611 5475 2824 5546 Nuptiis
2847 5478 2992 5533 Pelei
3019 5492 3072 5534 et
3105 5475 3304 5536 'I‘het.:

2911 5572 3044 5627 Cum
3092 5577 3227 5629 talia
3274 5575 3484 5630 Cretam

2256 5640 2469 5695 Funera
2494 5642 2762 5713 Cecropia?
2791 5660 2893 5697 non
2922 5645 3109 5714 funera
3132 5660 3494 5714 portarentur.

2087 5734 2290 5790 Omitto
2316 5737 2418 5791 alia
2439 5737 2748 5792 (ἔνθηροι-ηιμ
2778 5752 3050 5797 sexcenta.
3088 5740 3229 5795 Idem
3262 5758 3412 5805 usus,
3433 5756 3488 5795 et
3523 5744 3669 5797 lusus

2087 5824 2207 5860 cum
2245 5818 2381 5875 part.
2420 5807 2553 5883 μδύς.
2590 5807 2832 5863 5.Β.ι›ιὶι.
2880 5808 3089 5883 ἔρωτας
3138 5812 3470 5883 δυσέρωτας,
3510 5815 3667 5880 dixit,

2086 5894 2270 5946 grai-os
2298 5888 2341 5930 et
2374 5878 2657 5931 effrenatos
2682 5878 3051 5936 autores.Alta
3094 5883 3209 5936 alii.
