4074 6440
489 404 596 469 931-

1694 408 2189 471 TlIEOPHANIS
2229 407 2576 470 CERAMEI

3657 407 3768 469 ί)θὲ

492 528 543 575 et
578 516 723 585 fons,
756 527 812 574 ct
846 535 983 591 aqua
1015 521 1083 587 ⁸³,
1119 530 1173 576 ct
1208 522 1391 577 vinum
1424 524 1492 589 δ”,
1532 534 1582 579 et
1629 526 1755 579 vitis
1784 524 1851 587 ⁸⁸,
1880 532 1934 577 et
1970 538 2065 592 pe-

2188 523 2267 577 ιαὶ
2306 519 2475 591 οἶνος,
2501 522 2599 577 καὶ
2625 520 2895 592 ἄμπελος,
2924 519 3015 572 καὶ
3050 520 3248 589 πέτρα,
3310 518 3401 570 καὶ
3445 516 3615 579 λίθος,
3676 502 3775 571 καὶ

494 620 572 663 tra
605 610 674 675 ⁵⁸,
708 620 763 665 et
794 610 931 681 lapis
952 611 1018 675 ⁸⁷,
1061 621 1117 667 et
1147 612 1255 667 vita
1279 614 1346 678 ³⁸,
1381 622 1436 670 et
1470 616 1624 684 panis
1649 616 1716 681 δν,
1744 623 1799 669 et
1854 629 2070 681 marga-

495 701 594 754 rita
626 701 671 732 ⁶⁰
696 703 952 759 omnibus
987 703 1078 771 qui
1116 703 1170 758 in
1206 705 1383 773 ipsum
1408 704 1638 760 credunt
1677 706 1858 760 factus
1886 705 2069 761 omnia

492 795 843 864 proportione
902 799 1179 866 quadam,
1239 808 1293 853 et
1340 800 1408 854 ad
1464 800 1731 869 cujusque
1776 798 2068 862 rationem,

493 886 897 952 utilitatemque
926 902 986 942 se
1023 898 1264 945 vertens.
1292 890 1447 946 Nunc
1492 892 1655 959 igitur
1696 894 1871 963 magis
1904 893 2069 946 etiam

492 976 722 1047 figurate
780 994 839 1034 se
884 981 1084 1036 ostium
1138 983 1385 1037 nominat
1423 1000 1567 1055 :per
1610 985 1754 1055 quod
1802 987 1867 1039 ad
1907 986 2070 1038 vitam

493 1085 614 1133 nos,
650 1070 743 1141 qui
797 1073 1072 1127 credimus
1106 1073 1525 1130 introducimur.
1575 1074 1641 1128 Et
1677 1078 1934 1145 quoniam
1958 1078 2075 1145 ipse

494 1161 598 1215 vita
631 1170 734 1226 est,
766 1161 1169 1217 introducimur
1211 1180 1308 1233 per
1339 1166 1519 1235 ipsum
1560 1167 1625 1220 ad
1656 1165 1827 1233 ipsum
1856 1184 1869 1220 :
1908 1184 1926 1217 ι
1963 1166 2073 1237 Ego

491 1267 609 1305 sum
644 1252 902 1310 ostium.»
940 1255 1112 1309 Sicuti
1142 1257 1285 1310 enim
1305 1258 1499 1311 ostium
1529 1257 1738 1327 primus
1771 1258 1823 1312 in
1855 1259 2071 1314 domum

492 1350 576 1396 est
608 1342 806 1407 aditus,
841 1344 914 1399 ita
938 1345 1191 1401 Salvator
1220 1357 1408 1402 noster
1438 1345 1599 1401 Jcsus
1620 1348 1874 1404 Christus
1903 1349 2071 1418 janua

493 1432 652 1489 nobis
680 1445 763 1490 est
790 1434 986 1503 factus,
1016 1454 1115 1508 per
1143 1455 1305 1508 quam
1359 1440 1412 1493 in
1455 1442 1709 1494 virtutem
1753 1442 2072 1510 ingredere-

492 1538 636 1588 mur,
665 1541 785 1578 rum
817 1529 1023 1595 primus
1054 1530 1168 1600 ipse
1193 1531 1587 1584 consummarit
1615 1547 1831 1585 omnem
1857 1531 2075 1586 virtutis

494 1617 901 1687 perfectionem.
941 1620 1080 1686 Quin
1114 1622 1279 1676 etiam
1305 1638 1428 1676 cum
1460 1623 1531 1675 ita
1576 1634 1736 1677 natus
1770 1625 1839 1676 sit
1871 1625 1979 1687 ille,
2016 1631 2075 1677 ut

493 1719 638 1763 esset
670 1709 881 1763 initium
923 1713 1343 1766 resurrectionis
1382 1729 1443 1768 ex
1490 1714 1742 1777 mortuis,
1770 1724 1823 1769 ct
1873 1714 2076 1780 primo-

494 1799 710 1868 genitus
762 1812 1099 1856 ntortuorum
1133 1804 1200 1869 δι,
1227 1803 1395 1871 janua
1443 1805 1605 1857 etiam
1646 1805 2075 1859 immortalitatis

2179 615 2431 684 ζωὴ,καὶ
2457 615 2645 687 ἄρτος,
2672 614 2769 667 καὶ
2804 612 3116 684 μάργαρος,
3185 609 3468 678 ἀναλόγως
3525 611 3639 672 τοῖς
3691 610 3772 671 εἰς

2179 705 2346 759 αὐτὸν
2396 705 2990 761 πεπιστευκόσιπάντα
3022 702 3345 773 γενόμενος,
3375 701 3471 753 καὶ
3501 701 3640 770 πρὸς
3669 702 3775 770 τὴν

2180 797 2414 851 ἑκάστου
2477 798 2899 870 ἐπιτηδειότητα
2969 795 3464 866 μεταμειϐόμενος.
3508 793 3622 845 Νῦν
3676 789 3776 846 οὖν

2179 890 2581 963 τροπικωτέρῳ
2615 888 2694 961 τῷ
2726 889 2868 960 λόγῳ
2894 888 3069 959 θύραν
3130 887 3394 942 ἐκάλεσεν
3452 886 3668 949 ἑαυτὸν,
3704 885 3773 939 δι’

2178 977 2248 1055 ἧς
2273 984 2411 1055 προς
2431 983 2533 1054 τὴν
2556 982 2702 1053 ζωὴν
2733 983 2783 1036 οἱ
2838 979 3242 1043 πιστεύσαντες
3298 978 3639 1048 εἰσαγόμεθα
3671 980 3774 1051 δη-

2179 1075 2357 1128 λονότι
2401 1076 2469 1130 δι’
2511 1075 2678 1129 αὐτοῦ
2706 1076 2788 1138 εἰς
2816 1075 2980 1128 αὐτόν
3012 1091 3024 1104 ·
3069 1093 3087 1125 ι
3128 1071 3274 1141 Ἐγώ
3316 1072 3435 1141 εἰμι
3478 1073 3509 1142 ή
3547 1070 3710 1142 θύρα.
3749 1093 3769 1122 ι

2182 1167 2395 1237 Ὥσπερ
2432 1168 2541 1237 γὰρ
2566 1168 2599 1236 ἡ
2627 1166 2767 1235 θύρα
2796 1166 2940 1237 ἀρχὴ
2980 1167 3080 1235 τῆς
3114 1167 3194 1227 εἰς
3217 1164 3316 1234 τὴν
3346 1163 3531 1216 οἰκίαν
3561 1162 3776 1215 εἰσόδου

2183 1261 2351 1323 ἐστὶν,
2386 1259 2530 1313 οὕτω
2558 1261 2655 1313 καί.
2680 1262 2708 1313 ό
2741 1260 2933 1329 Σωτὴρ
2961 1259 3121 1328 ἡμῶν
3154 1255 3376 1326 Ἰησοῦς
3433 1257 3575 1326 θύρα
3608 1256 3778 1323 γέγο-

2182 1366 2272 1403 νεν
2306 1350 2437 1418 ἡμῖν
2467 1348 2569 1417 τῆς
2603 1349 2682 1410 εἰς
2710 1349 2809 1415 τὴν
2839 1347 3045 1417 ἀρετὴν
3106 1344 3491 1408 εἰσελεύσεως,
3555 1344 3778 1415 πρῶτος

2184 1438 2366 1489 πᾶσαν
2397 1436 2765 1505 κατορθωκὼς
2804 1438 3035 1507 ἀρετήν.
3070 1436 3179 1490 Καὶ
3207 1437 3314 1505 μὴν
3346 1436 3443 1490 κα)⁸
3470 1435 3572 1506 τῆς
3596 1436 3660 1487 ἐκ
3687 1452 3781 1487 νε-

2182 1524 2333 1595 κρῶν
2369 1526 2728 1589 ἀναστάσεως
2759 1526 2928 1597 ἀρχὴ.
2978 1528 3075 1581 καὶ
3108 1522 3456 1597 πρωιίότοκος
3483 1524 3773 1595 πεφυκὼς,

2186 1618 2327 1687 θύρα
2359 1618 2460 1687 τῆς
2487 1618 2801 1686 ἀφθαρσίας
2824 1622 2959 1690 ἡμῖν
2979 1620 3343 1690 ἐχρημάτισε,
3377 1619 3472 1672 καὶ
3502 1618 3599 1689 τὴν
3628 1617 3778 1689 ὑπὲρ

2186 1710 2344 1780 ἡμῶν
2377 1711 2695 1780 οἰκονομίαν
2752 1712 3160 1783 πεπληρωκὼς,
3206 1713 3305 1764 καὶ
3362 1712 3443 1773 εἰς
3502 1710 3779 1783 οὐρανοὺς

2187 1800 2672 1871 ἁναπεφοιτηκὼς,
2705 1804 2948 1866 καὶτοῖς
3002 1805 3296 1874 πατρικοῖς
3347 1802 3550 1865 θώκοις
3603 1819 3778 1855 κεκα-

494 1895 824 1949 consumtus
859 1903 940 1949 est
985 1895 1163 1949 nobis.
1213 1895 1458 1965 Cumque
1502 1896 1684 1950 omnia
1728 1896 2072 1967 perfecisset,

2188 1890 2389 1960 θηκὼς,
2429 1890 2548 1953 ὁδὸς
2573 1893 2709 1962 ἡμῖν
2740 1893 2958 1961 γέγονε,
2990 1892 3087 1944 καὶ
3116 1891 3259 1962 θύρα
3282 1892 3385 1961 τῆς
3424 1890 3773 1954 ἀναϐάσεως.

493 2000 614 2054 quae
665 1995 854 2041 nostra
892 2002 1054 2043 causa
1084 1988 1347 2059 disposita
1391 1988 1626 2056 fuerant,
1669 2000 1724 2045 et
1755 1990 2077 2047 revertisset

496 2078 547 2130 iu
579 2078 774 2134 coelum
807 2090 861 2135 et
911 2080 962 2133 iu
996 2080 1172 2136 Patris
1206 2081 1345 2136 solio
1392 2083 1746 2146 consedisset,
1777 2092 1833 2138 et
1862 2085 1947 2138 via
1979 2098 2081 2138 no-

498 2170 602 2236 bis,
633 2173 882 2243 etjanua
929 2185 1128 2230 nostra:
1179 2176 1517 2231 ascensionis
1568 2187 1652 2232 est
1703 2177 1896 2233 factus.
1953 2176 2078 2232 [late

499 2278 633 2317 vero
669 2266 855 2319 eadem
895 2265 1063 2335 janua
1105 2278 1334 2338 angusta
1372 2279 1526 2337 porta
1571 2268 1697 2323 alibi
1753 2269 2077 2339 appellatur.

494 2353 565 2406 de
610 2368 716 2422 qua
754 2354 1009 2411 Salvator
1042 2359 1119 2412 ait
1151 2376 1164 2413 :
1200 2378 1220 2411 ι
1253 2358 1457 2414 Intrate
1492 2374 1589 2426 per
1620 2370 1906 2429 angustam
1958 2374 2078 2429 por-

497 2450 608 2495 tam
631 2442 714 2507 “;
757 2462 775 2494 ι
813 2460 936 2498 nam
980 2456 1033 2500 et
1063 2456 1292 2516 angusta
1343 2458 1495 2517 porta
1550 2447 1937 2518 incipientibus
1969 2456 2072 2514 est,

501 2532 589 2603 qui
627 2549 734 2587 non
782 2535 960 2591 adhuc
1009 2537 1060 2590 iu
1111 2538 1461 2593 meditatione
1517 2539 1737 2594 virtutis
1791 2540 2075 2594 exercitati

502 2633 659 2691 sunt;
695 2626 894 2680 ostium
925 2642 1052 2681 vero
1080 2628 1339 2698 amplum,
1372 2644 1437 2684 ac
1490 2639 1681 2700 patens
1719 2631 1786 2684 iis
1823 2630 1914 2701 qui
1962 2630 2080 2701 ejus

501 2715 747 2770 habitum
772 2716 885 2786 jam
917 2730 1306 2789 compararunt
1338 2738 1354 2774 :
1388 2728 1443 2774 et
1472 2736 1615 2775 nunc
1647 2720 1866 2790 quidem
1901 2722 2079 2776 omni-

501 2813 601 2863 bus
630 2809 942 2865 volentibus
965 2813 1243 2881 panditur,
1281 2812 1332 2866 in
1366 2811 1549 2867 futura
1578 2828 1709 2867 vero
1745 2815 1852 2867 vita
1895 2813 1963 2868 iis
1987 2814 2078 2882 qui

501 2902 751 2969 imparati
771 2901 992 2967 fuerint,
1013 2903 1306 2968 clauditur,
1330 2905 1406 2958 uti
1433 2918 1498 2959 ex
1523 2905 1791 2975 virginum
1820 2905 2078 2975 parabola

502 2991 608 3058 iam
631 2993 948 3051 didicimus.
984 2994 1249 3062 Quoniam
1281 3011 1409 3051 vero
1453 2996 1508 3050 in
1544 2996 1707 3051 rebus
1741 3012 1905 3051 sensu
1955 3011 2081 3067 pcr-

501 3087 672 3154 ceptis
722 3085 868 3142 aliud
920 3091 1144 3154 ostium,
1191 3089 1338 3144 aliud
1386 3100 1571 3159 pastor
1612 3098 1735 3157 est,
1784 3089 1876 3144 hic
1933 3097 2082 3143 certe

502 3174 641 3229 idem
706 3178 1202 3252 uobisjutriusque
1259 3182 1432 3235 vicem
1479 3182 1617 3252 gerit
1675 3182 2081 3239 introeuntibus

2198 1981 2260 2035 Ἥ
2288 1982 2428 2053 θύρα
2454 1982 2513 2034 δὲ
2545 1982 2686 2053 αῦτη
2711 1985 2805 2035 καί¹
2837 1983 3000 2052 στενὴ
3035 1982 3181 2052 πύλη
3230 1983 3289 2035 ἐν
3315 1982 3498 2044 ἄλλοις
3550 1980 3778 2052 ὠνόμα-

2188 2094 2333 2141 σται,
2365 2076 2494 2146 περί
2517 2070 2584 2149 ἧς
2603 2093 2771 2147 φησιν
2802 2078 2830 2129 ὁ
2860 2077 3058 2147 Σωτήρ
3091 2092 3107 2108 ο
3169 2095 3186 2127 ι
3224 2074 3513 2129 Εἰσέλθετε
3537 2073 3627 2127 διὰ
3675 2077 3779 2144 τῆς

2186 2166 2382 2236 στενῆς
2408 2165 2607 2237 πύλης.
2648 2185 2668 2218 ι
2710 2166 2820 2219 Καὶ
2848 2166 3011 2237 στενὴ
3041 2166 3141 2237 μὲν
3168 2167 3200 2236 ὴ
3231 2164 3375 2235 πύλη
3407 2166 3522 2227 τοῖς
3549 2166 3779 2232 εἰσαγο-

2189 2262 2373 2332 μένοις
2404 2260 2640 2328 γίνεται,
2670 2256 2754 2324 οἷς
2786 2258 2868 2313 ἔτι
2918 2259 3276 2329 ἀγύμναστός
3330 2259 3481 2311 ἔστιν
3540 2258 3575 2325 ἡ
3626 2254 3780 2325 ψυχὴ

2187 2354 2324 2425 πρὸς
2351 2353 2452 2425 τὴν
2476 2352 2573 2407 τοῦ
2606 2350 2777 2406 καλοῦ
2804 2352 3165 2423 κατανόησιν.
3195 2351 3352 2420 Θύρα
3408 2350 3468 2403 δέ
3501 2349 3779 2403 ἀναπετα-

2191 2446 2327 2517 μένη
2361 2447 2476 2508 τοῖς
2504 2447 2562 2498 ἐν
2590 2444 2703 2512 ἕξει
2733 2445 2988 2512 γεγονόσι
3021 2443 3122 2513 τῆς
3160 2442 3368 2514 ἀρετῆς
3396 2458 3411 2473 ·
3432 2440 3527 2494 καὶ
3546 2438 3642 2492 νῦν
3674 2438 3780 2509 μὲν

2185 2541 2300 2602 τοῖς
2327 2537 2683 2609 βουλομένοις
2712 2538 2881 2589 πᾶσιν
2913 2536 3194 2604 ἀνέῳκται
3229 2552 3243 2565 ·
3293 2536 3352 2588 ἐν
3406 2534 3463 2587 δὲ
3516 2536 3583 2603 τῇ
3642 2532 3775 2603 μελ-

2186 2631 2360 2705 λούσῃ
2392 2630 2508 2702 ζωῇ
2544 2631 2657 2693 τοῖς
2684 2629 2992 2699 ἀνετοίμως
3044 2626 3229 2698 ἔχουσι
3281 2625 3542 2682 κλείεται.
3590 2623 3778 2688 καθὼς

2187 2726 2247 2779 ἐν
2272 2727 2338 2796 τῇ
2376 2722 2667 2795 παρθένων
2699 2720 2987 2792 παραϐολῇ
3022 2719 3453 2790 μεμαθήκαμεν.
3486 2716 3636 2772 ’Δλλ’
3681 2718 3780 2771 ἐπὶ

2192 2816 2292 2887 μὲν
2321 2816 2432 2869 τῶν
2457 2814 2734 2886 αἰσθητῶν
2777 2813 2912 2883 ἄλλη
2971 2812 3071 2883 μέν
3120 2814 3153 2883 ἡ
3197 2812 3359 2881 θύρα,
3412 2811 3600 2880 ἔτερος
3637 2809 3693 2863 δὲ
3748 2811 3782 2863 ὁ

2188 2909 2396 2979 ποιμήν
2422 2924 2439 2941 ο
2466 2907 2704 2961 ἐνταῦθα
2733 2907 2812 2970 δὲ,
2839 2909 2867 2960 ὁ
2890 2905 3059 2969 αὐτὸς
3084 2907 3224 2976 ἡμῖν
3249 2905 3541 2975 ἀμφότερα
3567 2903 3781 2971 γίνεται

2189 3000 2421 3053 εἰσιοῦσι
2459 2999 2561 3070 μὲν
2588 2998 2750 3070 θύρα,
2789 2996 2997 3061 ἐξιοῦσι
3027 2997 3085 3050 δέ
3126 3013 3193 3065 γε
3255 2998 3498 3066 ποιμήν·
3563 2996 3658 3049 καὶ
3700 2994 3783 3066 μὴ

2190 3093 2482 3165 θαυμάσῃς
2506 3094 2554 3146 εἰ
2575 3094 2603 3145 ό
2630 3091 2799 3154 αὐτὸς
2835 3090 3127 3163 ἀμφότερα
3168 3089 3404 3158 γίνεται.
3441 3087 3553 3142 Καὶ
3579 3087 3785 3157 Πέτρῳ

2190 3186 2301 3253 γὰρ
2330 3182 2646 3255 ἐγχειρίσας
2694 3181 2903 3253 ταύτης
2934 3182 3036 3251 τῆς
3077 3180 3251 3252 θύρας
3297 3180 3397 3244 τὰς
3454 3179 3627 3244 κλεῖς,
3683 3179 3787 3232 τὸν

502 3266 716 3335 quidem
779 3250 1002 3331 ostium,
1052 3269 1248 3325 Pastor
1281 3285 1412 3325 vero
1452 3281 1537 3325 est
1582 3272 1930 3326 exeuntibus.
1970 3272 2079 3328 Nec

2188 3249 2505 3327 animi
2555 3249 2889 3338 κλειδόῦλον,
2969 3249 3067 3326 καὶ
3142 3249 3383 3342 ποιμένα
3439 3270 3785 3343 χειροτονεῖ-⁵

503 3372 629 3410 vero
660 3352 877 3424 mirere,
904 3362 947 3415 si
981 3362 1120 3415 idem
1154 3372 1446 3430 utrumque
1480 3362 1567 3416 sit.
1606 3363 1743 3416 Nam
1769 3364 1930 3417 etiam
1953 3378 2076 3418 cum

2192 3383 2214 3419 ι
2250 3365 2446 3431 Βόσκε,
2478 3363 2679 3432 λέγων,
2706 3364 2777 3417 τὰ
2805 3363 2970 3434 ἀρνία
3004 3378 3130 3434 μου.
3168 3380 3189 3414 ι

503 3447 662 3506 Petro
710 3451 940 3521 hujusce
989 3454 1166 3522 januze
1214 3452 1447 3507 credidit
1495 3452 1701 3518 claves,
1751 3456 2001 3509 eumdem
2036 3463 2091 3512 et
2126 3455 2484 3528 clavigerum,
2525 3464 2579 3513 et
2623 3466 2904 3527 pastorem
2955 3456 3233 3513 instituit:
3273 3475 3291 3509 ι
3328 3455 3518 3521 Pasce,
3575 3454 3780 3525 inquit.

502 3559 630 3600 oves
662 3559 840 3612 meas;
886 3565 904 3597 ι
942 3554 995 3600 et
1021 3564 1067 3599 τι
1101 3546 1269 3602 Pasce
1296 3562 1461 3614 agnos
1499 3564 1651 3604 meos
1672 3550 1737 3603 ⁸³.
1775 3567 1793 3599 ι

578 3662 596 3694 ι
625 3642 725 3697 Per
742 3658 829 3699 mc
847 3644 889 3699 si
910 3646 1030 3714 quis
1050 3646 1343 3710 introierit,
1364 3648 1680 3717 salvahitur,
1696 3670 1713 3700 ι
1736 3660 1784 3704 et
1801 3651 1925 3720 jure
1959 3656 2085 3721 qui-

501 3734 621 3788 dem
640 3735 866 3803 optimo.
892 3735 945 3789 Si
981 3736 1123 3790 enim
1150 3739 1265 3809 ipse
1288 3740 1435 3809 regni
1460 3742 1723 3795 cmlorum
1750 3750 1833 3794 est
1856 3742 2081 3807 ostium,

502 3825 802 3881 salvabitur
825 3828 1031 3897 utique,
1053 3831 1143 3898 qui
1175 3846 1266 3901 per
1289 3833 1462 3901 ipsum
1478 3833 1808 3902 ingreditur.
1828 3834 1928 3900 Qui
1955 3851 2085 3890 vero

432 3926 437 3929 '
502 3919 833 3989 praeterierit
859 3922 1081 3985 ostium,
1106 3931 1162 3976 et
1189 3925 1357 3978 veiuti
1393 3924 1499 3991 fur,
1530 3935 1584 3979 et
1605 3925 1743 3979 latro
1764 3927 1959 3979 stabuli
1987 3943 2084 3996 pa-

502 4010 669 4066 rietes
694 4012 1032 4078 transilierit,
1059 4029 1087 4067 a
1110 4016 1425 4070 custodibus
1445 4017 1625 4070 ovium
1652 4004 2087 4085 deprehendetur

502 4103 558 4156 in
585 4101 754 4171 furto,
785 4114 837 4158 et
864 4119 1078 4175 poenam
1111 4110 1361 4162 nocturni
1397 4110 1734 4165 insidiatoris
1767 4111 1897 4165 luet.
1934 4109 2087 4165 Dicet

505 4213 637 4255 vero
666 4198 905 4256 fortasse
938 4202 1208 4272 quispiam
1242 4204 1608 4261 subdubitans
1640 4222 1653 4258 :
1685 4205 1742 4261 Si
1775 4204 1977 4260 bonum
2000 4210 2087 4259 est

505 4293 729 4363 per-hoc
756 4295 957 4350 ostium
992 4297 1241 4360 introire,
1266 4308 1317 4351 ct
1348 4297 1404 4352 in
1429 4297 1645 4351 beatum
1674 4299 1778 4355 hoc
1834 4297 1975 4352 ovile
2006 4298 2086 4351 in-

507 4386 760 4453 tromitti,
788 4402 920 4458 ergo
950 4389 1102 4443 exire
1139 4389 1303 4460 387
1338 4391 1698 4459 periculosum
1719 4391 1821 4446 erit
1849 4408 1863 4444 :
1888 4392 2088 4462 quibus

504 4477 652 4533 enim
688 4478 741 4532 in
774 4479 937 4535 rebus
970 4480 1231 4536 introitus
1269 4483 1439 4537 bonus
1469 4493 1572 4549 est,
1601 4497 1709 4537 non
1752 4482 1938 4537 itidem
1967 4482 2085 4537 exi-

506 4580 594 4627 tus
624 4572 797 4628 bOuus
820 4583 926 4628 est.
954 4571 1069 4629 Hoc
1097 4588 1227 4628 vero
1262 4576 1315 4629 in
1364 4576 1504 4640 loco,
1539 4590 1659 4645 quae
1691 4575 1923 4629 invicem
1953 4584 2085 4630 sunt

503 4666 749 4733 opposita
778 4665 918 4721 bona
941 4681 1066 4723 esse
1093 4667 1400 4723 indicantur
1432 4685 1497 4722 ται
1541 4666 1878 4738 lugredietur
1905 4668 2074 4732 enim,

502 4758 701 4827 inquit,
742 4768 798 4814 et
844 4761 1188 4828 egredietur;
1237 4771 1295 4817 et
1340 4777 1540 4832 pascua
1588 4762 1847 4817 inveniet.
1883 4780 1903 4815 ι
1947 4761 2087 4829 Quid

503 4850 670 4921 igitur
687 4868 784 4923 per
812 4853 916 4909 hoc
935 4854 1101 4920 aliud,
1127 4870 1286 4924 quam
1306 4845 1689 4911 interminatus
1713 4856 1762 4909 in
1790 4855 1989 4909 virtute
2008 4853 2085 4925 (7)

2268 3674 2290 3705 τ
2326 3654 2405 3707 Δι’
2443 3653 2578 3724 ἐμοῦ
2604 3653 2704 3706 ἐάν
2742 3670 2827 3716 τις
2886 3652 3135 3724 εἰσέλθῃ,
3197 3650 3544 3722 σωθήσεταισ
3583 3668 3603 3703 ι
3681 3652 3786 3704 καὶ

2190 3747 2338 3817 μάλα
2369 3746 2623 3809 εἰκότως.
2644 3747 2708 3799 Εἰ
2742 3746 2852 3816 γὰρ
2880 3744 3046 3807 αὑτός
3081 3746 3231 3798 ἐστιν
3266 3746 3301 3815 ἡ
3328 3743 3470 3813 θύρα
3511 3743 3613 3813 τῆς
3678 3742 3789 3812 βα-

2188 3833 2396 3897 σιλείας
2429 3834 2538 3887 τῶν
2562 3834 2835 3905 οὐρανῶν,
2856 3833 2884 3885 ὁ
2912 3833 2982 3887 δι’
3013 3834 3186 3903 αὐτῆς
3206 3832 3393 3886 εἰσιὼν
3422 3833 3640 3896 πάντως
3670 3849 3791 3887 σω-

2189 3926 2443 3997 θήσεται.
2485 3925 2544 3978 ὐ
2571 3925 2628 3977 δὲ
2657 3925 2756 3996 τὴν
2776 3924 2949 3995 θύραν
3002 3924 3182 3993 ἀφεὶς,
3237 3923 3334 3977 καὶ
3385 3918 3474 3978 οἶα
3515 3924 3786 3994 κλέπτης,

2186 4018 2282 4070 καὶ
2297 4017 2612 4089 λωποδύτης
2639 4018 2811 4088 τὸτῆς
2837 4015 3009 4089 αὐλῆς
3027 4017 3274 4089 θριγκίον
3299 4017 3650 4089 ὑπερπηδῶν,
3674 4018 3787 4072 ὑπὸ

2188 4108 2294 4162 τῶν
2325 4109 2427 4180 τῆς
2474 4109 2642 4181 αὐλῆς
2692 4109 2952 4179 φυλάκων
3008 4108 3294 4181 λῃστεύων
3342 4108 3650 4175 ἁλίσκεται,
3685 4109 3788 4162 καὶ

2188 4201 2496 4256 κινδυνεύει
2531 4203 2888 4274 νυκτιλοχῶν.
2910 4203 3051 4274 Φαίη
3083 4203 3140 4256 δέ
3160 4220 3242 4265 τις
3260 4202 3577 4274 ἐπαπορῶν,
3609 4205 3703 4258 καὶ
3730 4205 3786 4257 εἰ

2193 4294 2365 4348 καλόν
2396 4297 2514 4349 ἐστι
2543 4293 2604 4347 τὸ
2632 4293 2723 4347 διὰ
2750 4293 2851 4364 τῆς
2891 4293 3065 4367 θύρας
3106 4294 3311 4364 ταύτης
3361 4294 3650 4362 εἰσελθεῖν,
3684 4296 3790 4350 καὶ

2190 4387 2325 4440 εἴσω
2357 4386 2621 4456 γενέσθαι
2644 4386 2748 4455 τῆς
2795 4386 3081 4459 μακαρίας
3124 4387 3302 4457 αὐλῆς
3334 4404 3348 4419 ο
3371 4386 3484 4459 ἄρα
3530 4390 3594 4449 τὸ
3630 4387 3789 4454 ἐξελ-

2190 4477 2304 4532 θεῖν
2332 4479 2681 4535 ἐπικίνδυνον
2713 4497 2728 4510 ·
2760 4480 2818 4533 ἐν
2851 4473 2934 4543 οἷς
2960 4478 3075 4549 γὰρ
3099 4481 3133 4550 ἡ
3165 4479 3471 4543 εἰσέλευσις
3492 4478 3719 4548 ἀγαθὸν,
3746 4480 3787 4549 ἡ

2189 4574 2470 4640 ἐξέλευσις
2505 4573 2611 4627 οὐκ
2640 4571 2851 4640 ἀγαθόν
2876 4586 2893 4604 ο
2928 4571 3165 4627 ἐνταῦθα
3188 4571 3243 4625 δέ
3268 4571 3338 4625 τὰ
3396 4572 3655 4642 ἀλλήλοις
3684 4572 3788 4625 ἀν-

2189 4664 2482 4736 τικείμενα
2507 4663 2825 4720 δείκνυνται
2856 4662 3065 4733 ἀγαθά.
3118 4682 3138 4716 ι
3193 4662 3582 4719 Εἰσελεύσεται
3646 4665 3786 4735 γὰρ,

2192 4758 2349 4829 φησὶ,
2382 4757 2479 4811 καὶ
2515 4756 2889 4823 ἐξελεύσεται,
2932 4756 3030 4811 καὶ
3052 4756 3227 4829 νομὴν
3258 4756 3514 4827 εὑρήσει.
3539 4775 3559 4809 ι
3594 4753 3783 4811 Τίοῦν

2191 4850 2279 4903 διὰ
2309 4848 2518 4902 τούτων
2549 4848 2812 4918 ἐμφαίνει
2838 4846 2991 4914 ἄλλο,
3023 4848 3056 4919 ἢ
3083 4847 3186 4919 τῆς
3218 4850 3344 4903 κατ’
3400 4847 3606 4919 ἀρετὴν
3639 4864 3789 4917 προ-

502 4943 780 5014 protectus
837 4948 1183 5004 ostenditur?
1222 4949 1390 5004 intrat
1445 4947 1665 5020 quidem
1721 4949 1773 5002 in
1823 4949 2078 5004 virtutem

2188 4945 2364 5015 κοπῆς
2385 4944 2447 4996 τὸ
2472 4942 2732 5013 ἀόριστον
2763 4959 2781 5012 ;
2817 4942 3031 4997 Εἰσεισι
3057 4943 3158 5013 μὲν
3199 4943 3306 5016 γὰρ
3331 4943 3472 5015 πρὸς
3503 4942 3709 5016 ἀρετὴν
3743 4945 3784 5013 ἡ

571 5085 794 5144 "Joan.
831 5105 903 5152 tv.
941 5090 1007 5144 M
1034 5106 1049 5156 ;
1075 5088 1232 5144 Joan.
1256 5105 1357 5155 vn,
1382 5088 1472 5156 '58;
1508 5086 1629 5142 Isai.
1676 5104 1774 5151 xu,
1835 5087 1938 5155 59;
1970 5104 2117 5144 κων.
2142 5088 2195 5145 5.
2271 5086 2317 5119 ⁵⁸
2346 5085 2578 5140 Zachar.
2616 5093 2693 5150 ix,
2727 5083 2815 5156 17.
2892 5081 3126 5156 “idean.
3162 5083 3333 5156 ινα.

503 5158 560 5216 4.
636 5160 681 5191 ⁵⁷
712 5158 907 5223 Ephes.
937 5177 999 5226 tt,
1031 5155 1122 5213 20.
1196 5160 1242 5191 ⁵⁸
1275 5157 1432 5212 Joan.
1470 5175 1579 5225 xxv,
1613 5159 1667 5215 6.
1744 5158 1789 5190 δ’
1817 5158 1977 5214 Jnan.
2012 5158 2197 5227 Vt,35.
2274 5158 2319 5189 '°
2361 5157 2549 5213 Matth.
2579 5171 2702 5221 ml,
2738 5155 2830 5211 36.

507 5230 596 5285 15.
672 5230 717 5262 ⁸³
747 5231 904 5286 Joan.
936 5247 1053 5297 XXI,
1089 5228 1178 5297 15,
1214 5230 1303 5285 16.

3426 5083 3473 5116 ⁸⁸
3504 5082 3520 5135 l
3553 5081 3679 5138 Cor.
3722 5099 3782 5152 ι,

2914 5154 2957 5186 ⁸¹
2988 5153 3158 5222 Apoc.
3193 5154 3292 5220 1,5.
3372 5154 3418 5186 “
3450 5151 3641 5209 Matth.
3679 5168 3781 5220 vn,

2665 5287 2691 5315 ο

1744 5323 2069 5384 Francisci
2096 5324 2310 5385 Scorsi
2350 5330 2539 5384 notae.

504 5456 759 5520 Narium,
822 5463 962 5507 orat.
994 5452 1082 5511 56.
1115 5467 1234 5520 qua)
1268 5461 1350 5506 est
1384 5458 1572 5519 quarta
1618 5449 1690 5502 De
1720 5448 1970 5519 lltt’O/og.,
2005 5465 2091 5503 se-

505 5527 684 5581 cunda
721 5525 785 5577 de
805 5523 965 5587 Fit’io,
995 5533 1049 5577 et
1075 5522 1345 5587 copiosius
1382 5523 1544 5576 etiam
1584 5531 1724 5573 (rat.
1768 5520 1836 5574 49
1863 5526 1925 5572 de
1963 5520 2087 5589 ﬁde,

506 5612 572 5650 ex
628 5596 1095 5664 interpretatione
1136 5591 1317 5664 ltuﬁui
1391 5592 1570 5658 prcsb.
1616 5591 1975 5664 Aquileieus.,
2034 5601 2089 5645 ct

510 5666 725 5731 easdem
762 5660 926 5718 habes
958 5662 1101 5731 apud
1137 5662 1200 5714 ὃ.
1227 5665 1450 5729 August.
1480 5671 1639 5715 tract.
1672 5662 1740 5731 80
1769 5663 1820 5713 in
1851 5660 2014 5715 Joau.

584 5725 659 5801 ('7)
720 5725 1098 5787 Interminatus
1147 5733 1201 5784 in
1246 5725 1452 5789 vix—tute.
1479 5742 1585 5784 etc.
1658 5730 1882 5800 Mystico
1929 5747 2090 5786 sensu

514 5813 568 5854 et
614 5800 745 5855 sane
795 5818 942 5866 vero,
975 5814 1025 5856 et
1072 5800 1284 5869 perutili
1349 5802 1662 5868 explicatea
1712 5801 1873 5854 verba
1912 5802 2093 5866 Inqtc-

523 5874 694 5925 dietur
724 5884 768 5923 ct
792 5876 1103 5939 egredietur,
1138 5871 1391 5927 nimirum
1413 5874 1463 5925 ὼ
1502 5887 1719 5939 egressu
1746 5874 1807 5925 ait
1836 5890 1896 5925 eo
1926 5874 2090 5937 glutizi

2197 5460 2252 5503 et
2302 5457 2443 5501 statu
2494 5448 2735 5509 virtutis,
2795 5461 2954 5516 quem
3010 5450 3187 5503 anima
3249 5446 3567 5513 acquisierit
3616 5445 3787 5498 etin"

2201 5534 2423 5587 grchus
2445 5519 2506 5570 ad
2561 5519 2876 5571 ulteriorem
2913 5519 3076 5571 alium
3102 5520 3252 5585 juxta
3286 5518 3415 5570 illud
3441 5518 3501 5570 ί).
3541 5516 3688 5568 Pauli
3717 5518 3786 5566 ad

2200 5586 2435 5657 Philipp.
2463 5604 2511 5643 θ.
2561 5603 2621 5641 Ill
2658 5606 2672 5640 :
2723 5590 2853 5651 Qum
2895 5598 3029 5641 retro
3057 5599 3175 5640 sum
3230 5589 3534 5641 obliviscens
3564 5626 3579 5647 ,
3610 5586 3678 5637 ad
3723 5602 3787 5639 ea

2201 5676 2317 5713 vero
2376 5656 2492 5725 qum
2544 5671 2661 5710 sunt
2695 5660 2872 5721 priora
2902 5659 3177 5711 extendens
3205 5659 3480 5723 mcipsum,
3521 5658 3587 5709 ml
3621 5656 3789 5707 desti-

2209 5740 2387 5781 natum
2438 5744 2740 5794 persequor,
2786 5736 2837 5779 et
2904 5730 3136 5781 brevium
3189 5744 3427 5796 superua’
3474 5725 3785 5779 rurationis.

2206 5800 2398 5865 ltelcge
2434 5803 2592 5852 etiam
2648 5815 2761 5866 qme
2794 5799 3025 5854 diximus
3071 5797 3135 5852 ad
3164 5798 3307 5851 hem.
3351 5797 3434 5861 10,
3470 5809 3577 5852 net.
3611 5796 3694 5853 "fit,
3734 5810 3788 5847 rt

2388 5871 2449 5883 l-I'V

2207 5872 2351 5923 item.
2386 5872 2473 5923 :33.
