4074 6486
436 414 544 478 995

1641 406 2143 497 ΤΗΕΟΡΗᾹΝΙΞ
2176 402 2523 466 CERAMEI

3590 401 3704 467 996

439 542 555 586 tum
591 531 738 587 enim
789 527 942 595 dicit,
981 542 1104 582 cum
1142 541 1241 596 per
1293 526 1564 583 occultam
1617 528 2017 599 suggestionem

2139 522 2343 592 τάφηςε
2370 537 2382 549 '
2427 517 2636 590 κλοπὴν
2667 516 2769 589 μὲν
2791 513 2964 570 εἰπὼν
2991 512 3372 586 αἰχμαλωσίαν
3422 513 3706 582 ἄγνωστον

442 625 677 677 animam
715 622 897 691 capit;
928 617 1257 674 occisionem
1290 634 1409 671 eum
1433 632 1589 673 mens
1622 618 1934 672 immoritur
1963 617 2018 670 in

442 728 703 786 pem-ato;
741 712 1094 781 perditionem
1129 726 1278 773 vero,
1317 725 1439 764 cum
1478 719 1598 778 post
1628 709 1800 780 388
1828 713 2019 776 despe-

445 807 705 861 rationem
776 802 1026 870 sequitur
1092 803 1303 856 vivendi
1365 802 1607 855 licentia.
1676 798 1841 853 Vides
1902 812 2023 868 qua:

446 908 635 951 contra
672 912 769 950 nos
801 912 828 947 a
861 906 1090 966 tyranno
1142 898 1287 950 acies
1322 896 1587 949 instructa
1618 892 1731 947 sit?
1779 890 1894 945 Non
1941 899 2025 944 sat

446 990 609 1043 habet
648 988 1047 1040 abmuinandus
1083 986 1171 1041 ille
1203 987 1249 1040 si
1279 1001 1378 1039 nos
1412 985 1644 1047 furetur,
1680 984 1773 1038 sed
1806 997 1866 1034 ea
1907 995 2025 1049 quae

451 1080 665 1133 furatur
692 1087 892 1132 mactat
913 1078 1097 1141 etiam,
1117 1093 1179 1131 ac
1201 1077 1380 1148 perdit
1407 1093 1423 1130 :
1449 1075 1703 1129 formidat
1732 1072 2022 1140 siquidem,

444 1188 515 1227 ne
538 1174 710 1227 bonus
732 1170 926 1224 Pastor
948 1180 1179 1239 qmerat,
1205 1179 1259 1222 et
1286 1174 1590 1236 recuperet,
1617 1168 1758 1235 quod
1786 1164 2024 1219 furatum

444 1273 549 1318 est.
586 1261 773 1330 Neque
803 1277 932 1317 vero
965 1264 1019 1315 in
1053 1260 1356 1315 occidendo
1394 1260 1642 1329 impurus
1679 1258 1770 1312 ille
1811 1258 2025 1311 modum

446 1361 563 1430 ﬁgit
593 1359 818 1413 insaniae
848 1373 981 1421 suae.
1033 1356 1129 1412 sed
1158 1358 1299 1425 quod
1334 1354 1544 1409 furatus
1575 1364 1682 1419 est,
1723 1361 1890 1423 atque
1916 1366 2028 1406 ma-

445 1455 637 1519 ctavit,
671 1452 885 1520 penitus
913 1450 1078 1503 etiam
1107 1449 1335 1519 perdere
1357 1447 1561 1512 studet,
1590 1462 1655 1499 ne
1682 1446 1887 1500 scilicet
1916 1444 2024 1509 ille,

448 1552 539 1618 qui
574 1559 815 1601 mortuos
848 1546 973 1598 vita:
1004 1545 1267 1607 restituit,
1306 1545 1593 1598 resuscitet
1626 1542 1767 1611 quod
1802 1540 2030 1595 interiit.

448 1642 722 1708 Optimum
763 1639 930 1709 igitur
978 1637 1121 1690 factu
1169 1647 1293 1700 est,
1351 1649 1405 1689 ut
1441 1649 1755 1698 caveamus,
1811 1648 1878 1687 uc
1917 1647 2029 1685 ser-

451 1731 633 1800 pentis
686 1727 843 1797 ltujus
896 1727 1107 1780 insidiis
1157 1728 1460 1793 capiamur.
1502 1723 1557 1778 Si
1607 1740 1735 1778 vero
1781 1724 1885 1778 hoc
1934 1723 2034 1777 ali-

450 1822 667 1892 quando
699 1821 1001 1889 contingat,
1034 1833 1194 1887 quam
1226 1818 1491 1871 citissime
1521 1818 1588 1869 ab
1614 1832 1680 1870 eo
1716 1815 1947 1880 resilire,
1980 1824 2035 1869 et

450 1916 519 1969 ab
568 1913 781 1966 actione
833 1926 995 1980 prava
1051 1917 1264 1977 oportet
1321 1910 1530 1973 averti;
1589 1910 1704 1962 haec
1756 1909 1901 1963 enim
1952 1916 2035 1962 est

451 2007 648 2059 animm
686 2017 833 2057 mors
866 2019 880 2057 ;
918 2005 961 2056 si
1000 2016 1130 2055 vero
1183 2015 1355 2070 usque.
1406 2016 1471 2055 eo
1521 2000 1806 2055 dormierit
1857 2014 2030 2066 mens,

450 2112 573 2169 qure
608 2105 790 2150 custos
818 2096 1011 2149 animae
1048 2103 1131 2146 est
1161 2092 1365 2157 addita,
1415 2101 1473 2145 ut
1523 2092 1725 2145 inimici
1770 2091 2032 2145 voluntati

451 2190 805 2258 subjiciaris,
859 2197 912 2241 et
960 2201 1023 2240 ea
1079 2201 1198 2253 qua:
1246 2184 1322 2238 illi
1386 2185 1623 2253 placent,
1677 2184 2036 2253 perpetrando

460 2279 737 2345 macteris,
789 2277 1113 2347 quantocius
1146 2276 1289 2329 velut
1320 2277 1387 2329 ab
1417 2274 1683 2329 ebrietate
1718 2274 2036 2342 resipiscere

456 2373 643 2434 debes,
671 2384 846 2439 neque
877 2368 933 2422 in
967 2377 1193 2438 peccato
1232 2367 1552 2425 immorari:
1606 2366 1719 2420 haec
1769 2365 2035 2432 siquidem

460 2463 691 2533 perditio
737 2469 844 2514 est.
882 2458 957 2513 Ita
992 2474 1021 2512 a
1058 2467 1248 2513 sancto
1296 2456 1686 2528 discipulorum
1718 2468 1865 2511 coetu
1901 2456 2036 2510 diri-

461 2554 574 2622 puit
610 2551 884 2607 infelicem
915 2547 1110 2603 Judam
1148 2567 1161 2604 :
1197 2549 1396 2621 quippe
1437 2564 1557 2603 eum
1606 2564 1703 2617 per
1752 2546 2036 2601 avaritiam

458 2648 633 2717 primo
670 2644 880 2699 furatus
927 2655 1094 2708 esset,
1153 2653 1450 2699 mactasset
1483 2643 1679 2697 deinde
1723 2658 1818 2709 per
1858 2641 2039 2709 prodi-

460 2739 683 2801 tionem,
739 2738 803 2789 ad
852 2745 1156 2790 extremum
1204 2750 1299 2804 per
1352 2736 1788 2805 desperationem
1844 2735 2039 2804 laqueo

459 2826 775 2898 perdidit".
795 2826 872 2881 lta
898 2827 1059 2881 etiam
1085 2827 1410 2897 discipulum
1434 2828 1583 2882 illttm
1607 2825 1720 2899 (l0)
1741 2827 2037 2897 principem

460 2921 692 2974 aliorum
743 2920 966 2974 adortus
1016 2930 1121 2973 est.
1157 2919 1434 2989 Siquidem
1468 2935 1697 2987 magnus
1743 2920 1831 2973 ille
1862 2919 1948 2973 vir
1974 2920 2040 2974 ab

461 3015 659 3069 ancilla
688 3018 1050 3069 conturbatus
1088 3006 1241 3085 quasi
1291 3011 1440 3067 furto
1469 3013 1715 3068 sublatus
1761 3022 1883 3078 est,
1917 3029 2040 3066 cum

460 3116 718 3178 negasset
742 3123 896 3173 vero,
927 3117 1226 3174 mat-tatus;
1261 3122 1370 3162 non
1416 3116 1595 3161 tamen
1641 3108 1830 3176 periit,
1867 3123 2043 3177 neque

459 3200 606 3254 enim
643 3200 697 3255 in
750 3201 1130 3269 desperatione
1152 3200 1424 3266 substitit,
1472 3200 1566 3255 sed
1609 3203 1800 3255 exiens
1830 3199 1978 3255 foras
2014 3218 2040 3254 a
2072 3219 2115 3278 ο

462 3294 616 3364 lapsu
645 3292 914 3363 iacturam
953 3292 1286 3347 ferventibus
1326 3292 1579 3362 laerymis
1607 3294 1878 3361 reparavit
1907 3294 1976 3347 °’.

541 3405 561 3437 ι
598 3385 712 3455 Ego
743 3386 902 3451 veni,
939 3396 999 3439 ut
1047 3385 1214 3438 vitam
1269 3385 1530 3448 habeant,
1582 3394 1638 3438 et
1680 3384 2048 3440 abundantius

468 3480 722 3534 habeant.
766 3498 783 3531 ι
824 3478 1000 3532 Vitam
1038 3488 1194 3532 vocat
1229 3477 1694 3547 regenerationem
1736 3478 1929 3532 anima:
1962 3493 2049 3531 re-

465 3581 631 3647 cepto.
660 3570 954 3641 Evangelio
988 3579 1448 3640 ronsequentem;
1485 3571 1851 3625 abundantem
1899 3586 2049 3638 vero,

472 3678 594 3716 eum
628 3662 790 3716 datur
821 3670 1004 3731 postea
1051 3675 1277 3729 regnum
1325 3660 1611 3716 malorum.
1645 3662 1746 3729 Qui
1780 3662 1922 3717 cutim
1957 3678 2052 3731 per

469 3754 899 3809 inobedienliam
935 3755 1136 3809 mortui
1169 3753 1408 3822 fuerant,
1443 3768 1548 3808 non
1582 3756 1755 3810 solum
1789 3756 1834 3809 si
1876 3756 2055 3811 (Ὶίιόί-

465 3846 650 3901 derint
679 3849 898 3915 vivent,
948 3850 1043 3905 sed
1081 3849 1212 3903 fient
1246 3847 1410 3903 etiam
1460 3850 1679 3918 superni
1728 3852 1881 3920 regni
1927 3868 2053 3922 par—

465 3938 681 4006 ticipes.

549 4047 571 4083 ι
607 4031 721 4100 Ego
742 4045 861 4085 sum
886 4043 1071 4100 pastor
1093 4033 1288 4087 bonus.
1329 4051 1349 4086 ι
1374 4032 1526 4101 Quod
1554 4034 1813 4090 Dominus
1842 4036 2053 4092 ratione

463 4122 820 4192 praditarum
867 4124 1048 4178 ovium
1084 4123 1278 4178 Pastor
1310 4125 1416 4189 sit,
1455 4135 1765 4181 sanctorum
1815 4127 2052 4197 prophe-

471 4226 648 4268 tarum
685 4216 904 4269 oracula
940 4224 1136 4270 testata
1173 4225 1321 4270 sunt.
1359 4215 1448 4270 Ait
1471 4217 1617 4271 enim
1662 4231 1756 4286 per
1797 4216 2052 4271 Davidetu

2123 616 2222 685 τῆς
2250 613 2455 684 ψυχῆς,
2491 611 2685 665 θυσίαν
2721 609 2780 663 δὲ
2817 608 2911 663 τὸν
2940 609 2998 663 ὲν
3022 607 3326 679 ἁμαρτίαις
3354 605 3583 661 θάνατον
3611 605 3708 659 τοῦ

2123 710 2263 770 νοὸς,
2291 704 2567 759 ἀπώλειαν
2605 703 2662 755 δὲ
2691 702 2789 773 τὴν
2822 700 3078 772 ἀνομίαν,
3109 700 3210 769 τὴν
3241 698 3382 768 μετὰ
3440 698 3541 760 τὴν
3570 698 3711 750 ἀπό-

2125 818 2351 870 γνωσιν.
2396 801 2560 869 Ὁρᾷς
2587 799 2686 869 ὅση
2712 796 2838 852 καθ’
2867 797 3018 866 ἡμᾶς
3050 796 3084 866 ἠ
3105 794 3201 849 τοῦ
3231 796 3498 863 τυράννου
3529 794 3713 864 παρά-

2124 892 2324 957 ταξιςς
2361 891 2475 943 Οὐκ
2505 891 2761 960 ἀρκεῖται
2790 890 2860 958 τῇ
2894 887 3069 957 κλοπῇ
3133 888 3160 938 6
3204 885 3534 956 κατάρατος,
3575 884 3711 938 ἀλλὰ

2128 989 2225 1041 καὶ
2256 986 2375 1040 θύει
2430 986 2499 1038 τὰ
2538 984 2822 1038 κλαπέντα
2879 985 2974 1037 καὶ
3019 982 3242 1036 θανατοῖ
3272 999 3287 1014 ·
3342 981 3546 1034 δέδοικε
3602 981 3712 1051 γὰρ

2133 1081 2210 1150 μή
2246 1097 2364 1142 πως
2395 1080 2423 1131 6
2451 1076 2657 1147 ποιμὴν
2691 1078 2720 1129 6
2749 1074 2914 1139 καλὸς
2945 1074 3182 1146 ζητήσῃ,
3235 1074 3329 1126 καὶ
3369 1072 3713 1141 ἀνακαλέση-

2129 1170 2299 1221 ταιτὸ
2323 1168 2558 1221 κλαπὲν.
2590 1167 2735 1237 Πλὴν
2788 1165 2899 1219 οὐδ’
2925 1167 2983 1217 ὲν
3011 1164 3089 1236 τῷ
3156 1163 3467 1217 θανατῶσαι
3528 1162 3715 1231 ἵστησι

2130 1260 2231 1330 τὴν
2264 1258 2469 1329 μανίαν
2517 1261 2545 1311 6
2571 1257 2794 1328 μιαρὸς,
2845 1256 2996 1310 ἀλλὰ.
3012 1255 3234 1310 σπεύδει
3267 1253 3548 1317 παντελῶς
3579 1255 3719 1306 ἀπο-

2131 1353 2286 1406 λέσαι
2316 1352 2378 1404 τὸ
2411 1351 2643 1413 κλαπὲν,
2678 1350 2773 1403 καὶ
2798 1349 2981 1412 τυθὲν,
3007 1350 3094 1403 ἵνα
3124 1348 3198 1419 μὴ
3227 1350 3255 1401 6
3286 1347 3570 1415 ζωογονῶν
3587 1346 3717 1411 τοὺς

2133 1444 2368 1514 νεκροὺς
2402 1443 2689 1515 ἀναστήσῃ
2723 1442 2785 1495 τδ
2817 1443 2919 1513 ἤδη
2996 1441 3231 1510 φθαρέν.
3293 1441 3552 1510 Ἀριστον
3615 1438 3718 1508 μὲν

2133 1532 2226 1589 οὖν
2253 1539 2320 1606 τῇ
2356 1535 2635 1606 συμϐουλῇ
2692 1534 2768 1605 μὴ
2829 1534 3111 1603 κλαπῆναι
3159 1533 3255 1587 τοῦ
3320 1532 3520 1602 ὄφεως.
3570 1531 3717 1584 Είδὲ

2137 1630 2319 1699 συμϐῇ
2352 1628 2530 1692 τοῦτο,
2562 1627 2820 1695 γενέσθαι
2853 1626 2983 1680 ποτὲ
3026 1626 3382 1695 ἀποπηδῆσαι
3414 1625 3562 1696 μάλα
3589 1640 3724 1694 γορ-

2134 1722 2269 1791 γῶς,
2307 1722 2400 1774 καὶ
2426 1723 2527 1792 τὴν
2563 1720 2765 1791 πρᾶξιν
2805 1720 3132 1789 ἀποφυγεῖν.
3191 1718 3363 1773 Τοῦτο
3424 1718 3533 1788 γὰρ
3561 1719 3590 1771 6
3623 1716 3723 1771 θά-

2138 1830 2301 1876 νατος
2334 1813 2435 1882 τῆς
2480 1812 2684 1882 ψυχῆς.
2724 1813 2784 1864 Εἰ
2819 1811 2878 1864 δὲ
2906 1813 3002 1864 καὶ
3033 1809 3286 1864 τοσοῦτον
3314 1809 3660 1875 ὲπινυστάξει
3692 1810 3723 1862 6

2141 1907 2439 1976 φυλάσσων
2467 1924 2526 1960 σε
2558 1906 2709 1972 νοῦς,
2777 1907 2853 1968 ὡς
2904 1904 3390 1975 δουλαγωγηθῆναι
3420 1904 3499 1973 τῷ
3556 1902 3725 1973 θελή-

2142 2018 2271 2070 ματι
2294 1999 2390 2053 τοῦ
2418 1998 2640 2070 ἐχθροῦ,
2668 1999 2764 2052 καὶ
2797 1999 2886 2051 ἐπ’
2919 1998 3132 2051 ἑκείνου
3163 1997 3394 2066 τυθῆναι
3414 1996 3482 2049 τὰ
3499 1994 3725 2067 θυμήρη

2136 2094 2316 2165 τούτῳ
2348 2093 2822 2165 διαπραξάμενον,
2876 2090 3155 2158 ὀτραλέως
3200 2090 3599 2163 ἀναθρώσκειν,
3645 2089 3726 2153 ὡς

2138 2187 2246 2240 ἀπὸ
2269 2186 2465 2256 μέθης,
2497 2186 2591 2240 καὶ
2626 2185 2701 2256 μὴ
2742 2187 3007 2256 ἐμμεῖναι
3057 2184 3135 2255 τῷ
3190 2184 3369 2254 καίρῳ
3420 2183 3524 2252 τῆς
3582 2183 3729 2235 ἀνισο-

2139 2278 2396 2349 γνώσεως
2417 2295 2431 2309 ο
2459 2277 2600 2347 αὕτη
2618 2279 2729 2347 γὰρ
2754 2280 2786 2348 ἡ
2818 2277 3086 2334 ἀπώλεια.
3112 2276 3299 2340 Οὕτως
3322 2270 3607 2331 ἀπέσπασε
3623 2275 3729 2347 τῆς

2141 2374 2292 2442 ἱερᾶς
2329 2370 2553 2443 χορείας
2577 2371 2685 2424 τῶν
2730 2370 2992 2440 μαθητῶν
3067 2368 3268 2423 Ἰούδαν
3326 2368 3418 2421 τὸν
3468 2366 3724 2419 δείλαιονο

2141 2466 2233 2521 διὰ
2286 2466 2386 2535 μὲν
2413 2467 2515 2536 τῆς
2543 2462 2929 2535 φυλαργυρίας
2977 2462 3185 2533 κλέψας
3226 2463 3412 2525 αὐτὸν,
3466 2460 3637 2522 θύσας
3669 2458 3731 2511 δὲ

2139 2559 2230 2613 διὰ
2277 2559 2377 2628 τῆς
2436 2557 2749 2628 προδοσίας,
2805 2555 3079 2619 ἀπολέσας
3134 2554 3191 2608 δὲ
3246 2554 3450 2624 ἀγχόνῃ
3475 2552 3544 2606 δι’
3583 2554 3729 2608 ἀπο-

2141 2651 2416 2720 γνώσεως.
2450 2645 2584 2702 Εἷτα
2626 2648 2722 2700 καὶ
2757 2646 2835 2719 τῷ
2895 2646 3177 2719 προκρίτῳ
3244 2646 3549 2716 προσέϐαλε
3608 2661 3732 2712 φοι-

2141 2746 2304 2816 τητῇ,
2335 2743 2430 2796 καὶ
2460 2744 2488 2796 6
2522 2741 2701 2813 μέγας
2727 2741 2937 2804 ἐκεῖνος
2973 2741 3269 2794 κλέπτεται
3299 2739 3402 2792 ὑπὸ
3435 2736 3732 2805 παιδίσκης

2143 2836 2492 2909 θορυϐηθεὶς,
2567 2834 2795 2888 τέθυται
2859 2834 2916 2887 δὲ
2973 2834 3375 2907 ἀρνησάμενος,
3423 2833 3483 2886 οὐ
3544 2832 3731 2901 μέντοι

2142 2932 2392 2985 ἀπώλετο
2414 2947 2431 2964 σ
2468 2930 2528 2984 οὺ
2560 2928 2672 2999 γὰρ
2706 2929 2969 3000 ὲνέμηνεν
3021 2931 3316 2995 ἀπογνοὺς,
3351 2927 3465 2982 ἀλλ’
3494 2913 3730 2992 ἐξελθὼν

2143 3023 2250 3090 ἔξω
2270 3024 2365 3077 τοῦ
2398 3023 2724 3095 πτώματος,
2759 3022 2989 3094 θερμοῖς
3017 3021 3251 3093 δάκρυσι
3272 3021 3370 3091 τὴν
3397 3014 3570 3091 ἧτταν
3603 3020 3733 3073 ἁνε-

2144 3118 2442 3173 καλέσατο.

2230 3315 2250 3347 ι
2300 3292 2442 3364 Ἐγὼ
2468 3289 2657 3366 ἦλθον,
2720 3292 2808 3346 ἶνα
2858 3291 3006 3363 ζωὴν
3057 3291 3245 3360 ἔχωσι,
3308 3290 3403 3345 καὶ
3470 3293 3735 3362 περισσὸν

2149 3390 2340 3462 ἔχωσι.
2390 3407 2408 3440 ι
2450 3387 2603 3458 Ζωὴν
2638 3387 2738 3456 τὴν
2767 3385 2858 3439 διὰ
2877 3386 2973 3439 τοῦ
3020 3382 3356 3454 Εύαγγελίου
3390 3383 3539 3452 λέγει
3599 3384 3704 3437 ἀνα

2150 3486 2407 3554 γέννησιν
2437 3500 2450 3514 ·
2482 3482 2747 3553 περισσὸν
2780 3481 2860 3548 δὲ,
2890 3479 2989 3551 τὴν
3007 3479 3293 3551 βασιλείαν
3320 3479 3431 3532 τῶν
3462 3477 3713 3550 οὐρανῶν

2152 3578 2215 3630 Oi
2245 3576 2361 3647 γὰρ
2384 3573 2474 3629 διὰ
2535 3576 2818 3645 παρακοῆς
2847 3572 3235 3644 τεθνήξαντες,
3267 3573 3328 3624 ού
3385 3571 3544 3642 μόνον
3602 3571 3740 3638 ζῶσι

2154 3668 2576 3731 πιστεύσαντες,
2613 3666 2753 3722 ἀλλά
2782 3666 2878 3720 καὶ
2925 3666 3027 3737 τῆς
3057 3665 3173 3724 ἄνω
3214 3664 3496 3743 βασιλείας
3517 3671 3741 3743 μέτοχοι

2152 3762 2421 3832 γίνονται.

2229 3870 2248 3902 ι
2304 3848 2446 3920 Ἐγώ
2486 3851 2602 3922 εἰμι
2623 3850 2652 3902 6
2686 3848 2889 3925 ποιμὴν
2921 3859 2949 3907 6
2979 3854 3167 3919 καλός.
3206 3875 3225 3909 ι
3255 3855 3378 3908 Ὅτι
3404 3854 3613 3925 ποιμὴν
3630 3853 3743 3907 τῶν

2151 3942 2390 4012 λογικῶν
2417 3941 2710 4011 προῦάτων
2742 3947 2770 3997 6
2802 3944 3027 4016 Κύριος,
3059 3947 3521 4017 μεμαρτυρήκασι
3553 3947 3647 4000 καὶ
3670 3947 3741 3999 τά

2151 4036 2261 4089 τῶν
2292 4034 2454 4106 ἱερῶν
2483 4036 2783 4109 προφητῶν
2829 4040 3314 4110 χρησμῳδήματα.
3370 4041 3509 4109 Φησὶ
3572 4039 3684 4107 γὰρ
3711 4041 3742 4092 6

2153 4129 2289 4192 Θεὸς
2321 4128 2410 4183 διὰ
2428 4128 2617 4195 Δαϐὶδ,
2648 4129 2787 4199 πρὸς
2833 4130 2926 4184 τὸν
2991 4131 3057 4183 ὲκ
3116 4131 3284 4185 Δαϐἱδ
3336 4132 3744 4188 ἀνατεταλκότα

2167 4223 2526 4297 Ἐμμανουήλ
2543 4241 2555 4254 ·
2578 4241 2598 4275 ι
2624 4225 2921 4295 Ποιμνείς
2947 4226 3147 4288 αὐτοὺς
3182 4228 3241 4278 ὲν
3258 4228 3439 4298 ῥάϐδῳ
3471 4226 3669 4299 σιδηρᾷ
3687 4243 3700 4257 ’
3717 4246 3737 4280 ι

469 4304 616 4359 Deus
646 4308 712 4359 ad
751 4304 1160 4359 Emmanuelcm
1194 4316 1371 4360 ortum
1415 4321 1482 4361 ex
1512 4306 1713 4362 Davide
1741 4326 1755 4361 :
1799 4326 1818 4358 ι
1853 4310 2038 4362 Pasce:

2155 4317 2245 4371 διὰ
2275 4319 2330 4371 δὲ
2386 4318 2625 4389 Μιχαίου
2660 4332 2675 4348 °
2739 4336 2759 4370 ι
2794 4318 3058 4389 Ποίμαινε
3111 4319 3241 4372 λαόν
3302 4336 3395 4374 σου
3443 4322 3500 4373 ὲν
3539 4321 3743 4393 ῥάϐδῳ,

467 4412 567 4450 eos
590 4398 641 4450 in
669 4397 817 4466 virga
845 4396 1017 4450 fet'rea
1043 4396 1125 4462 ⁷⁶;
1157 4413 1176 4446 ι
1207 4410 1302 4465 per
1330 4394 1609 4452 Michteam
1643 4414 1771 4453 vero
1795 4416 1809 4452 :
1838 4416 1857 4448 ι
1888 4396 2038 4452 Paset

2160 4410 2413 4482 πρόϐατα
2439 4408 2811 4480 κληρονομίας
2838 4426 2987 4463 σου’›
3008 4409 3136 4474 λαὸς
3159 4411 3214 4464 δὲ
3233 4411 3327 4465 καὶ
3343 4412 3592 4484 πρόϐατα
3609 4414 3748 4486 κλη-

467 4487 724 4556 populum
754 4497 905 4541 tuum
936 4488 989 4541 iu
1014 4489 1165 4558 virga
1188 4498 1442 4554 Iua,oves
1469 4489 1801 4544 lmreditatis
1823 4502 1924 4546 tua:
1949 4492 2038 4545 ".t

2165 4497 2423 4568 ρονομίας
2447 4495 2636 4559 αὐτοῦ,
2656 4496 2897 4568 νοηθεῖεν
2910 4499 2998 4562 ἃν,
3020 4500 3145 4553 οἵτε
3168 4504 3232 4553 ἐκ
3250 4503 3553 4573 περιτομῆς
3578 4520 3747 4557 πεπι-

474 4578 584 4633 Per
613 4578 867 4649 populum
902 4596 1029 4633 vero
1072 4592 1126 4634 et
1172 4594 1303 4635 oves
1331 4580 1666 4637 ltmreditatis
1692 4583 1811 4650 ejus
1851 4585 2038 4639 intelli-

2163 4566 2471 4652 άτευκότες,
2505 4591 2604 4643 καὶ
2634 4590 2686 4642 οἱ
2722 4566 2858 4658 πρὸς
2881 4591 3152 4662 ἁγιασμὺν
3181 4566 3520 4665 κεκλῆμέᾴοί
3549 4599 3612 4651 ὲκ
3637 4598 3742 4668 τῆς

465 4683 671 4743 gantur
704 4683 815 4727 tum
853 4671 945 4743 qui
976 4688 1040 4728 ex
1077 4674 1502 4730 circumcisione
1540 4677 1909 4745 crediderunt,
1939 4688 2038 4733 tum

2163 4682 2408 4753 πληθύος
2443 4682 2553 4736 τῶν
2580 4681 2774 4737 ἐθνῶν.
2807 4682 3134 4738 Ἐπαπειλεῖ
3161 4685 3218 4738 δὲ
3254 4686 3353 4739 καὶ
3405 4687 3495 4742 διὰ
3555 4691 3749 4760 φωνῆς

465 4765 561 4835 qui
593 4765 656 4817 ad
691 4766 1178 4820 sanctificationem
1213 4781 1276 4820 ex
1315 4767 1653 4835 plenitudine
1684 4770 1925 4840 gentium
1962 4787 2038 4827 vo‘

2177 4775 2442 4845 Ἰεζεκιὴλ
2471 4776 2585 4837 τοῖς
2611 4775 2961 4846 ποιμαίνουσι
2988 4778 3081 4831 τὸν
3147 4778 3364 4849 Ἰσραὴλ
3414 4782 3619 4851 ἱερεῦσι
3649 4783 3753 4836 καὶ

468 4859 578 4911 cati
603 4869 748 4912 sunt.
775 4857 1012 4912 Minatur
1040 4860 1205 4913 etiam
1233 4859 1535 4915 Ezechielis
1557 4876 1649 4917 ore
1671 4862 1839 4933 389
1868 4879 2038 4920 sacer-

2172 4872 2404 4943 μύσταις
2438 4885 2454 4900 ·
2490 4887 2510 4920 ι
2563 4868 2695 4922 Ἰδοὺ
2721 4868 2832 4936 ἐγὼ
2865 4870 2960 4923 ὲπὶ
2982 4871 3108 4936 τοὺς
3139 4872 3428 4941 ποιμένας,
3460 4875 3553 4928 καὶ
3580 4874 3750 4944 ἐκζη-

468 4950 714 5016 dotibus,
750 4958 804 5003 et
850 4951 1050 5004 scribis
1076 4951 1168 5020 qui
1203 4951 1502 5020 pascebant
1535 4953 1783 5008 lsraelem
1813 4972 1829 5014 ;
1863 4975 1882 5007 ι
1916 4956 2038 5012 Ecct

2154 4964 2306 5035 τήσω
2334 4963 2404 5015 τὰ
2426 4958 2680 5032 πρόϐατά
2715 4977 2819 5032 μου
2854 4963 2919 5014 ὲκ
2952 4962 3062 5015 τῶν
3122 4963 3326 5035 χειρῶν
3382 4966 3585 5031 αὐτῶν,
3649 4966 3749 5019 καὶ

470 5056 578 5111 ego
636 5055 805 5111 super
836 5054 1126 5111 pastores;
1178 5051 1233 5099 et
1277 5045 1553 5114 requiram
1599 5062 1730 5103 oves
1783 5064 1935 5104 meas
1991 5050 2038 5104 dt

2157 5052 2494 5125 ἁποστρέψω
2525 5053 2727 5116 αὐτοὺς
2755 5052 2851 5107 τοῦ
2878 5053 2955 5125 μὴ
2996 5058 3310 5126 ποιμαίνειν
3371 5060 3440 5111 τὰ
3495 5058 3751 5130 πρόϐατά

472 5134 727 5189 manibus
755 5151 945 5191 eorum
976 5153 993 5203 ;
1042 5150 1097 5193 et
1132 5141 1392 5196 amovebo
1421 5155 1539 5205 eos,
1573 5155 1640 5195 ne
1670 5152 1901 5211 pascant
1929 5158 2038 5197 ove:

2165 5164 2268 5218 μου
2289 5162 2303 5176 ’
2341 5147 2436 5199 καὶ
2461 5146 2756 5218 ἀναστήσω
2789 5148 2876 5199 ἐπ’
2908 5149 3108 5212 αὐτοὺς
3128 5153 3219 5202 τὸν
3265 5150 3454 5204 δοῦλόν
3503 5169 3604 5222 μου
3654 5153 3753 5206 τὸν

473 5242 665 5293 meas;
711 5237 764 5281 et
817 5230 1098 5285 suscitabo
1140 5247 1307 5301 super
1352 5247 1448 5288 eos
1485 5248 1701 5288 servum
1752 5250 1929 5289 meum
1961 5234 2038 5289 Da

2165 5237 2359 5292 Δαϐίδ
2395 5251 2410 5266 ⁸
2447 5257 2466 5289 ι
2526 5239 2690 5292 αὑτὸν
2745 5240 2918 5309 δήπου
3002 5241 3323 5311 θεσπιῳδῶν
3395 5244 3488 5298 τὸν
3544 5247 3753 5314 Κύριον

472 5319 563 5373 vid
588 5318 653 5372 ⁷⁸.
694 5338 712 5371 ι
772 5317 870 5375 Ubi
933 5323 1176 5391 profecto
1234 5323 1526 5379 Dominum
1576 5324 1752 5394 ipsum
1805 5336 2038 5382 nostrun

2166 5327 2348 5401 ημῶν,
2380 5324 2440 5391 δς
2471 5327 2570 5399 τὴν
2596 5327 2777 5400 ψυχὴν
2800 5329 2968 5383 αὐτοῦ
3003 5330 3248 5388 τέθεικεν
3278 5335 3422 5406 ὑπὲρ
3448 5335 3585 5405 τῶν⁸
3612 5351 3724 5405 προ
3744 5362 3757 5371 -

475 5437 821 5577 wj'gbgattb.
857 5456 1026 5506 xxvu,
1061 5444 1130 5507 6;
1162 5442 1285 5496 Act.
1318 5458 1358 5509 ι,
1403 5441 1492 5499 18.
1570 5444 1615 5478 "
1655 5443 1845 5500 Matth.
1874 5460 2025 5513 xxvr,
2068 5447 2158 5503 75.
2219 5446 2425 5501 “Psal.
2453 5462 2516 5515 ιι,
2563 5446 2618 5501 9.
2692 5448 2738 5478 "
2781 5447 2942 5504 Mich.
2979 5465 3078 5518 vn,
3113 5453 3201 5508 ιι.
3241 5453 3522 5526 f’Ezecb.
3562 5472 3751 5524 χχιιι,

1718 5583 2041 5645 Francisei
2072 5587 2282 5649 Scorsi
2321 5596 2506 5651 notae.

543 5679 1566 5770 8³0)ρίὲθίίπυῖίπῖέίῖἔξῖπίΨίῗέἒτηίινθ
1586 5683 2062 5770 δξῖδλῖετίτθίυβί·
2173 5690 2475 5770 ῗῖΡῷκρΡτον
2513 5692 2785 5770 μαθητήν,
2830 5695 3099 5770 διίίξιθηο
3155 5700 3272 5770 πονο
3311 5696 3751 5770 ιίιυιῖείηδῑεηίι-

481 5754 564 5831 dit
597 5766 795 5837 sermo,
831 5767 1045 5837 semper
1072 5753 1144 5831 illi
1181 5756 1465 5837 [inclinatum
1497 5756 1548 5806 in
1581 5756 1716 5811 alios
1740 5757 2038 5837 ‘discipulo:

2177 5753 2526 5837 γλιιεχιλοιιιί
2571 5753 2660 5824 δοῖ
2718 5753 2844 5821 ἰιὶιι.
2908 5767 2997 5831 68,
3040 5779 3096 5822 et
3146 5769 3235 5837 δι,
3285 5778 3399 5823 not.
3431 5772 3521 5837 49,
3563 5753 3732 5831 ‘er's's

473 5834 523 5873 0‘
554 5821 607 5892 i'.‘
644 5818 1151 5892 E‘CICSlamvll‘iltuil
1181 5818 1290 5874 'hic
1334 5822 1510 5887 Pater,
1544 5829 1687 5892 quod
1718 5818 2061 5883 (ςυινίηῖωιει,
2176 5843 2287 5885 ηομ
2325 5832 2417 5886 67.
2490 5818 2493 5819 ν
2652 5818 2658 5824 ·
3047 5818 3094 5822 τ-
3151 5818 3235 5837 η,
3442 5818 3521 5837 η,
3577 5818 3629 5828 ν.
3657 5818 3757 5845 νυ,

482 5900 539 5943 et
570 5886 741 5943 Grarci
769 5891 1103 5945 scbinnatici
1128 5894 1331 5947 sentire
1353 5906 1459 5947 non
1488 5886 1733 5962 possunt.
1762 5895 1858 5950 llic
1887 5912 2066 5965 vocat,
