4074 6402
375 387 481 450 99'!

1700 378 2028 440 IIOMILIA
2096 378 2282 443 LVII.

3543 379 3650 442 998

375 505 583 558 ϐάτων.
622 500 785 554 Ἀλλὰ
815 498 1000 554 δοῦλον
1031 499 1194 552 αὐτὸν
1221 498 1458 564 ἁκούων,
1495 497 1660 568 μηδέν
1685 515 1738 550 τι
1768 515 1964 568 μικρο-

2073 495 2354 566 praedicit,
2415 493 2506 565 qui
2564 492 2798 550 animam
2855 507 3008 550 suam
3064 494 3244 565 posuit
3303 507 3401 564 pro
3460 497 3651 551 ovibus

369 592 562 662 ψύχως
590 590 921 662 θορυϐηθῇς,
970 590 1045 652 ὡς
1104 589 1660 659 κατασμικρυνούσης
1712 591 1770 641 τὸ
1796 607 1966 658 μεγα-

373 685 521 737 λεῖον
552 683 652 735 τοῦ
691 682 851 750 λόγου
881 682 980 751 τῆς
1008 683 1066 734 ἐν
1090 684 1156 750 τῇ
1201 679 1346 745 λέξει
1381 681 1695 750 ἐμφάσεως.
1742 681 1962 750 Ἐπειδὴ

373 774 488 845 γὰρ
511 773 728 844 μορφὴν
753 772 944 824 δούλου
984 771 1240 838 ἀνέλαϐε,
1271 774 1338 842 τῇ
1365 772 1558 840 κλήσει
1583 772 1832 826 κοινωνεῖ
1868 771 1962 822 τοῦ

373 867 836 936 προσλήμματος.
871 864 962 935 Τῷ
990 865 1106 917 δντι
1137 865 1246 936 γὰρ
1306 865 1595 917 ἐδούλευσε
1647 866 1837 935 σαρκὶ,
1867 864 1966 917 καὶ

371 960 620 1028 γονεῦσι,
661 961 758 1014 καὶ
787 958 988 1012 πάθεσι
1015 960 1131 1021 τοῖς
1165 958 1480 1028 ἡμετέροις,
1505 958 1593 1011 διὰ
1621 959 1722 1028 τὴν
1755 959 1966 1028 ἡμετέ-

375 1071 480 1124 ραν
505 1051 821 1122 ἐλευθερίαν
859 1053 954 1104 καὶ
978 1053 1146 1105 πᾶσιν
1179 1046 1258 1116 οἷς
1292 1051 1500 1104 σέσωκε
1532 1053 1656 1114 τοὺς
1677 1055 1744 1122 τῇ
1780 1053 1964 1121 ἁμαρ-

371 1144 470 1216 τίᾳ
491 1142 899 1214 ἐνισχομένους.

458 1431 476 1463 ι
526 1410 588 1466 Ὀ
621 1409 895 1482 μισθωτὸς
930 1409 1007 1475 δὲ,
1043 1410 1138 1463 καὶ
1163 1410 1265 1464 οὐκ
1318 1410 1396 1464 ὢν
1455 1411 1678 1484 ποιμὴν,
1744 1407 1804 1466 οὗ
1863 1413 1964 1467 οὐκ

372 1505 488 1556 εἰσὶ
515 1505 582 1556 τὰ
618 1502 870 1574 πρόϐατα
905 1502 1036 1566 ῖδια,
1063 1502 1262 1574 θεωρεῖ
1284 1505 1376 1556 τὸν
1421 1505 1586 1560 λύκον
1646 1507 1962 1577 ἐρχόμενον,

374 1597 474 1648 καὶ
508 1595 706 1664 ἀφίησι
737 1594 805 1647 τὰ
835 1594 1106 1664 πρόϐατα,
1168 1597 1265 1650 καὶ
1305 1597 1518 1667 φεύγει.
1556 1618 1574 1652 ι
1652 1601 1812 1671 Παρὰ
1885 1603 1964 1674 τῷ

374 1689 528 1758 νόμῳ
555 1690 650 1741 καὶ
667 1691 776 1748 τοῖς
810 1688 1125 1759 προφήταις
1152 1690 1180 1741 6
1245 1690 1517 1758 μισθωτὸς
1581 1692 1961 1764 διαϐέϐληται.

387 1780 454 1834 '0
478 1781 575 1851 μὲν
601 1780 711 1849 γὰρ
735 1779 900 1850 νόμος
939 1779 1240 1853 ἀπώμοτον
1273 1785 1508 1837 ποιεῖται
1544 1784 1636 1838 τὸν
1689 1786 1963 1856 μισθωτὸν

2067 591 2180 643 suis
2211 589 2277 643 ⁷³.
2328 590 2434 644 Sed
2471 589 2696 642 audiens
2727 603 2974 653 servum,
3013 603 3080 642 ne
3105 587 3266 640 veluti
3318 588 3406 656 qui
3459 589 3652 654 pusillo

2067 692 2193 735 sunt
2223 683 2406 735 animo
2442 680 2816 742 conturberis,
2846 681 3004 749 quasi
3040 693 3166 732 vero
3197 694 3258 732 ea
3291 693 3412 747 qua:
3445 681 3649 731 nomini

2067 774 2395 844 significatio
2449 777 2673 838 subest,
2729 775 3066 844 majestatcm
3140 775 3286 827 verbi
3357 775 3647 828 diminuat.

2069 867 2338 932 Quoniam
2376 866 2517 919 enim
2547 868 2777 919 formam
2811 867 2952 920 servi
2991 867 3197 933 accepit
3232 864 3368 937 (II),
3408 881 3646 920 commu-

2068 975 2187 1013 nt-m
2227 959 2329 1014 sibi
2377 959 2503 1013 fecit
2551 961 2966 1030 appellationem
3005 977 3124 1015 eam
3157 977 3279 1030 quae
3312 971 3396 1016 est
3431 963 3648 1031 propria

2065 1051 2248 1105 carnis
2279 1062 2590 1119 assumptio.
2633 1052 2710 1106 Re
2753 1053 2894 1106 enim
2941 1069 3066 1106 vera
3118 1053 3358 1107 subdidit
3393 1069 3451 1109 se
3479 1055 3650 1117 carni,

2067 1153 2122 1198 et
2173 1145 2510 1212 parentibus,
2563 1158 2611 1198 et
2671 1145 3021 1213 passionihus
3071 1147 3293 1211 nostris,
3343 1154 3401 1200 ut
3452 1161 3550 1199 nos
3600 1147 3650 1198 in

2067 1237 2382 1292 libertatem
2420 1245 2695 1290 assereret
2732 1254 2746 1289 :
2784 1247 2840 1290 et
2867 1237 3123 1290 omnibus
3154 1237 3219 1290 iis
3253 1236 3450 1305 quibus
3478 1235 3651 1290 salvos

2069 1329 2306 1386 reddidit
2341 1347 2434 1387 eos
2461 1332 2552 1399 qui
2589 1331 2688 1384 sub
2723 1340 2940 1398 peccato
2975 1329 3385 1382 detinebantur.

2143 1439 2162 1472 ι
2203 1418 2805 1485 Mercenarius‘autem,
2829 1427 2884 1473 et
2910 1421 3001 1488 qui
3032 1434 3138 1472 non
3164 1430 3241 1474 εει
3271 1428 3476 1488 pastor,
3500 1420 3656 1490 cujus

2069 1527 2174 1567 non
2208 1522 2337 1568 sunt
2385 1529 2516 1569 oves
2551 1514 2805 1581 proprim,
2838 1513 2984 1566 videt
3019 1514 3202 1580 lupum
3233 1512 3563 1577 venientem,
3602 1521 3658 1566 et

2069 1605 2293 1660 dimittit
2323 1621 2477 1668 oves,
2514 1614 2566 1660 et
2597 1604 2756 1674 fugit.
2794 1623 2813 1656 ι
2853 1605 2920 1658 Ει
2949 1606 3000 1658 in
3032 1605 3151 1675 lege
3181 1617 3235 1660 et
3281 1605 3333 1659 in
3376 1603 3656 1674 prophetis

2068 1698 2440 1752 mercenarius
2471 1697 2614 1752 male
2649 1698 2837 1763 audit;
2872 1697 2955 1752 lex
2981 1698 3126 1752 enim
3152 1698 3355 1768 excipit
3376 1713 3657 1752 mercena-

2067 1790 2206 1842 rimn
2240 1787 2307 1841 ab
2339 1787 2408 1842 iis
2438 1787 2635 1856 quibus
2671 1786 2962 1841 comedere
2989 1797 3177 1842 sancta
3215 1788 3655 1853 concedebatur;

374 1873 583 1927 ἐσθίειν
616 1872 770 1940 ᾶγια,
796 1872 968 1936 οὕτως
996 1851 1170 1928 εἰπών
1195 1889 1210 1905 ·
1259 1893 1278 1927 t
1315 1875 1606 1947 Πάροικος,
1636 1851 1728 1932 καὶ
1759 1879 1964 1948 μισθω-

2073 1880 2152 1934 sic
2186 1880 2330 1933 enim
2363 1879 2526 1934 habet
2554 1895 2568 1932 :
2607 1897 2626 1930 ι
2665 1877 2972 1947 lnquilinus
3002 1879 3324 1940 sacerdotis,
3371 1889 3424 1933 et
3450 1895 3657 1934 merce-

376 1967 472 2029 τὸς
497 1965 593 2019 τοῦ
635 1967 827 2036 ἱερέως
869 1966 970 2020 οὐκ
1025 1967 1205 2022 ἔδεται
1263 1967 1418 2038 ἅγια.
1462 1990 1482 2024 ι
1561 1970 1618 2026 '0
1673 1975 1851 2043 μέγας
1904 1975 1962 2029 δὲ

379 2058 610 2121 Ἡσαΐας
647 2060 704 2110 ἐν
727 2059 966 2128 σχήματι
987 2059 1127 2132 ἀρᾶς
1151 2062 1431 2132 προλέγων
1455 2066 1580 2135 περὶ
1605 2065 1711 2118 τῶν
1744 2083 1809 2119 συ
1818 2067 1962 2139 μϐη-

381 2150 628 2220 σομένων
658 2151 868 2204 Μωάϐο
901 2171 920 2204 ι
999 2153 1488 2225 ’Λτιμασθήσεται,
1534 2160 1722 2228 φησὶν,
1761 2162 1794 2230 ἡ
1834 2161 1963 2228 δόξα

381 2242 564 2303 Μωὰϐ
583 2244 641 2294 ἐν
669 2244 847 2312 τρισὶν
878 2243 1027 2298 ἔτεσι
1052 2244 1390 2312 μισθωτοῦ.»
1413 2248 1512 2302 Διὰ
1540 2250 1591 2301 τί
1615 2249 1670 2302 δέ
1704 2267 1719 2317 ;
1751 2251 1833 2304 ὅτι
1867 2252 1963 2306 τοῦ

384 2334 662 2404 μισθωτοῦ
697 2337 760 2390 τὸ
788 2336 973 2405 ἔργον,
993 2338 1094 2391 οὐκ
1126 2341 1192 2392 ἐκ
1222 2339 1543 2406 διαθέσεως,
1584 2343 1701 2396 ἀλλ’
1729 2345 1965 2400 ἐπίπλα-

383 2445 533 2483 στον.
559 2431 718 2482 Δοκεῖ
755 2424 848 2483 οὖν
879 2431 907 2483 6
955 2431 1160 2502 Κύριος
1212 2432 1301 2486 διὰ
1356 2435 1450 2488 τοῦ
1489 2436 1786 2504 μισθωτοῦ,
1856 2439 1965 2493 τῶν

379 2521 715 2590 Φαρισαίων,
757 2523 850 2575 καὶ
876 2522 1258 2593 Γραμματέων
1287 2525 1691 2595 καθάπτεσθαι,
1760 2530 1812 2582 οἳ
1866 2531 1966 2601 τῆς

383 2613 540 2678 θείας
573 2613 794 2683 ἐντολῆς
829 2615 1312 2686 ἀποθρώσκοντες,
1333 2619 1428 2672 καὶ
1453 2621 1548 2682 τὰς
1571 2621 1741 2692 ἀρχὰς
1771 2621 1966 2687 ὠνίους

381 2705 782 2776 λαμϐάνοντες,
819 2708 1011 2778 τρόπῳ
1044 2709 1362 2776 μισθωτῶν,
1411 2712 1614 2782 ἥκιστα
1661 2715 1772 2766 τῶν
1833 2733 1968 2789 προ-

381 2799 568 2854 ϐάτιον
591 2801 876 2870 ἐκήδοντο,
908 2803 978 2856 τὰ
1003 2801 1101 2856 τοῦ
1133 2802 1270 2856 Θεοῦ
1304 2805 1732 2879 καπηλεύοντες.
1792 2810 1967 2882 Θορυ-

384 2893 473 2946 ϐεῖ
497 2892 590 2947 οὖν
622 2893 711 2948 διὰ
733 2893 938 2948 τούτων
967 2896 1186 2963 αὐτοὺς,
1217 2897 1312 2952 καὶ
1337 2900 1434 2971 τῆς
1489 2902 1665 2972 ἀρχῆς
1715 2903 1968 2956 ἐκπεσεῖο

385 2987 535 3056 σθαι,
564 2987 728 3043 οἱονεὶ
757 2994 1145 3062 προαναφωνεῖ
1173 2992 1359 3062 ἡρέμα
1383 2995 1479 3046 καὶ
1505 2995 1606 3064 τῆς
1627 2998 1967 3067 προφητείας

384 3085 820 3154 ἀναμιμνήσκων
849 3083 1068 3148 αὐτοὺς,
1097 3084 1132 3154 ἦ
1171 3101 1337 3154 φησιν
1361 3101 1372 3114 ·
1396 3105 1413 3136 ι
1450 3087 1585 3156 Οὐχὶ
1622 3089 1689 3141 τά
1719 3089 1969 3158 πρόϐατά

386 3194 494 3245 μου
522 3178 806 3244 βόσκουσιν
834 3177 883 3228 οἱ
915 3176 1177 3246 ποιμένες
1219 3177 1315 3230 τοῦ
1391 3178 1629 3250 Ἰσραήλ.
1715 3181 1848 3235 Ἰδοὺ
1908 3184 1970 3236 τὸ

383 3272 923 3340 γάλαςκατεσθίετε,
985 3275 1080 3327 καὶ
1131 3275 1201 3328 τὰ
1246 3273 1372 3344 ἔρια
1409 3276 1829 3346 περιϐάλλεσθε,
1878 3281 1972 3333 καὶ

385 3364 450 3416 τὸ
505 3364 652 3434 παχὺ
713 3365 975 3433 σφάζετε,
1045 3366 1138 3421 καὶ
1217 3369 1285 3422 τὰ
1366 3371 1620 3441 πρόϐατά
1692 3390 1797 3443 μου
1872 3376 1972 3429 οὐκ

385 3453 664 3509 ἑϐόσκετε.
708 3474 726 3508 ι

464 3563 484 3597 ι
537 3545 596 3599 '0
625 3547 832 3619 ποιμὴν
870 3550 1089 3614 όκαλδς
1137 3552 1240 3624 τὴν
1296 3553 1474 3626 ψυχὴν
1534 3557 1704 3611 αὑτοῦ
1759 3559 1972 3631 τίθησιν

385 3635 528 3705 ὑπὲρ
556 3637 664 3691 τῶν
693 3639 1011 3709 προϐάτων.
1047 3660 1067 3695 ι
1105 3645 1499 3714 Προαναφωνεῖ
1538 3649 1598 3699 τὸ
1627 3649 1822 3714 Πάθος,
1879 3651 1972 3702 καὶ

385 3729 761 3801 προκηρύττει
789 3735 880 3785 τὸν
911 3735 1162 3790 ἑκούσιον
1192 3736 1441 3792 θάνατον.
1472 3742 1697 3805 Δεικνὺς
1732 3743 1971 3796 ὄτιοῦτω

388 3825 616 3894 στέργει
646 3825 715 3879 τὰ
750 3826 1026 3897 πρόϐατα,
1059 3828 1202 3884 ὥστε
1234 3830 1334 3902 τὴν
1365 3831 1545 3903 ψυχὴν
1580 3835 1745 3888 αὐτοῦ
1787 3835 1972 3890 δίδωσι

387 3913 587 3984 λύτρον
616 3917 756 3988 ὑπὲρ
789 3919 996 3974 αὐτῶν.

467 4027 486 4062 ι
523 4011 633 4063 Καὶ
667 4011 928 4079 γινώσκω
974 4013 1044 4068 τὰ
1070 4016 1200 4087 ἐμὰ,
1241 4019 1337 4072 καὶ
1357 4021 1701 4092 γινώσκομαι
1729 4022 1834 4074 ὑπὸ
1862 4023 1970 4076 τῶν

388 4101 563 4170 ἐμῶν.
601 4122 620 4152 ι
657 4104 730 4156 Οὐ
777 4104 1039 4159 τοσοῦτον
1082 4107 1420 4175 γινώσκεται
1478 4112 1610 4182 παρ’
1643 4114 1824 4182 ἡμῶν,
1847 4115 1970 4166 ὅσον

387 4195 552 4258 αὐτὸς
590 4196 679 4249 τὸν
704 4199 928 4270 Πατέρα
954 4201 1241 4264 γινώσκει,
1267 4205 1362 4257 καὶ
1420 4205 1512 4256 ὑπ’
1541 4207 1752 4258 ἐκείνου
1804 4207 1972 4274 γινώ-

391 4303 608 4352 σκεται,
641 4289 779 4342 ἀλλὰ
806 4291 1010 4359 γνῶσιν
1045 4293 1281 4346 ἐνταῦθα
1310 4295 1410 4361 τὴν
1442 4297 1754 4367 οἰκειότητα
1786 4298 1968 4366 λέγει’

388 4379 578 4443 καθὼς
604 4382 718 4443 τοῖς
746 4381 973 4450 φαύλοις
1003 4385 1061 4437 ἐν
1111 4386 1297 4446 ἄλλοις
1357 4389 1525 4457 φησίν
1558 4403 1569 4416 ”
1637 4409 1654 4440 ι
1693 4391 1806 4442 Οὐκ
1855 4387 1972 4446 οἶδα

390 4472 536 4542 ὑμᾶς
571 4488 585 4502 ·
627 4493 646 4526 ι
679 4474 896 4538 πάντως
931 4476 1110 4544 λέγων
1144 4477 1243 4548 τὴν
1273 4480 1484 4549 εἴδησιν
1514 4497 1527 4510 ·
1564 4481 1684 4544 πῶς
1713 4485 1818 4551 γὰρ
1853 4487 1968 4552 ἡγ-

2073 1971 2257 2025 narins
2289 1986 2396 2025 non
2427 1970 2676 2024 comedet
2706 1975 2900 2023 sancta
2922 1967 2991 2023 ".
3027 1987 3046 2020 ι
3083 1968 3310 2038 Magnus
3334 1983 3462 2022 vero
3489 1969 3657 2023 Isaias

2064 2062 2484 2130 imprecationis
2519 2062 2687 2133 figura
2721 2061 3022 2132 praedicens
3053 2076 3113 2114 ea
3147 2077 3267 2130 quae
3304 2059 3459 2115 Moab
3491 2075 3659 2114 even-

2073 2164 2192 2210 tura
2236 2166 2437 2212 erant:
2473 2173 2492 2207 ι
2530 2155 2972 2220 Inhonorahitur,
3029 2154 3226 2222 inquit,
3280 2153 3448 2222 gloria
3499 2152 3658 2208 Moab

2073 2247 2128 2302 in
2159 2247 2333 2302 tribus
2353 2247 2514 2302 annis
2542 2246 2870 2301 mercenarii
2892 2247 2960 2299 ⁷⁸.
2995 2263 3014 2297 ι
3043 2245 3182 2310 Quid
3208 2245 3346 2299 hoc?
3372 2245 3657 2310 nimirum,

2075 2339 2205 2409 quia
2243 2338 2569 2393 mercenarii
2608 2351 2773 2407 opera
2803 2351 2912 2390 non
2947 2351 3010 2390 ex
3042 2335 3235 2390 adectu
3263 2335 3529 2404 profecta,
3558 2336 3660 2390 sed

2073 2429 2199 2484 ﬁcta
2230 2439 2333 2484 est.
2367 2428 2594 2484 Videtur
2653 2428 2816 2497 igitur
2870 2428 3129 2481 Dominus
3178 2427 3496 2481 mercenarii
3557 2441 3658 2481 no-

2074 2523 2221 2578 mine
2265 2523 2635 2592 perstringere
2678 2520 3005 2584 Pharisaaos,
3061 2527 3116 2574 et
3150 2520 3407 2584 Scribas,
3435 2521 3576 2587 quod
3623 2533 3656 2575 a

2073 2617 2275 2675 divinis
2323 2615 2610 2688 prazceptis
2665 2615 3069 2680 desciscentes,
3145 2623 3200 2669 et
3254 2613 3654 2686 dignitatibus,

2077 2711 2539 2765 mercenariorutn
2593 2723 2744 2762 more
2793 2708 2968 2776 pretio
3016 2707 3382 2776 comparatis,
3433 2707 3658 2760 minime

2073 2802 2444 2872 procurabant
2476 2814 2728 2870 gregem,
2777 2809 2832 2853 et
2863 2814 2950 2853 res
2978 2797 3190 2852 divinas
3228 2799 3455 2868 quaestui
3486 2798 3657 2853 habe-

2076 2897 2230 2949 bant.
2289 2894 2394 2949 Eos
2449 2893 2612 2964 igitur
2667 2890 2950 2948 confundit
3006 2892 3090 2946 his
3145 2893 3344 2956 verbis,
3397 2900 3451 2945 et
3499 2889 3658 2962 quasi

2075 2987 2404 3056 praenuntiat
2437 2985 2807 3040 deturbandos
2839 2985 2902 3038 de
2934 2984 3240 3052 principatu
3275 2998 3410 3048 suo;
3451 2983 3655 3038 sensim

2075 3081 2239 3134 etiam
2274 3079 2612 3146 pr0pltetiam
2664 3076 2881 3140 subjicit
2933 3077 3058 3140 illis,
3111 3092 3231 3144 qum
3266 3077 3437 3131 dicit:
3478 3094 3496 3127 ι
3536 3075 3656 3130 Non

2077 3181 2306 3240 pascunt
2334 3185 2465 3225 ovcs
2496 3185 2644 3223 meas
2678 3177 2934 3236 pastores
2969 3167 3158 3222 Israel.
3193 3167 3332 3222 Ecce
3362 3167 3444 3220 lac
3473 3180 3656 3220 come-

2075 3266 2226 3329 ditis,
2255 3275 2309 3319 et
2341 3264 2479 3318 lanis
2515 3262 2828 3333 operimini,
2876 3270 2930 3314 et
2955 3261 3098 3329 quod
3127 3273 3372 3315 crassum
3400 3267 3485 3315 est
3511 3258 3664 3314 occiv

2075 3355 2226 3420 ditis,
2258 3364 2312 3407 ct
2342 3367 2472 3407 oves
2502 3367 2650 3406 meas
2681 3365 2789 3404 non
2827 3351 3050 3421 pascitis
3074 3350 3140 3402 ⁷⁸.
3172 3368 3191 3400 ι

2150 3568 2168 3602 ι
2207 3549 2388 3604 Bonus
2419 3548 2616 3602 Pastor
2652 3546 2888 3599 animam
2939 3560 3092 3599 suam
3149 3546 3298 3614 ponit
3341 3559 3437 3614 pm
3469 3546 3671 3604 ovibus-

2074 3643 2210 3697 suis.
2241 3661 2260 3693 ι
2287 3640 2600 3712 Passionem
2639 3638 2724 3692 hic
2755 3653 2906 3692 suam
2933 3637 3200 3706 praedicit,
3219 3648 3274 3692 et
3296 3639 3659 3694 voluntariam

2075 3735 2402 3807 praenuntiat
2448 3740 2720 3795 mortem;
2767 3740 2821 3784 et
2858 3740 3140 3798 tant0pere
3190 3744 3218 3782 a
3260 3744 3318 3784 se
3353 3730 3502 3801 diligi
3531 3747 3660 3788 oves

2074 3825 2348 3891 ostendit,
2403 3832 2462 3879 ut
2511 3821 2749 3876 animam
2796 3836 2949 3876 suain
3000 3820 3388 3891 redemptionis
3420 3822 3669 3892 pretium.

2075 3920 2273 3974 tradat.

2152 4045 2170 4078 ι
2206 4023 2273 4078 Ει
2321 4035 2594 4092 cognosco
2653 4034 2785 4073 oves
2841 4031 3026 4082 meas,
3079 4024 3133 4070 et
3187 4023 3522 4085 cognoscunt
3573 4032 3659 4071 me

2076 4131 2232 4172 mea.
2268 4133 2285 4166 ι
2315 4113 2433 4168 Νοιι
2463 4112 2536 4166 ita
2559 4110 2906 4181 cognoscitur
2934 4123 2964 4161 a
2993 4107 3150 4163 nobis
3178 4116 3236 4160 ut
3264 4107 3351 4162 ille
3379 4109 3658 4178 cognoscit

2075 4208 2316 4271 Patrem,
2341 4213 2397 4261 et
2428 4206 2496 4260 ab
2525 4204 2615 4260 illo
2642 4203 3010 4272 cognoscitur,
3045 4200 3138 4255 sed
3169 4215 3263 4270 per
3291 4202 3660 4270 cognitionem

2077 4299 2180 4354 hoc
2209 4297 2331 4350 loco
2375 4294 2801 4349 familiaritatem
2833 4293 3124 4362 quamdam
3153 4291 3440 4362 signiﬁcat.
3485 4291 3548 4344 Et
3583 4296 3660 4346 si-

2076 4391 2184 4445 cuti
2213 4388 2344 4443 alibi
2370 4387 2503 4442 dicit
2533 4387 2794 4455 improbis
2820 4403 2833 4440 :
2863 4384 3028 4456 39o
3061 4402 3080 4436 ι
3115 4385 3229 4439 Non
3275 4386 3395 4439 novi
3425 4399 3520 4439 vos
3541 4385 3608 4452 '",
3637 4403 3658 4438 ι

2079 4499 2182 4537 ιιοιι
2215 4495 2595 4552 quamcunque
2619 4479 2983 4546 cognitionem
3013 4477 3339 4544 intelligens.
3373 4477 3662 4543 Quomodo

388 4563 502 4616 νόει
529 4567 556 4616 6
582 4566 678 4618 καὶ
709 4567 839 4636 πρὶν
864 4569 1152 4634 γενέσεως,
1176 4571 1356 4623 πάντα
1381 4571 1570 4636 εἰδὼς;
1605 4549 1853 4646 Καὶ-μην
1875 4549 1967 4626 καὶ

2076 4575 2223 4629 enim
2280 4587 2385 4626 non
2435 4579 2746 4640 cognoscat,
2799 4569 2890 4637 qui
2942 4569 3120 4624 omnia
3174 4569 3324 4623 novit
3368 4579 3660 4637 antequam

386 4657 448 4708 τὸ
481 4675 499 4706 ι
528 4653 660 4710 Οἶδά
692 4674 750 4709 σε
787 4661 938 4730 παρὰ
988 4663 1204 4716 πάντων
1241 4681 1260 4713 ι
1303 4664 1593 4734 εἰρημένον
1646 4664 1720 4734 τῷ
1785 4668 1976 4720 Μωσεί

391 4748 529 4819 πρὸς
557 4749 713 4814 Θεὸν,
743 4749 886 4803 οὕτω
919 4755 1190 4822 προσήκει
1206 4757 1371 4807 νοεῖν.
1405 4755 1575 4818 Λύτὺς
1607 4757 1704 4826 μὲν
1729 4755 1819 4810 οὖν
1840 4760 1973 4828 ἡμῖν

387 4839 642 4911 timetiqu
673 4843 760 4896 διὰ
803 4843 1027 4912 σαρκὸς,
1061 4845 1225 4914 ἡμεῖς
1279 4845 1493 4917 δἀύτῴ
1526 4847 1594 4900 δι’
1627 4849 1836 4918 αρετῆς
1894 4851 1974 4902 οἱ·

389 4932 710 5002 κειούμεθα.

468 5115 579 5168 Καὶ
605 5115 740 5170 ἄλλα
768 5117 1021 5188 πρόϐατα
1046 5117 1178 5190 ἔχω,
1207 5119 1245 5174 ἃ.
1267 5120 1368 5174 οὐκ
1396 5121 1546 5176 ἐστιν
1577 5123 1641 5176 ἐκ
1669 5121 1771 5192 τῆς
1798 5125 1972 5196 αὐλῆς

465 5270 512 5300 ⁷³
550 5268 708 5324 Joan.
753 5286 806 5337 Χ,
849 5272 937 5326 15.

1057 5272 1104 5304 ⁷⁸
1143 5272 1319 5329 Levit.
1381 5291 1513 5341 xm,
1564 5275 1651 5331 10.

393 5340 439 5374 ⁸³⁸
482 5340 656 5396 Exod.
697 5357 892 5408 χχχιιι,
933 5343 1018 5397 12.

1766 5277 1812 5308 ⁷⁸
1854 5277 1962 5334 Isa.
2009 5294 2134 5342 xu,
2179 5277 2264 5333 14.

2079 4665 2271 4721 ﬁeret?
2297 4665 2437 4732 Quin
2463 4663 2626 4719 etiam
2658 4661 2787 4716 illud
2813 4659 2981 4732 Moysi
3005 4661 3208 4714 dictum
3237 4677 3264 4713 a
3301 4660 3410 4715 Deo
3437 4679 3451 4715 :
3489 4679 3507 4711 ι
3543 4659 3668 4716 Prae

2078 4758 2332 4812 omnibus
2363 4757 2488 4810 novi
2519 4765 2570 4808 te
2595 4753 2706 4826 (I2)
2733 4753 2802 4818 ⁷⁸,
2836 4771 2856 4805 ι
2896 4753 3041 4807 hunc
3090 4752 3253 4807 habet
3297 4755 3459 4806 etiam
3505 4751 3662 4805 intel-

2078 4851 2304 4904 Iectum.
2349 4849 2472 4918 Ipse
2519 4847 2688 4918 igitur
2736 4845 2894 4900 nobis
2939 4859 3034 4914 per
3073 4859 3294 4897 carnem
3330 4844 3666 4898 domesticus

2078 4943 2255 4995 factus
2283 4951 2387 5005 est,
2421 4955 2519 4994 nos
2547 4953 2676 4995 vero
2710 4953 2838 4994 cum
2867 4937 2959 4992 illo
2997 4951 3094 5007 per
3122 4935 3378 4990 virtutem
3422 4935 3661 4990 familia-

2080 5035 2237 5089 ritate
2267 5033 2668 5103 conjungimur.

2161 5145 2180 5178 c
2213 5126 2363 5181 Alias
2388 5141 2521 5182 oves
2556 5125 2752 5192 habeo,
2785 5139 2907 5196 qua:
2936 5139 3044 5181 non
3077 5132 3296 5180 suntex
3334 5124 3436 5179 hoc
3461 5122 3609 5179 ovili.
3635 5141 3663 5178 ι

2373 5278 2419 5310 ⁷⁸
2458 5275 2658 5333 Ezech.
2702 5291 2890 5344 xxxiv,
2920 5277 2976 5335 '5.
3074 5277 3122 5310 "
3156 5276 3292 5334 Luc.
3334 5293 3452 5343 xm,
3498 5275 3591 5332 25.

1631 5440 1956 5503 Francisci
1985 5441 2194 5505 Scorsi
2228 5450 2416 5505 notm.

355 5621 362 5628 _
396 5629 404 5632 _
434 5630 442 5632 _
467 5557 575 5632 (II)
608 5559 858 5614 Formam
885 5564 1016 5616 servi
1047 5564 1262 5630 act-epit.
1304 5564 1555 5617 Eamdem
1603 5581 1714 5617 rem
1754 5566 1972 5632 exponit

392 5629 479 5682 hic
520 5630 676 5702 Pater
701 5633 846 5684 hom.
885 5634 970 5696 15,
995 5637 1058 5685 ad
1091 5629 1252 5702 quam
1283 5636 1457 5687 recole
1495 5646 1602 5688 not.
1662 5636 1754 5689 25.

321 5754 324 5758 ,
465 5701 576 5767 (l2)
615 5701 741 5774 Prw
799 5704 1034 5774 omnibus
1066 5701 1182 5755 navi
1208 5713 1277 5756 te.
1343 5704 1437 5757 Hic
1472 5705 1620 5757 locus
1651 5709 1740 5774 qui
1771 5707 1973 5758 citatur

390 5778 444 5841 et
503 5773 804 5841 explicatur
861 5789 889 5824 a
940 5772 1293 5841 Theophane,
1344 5785 1428 5827 cst
1485 5790 1546 5826 ex
1580 5772 1968 5831 (irtcc.lransl.

399 5840 543 5897 ιχλ
581 5846 805 5912 interpr.
844 5843 1009 5898 lixodi
1039 5840 1156 5903 can.
1191 5859 1378 5908 χχχιιι,
1410 5861 1456 5897 v.
1493 5847 1576 5909 ‘12,
1603 5855 1652 5896 ct
1687 5847 1746 5898 l7
1782 5849 1889 5900 ςΣὺ
1914 5847 1969 5900 δέ

2085 5584 2174 5636 μοι
2205 5561 2386 5629 εἴπας·
2409 5563 2543 5620 Οἶδά
2560 5584 2618 5620 σε
2646 5565 2796 5636 παρὰ
2813 5565 3046 5636 πάντας,
3069 5565 3162 5618 καὶ
3181 5563 3341 5634 χάριν
3365 5563 3506 5633 ἔχεις
3528 5565 3663 5632 παρ’

2081 5635 2237 5706 ἐμοί·
2279 5637 2356 5691 Τιι
2409 5649 2579 5691 autem
2606 5635 2791 5691 dixiin
2816 5641 2941 5689 mihi
2969 5651 2988 5688 :
3021 5635 3141 5689 Scio
3179 5649 3223 5687 te
3267 5651 3378 5702 pm:
3399 5638 3659 5694 omnibus,

2081 5721 2126 5760 et
2153 5709 2376 5776 gratiam
2399 5709 2554 5761 habes
2589 5713 2727 5776 apud
2755 5723 2853 5760 me.
2880 5707 2940 5760 Et
2977 5706 3171 5758 ibidem
3207 5707 3344 5756 intra
3378 5714 3660 5769 repctztttr.

2084 5779 2138 5830 Ιιι
2196 5792 2380 5831 nostra
2435 5792 2612 5831 autem
2683 5781 2929 5831 versione
2993 5776 3146 5845 Vulg.
3214 5777 3502 5842 utrobique
3531 5786 3660 5830 est:

2088 5846 2223 5901 Novi
2251 5861 2294 5901 te
2318 5865 2377 5900 ex
2407 5852 2633 5904 nomine.
2672 5848 2744 5903 De
2788 5864 2897 5912 quo
2933 5848 3053 5902 vide
3085 5849 3406 5906 interpretes
