4074 6402
340 339 441 403 10‘.‘
455 337 475 401 l

1690 337 2021 396 HOMILM
2066 338 2247 397 LVII.

3469 342 3605 408 1002

336 457 435 507 καὶ
455 454 524 505 τὰ
555 451 763 522 βέϐηλα
793 450 1073 520 συντρίϐει
1101 450 1422 521 ἀγάλματι,
1456 445 1531 505 ὧν
1552 450 1751 521 ἐξόχως
1806 451 1914 501 ἐτι-

2027 450 2184 504 nibus
2215 451 2518 505 daemonum
2554 466 2673 507 eain
2706 459 2994 521 expurgat,
3029 461 3081 505 et
3116 450 3337 521 profana
3370 458 3603 509 conterit

336 546 522 615 μῶντο
538 544 799 608 Φάλκων,
832 543 929 597 καὶ
960 543 1213 602 Λύσσων,
1250 544 1346 596 καὶ
1380 542 1759 612 Σκάμανδρος.
1787 539 1918 593 Εἶτα

337 640 569 707 μετάγει
599 637 735 704 πρὸς
756 636 853 706 τὴν
877 634 1165 689 εὐσέϐειαν
1197 636 1288 687 τὸν
1309 636 1554 706 ἡγεμόνα
1585 635 1678 703 τῆς
1710 634 1919 694 πόλεως

332 729 681 797 Βονιφάτιον,
734 728 916 790 θείους
955 745 1012 780 τε
1063 727 1228 791 ναοὺς
1258 728 1353 780 καὶ
1405 728 1526 797 ἱερὰ
1582 727 1913 795 δειμάμενος

334 818 683 886 καταγώγια,
738 821 832 871 καὶ
874 819 1106 881 πολλοὺς
1161 819 1298 889 πρὸς
1358 818 1455 889 τὴν
1503 818 1683 888 ἁληθῆ
1736 818 1919 869 πίστιν

337 913 695 980 μεταγαγὼν,
726 911 1122 982 ὲπισφραγίζει
1149 912 1437 981 μαρτυρίῳ
1464 914 1523 963 τὸ
1580 912 1763 972 τέλος*
1815 912 1919 961 κᾶν

330 1003 507 1068 τούτῳ
538 1002 629 1055 τὸν
659 1002 863 1054 οἰκεῖον
913 1004 1193 1071 Δεσπότην
1250 1002 1608 1072 μιμούμενος,
1665 1001 1761 1054 καὶ
1821 1001 1919 1072 τὴν

333 1096 435 1164 τῆς
514 1093 928 1163 ἀρχιερωσύνης
995 1094 1191 1164 στολὴν
1245 1095 1443 1163 αἵματι
1486 1094 1732 1162 φοινίξας
1779 1112 1919 1163 μαρο

332 1184 565 1254 τυρικῷ,
643 1185 779 1254 πρὸς
872 1185 1103 1256 οὐρανὸν
1185 1186 1479 1256 ἀνατρέχει
1560 1189 1749 1256 χερσὶν
1821 1188 1920 1252 ἀγ-

331 1278 512 1341 γέλων
598 1279 917 1346 αἰρόμενος.
993 1278 1200 1331 Τούτου
1279 1280 1380 1349 τὴν
1451 1278 1734 1331 πολιτείαν
1818 1278 1918 1348 ζη-

332 1368 624 1437 λὼσωμεν,
679 1363 723 1420 ὧ
776 1370 1283 1439 Χριστιανικώτατε
1338 1371 1591 1436 σύλλογε.
1646 1371 1737 1438 Τῷ
1800 1370 1914 1422 δλτι

331 1466 444 1531 γὰρ
483 1463 578 1513 καὶ
619 1464 778 1529 ἡμεῖς
802 1461 1131 1531 ἁνατολῆθεν
1170 1461 1532 1532 ἐξορμώμεθα
1574 1464 1638 1516 ἐκ
1660 1462 1760 1532 τῆς
1811 1479 1915 1527 μα-

331 1554 533 1624 καρίας
587 1556 803 1621 ἐκείνης
859 1554 1044 1623 Ἐδὲμ,
1096 1554 1156 1619 ἐξ
1201 1550 1268 1628 ἦς
1318 1556 1666 1619 ἐκπεσόντες,
1710 1558 1767 1607 ὲν
1797 1559 1916 1618 ταῖς

330 1648 573 1716 δυσμαῖς
618 1646 712 1697 τοῦ
757 1647 872 1714 βίου
918 1647 1110 1699 τούτου
1153 1648 1481 1717 γεγόναμεν,
1526 1649 1729 1718 κόσμον
1759 1648 1915 1718 οἰκή-

332 1753 527 1796 σαντες
560 1739 709 1808 νήσῳ
750 1739 1081 1807 παρεμφερῆ
1132 1737 1226 1790 ἅτε
1268 1740 1333 1807 τῇ
1365 1738 1462 1800 τῆς
1513 1738 1715 1800 κακίας
1766 1737 1915 1809 ἅλμῃ

2025 541 2342 596 simulacra.
2380 542 2456 596 Ex
2486 544 2681 609 quibus
2724 544 2997 611 praecipuo
3027 544 3349 598 colebantur
3397 545 3603 598 honore

2024 634 2285 700 Phalcon,
2309 646 2362 690 et
2394 636 2624 705 Lysson,
2651 648 2702 688 et
2732 635 3103 691 Seantandrus
3135 638 3271 705 (Π).
3309 636 3500 691 Postea
3534 641 3600 691 ad

2024 745 2207 782 veram
2257 730 2574 799 religionem
2625 731 2936 798 praefectum
2975 730 3221 783 civitatis
3257 729 3598 784 Bonifacittin

2023 824 2277 886 traducit,
2316 838 2377 875 ac
2412 823 2608 890 templa
2644 824 2695 875 in
2730 822 2818 876 Dei
2854 824 3081 886 cultum,
3127 832 3181 876 et
3217 839 3406 878 Sacras
3455 826 3599 880 aedes

2021 915 2275 966 aadilicat.
2311 911 2531 965 Deinutn
2557 929 2677 966 cum
2718 912 2914 966 multos
2938 915 3297 967 convertisset
3322 915 3385 966 ad
3413 930 3596 968 veram

2024 1007 2207 1069 iidem,
2259 1006 2382 1059 vitae
2432 1007 2589 1058 linem
2633 1007 2894 1075 martyrio
2932 1006 3289 1075 ronsignavit.
3328 1007 3503 1075 Atque
3545 1008 3597 1062 in

2023 1100 2125 1152 hac
2158 1100 2320 1152 etiam
2354 1098 2639 1152 Dominum
2671 1113 2825 1151 suum
2856 1098 3123 1161 imitatus,
3160 1108 3213 1151 et
3246 1098 3328 1151 sui
3361 1114 3597 1168 purpura

2021 1190 2307 1259 sanguinis
2358 1190 2705 1258 pontificatus
2738 1188 3004 1258 dignitate
3038 1189 3289 1243 decorata
3315 1228 3329 1252 ,
3384 1191 3434 1243 in
3486 1204 3599 1242 ca:-

2026 1283 2136 1335 Ium
2170 1284 2486 1351 angelorum
2518 1283 2767 1336 manibus
2811 1280 3056 1335 sublatus
3090 1291 3191 1335 est.
3230 1280 3381 1336 lianc
3436 1282 3601 1352 igitur

2027 1376 2149 1428 vitae
2180 1374 2449 1428 rationem
2486 1384 2782 1436 sectemur,
2824 1388 2856 1425 0
2901 1372 3368 1427 Cbristianissime
3401 1387 3598 1428 cretus.

2025 1467 2233 1520 Etenim
2271 1465 2431 1537 391
2464 1474 2519 1519 et
2555 1479 2653 1519 nos
2684 1479 2808 1518 vere
2845 1479 2911 1518 ex
2962 1463 3169 1518 oriente
3218 1474 3396 1518 ortum
3435 1463 3602 1519 habe-

2024 1572 2144 1611 mus
2177 1557 2329 1627 (l8);
2371 1572 2435 1610 ex
2471 1555 2560 1610 illa
2594 1555 2807 1610 scilicet
2858 1554 3002 1608 felici
3037 1555 3209 1619 Eden,
3242 1570 3308 1609 ex
3336 1571 3439 1624 qua
3471 1571 3597 1610 cum

2023 1648 2438 1710 decidissemus,
2466 1647 2518 1701 in
2541 1647 2702 1715 hujus
2722 1646 2845 1699 vita:
2876 1646 3161 1700 occidente
3178 1660 3484 1712 versamur,
3506 1648 3605 1700 ba-

2026 1739 2261 1793 bitantes
2322 1739 2467 1792 hunc
2539 1738 2796 1791 mundum
2866 1736 3375 1807 peccatiSalsugine
3432 1739 3605 1792 instar

332 1827 601 1881 πάντοθεν
660 1828 1163 1897 διαλαμϐανόμενον
1194 1844 1208 1857 ⁸
1252 1830 1309 1880 ὲν
1360 1822 1405 1895 ᾧ
1449 1830 1619 1882 πολλὰ
1666 1830 1763 1899 μὲν
1814 1831 1913 1899 τῆς

2022 1831 2212 1885 insula:
2268 1831 2509 1898 undique
2556 1826 2993 1883 circumfusum:
3029 1828 3081 1879 in
3134 1842 3245 1896 quo
3298 1828 3449 1882 niulti
3503 1828 3603 1882 im-

331 1920 604 1989 πονηρίας
633 1919 701 1971 τά
739 1920 1046 1989 πνεύματα,
1095 1922 1276 1974 πυκνὰ
1316 1921 1370 1973 δὲ
1401 1922 1498 1992 τῆς
1535 1922 1812 1993 ἁμαρτίας
1845 1924 1914 1975 τὰ

332 2012 581 2082 κύματα.
619 2011 1005 2081 άηλλεπάλληλα
1038 2014 1143 2065 τῶν
1178 2014 1501 2083 πειρασμῶν
1548 2015 1614 2066 τὰ
1642 2013 1913 2085 ῥεύματα,

335 2107 481 2176 ἆττερ
525 2105 647 2158 καθ’
678 2106 832 2175 ἡμῶν
881 2109 1086 2175 ἐγείρει
1119 2107 1145 2157 ὁ
1174 2109 1366 2177 νοητὸς
1414 2108 1606 2177 ἄγριος
1640 2108 1857 2177 ταῦρος,
1888 2110 1915 2161 ό

329 2196 434 2267 τὴν
476 2196 672 2265 μανίαν
723 2196 972 2249 σύνοικον
1013 2197 1172 2269 ἔχων,
1224 2202 1317 2253 καὶ
1358 2200 1511 2253 πόλιν
1561 2199 1760 2263 κτίζων
1811 2199 1915 2251 ὑπὸ

332 2286 589 2355 πονηρῶν
645 2288 1104 2357 ἐπιτηδευμάτων
1166 2289 1579 2359 συνῳκισμένην
1613 2306 1628 2321 °
1670 2291 1798 2359 περὶ
1848 2284 1915 2361 ἧς

332 2395 500 2447 φησιν
548 2380 576 2431 ό
620 2377 832 2448 ψαλμός
859 2394 873 2407 ·
922 2398 939 2429 ι
979 2377 1128 2433 Εἶδον
1176 2379 1404 2450 ἀνομίαν
1468 2383 1559 2434 καὶ
1603 2383 1914 2450 ἀντιλογίαν

330 2472 389 2522 ὲν
431 2473 494 2541 τῇ
541 2472 715 2523 πόλειο
747 2474 841 2524 καὶ
878 2472 1100 2542 ἀνομία,
1138 2474 1232 2526 καὶ
1258 2475 1424 2537 κόπος
1456 2476 1513 2526 ὲν
1543 2474 1693 2545 μέσῳ
1721 2477 1910 2546 αὐτῆς,

331 2564 430 2616 καὶ
466 2563 645 2629 τόκος,
685 2566 778 2617 καὶ
835 2564 984 2627 δόλος
1033 2568 1089 2617 ἐν
1142 2569 1263 2629 ταῖς
1313 2566 1599 2629 πλατείαις
1650 2567 1841 2637 αὐτῆς.
1888 2586 1907 2618 ι

340 2654 507 2724 Ὁρᾷς
545 2655 639 2706 τοῦ
666 2654 861 2724 νοητοῦ
919 2656 1133 2724 Ταύρου
1182 2658 1277 2709 καὶ
1318 2660 1415 2727 τῆς
1466 2657 1661 2725 μανίας
1691 2660 1790 2725 τὴν
1818 2658 1913 2710 πό-

330 2746 437 2809 λιν,
505 2749 569 2814 ἢν
613 2748 783 2799 οἰκεῖν
836 2746 1279 2818 κατεκρίθημεν;
1336 2748 1601 2801 Ἐνταῦθα
1665 2749 1757 2802 οῦν
1804 2766 1909 2802 πα-

333 2839 648 2909 ραχθέντες,
713 2838 1000 2910 γενώμεθα
1056 2841 1399 2912 Παγκράτίοι
1446 2841 1647 2911 τρόπον
1695 2845 1908 2914 ἕτερον,

334 2929 554 2981 πάντων
587 2929 917 2998 κρατοῦντες
946 2928 1053 2981 τῶν
1085 2928 1193 2981 ἀπὸ
1217 2930 1315 3000 τῆς
1357 2928 1537 3000 ψυχῆς
1567 2932 1908 3002 κινημάτων.

334 3020 492 3073 Οὕτω
513 3021 622 3089 γὰρ
655 3020 723 3072 τὰ
749 3021 805 3072 ὲν
837 3022 970 3089 ἡμῖν
995 3020 1102 3072 τῶν
1154 3021 1344 3075 παθῶν
1379 3023 1730 3095 ἀφιδρύματα
1767 3025 1910 3094 ἀφα-

334 3112 674 3176 νίσθείεν,ὼς
708 3113 959 3177 Φάλκων,
992 3115 1087 3166 καὶ
1121 3113 1373 3178 Αύσσων,
1406 3117 1499 3166 καὶ
1524 3116 1906 3188 Σκάμανδρος.
1939 3154 1980 3210 C

335 3204 462 3260 Εἶεν
494 3206 537 3257 δ’
566 3206 633 3259 ἂν
681 3206 907 3259 ea).wa
963 3207 1062 3276 μὲν
1118 3208 1146 3260 ὁ
1201 3208 1449 3276 ὑφέλκων
1501 3210 1647 3279 ἡμᾶς
1686 3211 1765 3272 εἰς
1813 3211 1911 3280 τὴν

332 3299 615 3368 ἁμαρτίαν
649 3298 887 3368 πονηρὸς
943 3298 1227 3368 λογισμὸς,
1268 3298 1496 3353 Λύσσων
1542 3300 1600 3354 δὲ
1641 3301 1673 3371 ἡ
1707 3300 1919 3353 λυσσώ·

343 3394 445 3462 δης
472 3393 736 3463 ἐπιθυμία
762 3393 871 3446 τῶν
925 3393 1144 3447 ἀτόπων
1183 3393 1436 3464 ὀρέξεων,
1474 3395 1826 3464 Σκάμανδρος
1859 3394 1916 3447 δὲ

333 3484 362 3533 ὁ
395 3480 584 3550 θυμὸς,
608 3482 636 3533 ὁ
666 3480 919 3552 καθάπερ
954 3482 1188 3553 σκάμμα
1244 3481 1340 3535 κοιλ⁸
1366 3481 1600 3551 πόλεμος
1630 3482 1915 3551 γινόμενος

334 3572 435 3641 τῆς
474 3572 723 3643 ἀνδρείας
761 3572 962 3642 ψυχῆς.
1008 3572 1274 3626 Ἐνταῦθα
1320 3573 1388 3625 τὰ
1433 3572 1627 3626 εἴδωλα
1660 3574 1754 3626 τοῦ
1798 3574 1917 3636 νοὸς

335 3664 761 3734 καταϐάλωμεν,
822 3666 882 3718 τὸ
945 3667 1210 3736 τριμερὲς
1274 3667 1373 3736 τῆς
1437 3666 1616 3737 ψυχῆς
1661 3667 1719 3719 εὖ
1771 3667 1915 3736 μάλα

338 3756 833 3829 περικαθάραντες,
877 3757 1090 3811 πολλῶν
1139 3763 1492 3828 μυσταγωγοὶ
1527 3761 1623 3813 καὶ
1671 3761 1917 3830 σωτῆρες

335 3849 652 3919 γενοίμεθα.
687 3850 755 3902 Οἰ
787 3867 846 3903 τε
875 3850 984 3919 γὰρ
1022 3850 1122 3919 τῆς
1169 3851 1401 3914 ἀσεϐοῦς
1435 3853 1770 3923 προέχοντες
1815 3854 1911 3904 πό-

337 3940 499 4003 λεως,
526 3942 809 3995 τουτέστιν
849 3943 899 3994 οἱ
933 3943 1027 3995 ἐπὶ
1058 3941 1232 4014 κακίᾳ
1262 3943 1742 4014 περιφανέστεροι,
1777 3944 1913 3997 εἴσω

338 4031 439 4101 τῆς
472 4033 745 4104 σωτηρίας
776 4032 1103 4103 είσαχθείεν,
1130 4033 1292 4103 μόνον
1312 4036 1359 4086 εί
1385 4035 1648 4106 πρότερον
1674 4037 1915 4104 γένοιντο

338 4124 670 4192 Βονιφάτιοι.
728 4126 801 4177 Τὸ
841 4127 949 4195 γὰρ
989 4126 1162 4196 ὄνομα
1208 4126 1367 4180 τοῦτο
1440 4129 1533 4182 τὸν
1577 4129 1759 4196 ἀγαθὰ
1795 4131 1915 4183 δια-

339 4218 721 4286 πραττόμενον
762 4219 1113 4288 ὲρμηνεύσει,
1167 4219 1222 4271 εί
1246 4236 1328 4282 τις
1354 4220 1467 4273 τῶν
1507 4220 1797 4291 Ῥωμαίων
1836 4224 1917 4285 είς

337 4309 440 4378 τὴν
507 4308 733 4362 Ἐλλάδα
801 4310 1128 4381 μεταϐάλλει
1196 4312 1427 4383 φωνήνο
1468 4312 1754 4382 δηλοῦντος
1819 4313 1914 4367 τοῦ

336 4402 523 4468 λόγου.
562 4401 636 4463 ὡς
663 4403 762 4454 οὐκ
787 4402 905 4455 ἔστι
939 4406 1165 4472 γνήσιον
1192 4404 1446 4471 γενέσθαι
1470 4405 1795 4473 Χριστιανὸν
1822 4406 1915 4457 τὸν

411 4548 455 4579 ⁸ο
495 4544 641 4603 Psal.
693 4565 816 4615 Liv,
863 4549 1083 4605 10-12.

2020 1924 2313 1992 probitatis
2346 1923 2519 1987 venti,
2558 1921 2875 1989 frequentes
2905 1930 3251 1989 peccatorum
3289 1923 3478 1985 undas,
3509 1924 3599 1975 alii

2018 2026 2141 2086 post
2170 2015 2307 2070 alios
2337 2015 2694 2070 Ieutationttm
2722 2013 2937 2075 fluctus,
2965 2029 3083 2082 quaa
3105 2023 3292 2067 contra
3325 2030 3424 2068 nos
3452 2030 3601 2068 com-

2020 2116 2200 2162 movet
2229 2108 2461 2178 agrestis
2490 2107 2577 2161 ille
2611 2118 2800 2162 taurus
2834 2107 3193 2176 intelligibilis
3220 2147 3235 2172 ,
3278 2108 3367 2176 qui
3406 2122 3599 2162 vecor-

2020 2202 2165 2254 diatn
2195 2200 2352 2268 quasi
2385 2199 2670 2269 conjugem
2711 2199 2920 2252 habens
2949 2240 2962 2264 ,
3007 2200 3193 2252 urbem
3221 2199 3383 2253 etiam
3414 2202 3602 2253 condit

2019 2291 2220 2359 iniquis
2249 2291 2505 2359 operibus
2551 2301 2608 2344 ttt
2659 2291 2852 2345 incolis
2909 2290 3329 2361 frequentatain.
3388 2292 3461 2347 De
3496 2308 3599 2362 qua

2017 2383 2267 2453 profecto
2315 2383 2517 2438 cecinit
2565 2381 2810 2435 Psalmus
2854 2400 2867 2435 :
2904 2402 2921 2433 ι
2958 2381 3078 2436 Vidi
3121 2383 3462 2452 iniquitatem
3491 2424 3507 2448 ,
3548 2395 3601 2437 et

2017 2474 2505 2529 contradictionem
2564 2473 2614 2527 in
2661 2474 2881 2528 civitate
2927 2490 2940 2526 :
2992 2482 3046 2527 et
3096 2471 3249 2526 labor
3292 2472 3343 2527 in
3416 2474 3595 2528 medio

2016 2562 2132 2631 ejus
2154 2604 2169 2627 ,
2202 2573 2257 2619 et
2294 2564 2560 2633 injustitia
2588 2602 2603 2626 ,
2632 2573 2679 2618 el
2721 2564 2774 2617 in
2805 2562 3001 2632 plateis
3033 2562 3149 2632 ejus
3176 2579 3343 2617 usura
3365 2606 3378 2626 ,
3418 2572 3472 2618 et
3505 2565 3599 2618 do-

2016 2656 2097 2711 lus
2124 2657 2192 2713 '°.
2218 2675 2236 2708 ι
2267 2654 2432 2710 Vides
2461 2657 2738 2708 civitatem
2768 2656 2908 2709 tauri
2938 2664 2989 2709 et
3024 2655 3244 2721 manias,
3280 2670 3385 2709 non
3410 2670 3597 2718 sensu,

2015 2753 2109 2807 scd
2142 2760 2323 2804 mente
2355 2758 2689 2817 perceptam,
2719 2747 2785 2800 ad
2805 2762 2963 2816 quam
2981 2747 3329 2801 habitandam
3358 2747 3596 2801 damnati

2017 2840 2245 2897 smnus?
2276 2839 2330 2893 Iit
2366 2840 2466 2893 hac
2502 2839 2668 2908 igitur
2697 2837 2860 2891 delati
2893 2837 3197 2891 elllciamur
3222 2836 3330 2892 alio
3362 2840 3596 2907 quodam

2014 2928 2175 2987 modo
2207 2927 2516 2991 Pancratii,
2567 2925 2823 2979 nimirum
2875 2923 2927 2978 in
2965 2938 3155 2979 omnes
3191 2925 3600 2993 pertubationes

2015 3019 2179 3072 animi
2211 3016 2574 3072 dominantes.
2615 3014 2696 3067 lta
2732 3015 2875 3068 enim
2912 3028 3007 3068 eas
3035 3023 3091 3066 ut
3123 3024 3330 3071 statuas
3362 3014 3412 3068 in
3442 3015 3599 3071 nobis

2016 3107 2313 3161 insidentes
2339 3145 2354 3171 ,
2384 3104 2542 3174 quasi
2586 3104 2843 3158 Pbalcum
2873 3142 2888 3167 ,
2933 3112 2987 3157 et
3024 3102 3253 3173 Lyssum
3276 3142 3294 3169 ,
3330 3105 3598 3159 Scaman-

2020 3200 2290 3266 druinquc
2326 3198 2704 3250 demolientur.
2743 3196 2860 3248 Erit
2885 3205 3062 3249 autem
3093 3195 3323 3250 I’halcus
3353 3211 3470 3265 qua:
3500 3214 3600 3252 nos

2020 3292 2087 3343 ad
2139 3289 2476 3357 peccandum
2526 3288 2784 3354 cogitatio
2837 3287 3107 3355 pertrahit
3154 3304 3169 3341 :
3229 3284 3433 3357 Lysson
3470 3302 3599 3343 vero

2022 3380 2240 3436 rabiosa
2282 3378 2675 3448 appetitionum
2706 3391 2740 3431 α
2779 3377 2990 3432 ratione
3024 3377 3356 3433 discordium
3390 3393 3597 3434 cont-u-

2020 3482 2304 3553 piscentia.
2363 3481 2737 3537 Scamandrus
2781 3495 2914 3536 vero
2968 3482 3049 3535 vis
3098 3481 3428 3548 irascibilis,
3479 3499 3600 3554 qua:

2019 3584 2185 3638 veluti
2221 3596 2387 3637 cavea
2410 3619 2426 3645 ,
2460 3590 2515 3634 et
2547 3580 2689 3633 lucta
2724 3578 2904 3634 virilis
2936 3587 3021 3634 est
3071 3578 3428 3636 fortitudinis.
3472 3580 3599 3637 lla‘c

2018 3677 2181 3747 igitur
2223 3674 2366 3729 idola
2413 3673 2480 3725 ab
2538 3674 2722 3726 anima
2771 3671 3173 3737 deturbemus,
3224 3683 3445 3743 tresque
3475 3674 3598 3743 ejus

2018 3770 2308 3824 facultates
2361 3766 2565 3836 optime
2610 3766 2995 3835 perpurgando
3057 3764 3256 3820 multos
3316 3766 3383 3820 ad
3437 3782 3595 3821 sacra

1978 3874 1981 3875 '
2020 3860 2269 3914 obeumla
2305 3856 2562 3927 mysteria
2585 3896 2600 3920 ,
2632 3855 2974 3924 salutemque
3021 3853 3371 3911 obtinendam
3420 3858 3596 3912 addu-

2018 3964 2229 4006 cemus.
2286 3947 2419 4001 Nam
2450 3957 2502 4000 et
2534 3945 2624 4014 qui
2659 3945 2713 3997 in
2759 3946 3053 4012 impietatis
3081 3946 3304 4002 civitate
3334 3959 3593 4017 praesunt,

2019 4044 2124 4097 hoc
2153 4051 2236 4097 est
2271 4037 2620 4109 improbitate
2650 4036 2975 4104 praecellunt
3001 4078 3015 4102 ,
3063 4038 3114 4090 in
3147 4039 3377 4093 salutem
3408 4044 3592 4095 voc-ari

2019 4142 2245 4202 possunt
2274 4172 2290 4196 ,
2347 4129 2509 4183 modo
2543 4126 2806 4182 Bonifacii
2846 4128 2998 4196 prius
3023 4132 3277 4185 evadant.
3311 4131 3421 4187 lloc
3451 4135 3594 4188 enim

2021 4241 2219 4281 uoinen
2247 4224 2427 4292 signat
2471 4236 2594 4275 eum
2627 4220 2721 4289 qui
2759 4218 3052 4281 benefacit,
3084 4222 3129 4275 si
3171 4223 3295 4291 quis
3344 4224 3595 4279 Latinam

2022 4317 2352 4372 notationem
2383 4323 2587 4382 spectet
2613 4330 2627 4367 ς
2663 4327 2765 4381 qua
2802 4326 2934 4368 sane
2961 4329 3094 4369 voce
3119 4316 3458 4386 signiﬁcatur
3490 4334 3596 4372 non

2022 4425 2181 4477 posse
2207 4423 2328 4462 eum
2362 4405 2734 4461 Christianum
2765 4418 2892 4457 vere
2929 4405 3159 4471 censeri,
3196 4408 3286 4478 qui
3317 4408 3596 4464 benefacta

1576 4645 1894 4709 Francisei
1925 4649 2133 4709 Scorsi
2167 4654 2355 4707 noue.

341 4772 486 4841 quod
526 4770 624 4824 viri
694 4771 995 4839 gravissimi
1038 4772 1320 4841 sanctique
1385 4772 1635 4827 factitare
1689 4774 2147 4832 consne-Dcum
2197 4773 2340 4826 idolo
2394 4769 2760 4833 Scamandro;
2820 4768 2994 4841 D_iana
3046 4770 3143 4823 dea
3205 4766 3428 4823 "crauis
3479 4770 3594 4836 ﬁlia

340 4852 557 4905 verunt,
597 4852 841 4894 veterum
874 4844 1083 4897 fabulas
1114 4844 1179 4896 ad
1231 4859 1409 4897 mores
1442 4845 1802 4902 traducentes,
1855 4842 1909 4895 in

339 4916 537 4982 quibus
573 4922 655 4965 est
700 4911 997 4981 μυθολογία
1040 4913 1100 4967 S.
1155 4912 1419 4980 Fulgentii
1473 4912 1772 4981 Rusepensis
1792 4914 1906 4979 epi-

340 4984 511 5048 sc0pi,
543 4997 704 5048 quam
735 4984 869 5050 lege.

414 5052 523 5123 (l7)
566 5048 813 5123 f’ltalcusﬁ
840 5065 885 5105 et
929 5053 1127 5123 Lycaon
1174 5063 1223 5106 et
1257 5052 1638 5107 Scamandrus.
1675 5048 1901 5123 Nomina

341 5121 623 5184 idolorum,
649 5138 767 5190 quae
786 5122 846 5177 S.
878 5121 1193 5177 Pancratius
1214 5123 1561 5176 Tauromenii
1588 5122 1900 5187 colidepre-

343 5191 550 5256 bendit,
590 5200 645 5243 et
687 5192 754 5244 de
795 5194 991 5259 quibus
1040 5195 1211 5260 primo
1246 5197 1474 5246 adventu
1520 5193 1785 5257 insignem
1821 5194 1899 5245 vi-

340 5262 564 5315 etoriam
589 5266 899 5328 reportavit.
920 5264 973 5316 In
999 5263 1105 5317 fine
1133 5264 1368 5316 historia:
1386 5263 1725 5331 apocrypbae.
1745 5275 1904 5328 quam

340 5346 504 5400 supra
543 5331 643 5383 sub
672 5331 884 5399 Evagrii
927 5336 1145 5387 nomine
1171 5344 1386 5385 exstare
1414 5332 1672 5396 diximus,
1707 5333 1793 5400 hic
1824 5342 1908 5385 est

343 5399 612 5453 indiculus
639 5403 884 5466 deorum,
908 5420 1043 5470 quos
1067 5404 1271 5471 expulit
1300 5400 1663 5471 Tattroiuenio
1686 5400 1743 5454 S.
1771 5399 1910 5454 Pan—

340 5474 594 5542 crstius:
634 5471 862 5523 Φάλκων
893 5476 948 5525 ἐν
998 5477 1063 5542 τῇ
1118 5470 1395 5540 mpsim,
1445 5470 1675 5525 Λύσσων
1730 5472 1911 5542 ἐν.τῷ

338 5541 685 5613 inanima.
722 5543 850 5613 me.
870 5545 928 5593 εν
956 5539 1425 5613 tribuum-ww
1468 5541 1565 5613 σὺν
1598 5542 1677 5613 τῷ
1707 5539 1910 5613 eam

340 5611 699 5683 Σκαμάνδρῳ.
730 5612 801 5683 Ἠί
829 5611 930 5665 θεὰ
957 5610 1298 5683 ’ᾹρτεμιςἭ
1310 5629 1476 5683 ρωνος
1495 5611 1741 5678 θυγάτηρ
1766 5610 1907 5683 πλη-

342 5680 459 5731 σίον
504 5683 603 5747 τῆς
639 5682 994 5743 καταϐάσεως
1032 5680 1266 5735 ὑδάτων.
1311 5680 1508 5735 Phaico
1542 5683 1597 5732 in
1638 5682 1906 5734 maritimo

342 5750 552 5816 littore;
590 5750 786 5820 Lycaon
818 5754 871 5804 iu
909 5750 1210 5819 Tetraippo,
1261 5753 1392 5804 Dios
1444 5754 1499 5805 in
1552 5750 1719 5804 Elidis
1752 5753 1906 5803 domo

705 5848 977 5909 Psrnos.
1022 5848 1135 5905 Gn.
1178 5846 1495 5907 CXXXII.

2016 4844 2179 4911 juxta
2212 4849 2515 4895 descensum
2538 4855 2820 4907 aquarum.
2848 4839 2974 4894 Haec
3002 4856 3067 4893 ex
3095 4841 3183 4893 illa
3211 4842 3458 4904 historia,
3487 4857 3591 4893 non

2019 4916 2162 4982 quod
2221 4927 2339 4966 eam
2409 4914 2717 4982 universam
2749 4913 3019 4982 probem,
3069 4911 3163 4963 sed
3202 4912 3328 4979 quia
3368 4923 3599 4978 possunt

2019 4979 2071 5035 in
2108 4982 2434 5051 apocrypbis
2466 4980 2617 5051 libr_is
2649 4979 2817 5051 multa
2850 4980 2981 5043 dici,
3015 4995 3135 5047 qua:
3169 4996 3293 5034 vera
3334 4993 3479 5051 sunt.
3520 4980 3600 5035 De‘

2016 5046 2188 5107 tribus
2223 5046 2496 5121 prioribus
2548 5046 2913 5119 TbeOpbanes
2946 5046 3277 5105 mentionem
3322 5052 3409 5105 bic
3436 5050 3593 5117 facit,

2008 5130 2256 5190 quartam
2281 5122 2421 5174 silet.

2082 5194 2195 5260 (l8)
2243 5190 2325 5243 Ex
2365 5192 2571 5260 oriente
2616 5199 2792 5241 ortum
2838 5189 3111 5244 trabeatus.
3150 5190 3354 5244 Alludit
3383 5190 3449 5245 ad
3495 5205 3595 5244 vo-

2017 5258 2131 5315 cem
2171 5258 2485 5313 Ἀνατολξαν
2520 5274 2681 5326 quam
2715 5274 2877 5328 supra
2924 5270 3202 5327 posuerat,
3253 5269 3307 5312 et
3352 5260 3491 5313 forte
3526 5277 3595 5314 ett

2018 5332 2284 5385 industria
2319 5330 2613 5397 delegerat,
2648 5338 2707 5381 ut
2732 5334 2797 5380 ad
2834 5344 3012 5383 mores
3043 5330 3237 5384 melius
3272 5334 3589 5383 accbinmo-

2014 5400 2168 5455 daret
2198 5400 2497 5453 hister-iam.
2533 5398 2664 5451 Vide
2697 5408 2810 5468 not.
2835 5397 2867 5451 9
2916 5401 3283 5468 superiorem1
3311 5397 3482 5451 Porro
3515 5401 3584 5451 ad

2012 5472 2143 5525 solis
2184 5470 2410 5523 orientis
2447 5469 2657 5536 plagam
2699 5466 3001 5535 plantatuni
3054 5468 3225 5521 fuisse
3262 5466 3587 5520 Paradienm

2014 5540 2277 5594 llebraicc
2323 5538 2473 5591 Eden
2515 5541 2750 5600 dictum,
2779 5548 2992 5592 constat
3017 5554 3083 5593 ex
3112 5537 3249 5592 Gen.
3283 5552 3403 5604 cap.
3438 5551 3511 5597 Iv,
3538 5546 3594 5590 et

2011 5614 2076 5663 de
2121 5609 2276 5675 lmjus
2310 5612 2459 5661 vocis
2516 5616 2722 5677 ctymo,
2765 5616 2819 5661 et
2865 5608 3017 5677 plura
3050 5608 3157 5660 alia
3199 5622 3301 5660 non
3342 5616 3590 5677 contem-

2010 5680 2182 5732 nenda
2220 5695 2317 5747 per
2354 5675 2694 5734 occasionem
2743 5675 2909 5743 dicta,
2963 5678 3083 5731 vide
3112 5692 3278 5745 supra
3334 5678 3401 5731 ad
3433 5675 3589 5730 hom.

2006 5749 2097 5801 (ἐϋ.

2010 5784 2041 5799 Α..

3122 5839 3193 5901 32
