4074 6400
355 356 500 423 1005

1692 364 2021 425 IIOMIIJA
2065 363 2280 427 LVIII.

3495 369 3634 434 1006

348 485 609 556 νήγυριν,
656 485 776 546 ταῖς
818 485 1162 555 σωματικαῖς
1219 483 1485 551 ἀνάγκαις
1518 480 1607 536 οἷά
1661 501 1769 535 τιτι
1814 483 1940 534 πλε-

2055 480 2225 534 ﬂuunt
2266 497 2444 536 rerum
2479 486 2544 538 ad
2575 497 2772 554 corpus
2821 486 3189 557 Spectantium
3217 488 3635 544 necessitudinis

351 579 587 638 κτάναις
629 575 950 646 πεδούμενοι
992 578 1118 646 περὶ
1154 575 1251 644 τὴν
1291 576 1564 646 ἐμπορίαν
1615 575 1942 646 σχολάζουσι

354 667 561 733 μᾶλλον
601 669 632 738 ἢ
691 670 821 738 περὶ
869 668 970 738 τὴν
1009 668 1474 738 ὲκκλησιαστικὴν
1530 667 1739 735 ταύτην
1786 669 1944 721 σύνα-

353 765 479 829 ξιν’
520 763 613 816 καὶ
671 763 1061 834 ἐπορθρίζουσι
1118 763 1322 834 μᾶλλον
1389 766 1467 826 είς
1521 763 1580 816 τὸ
1642 767 1944 835 πρατήριον

351 857 503 927 ἥπερ
532 857 612 918 είς
650 855 710 908 τὸ
737 856 1054 924 εὖκτὴριον.
1075 856 1342 908 ’Έκαστοι
1370 856 1478 910 τῶν
1513 873 1570 908 τε
1605 857 1945 925 πιπρασκόν-

350 965 466 1000 των
510 949 603 999 καὶ
659 949 770 998 τῶν
814 947 1138 1016 ὠνουμένων
1179 949 1471 1018 προλαϐεῖν
1522 950 1578 1001 ὲν
1623 949 1701 1019 τῷ
1762 950 1938 1019 κέρδει

355 1039 725 1101 σπουδάζουσι
753 1039 845 1091 τὸν
872 1039 1082 1109 ἕτερον.
1127 1042 1238 1092 Καὶ
1261 1041 1289 1092 ὁ
1326 1040 1424 1109 μὲν
1451 1041 1674 1094 σπεύδει
1701 1043 1807 1111 πρὸ
1836 1042 1943 1094 τῶν

349 1131 666 1199 ὁμοτέχνων
723 1131 1116 1200 ἀπεμπολῆσαι
1171 1132 1234 1183 τὸ
1285 1133 1456 1184 ἴδιον·
1513 1135 1539 1186 ὁ
1578 1133 1635 1186 δὲ
1691 1134 1766 1202 μὴ
1809 1151 1943 1204 προ-

349 1220 628 1288 ληνρθῆναι
660 1223 790 1288 παρ’
817 1222 1004 1290 ἑτέρου
1028 1223 1164 1292 προς
1194 1221 1254 1272 τὺ
1303 1223 1549 1291 ἁρπάσαι
1574 1223 1632 1274 τὸ
1663 1224 1941 1293 χρειῶδες,

350 1313 640 1379 ἐπείγεται
670 1329 681 1340 ⁸
717 1312 872 1380 λόγος
909 1314 965 1365 δὲ
999 1315 1170 1384 αὐτῆς
1211 1316 1308 1386 τῆς
1358 1315 1689 1386 Ἐκκλησίας
1744 1318 1939 1379 οὐδείς.

362 1406 532 1458 Ἀλλά
555 1407 643 1458 τον
673 1407 752 1468 εἰς
793 1408 852 1459 τὸ
893 1407 1036 1461 θεῖον
1072 1412 1298 1479 τέμενος
1327 1409 1527 1479 δρόμον
1589 1411 1617 1462 ὁ
1652 1410 1846 1480 ἐχθρὸς
1876 1413 1940 1480 τῇ

351 1503 628 1570 προφάσει
681 1502 778 1570 τῆς
829 1503 1104 1572 ἐμπορίαις
1161 1505 1543 1575 προήρπασεν.
1593 1505 1734 1557 Ἀλλ’
1783 1505 1943 1574 ὑμεῖς

352 1593 472 1645 ὅσοι
533 1594 633 1662 τῆς
701 1599 1025 1663 σωματικῆς
1104 1598 1297 1667 χρείας
1354 1597 1452 1668 τὴν
1511 1597 1662 1651 θείαν
1724 1599 1943 1664 σύναξιν

352 1685 744 1753 προεκρίνατε,
776 1687 867 1737 καὶ
895 1685 992 1757 τὴν
1024 1687 1188 1757 εὐχὴν
1216 1687 1312 1756 τῆς
1338 1687 1568 1758 ἀκαίρου
1602 1687 1943 1756 φιλονεικίας

351 1777 792 1846 προετιμήσατε,
835 1779 934 1847 τὴν
977 1779 1364 1850 πνευματικὴν
1405 1781 1797 1851 πραγματείαν
1826 1783 1939 1834 είσ-

347 1868 604 1931 δέξασθε,
653 1871 712 1920 οὐ
747 1871 869 1922 καθ’
930 1873 1230 1940 ὁμοιότητα
1271 1873 1368 1942 τῆς
1422 1874 1688 1944 αἰσθητῆς
1735 1876 1942 1945 ταύτης

349 1957 449 2006 καὶ
485 1957 712 2026 ῥεούσης
740 1960 1126 2030 τυγχάνουσαν
1159 1976 1172 1988 '
1207 1965 1264 2013 ἐν
1294 1957 1326 2037 ᾖ
1371 1963 1540 2033 πολλὴ
1578 1967 1676 2033 μὲν
1722 1968 1754 2035 ἡ
1787 1967 1938 2032 φιλο-

347 2049 554 2112 νεικία,
593 2050 818 2122 πλείστη
868 2053 982 2122 δὲὴ
1025 2055 1310 2124 ἐπιορκία,
1368 2059 1427 2108 τὸ
1455 2057 1652 2126 ψεῦδος
1699 2060 1940 2128 σωρηδὸν

349 2142 699 2213 ἑπικέχυται,
761 2147 992 2199 ἑκάστου
1037 2151 1147 2212 τοῖς
1205 2151 1451 2214 ἐπαίνοις
1495 2152 1940 2222 ὑπερϐάλλεσθαι

348 2231 412 2282 τὸ
457 2233 613 2300 ίδιον,
665 2235 758 2287 καὶ
809 2239 1103 2304 φενακίσαι
1165 2241 1256 2293 τὸν
1329 2242 1714 2314 συναλλακτὴν
1769 2263 1942 2297 σπου-

347 2322 627 2388 δάζοντος.
685 2326 824 2380 Ἀλλ’
875 2332 905 2400 ἡ
961 2331 1195 2385 ἐνταῦθα
1245 2334 1489 2404 ἐμπορία
1549 2337 1789 2406 ἠρεμαῖα
1845 2339 1939 2392 καὶ

347 2414 577 2484 ἥσυχος,
624 2419 720 2471 καὶ
757 2419 846 2473 τὸν
892 2423 1208 2493 παρέχοντα
1254 2427 1329 2496 μὴ
1381 2427 1678 2496 ζημιοῦσα,
1724 2431 1939 2483 καὶτὸν

349 2505 699 2576 λαμὸάνοντα
776 2516 1277 2583 παρασκευάζουσα
1346 2520 1750 2590 εὐπορώτερον.
1826 2523 1939 2594 Τὴν

350 2601 724 2673 εὖαγγελικὴν
757 2606 942 2659 τοίνυν
978 2609 1194 2678 πυκτὴν
1235 2609 1672 2676 ἀναπτύξαντες,
1715 2613 1784 2666 τά
1819 2613 1940 2668 θεῖα

351 2697 748 2766 κατοπτεύσωμ
762 2715 818 2750 εν
849 2698 1027 2767 λόγια.

431 2780 975 2840 «ΕἶπενὸΚύινπσ
1052 2795 1128 2828 ητ·
1185 2794 1258 2845 ἑ·
1353 2794 1374 2804 ”
1520 2797 1746 2848 0-'-°
1805 2799 1922 2828 "-‘

535 2823 592 2836 ..
860 2807 971 2857 ρης
1017 2808 1126 2855 τη,
1216 2811 1378 2846 αυτου
1436 2815 1512 2863 μα
1555 2816 1708 2866 γάιαι,
1823 2801 1937 2850 low

349 2875 465 2943 ἐγὼ
489 2879 806 2933 ἀποστέλλω
846 2883 988 2951 ὑμᾶς
1037 2884 1111 2946 ὡς
1149 2888 1397 2954 πρόεατα
1429 2891 1485 2940 ἐν
1515 2891 1668 2960 μέσῳ
1700 2890 1934 2944 λύκων.)

351 2968 630 3040 Πρότερον
681 2971 784 3040 μὲν
824 2975 1170 3030 ἀποστέλλων
1213 2981 1339 3043 τοὺς
1389 2983 1642 3052 μαθητάς
1677 2987 1703 3036 ὀ
1745 2985 1938 3055 Σωτὴρ

351 3065 438 3123 είς
476 3061 537 3113 τὸ
571 3065 858 3134 κήρυγμα,
896 3070 1128 3138 ἀπεῖργε
1161 3071 1382 3136 τούτους
1412 3075 1490 3137 είς
1532 3077 1650 3129 ὁδὸν
1697 3077 1940 3147 βαδίζειν

2049 572 2212 626 veluti
2267 574 2477 644 laqueis
2530 576 2774 647 impediti
2811 580 2954 632 circa
3011 588 3377 634 mercaturam
3432 581 3630 652 magis,

2047 681 2208 735 quam
2245 668 2389 723 circa
2441 682 2766 725 conventum
2791 669 2938 725 hunc
2972 672 3237 727 Ecclesiae
3274 673 3634 739 distinentur,

2053 769 2106 810 et
2134 759 2198 811 ad
2239 760 2504 814 venalium
2566 778 2746 816 rerum
2785 765 2961 816 forum
2994 766 3293 818 studiosius
3317 806 3331 830 ,
3371 782 3532 835 quam
3566 769 3630 818 ad

2046 851 2315 903 orationis
2368 852 2585 903 domum
2646 854 2818 921 prima
2870 854 2991 908 luce
3043 857 3394 910 contienitrnt.
3453 854 3634 910 Unus-

2049 941 2286 1010 quisque
2322 952 2430 995 tum
2463 944 2804 997 venditorum
2852 955 2962 1000 tum
3007 958 3310 1015 emptorum
3341 949 3496 1002 alteri
3531 967 3632 1002 an-

2050 1042 2324 1089 tevertere
2353 1036 2403 1088 in
2431 1035 2688 1089 lucrando
2713 1039 2913 1091 studet.
2939 1038 3003 1092 Et
3033 1039 3118 1092 hic,
3145 1039 3364 1109 quidem
3391 1057 3628 1095 mercem

2047 1142 2199 1178 suam
2228 1126 2518 1181 divendere
2549 1139 2672 1182 ante
2713 1139 2988 1194 maturat,
3049 1147 3206 1200 quam
3245 1132 3446 1202 opiﬁcii
3481 1134 3628 1200 ejus-

2049 1219 2168 1271 dem
2248 1219 2415 1283 socii;
2468 1220 2556 1273 ille
2591 1237 2720 1275 vero
2746 1260 2760 1284 ,
2798 1239 2863 1275 ne
2891 1235 3301 1292 prmoccnpetur
3353 1224 3420 1278 ab
3459 1225 3630 1277 altero

2055 1308 2416 1364 intcrvertere
2445 1312 2788 1365 commodum
2824 1313 2924 1366 sibi
2960 1313 3201 1369 festinat.
3242 1314 3412 1384 Ipsius
3446 1326 3626 1370 autem

2057 1400 2316 1455 Ecclesiae
2348 1404 2484 1456 ratio
2503 1404 2734 1458 habetur
2749 1405 2920 1470 nulla,
2939 1408 3031 1459 sed
3060 1422 3276 1461 cursum
3298 1411 3361 1460 ad
3388 1408 3627 1461 divinum

2051 1489 2156 1543 hoc
2194 1491 2452 1561 templum
2489 1495 2798 1548 institutum
2829 1497 3216 1565 negotiationis
3253 1508 3512 1567 prmtextn
3547 1500 3632 1551 in-

2049 1583 2266 1652 tercipit
2301 1585 2577 1641 inimicus.
2607 1584 2717 1640 Vos
2753 1604 2882 1643 vero
2929 1600 3192 1659 quotquot
3224 1591 3470 1660 corporis
3501 1608 3634 1646 usus

2049 1689 2224 1728 sacrm
2256 1677 2506 1730 concioni
2541 1679 2942 1746 posthabuistis
2975 1720 2991 1746 ,
3024 1691 3077 1736 et
3123 1683 3294 1751 pluris
3332 1684 3632 1737 orationem

2049 1783 2208 1832 quam
2248 1766 2684 1834 intempestivam
2722 1771 3131 1825 contentionem
3183 1773 3508 1835 aestimatis,
3542 1789 3636 1826 ne-

2047 1857 2252 1928 gotium
2296 1859 2556 1928 suscipite
2586 1860 2827 1913 sensibili
2861 1861 2984 1915 huic
3038 1876 3100 1914 ac
3127 1859 3272 1915 ﬂuxo
3290 1877 3632 1932 nequaquam

2051 1951 2278 2005 simile:
2319 1953 2370 2004 in
2412 1966 2519 2020 quo
2546 1951 2763 2020 quidem
2795 1952 3122 2007 certationes
3165 1953 3345 2007 multa:
3372 1993 3386 2016 ,
3437 1953 3630 2007 crebra

2047 2043 2330 2112 peijntia,
2409 2044 2690 2098 mendacia
2762 2044 3192 2101 cumulatissime
3242 2055 3631 2116 cengeruntur,

2050 2153 2170 2191 eum
2212 2138 2425 2191 scilicet
2471 2137 2849 2207 unusquisque
2885 2153 2971 2192 res
3018 2153 3146 2193 suas
3197 2154 3358 2206 supra
3412 2139 3631 2192 modum

2049 2227 2312 2280 extollere
2340 2269 2354 2291 ,
2407 2237 2461 2282 et
2496 2243 2617 2281 eum
2654 2228 2745 2296 qui
2792 2244 2975 2283 secum
3013 2231 3335 2298 contrahit,
3384 2231 3635 2302 decipere

2047 2331 2280 2372 conetur
2311 2335 2324 2371 :
2363 2335 2484 2389 quae
2515 2335 2646 2374 νιϊο
2672 2321 2757 2373 hic
2786 2331 3091 2375 mercatura
3116 2330 3400 2376 exercetur
3424 2322 3630 2392 placida

2046 2422 2128 2463 est
2177 2420 2228 2463 et
2262 2411 2477 2478 quieta;
2553 2420 2606 2466 et
2642 2427 2761 2465 eum
2810 2415 2899 2480 qni
2948 2429 3062 2467 rcm
3119 2415 3374 2481 exhibet,
3433 2416 3634 2468 damno

2047 2518 2156 2556 non
2191 2504 2392 2566 allicit;
2427 2519 2549 2557 eum
2583 2519 2713 2558 vero
2762 2503 2852 2573 qui
2890 2507 3130 2575 accipit,
3162 2506 3328 2563 eﬂicit
3357 2509 3629 2563 ditiorem.

2046 2594 2218 2662 Igitur
2250 2595 2533 2665 Evangelii
2591 2596 2902 2666 aperientes
2946 2599 3189 2666 librum,
3240 2602 3422 2657 divina
3460 2601 3632 2672 inspi-

2046 2689 2259 2742 ciatntls
2293 2691 2514 2743 oracula
2541 2691 2612 2744 ⁸¹.

2125 2813 2141 2845 ι
2184 2794 2327 2848 Dixit
2358 2791 2622 2851 Dominus
2657 2799 2940 2868 discipulis
2969 2801 3083 2856 suis
3118 2819 3130 2853 :
3170 2801 3308 2856 Ecce
3347 2818 3445 2872 ego
3477 2801 3634 2855 mitto

2046 2896 2144 2934 vos
2173 2883 2315 2936 sicut
2345 2900 2474 2939 oves
2509 2887 2558 2940 in
2590 2890 2768 2942 medio
2806 2890 3079 2958 luporum.
3111 2911 3130 2944 ι
3162 2892 3320 2947 Prius
3345 2908 3479 2947 sane
3509 2909 3631 2946 cuni

2047 2969 2340 3039 discipulos
2393 2973 2656 3032 Dominus
2692 2979 2758 3032 ad
2791 2981 3192 3048 pratdicandum
3241 2985 3504 3046 mitteret,
3540 2997 3634 3034 ve-

2053 3063 2155 3118 tuit
2181 3065 2296 3133 eis,
2341 3051 2634 3135 quominus
2670 3072 2722 3124 in
2764 3073 2903 3126 viam
2943 3077 3216 3143 gentium,
3255 3087 3309 3132 et
3351 3078 3402 3132 iu
3438 3077 3630 3131 Sarna-

354 3153 550 3221 ἐθνῶν,
592 3158 687 3209 καὶ
722 3159 800 3220 είς
842 3161 996 3212 πόλιν
1047 3164 1432 3233 Σαμαρειτῶν,
1477 3171 1592 3231 τοῖς
1636 3169 1694 3232 ἐξ
1743 3173 1940 3241 Ἰερου-

2053 3155 2356 3210 ritanorum
2388 3159 2660 3214 civitatem
2694 3164 2870 3230 irent;
2923 3164 2988 3217 iis
3022 3176 3202 3220 autem
3239 3167 3396 3220 modo
3430 3169 3523 3236 qui
3563 3182 3632 3221 ex

355 3247 540 3317 σαλὴμ
577 3249 632 3302 δὲ
683 3251 867 3319 μόνοις
923 3255 1398 3322 εὐαγγελίζεσθαι.
1459 3261 1544 3315 Ἐν
1591 3249 1802 3327 τούτοις
1846 3264 1938 3318 οὖν

349 3339 541 3403 ἐθίσας
560 3341 779 3410 αὐτοὺς,
816 3345 915 3415 ἤδη
951 3346 1136 3401 λοιπον
1173 3351 1264 3404 καὶ
1286 3353 1450 3406 παντὶ
1473 3353 1550 3424 τῷ
1573 3357 1763 3426 κόσμῳ
1782 3359 1938 3412 καθί-

353 3448 514 3500 στησι
537 3433 803 3504 κήρυκας.
824 3437 975 3491 Ἐπεὶ
997 3439 1052 3492 δὲ
1075 3444 1320 3513 μιμητὰς
1340 3446 1447 3497 ἔδει
1463 3447 1715 3513 γενέσθαι
1740 3451 1940 3514 αὐτοὺς

349 3522 448 3574 τοῦ
481 3525 804 3581 διδασκάλου
824 3532 1186 3598 ἀκούσαντας,
1203 3536 1278 3598 ὡς
1311 3555 1328 3588 ι
1353 3537 1410 3591 Ὁ
1429 3537 1596 3592 θέλων
1621 3543 1742 3606 ἐμοὶ
1759 3541 1940 3595 διακο-

352 3620 466 3669 νεῖν
489 3619 631 3688 ἐμοὶ,
653 3622 1071 3692 ἀκυλουθείτω,›
1095 3630 1302 3693 ἐκεῖνος
1324 3631 1377 3683 δὲ
1409 3631 1548 3702 ἤχθη
1578 3635 1670 3686 ἐπὶ
1698 3637 1936 3706 σφαγὴν,

353 3710 433 3772 ὡς
465 3712 764 3782 πρόϐατον,
802 3718 947 3770 κατά
981 3719 1080 3789 τὴν
1117 3721 1212 3772 τοῦ
1258 3723 1484 3776 Ἡσαΐου
1538 3728 1938 3798 προαναφὼνηε-

356 3816 467 3864 σιν,
507 3803 595 3856 διὰ
624 3805 783 3858 τοῦτο
813 3807 1029 3876 ἐξάγων
1057 3811 1254 3875 αὐτοὺς
1299 3814 1379 3877 είς
1413 3815 1472 3866 τὸ
1514 3820 1797 3888 κήρυγμα,
1833 3838 1939 3871 πα-

355 3900 553 3966 ραινεῖ,
595 3897 669 3960 ὡς
704 3900 874 3972 ἄρνας
913 3901 1098 3966 λύκοις
1126 3907 1689 3978 συναναστρέτεσθαι.
1731 3929 1748 3960 ι
1798 3911 1936 3963 Ἰδοὺ

353 3986 466 4053 ἐγὼ
496 3989 814 4044 ἀποστέλλω
850 3994 996 4063 ὑμᾶς
1041 3995 1117 4058 ὡς
1153 3997 1405 4066 πρὸεατα
1430 4001 1488 4054 ἐν
1522 4002 1672 4070 μέσῳ
1699 4001 1932 4056 λύκων.»

358 4082 514 4154 ’ᾙδει
559 4087 690 4156 γάρ,
727 4086 846 4156 ᾔδει
877 4087 951 4151 ὡς
990 4091 1427 4162 ὲπεισφρήσουσι
1466 4099 1607 4150 κατὰ
1647 4099 1741 4149 τοῦ
1775 4097 1942 4168 κηρύ-

352 4192 562 4244 γματος
583 4179 844 4249 βασιλεῖς,
868 4183 965 4236 καὶ
984 4185 1272 4254 ἡγεμόνες,
1294 4189 1391 4240 καὶ
1407 4188 1660 4260 τύραννοι
1679 4194 1940 4247 κατάτῶν

354 4271 614 4338 κηρύκων
645 4271 721 4336 ὡς
755 4272 908 4326 λύκοι
961 4276 1144 4346 ἄγριοι
1198 4283 1500 4347 χαίνοντες,
1536 4283 1632 4334 καὶ
1661 4283 1940 4352 θηριωδῶς

353 4363 819 4433 ὲπιθρώσκοντες.
879 4368 1004 4431 Πῶς
1048 4369 1167 4436 οὖν,
1209 4375 1368 4439 φησι,
1396 4372 1602 4426 τούτων
1639 4379 1938 4447 περιγενή-

355 4461 514 4510 σεσθε
541 4476 558 4525 ;

435 4699 452 4731 ι
487 4683 709 4736 Γίνεσθε
741 4685 996 4755 φρόνιμοι
1032 4685 1107 4749 ὡς
1137 4688 1184 4739 οἱ
1226 4688 1428 4756 ὄφεις.»
1481 4690 1571 4759 Μὴ
1601 4689 1938 4760 θορυϐείσῗω

354 4781 412 4833 δὲ
456 4780 564 4834 τῶν
605 4783 974 4854 φιλοχρίστων
1021 4785 1184 4854 ἀκοὴ,
1237 4787 1320 4838 ὅτι
1365 4787 1769 4856 ἀπεμεραίνοντι
1815 4789 1938 4860 ζώῳ

356 4874 744 4943 ἐξομοιοῦσθαι
804 4879 920 4938 τοῖς
954 4876 1230 4946 μαθηταῖς
1271 4879 1533 4932 νουθετεῖ.
1566 4880 1733 4941 Αὐτὸς,
1769 4883 1877 4952 γάρ
1915 4886 1943 4935 ὁ

356 4966 549 5038 Σωτὴρ
588 4967 666 5038 τῷ
725 4969 1095 5041 κρεμασθέντι
1144 4973 1202 5024 ἐν
1253 4973 1316 5041 τῇ
1372 4973 1567 5044 ἐρήμῳ
1614 4976 1938 5048 χαλκοχύτῳ

355 5059 480 5126 ὄφει
535 5063 728 5116 ἑαυτὸν
779 5065 1050 5134 ὁμοιῶσαι
1105 5066 1165 5118 οὺ
1224 5068 1608 5138 παρῃτήσατο.
1654 5069 1811 5124 Ἐπεὶ
1842 5070 1937 5125 οὖν

357 5153 672 5207 ἐστέλλοντο
703 5156 840 5225 πρὸς
873 5156 936 5208 τὸ
966 5159 1252 5227 κήρυγμα,
1295 5159 1432 5210 ὅπου
1458 5162 1621 5231 χρεία
1654 5164 1845 5232 σοφίας
1870 5163 1938 5238 ἦν

359 5245 498 5314 πρὶς
547 5247 606 5298 τὺ
654 5251 840 5300 πεῖσαι
896 5249 1022 5311 τοὺς
1073 5249 1481 5318 ἀντιλέγοντας,
1546 5258 1833 5324 μιμεῖσθαι
1879 5261 1984 5313 τὸ⁷

360 5341 622 5409 φρόνημα
647 5339 742 5394 τοῦ
782 5343 962 5410 ὄφεως
1005 5342 1356 5414 ὑποτίθησιν.
1393 5345 1603 5416 Ὥσπερ
1643 5350 1752 5422 γὰρ
1785 5353 1842 5403 ὲν
1873 5357 1938 5423 τῇ

433 5499 475 5530 ⁸⁸
513 5499 698 5555 Matth.
737 5518 805 5566 x,
845 5501 908 5556 16
939 5518 1093 5574 seqq.
1169 5503 1214 5537 "
1253 5505 1410 5562 Joan.
1447 5525 1554 5572 xu,
1585 5509 1676 5564 ‘26.

1754 5511 1800 5542 ⁸³
1821 5510 1926 5566 lsa.
1963 5512 2058 5569 Lm
2083 5557 2096 5582 ,
2135 5519 2186 5572 7.

2049 3248 2424 3320 Hierosolyma
2463 3266 2647 3308 essent
2673 3297 2688 3321 ,
2737 3255 2879 3310 ferre
2933 3257 3282 3328 Evangelinm
3317 3261 3502 3314 voluit.
3541 3259 3630 3314 lti-

2048 3353 2129 3396 ter
2163 3342 2261 3398 lios
2297 3343 2462 3412 igitur
2495 3345 2657 3417 393
2689 3364 2783 3403 eos
2816 3350 3173 3418 assuefactus,
3210 3368 3488 3421 praecones
3517 3355 3630 3423 jam

2047 3433 2115 3485 in'
2158 3446 2440 3502 posterum
2491 3441 2638 3493 orbis
2692 3443 2932 3497 universi
3001 3448 3308 3501 constituit.
3362 3447 3630 3514 Quoniam

2043 3540 2174 3578 vero
2221 3527 2526 3583 imitatores
2559 3546 2655 3585 eos
2712 3533 2826 3587 licri
2881 3537 3122 3603 magistri
3179 3538 3446 3603 decebat,
3483 3551 3634 3607 post-

2043 3633 2204 3687 quam
2256 3619 2389 3674 illud
2445 3623 2765 3678 audissent:
2812 3643 2833 3677 ι
2870 3626 2969 3692 Qui
3011 3628 3142 3682 milii
3193 3629 3510 3697 ministrat,
3545 3651 3634 3686 me

2044 3725 2302 3779 sequatur
2333 3713 2414 3776 ",
2457 3733 2474 3764 ι
2517 3717 2629 3782 ipse
2679 3727 2856 3770 autem
2913 3728 3169 3787 tanquam
3218 3723 3338 3775 ovis
3379 3724 3444 3777 ad
3480 3728 3630 3779 oeci-

2045 3804 2253 3855 sionem
2305 3815 2388 3857 cst
2434 3806 2666 3874 ductus,
2725 3807 2879 3877 anIa
2917 3809 3067 3865 Isaia:
3122 3814 3528 3879 pia-dictionem
3561 3818 3630 3879 ⁸³,

2045 3893 2166 3947 ιιι-ο
2191 3935 2203 3954 ,
2241 3911 2362 3946 cum
2395 3912 2490 3948 eos
2524 3899 2707 3951 educit
2754 3901 2819 3953 ad
2860 3901 3262 3969 praedicandum
3291 3943 3304 3966 ,
3348 3909 3628 3966 admonet.

2045 3998 2102 4038 ut
2160 3994 2414 4056 tanquam
2473 4005 2602 4043 oves
2654 3993 2707 4045 in
2765 3995 2943 4046 medio
3017 3994 3266 4065 luporum
3320 4009 3629 4057 versentur.

2050 4099 2066 4130 ι
2105 4079 2245 4134 Ecce
2279 4097 2378 4151 ego
2411 4083 2568 4136 mitto
2596 4099 2695 4140 vos
2717 4086 2861 4140 sicut
2881 4101 3010 4143 oves
3036 4089 3087 4141 in
3117 4092 3297 4146 medio
3320 4091 3624 4160 ltq.u‘»rum..

2047 4172 2266 4224 Sciebat
2305 4173 2450 4226 enim
2485 4175 2728 4242 profecto
2751 4215 2766 4242 ,
2795 4178 3004 4233 sciebat
3041 4180 3279 4236 futurum
3312 4221 3326 4245 ,
3367 4195 3424 4238 ut
3461 4185 3634 4254 impe-

2045 4275 2258 4316 ratores
2283 4305 2295 4325 ,
2331 4276 2385 4319 et
2424 4268 2702 4338 principes
2729 4311 2742 4336 ,
2781 4281 2835 4325 et
2861 4273 3076 4342 tyranni
3124 4286 3312 4329 c0nlra
3357 4275 3630 4348 Evangelii

2046 4355 2490 4423 puudicatiom-m
2547 4359 2932 4430 insurgerent,
2969 4374 3026 4416 et
3076 4363 3128 4418 in
3168 4379 3447 4432 praecones
3482 4370 3633 4436 ipSns

2049 4460 2306 4515 tanquam
2341 4461 2586 4520 agrestes
2639 4452 2747 4521 lupi
2783 4453 3057 4508 inhiarent
3082 4493 3098 4517 ,
3140 4467 3194 4510 et
3229 4457 3466 4511 ferarum
3525 4477 3550 4512 r
3576 4470 3629 4512 tu

2047 4539 2310 4590 insilirent
2361 4556 2374 4590 :
2433 4556 2539 4609 quo
2583 4541 2747 4610 igitur
2798 4545 2984 4608 modo,
3021 4544 3221 4612 inquit,
3275 4545 3374 4598 hos
3398 4561 3624 4613 supcra-

2045 4627 2225 4680 bilis?

2124 4737 2141 4768 ι
2191 4720 2374 4773 Estote
2429 4722 2724 4790 prudentes
2767 4722 2907 4778 sicut
2961 4737 3264 4794 serpentes.
3305 4747 3323 4778 ι
3387 4728 3463 4784 Ne
3499 4747 3631 4784 vero

2043 4815 2444 4866 conturbentur
2467 4827 2713 4869 amantes
2741 4816 2964 4880 Christi,
3002 4833 3124 4871 cum
3161 4823 3389 4874 audiunt
3422 4827 3628 4877 muneri

2047 4902 2380 4968 discipulos,
2446 4918 2505 4956 ut
2555 4905 2760 4960 similes
2827 4907 3048 4960 animali
3102 4917 3214 4962 lam
3279 4912 3631 4968 dissentaneo

2048 4995 2303 5049 evadant.
2356 4996 2474 5063 Ipse
2517 4998 2661 5051 enim
2717 5000 2971 5055 Salvator
3021 5018 3124 5056 non
3178 5004 3501 5074 dedignatus
3549 5021 3632 5064 est

2047 5088 2212 5139 etiam
2246 5089 2482 5156 serpenti
2535 5105 2686 5144 a'neo
2718 5091 2828 5161 (Ἡ)
2866 5095 2916 5147 in
2948 5109 3133 5149 eremo
3181 5114 3448 5168 suspenso
3493 5105 3628 5156 assi-

2049 5177 2239 5230 milare
2267 5180 2502 5246 seipsum
2527 5179 2596 5235 “.
2630 5182 2896 5246 Quoniam
2933 5186 3100 5255 igitur
3129 5189 3196 5242 ad
3224 5193 3628 5258 praedicandum

2048 5267 2400 5323 mittebantur
2443 5287 2455 5322 :
2503 5270 2554 5323 in
2610 5287 2718 5340 quo
2777 5291 3000 5331 munere
3048 5279 3299 5335 obeundo
3347 5283 3630 5351 sapientia:

2043 5372 2180 5425 opus
2213 5369 2329 5411 erat
2358 5401 2371 5423 ,
2429 5360 2495 5413 ad
2539 5375 2631 5415 eos
2663 5363 2754 5429 qui
2788 5368 3219 5424 contradicercnt
3252 5412 3266 5436 ,
3299 5373 3627 5427 convincen-

2266 5520 2312 5552 ⁸⁵
2337 5519 2500 5578 Joan.
2535 5539 2590 5576 Ill
2611 5563 2625 5588 ,
2663 5524 2748 5579 M.

1597 5644 1922 5706 Francisci
1961 5650 2172 5714 Scorsi
2203 5664 2391 5717 notae.

435 5764 544 5831 (24)
589 5762 1020 5854 Serpentieulcno.
1060 5763 1196 5854 Yide
1235 5765 1339 5854 Ιιρο
1385 5768 1690 5836 symbolum
1741 5771 2066 5841 explicatum
2099 5780 2165 5833 ab
2192 5779 2426 5851 ipsemet
2474 5793 2715 5854 auctore,

359 5832 428 5888 de
469 5849 650 5900 cruce,
689 5845 743 5890 et
771 5843 882 5890 not.
915 5834 986 5888 48
1017 5836 1082 5891 ad
1118 5849 1237 5890 eam
1267 5836 1415 5892 hom.

2771 5785 2918 5842 hom.
2982 5786 3036 5854 3,
3105 5803 3224 5858 quae
3292 5799 3377 5848 est
3443 5790 3623 5863 prima
