4074 6454
447 415 590 483 1017

1829 417 2163 483 HUMILIA
2205 421 2424 484 LVIII.

3574 427 3720 494 1018

525 536 650 600 Πῶς
680 531 774 590 οὖν
805 538 832 590 6
866 537 1003 606 πρὸς
1054 537 1220 591 αὐτὸν
1273 537 1430 608 ἡμῶν
1475 540 1636 610 ζῆλος
1690 542 2030 610 γενήσεται;

2213 538 2332 606 Quo
2365 541 2528 611 igitur
2560 543 2719 598 modo
2751 553 2935 598 nostra
2970 544 3036 598 ad
3082 543 3228 598 illum
3259 543 3488 600 imitatio
3528 560 3587 600 se
3619 547 3720 600 ha-

446 629 725 691 Ἐκαστος
781 629 941 697 ἡμῶν
1011 630 1127 692 υίὸς
1205 629 1539 703 Εύστοργίου
1601 634 1695 685 καὶ
1745 632 2026 704 Εὐϐούλης

444 721 587 780 ἐπὶ,
622 721 720 789 τῆς
746 720 918 785 θείας,
937 723 1100 792 φημὶ,
1126 722 1410 791 δυνάμεως
1436 723 1531 776 τοῦ
1561 724 1740 776 πάντα
1766 743 2030 793 τεκτηνα-

447 813 616 882 μένου
657 812 815 866 Θεοῦ.
865 813 1089 882 Ἐπειδὴ
1125 814 1234 884 γὰρ
1267 815 1326 865 το
1343 814 1504 866 Θεῖον
1534 814 1673 868 κατά
1703 814 1800 882 τὴν
1828 816 2024 869 ἑαυτοῦ

445 904 612 974 φύσιν
645 903 757 956 οὔτ’
801 906 971 976 ἄρρεν
1017 904 1141 957 οὔτε
1179 905 1314 972 θῆλύ
1358 906 1498 967 ἐστι,
1532 909 1623 958 καὶ
1661 908 1844 976 μήτηρ
1870 909 2026 976 ἡμῶν

444 995 666 1063 λέγεται
723 997 818 1050 καὶ
853 998 1065 1068 πατὴρ,
1109 997 1358 1066 Εύὸούλη
1396 999 1497 1068 μὲν
1532 1000 1620 1051 διὰ
1655 1000 1754 1070 τὴν
1781 1001 2026 1069 μεγάλην

445 1087 649 1157 βουλὴν
672 1088 770 1158 τῆς
798 1088 958 1158 ἡμῶν
981 1088 1348 1158 παραγωγῆς,
1381 1091 1506 1142 καθ’
1532 1090 1600 1161 ἦν
1631 1091 1806 1158 ἔλεγε·
1835 1093 2027 1158 «Ποιή-

444 1195 634 1246 σωμεν
685 1177 978 1248 ἄνθρωπον
1030 1180 1152 1232 κατ’
1195 1181 1386 1233 εἰκόνα
1430 1182 1711 1252 ἡμετέραν
1763 1183 1859 1235 καὶ
1899 1183 2022 1237 καθ’

441 1269 726 1339 ὁμοίωσιν,
764 1290 782 1321 ι
817 1271 1156 1341 Εύστόργιος
1187 1272 1244 1325 δὲ
1268 1274 1350 1325 ὅτι
1383 1273 1642 1344 τοιαύτην
1673 1274 1910 1345 στοργὴν
1945 1279 2025 1340 εἰς

441 1365 593 1434 ἡμᾶς
619 1363 946 1429 ἐνεδείξατο.
981 1365 1122 1419 ὥστε
1183 1385 1202 1418 ‹
1242 1367 1338 1419 τὸν
1370 1366 1499 1420 Υἱδν
1529 1367 1696 1420 αύτοῦ
1733 1369 1824 1422 τὸν
1868 1387 2026 1439 μονο-

441 1455 578 1525 γενῆ
634 1456 818 1509 δοῦναι
882 1458 1079 1523 λύτρον
1137 1458 1279 1528 ὑπὲρ
1330 1459 1514 1528 ἡμῶν.
1562 1478 1580 1511 ι
1643 1460 2026 1530 Παραχθέντες

442 1550 628 1602 τοίνυν
674 1550 779 1603 ύπὺ
813 1551 911 1618 τῆς
949 1550 1099 1615 θείας
1128 1551 1224 1604 τοῦ
1257 1554 1716 1622 τεχνουργοῢντος
1741 1554 2026 1622 δυνάμεως

442 1641 522 1714 τῷ
549 1644 837 1715 Εύτροπίῳ
864 1643 1296 1713 ὲδόθημεν.Νόει
1323 1646 1379 1698 δὲ
1403 1646 1491 1699 διά
1520 1648 1615 1699 τοῦ
1643 1648 1905 1716 ὀνόματος
1933 1654 2025 1700 τὸν

444 1734 789 1802 πολύτροπον
840 1736 995 1790 τόνδε
1045 1738 1181 1804 βίον,
1218 1738 1312 1791 τὸν
1348 1741 1424 1800 είς
1483 1741 1744 1792 τάναντία
1785 1742 2024 1810 μεταπί-

444 1843 651 1882 πτοντα
715 1830 813 1883 καὶ
869 1829 1212 1900 τρεπόμενον
1262 1847 1278 1862 ·
1363 1832 1421 1884 ὲν
1475 1831 1650 1901 τούτῳ
1714 1833 2021 1904 γενόμενοι,

446 1921 630 1974 ἑκοντὶ
683 1923 995 1992 γεγόναμεν
1057 1925 1472 1988 παν-εολέοντες.
1529 1899 1864 1997 Ὀτανγάρ
1942 1899 2102 1991 τιςΒ

442 2013 768 2081 διάστροφον
797 2012 896 2087 ἔχῃ
931 2016 1024 2067 τὸν
1051 2016 1194 2082 νοῦν,
1228 2017 1485 2088 καθάπερ
1508 2019 1534 2071 6
1557 2019 1698 2072 λέων
1722 2019 1823 2081 τὰς
1852 2019 2025 2088 ὄψεις,

445 2109 544 2160 καὶ
583 2107 813 2161 νεύοντα
867 2107 1008 2178 πρὸς
1057 2107 1127 2160 τὰ
1182 2109 1365 2180 πάθη,
1421 2111 1770 2180 ἀρπακτικός
1825 2130 1884 2165 τε
1936 2112 2032 2166 καὶ

447 2201 783 2272 ἀμετάδοτος
840 2197 896 2274 ᾖ,
928 2200 1003 2262 ὡς
1033 2201 1091 2254 ἐν
1117 2200 1327 2274 ὀνύχων
1357 2203 1563 2274 ἀκμαῖς
1599 2209 1664 2275 τῇ
1696 2206 1884 2278 ἀδικίᾳ
1933 2225 2032 2260 κα-

448 2293 859 2362 τασπαράσσων
886 2293 978 2345 τὸν
1002 2292 1194 2356 πέλας,
1222 2295 1532 2348 παντολέων
1560 2297 1697 2359 ἐστὶ,
1729 2298 1907 2350 πάντα
1935 2298 2030 2352 τοῦ

449 2385 664 2450 λέοντος
697 2385 765 2439 τὰ
808 2387 1016 2455 φυσικά
1067 2387 1215 2456 πάθη
1259 2387 1444 2456 φέρων
1524 2390 1588 2442 ἐκ
1631 2392 2026 2460 προαιρέσεως,

453 2478 938 2548 μεταπλασθείσης
985 2478 1094 2532 ἀπὸ
1130 2480 1229 2546 τῆς
1287 2479 1368 2541 είς
1401 2480 1535 2533 Θεὸν
1570 2482 1892 2551 ὁμοιότητος
1938 2485 2032 2537 ἐπὶ

446 2570 510 2624 τὸ
542 2569 808 2641 θηριῶδες
834 2571 930 2641 τῆς
968 2570 1206 2639 φύσεως.
1259 2570 1552 2636 Τοιούτους
1599 2574 1780 2626 τοίνυν
1823 2577 2031 2644 τυγχά-

449 2679 639 2724 νοντας
673 2662 938 2732 πρότερον
972 2662 1073 2728 μὲν
1099 2662 1264 2733 ἠθικῇ
1299 2662 1379 2716 δεῖ
1399 2664 1777 2719 νουθετεῖσθαι
1809 2667 2032 2734 φιλοσο-

447 2754 567 2824 φίᾳ,
623 2752 784 2808 ἅτινά
838 2755 977 2808 εἰσιν
1038 2753 1436 2824 Ἱπποκράτους
1502 2757 1598 2810 καὶ⁸
1661 2757 1904 2828 Γαληνοῦ
1963 2759 2031 2813 τά

449 2843 804 2914 παιδεύματα
826 2859 844 2877 ο
872 2844 1159 2898 τουτέστιν
1186 2846 1260 2908 ὡς
1295 2846 1464 2902 ἵππον
1493 2851 1720 2919 κρατεῖν
1748 2849 1808 2902 τὸ
1845 2851 2026 2919 σῶμα,

447 2937 546 2990 καὶ
600 2937 699 3001 τὰς
749 2939 932 3006 ὁρμὰς
973 2938 1165 2990 τούτου
1204 2939 1608 3008 δουλαγωγεῖν,
1661 2942 1758 2995 xal.
1793 2943 2028 3011 γαληνὸν

452 3030 571 3098 βίον
601 3029 748 3099 ἔχειν
776 3033 873 3083 καὶ
907 3030 1134 3100 ἥσυχον.
1169 3033 1267 3084 Ἂν
1315 3031 1530 3096 τούτοις
1573 3033 2027 3104 προγυμνασθῇς,

461 3121 764 3193 Ἐρμόλαός
797 3137 855 3174 σε
891 3124 1328 3193 μυσταγωγήσει
1374 3124 1443 3177 τὰ
1475 3123 1805 3193 τελεώτερα.
1847 3127 1947 3193 Εῖη
1985 3125 2029 3179 δ’

2138 629 2323 684 hebit?
2353 631 2736 700 Unusquisque
2767 643 3013 687 nostrum
3049 633 3192 688 ﬁlius
3231 633 3503 703 Eustorgii
3537 639 3621 688 est
3663 648 3722 689 et

2137 722 2394 787 Eubules,
2424 724 2639 787 divinae,
2677 727 2918 792 inquam,
2955 726 3210 794 potentiae
3257 726 3374 793 ejus
3413 725 3503 794 qui
3535 725 3719 778 omnia

2137 814 2435 868 fabricatus
2472 827 2553 868 est
2591 816 2706 869 Dei.
2735 816 2998 882 Quoniam
3030 819 3173 870 enim
3231 817 3370 870 Dens
3419 816 3718 870 secundum

2139 920 2349 960 natura?
2376 923 2487 960 snze
2518 909 2784 961 rationem
2812 924 2985 974 neque
3016 925 3130 962 mas
3160 917 3262 969 est,
3291 921 3464 976 neque
3493 907 3719 975 femina,

2136 1015 2188 1054 et
2218 1012 2391 1054 mater
2425 1014 2478 1054 et
2503 1015 2663 1070 pater
2702 1014 2888 1056 noster
2919 1002 3138 1065 dicitur,
3173 1012 3226 1055 et
3255 999 3461 1054 Eubule
3499 1001 3718 1069 quidem

2139 1102 2361 1161 propter
2407 1109 2660 1164 magnum
2703 1094 3016 1156 consilium,
3049 1109 3155 1158 quo
3195 1109 3324 1145 usus
3363 1103 3445 1145 est
3476 1094 3529 1144 in
3565 1105 3721 1145 crea-

2141 1185 2287 1239 tione
2338 1196 2543 1253 nostra,
2578 1201 2700 1240 cum
2735 1187 2908 1240 dixit:
2941 1204 2959 1237 ι
3005 1184 3292 1240 Faciamus
3327 1186 3602 1238 hominem
3652 1183 3718 1234 ad

2137 1278 2426 1348 imaginem
2457 1289 2513 1331 et
2575 1279 2984 1332 similitudinem
3038 1287 3256 1332 notram
3287 1278 3360 1340 ⁹²,
3394 1295 3413 1329 ι
3485 1277 3718 1331 Easter-

2135 1374 2254 1442 gins
2293 1389 2444 1436 vero,
2487 1374 2745 1443 quoniam
2811 1373 2973 1427 talem
3031 1388 3158 1442 erga
3216 1387 3313 1425 nos
3358 1386 3598 1425 amorem
3631 1386 3721 1426 os-

2139 1469 2328 1534 tendit,
2391 1487 2409 1518 ι
2452 1479 2511 1522 ut
2556 1467 2752 1522 Filium
2789 1483 2944 1521 suum
3006 1466 3341 1535 unigenitum
3401 1464 3554 1518 dart-t
3581 1463 3650 1529 ",
3689 1483 3708 1516 ι

2137 1562 2558 1630 redemptionem
2595 1577 2694 1628 pro
2723 1561 2901 1638 nobis.
2929 1560 3101 1629 Igitur
3134 1560 3200 1612 ab
3243 1558 3484 1611 omnium
3521 1557 3719 1625 Opiﬁce

2139 1653 2228 1706 Dei
2281 1653 2480 1706 virtute
2524 1653 2792 1719 procreati
2833 1640 3098 1720 Eutropio
3132 1651 3315 1704 traditi
3350 1664 3560 1704 sumus.
3603 1648 3723 1715 Quo

2133 1745 2357 1799 nomine
2414 1745 2730 1798 mutabilem
2789 1746 2928 1798 hanc
2979 1745 3147 1798 vitam
3207 1742 3448 1810 iutellige
3494 1758 3613 1810 quae
3667 1741 3720 1794 in

2135 1838 2470 1890 contrarium
2506 1837 2660 1890 nobis
2695 1838 2842 1890 cadit
2887 1846 2940 1890 et
2991 1836 3155 1890 vertit
3187 1855 3199 1886 :
3247 1836 3298 1888 in
3332 1835 3434 1889 hac
3463 1836 3568 1889 vita
3599 1850 3719 1889 ver-

2134 1934 2320 1978 santes
2368 1935 2563 1991 Sponle
2615 1924 2975 1977 Pantaleones
3033 1924 3327 1978 evasimus.
3380 1925 3516 1977 Cum
3575 1924 3719 1978 enim

2133 2016 2330 2086 aliquis
2369 2032 2681 2084 perversam
2740 2028 3001 2082 mentem,
3041 2017 3197 2071 sicuti
3236 2015 3323 2070 leo
3359 2027 3571 2069 torvum
3621 2016 3721 2067 ha-

2135 2109 2224 2162 bet
2250 2117 2550 2175 a~pectum,
2573 2118 2620 2160 et
2644 2108 2986 2176 passionibus
3008 2115 3359 2170 annuentem,
3395 2117 3561 2174 atque
3586 2105 3722 2157 adeo

2136 2216 2296 2268 rapax
2335 2209 2494 2253 estet
2525 2200 2606 2252 sui
2655 2209 2840 2260 tenax,
2869 2210 2929 2253 ut
2953 2199 3255 2265 proximmn
3284 2214 3378 2265 per
3399 2196 3719 2266 iniustitiam

2133 2294 2289 2362 quasi
2321 2295 2579 2362 unguium
2615 2309 2876 2346 mucrone
2911 2294 3198 2357 dilacerct,
3237 2291 3536 2346 Pantolcon
3587 2306 3723 2345 sane

2135 2394 2239 2452 est,
2268 2401 2455 2438 omnes
2506 2388 2756 2452 scilicet,
2789 2402 2909 2453 quas
2945 2386 3084 2440 leoni
3142 2386 3468 2439 naturaliter
3515 2385 3720 2445 insunt,

2138 2479 2307 2532 malas
2375 2478 2692 2532 atleetiones
2741 2481 3044 2533 voluntarie
3101 2493 3335 2548 gerens:
3369 2479 3434 2530 ad
3486 2478 3720 2530 ferinum

2136 2572 2388 2640 quiddam
2416 2587 2481 2624 ex
2515 2585 2577 2623 ea
2607 2571 2990 2634 similitudine,
3036 2583 3156 2638 qua:
3201 2586 3322 2623 cum
3349 2568 3458 2622 Deo
3488 2568 3724 2621 interce—

2137 2665 2321 2726 debat,
2354 2673 2689 2717 conintutata
2736 2674 2952 2716 natura.
2989 2661 3153 2716 Tales
3192 2661 3356 2730 igitur
3389 2661 3432 2713 si
3480 2672 3578 2713 nos
3604 2672 3726 2713 esse

2139 2761 2418 2824 contingat
2478 2758 2748 2827 principio
2813 2756 3032 2824 quidem
3117 2754 3308 2808 morali
3377 2752 3720 2821 philosophia

2139 2851 2292 2918 quasi
2335 2849 2686 2918 Hippocratis
2738 2859 2790 2901 et
2819 2846 3007 2900 Galeni
3044 2845 3345 2915 disciplinis
3385 2859 3483 2897 nos
3514 2849 3727 2913 oportet

2142 2943 2350 2997 institui
2380 2961 2394 2995 :
2426 2943 2679 2995 nimirum
2712 2951 2769 2994 ιιι
2799 2941 2851 2993 in
2881 2954 3112 3007 corpore
3165 2937 3314 2991 velut
3365 2951 3508 3005 equo
3552 2935 3727 2987 domi-

2142 3056 2356 3100 nemur,
2379 3048 2452 3104 .ut
2470 3037 2588 3106 i-jus
2613 3035 2982 3105 permotioaes
3007 3032 3316 3099 redigamus
3338 3031 3391 3082 in
3410 3029 3726 3082 servitutem

2142 3141 2197 3185 ct
2245 3129 2591 3198 tranquillam
2644 3127 2807 3179 vitam
2856 3125 3205 3193 quietamque
3255 3121 3635 3188 transigamus.
3669 3115 3724 3171 Si

447 3213 516 3266 ἂν
564 3212 865 3283 Ἑρμόλαος
894 3214 922 3266 6
954 3215 1230 3285 ἑρμηνεὺς
1270 3215 1365 3267 τοῦ
1398 3215 1554 3276 λαοῦ,
1590 3217 1618 3268 6
1649 3217 1748 3286 τῆς
1791 3215 2033 3287 Ἐκκληξ

2140 3226 2192 3276 in
2228 3223 2312 3275 his
2344 3232 2395 3274 te
2425 3231 2550 3274 ante
2569 3216 2900 3282 exercueris,
2929 3214 3248 3268 Hermolaus
3271 3220 3322 3265 te
3345 3213 3408 3263 de
3439 3207 3728 3278 perfectio-

450 3307 574 3369 σίας
604 3305 950 3370 διδάσκαλος.
980 3298 1150 3370 Οὗτος
1195 3307 1474 3372 ὑποδείξει
1529 3324 1612 3362 σοι
1645 3309 1745 3380 τὴν
1785 3310 1884 3378 τῆς
1933 3327 2038 3362 σω-

451 3397 650 3467 τηρίας
676 3397 794 3452 ὁδόν
819 3414 834 3430 ο
868 3397 965 3451 καὶ
991 3398 1070 3469 τῷ
1092 3398 1306 3469 λουτρῷ
1341 3400 1440 3470 τῆς
1480 3401 1773 3467 μετανοίας
1820 3403 2035 3454 ἀποκα-

448 3490 626 3558 θάρας
652 3507 735 3553 σε,
781 3491 903 3543 ἀντὶΙ
936 3491 1334 3552 Παντολὲοντος
1381 3494 1600 3561 ποιήσει
1648 3491 2034 3562 Παντελεήμο-

449 3599 554 3638 να·
609 3581 891 3647 ἀποξύσας
941 3584 1052 3653 γὰρ
1105 3585 1167 3636 τὸ
1219 3583 1490 3654 θηριῶδες
1542 3579 1676 3654 ἦθος
1712 3624 1726 3646 ,
1787 3585 2036 3655 μιμητὴν

452 3673 671 3742 ποιήσει
714 3672 808 3726 τοῦ
860 3673 1151 3743 ἐλεήμονος
1198 3673 1273 3736 ὡς
1330 3674 1516 3741 ἔργοις
1576 3675 1675 3745 τὴν
1732 3675 1919 3742 κλῆσιν
1951 3680 2040 3728 ὲν-

450 3764 755 3830 δείξισθαι.
788 3765 906 3819 Κᾶν
939 3767 1056 3837 ἴδῃς
1083 3767 1208 3820 τινὰ
1235 3767 1518 3837 τρωθέντα
1566 3769 1673 3820 ὑπὸ
1703 3769 1797 3822 τοῦ
1842 3769 2036 3838 νοητοῦ

449 3857 651 3925 ὖςςεως,
698 3859 794 3910 καὶ
836 3858 1220 3912 κινδυνεύοντα
1269 3861 1349 3923 εἰς
1396 3863 1640 3933 πονηράν
1671 3880 1796 3914 τινα
1837 3863 2039 3932 πρᾶξιν

453 3953 664 4015 πεσεῖν,
694 3951 986 4020 μεταδοίης
1015 3945 1091 4004 ὧν
1125 3952 1384 4023 εἴληφας,
1412 3955 1732 4026 ἐπιπάσσῃς
1767 3956 1866 4023 τῆς
1892 3955 2040 4007 διδα-

453 4042 687 4106 σκαλίας
749 4043 810 4095 τὸ
863 4045 1181 4114 φάρμακον,
1242 4046 1338 4098 καὶ
1394 4047 1614 4117 στήσεις
1671 4049 1771 4118 τὴν
1824 4051 1889 4101 ἐκ
1941 4049 2041 4117 τῆς

455 4135 732 4204 ἁμαρτίας
759 4135 986 4206 φθοράν.
1023 4136 1138 4190 Κᾶν
1167 4138 1401 4208 ἐντύχῃς
1427 4140 1537 4192 τινὶ
1567 4140 1801 4204 τελείως
1829 4141 1919 4193 τὸν
1941 4140 2040 4209 τῆς

455 4226 733 4297 ἁμαρτίας
765 4227 1026 4298 θνήξαντι
1059 4229 1314 4294 θάνατον,
1351 4232 1448 4284 καὶ
1471 4231 1663 4286 τοῦτον
1686 4232 1767 4304 τῷ
1801 4235 1902 4303 τῆς
1943 4250 2043 4302 με·

451 4315 674 4380 τανοίας
722 4318 1001 4389 φαρμάκῳ
1051 4323 1381 4391 ἀναστήσεις
1425 4321 1519 4376 τοῦ
1579 4323 1900 4394 πτώματος,
1945 4325 2044 4379 “Av

455 4407 776 4480 προσϐάλλῃ
815 4411 844 4462 6
895 4412 1088 4480 νοητὸς
1141 4412 1492 4482 Μαξιμιανὺς
1549 4416 1576 4467 ὁ
1637 4420 2045 4492 κοσμοκράτωρ

455 4501 704 4565 διάϐολος
736 4505 836 4566 τὰς
886 4502 1156 4574 βασάνους
1202 4505 1486 4575 ἐπιφέρων
1529 4506 1640 4560 τῶν
1694 4511 2041 4582 πειρασμῶν,

2146 3313 2296 3367 ribus
2327 3313 2585 3366 instruet.
2619 3307 2942 3362 Hermolaus
2976 3321 3104 3359 vero
3137 3305 3298 3357 luerit
3332 3301 3524 3369 illequi
3547 3299 3725 3369 populi

2144 3406 2414 3471 interpres
2453 3412 2558 3467 est,
2615 3400 2876 3455 Ecclesite
2922 3398 3134 3452 scilicet
3179 3395 3455 3464 magister.
3483 3391 3580 3445 llic
3633 3391 3727 3445 tibi

2143 3494 2336 3547 salutis
2381 3488 2834 3545 commonstrabit
2871 3489 3048 3540 tiam:
3080 3498 3133 3538 et
3167 3484 3394 3550 expians
3430 3496 3483 3535 te
3514 3481 3731 3534 lavacro

2143 3584 2476 3654 poenitentia:
2509 3598 2604 3651 pro
2633 3580 2962 3635 Pantaleone
2992 3579 3462 3632 Panleleemouem
3491 3572 3685 3627 elliciet
3710 3591 3724 3626 :

2141 3677 2472 3731 exscindens
2529 3675 2672 3727 enim
2703 3672 2962 3740 quidquid
3011 3680 3095 3724 est
3139 3667 3410 3727 ferinum,
3447 3665 3586 3732 eius,
3635 3663 3730 3728 qui

2142 3770 2459 3824 misericors
2510 3774 2595 3820 est
2654 3763 2844 3817 reddet
2905 3762 3262 3821 imitatorem,
3326 3758 3399 3810 ita
3453 3766 3510 3808 ut
3571 3755 3733 3808 factis

2141 3862 2466 3927 comprobes
2508 3871 2723 3910 nomen.
2758 3853 2911 3919 Quod
2953 3853 2998 3905 si
3034 3865 3192 3918 quem
3236 3847 3435 3900 videris
3468 3845 3537 3897 ab
3569 3843 3732 3896 intel-

2142 3955 2336 4023 ligibili
2402 3959 2660 4019 serpente
2726 3948 3181 4000 vulneratum‘et
3229 3939 3334 4007 iam
3393 3938 3445 3989 in
3491 3936 3732 4006 periculo

2143 4048 2377 4109 versari,
2421 4061 2486 4099 ne
2527 4045 2578 4098 in
2629 4042 2863 4112 aliqua'm
2903 4053 3124 4105 pravam
3175 4034 3390 4088 decidat
3438 4033 3730 4092 actionem,

2145 4140 2464 4210 impertiare
2504 4153 2623 4206 qua;
2654 4135 2930 4204 accepisti,
2963 4142 3017 4186 ct
3060 4132 3320 4185 doctrinae
3367 4127 3733 4181 medicamen-

2151 4244 2264 4289 tum
2297 4236 2580 4302 inspergas
2610 4239 2665 4284 et
2687 4230 2826 4283 luem
2863 4242 2892 4280 a
2923 4237 3146 4296 peccato
3197 4232 3506 4277 manentem
3541 4219 3726 4273 sistas.

2148 4329 2205 4383 Si
2236 4342 2365 4381 vero
2399 4325 2711 4395 quempiam
2760 4319 3058 4375 offenderis
3095 4316 3206 4384 jam
3261 4315 3480 4369 omnino
3527 4311 3732 4381 peccati

2147 4428 2328 4474 morte
2369 4416 2760 4476 exanimatum.
2787 4414 2930 4466 hunc
2967 4410 3133 4464 etiam
3183 4405 3518 4475 poenitentiae
3566 4400 3738 4456 medi-

2148 4511 2270 4564 cina
2293 4525 2324 4564 a
2353 4508 2506 4578 lapsu
2547 4508 2793 4560 restitue.
2827 4503 2979 4570 Quod
3004 4501 3173 4572 398
3205 4501 3248 4553 si
3282 4509 3336 4553 te
3379 4496 3736 4552 Maximianus

457 4597 722 4660 γενναίως
758 4595 1070 4664 ἀντίστηθι.
1116 4595 1440 4666 ’Υπέμεινεν
1469 4599 1496 4651 ὀ
1530 4599 1741 4668 μάρτυς
1776 4597 1905 4672 ξίφη
1947 4605 2035 4657 καὶ

2152 4603 2240 4657 ille
2270 4601 2364 4671 qui
2392 4600 2493 4654 sub
2521 4595 2933 4666 intelligentiam
2969 4593 3138 4657 cadit,
3174 4590 3455 4649 invaserit,
3481 4588 3735 4657 princeps

460 4687 780 4756 μαχαίραςο
836 4687 1081 4759 ύπόφερε
1139 4691 1204 4742 σὺ
1244 4688 1498 4757 γλώσσας
1561 4692 1913 4762 ἠκονημένας
1963 4697 2044 4760 είς

456 4775 755 4848 λοιδορίαν.
795 4776 1064 4830 Ἐσὸεσεν
1113 4779 1321 4842 ἐκεῖνος
1357 4779 1528 4850 πυρὸς
1562 4781 1745 4852 ἐρωήν
1775 4800 1788 4815 ·
1823 4784 2040 4854 ἀπομά-

461 4887 624 4940 ρανον
653 4872 719 4924 σὺ
749 4871 850 4941 τὴν
872 4869 1023 4924 ἔνδον
1059 4873 1337 4942 πυρκαϊὰν
1363 4873 1474 4925 τῶν
1517 4873 1708 4927 παθῶν
1749 4876 1842 4928 καὶ
1877 4877 2048 4947 θυμὸν

456 4961 764 5030 ἀλόγιστον,
815 4962 1010 5026 ζέοντα
1061 4966 1158 5017 καὶ
1207 4965 1613 5036 διεγειρόμενον
1669 4968 1806 5037 πρὸς
1864 4967 2047 5040 ὄρεξιν

459 5054 890 5126 ἀντιλυπήσεως.
930 5056 1030 5110 Ἂν
1060 5056 1205 5110 οὕτω
1238 5057 1432 5128 βιῲης,
1474 5059 1536 5110 ού
1579 5061 1799 5130 μακρὰν
1827 5060 1926 5135 ἔσῃ
1952 5061 2045 5114 τοῦ

463 5150 765 5220 μάρτυρος,
790 5152 885 5206 καὶ
912 5152 1075 5216 αὐτὸς
1113 5151 1359 5223 ἀθλήσας
1391 5153 1536 5206 κατά
1573 5153 1917 5224 προαίρεσιν,
1950 5154 2050 5210 καὶ

455 5241 569 5293 τῶν
619 5242 858 5296 αἰωνίων
902 5243 1126 5309 ἀγαθῶν
1195 5244 1530 5306 ἀπολαύσεις
1587 5247 1645 5297 ὲν
1707 5247 1925 5317 Χριστῷ
1969 5247 2046 5316 τῷ

465 5337 654 5408 Κυρίῳ
693 5339 854 5408 ἡμῶν
886 5356 900 5372 ·
939 5334 983 5407 ᾧ
1029 5340 1062 5410 ὴ
1104 5339 1234 5404 δόξα
1293 5341 1390 5394 καὶ
1445 5340 1506 5392 τὸ
1567 5340 1772 5412 κράτος
1829 5341 1927 5394 σὺν
1970 5341 2047 5413 τῷ

459 5427 684 5500 ἀνάρχῳ
714 5429 881 5483 αὑτοῦ
918 5432 1116 5502 Πατρὶ,
1162 5431 1255 5486 καὶ
1289 5430 1369 5501 τῷ
1395 5432 1680 5502 παναγίῳ,
1706 5431 1799 5485 καὶ
1829 5432 2044 5504 ἀγαθῷ,

461 5521 560 5572 καὶ
586 5521 842 5593 ζωοποιῷ
873 5523 1180 5594 Πνεύματι,
1224 5523 1340 5588 νῦν,
1379 5525 1473 5578 καὶ
1519 5524 1628 5588 ἀεὶ,
1676 5524 1772 5577 καὶ
1815 5527 1896 5588 είς
1919 5526 2048 5588 τοὺς

463 5612 675 5678 αίὼνας
706 5615 814 5668 τῶν
847 5615 1082 5670 αίὼνων.
1129 5615 1326 5688 Ἀμήν.

2144 4694 2354 4749 scilicet
2393 4690 2576 4744 mundi
2619 4687 2888 4751 diabolus,
2918 4691 3188 4740 tormenta
3210 4681 3570 4737 tentationum
3614 4691 3737 4732 sus-

2145 4789 2322 4843 tinens
2369 4797 2633 4856 generoso
2707 4781 2893 4834 animo
2943 4775 3169 4830 obsiste.
3217 4770 3495 4825 Toleravit
3529 4777 3736 4837 martyr

2144 4894 2302 4935 enses
2355 4889 2410 4932 et
2474 4875 2715 4946 gladios;
2751 4870 2922 4924 tolera
2977 4875 3034 4920 tu
3097 4867 3308 4934 linguas
3365 4862 3430 4914 ad
3484 4859 3732 4914 convicia

2144 4979 2423 5028 uocatas.
2472 4965 2746 5022 Exstiuxit
2795 4962 2884 5016 ille
2935 4960 3042 5013 vim
3081 4957 3255 5028 ignis,
3307 4965 3363 5010 tu
3417 4953 3731 5024 passionum

2146 5063 2292 5118 intus
2336 5058 2685 5116 aestuandum
2736 5051 3048 5109 incendium
3104 5049 3430 5118 comprime,
3487 5047 3736 5110 iramque

2146 5167 2344 5230 pra-ter
2401 5153 2666 5207 rationem
2716 5138 3162 5202 effervescentem
3213 5151 3267 5197 et
3313 5143 3380 5196 ad
3435 5137 3730 5194 ulciscendi

2146 5250 2448 5321 appetitum
2500 5256 2554 5299 te
2605 5241 2994 5298 concitantem.
3028 5239 3084 5292 Si
3137 5237 3277 5290 hanc
3319 5233 3561 5290 tenueris
3607 5233 3733 5284 vitae

2146 5341 2434 5400 rationem,
2473 5351 2579 5388 non
2609 5334 2770 5403 longe
2798 5346 2826 5384 a
2858 5342 3100 5400 martyre
3131 5327 3334 5391 aberis,
3369 5341 3493 5379 eum
3533 5332 3589 5376 et
3618 5323 3733 5389 ipse

2147 5427 2442 5487 voluntatis
2469 5427 2736 5480 electione
2767 5421 3086 5485 certaveris,
3123 5417 3454 5483 aeternisque
3488 5413 3736 5482 perfrue-

2146 5526 2222 5578 ris
2269 5523 2426 5576 bonis
2467 5521 2520 5573 in
2563 5518 2784 5572 Christo
2811 5515 3046 5572 Domino
3095 5522 3304 5576 nostro,
3337 5509 3421 5564 cui
3450 5505 3620 5577 gloria
3675 5514 3732 5560 et

2147 5624 2390 5688 potestas
2437 5627 2542 5665 una
2587 5625 2712 5666 cum
2747 5608 2910 5664 Patre
2941 5607 3059 5678 ejus
3102 5609 3326 5674 experte
3370 5596 3647 5671 principii,
3677 5605 3732 5652 et

461 5720 678 5776 sancto,
709 5721 764 5765 et
793 5712 938 5767 bono
972 5722 1027 5768 et
1057 5713 1367 5768 viviﬁcante
1398 5711 1604 5785 Spiritu
1656 5728 1798 5771 nunc
1832 5723 1886 5770 et
1911 5729 2150 5789 semper,
2177 5721 2234 5769 et
2268 5711 2323 5766 in
2363 5709 2558 5766 szecula
2590 5707 2930 5764 saeculorum
2970 5701 3161 5756 Amen.

538 5893 585 5932 ”
609 5891 746 5950 Gen.
785 5908 824 5957 ι.
849 5891 941 5948 26.
1018 5877 1065 5925 ⁵³
1099 5890 1256 5948 Joan.
1290 5905 1367 5952 tn.
1411 5891 1512 5956 16;
1546 5891 1564 5946 l
1598 5890 1756 5948 Joau.
1795 5908 1873 5958 tv,
1906 5894 1962 5950 9.
