4074 6400
334 396 473 466 1021

1693 393 2024 454 IlOMlLlA
2069 395 2230 456 LIX.

3468 386 3612 451 102-2

331 513 448 567 τῶν
487 507 699 581 νεκρῶν
732 508 1053 574 ἀναϐίωσις,
1082 508 1177 561 καὶ
1208 506 1318 559 τῶν
1341 505 1577 577 ἁλαῶνή
1613 505 1931 577 ἀνάϐλεψις,

2049 512 2359 564 miraculum
2395 518 2499 575 est,
2530 517 2587 563 ut
2623 508 2822 564 multos
2856 512 3021 563 testes
3052 506 3314 567 haberet;
3345 503 3621 572 quomodo

334 604 433 658 καὶ
467 602 569 657 τῶν
586 601 937 673 παρειμένων
956 602 989 673 ἡ
1014 601 1242 663 τόνωσις
1266 616 1282 668 ;

408 864 565 920 Μετά
602 861 761 918 τοῦτο
805 864 1174 931 ἐξετάσωμεν,
1213 863 1338 916 ὅτου
1385 864 1546 934 χάριν
1585 865 1686 916 οὐκ
1730 865 1788 915 ἐν
1831 879 1927 914 πε-

336 958 512 1023 διάδι,
558 956 673 1010 ἀλλ’
704 958 784 1019 είς
829 956 957 1027 ὅρος
999 956 1243 1009 δείκνυσι
1293 958 1393 1027 τὴν
1438 958 1700 1025 τοιαύῖην
1752 955 1930 1026 ἔμ’,εά-

338 1064 525 1113 νειαν;
555 1047 652 1099 Διὰ
678 1045 733 1098 τί
761 1046 817 1099 δὲ
854 1048 928 1117 μὴ
963 1047 1170 1108 πάντας
1208 1049 1632 1116 παραλαμϐάνει
1661 1048 1790 1109 τοὺς
1826 1065 1931 1117 μα·-

340 1139 532 1209 θητὰς,
558 1138 694 1192 ἀλλά
718 1141 845 1203 τοὺς
871 1141 1027 1192 ὲννέα
1052 1140 1389 1202 καταλιπὼν,
1409 1141 1538 1202 τοὺς
1560 1143 1710 1209 τρεῖς
1738 1141 1935 1209 μόνους

340 1232 623 1300 ἀνήγαγε;
656 1232 775 1285 Κᾶν
797 1233 946 1302 τρεῖς
973 1231 1080 1285 ἔδει
1110 1234 1391 1303 παρεῖναι,
1418 1233 1507 1285 διὰ
1533 1234 1583 1284 τί
1614 1234 1688 1301 μὴ
1717 1232 1932 1297 ἄλλους,

338 1321 483 1375 ἀλλά
518 1322 756 1394 Πέτρον,
792 1322 889 1378 καὶ
923 1323 1050 1385 τοὺς
1095 1324 1386 1378 Ζεϐεδαίου
1429 1322 1610 1386 υίούς;
1652 1325 1712 1375 Et
1746 1324 1801 1376 δὲ
1841 1325 1936 1377 καὶ

344 1414 490 1468 κατά
528 1430 651 1468 τινα
696 1414 1106 1486 μυπικώτερον
1150 1415 1306 1484 λόγον
1349 1419 1428 1479 εἰς
1465 1417 1590 1486 ὅρος
1636 1415 1740 1468 ἔδει
1784 1415 1936 1483 γενέ-

342 1506 474 1560 σθαι
512 1508 612 1573 τὴν
656 1507 918 1577 τοιαύτην
961 1508 1284 1577 ἐμφάνειαν,
1320 1508 1460 1573 πῶς,
1506 1507 1720 1561 πολλῶν
1767 1508 1938 1560 ὄντων

343 1598 491 1653 κατὰ
528 1599 628 1669 τὴν
672 1599 1036 1671 Παλαιστίνην
1079 1600 1289 1671 ὀρέων,
1337 1601 1659 1671 παρέδραμε
1703 1602 1764 1652 τδ
1812 1600 1938 1668 ὅρος

343 1690 552 1761 Σιγὼρ,
579 1690 672 1744 καὶ
695 1690 786 1744 τὸν
810 1691 1135 1763 Κάρμηλον,
1157 1691 1294 1745 ἀλλὰ
1320 1693 1416 1745 καὶ
1438 1693 1498 1744 τὸ
1520 1693 1622 1760 τῆς
1649 1691 1941 1754 Γαλιλαίας

343 1781 470 1853 δρος
513 1781 757 1853 παρῆκε,
794 1785 891 1837 καὶ
932 1784 995 1836 τὸ
1037 1783 1140 1854 τῆς
1178 1783 1493 1854 Σαμαρείας
1538 1782 1803 1847 ἐξέκλινε,
1846 1783 1941 1836 καὶ

2032 596 2293 650 miracula
2344 607 2539 650 uetera
2597 605 2815 665 peracta
2869 604 3016 659 sunt,
3055 596 3133 647 vel
3190 593 3509 647 revocandis
3566 592 3619 644 in

2031 688 2199 737 νῑιςιιιι
2240 687 2490 750 mortuis,
2524 687 2604 739 vel
2655 686 2992 739 restituendo
3029 684 3190 749 calcis
3222 683 3360 741 visu.
3395 681 3474 733 \eI
3512 679 3625 733 dis-

2033 776 2226 828 Stdntis
2257 793 2282 825 a
2295 786 2335 827 τι
2348 777 2483 830 ultus
2519 774 2777 829 conﬁrma
2790 774 2928 827 udis.

2107 866 2229 918 Post
2263 867 2375 920 hau-
2400 867 2771 934 exquiramus,
2817 883 2913 920 t-nr
2940 882 3043 918 non
3081 867 3132 917 in
3159 862 3449 931 campusvri
3479 863 3622 925 loco,

2036 964 2127 1015 sed
2172 963 2222 1014 in
2261 964 2431 1012 arduo
2485 972 2666 1013 monte
2711 961 2815 1014 tale
2866 959 3242 1024 spectaculum
3276 956 3619 1014 exltilmt-ril;

2035 1065 2084 1109 et
2125 1055 2281 1120 Cujus
2322 1052 2401 1106 rei
2454 1052 2628 1121 gratia
2674 1067 2777 1103 non
2819 1064 3009 1103 omnes
3041 1048 3338 1115 discipulos
3377 1046 3621 1106 adltiltel,

2036 1147 2129 1200 sed
2161 1146 2361 1199 relietis
2394 1161 2611 1206 novem,
2669 1156 2776 1197 tres
2824 1143 3085 1195 duntaxat
3128 1140 3184 1191 in
3217 1150 3450 1192 montem
3493 1138 3625 1188 edu-

2036 1235 2219 1291 xerit?
2261 1237 2402 1304 quod
2449 1236 2494 1288 si
2543 1243 2653 1287 tres
2693 1233 2854 1287 modo
2883 1233 3172 1300 oportebat
3208 1230 3495 1292 asciscere,
3528 1242 3627 1279 cur

2041 1346 2147 1383 non
2182 1331 2359 1393 alios,
2418 1328 2510 1382 sed
2566 1326 2808 1389 Petrum,
2871 1334 2926 1378 et
2960 1325 3095 1376 duos
3143 1322 3280 1375 ﬁlios
3338 1317 3625 1374 Zebedmi?

2042 1419 2183 1490 quod
2217 1420 2258 1473 si
2295 1418 2507 1473 occulta
2559 1415 2806 1485 quaedam
2844 1413 2981 1467 ratio
3031 1413 3150 1476 fuit,
3206 1428 3303 1465 cur
3352 1411 3407 1465 in
3445 1418 3627 1462 monte

2042 1510 2328 1565 Dominum
2362 1523 2626 1578 apparere
2655 1505 2980 1576 oportuerit,
3013 1503 3141 1575 quid
3175 1502 3294 1565 fuit,
3331 1502 3472 1571 quod
3500 1515 3623 1555 cum

2044 1603 2194 1658 tnulti
2248 1604 2298 1656 in
2328 1600 2614 1656 Palaestina
2646 1609 2857 1653 montes
2906 1605 3130 1659 essent,
3200 1604 3436 1659 montem
3475 1593 3634 1662 Sigor

2043 1694 2461 1761 Carmelumque
2492 1691 2864 1759 praetermisit,
2904 1696 3142 1743 montem
3190 1687 3354 1742 etiam
3397 1684 3633 1741 Galila'ae

2048 1786 2384 1855 posthahuit,
2410 1795 2462 1837 et
2489 1783 2752 1837 Samaria:
2789 1780 3105 1845 declinavit,
3126 1793 3189 1832 ac
3216 1793 3283 1832 ne
3314 1779 3366 1832 in
3392 1786 3631 1831 montem

343 1876 468 1930 οὐδὲ
496 1876 631 1946 πρὸς
657 1879 717 1929 τὸ
743 1875 870 1946 ὅρος
896 1875 1095 1946 ἀνῆλθε
1123 1876 1232 1928 τῶν
1263 1876 1514 1940 Ἐλαιῶν,
1548 1876 1684 1931 ἀλλὰ
1716 1877 1937 1930 πάντων

2049 1879 2256 1950 quidem
2314 1876 2589 1933 Olivarttm
2647 1873 2915 1938 ascendit,
2972 1873 3065 1927 sed
3119 1871 3372 1925 omnibus
3402 1869 3484 1922 his
3534 1884 3633 1922 ano

346 1965 644 2036 προέκρινε
673 1966 734 2019 τὸ
766 1965 1078 2038 Θαϐώριον;
1113 1968 1179 2020 Τί
1213 1969 1270 2020 δὲ
1308 1968 1399 2020 καὶ
1428 1968 1537 2021 τῶν
1571 1968 1869 2040 προφητῶν
1902 1971 1936 2038 ὴ

345 2056 622 2126 παρουσία
652 2054 925 2122 ἐϐούλετο,
953 2060 1045 2109 καὶ
1077 2057 1167 2110 διὰ
1197 2057 1252 2110 τί
1288 2058 1362 2128 μὴ
1394 2058 1606 2121 ἄλλουε,
1643 2059 1778 2111 ἀλλὰ
1810 2061 1940 2111 Μω-

348 2149 449 2200 σέα
499 2151 594 2201 καὶ
661 2148 849 2202 Ἠλίαν
884 2149 1235 2218 παρέστησε;
1272 2152 1440 2203 Πόθεν
1475 2151 1532 2203 δὲ
1565 2151 1614 2203 οἱ
1648 2150 1941 2203 ἀπόστολοι

345 2238 574 2301 τούτους
609 2235 751 2291 εἶναι
784 2239 1120 2307 διέγνωσανς
1145 2236 1246 2295 Ὧν
1281 2244 1391 2312 γάρ
1422 2248 1522 2306 τάς
1557 2242 1708 2311 ὄψεις
1746 2245 1941 2313 πρότε-

349 2344 445 2398 ρον
478 2329 578 2380 οὐκ
612 2326 939 2392 ἐθεάσαντο,
977 2328 1203 2389 τούτους
1239 2331 1503 2400 δυσχερὲς
1535 2328 1603 2403 ἦν
1638 2334 1939 2400 ἐπιγνῶναι

348 2420 739 2489 παραστάντας
768 2422 1055 2490 αἰφνίδιον.
1091 2423 1150 2474 ΕΞ
1180 2422 1237 2474 δὲ
1269 2424 1513 2496 ἤρκεσαν
1546 2427 1608 2476 ἐκ
1642 2425 1751 2476 τῶν
1782 2427 1943 2478 νεκά-

346 2511 458 2565 δων
503 2511 663 2582 μόνος
704 2514 943 2582 Μωῦσῆς
987 2514 1381 2584 ἀνερχόμενος,
1424 2516 1629 2570 ἄνωθεν
1670 2518 1726 2570 δὲ
1756 2518 1944 2583 Ἠλίας

349 2604 756 2675 κατερχόμενος
776 2646 791 2669 ν
824 2606 940 2669 πῶς
970 2608 1070 2660 οὐκ
1103 2607 1282 2672 ἔδοξεν
1312 2608 1544 2679 ἀρκετὸν
1576 2614 1667 2662 καὶ
1701 2613 1808 2663 ἀπὸ
1839 2614 1941 2680 γῆς

348 2691 434 2761 εἷς
473 2699 583 2750 τῶν
618 2698 881 2768 μαθητῶν
916 2700 1520 2771 παραλαμϐανόμενοςς
1561 2704 1683 2757 Ἐπὶ
1730 2705 1943 2767 τούτοις

352 2789 500 2858 πῶς,
520 2789 613 2843 τοῦ
636 2792 1338 2864 Υίοῦιμεταμορερουμένου,
1361 2795 1452 2846 τοῦ
1482 2796 1690 2865 Πατρδς
1714 2797 1768 2847 δὲ
1797 2798 1943 2850 ἄνω-

353 2884 450 2936 θεν
488 2884 930 2954 μαρτυροῦντος,
964 2886 1068 2938 οὐκ
1105 2888 1516 2957 ἐμνημόνευσεν
1552 2890 1585 2958 ἡ
1624 2888 1815 2959 Γραφὴ
1853 2891 1946 2942 καὶ

351 2975 450 3029 τοῦ
479 2977 796 3047 Πνεύματος
824 2979 1134 3049 ἀχωρίστου
1162 2978 1370 3032 τούτων
1398 2980 1768 3050 ὑπάρχοντοςς
1802 2981 1946 3035 Ταύ-

355 3084 458 3134 την
496 3069 603 3138 γὰρ
638 3069 739 3138 τὴν
773 3068 1010 3138 ἀπορίαν
1044 3069 1175 3139 ἡμῖν
1217 3069 1267 3121 οἱ
1311 3071 1765 3139 πνευματομάχοι
1810 3086 1947 3138 προ-

2043 1972 2276 2036 teposuit
2313 1967 2532 2021 Thabor
2561 1966 2584 2018 ?
2614 1966 2749 2032 Quid
2807 1978 2970 2032 porro
3024 1961 3413 2031 prophetarum
3470 1959 3638 2012 inter-

2044 2076 2233 2117 ventus
2259 2065 2359 2119 sibi
2396 2064 2603 2115 vn'uit?
2651 2070 2705 2115 et
2738 2075 2905 2129 quare
2936 2074 3044 2112 non
3077 2057 3212 2111 alios
3280 2054 3381 2109 nisi
3431 2053 3633 2107 Mosen:

2044 2169 2095 2214 et
2125 2160 2292 2212 Elian:
2327 2156 2512 2211 statuit
2545 2156 2617 2210 ῑιιί
2668 2151 3002 2225 pra-sentes?
3038 2153 3179 2204 unde
3216 2163 3349 2203 vero
3374 2164 3469 2202 eos
3500 2162 3634 2217 apo-

2044 2252 2164 2305 stoli
2221 2248 2634 2319 cognoverunt?
2686 2263 2826 2316 quos
2878 2248 3022 2301 enim
3061 2247 3125 2298 de
3172 2241 3308 2296 facie
3336 2250 3460 2293 ante
3527 2253 3632 2291 non

2045 2355 2259 2404 norant,
2315 2343 2684 2396 dillirillimum
2719 2350 2837 2395 erat
2886 2356 2981 2393 eos
3020 2355 3083 2392 ex
3120 2334 3419 2404 improviso
3471 2347 3637 2401 appa-

2050 2448 2232 2491 rentes
2263 2437 2600 2504 dignoscere.
2635 2435 2787 2500 Qnod
2824 2435 2867 2489 si
2906 2433 3038 2485 satis
3066 2431 3169 2485 fuit
3191 2444 3353 2483 unum
3385 2442 3448 2481 ex
3485 2440 3636 2479 mor-

2046 2539 2261 2584 tuorum
2290 2543 2517 2583 numero
2546 2526 2748 2581 Mosem
2783 2525 3100 2588 ascendere,
3145 2531 3196 2574 et
3228 2536 3293 2575 ex
3324 2518 3433 2571 alto
3468 2532 3636 2571 unum

2050 2625 2382 2678 descendere
2417 2622 2611 2686 Eliam,
2668 2634 2767 2673 cur
2809 2619 2974 2673 etiam
3014 2633 3121 2669 non
3155 2615 3287 2668 satis
3334 2611 3502 2665 videri
3545 2627 3641 2680 pn-

2051 2725 2189 2767 lerat
2221 2732 2354 2767 unus
2379 2730 2442 2767 ex
2484 2712 2760 2779 discipulis
2793 2718 3100 2778 assumptus
3123 2723 3152 2760 e
3184 2706 3372 2761 terra?
3413 2703 3486 2761 Αιι
3526 2707 3639 2757 hac

2049 2808 2322 2875 quomodo
2381 2807 2802 2873 transﬁgurante
2855 2818 2913 2858 se
2967 2801 3141 2864 Filio,
3179 2814 3241 2854 ac
3277 2798 3438 2852 Patre
3477 2796 3630 2850 108ιὶ-

2051 2900 2293 2951 monium
2347 2913 2584 2964 superne
2635 2897 2868 2959 dicente,
2924 2909 3029 2947 non
3097 2893 3262 2946 etiam
3316 2892 3382 2945 de
3430 2888 3635 2956 Spiritu

2052 2998 2240 3043 sancto
2286 2987 2568 3057 Scriptura
2611 2987 2941 3039 mentionem
2982 2984 3128 3048 fecit,
3171 2982 3260 3051 qui
3307 2981 3375 3034 ab
3405 2979 3512 3033 illis
3555 2986 3640 3031 est

2053 3082 2359 3136 indivisus?
2434 3082 2572 3135 hanc
2615 3080 2759 3134 enim
2815 3077 2970 3132 nobis
3012 3072 3508 3146 pneumatmnaclti,
3545 3070 3637 3136 qui

355 3158 667 3225 ϐάλλονται,
696 3159 1061 3230 ἀλλοτριῶσαι
1094 3162 1308 3230 Πατρδς
1338 3161 1434 3214 καὶ
1464 3161 1598 3214 Υἰοῢ
1629 3160 1944 3231 βουλόμενοι

2056 3177 2168 3247 (44)
2201 3192 2227 3226 a
2258 3172 2418 3229 Patre
2454 3184 2506 3227 et
2550 3173 2686 3227 F.lio
2724 3171 3061 3226 Paracletum
3100 3182 3387 3238 segregare
3429 3166 3638 3229 volunt,

355 3252 451 3304 τὸν
489 3252 866 3325 Παράκλητον.
914 3252 1132 3324 Ταύτης
1171 3254 1268 3322 τῆς
1302 3256 1602 3318 δωδεκάδος
1637 3256 1745 3308 τῶν
1781 3255 1951 3327 ζητη-

360 3346 552 3415 μάτων
580 3346 931 3419 προτεθείσης
962 3349 1114 3417 ἡμίν,
1146 3346 1278 3416 φέρε
1308 3348 1405 3401 σὺν
1432 3347 1554 3418 Θεῷ
1584 3351 1679 3402 καὶ
1704 3348 1801 3410 τὰς
1827 3348 1951 3402 τού-

356 3456 468 3493 των
496 3440 772 3505 ὲπιλύσεις
796 3442 872 3504 ὡς
899 3441 1124 3496 δυνατὸν
1154 3440 1567 3512 σαφηνίσωμεν.

430 3533 591 3597 Τίνος
632 3536 792 3605 χάριν
827 3537 859 3605 ὴ
902 3535 1208 3606 παράδοξος
1246 3537 1439 3604 γέγονε
1489 3536 1948 3607 μεταμόρφωσιςς

370 3618 591 3697 Ἐπειδὴ
620 3628 650 3678 ό
677 3626 771 3679 τοῦ
809 3627 1025 3689 Πάθους
1057 3630 1247 3697 καιρὸς
1277 3628 1580 3695 ἐγειτνίαζε
1601 3667 1616 3691 ,
1650 3631 1744 3680 καὶ
1775 3630 1807 3699 ἡ
1840 3629 1951 3683 τῶν

376 3723 651 3777 Ἰουδαίων
689 3722 1010 3776 ἐϐεϐαιιοῦτο
1053 3722 1349 3793 ἐπιϐουλὴ,
1393 3724 1487 3776 καὶ
1532 3724 1565 3793 ἡ
1610 3724 1750 3794 ὑπὲρ
1791 3724 1950 3794 ἡμῶν

360 3813 646 3884 οἰκονομία
678 3812 875 3882 ἔμελλε
908 3816 1084 3883 πέρας
1114 3813 1460 3878 εἰσδέξασθαι
1482 3853 1495 3876 ,
1529 3819 1623 3867 καί
1651 3816 1679 3867 ὁ
1715 3815 1948 3886 σταυρὸς

360 3906 466 3977 ήδη
500 3908 807 3977 ἐπήγνυτο,
841 3906 930 3959 ἵνα
968 3907 1043 3976 μὴ
1079 3909 1175 3958 καὶ
1208 3909 1257 3959 οἱ
1294 3905 1539 3976 μαθηταὶ
1573 3908 1640 3958 τὰ
1674 3907 1782 3959 τῶν
1818 3908 1952 3959 Ἰου-

358 3999 528 4053 δαίων
564 3999 790 4052 πάθοιεν
825 4001 885 4051 ἐν
918 4000 993 4067 τῷ
1031 3999 1125 4052 τοῦ
1172 3999 1383 4063 Πὰθους
1426 3999 1602 4071 καιρῷ
1640 3999 1764 4062 τοὺς
1803 3998 1953 4067 λογι-

362 4093 537 4162 σμοὺς
585 4093 1137 4163 ὐποκραδαινόμενοι,
1186 4091 1283 4145 καὶ
1325 4094 1373 4145 οἱ
1419 4094 1686 4164 πρότερον
1725 4091 1814 4145 διὰ
1853 4092 1954 4161 τῆς

358 4184 458 4238 τοῦ
513 4184 723 4256 Πέτρου
780 4184 1029 4255 γλώττης
1088 4183 1219 4236 Υίὸν
1273 4183 1410 4236 Θεοῦ
1470 4185 1950 4255 ὁμολογήσαντες,

362 4278 599 4349 ὁρῶντες
631 4278 861 4350 ὕστερον
890 4276 1457 4347 ἀνασκολοπιζόμενον
1485 4274 1559 4341 ὡς
1591 4279 1949 4347 κατάκριτον,

361 4371 519 4443 ψιλὸν
551 4376 851 4442 νομίσωσιν
886 4371 1196 4442 ἄνθρωπον,
1232 4370 1582 4442 ἐπιστηρίζει
1614 4371 1841 4433 τούτους
1875 4369 1953 4440 τῷ

363 4464 657 4536 παραδόξῳ
685 4464 949 4535 θεάματι,
986 4463 1055 4517 ἵν’
1080 4466 1207 4518 ὅταν
1237 4465 1398 4518 ἴδοιεν
1428 4465 1593 4517 αὐτὸν
1624 4464 1952 4534 προδιδόμε-

2054 3267 2449 3321 dubitationem
2481 3264 2766 3334 objiciunt.
2797 3261 2902 3316 llas
2927 3277 2957 3315 a
2990 3260 3144 3315 nobis
3172 3255 3477 3327 pI‘OpOSilﬂS
3508 3256 3642 3305 dno-

2055 3362 2231 3417 decim
2274 3358 2622 3430 quaestiones.
2672 3371 2769 3426 age
2798 3355 2907 3421 jam
2945 3352 3051 3406 Deo
3082 3350 3327 3420 juvaute,
3374 3357 3634 3417 quantum

2054 3456 2106 3508 in
2136 3454 2292 3506 nobis
2337 3452 2463 3514 erit,
2518 3451 2894 3518 expediamus.

2122 3544 2288 3616 400
2372 3542 2489 3608 Quo
2585 3540 2811 3592 consilio
2922 3536 3256 3590 admirabilis
3330 3532 3645 3602 Transﬁgit-

2054 3638 2193 3692 ralio
2272 3634 2451 3688 habita
2512 3632 2632 3685 est?
2706 3630 2972 3696 Quoniam
3057 3626 3332 3681 Passionis
3427 3634 3639 3690 tempus

2055 3724 2567 3799 appropinquabat,
2652 3729 2706 3774 et
2765 3719 3077 3775 Juda‘orum
3163 3718 3373 3771 insidia)
3437 3716 3641 3768 contir-

2055 3822 2369 3881 mabantur.
2414 3830 2467 3872 et.
2498 3833 2616 3887 qute
2663 3823 2817 3868 erant
2848 3814 2913 3867 ad
2966 3812 3195 3866 salutem
3225 3818 3464 3863 nostram
3527 3806 3644 3858 dis-

2056 3915 2226 3982 pesita
2291 3910 2354 3962 ad
2414 3907 2664 3962 cﬁecmm
2734 3907 3002 3973 [inanique
3053 3902 3394 3971 perducenda
3461 3907 3637 3957 erant,

2050 4007 2139 4077 jau
2165 4020 2269 4075 que
2298 4019 2428 4057 crux
2474 4003 2760 4072 ligeliatur,
2817 4013 2883 4052 ne
2921 3997 3202 4064 discipulis
3248 3993 3389 4048 idem
3423 3992 3633 4045 contin-

2054 4097 2383 4167 geret,§quml
2410 4094 2632 4155 Μάξυες,
2659 4110 2722 4146 ac
2748 4095 2862 4160 ipso
2893 4090 3165 4144 Passionis
3196 4096 3437 4154 tempore
3464 4093 3640 4137 meum

2056 4190 2345 4254 animoque
2373 4194 2659 4248 natarent;
2710 4192 2764 4237 et
2814 4181 2909 4252 qui
2952 4190 3078 4234 ante
3126 4177 3219 4233 Dei
3262 4178 3455 4232 Filium
3489 4175 3637 4229 illum

2057 4282 2202 4336 Petri
2234 4296 2364 4335 voce
2397 4278 2629 4332 confessi
2679 4275 2914 4340 fuerant,
2965 4282 3085 4343 post
3134 4272 3349 4326 aliixum
3404 4268 3550 4323 cruci
3585 4277 3645 4320 ut

2058 4378 2369 4431 damnatum
2402 4387 2551 4425 reum
2593 4372 2862 4427 videntes.
2896 4367 3096 4419 nudum
3136 4363 3410 4419 hominem
3456 4360 3646 4415 existi—

2057 4473 2294 4527 marent,
2348 4464 2448 4518 hoc
2489 4476 2582 4513 eos
2636 4456 2947 4513 admirabili
2989 4451 3301 4523 Spectaculo
3332 4449 3641 4519 praemuniit,

362 4573 479 4622 νον,
514 4556 608 4609 καὶ
642 4553 985 4623 ἀγωνιῶντα,
1019 4555 1113 4607 καὶ
1149 4555 1525 4625 ἀπευχόμενον
1558 4554 1619 4607 τὸ
1650 4555 1745 4607 τοῦ
1781 4554 1943 4608 θανά-

2056 4565 2114 4609 ιιι
2150 4570 2272 4609 cum
2302 4553 2478 4622 ipsum
2504 4550 2614 4617 jam
2653 4547 2923 4616 proditum
2958 4552 3013 4597 et
3063 4555 3264 4611 angore
3313 4538 3477 4591 animi
3532 4552 3646 4590 ma-

359 4667 458 4704 του
498 4654 787 4723 ποτήριον,
821 4651 917 4702 καὶ
950 4651 1029 4712 εἰς
1057 4651 1154 4719 τὴν
1186 4648 1354 4719 αὐλὴν
1384 4648 1475 4701 τοῦ
1509 4648 1813 4719 ἀρχιερέως
1849 4664 1948 4700 πε-

366 4745 750 4815 ριελκόμενον,
805 4741 1206 4812 ἀναλογισθῶσι
1262 4741 1359 4812 τὴν
1416 4744 1495 4805 εἰς
1548 4741 1608 4794 τὸ
1664 4741 1948 4812 Θαϐώριον

363 4837 614 4890 ἔλευσιν·
647 4836 743 4890 καὶ
775 4835 852 4900 ὡς
884 4836 986 4889 οὐκ
1019 4836 1084 4888 ἂν
1118 4836 1269 4889 ἄκων
1302 4834 1581 4906 παρεδόθη
1621 4834 1755 4903 πρὸς
1789 4832 1955 4886 θάνα-

361 4951 479 4999 τον,
525 4936 554 4989 ὁ
600 4935 701 5006 τὴν
745 4934 902 4998 δόξαν
947 4935 1336 5005 ἀμπεχόμενος
1384 4933 1486 5007 τῆς
1537 4931 1815 5001 θεότητος,
1863 4931 1960 4985 καὶ

364 5027 500 5092 Tib;
530 5027 667 5082 Θεοῦ
696 5028 980 5097 ἀγαπητὸς
1013 5025 1484 5097 μαρτυρούμενος.
1512 5026 1609 5078 Ἂν
1636 5024 1697 5077 τὸ
1730 5024 1949 5095 πρόσω-

364 5137 472 5177 πον
505 5121 783 5177 θεάσαιντο
820 5120 1185 5192 ῥαπιζόμενον
1226 5120 1322 5172 καὶ
1382 5119 1712 5190 πτυόμενον,
1752 5117 1951 5187 μηκέτι

365 5213 802 5268 σκανδαλισθῶσι
840 5213 938 5283 τὴν
981 5213 1120 5283 ὑπὲρ
1143 5210 1296 5283 ἥλιον
1322 5209 1591 5280 ἕλλαμψιν
1617 5207 1808 5261 τούτου
1834 5210 1954 5271 ταῖς

364 5304 614 5376 μνήμαις
652 5298 1183 5371 ἀναπεμπάξοντες·
1228 5298 1295 5352 ἂν
1338 5297 1629 5369 πορφύραν
1671 5298 1953 5369 χλευαστιο

2055 4661 2291 4719 gnopere
2315 4645 2673 4705 laborantem,
2698 4647 2752 4693 et
2773 4639 3151 4705 deprecantem
3174 4632 3395 4685 calicem
3424 4629 3639 4691 mortis,

2058 4750 2112 4795 et
2144 4750 2356 4806 raptum
2395 4736 2446 4788 itt
2480 4735 2675 4789 atrium
2703 4728 2963 4800 principis
2992 4727 3336 4781 sacerdotum
3370 4723 3637 4783 viderent,

2061 4834 2355 4886 adventum
2386 4828 2535 4881 illum
2561 4827 2612 4879 in
2635 4822 2855 4877 Thaltor
2878 4821 2929 4874 in
2955 4818 3272 4872 memoriam
3299 4823 3645 4877 revocarent,

2059 4930 2483 4992 reputarentque
2543 4931 2649 4971 non
2704 4912 2937 4967 invitum
2997 4923 3118 4964 esse
3177 4906 3432 4960 traditum
3482 4901 3642 4956 morti

2061 5032 2208 5076 eum,
2256 5012 2349 5083 qui
2382 5009 2681 5064 divinitatis
2714 5004 2885 5076 gloria
2942 5001 3199 5066 amictus,
3251 5008 3305 5051 et
3355 4995 3520 5051 Filius
3552 4994 3643 5049 Dei

2062 5108 2293 5164 dilectus
2354 5100 2660 5157 testimonio
2693 5099 3080 5163 comprobatus
3133 5100 3297 5147 esset.
3341 5089 3397 5145 Si
3450 5087 3645 5142 faciem

2062 5199 2310 5268 eulaphis
2349 5209 2543 5250 causam
2610 5203 2663 5246 ct
2694 5190 2918 5245 oblitam
2950 5187 3127 5255 sputis
3169 5186 3498 5250 aspicerent,
3533 5194 3640 5232 non

2064 5299 2381 5363 superesset
2408 5285 2722 5342 oﬂensiorris
2762 5283 2935 5349 locus,
2972 5296 3096 5336 cum
3122 5279 3461 5349 splendorem
3487 5274 3636 5329 illum

1587 5458 1914 5519 Francisci
1954 5452 2166 5518 Scorsi
2206 5456 2396 5513 nolm.

438 5579 557 5655 (44)
591 5579 1079 5655 Ρηεαηιριοηιαείιί.
1115 5579 1230 5655 Hoc
1262 5588 1347 5655 est
1391 5578 1623 5655 Spiritus
1671 5592 1950 5655 Oppugna-

364 5648 547 5715 tores,
599 5652 693 5718 qui
740 5651 1103 5707 adversantur
1143 5650 1498 5719 ldaspltemiis
1535 5648 1650 5704 suis
1705 5648 1947 5715 Spiritus

2059 5567 2565 5634 Pnenmatomachi,
2602 5568 2831 5636 quodeo
2864 5566 3104 5621 viderem
3132 5577 3263 5617 usos
3286 5563 3443 5636 alios
3461 5562 3630 5636 adeo-

2055 5659 2158 5705 que
2209 5642 2503 5697 Latinitate
2552 5633 2831 5693 donatum.
2889 5636 3028 5691 Alibi
3063 5649 3203 5705 vero
3224 5634 3387 5687 etiam
3424 5633 3630 5705 placuit

363 5703 543 5777 ὲὲὶιῐιέ
575 5703 1146 5791 divinitati?auorum
1183 5703 1563 5791 Itaeiesiarcltze
1596 5703 1948 5791 Macedonius
2036 5703 2185 5773 iiullil
2223 5712 2567 5791 _describere
2619 5709 2885 5780 pluribus,
2961 5708 3030 5762 ita
3069 5704 3334 5759 orationis
3376 5703 3640 5759 varietate

366 5792 776 5858 Euttomiusque
804 5787 1040 5846 fuerunt.
1076 5788 1209 5844 Vide
1228 5800 1345 5843 not.
1375 5789 1469 5849 85,
1505 5792 1650 5843 ltom.
1675 5787 1763 5842 56.
1803 5788 1945 5842 Usus

365 5872 555 5919 autem
592 5864 772 5934 potius
828 5878 949 5917 sum
994 5862 1162 5918 verbo
1216 5858 1413 5915 Latino
1454 5874 1522 5915 ex
1571 5860 1759 5915 Graeco
1801 5858 1945 5914 iactu

2057 5783 2388 5841 postulante.
