4074 6434
415 362 557 431 1023
1633 350 2025 413 THEOPHAD

2168 350 2510 412 CERAMEI
3546 338 3683 405 1024

414 480 545 536 solis
575 477 697 534 luce
724 475 1011 532 clariorem
1056 469 1575 531 reminiscerentur;
1610 466 1652 522 si
1693 481 1988 536 purpuram
2024 514 2025 519 η

2128 463 2208 526 ῶς
2243 460 2684 532 χλαινιζόμενον,
2728 457 2894 513 αὐτὸν
2934 453 3076 510 εἶναι
3122 453 3457 510 πιστεύσωσι
3497 452 3587 505 τδν
3629 456 3689 507 ἑν

414 587 514 642 per
549 584 817 626 smnmum
853 565 1139 621 ludibrium
1194 562 1269 616 illi
1295 560 1720 631 circumiectam,
1747 559 1996 615 eumdem

2128 556 2180 626 εῷ
2208 556 2328 625 δρει
2356 552 2719 624 περιϐαλόντα
2742 550 2804 606 τὸ
2832 549 2947 619 φῶς
2972 549 3047 615 ὡς
3078 549 3292 619 ἱμάτιον
3315 563 3329 577 ·
3359 546 3425 601 ἂν
3450 547 3506 601 ὲν
3538 547 3690 617 μέσῳ

423 639 607 720 tamen
657 662 982 722 crederent,
1040 656 1131 725 qui
1194 655 1248 709 in
1292 658 1477 707 monte
1526 650 1750 705 indutus
1810 648 2002 703 fuisset

2128 651 2198 704 ῖύο
2246 648 2573 716 κακούργων
2623 644 2704 715 τῷ
2757 644 2920 715 ίκρίῳ
2977 639 3473 714 προσπηγνύμενον
3498 639 3689 703 αὑτὸν,

422 754 630 809 lumine
661 752 804 808 sicut
834 749 1193 811 vostimento;
1243 743 1288 800 si
1323 745 1465 797 inter
1497 743 1630 796 duos
1668 739 2003 795 facinorosos

2128 738 2486 808 ιατανοήσωσι
2518 735 2610 788 τὸν
2643 735 2702 786 ὲν
2740 733 2887 803 μέσῳ
2937 731 3184 792 Μωσέως
3224 728 3322 781 καὶ
3387 726 3571 780 Ἠλίου
3615 725 3694 789 ὼς

420 845 667 900 homines
697 843 750 896 in
783 839 1029 911 patibulo
1060 836 1353 901 confisum,
1401 832 1650 888 eumdem
1699 844 1819 885 esse
1846 845 2006 899 repu-

2128 835 2386 905 ιεσπότην
2405 831 2872 903 δορυφορούμενον
2893 847 2907 863 ’
2932 829 3001 884 ἂν
3021 830 3078 881 ἐν
3099 830 3165 899 τῇ
3193 830 3262 897 γῇ
3288 826 3365 891 ὡς
3384 824 3576 894 νεκρὸν
3598 841 3696 876 κα-

368 923 397 989 ί.
422 945 618 1000 tareut,
647 935 737 1005 qui
774 934 826 987 iu
856 931 1014 986 Mosa:
1058 938 1112 985 ct
1166 929 1294 983 Elia:
1324 927 1502 980 medio
1530 935 1785 993 tanquam
1823 921 2008 975 Domi-

2128 928 2476 996 wmépsvov,
2505 926 2609 995 τῆς
2641 923 2910 996 φωτεινῆς
2943 923 3176 990 νεφέλης
3210 918 3560 991 ἔνθυμηθῶσι
3595 917 3695 985 τὴν

398 1012 528 1084 ἠιιε
561 1025 816 1082 satellitio
849 1024 1085 1093 stipatus
1118 1018 1459 1091 apparuisset
1488 1039 1501 1072 :
1554 1017 1599 1070 si
1647 1016 1699 1069 in
1748 1023 1888 1069 terra
1915 1028 2005 1067 se-

2128 1019 2449 1073 ιπισκίασιν.
2480 1018 2582 1071 Διά
2609 1017 2783 1071 ταῦτα
2822 1017 2917 1085 μὲν
2945 1014 3040 1069 οὖν
3067 1015 3101 1085 ἡ
3139 1014 3563 1084 μεταμόρφωσις
3599 1011 3695 1078 γέ-

429 1117 661 1187 pultum,
724 1123 782 1168 ut
820 1127 987 1166 unum
1043 1126 1109 1165 ex
1166 1107 1417 1172 mortuis,
1468 1103 1804 1174 splendidam
1862 1102 2006 1156 illam

2128 1122 2257 1175 γονεο
2290 1106 2435 1175 τάχα
2467 1106 2525 1159 δὲ
2560 1110 2655 1160 καλ.
2688 1105 2875 1176 ἐπειδὴ
2913 1103 3194 1174 παραινῶν
3227 1105 3254 1156 ὁ
3289 1103 3502 1173 Σωτὴρ,
3537 1101 3698 1169 ἀφει-

428 1210 625 1263 uubcm
658 1213 934 1262 versarent
962 1203 1164 1266 animo,
1203 1215 1231 1253 a
1264 1214 1368 1267 qua
1410 1198 1626 1252 fuerant
1675 1195 2006 1249 obuznbrati.

2128 1202 2219 1252 ἱεῖν
2248 1198 2341 1252 τοῦ
2364 1198 2618 1267 σώματος
2647 1197 2985 1268 προέτρεπε,
3013 1196 3191 1265 λέγων
3214 1209 3226 1224 ·
3271 1213 3292 1247 ι
3324 1196 3515 1257 Ὅστις
3545 1193 3695 1248 θέλει

425 1295 532 1351 llas
560 1297 739 1364 itaque
762 1295 831 1348 ob
858 1306 1052 1347 causas
1086 1288 1525 1360 Trausfrguratio
1562 1285 1702 1340 facta
1738 1295 1843 1340 est.
1871 1283 2008 1340 For-

2128 1288 2288 1343 5πίσω
2342 1305 2444 1359 μου
2494 1287 2827 1347 ἀκολουθεῖν.
2874 1286 3285 1357 ἀπαρνησάσθω
3334 1283 3548 1349 ἑαυτὸν,
3601 1286 3697 1337 καὶ

426 1405 527 1445 san
566 1389 752 1450 etiam,
783 1386 931 1456 quia,
968 1398 1090 1439 eum
1125 1380 1379 1437 Salvator
1409 1383 1551 1434 inter
1594 1378 1915 1441 docendum,
1951 1386 2011 1432 ut

2128 1382 2303 1452 ὶράτω
2334 1379 2426 1435 τὸν
2459 1380 2690 1451 σταυρὸν
2723 1379 2892 1433 αὐτοῦ
2914 1421 2928 1444 ,
2966 1380 3059 1432 καὶ
3103 1377 3468 1435 ἀκολουθείτω
3513 1391 3626 1449 μοι’
3671 1395 3691 1428 ›

423 1496 492 1534 ne
522 1480 735 1548 corpori
774 1484 1080 1545 parcerent.
1121 1474 1369 1528 hortatus
1413 1457 1497 1526 bis
1549 1470 1731 1525 verbis
1783 1468 1958 1524 fuerat
1990 1484 2009 1523 :

2128 1469 2377 1541 Ξυσχερὲς
2414 1468 2471 1522 δὲ
2504 1468 2681 1522 ἐδόκει
2710 1467 2771 1522 τὺ
2799 1467 2994 1521 ἑαυτὸν
3024 1462 3478 1537 ἀπαρνήσασθαι,
3510 1465 3606 1519 καὶ
3635 1463 3700 1517 τὸ

436 1589 454 1619 ι
495 1569 551 1624 Si
584 1570 705 1638 quis
727 1569 837 1621 vult
862 1566 1047 1621 venire
1078 1572 1197 1635 post
1222 1577 1330 1626 me,
1359 1563 1589 1630 abneget
1632 1561 2010 1629 semetipsum,

2128 1559 2336 1614 ἑλέσθαι
2364 1558 2457 1612 τὸν
2487 1559 2854 1613 ἐπονείδιστον
2886 1557 3138 1622 θάνατον,
3173 1557 3410 1612 δείκνυσι
3443 1559 3555 1620 τοῖς
3593 1574 3700 1626 μα-

423 1668 480 1713 ct
511 1659 664 1713 tollat
693 1672 910 1712 crucem
943 1669 1120 1716 suam,
1151 1659 1203 1707 et
1234 1660 1491 1719 sequatur
1513 1665 1599 1705 me
1617 1649 1685 1715 ’³,
1723 1669 1742 1703 ι
1793 1647 2014 1703 difﬁcile

2128 1650 2305 1722 inrui;
2352 1653 2380 1705 ὁ
2429 1651 2643 1723 Σωτὴρ,
2691 1651 2810 1715 οἵας
2855 1647 3014 1718 δόξης
3063 1649 3462 1722 ἀξιωθήσονται
3522 1650 3573 1702 οξ
3638 1649 3702 1701 τὺ

431 1766 563 1806 vero
624 1750 903 1803 videbatur
953 1746 1222 1814 abnegare
1253 1760 1312 1799 se
1359 1743 1558 1811 ipsum,
1596 1750 1651 1795 et
1693 1740 2011 1809 probrosam

2128 1742 2334 1796 ἐκείνου
2370 1741 2541 1806 πάθος
2576 1742 2928 1813 μιμούμενοι.
2959 1742 3127 1798 Οὐδὲν
3156 1743 3266 1814 γὰρ
3297 1743 3429 1799 ἄλλο
3458 1745 3493 1813 ἡ
3530 1761 3702 1815 μετα-

433 1851 665 1897 mortem
721 1845 1000 1910 oppetere,
1065 1834 1300 1889 ostendit
1356 1831 1635 1901 discipulis
1689 1830 1833 1886 idem
1891 1830 2013 1885 Sal-

2128 1833 2405 1904 μόρφωσις
2453 1828 2553 1905 ἦν,
2606 1834 2722 1889 ἀλλ’
2753 1828 2866 1888 οἷον
2920 1835 3257 1906 προμήνυμα
3307 1835 3410 1904 τῆς
3462 1835 3703 1905 ἐσχάτης

429 1943 585 1989 vator
627 1948 730 2002 qua
757 1930 829 1985 sit
871 1946 966 1985 eos
1006 1929 1176 2000 gloria
1209 1937 1676 1988 remuneraturus,
1720 1924 1767 1980 si
1822 1938 2016 1994 perpe—

2128 1925 2336 1998 ίιμέρας
2357 1966 2371 1988 .
2404 1926 2526 1979 καθ’
2552 1927 2620 1998 ἢν
2655 1927 2791 1996 μετά
2820 1925 2913 1981 τοῦ
2945 1927 3079 1982 Θεοῦ
3110 1928 3162 1980 oi
3188 1927 3390 1982 δίκαιοι
3417 1927 3701 1998 λάμψωσι.

431 2023 630 2077 tiendis
668 2020 1002 2075 cruciatibus
1035 2033 1099 2073 ac
1124 2025 1298 2072 morte
1328 2020 1503 2085 ipsum
1532 2015 1726 2069 imitati
1758 2012 2011 2071 fuissent.
2053 2014 2198 2072 Nihil
2224 2019 2423 2090 quippe
2449 2019 2592 2074 aliud
2649 2018 3075 2089 Trausfiguratio
3104 2016 3229 2087 fuit,
3265 2034 3426 2090 quam
3488 2019 3707 2091 species

433 2117 676 2188 quaedam
713 2115 939 2171 extremi
967 2114 1110 2170 illius
1140 2113 1266 2177 diei,
1300 2127 1407 2180 quo
1440 2125 1547 2173 una
1580 2125 1705 2165 cum
1738 2108 1846 2165 Deo
1872 2111 2003 2179 justi
2042 2111 2347 2183 fulgebunt.

507 2212 690 2277 Quare
733 2221 913 2267 anttm
947 2226 1050 2263 non
1081 2208 1149 2263 ab
1183 2208 1359 2275 initio,
1412 2208 1506 2263 sed
1541 2222 1708 2277 prope
1742 2206 2019 2265 Passionis

435 2314 650 2372 tempus
692 2301 932 2357 exhibita
973 2299 1099 2354 est?
1151 2296 1417 2353 Nimirum
1463 2297 1587 2366 quia
1622 2296 1874 2366 discipuli
1919 2298 2022 2352 int-

442 2395 796 2464 prrfectiores
832 2394 985 2448 initio
1016 2407 1122 2446 non
1171 2390 1307 2446 satis
1350 2397 1505 2445 erant
1551 2391 1754 2451 idonei,
1790 2392 1878 2456 qui
1913 2390 2018 2446 hoc

438 2490 641 2543 donum
695 2488 1009 2556 exciperent
1057 2485 1351 2554 :adeoque
1405 2483 1704 2551 periculum
1758 2494 1898 2547 erat,
1950 2498 2019 2539 ne

436 2579 635 2634 factum
660 2578 787 2632 illud
809 2576 969 2650 40],
1013 2575 1315 2645 praestigias
1363 2575 1845 2645 deceptionemque
1886 2590 2018 2630 cen-

434 2681 640 2727 serent.
671 2669 800 2725 Ideo
856 2677 1142 2739 postquam
1201 2666 1343 2721 illius
1381 2664 1494 2734 iam
1541 2667 1818 2735 cepissmt
1850 2682 2018 2736 expe-

433 2764 752 2826 rimentum,
774 2777 837 2816 ac
869 2760 961 2815 Dei
980 2748 1176 2815 Filium
1203 2758 1439 2815 confessi
1461 2769 1664 2823 essent,
1708 2768 1835 2813 tunc
1881 2773 2019 2815 sane

437 2855 629 2910 altiore
662 2855 753 2908 illo
790 2854 906 2910 visu
931 2853 1074 2922 digni
1111 2863 1239 2907 sunt
1270 2851 1462 2907 habiti.
1496 2852 1614 2906 Alia
1643 2866 1857 2922 quoque
1884 2853 2021 2908 ratio

444 2943 668 3010 subest;
693 2944 950 3012 quoniam
984 2943 1127 2998 enim
1151 2943 1352 2998 mentis
1379 2943 1640 3012 imagines
1676 2958 1771 3012 per
1799 2959 2018 2998 sensum

439 3034 652 3087 videndi
697 3035 923 3089 traditas
954 3033 1334 3104 progrediente
1384 3044 1629 3103 tempore
1663 3034 1845 3089 delere
1885 3035 2024 3090 solet

439 3125 680 3192 oblivio,
719 3125 841 3181 ideo
874 3140 982 3180 non
1015 3125 1184 3179 multo
1226 3136 1352 3179 ante
1399 3124 1674 3180 Passionis
1709 3135 1920 3195 tempus
1969 3126 2022 3180 id

2192 2211 2294 2266 Διά
2321 2211 2376 2265 τί
2407 2211 2464 2264 δὲ
2496 2210 2597 2265 οὐκ
2629 2210 2685 2264 ἐν
2715 2211 2855 2281 ἀρχῇ
2880 2251 2894 2274 ,
2925 2209 3064 2264 ἀλλά
3094 2211 3322 2280 πλησίον
3350 2210 3444 2265 τοῦ
3489 2210 3706 2274 Πάθους

2124 2304 2370 2373 ὲγένετος
2387 2303 2512 2359 Ὅτι
2538 2320 2619 2356 τοι
2644 2304 2923 2374 καταρχὰς
2947 2303 3157 2364 ἀτελεῖς
3182 2302 3335 2367 ὄντες
3356 2303 3406 2355 oi
3436 2302 3704 2373 μαθηταὶ,

2123 2396 2465 2450 ἀνεπίδεκτοι
2501 2394 2801 2466 ἐτύγχανον
2830 2395 3076 2448 τοιούτου
3111 2394 3474 2465 χαρίσματος.
3501 2396 3708 2464 Ἐμελ-

2122 2487 2215 2542 λον
2243 2488 2336 2543 οὖν
2364 2484 2452 2543 οἷα
2484 2489 2689 2543 ίδιῶται
2722 2488 3068 2560 μαγγανείας
3098 2491 3436 2560 φενακισμὸν
3465 2490 3526 2543 τὸ
3556 2491 3704 2560 πρᾶ-

2123 2598 2241 2651 γμα
2267 2580 2612 2650 λογίσασθαι.
2639 2581 2739 2635 Διά
2762 2581 2920 2634 τοῦτο
2948 2582 3035 2634 ὅτε
3068 2583 3265 2651 πεῖραν
3291 2579 3457 2634 αὐτοῦ
3486 2579 3703 2641 ἔλαϐον,

2122 2672 2213 2726 ὅτε
2254 2673 2382 2725 Υίδν
2419 2672 2514 2725 τοῦ
2549 2671 2686 2727 Θεοῦ
2720 2671 3101 2743 ὡμολόγησαν.
3137 2672 3260 2724 τότε
3298 2670 3437 2739 δῆτα
3476 2670 3569 2724 καὶ
3604 2670 3705 2740 τῆς

2123 2763 2464 2836 ὑψηλοτέρας
2511 2763 2825 2834 ἠξιώθησαν
2876 2764 3196 2833 ὲμςανείας.
3247 2763 3383 2817 Καθ’
3409 2764 3598 2834 ἕτερον
3645 2764 3707 2817 δὲ

2123 2856 2305 2924 λόγον,
2345 2854 2534 2925 ἐπειδὴ
2585 2854 2962 2922 παριππεύσει
3001 2851 3094 2907 τοῦ
3143 2852 3335 2924 χρόνον
3382 2852 3705 2922 ἀφαιρεῖται

2123 2948 2226 3017 τῆς
2254 2948 2494 3009 διανοίας
2525 2948 2557 3017 ἡ
2588 2946 2724 3016 λήθη
2755 2945 2881 3009 τοὺς
2911 2944 3147 3007 τύποπ.
3178 2936 3252 2996 ὦν
3281 2942 3371 2996 διὰ
3398 2942 3499 3009 τῆς
3529 2942 3708 3012 6",«sw;

2125 3040 2340 3111 εἴληφε,
2374 3040 2462 3093 διά
2495 3038 2654 3093 τοῦτο
2685 3038 2745 3090 οὐ
2788 3037 2896 3106 πρὸ
2933 3035 3130 3091 πολλοῦ
3166 3035 3258 3090 τοῦ
3299 3035 3510 3098 Πάθους
3546 3035 3714 3089 τοῦτο

2127 3133 2294 3194 ποιεῖ,
2336 3129 2423 3182 ἵνα
2467 3130 2543 3199 μὴ
2580 3128 2675 3182 τοῦ
2718 3127 2997 3196 θαύματος
3039 3125 3428 3192 ἐπιλάθωνται,
3470 3124 3609 3179 ἀλλά
3644 3125 3713 3179 τὸ

441 3215 591 3285 fecit,
623 3233 688 3274 ne
719 3219 968 3275 miraculi
1024 3219 1497 3285 obliviscerentur,
1550 3219 1644 3275 sed
1698 3219 1840 3289 quod
1895 3234 2020 3291 spe-

2128 3223 2316 3279 θεαθὲν
2347 3225 2402 3278 έν
2433 3221 2623 3292 ὄψεσιν
2651 3220 2853 3293 ἔχοιεν.

445 3319 746 3375 claverant,
797 3325 906 3378 pra:
933 3309 1104 3365 oculis
1133 3312 1415 3365 baberent.

511 3400 696 3471 Neque
734 3416 863 3458 vero
913 3402 1203 3456 multorum
1257 3402 1314 3457 in
1369 3412 1665 3474 conspectu
1702 3404 2017 3477 Transﬁgit-

445 3490 592 3546 ratio
643 3491 824 3546 divina
886 3493 1183 3562 peragitur.
1254 3491 1443 3564 Neque
1499 3496 1644 3549 enim
1718 3496 2023 3564 lmjusmodi

446 3583 713 3641 visionem
742 3584 1093 3655 profanorum
1127 3584 1272 3641 oculi
1315 3600 1510 3656 capere
1552 3599 1823 3654 poterant,
1870 3589 2027 3660 cujus

452 3684 669 3728 tenuem
706 3676 994 3744 quamdam
1019 3685 1074 3730 et
1123 3675 1414 3731 obscuram
1455 3677 1744 3748 imaginem
1799 3680 2027 3735 intuitus

439 3764 607 3824 Isaias
636 3771 892 3825 miserum
915 3786 973 3825 se
996 3771 1168 3841 ipsum
1188 3771 1519 3827 existimavit
1540 3774 1607 3824 ’⁸.
1654 3771 1850 3828 Nonne
1876 3775 2028 3828 audis

446 3862 611 3916 etiam
645 3862 945 3930 antiquitus
977 3862 1150 3918 solum
1181 3863 1387 3919 Mosem
1419 3863 1469 3918 in
1518 3864 1648 3919 Sina
1695 3867 2023 3934 pervasisse,

444 3967 568 4008 cum
604 3954 831 4020 populus
874 3968 995 4009 eam
1047 3956 1298 4012 contueri
1354 3955 1584 4026 gloriam
1635 3972 1740 4010 non
1793 3958 2030 4012 sustine-

443 4052 529 4095 ret
550 4042 608 4095 “!
645 4040 797 4108 Quod
829 4043 872 4097 si
897 4042 1186 4115 fulgentem
1217 4046 1384 4116 gloria
1413 4045 1574 4101 Mosae
1605 4045 1807 4100 vultum
1833 4045 2027 4099 intueri

447 4131 565 4187 sine
598 4132 865 4188 velamine
904 4130 1116 4189 Hebraei
1151 4150 1256 4188 non
1288 4137 1598 4202 poterant',
1630 4136 1904 4205 quomodo
1946 4136 2028 4188 di-

450 4223 634 4277 vinam
684 4225 910 4294 gloriam
959 4225 1148 4280 videre
1185 4226 1528 4281 valuissmt?
1564 4226 1843 4283 Cazcorum
1880 4226 2027 4281 enim

445 4315 767 4371 illuminatio
794 4356 810 4382 ,
871 4320 1230 4388 purgatioque
1278 4319 1641 4387 loprosorum,
1672 4329 1726 4375 et
1757 4322 2030 4377 restitutio

452 4425 484 4463 ιι
498 4418 785 4463 .ortuorum
818 4411 884 4464 ad
911 4411 1078 4464 vitam
1112 4411 1391 4466 tolerabile
1422 4427 1554 4467 sane
1579 4420 1718 4476 erat,
1750 4421 1809 4466 ut
1835 4421 2030 4466 cuncto

446 4500 645 4570 populo
691 4501 984 4571 spectanda
1036 4510 1504 4571 proponerentur;
1550 4502 1855 4558 divinitatis
1899 4519 2029 4558 vero

2201 3402 2277 3456 Οὐ
2321 3400 2597 3473 παρουσίᾳ
2627 3401 2683 3454 δὲ
2717 3400 2928 3454 πολλῶν
2960 3402 2993 3471 ἡ
3030 3400 3147 3454 θεία
3179 3400 3388 3468 γίνεται
3431 3397 3702 3470 μεταμόρ·

2129 3510 2339 3566 φωσις·
2390 3493 2455 3547 οὐ
2502 3495 2610 3564 γὰρ
2661 3490 2800 3562 ἦσαν
2847 3492 3086 3546 δεκτικοὶ
3128 3495 3228 3563 τῆς
3272 3491 3527 3560 τοιαύτης
3579 3490 3712 3552 θέας

2127 3586 2236 3639 τῶν
2286 3585 2535 3655 βεϐήλων
2583 3587 2632 3638 οἱ
2685 3584 2979 3654 ὀφθαλμοὶ,
3028 3578 3096 3656 ἧς
3146 3584 3395 3654 ἀμυδρὰν
3443 3584 3631 3638 εἰκόνα
3680 3583 3718 3637 6

2140 3678 2372 3741 Ἡσαΐας
2418 3676 2563 3740 ἰδὼν,
2604 3676 2799 3730 ἑαυτὸν
2840 3676 3179 3731 ἐταλάνισεν.
3222 3676 3337 3729 Οὐκ
3375 3675 3597 3739 ἀκούεις
3634 3673 3715 3738 ὡς

2130 3770 2225 3823 καὶ
2260 3770 2431 3824 πάλαι
2469 3770 2629 3839 μόνος
2664 3769 2842 3822 είσέδυ
2876 3769 3119 3837 Μωΰσῆς
3152 3768 3232 3830 εἰς
3263 3767 3323 3820 τδ
3355 3768 3601 3830 Σίναιονι
3635 3766 3717 3852 μὲι

2128 3862 2488 3933 χωρήσαντος
2521 3862 2614 3915 τοῦ
2650 3859 2782 3914 λαοῦ
2816 3860 2914 3931 τὴν
2947 3860 3209 3931 τοιαύτην
3241 3861 3402 3928 δόξαν
3440 3860 3607 3922 ίδείν;
3649 3860 3713 3911 Ei.

2128 3954 2185 4007 δὲ
2220 3954 2464 4018 Μωσέως
2512 3954 2571 4005 τὸ
2607 3953 2898 4023 πρόσωπον
2943 3951 3202 4018 δοξασθέν
3245 3951 3719 4022 ἀπαρακάλυπτον

2130 4049 2179 4101 oi
2211 4047 2453 4117 Ἑϐραῖοι
2482 4047 2616 4118 ὀρᾷν
2644 4046 2744 4100 οὐκ
2775 4044 2984 4116 ἴσχυον,
3015 4045 3133 4108 πῶς
3162 4043 3229 4097 ἂν
3252 4044 3352 4114 τὴν
3377 4042 3526 4096 θείαν
3553 4043 3717 4107 δάξαν

2133 4138 2265 4192 ἰδεῖν
2299 4138 2578 4210 ὲξίσχυον;
2611 4136 2842 4208 Τυφλῶν
2878 4136 2977 4207 μὲν
3013 4135 3122 4206 γὰρ
3152 4132 3469 4207 ἀνάϐλεψις,
3501 4135 3597 4188 καὶ
3627 4134 3718 4185 λε·

2132 4228 2288 4298 πρῶν
2324 4229 2615 4300 κάθαρσις,
2655 4229 2750 4282 καὶ
2786 4225 2999 4297 νεκρῶν
3038 4225 3358 4289 ἀναϐίωσις,
3396 4223 3608 4295 φορητὴ
3646 4217 3723 4293 ἦν

2130 4322 2360 4392 δρᾶσθαι
2395 4324 2557 4375 παντὶ
2588 4320 2666 4392 τῷ
2699 4319 2835 4390 λαῷο
2858 4320 3126 4388 θεότητος
3155 4319 3211 4371 δὲ
3242 4317 3401 4384 δόξαν
3432 4316 3538 4368 κᾶν
3572 4316 3716 4385 ἀμυο

2130 4414 2263 4484 δράν
2313 4415 2462 4478 ἰδεῖν,
2512 4415 2697 4484 μόνοις
2748 4413 2869 4466 ἐστὶ
2916 4413 3129 4483 φορητὴ
3176 4413 3290 4473 τοῖς
3336 4408 3599 4479 καθαροῖς
3648 4409 3719 4478 τῇ

2132 4505 2352 4577 καρδίᾳ,
2400 4506 2544 4559 κατά
2584 4505 2683 4577 τὴν
2724 4503 2818 4557 τοῦ
2863 4502 3070 4574 Κυρίου
3115 4504 3326 4573 φωνήν.
3365 4501 3427 4553 El
3467 4500 3575 4570 γὰρ
3616 4499 3721 4563 τὰς

446 4593 670 4661 gloriam
706 4593 792 4648 vel
844 4594 1129 4648 obscuram
1175 4609 1401 4650 cernere
1430 4595 1559 4651 solis
1601 4597 1817 4652 mundis
1866 4597 2025 4651 corde

2133 4597 2490 4667 λευκοφανετς
2522 4597 2669 4667 ἡλίου
2700 4596 2862 4667 βολὰς
2890 4596 2951 4649 οὐ
2985 4594 3167 4663 στέγει
3197 4592 3388 4665 λημῶν
3414 4590 3717 4659 ὀφθαλμὸς,

445 4697 511 4738 ex
542 4682 757 4738 Domini
787 4683 932 4739 dicto
962 4685 1296 4743 conceditur.
1327 4685 1464 4742 Nam
1507 4689 1552 4743 si
1581 4689 1875 4744 candentes
1899 4689 2028 4744 solis

445 4775 629 4830 radios
660 4778 959 4832 eaacutiens
1014 4778 1203 4832 oculus
1263 4777 1463 4846 intueri
1500 4794 1604 4834 uOu
1638 4780 1891 4846 sustinet,
1930 4779 2025 4836 sed

448 4867 518 4921 ab
553 4866 688 4939 ipso
743 4865 949 4938 fulgore
996 4868 1303 4924 obczecatur
1370 4881 1425 4925 et
1492 4871 1834 4934 obscuratur,
1898 4872 2026 4942 quid

448 4957 648 5011 animis
681 4956 923 5012 futurum
969 4968 1135 5013 erata
1163 4970 1385 5029 peccato
1412 4970 1466 5017 et
1507 4961 1829 5017 infidelitate
1853 4978 2027 5018 caeca-

448 5048 542 5113 tis,
601 5047 646 5101 si
708 5046 1014 5105 divinitatis
1084 5050 1270 5121 jacula
1328 5054 1782 5121 conspexissent?
1847 5070 2026 5108 annon

446 5148 667 5205 stupore
702 5138 792 5192 illo
832 5139 1064 5208 perculsi
1110 5154 1338 5211 corpora
1372 5144 1745 5199 destituissent
1785 5145 1850 5199 ad
1883 5146 2030 5199 iuse-

446 5229 601 5285 litum
656 5228 806 5284 illum
859 5232 1347 5303 admirandumth
1423 5236 1792 5304 spectaculum
1879 5237 2028 5291 vitali

450 5320 740 5375 deficiente
783 5321 1021 5389 Spiritu?
1063 5326 1278 5391 quando
1322 5340 1423 5382 nec
1461 5329 1635 5398 angeli
1667 5330 1886 5398 quidem
1940 5344 2031 5384 as-

450 5419 665 5479 pectum
704 5412 867 5465 homo
899 5414 1169 5468 sustinere
1201 5425 1402 5482 potest.
1445 5419 1570 5474 Ideo
1605 5436 1708 5475 non
1741 5421 1794 5475 in
1841 5422 2034 5476 mediis

452 5506 643 5571 turbis,
673 5506 766 5562 sed
797 5508 1023 5561 seorsim
1062 5508 1164 5561 boc
1192 5509 1512 5566 miraculum
1544 5514 1743 5582 agitur.

518 5595 636 5651 Non
673 5613 862 5654 ornues
902 5611 1067 5669 porro
1093 5598 1385 5671 discipulos
1418 5605 1679 5669 admittit,
1733 5606 1877 5676 quod
1937 5605 2030 5662 in-

524 5783 571 5815 "
597 5784 786 5841 Matth.
822 5803 933 5851 xvt,
964 5786 1057 5841 24.
1134 5789 1179 5823 ³³
1212 5788 1314 5845 lsa.
1348 5804 1417 5855 rt,
1451 5789 1503 5844 5.

2130 4691 2269 4746 ἀλλά
2299 4690 2585 4744 σκοτοῦται
2618 4688 2723 4742 ὑπὸ
2750 4687 2844 4743 τού
2877 4686 3055 4756 φωτὸς
3083 4684 3506 4756 ἀμαυρούμενος
3527 4722 3542 4743 ,
3570 4682 3621 4733 τί
3650 4680 3727 4734 ἂν

2128 4783 2331 4838 ἔπαθον
2362 4783 2532 4853 ψυχαὶ
2568 4781 2672 4834 ὑπὸ
2721 4779 3000 4851 ἁμαρτίας
3049 4779 3141 4830 καὶ
3175 4776 3436 4835 ἀπιστίας
3469 4773 3720 4842 τυφλώτ-

2127 4894 2341 4939 τουσαι,
2369 4876 2418 4928 εί
2443 4874 2539 4938 τὰς
2573 4873 2784 4943 βολίδας
2810 4872 2909 4942 τῆς
2938 4869 3194 4939 θεότητος
3221 4867 3546 4931 ἐθεάσαντος
3570 4861 3721 4935 ’Ἄρα

2126 4966 2226 5019 οὐκ
2256 4966 2322 5018 ἂν
2349 4964 2453 5018 ὑπὸ
2475 4965 2573 5033 τῆς
2601 4962 2918 5032 ἐκπλήξεως
2976 4959 3244 5013 ἀπέλιπον
3269 4960 3364 5013 καὶ
3390 4962 3459 5011 τά
3488 4957 3723 5026 σώματα,

2128 5058 2225 5111 τοῦ
2269 5056 2504 5122 ζωτικοῦ
2553 5053 2866 5122 πνεύματος
2911 5051 3261 5120 ὲκλείψαντος
3304 5049 3380 5120 τῷ
3427 5049 3722 5122 παραδόξῳ

2134 5151 2407 5220 θεάματι;
2448 5149 2582 5201 ὅπου
2632 5147 2765 5217 μηδὲ
2808 5145 3043 5214 ἀγγέλου
3087 5144 3215 5198 θέαν
3262 5144 3582 5210 ὑπενεγκεῖν
3622 5141 3723 5195 ἂν-

2136 5242 2355 5312 θρωπος
2384 5239 2627 5293 δύναται.
2660 5237 2862 5292 Τούτου
2896 5238 3057 5308 χάριν
3122 5235 3221 5289 οὐκ
3274 5236 3332 5288 έν
3404 5234 3552 5306 μέσῳ
3606 5231 3722 5285 τῶν

2140 5334 2341 5407 ὄχλων,
2366 5333 2481 5387 ἀλλ’
2504 5332 2612 5404 ἰδίᾳ
2635 5332 2694 5384 τὸ
2725 5331 2910 5401 θαῦμα
2942 5330 3175 5398 γίνεται.

2208 5601 2284 5656 Ού
2318 5601 2525 5665 πάντας
2552 5600 2608 5653 δὲ
2634 5595 3056 5671 παραλαμϐάνει
3078 5596 3206 5661 τοὺς
3234 5595 3504 5667 μαθητὰς,
3530 5590 3722 5666 ἐπειδὴ

1667 5791 1679 5823 ¹
1710 5788 1880 5846 Exod.
1913 5804 2027 5855 xrx,
2070 5785 2164 5855 20,
2198 5785 2291 5840 2|.
2372 5785 2394 5821 ²
2420 5784 2589 5841 Exod.
2629 5797 2816 5849 τηεν,
2846 5781 2919 5838 29
2942 5826 2955 5849 ,
2980 5778 3025 5836 ll
3053 5778 3176 5838 Cor.
3206 5795 3289 5847 Ill,
3322 5780 3405 5844 l5,.
