4074 6400
373 363 518 426 tuas

1726 369 2056 430 HOMILIA
2099 367 2254 429 LIX.

3514 369 3658 436 1026

371 480 542 552 συνῆν
576 481 760 544 αὐτοῖς
798 483 891 534 καὶ
923 481 1126 546 Ἰούδας
1168 482 1197 535 δ
1239 482 1634 546 κλεπτίστατος
1671 481 1922 554 μαθητης
1949 499 1962 513 ·

2074 492 2190 535 erat
2236 496 2358 535 cum
2389 479 2494 535 illis
2524 479 2695 538 Judas
2742 481 3042 552 discipulus
3093 481 3182 538 ille
3237 481 3654 544 furacissimus:

370 575 586 644 δμμασι
642 572 700 626 δέ
745 577 1010 644 μυσαροῖς
1058 576 1158 629 οὐκ
1191 571 1260 646 ἦν
1295 576 1440 638 εἰκὸς
1481 575 1741 645 θεαθῆναι
1778 577 1837 627 τὸ
1871 576 1968 644 τῆς

369 664 629 734 θεότητος
674 665 813 734 φῶς.
848 666 974 726 Πῶς
1016 667 1126 736 γὰρ
1155 667 1407 738 προδότις
1449 667 1616 738 ψυχὴν
1656 668 1750 719 καὶ
1777 666 1971 736 φιλάρ-

373 773 560 828 γυρος,
590 760 684 810 καὶ
712 758 941 811 τοιαῦτα
971 759 1115 812 κατά
1145 759 1236 812 τοῦ
1263 760 1590 813 διδασκάλου
1619 760 1966 831 δολοῤῥαερήν

370 864 548 909 σασα,
596 850 730 918 ὀρᾷν
776 848 1001 902 ἐδύνατο
1050 849 1203 903 θείαν
1251 850 1590 920 ἐμφάνειαν;
1643 851 1703 902 Εἰ
1757 850 1866 920 γὰρ
1918 851 1966 900 οἱ

371 938 758 1007 ἐκλελεγμένοι
802 943 952 1010 τρεῖς
988 941 1257 1011 μαθηταὶ,
1307 941 1555 1011 καθαρὰν
1603 940 1819 1011 ἔχοντες
1868 941 1968 1010 τὴν

370 1032 638 1096 διάνοιαν,
677 1031 754 1102 τῷ
795 1033 903 1086 δέει
929 1037 1369 1103 κατεπτηχὸτες,
1406 1036 1484 1096 είς
1528 1037 1629 1102 γῆν
1663 1035 1967 1087 κατέπεσον

371 1124 674 1194 κύμϐαχοι,
702 1126 799 1179 καὶ
828 1126 1028 1198 μικροῦ
1055 1127 1164 1178 δεῖν
1189 1127 1540 1197 ἐχωνεύοντο,
1564 1127 1625 1178 τὺ
1653 1127 1760 1197 πῦρ
1789 1128 1966 1178 ἐκεῖνο

373 1215 450 1286 μὴ
500 1218 819 1283 στέγοντες,
868 1216 918 1268 τί
972 1217 1038 1269 ἂν
1090 1217 1236 1278 εἰκὸς
1285 1217 1374 1270 τὸν
1421 1217 1687 1287 προδότην
1739 1216 1963 1281 παθεῖν;

383 1309 738 1378 Ἀπείργεται
781 1305 876 1361 οὖν
916 1310 944 1362 δ
984 1309 1189 1377 ἀσεϐὴς
1221 1310 1320 1379 τὴν
1356 1310 1514 1374 δόξαν
1560 1309 1766 1380 Κυρίου
1814 1312 1961 1375 ἰδεῖν,

368 1401 532 1454 τοῦτο
564 1402 661 1454 καὶ
721 1402 948 1456 Ἡσαΐου
981 1403 1292 1473 προειδότος
1334 1404 1431 1456 καὶ
1461 1404 1961 1474 προθεσπίσαντος’

376 1512 398 1544 σ
430 1493 681 1564 Ἀρθήτω
706 1496 734 1546 δ
761 1495 988 1563 ἀσεϐὴς,
1017 1497 1106 1549 ἵνα
1141 1496 1214 1567 μὴ
1245 1497 1328 1568 ἴδῃ
1358 1497 1455 1566 τὴν
1482 1495 1641 1560 δόξαν
1672 1497 1898 1566 Κυρίου.
1940 1513 1958 1547 ι

383 1588 526 1640 Ἀλλ’
552 1589 670 1659 ἐρεῖ
693 1606 774 1651 τις
810 1588 963 1651 ἴσως,
997 1588 1094 1641 καὶ
1123 1591 1209 1642 διά
1238 1591 1290 1642 τί
1328 1591 1403 1660 μὴ
1434 1592 1524 1642 τὸν
1560 1590 1764 1644 Ἰούδαν
1802 1592 1963 1661 μόνον

369 1681 691 1735 καταλιπὼν
719 1683 845 1745 τοὺς
881 1683 1076 1746 ἄλλους
1115 1684 1462 1754 παρέλαϐεν;
1495 1685 1556 1736 ού
1589 1684 1698 1752 γάρ
1728 1683 1790 1754 δὴ
1825 1685 1963 1736 πάν-

369 1793 484 1839 τες,
513 1775 588 1839 ὡς
621 1778 850 1840 ἐκεῖνος,
878 1772 1020 1849 ἦσαν
1049 1777 1278 1842 ἀνάξιοι.
1313 1777 1453 1830 Ἀλλ’
1475 1779 1523 1829 εί
1552 1777 1710 1829 τοῦτο
1744 1777 1958 1845 γέγονε,

370 1867 650 1936 πρόφασιν
685 1865 752 1920 ἂν
787 1863 932 1937 εἶχεν
964 1870 990 1920 ὁ
1026 1868 1294 1937 προδότης
1328 1866 1422 1920 τοῦ
1461 1869 1958 1939 κακουργήματος,

371 1957 447 2019 ὼς
481 1957 542 2009 οὐ
575 1957 663 2010 διὰ
704 1955 1153 2027 φιλοχρηματίαν
1186 1959 1283 2029 τὴν
1318 1958 1612 2028 ἐπιϐουλὴν
1652 1959 1960 2028 μεμελέτη-

373 2067 507 2114 κεν,
557 2050 672 2104 ἀλλ’
697 2050 1060 2120 ἀντιλυπῆσαι
1108 2049 1436 2120 βουλόμενος
1482 2051 1571 2103 τὸν
1616 2051 1959 2118 λυπήσαντα.

376 2143 488 2206 Τὰς
512 2144 818 2215 προφάσεις
840 2139 935 2196 οὖν
952 2143 1291 2213 πανταχόθεν
1310 2161 1374 2196 πε
1385 2145 1654 2216 ριτέμνων
1673 2145 1700 2196 ὁ
1725 2142 1928 2215 Κύριος
1946 2186 1960 2210 ,

375 2235 784 2304 ἀναπολόγητον
819 2236 964 2288 ποιεῖ
995 2236 1087 2288 τὸν
1119 2235 1406 2288 ἐπίϐουλον
1428 2279 1442 2299 ,
1478 2235 1566 2289 ἵνα
1600 2238 1782 2308 γυμνὴ
1817 2239 1960 2308 φανῇ

373 2325 476 2396 τῆς
507 2325 720 2396 φαύλης
752 2327 1116 2398 συνειδήσεως
1144 2328 1175 2397 ἡ
1207 2326 1549 2396 προαίρεσις.

462 2586 529 2640 Ἦ
559 2586 616 2639 δὲ
645 2587 724 2648 είς
759 2587 883 2656 ὅρος
918 2584 1188 2648 ἀνάϐασις
1239 2582 1509 2653 σύμϐολον
1539 2577 1607 2653 ἦν
1636 2580 1730 2634 τοῦ
1765 2580 1964 2651 χρῆναι

377 2680 474 2733 τὸν
520 2680 782 2750 μέλλοντα
861 2678 1020 2731 θείων
1071 2677 1390 2748 μυστηρίων
1436 2676 1688 2742 γενέσθαι
1737 2677 1964 2742 μέτοχον

381 2769 713 2838 Μταλεῖψαι
739 2769 839 2840 τὴν
867 2769 1001 2838 πρὸς
1027 2768 1096 2820 τὰ
1129 2767 1278 2818 κάτω
1309 2764 1686 2835 συμπάθειαν,
1717 2765 1794 2824 είς
1822 2763 1877 2814 δὲ
1907 2764 1967 2814 τὸ

379 2865 508 2937 ὅρος
553 2864 832 2934 ὑψωθῆναι
875 2865 970 2933 τῆς
1017 2861 1126 2914 τῶν
1171 2861 1461 2929 νοημάτων
1503 2857 1711 2927 ὑψηλῆς
1758 2856 1967 2910 ἀναϐά-

383 2975 521 3020 σεως
546 2976 558 2988 ·
596 2954 736 3009 οὕτω
769 2955 866 3016 τὰς
904 2954 1054 3014 θείας
1114 2953 1379 3022 ἐμφάσεις
1420 2950 1495 3013 ὡς
1536 2949 1739 3002 ἐπίπαν
1772 2950 1799 3000 ὁ
1833 2947 1967 3010 Θεὸς

382 3055 439 3106 ἐν
466 3052 646 3122 ὄρεσιν
667 3052 859 3121 δρᾶται
881 3048 1121 3110 δεικνύς.
1144 3049 1252 3100 Καὶ
1277 3051 1444 3099 πάλαι
1469 3044 1575 3114 γάρ
1596 3043 1696 3114 τὴν
1720 3041 1969 3112 Ἀϐραὰμ

2073 573 2220 642 atqui
2271 589 2378 626 non
2425 571 2654 627 decebat
2687 573 2916 643 impuris
2946 576 3118 630 oculis
3151 580 3418 646 aspectari
3453 578 3655 635 divini-

2075 668 2199 720 tatis
2228 665 2422 720 lucem.
2459 666 2744 732 Quomodo
2782 667 2925 722 enim
2960 669 3207 737 proditor
3234 673 3472 732 animus.
3507 675 3658 741 cupi-

2069 761 2275 825 dusque
2301 759 2564 826 ρεοιιιιῑαε,
2587 769 2638 812 et
2665 759 2752 828 qui
2784 759 2915 814 tales
2940 761 2990 814 in
3017 762 3339 828 magistrum
3361 767 3659 820 t-onsuehat

2070 850 2252 913 dolus,
2304 849 2541 903 dhiuatn
2595 850 2739 904 illam
2785 853 3023 920 speciem
3075 855 3291 910 obtueri
3345 857 3659 926 potuisset?

2072 941 2128 994 Si
2171 944 2310 995 enim
2346 943 2505 997 elecli
2565 945 2638 998 illi
2687 956 2794 999 tres
2853 945 3125 1015 discipuli,
3172 963 3364 1016 puram
3415 960 3654 1004 mentem

2073 1033 2359 1097 habentes,
2393 1049 2594 1100 pavore
2643 1037 2878 1102 perculsi
2938 1038 2988 1090 in
3061 1047 3258 1092 terram
3315 1043 3468 1108 pruni
3537 1056 3659 1096 σοι’-

2069 1139 2251 1188 ruere,
2305 1140 2365 1177 ac
2417 1141 2602 1190 parum
2655 1127 2847 1190 abfuit,
2880 1129 3008 1196 quin
3040 1130 3167 1184 aeris
3201 1131 3362 1186 modo
3393 1133 3655 1204 collique-

2070 1226 2310 1278 scerent,
2341 1218 2450 1269 vim
2502 1218 2639 1287 ignis
2674 1219 2819 1273 illius
2856 1222 3079 1276 minime
3128 1225 3476 1292 sustinentes,
3525 1231 3654 1299 quid

2070 1307 2328 1373 proditori
2363 1319 2683 1363 eventurum
2734 1309 2903 1366 fuisse
2955 1316 3281 1369 credendum
3321 1318 3438 1372 est?
3488 1320 3656 1388 Igitur
3698 1329 3700 1332 ’

2068 1415 2097 1453 a
2148 1400 2326 1454 divina
2376 1402 2544 1470 gloria
2593 1405 3010 1472 contemplanda
3069 1407 3263 1476 impius
3303 1410 3461 1464 homo
3489 1409 3652 1482 402

2067 1491 2255 1560 procul
2289 1503 2524 1557 arcetur,
2560 1509 2684 1547 cum
2727 1496 2828 1548 hoc
2862 1495 3038 1564 ipsum
3073 1499 3422 1564 providisset,
3473 1513 3528 1555 et
3555 1518 3653 1555 va-

2067 1585 2322 1640 ticinatus
2359 1596 2504 1639 eSset
2537 1584 2700 1640 Isaias
2731 1608 2744 1642 :
2800 1605 2820 1640 ι
2859 1589 3157 1644 Auferalur
3209 1592 3428 1661 impius,
3465 1606 3520 1648 ut
3548 1611 3654 1648 non

2067 1675 2246 1728 videat
2288 1676 2515 1744 plurium
2551 1676 2826 1734 Domini’.
2867 1697 2887 1732 ι
2926 1680 3030 1734 Sed
3059 1682 3202 1737 dicet
3242 1681 3480 1739 fortasse
3507 1686 3658 1754 quis-

2067 1766 2230 1833 piam,
2266 1782 2363 1818 cur
2395 1766 2506 1820 solo
2535 1765 2668 1822 Juda
2702 1769 2912 1836 relicto,
2951 1783 3178 1826 caeteros
3228 1789 3332 1827 non
3380 1776 3601 1831 admisit
3633 1793 3648 1829 :

2068 1873 2242 1927 neque
2272 1861 2415 1913 enim
2461 1877 2673 1927 omnes,
2724 1875 2782 1918 ut
2813 1865 2918 1929 ille,
2951 1877 3110 1921 erant
3164 1869 3393 1938 indigni.
3448 1870 3648 1926 Verum

2065 1947 2108 2000 si
2150 1950 2250 2001 hoc
2282 1950 2483 2003 factum
2521 1952 2746 2017 fuisset,
2799 1958 3212 2011 excusationem
3255 1958 3512 2014 facinoris
3569 1962 3652 2015 sui

2065 2043 2306 2110 proditor
2342 2046 2660 2109 habuisset,
2713 2047 2935 2115 perinde
2987 2051 3140 2118 quasi
3191 2067 3297 2104 non
3354 2055 3654 2122 cupiditate

2065 2137 2308 2201 pecunia:
2343 2135 2558 2190 molitus
2592 2147 2737 2191 esset
2771 2139 3016 2200 insidias.
3067 2141 3160 2195 sed
3220 2143 3294 2196 uti
3348 2144 3650 2199 molestiam

2067 2225 2139 2278 illi
2181 2227 2420 2279 vicissim
2469 2228 2779 2294 exhiberet,
2819 2246 2847 2284 a
2880 2247 2988 2300 quo
3038 2235 3286 2289 molestia
3339 2248 3485 2291 esset
3519 2237 3654 2293 aﬂ‘e-

2068 2327 2209 2373 ctus.
2271 2319 2476 2374 Causas
2531 2321 2693 2392 igitur
2742 2338 2933 2378 omnes
2997 2329 3290 2382 exeusandi
3351 2331 3654 2398 praecidens

2069 2409 2326 2463 Dominus
2350 2411 2724 2465 insidiatorem
2750 2413 2924 2467 reddit
2948 2413 3403 2486 inexcusabilem,
3423 2429 3481 2473 ut
3499 2421 3654 2476 mala:

2075 2502 2428 2556 conscienlite
2468 2503 2663 2559 electio
2690 2505 3010 2561 denudelur.

2144 2593 2418 2650 Ascensus
2459 2605 2640 2650 autem
2677 2597 2749 2650 in.
2782 2608 3020 2652 montem
3067 2601 3360 2672 symbolice
3395 2603 3656 2658 indicarit

2072 2697 2324 2756 oportere
2351 2702 2476 2743 eum
2505 2690 2594 2758 qui
2625 2689 2931 2745 divinorum
2977 2696 3359 2764 mysteriorum
3384 2703 3652 2767 ραι-μορυς

2072 2777 2184 2828 fieri
2228 2778 2372 2844 velit,
2414 2782 2789 2848 contagiosum
2819 2798 2941 2837 cum
2989 2785 3190 2839 infimis
3227 2788 3385 2842 rebus
3417 2805 3652 2844 consen-

2069 2883 2184 2920 sum
2248 2871 2552 2939 relinquere
2600 2888 2664 2926 ac
2720 2874 2865 2928 velut
2935 2876 2988 2929 in
3042 2887 3282 2930 montem
3336 2881 3650 2935 sublimium

2071 2961 2463 3025 cogitationum
2507 2977 2734 3016 ascensu
2775 2964 2996 3019 elevari.
3049 2966 3126 3018 Ita
3177 2967 3465 3035 plerasque
3517 2971 3652 3023 divi-

2073 3069 2262 3106 narum
2297 3055 2700 3122 apparitionum
2737 3059 2950 3110 videtur
3007 3059 3058 3112 in
3091 3070 3274 3115 monte
3331 3061 3469 3116 Deus
3503 3064 3654 3116 exhi-

383 3146 578 3198 θυσίαν
619 3143 720 3196 οὐκ
756 3146 810 3193 ἐν
844 3141 1078 3205 πεδιάδι,
1111 3140 1224 3192 ἀλλ’
1267 3141 1324 3191 ἐν
1353 3139 1470 3209 δρει
1502 3139 1760 3204 γενέσθαι
1793 3153 1966 3206 προσ-

2075 3145 2278 3200 huisse.
2331 3148 2648 3217 Autiqnitns
2678 3151 2821 3203 enim
2857 3151 3154 3206 Abraliami
3185 3154 3512 3210 sacrificium
3547 3172 3654 3210 non

385 3237 567 3304 έταξε.
602 3235 711 3288 Καὶ
743 3238 770 3288 ὁ
806 3234 952 3299 Λὼτ,
991 3233 1208 3302 φεύγων
1230 3234 1329 3303 τὴν
1360 3231 1736 3299 τεφρωθεῖσαν
1762 3229 1968 3282 Πεντά-

385 3329 562 3392 πολιν,
588 3330 688 3382 οὐκ
717 3328 780 3382 ἂν
807 3327 1061 3395 διεσώθη,
1091 3327 1137 3378 εί
1171 3326 1244 3396 μὴ
1273 3328 1352 3387 είς
1380 3324 1506 3394 δρος
1535 3323 1810 3393 ἀνέδραμε
1831 3338 1845 3350 ·
1875 3322 1968 3374 καὶ

386 3426 614 3479 Μωῦσεῖ
643 3423 700 3476 δέ
731 3411 1086 3492 χρηματίζων
1114 3425 1141 3472 δ
1170 3419 1325 3483 Θελις,
1357 3419 1452 3470 καὶ
1480 3419 1696 3480 δεικνὺς
1727 3416 1786 3466 τὸ
1815 3417 1874 3467 ἐν
1902 3417 1966 3484 τῇ

390 3519 538 3591 βάτῳ
567 3521 883 3588 μυστήριον.
908 3515 1002 3567 καὶ
1028 3515 1128 3584 τὴν
1155 3513 1246 3565 τοῦ
1273 3513 1403 3565 λαοῦ
1433 3511 1772 3581 προστασίαν
1796 3510 1972 3579 ἐγχει-

392 3611 712 3683 ριζόμενος,
751 3611 808 3661 ἐν
845 3606 963 3678 δρει
997 3605 1173 3658 ταῦτα
1215 3606 1377 3656 ποιεῖ.
1415 3603 1576 3655 Ἀλλὰ
1619 3603 1713 3653 καὶ
1749 3601 1838 3654 ὅτε
1879 3601 1971 3652 τὸν

386 3703 490 3771 τῆς
529 3701 737 3771 σκηνῆς
773 3698 944 3751 τύπον
981 3695 1260 3761 ὑπέδειξε,
1303 3693 1398 3746 καὶ
1435 3694 1508 3756 ὡς
1549 3693 1702 3762 φίλος
1740 3689 1972 3754 ἐνώπιος

393 3795 612 3865 ἐνωπίῳ
638 3793 929 3860 διελέγετο,
959 3791 1053 3842 καλ
1080 3789 1176 3842 τοῦ
1200 3790 1367 3858 νόμου
1396 3786 1492 3849 τὰς
1524 3787 1738 3848 πλάκας
1769 3783 1974 3854 ἐνεχεί-

394 3889 563 3960 ριζεν,
587 3889 666 3950 εἰς
691 3886 750 3939 τὸ
774 3886 899 3952 ὅρος
929 3884 1289 3954 διεπράττετο
1311 3880 1485 3934 ταῦτα
1510 3879 1571 3932 τὸ
1599 3880 1835 3932 Σίναιον.
1863 3879 1974 3931 Καὶ

403 3979 587 4033 Ἡλιοῦ
626 3980 684 4032 δέ
721 3976 1100 4048 χρηματίζων,
1139 3975 1235 4027 καὶ
1276 3973 1377 4036 τὰς
1419 3971 1755 4044 συμϐολικάς
1797 3974 1974 4041 ἐμφαο

389 4073 540 4135 νείας
573 4071 812 4134 δεικνὺς,
843 4070 924 4132 είς
957 4069 1082 4137 ὅρος
1116 4068 1318 4136 ἀνῆγεν
1348 4066 1530 4120 αὐτόν.
1563 4065 1724 4118 Ἀλλὰ
1759 4066 1852 4116 καὶ
1886 4064 1973 4115 ὅτε

388 4167 584 4236 γέγονε
624 4163 748 4218 καθ’
777 4164 946 4233 ἡμᾶς,
987 4162 1087 4231 τὴν
1130 4160 1404 4229 πτωχείαν
1447 4159 1604 4229 ἡμῶν
1645 4157 1864 4222 ὑποδὺς,
1907 4156 1976 4208 τὰ

393 4259 568 4312 πλείω
597 4257 705 4310 τῶν
742 4255 1055 4326 μυστηρίων
1089 4254 1146 4306 ἐν
1180 4253 1367 4324 ὄρεσιν
1399 4250 1610 4305 ἐδείκνυ
1645 4253 1755 4313 τοῖς
1794 4249 1972 4319 μαθη-

389 4355 531 4416 ταῖς.
580 4349 704 4404 Κᾶν
749 4347 1002 4401 ἐϐούλετο
1054 4346 1382 4416 μακαρίζειν
1427 4345 1554 4407 τοὺς
1601 4344 1849 4414 πτωχοὺς
1897 4341 1975 4411 τῷ

393 4445 688 4513 πνεύματι,
734 4442 830 4495 καὶ
869 4441 997 4503 τοὺς
1041 4437 1397 4498 πενθοῦντας,
1445 4440 1536 4488 καὶ
1582 4436 1706 4497 τοὺς
1756 4437 1971 4506 πραεῖς,

2075 3239 2235 3305 plano
2259 3239 2310 3292 in
2353 3240 2493 3302 loco,
2524 3243 2618 3294 sed
2652 3241 2705 3295 in
2738 3253 2921 3297 monte
2954 3243 3078 3316 fieri
3101 3245 3263 3313 jussit
3285 3248 3326 3300 ⁸.
3361 3247 3461 3300 Lot
3489 3249 3655 3302 etiam

2076 3331 2408 3401 Pentapolim
2457 3332 2670 3402 fugiens
2715 3335 3085 3390 subsidentem
3118 3336 3170 3389 in
3218 3338 3432 3392 cineres
3465 3353 3656 3407 sospes

2073 3425 2338 3478 evasisset
2410 3441 2729 3496 nunquam,
2796 3429 2894 3482 nisi
2947 3428 3176 3496 fugisset
3234 3431 3289 3483 in
3342 3431 3656 3496 montem';

2073 3513 2202 3564 Mosi
2229 3529 2357 3566 vero
2393 3515 2531 3568 Deus
2561 3516 2780 3570 oracula
2816 3520 3072 3584 reddidit,
3106 3533 3160 3574 et
3188 3528 3504 3592 mysterium
3539 3525 3658 3580 rubi

2074 3609 2491 3673 tiClliOllSil‘aVil,
2552 3619 2606 3664 et
2647 3626 2834 3664 curam
2891 3614 3072 3679 populi
3115 3617 3168 3668 in
3222 3629 3407 3671 monte
3457 3622 3662 3688 penni-

2076 3699 2210 3752 sit‘.
2281 3699 2424 3765 Quin
2485 3702 2649 3754 etiam
2705 3710 2840 3770 tum,
2898 3719 3020 3758 cum
3077 3716 3258 3776 typum
3323 3711 3656 3765 tabernaculi

2075 3793 2571 3862 prasinoustravit',
2603 3805 2651 3846 et
2681 3810 2866 3848 coram
2901 3797 3055 3865 quasi
3087 3801 3294 3854 amicus
3327 3817 3449 3856 cum
3479 3808 3658 3860 amico

2076 3884 2378 3938 collocutus
2403 3885 2552 3950 est',
2587 3896 2640 3939 et
2683 3887 2892 3940 tabulas
2930 3888 3061 3957 legis
3099 3889 3148 3940 in
3182 3906 3373 3944 manus
3412 3895 3660 3960 tradidit,

2078 3977 2130 4030 in
2169 3987 2352 4029 monte
2384 3976 2512 4029 Sina
2557 3976 2782 4045 perfecit
2823 3979 2937 4032 lucc
2969 3982 3149 4033 omnia
3173 3982 3215 4033 ’.
3248 3980 3384 4036 Cum
3419 3983 3534 4039 Elia
3567 3985 3660 4039 itio

2078 4071 2198 4122 dem
2243 4084 2405 4138 agere
2456 4079 2507 4122 et
2539 4069 2861 4139 synibolicas
2901 4071 3024 4126 illas
3052 4073 3289 4129 visiones
3327 4089 3448 4129 cum
3499 4078 3661 4132 vellet

2077 4159 2383 4222 ostendere,
2404 4175 2526 4214 eum
2549 4161 2770 4214 deduxit
2797 4162 2850 4215 in
2882 4173 3120 4218 montem
3142 4165 3207 4220 ¹⁰.
3237 4165 3344 4220 Sed
3367 4176 3422 4220 et
3441 4169 3664 4236 quando

2079 4263 2319 4306 nostram
2372 4261 2744 4320 paupertatem
2782 4255 3000 4308 indutus
3052 4255 3207 4310 nobis
3257 4258 3452 4312 similis
3487 4258 3664 4315 factus

2080 4355 2185 4407 est,
2244 4346 2624 4413 mysteriorum
2663 4348 2858 4401 bonum
2913 4359 3122 4416 mrtem
3179 4349 3236 4402 in
3273 4352 3550 4406 montibus
3579 4353 3664 4404 di-

2080 4436 2303 4504 scipulis
2341 4435 2621 4502 patefecit.
2669 4437 2724 4490 Si
2758 4439 2903 4492 enim
2939 4452 3203 4507 pauperes
3247 4443 3440 4508 spiritu
3472 4443 3662 4498 bratos

393 4536 490 4587 καὶ
523 4539 649 4596 τοὺς
691 4533 1029 4600 ἐλεήμονας,
1075 4529 1168 4581 καὶ
1197 4528 1322 4589 τοὺς
1357 4526 1456 4596 τὴν
1489 4526 1719 4596 καρδίαν
1753 4527 1969 4594 ἔχοντας

2085 4534 2380 4600 prmdieare
2415 4532 2601 4596 voluit,
2637 4543 2689 4585 et
2727 4532 2973 4601 lugentes
3023 4534 3230 4598 itidem,
3279 4543 3330 4587 et
3385 4535 3564 4599 mites,
3607 4546 3662 4590 et

394 4626 674 4697 καθαρὰν,
708 4625 803 4677 καὶ
837 4623 996 4685 ὅσους
1025 4621 1054 4672 δ
1087 4620 1198 4674 τῶν
1232 4619 1598 4689 μακαρισμῶν
1632 4617 1791 4687 χορὸς
1826 4633 1980 4686 περι-

397 4719 611 4782 έλαϐεν,
646 4721 724 4780 εἰς
754 4718 879 4786 ὅρος
910 4715 1079 4784 ἀνῆγε
1109 4715 1235 4774 τοὺς
1270 4712 1538 4782 μαθητάς.
1577 4710 1695 4764 Κᾶν
1724 4710 1872 4772 ὅπως
1901 4709 1983 4761 δεῖ

397 4794 799 4883 προσεύχεσθαι
845 4807 1122 4861 διδάσκειν
1166 4805 1346 4876 ἐθέλῃ,
1392 4806 1487 4856 καὶ
1529 4803 1688 4856 τοῦτο
1731 4805 1810 4866 εἰς
1857 4802 1983 4872 ὅρος

398 4909 564 4958 ποιεῖ.
599 4903 760 4956 Οὕτω
793 4901 927 4970 γοῦν
959 4900 1057 4953 καὶ
1089 4899 1187 4970 τὴν
1223 4899 1377 4952 θείαν
1411 4897 1578 4951 αὐτοῦ
1618 4898 1775 4962 δόξαν
1810 4897 1981 4960 δεῖξαι

399 4997 745 5068 βουλόμενος,
779 4991 1088 5056 ἀκολούθως
1124 4994 1206 5054 εἰς
1235 4993 1294 5044 τὸ
1326 4991 1452 5062 15ρος
1487 4991 1800 5060 ἀνέρχεται.

471 5180 656 5233 Τᾶλλα
693 5177 752 5231 δὲ
785 5177 896 5230 τῶν
950 5176 1124 5247 ὁρόων
1157 5170 1566 5244 παραδραμὼν,
1612 5170 1894 5239 ἐκλέγεται
1927 5171 1984 5222 τὸ

403 5271 687 5339 Θαϐώριον
705 5287 721 5302 ο
765 5268 957 5338 ἐπειδὴ
980 5267 1040 5321 τὸ
1069 5267 1166 5335 μὲν
1189 5266 1316 5336 ὅρος
1345 5263 1526 5334 Σιγὼρ
1556 5262 1830 5332 ἀθεμίτων
1851 5280 1986 5331 νυμ-

401 5365 694 5434 φευμάτων
729 5363 949 5432 ἐγένετο
989 5360 1252 5428 θάλαμος.
1287 5359 1352 5410 Ai
1391 5358 1496 5425 γὰρ
1529 5353 1622 5407 τοῦ
1660 5354 1784 5408 Λὼτ
1819 5356 1983 5423 θυγα-

399 5454 578 5523 τέρες,
604 5452 746 5522 μετά
776 5449 874 5520 τὴν
901 5452 966 5503 ἐκ
995 5450 1246 5519 Σοδόμων
1277 5446 1587 5516 ἀποφυγὴν,
1618 5447 1866 5498 κάτοινον
1895 5446 1985 5498 τὸν

404 5547 582 5614 φύντα
624 5547 951 5617 ποιήσασαι,
991 5542 1089 5614 τὴν
1131 5541 1412 5612 τολμηρὰν
1453 5539 1668 5610 ἐκείνην
1713 5555 1987 5608 πατρομι-

477 5686 497 5718 ³
525 5687 634 5740 lsa.
674 5701 824 5749 xm,
862 5685 950 5739 1θ.
1025 5683 1047 5716 ⁸
1075 5681 1210 5739 Gen.
1243 5698 1376 5747 xxu,
1401 5682 1454 5734 Ξ.
1533 5681 1552 5712 ⁵
1575 5679 1712 5735 Gen.
1754 5694 1867 5740 xu,
1892 5677 1980 5732 50.

409 5757 558 5879 11.Ξ
599 5759 620 5788 ¹⁹
659 5757 828 5812 Exod.
863 5771 1012 5820 xxiv,
1074 5755 1158 5808 12.
1257 5753 1300 5785 "
1335 5752 1402 5807 111
1463 5751 1594 5820 Reg.
1657 5767 1767 5815 χιιι,
1835 5751 1920 5804 11.

410 5843 485 5879 ιι.
565 5865 578 5878 .

410 5843 485 5891 λι,
525 5843 578 5879 2.

2060 5677 2080 5707 ‘
2103 5677 2270 5732 Exod.
2312 5693 2390 5742 ιιι,
2423 5677 2476 5730 1.

2018 5750 2056 5781 ¹¹
2089 5749 2286 5803 Matth.
2323 5763 2371 5814 ν,
2438 5749 2458 5802 1
2496 5762 2649 5818 seqq.

2080 4627 2480 4688 misericordes,
2536 4635 2588 4677 et
2639 4639 2807 4692 puros
2841 4627 3028 4690 corde,
3071 4635 3125 4677 et
3154 4636 3422 4694 quotquot
3461 4629 3662 4681 chorus

2080 4719 2472 4775 beatitudinum
2499 4717 2930 4783 emnpreheodit,
2959 4731 3053 4770 eos
3081 4718 3235 4772 duxit
3259 4719 3308 4772 in
3333 4729 3574 4772 montem
3593 4719 3636 4750 "

2082 4810 2325 4876 itemque
2371 4809 2568 4861 docere
2599 4817 2719 4859 cum
2763 4807 2930 4860 voluit
2982 4809 3171 4861 orandi
3217 4809 3458 4874 modum,
3510 4812 3560 4864 id
3609 4811 3662 4864 in

2082 4911 2266 4955 monte
2301 4899 2639 4968 prmstitil".
2681 4897 2774 4953 Sic
2825 4900 2991 4967 igitur
3035 4901 3272 4954 divinam
3306 4917 3522 4971 quoque
3548 4904 3666 4972 glo-

2092 4992 2224 5044 riam
2283 5005 2433 5044 suam
2489 5005 2609 5041 cum
2664 4990 2715 5041 in
2757 4991 2940 5044 animo
2997 4991 3222 5044 haberet
3255 4996 3567 5058 ostendere,
3611 4996 3666 5050 in

2089 5093 2328 5138 montem
2364 5084 2657 5136 ascendere
2692 5095 3110 5136 consentaneum
3147 5084 3243 5138 fuit
3267 5086 3332 5141 ³³.

2164 5175 2271 5230 Sed
2319 5179 2461 5229 enim
2518 5174 2636 5228 aliis
2693 5176 2970 5230 montibus
3020 5180 3405 5244 praetermissis
3455 5181 3674 5235 Thalior

2089 5265 2253 5336 elegit
2301 5285 2312 5320 :
2377 5266 2632 5334 quoniam
2689 5280 2846 5318 mons
2898 5266 3116 5334 quidem
3165 5267 3335 5337 Segor
3385 5271 3670 5324 vetitorum

2094 5363 2400 5426 nuptiarum
2441 5357 2612 5409 factus
2638 5367 2723 5409 est
2771 5357 3062 5411 thalamus.
3099 5356 3362 5413 Nimirum
3395 5359 3517 5413 filia:
3552 5359 3671 5428 Lot,

2097 5457 2380 5518 pnstqnam
2442 5463 2508 5501 ex
2572 5448 2826 5502 Sodomis
2884 5451 3232 5517 aufugerunt,
3287 5467 3408 5504 cum
3463 5461 3672 5518 patrem

2095 5541 2222 5592 vino
2266 5537 2594 5603 obruissent,
2632 5537 2808 5592 audax
2869 5539 3000 5594 illud
3035 5537 3216 5594 fecere
3253 5541 3555 5610 ﬂagitium,
3616 5550 3674 5595 ut

2579 5675 2795 5732 'Exod.
2856 5695 2982 5742 xxv,
3035 5677 3126 5732 40.
3203 5678 3423 5736 'Exod.
3467 5694 3672 5745 ιικιιιι,

2728 5749 2769 5780 η
2800 5746 2988 5804 Matth.
3029 5763 3098 5813 ν-ι,
3147 5748 3368 5820 9.seqq.
3453 5749 3673 5807 ,ι³.ι.ιιυ.
