4074 6398
311 359 450 426 1033

1694 355 2025 418 ΗΟΜΙΙᾸΑ
2070 355 2225 420 LIX.

3435 356 3574 421 103i

302 494 420 540 τος.
448 477 557 531 Καὶ
580 479 607 531 ὁ
635 478 732 548 μὲν
753 477 1132 547 καταπλαγεὶς
1151 477 1231 549 τῷ
1259 475 1396 546 ξένῳ
1415 475 1666 543 θεάματι,
1694 472 1846 538 ἔλεγε
1877 486 1892 502 ο

2005 467 2232 520 historia
2283 465 2392 535 jam
2459 465 2775 535 splendente
2834 466 3057 521 meridie
3104 468 3338 524 divinam
3388 471 3460 523 illi
3512 487 3575 525 ac

312 589 331 620 ι
363 571 568 633 Διαϐὰς
599 570 805 640 ὄψομαι
830 571 890 623 τὸ
920 572 1104 640 ὅραμα
1136 568 1351 621 τοῦτο.»
1395 569 1456 620 Ἠ
1481 567 1536 620 δὲ
1561 569 1624 618 ὲκ
1655 565 1748 618 τοῦ
1780 583 1892 631 φω-

303 662 400 724 τὸς
439 664 650 714 ἐκείνου
682 665 834 733 φωνὴ
893 661 1094 716 κωλύει
1144 662 1232 715 τὸν
1279 661 1481 715 Minos-Eat
1516 661 1786 730 προϐῆναι
1817 655 1894 725 τῷ

301 751 423 820 δρει
458 751 837 822 βεὸαρημένον
907 756 1019 814 τοῖς
1061 757 1274 822 νεκροῖς
1339 753 1720 822 ὑποδήμασιν,
1777 747 1890 800 ἀλλ’

303 845 615 896 ἐκλύσαντα
691 845 958 915 πρότερον
1027 843 1122 896 τοῦ
1190 844 1348 907 ποδὸς
1413 844 1683 911 ὑπόδημα,
1749 841 1892 892 οὕτω

309 935 672 1002 προσεγγίσαι
690 937 756 1002 τῇ
779 933 986 1004 βάτῳ,ἥ
1006 933 1084 1002 τῷ
1103 934 1228 1001 θείῳ
1249 934 1388 1001 φωτὶ
1407 933 1809 1001 κατελὰμπετο.
1830 930 1894 982 Τί

301 1022 400 1078 οὖν
455 1024 709 1077 ἐντεῦθεν
783 1027 1335 1096 μυσταγωγοῦμεθας
1378 1027 1435 1079 '0
1472 1026 1570 1094 μὲν
1628 1025 1888 1093 Μωῦτῆς,

306 1119 404 1170 ἅτε
431 1118 926 1188 προφητικώτατος
982 1117 1078 1184 ὢν,
1110 1119 1204 1172 καὶ
1254 1119 1397 1188 ὁρῶν
1429 1120 1504 1181 ὡς
1529 1117 1615 1168 ἐπ’
1647 1117 1891 1186 ἐσχάτων

307 1209 417 1260 τῶν
460 1210 670 1278 χρόνων
715 1209 990 1279 ἐκλάμψει
1030 1209 1090 1262 τὸ
1130 1210 1246 1278 φῶς
1297 1210 1395 1278 τῆς
1433 1209 1686 1278 θεότητος
1732 1213 1788 1260 ἐν
1823 1209 1888 1276 τῇ

308 1301 472 1371 σαρκὶ
498 1298 589 1352 τοῦ
643 1301 1016 1368 Μονογενοῦς,
1047 1301 1112 1372 ἣν
1145 1303 1176 1371 ἡ
1211 1300 1373 1372 βάτος
1417 1301 1681 1372 ᾐνίττετο,
1716 1299 1892 1352 ταῦτα

305 1389 458 1457 λέγει
487 1392 868 1459 προφητικῶς,
906 1391 1098 1454 διαϐὰς
1138 1395 1203 1461 τῇ
1246 1391 1449 1463 θεωρίξι
1501 1391 1626 1451 τοὺς
1683 1389 1888 1458 μεταξὺ

307 1482 557 1553 χρόνους,
603 1486 698 1535 καὶ
731 1485 852 1536 κατ“
884 1487 1093 1537 ἐκεῖνον
1140 1484 1438 1553 γενόμενος
1493 1481 1584 1534 τὸν
1613 1481 1710 1550 τῆς
1741 1482 1890 1533 οίκο-

309 1579 504 1645 νομίας
539 1576 732 1646 καιρόν
763 1593 776 1606 ·
808 1576 1052 1645 Ὀψομαι
1075 1577 1135 1628 τὸ
1177 1576 1320 1646 μέγα
1345 1576 1550 1645 ὅραμα,
1591 1575 1649 1625 rb
1683 1574 1770 1626 διὰ
1793 1572 1887 1625 τοῦ

309 1669 485 1736 φωτὸς
503 1667 694 1720 τούτου
715 1667 1070 1738 δηλούμενον.
1092 1668 1155 1719 Τί
1180 1663 1273 1720 οῦν
1295 1666 1431 1736 πρὸς
1455 1665 1617 1718 αὐτὸν
1642 1667 1674 1734 ἡ
1699 1657 1846 1732 (ῥωνή
1871 1681 1884 1728 ;

321 1761 754 1830 Ἐπαγγέλλεται
805 1760 1003 1824 δείξειν
1039 1761 1187 1830 αὐτῷ
1235 1759 1294 1812 rb
1324 1757 1651 1828 ἀναλάμψαι)
1685 1757 1800 1826 φῶς
1830 1759 1888 1808 ὲν

2001 559 2300 612 terribilem
2355 558 2597 612 oblatam
2642 573 2763 613 esse
2812 561 3089 628 speciem,
3143 561 3316 616 lucem
3369 564 3578 619 scilicet

1996 651 2221 705 alteram
2267 653 2396 706 solis
2435 651 2551 706 luce
2590 651 2848 719 majorem
2888 669 2952 706 ex
2994 655 3227 717 qundam
3283 655 3445 710 rubro
3483 672 3576 710 co-

1998 751 2328 804 ruscantem,
2363 753 2524 811 atque
2562 743 2714 796 illum
2751 753 2857 796 tam
2898 759 3037 798 novo
3083 748 3396 815 spectat-nlo
3429 758 3574 803 atto-
3607 767 3610 771 '

1998 832 2169 884 nilum
2225 834 2468 886 dixisse:
2511 851 2530 882 t
2574 832 2772 886 Vadam
2811 846 2861 887 t-t
2894 837 3082 889 \ltlt’lm
3118 839 3382 894 visionem
3434 842 3575 896 hanc

1999 939 2244 992 magnam
2281 925 2346 980 ".
2379 943 2396 976 ι
2432 926 2538 978 Sed
2568 941 2632 979 ex
2675 925 2763 979 illo
2801 928 3001 982 lumine
3031 947 3128 983 vox
3171 935 3368 986 emissa
3405 940 3576 992 vctu't

1997 1012 2198 1066 Mosen)
2229 1029 2294 1068 ne
2329 1013 2650 1070 mortalibus
2683 1020 2882 1072 calet-is
2922 1035 3178 1088 gravatus
3225 1027 3290 1078 ad
3337 1039 3574 1083 montem

1997 1106 2304 1167 accederet,
2336 1107 2429 1159 sed
2464 1109 2529 1161 iis
2567 1108 2716 1176 prius
2748 1110 2961 1175 solutis,
3001 1113 3082 1167 fas
3121 1130 3243 1170 esse
3270 1119 3335 1171 ad
3380 1123 3574 1175 rubum

1995 1195 2178 1252 divina
2207 1200 2325 1252 luce
2367 1197 2718 1266 rel'olgenlem
2747 1206 3205 1275 appmpii-quare.
3242 1211 3378 1276 Quid
3413 1214 3577 1282 igitur

1999 1286 2122 1340 hinc
2166 1287 2408 1357 mystica:
2466 1290 2730 1344 doctrinae
2776 1293 3078 1352 discimus?
3124 1298 3298 1356 Moses
3336 1305 3574 1371 quidem,

1995 1385 2182 1444 utpote
2225 1379 2315 1447 qui
2361 1381 2678 1450 prophetico
2717 1384 2941 1450 polleret
2994 1390 3229 1445 maxime
3266 1393 3483 1462 spiritu,
3515 1413 3576 1452 ac

1995 1479 2200 1533 videret
2238 1477 2502 1547 futurum,
2547 1496 2602 1537 ut
2634 1488 2898 1542 extremis
2955 1492 3285 1558 temporibus
3319 1496 3577 1552 divinita-

1996 1570 2064 1622 tis
2107 1571 2362 1637 splendor
2393 1576 2444 1625 in
2481 1589 2643 1630 carne
2683 1571 2955 1648 Unigeniti
3009 1583 3321 1654 refulgeret,
3361 1604 3479 1656 quae
3525 1592 3576 1644 in

1995 1660 2113 1713 rubl
2149 1660 2290 1714 illius
2331 1665 2617 1734 :cuigmate
2671 1669 3105 1739 signiﬁcabatur,
3158 1677 3272 1732 haec
3310 1695 3406 1736 ore
3448 1697 3578 1751 pro—

1993 1753 2208 1821 phetico
2264 1754 2398 1809 dicit
2448 1774 2461 1811 :
2511 1759 2692 1812 omnia
2763 1762 2974 1818 scilicet
3027 1769 3312 1836 interjecta
3376 1776 3578 1830 saecula

306 1853 528 1924 Θαὸᾡρ.
583 1853 742 1907 Ἀλλὰ
771 1855 940 1919 rora;
977 1855 1143 1907 Ὅταν
1195 1851 1328 1923 λυθῇ
1382 1851 1480 1920 τῆς
1536 1850 1761 1920 σαρκὸς,
1789 1849 1890 1920 τῆς

1996 1847 2454 1916 contemplatione
2489 1857 2874 1910 transcurrens
2907 1867 2962 1911 et
2988 1859 3040 1910 in
3089 1860 3204 1927 ipso
3242 1862 3578 1920 lncarnatio—

306 1945 640 2018 δερματίνης
687 1947 1003 2016 περιϐολῆς,
1061 1946 1162 2014 τῆς
1229 1945 1544 2014 έντεθείσης
1587 1946 1654 2014 τῇ
1695 1942 1884 2011 φύσει,

307 2040 399 2092 ὅτε
421 2040 508 2092 διὰ
531 2040 782 2108 παρακοή
798 2083 810 2099 _.
839 2039 930 2091 τοῦ
955 2037 1098 2090 θείου
1133 2037 1439 2108 θελήματος
1457 2035 1856 2108 ὲγυμνώθημεν
1874 2074 1889 2089 .

309 2132 480 2184 Ὅταν
514 2131 628 2196 οῦν,
661 2131 820 2201 φησὶ,
849 2131 1018 2202 λύσῃς
1043 2130 1103 2182 rb
1133 2131 1396 2200 ὑπόδημά
1439 2147 1556 2192 σου,
1604 2129 1891 2182 τουτέστιν

307 2226 439 2277 ὅταν
487 2225 767 2294 ἁπολυθῇς
833 2224 936 2292 τῆς
988 2223 1212 2294 σαρκίις,
1262 2223 1384 2276 τότε
1420 2223 1542 2293 ὄψει
1594 2223 1657 2276 rb
1709 2225 1894 2293 ὅραμα

307 2317 470 2368 τοῦτο
501 2317 558 2368 ὲν
584 2315 662 2385 τῷ
704 2314 927 2385 Θαϐὡρ.
965 2314 1347 2368 Διαλευκαίνει
1379 2315 1435 2368 δὲ
1479 2316 1580 2386 τὴν
1635 2316 1893 2368 ὑπόθεσιν

307 2407 773 2478 τηλαυγέστερον,
806 2412 893 2462 ὅτε
923 2411 949 2461 ό
990 2409 1088 2478 μὲν
1123 2407 1366 2477 Μωῦσῆς
1415 2407 1656 2470 διακαῶς
1683 2409 1892 2478 ἱμειρό-

311 2518 472 2570 pavo;
507 2501 636 2552 ἰδεῖν
669 2503 758 2552 τὸν
792 2500 946 2562 Θεὸν,
989 2519 1007 2551 t
1038 2501 1221 2565 Δείξόν
1259 2517 1349 2568 μοι
1385 2500 1482 2569 τὴν
1529 2500 1690 2565 δόξαν
1717 2517 1834 2561 σου,
1866 2519 1883 2550 ι

307 2592 531 2658 ἔλεγεν·
563 2594 589 2644 ό
620 2592 676 2644 δὲ
730 2591 863 2653 Θεὸς
929 2591 1004 2662 μὴ
1067 2591 1246 2653 ἄλλως
1291 2591 1479 2658 ἔλεγεν
1532 2588 1674 2643 εἶναι
1731 2590 1892 2643 τοῦτο

308 2685 558 2748 δυνατὸν,
587 2686 635 2736 εί
663 2686 738 2754 μὴ
774 2686 1044 2754 πρότερον
1102 2685 1442 2750 σκεπασθείη
1471 2686 1537 2754 τῇ
1574 2685 1774 2754 πέτρᾳ,
1799 2683 1893 2735 καὶ

307 2778 484 2841 οὕτως
535 2778 727 2842 ὄψεται
763 2779 832 2830 τὰ
891 2777 1148 2829 ὀπίσθια·
1182 2776 1270 2828 διὰ
1308 2779 1407 2846 μὲν
1441 2777 1538 2845 τῆς
1592 2776 1798 2845 πέτρας
1831 2776 1893 2826 rb

307 2870 650 2938 τεθεωμένον
683 2869 842 2938 σῶμα
874 2868 1076 2940 δηλῶν,
1109 2869 1197 2922 διὰ
1239 2868 1295 2920 δὲ
1329 2867 1435 2920 τῶν
1469 2867 1757 2935 ὀπισθίων,
1791 2866 1892 2936 τὴν

310 2961 400 3015 ἐπ’
428 2963 676 3032 ἐσχάτων
734 2962 842 3014 τῶν
891 2963 1099 3031 χρόνων
1163 2963 1497 3034 φανέρωσιν,
1553 2963 1690 3031 ὅπερ
1738 2964 1797 3014 έν
1825 2964 1890 3032 τῇ

310 3053 435 3123 θείᾳ
465 3056 891 3123 μεταμορφώσει
930 3054 1104 3123 πέρας
1138 3055 1381 3118 ἐδέξατο.
1423 3053 1564 3106 Ἀλλ’
1617 3051 1759 3124 αῦτη
1793 3055 1892 3124 μὲν

310 3147 344 3214 ἡ
373 3146 508 3214 πρὸς
545 3147 637 3199 τὸν
669 3146 912 3215 θεόπτην
941 3147 1258 3217 ὑπόσχεσις.
1279 3147 1460 3200 Ἠλιοῦ
1508 3145 1565 3199 δὲ
1613 3147 1893 3217 γενομένῳ

310 3241 370 3291 ὲν
400 3238 626 3304 Χωρὴό,
663 3239 758 3291 καὶ
784 3239 1110 3310 ἀσχάλλοντι
1144 3239 1512 3309 ἐπηγγείλατο
1540 3239 1606 3291 δι’
1630 3240 1892 3310 αἰνίγμα-

308 3347 402 3394 τος
429 3332 526 3401 τὴν
555 3334 634 3394 εὶς
657 3334 718 3384 rb
775 3331 1060 3402 Θαὸώριον
1094 3330 1300 3402 ταύτην
1360 3333 1688 3400 ἐμφάνειαν,
1720 3331 1893 3394 οὕτως

309 3424 486 3478 είπών
510 3441 523 3454 ·
574 3444 590 3476 ι
621 3426 802 3496 Στήσῃ
857 3424 1048 3496 αὔριον
1078 3426 1335 3477 ἐναντίον
1379 3425 1610 3495 Κυρίου,
1654 3427 1748 3477 καὶ
1782 3424 1892 3478 ἰδοὺ

309 3518 535 3586 πνεῦμα
595 3518 810 3590 ἐξαὶρον
867 3519 989 3587 ὅρη,
1049 3519 1140 3570 καὶ
1177 3517 1467 3588 συντρίϐον
1507 3519 1756 3588 πέτρας·
1792 3519 1894 3570 οὐκ

308 3616 369 3666 ὲν
399 3612 477 3681 τῷ
512 3611 789 3680 πνεύματι
818 3611 1047 3680 Κύριος,
1087 3611 1180 3662 καὶ
1236 3611 1378 3679 μετὰ
1418 3609 1479 3662 τὸ
1515 3609 1735 3679 πνεῦμα
1766 3627 1896 3663 συσ·

311 3705 564 3774 σεισμὸς,
592 3707 697 3756 οὐκ
743 3706 802 3756 ὲν
853 3703 930 3772 τῷ
982 3703 1302 3772 συσσεισμῴ
1351 3701 1588 3770 Κύριος,
1627 3705 1720 3756 καὶ
1757 3703 1896 3772 μετὰ

308 3798 406 3849 τὸν
432 3797 762 3866 συσσεισμδν
797 3796 930 3866 πῦρ,
963 3799 1064 3849 οὐκ
1093 3798 1150 3849 έν
1191 3797 1268 3868 τῷ
1337 3798 1472 3868 πυρὶ
1527 3797 1756 3867 Κύριος,
1803 3799 1895 3850 καὶ

313 3889 459 3960 μετὰ
483 3890 542 3942 rb
575 3889 688 3959 πῦρ
736 3889 888 3958 φωνὴ
914 3887 990 3950 ὡς
1020 3887 1193 3958 alipta;
1239 3888 1466 3957 λεπτῆς,
1510 3891 1605 3941 καὶ
1637 3891 1753 3940 ἐκεῖ
1779 3888 1894 3941 Κύ-

313 3999 454 4052 ριος.
495 4003 512 4035 ι
563 3981 830 4035 Ἐνταῦθα
872 3985 982 4052 γὰρ
1035 3983 1134 4046 τὰς
1186 3995 1329 4035 κατα
1370 3983 1598 4052 καιροὺς
1629 3982 1722 4034 τοῦ
1753 3980 1892 4034 Θεοῦ

311 4075 618 4146 ἐμφανείας
668 4074 911 4146 ᾐνίξατο,
975 4073 1033 4126 ἐν
1057 4090 1116 4126 τε
1144 4077 1257 4136 τοῖς
1288 4076 1660 4145 πατριάρχαις
1688 4074 1784 4126 καὶ
1816 4073 1894 4143 τῷ

310 4169 485 4239 νόμῳ,
513 4168 607 4220 καὶ
632 4169 744 4230 τοῖς
773 4165 1106 4238 προφήταις,
1139 4168 1197 4219 ὲν
1225 4163 1306 4230 οἷς
1359 4167 1616 4238 ἀμυδρῶς
1679 4169 1772 4220 καὶ
1818 4167 1894 4231 ὡς

310 4263 368 4313 ὲν
396 4261 647 4330 ἐσόπτρῳ
684 4263 896 4323 τούτοις
923 4261 1239 4314 ὀπτὰνεται.
1292 4262 1380 4312 Ἐν
1398 4259 1456 4314 δὲ
1500 4263 1610 4321 τοῖς
1643 4261 1892 4330 ἐσχάτοις

313 4357 551 4426 καιροῖς,
583 4355 742 4418 αὐτὸς
803 4356 832 4405 ὁ
883 4353 1019 4415 Θεὸς
1055 4353 1258 4425 Κύριος
1299 4355 1572 4422 ὲπέφανεν
1609 4356 1764 4424 ἡμῖν.
1795 4353 1894 4407 Διὰ

315 4447 417 4519 μὲν
465 4445 557 4500 οὖν
601 4448 662 4500 rb
721 4445 913 4518 αῦριον
951 4447 1079 4507 τοὺς
1132 4447 1631 4516 μεταγενεστέρους
1669 4446 1894 4516 χρόνους

1994 1938 2078 1991 nis
2121 1948 2360 2010 tempore
2391 1957 2680 2010 prtesens:
2721 1943 2924 2000 Videbo
2969 1964 3220 2017 magnum
3269 1952 3400 2009 illttd
3454 1973 3579 2026 Spe-

1993 2032 2290 2100 ctaculnm,
2319 2035 2461 2102 quod
2508 2035 2610 2090 hac
2653 2038 2783 2091 mibi
2829 2039 2947 2094 luce
2982 2043 3404 2102 demonstratur.
3437 2048 3576 2116 Quid

1994 2123 2156 2192 ig?tttr
2187 2126 2254 2178 al
2286 2141 2408 2178 eum
2460 2128 2666 2196 perlata
2709 2131 2849 2184 vox?
2903 2132 3183 2189 Promittit
3228 2152 3358 2193 sane
3401 2140 3574 2194 iUCt'Ill

1993 2213 2134 2268 illam
2169 2213 2518 2284 refulgeutcm
2553 2221 2603 2273 lll
2637 2219 2858 2276 Thabor
2902 2225 2976 2278 illi
3007 2229 3443 2295 ostendendam;
3483 2234 3576 2286 scd

1993 2322 2098 2376 quo
2123 2310 2401 2376 tempore?
2431 2311 2566 2367 Cum
2603 2324 2749 2370 esset
2776 2317 3057 2375 exsolutus
3080 2334 3263 2387 carne,
3301 2324 3391 2377 illo
3420 2326 3580 2378 nitui-

1994 2411 2109 2450 rum
2144 2399 2367 2467 pelliceo
2397 2404 2628 2472 tegmine
2664 2405 2777 2477 (55)
2828 2421 3037 2463 natura:
3081 2421 3278 2466 nostrae
3325 2423 3434 2465 tum
3471 2414 3580 2467 cir-

1993 2491 2304 2558 cuntjecto,
2359 2510 2484 2548 cum
2524 2497 2720 2552 violato
2767 2500 2951 2555 divino
3000 2515 3269 2571 praecepto
3321 2506 3576 2559 denudati

1995 2588 2213 2640 fuimus.
2252 2586 2478 2653 Quando
2501 2591 2668 2660 igitur
2698 2594 2927 2650 solveris
2953 2597 3376 2652 calceamentum
3399 2611 3576 2664 Illtllll,

1996 2678 2097 2731 hoc
2136 2687 2220 2732 est
2247 2681 2465 2747 quando
2497 2697 2662 2737 carne
2708 2686 2920 2740 solutus
2969 2701 3031 2740 ac
3082 2688 3221 2742 liber
3267 2691 3396 2756 eris,
3452 2703 3580 2746 tunc

1995 2770 2204 2826 videbis
2249 2773 2511 2829 visionem
2575 2778 2713 2832 hanc
2767 2794 3014 2849 magnam
3069 2783 3121 2836 in
3174 2785 3410 2840 Thabor.
3473 2789 3580 2843 Ex-

1996 2865 2185 2933 planat
2237 2883 2400 2936 porro
2431 2869 2732 2938 subjectam
2780 2877 3108 2931 sententiam
3157 2879 3356 2934 clarius
3403 2882 3580 2936 Moses

1996 2955 2134 3025 ipse,
2169 2973 2291 3013 cum
2325 2962 2540 3017 videndi
2572 2963 2661 3018 Dei
2698 2966 2970 3021 desiderio
3020 2968 3274 3040 ﬂagrans,
3318 2973 3576 3030 dicebat:

2003 3068 2021 3100 ι
2062 3050 2300 3107 Ostende
2331 3053 2464 3107 tttihi
2491 3055 2724 3124 gloriam
2758 3065 2905 3111 tuam
2936 3059 3003 3115 ⁸⁷.
3039 3079 3056 3112 ι
3091 3059 3232 3117 Deus
3260 3074 3436 3119 autem
3471 3083 3577 3120 non

1921 3190 1970 3252 ϐ
1999 3143 2107 3198 alio
2144 3145 2194 3198 ld
2215 3145 2330 3198 lleri
2356 3160 2512 3214 posse
2547 3149 2708 3203 modo
2733 3154 3032 3220 respondit,
3059 3155 3158 3208 nisi
3179 3157 3496 3224 priuspctra
3519 3174 3581 3215 se

2005 3243 2248 3300 tegeret:
2287 3245 2399 3288 tum
2433 3239 2575 3290 enim
2601 3241 2906 3308 posteriora
2943 3241 3224 3298 visurum:
3253 3261 3347 3314 per
3370 3257 3577 3315 petram

1999 3326 2216 3396 quidem
2237 3341 2437 3394 corpus
2460 3329 2770 3384 deiﬁeatum
2804 3331 2916 3402 (56)
2946 3333 3220 3399 iudicans,
3270 3352 3367 3405 per
3398 3347 3580 3407 poste-

1998 3419 2142 3471 riora
2211 3434 2342 3474 vero
2399 3419 2635 3475 futuram
2673 3427 2966 3492 postremis
3022 3424 3188 3497 506
3246 3430 3580 3498 temporibus

2000 3507 2496 3562 manifestationem
2525 3528 2537 3563 :
2581 3513 2728 3580 quod
2766 3513 2816 3566 in
2848 3516 2949 3568 hac
2989 3516 3170 3569 divina
3201 3516 3580 3589 Transﬁgnra-

2000 3610 2146 3664 tione
2183 3611 2342 3663 linem
2375 3612 2605 3678 accepit.
2647 3613 2824 3682 Atque
2864 3615 2976 3669 htec
3019 3630 3148 3670 sane
3171 3616 3304 3672 Mosi
3340 3633 3584 3676 contem-

1998 3701 2194 3771 platori
2255 3702 2346 3756 Dei
2407 3701 2546 3757 faeta
2611 3705 2919 3773 promissio.
2980 3705 3111 3760 Elite
3164 3723 3291 3763 vero
3346 3726 3469 3765 cum
3525 3713 3580 3767 in

1995 3791 2210 3848 Choreb
2243 3797 2481 3862 degeret.
2519 3804 2574 3849 et
2624 3795 2807 3850 animo
2855 3808 3001 3852 esset
3045 3797 3263 3866 aﬂlicto,
3317 3801 3580 3856 visionem

2001 3889 2140 3942 hanc
2175 3886 2315 3941 Deus
2347 3887 2600 3956 promisit
2631 3887 2720 3941 illa
2751 3890 3045 3943 verborum
3077 3890 3304 3961 ambage
3341 3909 3354 3946 :
3409 3911 3429 3944 t
3457 3891 3584 3948 Sta-

1999 3983 2083 4037 bis
2115 3996 2238 4036 cras
2268 3997 2451 4036 coram
2489 3981 2716 4037 Domino
2745 3999 2760 4035 :
2801 3993 3000 4039 etecce
3020 3985 3242 4054 spiritus
3277 3987 3583 4044 dissolvens

2000 4082 2236 4134 montes.
2266 4083 2320 4127 et
2349 4083 2634 4129 conterens
2682 4085 2904 4142 petras;
2942 4091 3047 4130 nou
3087 4077 3140 4131 iu
3177 4079 3371 4146 spiritu
3408 4078 3587 4133 Domi-

2000 4181 2122 4220 nus.
2143 4166 2205 4219 Et
2223 4174 2342 4235 post
2363 4166 2608 4234 spiritum
2628 4169 2947 4234 concussio;
2969 4184 3074 4223 non
3109 4170 3162 4223 in
3219 4175 3582 4226 concussione

2005 4260 2282 4314 Dominus.
2315 4257 2373 4312 Ft
2409 4271 2528 4326 past
2565 4262 2980 4316 concussionem
3015 4262 3187 4332 ignis;
3221 4280 3322 4317 non
3368 4265 3420 4319 in
3457 4281 3576 4335 ign».

2003 4353 2266 4407 Dominus
2295 4353 2360 4408 ’⁸.
2395 4353 2463 4407 Ει
2498 4365 2618 4422 post
2654 4354 2833 4424 ignem
2863 4371 2962 4410 vox
2991 4372 3138 4411 aura:
3173 4359 3386 4424 tenuis;
3427 4370 3482 4414 et
3508 4363 3577 4414 ibi

2001 4445 2283 4502 Dominus.
2325 4465 2344 4498 ι
2410 4447 2523 4502 Hoc
2557 4447 2706 4500 enim
2761 4449 2882 4502 loco
2945 4448 3036 4502 Dei
3113 4449 3584 4505 maniicslationes

311 4542 578 4611 ἐσήμανε.
629 4541 728 4593 Διὰ
776 4540 833 4593 δὲ
893 4543 996 4610 τῆς
1049 4538 1253 4609 λεπτῆς
1309 4538 1524 4609 αὔρας,
1568 4539 1627 4591 τὸ
1697 4537 1892 4590 λεπτὸν

2002 4542 2120 4596 alia:
2184 4541 2290 4594 alio
2354 4549 2592 4610 tempore
2650 4540 2804 4594 laetae
2859 4545 3091 4596 obscure
3155 4543 3481 4596 deuotantur
3533 4544 3584 4597 in

311 4635 493 4687 έκεῖνο
527 4634 689 4703 σῶμα
750 4633 843 4686 καὶ
897 4633 1162 4703 καθαρὸν,
1211 4631 1305 4686 ire
1363 4635 1570 4702 πάχους
1620 4632 1895 4702 ἁμαρτίας

310 4727 534 4795 γεγονὸς
592 4726 996 4798 ἁπαρὰδεκτον.
1032 4726 1131 4779 Διὰ
1185 4726 1241 4778 δὲ
1293 4726 1393 4795 τῆς
1430 4727 1636 4797 φωνῆς,
1672 4727 1763 4778 τὸν
1806 4726 1897 4779 διὰ

313 4815 568 4887 σώματος
601 4820 736 4888 ἡμῖν
761 4818 1105 4888 ὁμιλήσαντα
1140 4818 1233 4872 τοῦ
1263 4817 1400 4870 Θεοῦ
1433 4819 1605 4884 Λόγον
1636 4817 1896 4888 ἐδήλωσε.

309 4912 404 4964 Διὸ
456 4914 551 4964 καὶ
606 4914 880 4982 ἐπήγαγε,
917 4932 935 4962 t
975 4913 1084 4965 Καὶ
1126 4911 1273 4965 ’ἐκεῖ
1327 4913 1551 4981 Κύριος.
1595 4931 1612 4963 ι
1662 4911 1772 4963 Καὶ
1805 4911 1898 4963 rbv

314 5004 416 5074 μὲν
438 5006 642 5058 Μωσέα
671 5006 812 5076 μετὰ
843 5007 1075 5059 θάνατον
1110 5006 1373 5075 μέλλοντα
1407 5006 1612 5076 ταύτης
1657 5003 1896 5075 ἀξτωθῆ·

309 5114 403 5152 ναι
431 5098 528 5168 τῆς
562 5098 710 5165 θέας,
733 5099 1034 5154 ἐπέταττεν
1067 5102 1100 5171 ή
1126 5098 1305 5170 φωνὴ,
1335 5100 1512 5154 Λῦσαι
1541 5100 1807 5170 πρότερον
1834 5100 1896 5151 rb

385 5261 429 5293 “
460 5260 631 5316 Exod.
661 5275 744 5326 nt,
777 5260 831 5315 5.
907 5261 953 5292 "
997 5261 1172 5316 Exod.
1195 5275 1385 5326 xxxtu,
1420 5260 1506 5315 {8.

2006 4635 2360 4704 patriarchis,
2394 4636 2446 4690 in
2486 4635 2600 4706 lege
2628 4645 2683 4688 et
2725 4635 2779 4688 in
2829 4634 3145 4702 prophetis;
3187 4636 3238 4688 in
3277 4636 3475 4704 quibus
3507 4646 3589 4690 te-

2007 4730 2206 4794 nuiter,
2235 4740 2288 4782 et
2326 4728 2492 4782 veluti
2527 4729 2576 4779 in
2609 4725 2829 4796 speculo
2865 4727 2970 4778 illis
2991 4737 3075 4780 est
3098 4725 3265 4790 visus;
3297 4731 3589 4795 postremis

2005 4838 2130 4876 vero
2161 4822 2494 4892 temporibus
2523 4822 2638 4890 ipse
2682 4818 2824 4874 Deus
2849 4817 3112 4873 Dominus
3139 4819 3293 4873 nobis
3318 4823 3587 4889 apparuit.

2002 4913 2106 4968 Per
2139 4923 2355 4982 tempus
2397 4914 2560 4981 igitur
2600 4911 2894 4965 crastinum
2920 4910 3309 4980 subsequentia
3349 4923 3590 4982 tempora

2001 5008 2268 5076 signavit;
2335 5021 2428 5075 per
2479 5020 2666 5059 auram
2726 5019 2859 5058 vero
2913 5012 3129 5057 tenuem
3193 5014 3352 5059 tenue
3392 5021 3592 5075 corpus

2003 5099 2135 5153 illud
2184 5108 2238 5151 et
2292 5111 2487 5166 parum
2547 5097 2685 5169 (57),
2746 5107 2804 5150 ιιι
2851 5095 2994 5166 quod
3045 5097 3253 5165 peccati
3288 5097 3592 5152 crassitient

1583 5257 1628 5290 ’⁸
1667 5259 1734 5314 ΙΙΙ
1769 5257 1903 5328 Reg.
1939 5275 2053 5323 xtx,
2100 5260 2186 5312 il.

1549 5378 1882 5440 Francisci
1925 5378 2132 5440 Scorsi
2172 5383 2360 5438 notae.

389 5505 499 5573 (55)
537 5502 642 5558 Illo
678 5504 928 5576 nimirum
963 5503 1178 5571 pellireo
1216 5505 1464 5576 tegmine.
1516 5501 1756 5557 Tunicas
1786 5504 1899 5572 pel-

311 5577 500 5641 liceas,
567 5577 765 5644 quibus
827 5575 968 5629 Deus
1025 5578 1229 5644 primos
1275 5575 1534 5644 parentes
1584 5591 1612 5628 a
1671 5587 1898 5644 peccato

313 5646 586 5713 amicivit,
623 5646 850 5714 ligurate
877 5661 977 5715 pro
1005 5648 1154 5714 gravi
1184 5661 1414 5712 corpore
1451 5656 1504 5700 et
1556 5645 1895 5711 corruptioui

307 5717 546 5772 obnoxio
575 5719 792 5784 accipit,
822 5727 878 5770 ut
906 5715 1028 5769 aliis
1061 5718 1215 5770 locis.
1267 5717 1340 5770 De
1365 5731 1472 5783 quo
1503 5730 1666 5769 sensu
1723 5715 1899 5768 disse-

312 5787 523 5842 ruimus
552 5789 618 5841 ad
657 5787 805 5840 hom.
836 5786 930 5849 24,
959 5796 1072 5838 nol.
1137 5787 1228 5850 59,
1261 5797 1315 5840 et
1343 5788 1492 5838 hom.
1547 5786 1640 5849 5i,
1673 5794 1785 5837 not.
1823 5785 1885 5839 il

675 5883 923 5940 PATnOL
987 5879 1108 5941 Gtt.
1148 5877 1474 5941 CXXXII.

2011 5511 2065 5557 et
2097 5501 2188 5556 47.

2101 5571 2211 5642 (56)
2253 5569 2456 5639 Corpus
2533 5569 2836 5636 dei/iratum
2883 5585 2901 5623 :
2939 5571 2999 5623 rb
3064 5568 3405 5639 τεθεωμένον
3435 5570 3591 5640 σῶμα

2013 5658 2121 5710 quo
2162 5657 2322 5697 sensu
2361 5642 2430 5694 sit
2481 5643 2856 5708 accipiendum
2913 5642 3260 5695 enucleatius
3316 5655 3475 5707 supra
3533 5645 3592 5694 ad

2011 5713 2288 5767 homiliam
2321 5711 2414 5776 36,
2455 5723 2566 5765 not.
2606 5711 2694 5764 65.

2088 5783 2199 5854 ί57)
2235 5781 2412 5836 Tenue
2447 5799 2638 5851 corpus
2677 5781 2832 5848 illud,
2885 5790 2934 5834 et
2970 5797 3180 5852 parum.
3246 5780 3448 5835 Christi
3485 5781 3588 5838 llo-

3176 5873 3252 5935 33
