4074 6408
468 366 607 432 1035

1678 361 2102 425 THEOPHAN
2110 360 2181 421 IS
2221 360 2568 424 CERAMEI

3617 359 3756 425 1036

469 481 675 535 nullam
706 479 996 537 admittere
1029 487 1260 550 poterat.
1301 478 1403 535 Per
1435 492 1623 533 vocem
1660 492 1790 532 vero
1826 474 2052 532 Verbum

2169 479 2429 550 ὑπόδημα
2457 481 2520 532 ὲκ
2542 476 2656 532 τῶν
2693 473 2873 530 ποδῶν
2908 492 3001 529 σου
3028 490 3043 505 ⁸
3077 473 3168 530 et»
3203 474 3263 529 δὲ
3305 473 3497 528 Ἠλίαν
3521 474 3624 529 οὐκ
3655 476 3761 528 ὲητ-

464 576 560 631 Dei
590 578 870 632 nobiscum
905 592 1129 631 versans
1163 577 1215 630 in
1251 590 1482 644 corpore
1526 572 1888 645 signiﬁcavit;
1922 573 2064 628 unde

464 667 784 735 subiunxit:
820 684 839 717 ι
873 666 940 721 Ει
968 668 1037 719 ibi
1069 665 1352 722 Dominus.
1391 684 1409 717 ι
1449 663 1515 719 Et
1546 679 1680 720 sane
1714 663 1892 718 Moses
1926 673 2049 733 post

466 772 694 816 mortem
737 761 838 815 hac
874 761 1080 815 visione
1120 759 1428 829 dignandus
1465 759 1654 829 jussus
1684 768 1770 812 est
1794 757 1882 811 illa
1919 772 2054 812 voce

2172 571 2425 635 ἐττατεν,
2456 570 2534 632 ὼς
2580 568 2852 640 μέλλοντα
2883 566 3077 620 τοῦτον
3117 566 3247 620 ἰδεῖν
3276 568 3372 620 καὶ
3399 566 3508 637 πρὸ
3539 567 3640 638 τῆς
3665 566 3763 621 τοῦ

2173 663 2432 733 σώματος
2484 660 2823 723 ἀποθέσεως.
2857 659 2958 711 Διά
3018 656 3195 711 ταῦτα
3231 657 3333 729 μὲν
3388 652 3483 712 οὖν
3510 657 3636 721 τοὺς
3668 656 3766 710 δύο

2161 754 2387 816 τούτους
2415 752 2703 823 προφήτας
2731 751 3069 822 παρέστησε.

463 858 675 913 solvere
708 856 1136 912 calceameutum
1172 855 1239 909 de
1284 857 1511 925 pedibus
1565 855 1717 909 suis:
1755 853 1887 908 Elite
1928 868 2057 908 vero
2097 867 2205 907 non
2239 853 2341 906 hoc
2371 858 2697 919 prarceptutn
2741 860 2848 912 est,
2873 856 2931 899 ut
2974 845 3063 913 qui
3097 844 3263 899 etiam
3280 850 3573 913 antequam
3600 843 3765 911 depo-

462 964 620 1010 neret
682 971 903 1026 corpus,
942 953 1094 1008 illum
1157 954 1372 1007 visurus
1418 962 1582 1007 esset.
1635 951 1762 1006 llaec
1831 951 2001 1022 igitur
2059 965 2238 1008 causae
2289 949 2528 1012 luerunt,
2576 959 2676 1000 cur
2728 945 2830 1000 hos
2878 943 3013 998 duos
3060 943 3356 1012 prephetas
3413 940 3609 994 adesse
3659 938 3765 994 sibi

464 1047 723 1102 voluerit.

544 1134 739 1190 Verum
784 1134 928 1189 unde
958 1149 1054 1190 eos
1088 1133 1318 1203 apostoli
1372 1145 1746 1205 cognoverunt
1773 1136 1796 1189 Ἰ
1820 1134 2063 1202 Quorum

465 1228 609 1282 enim
646 1237 898 1297 aspectus
951 1227 1232 1281 memoria:
1278 1226 1613 1281 lineamenta
1656 1243 1761 1283 non
1820 1229 2062 1295 tradidit,

466 1319 662 1373 horum
696 1316 883 1372 formte
913 1332 1138 1388 prorsus
1168 1318 1367 1390 ignota:
1396 1328 1539 1374 sunt.
1574 1317 1862 1385 Quomodo
1896 1319 2064 1390 igitur

428 1454 436 1463 λ.
466 1420 860 1481 cegnoverunt,
900 1428 1133 1484 quorum
1179 1429 1457 1483 nunquam
1500 1426 1630 1468 ante
1684 1412 1879 1469 faciem
1916 1413 2063 1467 vide-

464 1506 630 1560 rant?
684 1505 801 1561 Non
854 1521 949 1561 eos
1002 1520 1071 1561 ex
1130 1516 1378 1575 aspectu,
1430 1509 1527 1561 sed
1589 1522 1655 1561 cx
1719 1497 2066 1561 sermonibus

468 1608 842 1669 agnoverunt;
903 1599 980 1652 ait
1032 1599 1176 1654 enim
1214 1597 1556 1669 Evattgrlista
1596 1614 1612 1653 :
1670 1617 1689 1650 ι
1715 1596 1781 1652 Et
1814 1595 2066 1652 dicebant

2248 1128 2421 1183 Πόθεν
2455 1145 2550 1180 ουν
2581 1124 2693 1195 ἄρα
2734 1123 3059 1192 ἐπέγνωσαν
3084 1122 3285 1185 αὐτοὺς
3325 1122 3375 1176 οἱ
3430 1122 3765 1192 ἁπόστολοις

2172 1220 2274 1278 Ὧν
2302 1223 2471 1293 γὰρὴ
2507 1223 2701 1291 ὅρασις
2735 1218 2866 1280 τοὺς
2909 1215 3273 1287 χαρακτῆρας
3316 1217 3382 1286 τῇ
3455 1217 3642 1289 μνήμῃ
3698 1218 3764 1271 οὗ

2172 1316 2485 1389 παρέδωκε,
2518 1313 2730 1365 τούτων
2758 1312 2813 1363 αἱ
2849 1309 3057 1380 μορφαὶ
3077 1308 3430 1361 παντάπασιν
3447 1306 3763 1375 ἀνεπίγνω-

2174 1426 2290 1464 στοι
2314 1426 2329 1442 ·
2357 1408 2472 1471 πῶς
2506 1401 2600 1460 οὖν
2628 1403 2960 1473 ἐγνώρισαν,
2987 1394 3062 1454 ὧν
3087 1399 3214 1464 τοὺς
3242 1399 3602 1470 χαρακτῆρας
3622 1399 3764 1467 πρὸ·

2174 1517 2334 1572 τερον
2363 1498 2463 1552 οὐκ
2492 1496 2787 1551 ἐθεάσαντο
2813 1510 2829 1561 ;
2866 1493 2984 1547 Οὐκ
3009 1492 3118 1546 ἀπὸ
3142 1491 3242 1563 τῆς
3284 1490 3483 1561 ὅψεως,
3520 1489 3636 1542 ἀλλ’
3665 1490 3746 1558 ἀφ

2172 1586 2249 1648 ὧν
2297 1591 2642 1661 διελέγοντο*
2672 1591 2811 1658 φησὶ
2870 1587 2981 1657 γὰρ
3036 1587 3064 1638 ὁ
3122 1583 3558 1654 εὐαγγελιστής·
3587 1600 3608 1634 ι
3648 1584 3765 1637 Καὶ

464 1705 774 1758 excessum,
825 1702 988 1760 quem
1025 1690 1398 1759 completur-us
1424 1700 1543 1744 erat
1583 1691 1637 1743 in
1667 1687 1991 1743 Jerusalem.
2032 1707 2050 1740 ι

2164 1685 2352 1752 ἔλεγον
2381 1684 2483 1751 τὴν
2531 1681 2733 1749 ἔξοδον,
2767 1681 2833 1752 ἢν
2858 1679 3055 1749 ἔμελλε
3113 1675 3357 1747 πληροῦν
3384 1678 3444 1730 ὲν
3480 1673 3763 1748 Ἰερουσα-

467 1782 734 1849 Quoniam
788 1782 956 1853 igitur
984 1784 1050 1836 de
1086 1782 1349 1838 Passione
1400 1782 1878 1852 eolloquebantur,
1917 1781 2060 1835 veri-

465 1876 644 1931 simile
676 1885 781 1941 est,
834 1874 1035 1931 Mosem
1074 1890 1193 1931 eam
1243 1874 1579 1940 astruxisse,
1633 1874 1970 1943 dixisseque,
2004 1883 2061 1927 ιιι

464 1965 682 2036 quidem
710 1979 808 2036 ego
834 1963 1059 2034 praedixi
1088 1981 1101 2019 :
1140 1983 1159 2015 ι
1189 1963 1455 2020 Videbitis
1479 1964 1646 2018 vitam
1668 1974 1907 2019 vestram
1944 1962 2056 2035 (58)

466 2059 523 2111 in
565 2057 711 2128 ligno
747 2058 1074 2126 pendentem
1109 2057 1178 2111 ’⁸.
1210 2076 1228 2110 ι
1270 2056 1419 2111 Tuus
1448 2066 1501 2111 et
1526 2065 1687 2129 typus
1720 2055 1834 2126 (59)
1873 2065 1928 2110 et
1958 2070 2059 2109 an-

468 2150 674 2221 titypus
694 2161 811 2205 erat
828 2164 1075 2220 serpens,
1097 2165 1257 2219 quem
1281 2164 1348 2204 ex
1364 2166 1471 2205 tere
1496 2150 1699 2204 factum
1729 2150 1781 2203 in
1812 2164 1997 2203 eremo
2016 2147 2060 2180 ³⁸

466 2241 756 2312 suspendi;
783 2241 1084 2312 itidemque
1110 2229 1257 2296 Elias
1283 2257 1404 2312 qua:
1430 2242 1496 2297 ad
1520 2242 1692 2310 ipsum
1721 2241 2061 2310 pertinebant

466 2349 592 2389 cum
620 2334 842 2387 Domino
873 2334 1167 2397 disserens,
1187 2335 1433 2387 notitiam
1456 2335 1539 2389 sui
1572 2335 1753 2388 dabat.
1778 2333 1917 2389 Hinc
1948 2334 2061 2388 dis-

469 2426 634 2494 cipuli
675 2428 975 2494 prophetas
1001 2426 1391 2495 agnoscebant,
1419 2436 1471 2481 et
1506 2425 1646 2480 dicta
1694 2426 1807 2495 ipsa
1843 2426 2062 2496 loquen-

470 2529 552 2571 tes
580 2517 896 2586 prodebant.
927 2515 1199 2571 Fortassis
1227 2518 1393 2571 etiam
1426 2517 1714 2571 collocutio
1764 2519 1876 2587 ipsa
1924 2533 2057 2572 con-

459 2608 713 2663 cordiam
752 2605 959 2661 iudicat
990 2608 1124 2678 legis
1151 2616 1206 2662 et
1240 2610 1631 2679 prophetarum
1658 2624 1780 2663 cum
1819 2609 2060 2678 Evange-

464 2701 564 2757 ‘lio.
615 2701 905 2753 Συλλαλεῖν
958 2701 1099 2755 enim
1155 2701 1295 2756 idem
1365 2703 1639 2771 signiﬁcat
1710 2702 1826 2773 (60)
1896 2712 2059 2771 atque

469 2794 793 2864 ὀμοφωνεῖν.
833 2789 990 2846 Venit
1025 2792 1169 2847 enim
1213 2793 1477 2847 Dominus
1507 2807 1850 2864 nequaquam
1894 2792 2057 2866 M7

470 2896 529 2939 ut
558 2887 792 2941 solveret
822 2886 1016 2955 legem,
1050 2887 1134 2941 vel
1176 2898 1234 2941 ut
1265 2897 1539 2944 everteret
1581 2889 1725 2943 dicta
1762 2890 2057 2959 propheta-

469 2994 611 3042 rum,
649 2980 745 3036 sed
769 2988 824 3034 ut
848 2995 912 3035 ea
938 2982 1118 3055 potius
1147 2982 1482 3051 impleret“.

2163 1778 2298 1849 λήμ.
2343 1795 2363 1829 ι
2400 1776 2558 1829 Ἐπεὶ
2588 1770 2682 1828 οὖν
2715 1773 2844 1844 περὶ
2867 1772 2963 1825 τοῦ
2994 1771 3210 1836 Πὰθονς
3239 1770 3566 1841 διελέγοντο,
3608 1769 3762 1831 εἰκὸς

2164 1870 2256 1920 τὸν
2286 1865 2490 1920 Μωσέα
2524 1864 2914 1934 ἁνθομολογεῖν
2967 1864 3062 1917 καὶ
3098 1861 3402 1931 λέγειν,ὠς
3447 1862 3590 1931 Ἐγὼ
3624 1864 3763 1932 περὶ

2167 1958 2261 2012 σοῦ
2287 1959 2684 2030 ἐπροφήτευον,
2718 1976 2735 2009 ι
2782 1956 3022 2027 ὐψεσθε
3049 1958 3146 2026 τὴν
3170 1955 3316 2023 ζωὴν
3343 1955 3500 2026 ὑμῶν
3539 1971 3763 2027 κρεμα-

2167 2053 2336 2123 μένην
2363 2050 2458 2105 ὲπὶ
2489 2050 2671 2116 ξύλου.
2707 2069 2725 2101 ι
2759 2052 2865 2113 Σὸς
2891 2048 3063 2113 τύπος
3107 2044 3175 2120 ἦν
3216 2050 3312 2102 καὶ
3346 2049 3665 2114 ἀντίτυπος,
3694 2048 3763 2102 ὃν

2164 2145 2222 2196 ἐν
2274 2146 2341 2213 τῇ
2392 2144 2588 2213 ἐρήμῳ
2626 2142 2865 2213 χαλκοῦν
2910 2142 3036 2212 ὅφιν
3091 2141 3398 2212 ἐκρέμασα.
3442 2140 3631 2205 Οὕτως
3689 2140 3761 2213 δὴ

2162 2235 2259 2288 καὶ
2304 2236 2516 2300 Ἠλίας,
2548 2235 2618 2289 τὰ
2651 2235 2782 2307 περὶ
2811 2234 2976 2288 αὐτοῦ
3010 2234 3172 2299 ἐξιὼν
3226 2234 3364 2305 πρὸς
3403 2233 3494 2287 τὸν
3519 2236 3756 2306 Κύριον,

2162 2324 2311 2389 ὅστις
2358 2321 2426 2396 ἦν
2481 2326 2831 2397 ὲγνωρίζετο.
2919 2325 3206 2381 Ἐντεῦθεν
3263 2329 3312 2379 οἱ
3350 2325 3592 2396 μαθηταὶ
3623 2326 3761 2390 τοὺς

2164 2420 2452 2489 προφήτας
2486 2419 2830 2487 ἐπέγνωσαν,
2864 2417 3050 2471 καὶτὰ
3083 2418 3357 2488 λεγόμενα
3404 2421 3533 2483 τοὺς
3566 2418 3764 2487 λέγον-

2161 2526 2263 2571 τας
2298 2510 2658 2580 διεσάφησαν.
2685 2510 2839 2580 Τάχα
2888 2510 2946 2563 δὲ
2992 2511 3053 2563 τὸ
3080 2510 3365 2564 συλλαλεῖν
3427 2510 3761 2581 συμφωνίαν

2161 2601 2316 2670 δηλοί
2380 2603 2546 2670 νόμον
2603 2604 2698 2655 καὶ
2750 2603 3050 2673 προφητῶν
3100 2603 3233 2673 πρὸς
3282 2602 3346 2655 τὸ
3389 2602 3754 2672 Εὐαγγέλιον.

2174 2692 2510 2764 Ὁμοφωνεῖν
2566 2694 2675 2765 γὰρ
2738 2694 2996 2765 σημαίνει
3044 2694 3105 2746 τὸ
3151 2693 3456 2748 συλλαλεῖν.
3499 2693 3763 2764 Ἀφῐκται

2161 2788 2270 2857 γὰρ
2295 2790 2321 2840 ὁ
2343 2787 2625 2858 Δεσπότης
2655 2787 2859 2858 ἥκιστα
2888 2787 3212 2841 καταλύσων
3235 2787 3327 2839 τὸν
3353 2788 3534 2857 νόμον,
3559 2788 3593 2854 ἢ
3620 2789 3756 2842 ἀνα-

2160 2879 2381 2950 τρέφων
2439 2879 2511 2932 τὰ
2560 2879 2671 2932 τῶν
2705 2880 3028 2951 προφητῶν,
3074 2880 3422 2949 ἁποπερᾶναι
3453 2879 3511 2933 δὲ
3545 2879 3756 2950 μᾶλλον

2162 2992 2328 3031 αυτα.

539 3071 658 3126 .lam
687 3088 812 3127 vero
841 3052 1119 3142 posuema
1153 3074 1421 3129 dubitatio
1448 3072 1795 3140 discutiatur,
1831 3075 2052 3129 inﬁrma

2234 3067 2497 3137 Ζητήσθω
2555 3067 2619 3138 δὴ
2667 3067 2728 3121 τὸ
2777 3067 3089 3120 τελευταῖον
3155 3068 3478 3139 ἁπόρρημα,
3516 3067 3576 3119 τὸ
3639 3066 3759 3119 τῶν

468 3166 561 3221 ἲίῐιι
597 3165 843 3221 defensio
873 3182 1063 3220 eorum
1094 3166 1184 3235 qui
1213 3169 1473 3220 adversus
1509 3166 1771 3236 Spiritum
1798 3181 2051 3222 sanctum

468 3272 763 3326 suscepere
784 3272 1044 3327 pugnam,
1069 3256 1468 3311 munimentum
1489 3257 1804 3313 stoliditatis
1823 3274 2011 3312 eorum
2039 3277 2054 3325 ;

467 3364 533 3401 ex
575 3362 682 3417 quo
720 3350 865 3401 velut
917 3349 967 3401 in
1007 3363 1170 3401 arena
1221 3348 1566 3403 constituunt
1617 3348 2054 3407 fundamentum.

470 3442 623 3507 Quod
657 3453 791 3494 sane
819 3440 982 3494 hodie
1019 3426 1117 3508 per
1154 3439 1482 3494 imbecillam
1532 3441 1773 3507 linguam
1807 3452 2052 3496 nostram

466 3530 708 3600 Spiritus
739 3531 936 3596 sancti,
971 3545 1132 3599 quem
1162 3532 1257 3599 ipsi
1283 3531 1687 3601 blaspliemaut,
1725 3536 1897 3602 gratia
1926 3548 2056 3588 eon-

472 3627 651 3677 vt-llet.
685 3623 741 3679 Si
777 3624 1258 3678 consubstantialis
1305 3631 1410 3690 est,
1464 3624 1746 3693 inquiunt,
1798 3623 1946 3679 Patri
1998 3635 2053 3681 et

546 3760 589 3788 "
626 3758 765 3811 Deut
818 3770 1015 3820 xxvrtt,
1041 3752 1132 3812 66.
1210 3753 1256 3785 '°
1287 3753 1446 3809 Num.
1487 3769 1549 3821 ιι,
1577 3753 1631 3810 9.

2166 3162 2645 3232 πνευματομάχων
2674 3161 2970 3231 ἀνίσχυρον
2997 3160 3378 3230 συνηγόρημα,
3413 3159 3471 3212 τὸ
3511 3158 3610 3227 τῆς
3645 3159 3739 3209 αὑ-

2163 3257 2272 3308 τῶν
2299 3255 2623 3325 σκαιότητος
2649 3254 2859 3326 πρόὸλη
2869 3271 2967 3325 μα,
2999 3253 3094 3324 ἀφ’
3115 3249 3174 3306 οὗ
3210 3253 3532 3306 συνιστῶσιν
3552 3251 3629 3315 ὡς
3654 3253 3756 3305 ἐπὶ

2155 3347 2387 3419 ψάμμου
2447 3348 2719 3418 θεμέλιον.
2760 3349 2860 3401 Ὃν
2918 3348 3163 3417 σήμερον
3212 3346 3300 3399 διὰ
3351 3350 3450 3417 τῆς,
3481 3343 3758 3408 ἀσθενοῦς

2157 3443 2319 3512 ἡμῶν
2377 3441 2627 3512 γλώττης
2692 3443 2725 3510 ἡ
2782 3440 2943 3511 χάρις
2995 3439 3238 3493 διαλύσει
3276 3438 3371 3492 τοῦ
3419 3439 3513 3491 ὑπ’
3560 3437 3755 3490 αὐτῶν

2157 3534 2657 3605 βλασφημουμένου
2714 3533 3057 3603 Πνεῦματος.
3106 3533 3170 3585 Εί
3221 3530 3530 3601 ὁμοούσιον,
3583 3529 3750 3599 φασὶ,

2156 3630 2330 3700 "arpi.
2357 3628 2452 3682 καὶ
2490 3626 2604 3698 Υίῷ
2639 3628 2698 3681 τὸ
2719 3626 2947 3698 Πνεῦμα
2975 3627 3036 3680 τὸ
3079 3627 3255 3695 ἅγιον,
3286 3626 3376 3680 διὰ
3403 3624 3457 3678 τί
3475 3625 3535 3678 οὐ
3558 3622 3748 3696 παρῆν

1713 3755 1758 3786 ⁸¹
1799 3756 1989 3812 Matth.
2022 3774 2075 3823 ν,
2106 3759 2195 3816 i7.

1705 3873 2031 3936 Francisci
2065 3872 2278 3938 Scorsi
2314 3882 2503 3937 nota.

468 4000 601 4055 mini
635 4013 838 4068 corpus
889 3997 1186 4054 etiamnum
1244 3999 1497 4065 mortale,
1550 4007 1712 4055 tenue
1747 4011 1926 4065 vocat,
1990 4014 2048 4058 et

470 4084 687 4141 purum,
749 4070 894 4141 quod
949 4069 1158 4141 peccati
1209 4072 1514 4141 crassitiem
1567 4072 1857 4126 admittere
1939 4088 2045 4127 nou

470 4139 703 4212 poterat.
762 4139 1041 4212 Atque_ex
1074 4139 1176 4195 hoc
1207 4139 1330 4212 loco
1355 4140 1675 4212 planissime
1700 4142 2047 4212 intelligitur,

471 4207 595 4280 quis
645 4207 1008 4281 Theophanis
1035 4222 1229 4281 sensus
1257 4207 1597 4281 alio—rumque
1638 4207 2046 4281 Patruquuos

474 4278 685 4333 laudavi
712 4283 778 4334 ad
812 4282 957 4333 hom.
984 4278 1077 4342 24,
1114 4291 1230 4332 ιιοι.
1257 4278 1346 4347 59,
1383 4295 1505 4333 cum
1538 4284 1724 4335 eodem
1774 4278 1940 4336 modo
1969 4284 2048 4336 lo-

472 4350 815 4420 quunturgde
843 4364 1069 4420 corpore
1100 4351 1260 4418 primi
1296 4351 1530 4405 hominis
1561 4361 1685 4405 ante
1716 4363 1998 4420 peccatum
2027 4369 2043 4420 ;

474 4418 601 4475 sunt
660 4418 805 4474 enim
860 4418 1137 4491 moraliter
1166 4420 1505 4489 accipienda,
1561 4436 1666 4475 ιιοιι
1699 4418 1943 4491 physice,
1976 4418 2038 4476 ut

468 4492 895 4558 .disceptavimus
927 4505 991 4542 eo
1025 4488 1165 4553 loco,
1199 4506 1357 4558 quem
1395 4492 1573 4545 videas
1607 4488 1751 4546 licet.

551 4536 1139 4631 (earnestness;
1150 4536 1411 4631 ὶέὶῐῖτῇἑι,
1428 4536 1764 4631 ἒὶέἶὶόἐιῖὶἱι
1795 4576 1862 4614 ex
1889 4559 2046 4614 Deut.
2082 4536 2125 4590 ι)

478 4627 600 4700 cap.
646 4627 833 4684 sunt
875 4634 1253 4685 aerommndat
1304 4627 1665 4700 Theophanes
1694 4631 1763 4685 ad
1816 4643 2046 4686 mortem

477 4714 533 4757 et
560 4716 776 4755 crucem
801 4700 1025 4763 Christi,
1056 4711 1216 4765 prout
1242 4701 1675 4755 accommodavit
1706 4702 1871 4755 etiam
1898 4702 2046 4755 boui.

482 4788 554 4836 tv,
585 4785 703 4840 quin
725 4780 809 4826 cst
829 4773 894 4825 de
916 4774 1099 4824 crucis
1147 4770 1494 4834 exultatione,
1530 4771 1618 4823 ubi
1675 4773 1811 4825 alios
1860 4769 2049 4827 Patres

479 4846 691 4909 eadem
720 4847 884 4895 verba
916 4841 983 4895 de
1020 4852 1192 4895 morte
1217 4840 1425 4896 Christi
1451 4840 1782 4909 explicantes
1829 4840 2049 4896 induxi-

480 4930 620 4967 tuus.
652 4908 786 4972 Vide
817 4920 929 4968 not.
965 4911 1051 4964 79.

551 4984 663 5051 (59)
710 4978 852 5034 Tuus
913 4992 958 5035 et
1011 4994 1164 5050 typus
1217 4991 1266 5036 et
1327 4982 1598 5051 antitypus
1652 4991 1765 5034 erat
1810 4996 2044 5048 serpens.

472 5052 710 5122 (ἔννεον.
766 5052 989 5122 Nazian.
1026 5057 1126 5105 huc
1182 5053 1343 5106 modo
1378 5053 1611 5121 loquitur
1654 5062 1794 5107 orat.
1830 5052 1921 5119 42,
1953 5054 2043 5107 ubi

481 5121 783 5192 serpentem
842 5121 993 5175 illum
1042 5138 1245 5176 aureum
1302 5122 1505 5176 Christi
1543 5135 1726 5192 typum
1785 5132 1836 5176 et
1902 5125 2044 5177 anti-

484 5191 667 5262 typutu
726 5193 935 5259 fuisse;
996 5202 1178 5260 typum
1226 5195 1445 5262 quidem
1496 5191 1623 5260 quia
1657 5191 1863 5262 ﬁgura;
1900 5195 2043 5246 auti-

483 5279 667 5333 iypum
704 5264 829 5334 quia
876 5263 1148 5334 contratia
1188 5268 1397 5315 ratione
1438 5264 1740 5334 respondet.
1772 5264 1862 5318 Sic
1888 5264 2044 5317 Nice-

482 5331 564 5387 iis
590 5331 894 5390 Com—metit.
930 5333 995 5384 ad
1029 5343 1171 5384 orat.
1206 5334 1428 5385 relatam
1457 5347 1469 5383 :
1509 5331 1828 5396 Ἀντίτυπος
1859 5335 2053 5400 dupli-'

479 5422 590 5458 rem
643 5403 1078 5475 signiﬁcationem
1129 5401 1323 5475 habet;
1373 5418 1495 5454 nam
1530 5415 1576 5455 et
1622 5419 1718 5471 pro
1770 5420 2039 5475 contraria

477 5476 654 5544 figura
677 5473 973 5544 accipitur;
991 5473 1230 5544 sicreut’m
1247 5487 1459 5541 serpens
1481 5489 1654 5526 amem
1675 5474 2035 5540 suspenditur,

479 5541 583 5618 non
613 5559 667 5598 ut
704 5558 858 5618 typus
882 5541 1107 5618 Christi,
1153 5548 1242 5594 sed
1268 5555 1321 5595 ut
1350 5545 1642 5618 nutitypus,
1667 5553 1821 5611 etpro
1841 5546 2039 5618 tequalt'

477 5614 676 5682 ﬁgura,
708 5614 813 5671 etc.
881 5616 1177 5682 Utrumque
1204 5629 1329 5667 vero
1370 5614 1455 5667 hic
1512 5625 1698 5667 noster
1731 5615 2035 5681 conjunxit,

476 5686 751 5741 ailirmans
807 5695 862 5740 et
915 5697 1095 5752 typum
1150 5693 1205 5737 et
1268 5685 1569 5754 autityputn
1617 5684 1821 5738 Christi
1870 5685 2036 5739 fuisse

475 5768 822 5824 serpentem;
853 5762 946 5811 sed
993 5769 1154 5809 sensu
1194 5763 1248 5807 ct
1298 5760 1440 5808 varia
1476 5755 1686 5809 ratione
1729 5756 1842 5824 jam
1869 5758 2033 5808 dicta.

484 5823 609 5883 Vide
659 5840 782 5882 vero
809 5830 1076 5896 longiores
1116 5838 1269 5879 notas
1306 5826 1445 5881 cire.-.
1480 5825 1617 5882 bane
1652 5823 1832 5881 vocem
1880 5828 2030 5878 ἀντι-

2148 4003 2345 4066 τύπος,
2391 4010 2449 4055 ιιι
2507 4000 2830 4072 plerumqne
2884 4017 2981 4072 pro
3042 4003 3374 4073 ὀμοφωνεῖν,
3434 4004 3737 4073 prtesertim

2148 4089 2272 4129 cum
2322 4084 2731 4126 sacramentum
2789 4073 3035 4141 corporis
3072 4083 3127 4127 et
3185 4074 3470 4143 sanguinis
3516 4072 3726 4132 Christi

2147 4155 2346 4197 vocant
2400 4152 2452 4197 et
2479 4142 2778 4215 Gregorius
2808 4144 3208 4215 Nazianzenus,
3234 4142 3303 4198 et
3322 4144 3556 4215 Basilius
3581 4146 3737 4199 div-ri-

2146 4229 2357 4282 τυπον,
2430 4214 2588 4279 vide,
2653 4214 2900 4282 inquam,
2965 4213 3258 4282 longiorem
3313 4215 3737 4282 disputationem

2147 4281 2350 4336 Nicetes
2401 4281 2570 4352 ipsius
2636 4283 2688 4336 in
2732 4281 2903 4338 ’orat.
2962 4284 2985 4336 1
3046 4281 3413 4337 Νοιιοηχθιιζ
3461 4299 3583 4352 quae
3653 4296 3743 4342 est

2147 4353 2506 4420 apologetica,
2565 4362 2620 4407 et
2653 4355 2718 4406 ad
2745 4365 2895 4424 _orat.
2938 4355 3023 4416 il,
3054 4368 3174 4423 qum
3221 4365 3305 4409 est
3335 4356 3399 4408 de
3435 4353 3494 4409 S.
3527 4352 3743 4424 Gorgo-

2152 4424 2261 4485 uio,
2319 4434 2374 4476 et
2412 4434 2673 4491 prieterea
2737 4422 2923 4478 Jacobi
2966 4422 3104 4478 Billii
3149 4426 3215 4478 ad
3272 4425 3519 4478 eamdem
3564 4422 3735 4491 orat,

2152 4496 2244 4562 qui
2278 4494 2458 4547 varias
2506 4495 2660 4546 all'ert
2698 4497 2932 4548 rationes
2963 4510 3061 4547 cur
3091 4506 3494 4548 sacramentum
3522 4492 3739 4547 Eucha-

2160 4564 2324 4617 ristite
2356 4563 2653 4616 ἀντίτυπον
2675 4566 2998 4631 appellarint
3047 4564 3268 4628 Patres;
3305 4581 3424 4616 nam
3460 4566 3574 4617 haec
3604 4578 3740 4622 sunt

2155 4644 2307 4687 extra
2360 4647 2602 4702 uestram
2647 4649 2902 4689 messem.
2949 4633 3134 4688 Solum
3174 4635 3261 4687 hic
3308 4635 3558 4698 adverto,
3586 4639 3738 4702 quod

2153 4704 2318 4765 etiam
2350 4701 2817 4761 Nicetasibidem.
2869 4706 3290 4774 prapositionem
3320 4704 3444 4757 ἀντὶ
3469 4718 3522 4757 et
3544 4701 3741 4774 aequa-

2153 4774 2381 4836 litatem,
2428 4784 2482 4829 et
2522 4776 2962 4829 contrarietatem
3013 4774 3325 4843 signiﬁcare
3355 4778 3405 4827 iu
3460 4774 3739 4841 composi-

2155 4845 2218 4914 tis
2240 4860 2360 4896 cum
2388 4848 2499 4912 ipsa
2529 4845 2773 4908 vocibus,
2799 4846 2941 4914 quod
2978 4860 3075 4897 nos
3106 4845 3353 4913 pluribus
3379 4846 3731 4900 excussimus

2150 4912 2204 4967 in
2238 4927 2370 4967 voce
2392 4913 2640 4977 ἀντίθεος
2693 4917 2759 4967 ad
2807 4912 2951 4967 lium.
2990 4916 3080 4977 48,
3116 4912 3247 4969 ιιοι.
3306 4914 3394 4977 17,
3425 4915 3573 4967 unde
3615 4915 3736 4970 hinc

2150 4998 2370 5053 quoque
2425 4986 2659 5039 varietas
2718 4984 3060 5054 signiﬁcandi
3124 4985 3180 5039 in
3233 5000 3369 5040 voce
3422 4985 3726 5048 ἀντίτυπος

2149 5066 2345 5107 υτιιιιτ.

2222 5125 2334 5193 (60)
2381 5121 2533 5194 Idem
2585 5122 2868 5191 signiﬁcat.
2924 5126 3037 5178 Duo
3071 5126 3234 5180 verba
3288 5122 3477 5180 Grmca
3506 5127 3730 5194 ὁμοφωο

2144 5196 2282 5247 νεῖν.
2326 5208 2379 5248 et
2416 5193 2699 5247 συλλαλεῖν
2749 5212 2853 5247 non
2916 5196 3063 5262 potui
3123 5196 3240 5249 nisi
3287 5194 3475 5251 Grtece
3526 5193 3727 5265 ponere

2146 5265 2198 5317 in
2258 5279 2378 5317 mea
2428 5266 2711 5330 versione;
2763 5274 2872 5317 tota
2909 5268 3054 5317 enim
3087 5280 3238 5320 mens
3265 5269 3507 5322 auctoris
3568 5269 3619 5319 iu
3654 5267 3724 5320 iis

2142 5346 2226 5388 est
2261 5336 2455 5403 posita,
2515 5335 2759 5404 aquibus
2787 5336 2834 5387 si
2897 5335 3232 5397 traducatur,
3282 5336 3426 5390 nulla
3455 5348 3578 5403 est,;
3614 5339 3728 5388 vult

2140 5407 2284 5476 enim
2308 5419 2368 5457 es
2391 5419 2454 5459 eo
2479 5410 2620 5468 quod
2642 5405 2895 5476 dicantur
2913 5404 3158 5460 Christus
3174 5407 3516 5476 etpropbetae
3534 5405 3731 5458 συλλα-

2141 5473 2255 5544 λείν
2290 5479 2392 5528 hoc
2457 5480 2618 5529 verbo
2663 5474 3023 5543 signiﬁcatam
3079 5473 3429 5532 concordiam
3488 5478 3627 5544 legis
3670 5485 3727 5529 et

2141 5543 2418 5612 Evangelii
2453 5564 2467 5610 ;
2505 5561 2626 5599 nam
2658 5545 2718 5596 τὸ
2754 5545 3041 5598 συλλαλεῖν
3088 5546 3185 5610 ait,
3222 5548 3363 5616 quod
3420 5557 3504 5600 est
3550 5543 3724 5599 simul

2140 5615 2307 5685 loqui,
2354 5618 2495 5669 idem
2538 5628 2639 5686 est
2683 5627 2846 5683 atque
2895 5615 3399 5686 ὀμοᾳωνείνρᾳυυιι
3456 5627 3511 5671 et
3563 5617 3725 5669 simul

2139 5686 2302 5752 loqui,
2331 5697 2385 5739 et
2409 5685 2699 5739 consentire
2730 5698 2783 5739 et
2808 5690 3207 5741 concerdarein
3236 5685 3301 5743 iis
3324 5703 3440 5758 qua:
3475 5688 3730 5758 dicuntur

2141 5758 2412 5825 signiﬁcat
2442 5773 2456 5820 ;
2506 5767 2562 5810 et
2592 5758 2875 5824 ὁμόφωνος
2926 5757 3017 5828 qui
3071 5773 3308 5828 concors,
3341 5756 3410 5814 et
3445 5756 3728 5828 ὁμοφωνία

2138 5830 2475 5880 consonantia
2501 5836 2553 5882 et
2611 5828 2894 5880 concordia
2925 5827 2979 5879 in
3013 5842 3156 5881 voce.
