4074 6412
362 376 500 444 1039
1563 372 2062 434 THEOPHANIS
2101 374 2444 435 CERAMEI
3489 370 3626 437 1040

359 491 705 558 miraculum,
740 503 793 546 ut
826 492 965 547 inter
997 490 1249 546 ardentes
1281 488 1535 560 fulg‘utis
1582 489 1714 543 solis
1762 488 1941 541 radios

2051 504 2128 557 σῳ
2161 487 2221 541 τὸ
2267 488 2541 555 φλογώδες
2593 485 2689 540 τοῦ
2736 486 2897 559 ἀέρος
2934 484 3377 551 ὑπονοτίζουταν,
3410 486 3503 537 καὶ
3541 484 3633 538 διὰ

359 594 416 640 et
465 584 722 653 pupulum
776 585 929 654 quasi
982 599 1166 638 murus
1212 582 1527 649 interiectus
1578 589 1745 645 esset,
1797 580 1941 648 quod

2048 581 2146 647 τῆς
2178 579 2373 642 νυκτὸς
2403 579 2593 633 στύλον
2650 579 2819 651 πυρὸς
2876 579 3175 649 γενέσθαι;
3206 577 3371 632 Ἀλλὰ
3412 578 3510 631 καὶ
3540 580 3633 633 ὅτε

358 685 463 740 sibi
499 683 806 753 subjectum
838 687 953 731 erat
988 677 1307 730 in‘umbrans
1340 684 1395 729 et
1442 672 1590 729 tenui
1630 688 1753 727 rore
1798 670 1941 727 aeris

2048 675 2147 744 τὴν
2181 674 2321 743 ὑπὲρ
2344 673 2503 741 ἡμῶν
2532 672 2851 743 οἰκονομίαν
2891 670 3190 742 πληρώσας
3241 673 3322 734 είς
3369 671 3632 742 οὐρανοὺς

359 783 552 831 aestum
616 783 962 841 temperans;
1051 778 1214 822 noctu
1285 780 1414 821 vero
1485 765 1733 819 columna
1801 762 1946 834 ignis

357 864 687 921 exsisteret?
720 862 859 928 Quin
906 860 1070 915 etiam
1121 874 1243 913 eum
1282 857 1541 927 perfectis
1596 858 1661 911 lis
1703 871 1824 924 quae
1874 855 1941 909 ad

358 967 602 1013 nostram
638 955 870 1010 salutem
908 954 1218 1023 dispensata
1254 950 1492 1017 fuerant,
1527 950 1579 1004 in
1627 950 1825 1003 ccelum
1857 963 1943 1003 re-

356 1065 576 1119 gressus
621 1058 702 1103 est
742 1047 1028 1111 Dominus,
1077 1045 1250 1100 nubes
1285 1059 1410 1098 emn
1464 1043 1701 1112 suscepit
1726 1041 1840 1110 (65)
1868 1041 1943 1108 ³⁸;

359 1147 471 1195 lucc
501 1153 684 1194 autem
716 1148 837 1193 erat
870 1138 1111 1208 Spiritus
1138 1144 1384 1191 sanctus.
1419 1134 1553 1190 Cum
1584 1149 1711 1188 vero
1746 1134 1799 1187 in
1832 1149 1945 1186 ma-

352 1234 554 1301 jestate
584 1233 769 1287 veniet
795 1231 1137 1301 indicaturus
1184 1228 1498 1282 universum
1535 1230 1817 1291 mundum,
1848 1242 1946 1296 per

357 1326 551 1377 nubem
594 1337 626 1378 e
660 1322 802 1378 coelo
844 1321 1137 1375 doseendet
1168 1318 1236 1374 “.
1292 1319 1392 1374 Ubi
1448 1332 1574 1372 vero
1620 1318 1780 1371 nubis
1828 1317 1946 1384 ejus

355 1430 477 1485 qua:
519 1416 725 1470 nostris
748 1423 834 1469 est
857 1413 1068 1482 objecta
1096 1411 1370 1475 sensibus,
1406 1412 1803 1480 coagmentatio
1832 1410 1944 1481 (66)

354 1504 534 1560 lucum
569 1506 641 1559 ibi
695 1506 899 1559 habere
951 1514 1150 1573 potest,
1186 1503 1300 1569 ubi,
1341 1512 1400 1558 ut
1450 1503 1526 1557 ait
1574 1502 1940 1571 apostolorum

356 1598 681 1667 coryphzcus
706 1598 774 1662 ³³,
807 1595 988 1650 omnia
1020 1590 1159 1663 igne
1191 1591 1624 1649 contabesccnt?
1675 1593 1779 1646 Sed
1813 1592 1942 1662 quid

354 1705 494 1760 opus
545 1700 628 1743 est
659 1689 874 1758 longius
907 1687 1168 1757 provehi?
1207 1700 1330 1741 cum
1361 1694 1551 1740 testem
1584 1685 1761 1753 ipsum
1793 1684 1942 1754 Apo-

355 1784 554 1837 stolqu
612 1782 817 1853 possim
871 1781 1208 1851 producere,
1258 1779 1351 1850 qui
1378 1777 1444 1832 ad
1495 1776 1752 1833 Hebraeos
1809 1777 1946 1831 seri-

354 1874 490 1930 bens
537 1874 655 1945 (67)
709 1874 778 1929 de
809 1874 1007 1945 priscis
1074 1873 1321 1943 patribus
1382 1871 1436 1925 in
1495 1872 1723 1925 transitu
1771 1869 1942 1923 Rubri

355 1967 523 2020 maris
559 1983 573 2020 :
604 1965 828 2037 Figura,
861 1964 1063 2032 inquit,
1113 1973 1231 2019 erat
1278 1978 1430 2018 mare
1459 1978 1636 2033 aquae,
1669 1972 1723 2017 et
1775 1960 1947 2017 nubes

2048 764 2394 835 ἀνεφοίτησε,
2420 764 2621 833 νεφέλη
2649 763 2923 817 ὑπέλαϐεν
2946 763 3131 827 αὑτὸν,
3157 761 3252 833 ἥδε
3268 756 3336 832 ἦν
3361 762 3423 815 τὸ
3446 760 3630 815 Πνεῦ-

2051 879 2127 932 μα
2151 864 2208 914 το
2237 861 2412 929 ἅγιον.
2445 861 2553 913 Καὶ
2579 860 2668 913 ὅτε
2690 858 2747 912 δὲ
2768 860 2889 929 ἥξει
2928 856 3072 930 μετὰ
3122 856 3282 928 δόξης
3328 855 3514 926 κρίναι
3563 854 3634 908 τὰ

2049 956 2365 1021 σύμπαντα,
2409 951 2496 1005 διὰ
2535 951 2769 1021 νεφέλης
2826 949 2886 1014 ἐξ
2937 948 3172 1020 οὐρανοῦ
3233 948 3630 1019 καταϐήσεται.

2048 1046 2157 1098 Ποῦ
2189 1045 2245 1098 δὲ
2266 1044 2497 1114 νεφέλης
2523 1043 2790 1114 αἰσθητῆς
2816 1044 2935 1096 τότε
2962 1042 3245 1106 σύστασις,
3273 1041 3461 1107 ὁπότε,
3487 1044 3631 1096 κατὰ

2048 1139 2141 1190 τὶν
2167 1140 2464 1208 κορυφαῖον
2509 1137 2831 1200 ἀπόστολον,
2874 1135 2979 1188 ὑπὸ
3045 1134 3221 1205 πυρὸς
3255 1134 3433 1187 πάντα
3455 1135 3630 1206 τακῆ-

2053 1245 2245 1295 ce'czt;
2278 1228 2446 1281 Ἀλλὰ
2481 1228 2531 1281 τί
2561 1229 2643 1281 δεῖ
2672 1229 3090 1298 μακρηγορεῖν;
3125 1226 3426 1296 δυνάμενον
3449 1242 3633 1297 παρα-

2052 1319 2248 1389 στῆσαι
2279 1321 2370 1372 τὸν
2392 1319 2717 1373 Ἀπόστολον
2746 1319 3027 1390 μάρτυρα,
3054 1318 3114 1382 ὃς
3161 1317 3437 1388 Ἑϐραίοις
3495 1319 3636 1386 γράπ-

2052 1428 2166 1478 φων
2200 1411 2329 1482 περὶ
2361 1411 2459 1481 τῆς
2481 1411 2592 1463 τῶν
2625 1411 2911 1480 προγόνων
2967 1412 3025 1463 ὲν
3082 1412 3147 1481 τῇ
3178 1409 3420 1480 Ἐρυθρᾷ
3441 1409 3634 1462 διαϐα-

2051 1517 2208 1567 σεως,
2243 1501 2422 1565 Τόπος
2448 1498 2536 1570 ἦν,
2575 1503 2760 1573 φησιν,
2799 1503 2830 1571 ἡ
2864 1502 3111 1555 Θάλασσα
3144 1502 3239 1554 τοῦ
3272 1500 3481 1566 ὓδατος,
3516 1502 3550 1571 ἡ
3575 1501 3632 1554 δὲ

2049 1594 2244 1665 νεφέλη
2284 1593 2381 1647 τοῦ
2421 1595 2761 1665 Πνεύματος.
2800 1596 3187 1666 Παρεῖκασται
3216 1595 3271 1648 δὲ
3333 1594 3533 1667 νεφέλῃ
3571 1593 3634 1647 τὸ

2050 1683 2273 1754 Πνεῦμα
2297 1684 2356 1736 τὸ
2387 1683 2569 1751 ἅγιον,
2600 1685 2689 1738 διὰ
2719 1686 2813 1740 τὸν
2844 1685 3053 1758 ὄμϐρον
3082 1687 3190 1740 τῶν
3246 1686 3632 1758 χαρισμάτων,

2048 1772 2107 1826 ὃν
2139 1773 2426 1839 ὲπιϐλύξει
2468 1775 2786 1846 ποταμηδόν
2827 1780 2942 1841 τοῖς
2983 1777 3325 1831 πιστεύουσι.
3359 1776 3632 1845 Λυθείσης

2046 1861 2141 1919 οὖν
2161 1866 2261 1936 τῆς
2281 1866 2393 1919 τῶν
2440 1870 2920 1938 πνευματομάχων
2961 1868 3254 1939 ἀνισχύρου
3288 1867 3631 1939 προτάσεως,

2050 1959 2184 2030 φέρε
2226 1960 2323 2013 καὶ
2355 1959 2456 2031 τὴν
2487 1959 2635 2024 λέξιν
2676 1962 2848 2032 αὐτὴν
2876 1961 3250 2032 ἐξετάσωμεν.

352 2058 596 2130 Spiritus
620 2058 686 2113 ³⁸.
719 2059 1069 2112 Assimilatur
1098 2071 1259 2127 porro
1294 2056 1421 2111 nubi
1489 2056 1728 2126 Spiritus
1790 2064 2014 2110 sanctus
2054 2064 2278 2125 propter
2332 2056 2634 2126 gratiarum
2700 2057 2969 2123 imbrem,
3028 2074 3189 2128 quem
3252 2058 3425 2113 instar
3482 2054 3634 2112 ﬂuvii

352 2164 517 2221 super
569 2149 858 2207 credentes
917 2146 1164 2203 eli‘undit.
1229 2148 1414 2203 Soluta
1486 2149 1651 2221 igitur
1715 2148 1932 2203 infirma
2011 2148 2311 2218 quaestione
2367 2147 2806 2203 adversariorum
2884 2148 3051 2221 408
3116 2149 3355 2219 Spiritus
3415 2149 3632 2213 sancti,

354 2259 454 2314 age
481 2245 588 2315 iam
620 2242 910 2297 dictionem
949 2242 1122 2310 ipsam
1162 2243 1525 2298 excutiamus.

448 2357 465 2388 ι
512 2336 578 2389 Et
617 2334 1038 2404 transfiguratus
1071 2344 1154 2389 est
1188 2344 1316 2389 ante
1355 2350 1469 2402 eos,
1507 2344 1561 2391 et
1606 2335 1946 2407 resplenduit

357 2430 525 2486 facies
557 2429 681 2498 ejus
716 2428 854 2482 sicut
902 2427 1001 2482 sol.
1037 2445 1055 2478 ι
1106 2426 1386 2483 lnsolitum
1436 2430 1538 2483 hoc
1585 2428 1947 2499 transﬁgura-

356 2522 518 2577 tionis
550 2519 873 2576 miraculum
925 2520 1005 2574 sic
1044 2528 1128 2575 est
1163 2520 1593 2591 intelligendum,
1646 2536 1753 2577 non
1801 2521 1944 2592 quod

352 2616 544 2686 ﬁgura:
579 2612 831 2676 mutatio,
867 2612 952 2666 vel
1000 2613 1257 2678 variatio,
1296 2615 1439 2668 facta
1473 2614 1566 2679 sit,
1603 2615 1698 2668 sed
1733 2629 1794 2668 ea
1826 2630 1944 2669 ma-

356 2713 520 2760 nente
571 2713 634 2758 ut
679 2714 797 2758 erat
840 2702 1014 2772 prius,
1048 2703 1478 2758 additamentum
1515 2705 1653 2760 lucis
1701 2720 1823 2774 quae
1846 2719 1944 2758 ex-

342 2794 545 2864 plicari
615 2793 796 2848 verbis
865 2793 952 2846 vix
1015 2796 1212 2863 queat},
1259 2797 1573 2849 accesserit.
1632 2794 1747 2849 Etsi
1817 2809 1945 2850 vero

354 2888 619 2959 fulgorem
653 2886 802 2941 illum
832 2887 944 2940 oris
975 2902 1098 2940 eum
1133 2885 1244 2942 sole
1271 2889 1549 2957 componit
1576 2889 1944 2958 Evangelista,

353 2980 485 3035 solis
530 2988 715 3033 tamen
766 2979 946 3033 radios
991 2978 1309 3049 longissime
1359 2979 1449 3033 lux
1502 2980 1593 3035 illa
1629 2984 1942 3051 superabat.

355 3075 510 3142 Quod
537 3083 718 3129 autem
754 3074 807 3128 in
854 3071 1148 3128 sensilibus
1198 3073 1360 3126 rebus
1392 3072 1589 3127 melius
1635 3072 1944 3143 exemplum

2131 2352 2150 2385 ι
2176 2334 2283 2387 Καὶ
2307 2335 2712 2407 μετεμορφώθη
2736 2335 3047 2407 ἔμπροσθεν
3062 2337 3242 2392 αὐτῶν
3262 2381 3274 2403 ,
3300 2342 3391 2394 καὶ
3424 2340 3637 2413 ἔλαμψε

2047 2426 2109 2480 τὸ
2143 2427 2439 2496 πρόσωπον
2471 2429 2660 2495 αὐτοῦ,
2694 2430 2770 2493 ώς
2801 2432 2828 2482 6
2850 2430 3021 2500 ἥλιος.
3063 2450 3083 2484 ι
3122 2432 3196 2485 Τὸ
3229 2433 3329 2504 τῆς
3358 2454 3639 2509 μεταμορ-

2050 2515 2278 2584 φώσεως
2328 2516 2517 2589 θαῦμα
2584 2518 2891 2589 παράδοξον
2937 2518 3083 2574 οὕτω
3111 2524 3331 2592 νοητέον
3363 2545 3375 2558 -
3406 2527 3504 2597 οὐχ
3551 2529 3639 2583 ὅτι

2047 2608 2142 2663 τοῦ
2169 2610 2519 2682 χαρακτῆρος
2569 2611 2886 2681 μεταλλαγὴ
2911 2614 3006 2665 καὶ
3038 2614 3369 2686 μετάμειψις
3388 2620 3637 2687 γέγονεν,

2048 2701 2269 2756 ἀλλ’ὅτι
2303 2703 2610 2773 μείναντος,
2674 2704 2864 2774 ὥσπερ
2905 2706 3000 2760 καὶ
3057 2709 3343 2778 πρότερον,
3393 2713 3637 2785 ἀρρήτου

2051 2796 2232 2864 φωτὸς
2294 2796 2586 2869 προσθήκη
2623 2799 2969 2868 ἐπιγέγονεν.
3026 2801 3090 2854 Ei
3149 2802 3205 2856 δὲ
3256 2805 3351 2858 καὶ
3384 2807 3484 2876 τὴν
3538 2809 3636 2862 τοῦ

2052 2888 2350 2957 προσώπου
2375 2889 2701 2961 λαμπηδόνα
2723 2894 2750 2945 6
2770 2892 3169 2966 εὐαγγελιστὴς
3195 2901 3480 2972 συγκρῖνει
3499 2903 3637 2973 πρὸς

2049 2982 2225 3051 ἥλιον,
2259 2982 2397 3037 ἀλλὰ
2423 2985 2566 3037 κατὰ
2600 2983 2735 3038 πολὺ
2766 2987 2866 3049 τὰς
2899 2988 3132 3057 ἡλιακὰς
3172 2990 3403 3056 ἀκτῖνας
3427 2993 3486 3045 τὸ
3520 2995 3636 3063 φῶς

2051 3076 2230 3128 έκεῖνο
2259 3075 2569 3147 παρήλασε.
2597 3076 2686 3149 Τῷ
2717 3078 2773 3130 δὲ
2807 3079 2881 3151 μὴ
2906 3080 3089 3150 εὑρεῖν
3116 3082 3173 3135 ὲν
3204 3086 3318 3149 τοῖς
3358 3085 3637 3157 αἰσθητοῖς

356 3182 463 3222 non
492 3177 576 3221 est
612 3166 878 3235 reperire,
919 3179 1042 3220 cum
1087 3164 1548 3233 prmatantissimo
1592 3180 1781 3220 eorum
1828 3179 1941 3234 quat

2052 3164 2242 3235 μεῖζον
2274 3167 2661 3239 παράδειγμα,
2705 3169 2784 3240 τῷ
2812 3171 3087 3241 κρείττονι
3112 3174 3219 3227 τῶν
3248 3178 3543 3247 ὁρωμένων
3576 3181 3637 3233 τὸ

354 3256 631 3324 videntur,
695 3256 827 3312 illud
886 3256 1215 3311 miraculum
1278 3257 1530 3311 contulit.
1584 3255 1737 3323 Quod
1800 3257 1945 3312 enim

356 3346 489 3405 solis
516 3347 637 3401 luce
667 3345 1005 3415 splendidius
1056 3345 1388 3416 fulgurarit,
1430 3346 1820 3416 discipulorum
1859 3349 1945 3400 in-

352 3439 506 3494 dicat
544 3453 738 3506 casus;
783 3453 942 3493 neruo
992 3440 1136 3494 enim
1187 3438 1427 3494 concidit
1480 3439 1612 3493 solis
1659 3438 1947 3509 splendore

356 3550 666 3606 percussus.
699 3534 876 3589 Sensu
911 3549 1039 3589 vero
1070 3536 1244 3605 magis
1276 3535 1507 3607 mystico
1534 3535 1705 3590 facies
1737 3534 1944 3591 Christi

356 3627 707 3696 resplendens
758 3635 817 3682 ut
876 3627 994 3692 sol,
1050 3627 1222 3698 ipsius
1289 3628 1543 3683 divinitas
1603 3637 1705 3683 est.
1769 3628 1946 3684 \‘esti-

353 3731 539 3774 menta
584 3728 766 3773 autem
817 3720 987 3789 ipsius
1037 3720 1178 3775 facta
1214 3729 1270 3774 ut
1314 3722 1425 3783 lux,
1461 3722 1635 3789 ipsum
1675 3722 1818 3790 quod
1851 3737 1941 3775 as-

355 3813 596 3882 sumpsit
635 3827 855 3882 corpus.
890 3810 997 3866 Sed
1028 3813 1187 3867 sicuti
1220 3812 1364 3866 aliud
1394 3822 1478 3868 est
1503 3813 1609 3878 sol,
1642 3813 1788 3867 aliud
1814 3828 1945 3868 vero

354 3901 468 3967 hx,
501 3911 730 3972 utraque
759 3912 939 3957 tamen
979 3917 1195 3972 semper
1224 3904 1376 3956 unita
1406 3912 1646 3969 manent,
1683 3905 1753 3958 ita
1779 3918 1943 3973 supra

353 4004 568 4050 natura:
614 3995 882 4049 rationem
913 3995 1061 4049 unita
1091 3996 1360 4050 divinitati
1390 4011 1540 4061 caro,
1574 4007 1627 4052 et
1659 4014 1761 4052 una
1796 4012 1945 4051 com—

356 4087 534 4154 posita
562 4085 875 4157 hypostasis
907 4085 1019 4158 (68)
1052 4085 1198 4141 facta
1229 4088 1610 4155 inseparabilis
1637 4098 1941 4158 permanet.

353 4174 527 4243 Igitur
577 4175 646 4228 de
696 4174 978 4229 divinitate
1018 4174 1249 4244 loquens
1278 4190 1353 4229 eo
1389 4178 1531 4243 quod
1572 4175 1836 4245 simplex,
1891 4185 1945 4228 et

354 4280 556 4336 expers
584 4266 1001 4335 compOsitionis
1030 4267 1125 4331 sit,
1159 4267 1510 4337 singulariter
1543 4268 1735 4322 faciem
1764 4268 1940 4333 dixit;

352 4357 421 4411 de
466 4370 633 4411 carne
664 4371 794 4413 vero
828 4366 1056 4426 prepter
1101 4356 1461 4413 diﬂerentiam
1522 4359 1940 4426 elementorum,

336 4451 637 4523 pluraliter
682 4453 1046 4506 vestinteuta.’
1077 4450 1146 4505 Et
1189 4453 1446 4522 quoniam
1479 4450 1641 4506 Verbi
1681 4453 1941 4508 divinitas

351 4558 456 4597 nec
503 4544 765 4611 temporis
812 4543 1136 4612 principium
1173 4544 1382 4607 habuit,
1439 4558 1613 4613 neque
1641 4542 1783 4598 facta
1832 4555 1940 4608 est,

352 4635 536 4689 divina
568 4649 699 4690 vero
750 4636 887 4706 ipsis
934 4649 1064 4690 caro
1126 4636 1357 4704 tempori
1407 4638 1649 4703 subjecta
1698 4646 1752 4691 et
1798 4634 1940 4692 facta

332 4726 476 4793 'fuit,
538 4739 942 4797 consequenter
990 4727 1060 4783 de
1102 4727 1243 4785 facie
1294 4745 1416 4783 cum
1459 4731 1776 4798 loqueretur
1831 4746 1938 4785 non

353 4820 520 4874 dixit;
552 4818 718 4874 Facta
752 4817 875 4885 fuit,
913 4821 1013 4875 sed
1052 4816 1432 4889 Reaplend'uit;
1478 4818 1546 4872 de
1598 4819 1940 4874 vestimentis

353 4917 534 4965 auten
570 4911 728 4976 dixit,
753 4912 897 4981 quod
920 4908 1096 4967 Facta
1117 4919 1265 4977 sunt,
1310 4925 1404 4980 per
1438 4918 1728 4977 utrumque
1761 4912 1937 4979 signi-

1969 4511 2022 4569 D

2051 3255 2242 3326 θαῦμα
2284 3258 2651 3329 παρείκασεν.
2686 3262 2812 3315 Ὅτι
2845 3263 2958 3335 γὰρ
2996 3265 3140 3337 ὑπὲρ
3166 3267 3226 3320 τὸ
3256 3267 3483 3339 ἡλιακὸν
3517 3272 3635 3341 φώς

2048 3348 2438 3420 ἀπήστραψεν,
2466 3351 2671 3419 ἔδειξεν
2703 3355 2734 3425 ἡ
2759 3354 2868 3409 τῶν
2898 3358 3218 3413 ἀποστόλων
3240 3362 3593 3428 κατάπτωσις
3616 3380 3632 3397 ’

2047 3440 2224 3506 οὐδεὶς
2252 3443 2364 3515 γὰρ
2398 3444 2503 3498 ὑπὸ
2551 3445 2653 3517 τῆς
2682 3448 2917 3519 ἡλιακῆς
2951 3451 3286 3506 καταπίπτει
3314 3454 3633 3528 λαμπρότη-

2045 3551 2162 3599 τος.
2193 3536 2351 3589 Κατὰ
2368 3536 2425 3591 δὲ
2451 3538 2870 3610 μυπικώτερον
2900 3541 3078 3611 λόγον,
3105 3545 3396 3615 πρόσωπον
3417 3548 3515 3617 μὲν
3535 3550 3632 3602 τοῦ

2045 3629 2285 3699 Χριστοῦ
2319 3629 2560 3701 λάμπον,
2600 3632 2676 3694 ὡς
2721 3632 2893 3705 ἥλιος,
2937 3635 2971 3705 ἡ
3019 3636 3184 3689 αὐτοῦ
3220 3636 3431 3710 θεότης.
3480 3640 3633 3709 Ἱμὰ-

2044 3738 2133 3774 τια
2156 3722 2213 3775 δὲ
2244 3726 2514 3793 γεγονότα
2541 3724 2709 3779 αὐτοῦ
2742 3725 2818 3788 ώς
2850 3726 2989 3796 φῶς,
3014 3728 3147 3782 αὐτὸ
3180 3728 3240 3782 τὸ
3281 3730 3463 3801 σῶμα,
3492 3731 3634 3786 66w-

2046 3810 2294 3867 ελάϐετο.
2341 3814 2483 3868 Ἀλλ’
2511 3815 2702 3886 ὥσπερ
2728 3815 2859 3870 ἄλλο
2902 3817 3002 3887 μὲν
3024 3822 3050 3872 ὁ
3078 3819 3250 3891 ἥλιος,
3277 3820 3464 3892 ἕτερον
3487 3822 3543 3876 δὲ
3572 3826 3632 3877 τὸ

2048 3905 2187 3973 φῶς,
2212 3906 2488 3961 ὲνωθέντα
2527 3924 2592 3977 γε
2634 3909 2741 3981 μὴν
2772 3909 3062 3981 ἀμφότερα
3100 3913 3253 3981 μένει
3282 3913 3369 3966 διὰ
3401 3915 3627 3980 παντὸς,

2046 3990 2222 4054 οὕτως
2256 3991 2398 4064 ὑπὲρ
2439 3993 2601 4063 φύσιν
2625 3995 2891 4051 ὲνωθεῖσα
2930 3998 2963 4068 ἡ
3007 3997 3146 4070 σὰρξ
3175 4002 3239 4072 τῇ
3271 4001 3508 4072 θεότητι,
3533 4007 3632 4060 καὶ

2049 4079 2149 4148 μία
2184 4080 2441 4145 σύνθετος
2472 4086 2735 4151 γεγονυῖα
2771 4085 3104 4152 ὑπόστασις,
3140 4088 3389 4158 διαμένει
3419 4092 3633 4165 ἀχώρι-

2059 4188 2205 4235 στος.
2237 4174 2363 4226 Ἐπὶ
2416 4175 2517 4244 μὲν
2559 4172 2653 4230 οὖν
2722 4178 2821 4248 τῆς
2848 4178 3123 4248 θεότητος,
3160 4181 3248 4235 διὰ
3304 4183 3364 4236 τὸ
3421 4185 3632 4241 ἁπλοῦν

2046 4266 2139 4319 καὶ
2159 4265 2475 4335 ἀσύνθετον,
2510 4269 2706 4334 ἑνικῶς
2756 4266 2879 4325 είπε
2937 4274 3234 4343 πρόσωπον
3260 4292 3275 4309 ο
3307 4279 3399 4331 ἐπὶ
3427 4278 3487 4332 δὲ
3523 4280 3628 4351 τῆς

2048 4361 2273 4429 σαρκὸς,
2291 4360 2378 4414 διὰ
2404 4362 2464 4414 τὺ
2493 4362 2603 4415 τῶν
2629 4363 2915 4435 στοιχείων
2937 4365 3219 4437 διάφορον,
3243 4369 3628 4442 πληθυντικῶς

2046 4450 2116 4504 τὰ
2146 4452 2360 4522 ἱμάτια,
2395 4454 2508 4506 Καὶ
2547 4455 2737 4526 ἐπειδὴ
2764 4458 2797 4527 ἡ
2823 4458 2922 4527 μὲν
2946 4463 3042 4513 τοῦ
3072 4461 3246 4529 Λόγου
3283 4462 3477 4535 θεότης
3503 4463 3632 4521 οὔτε

2051 4545 2311 4615 χρονικὴν
2366 4545 2525 4617 ἔσχεν
2558 4547 2758 4619 ἀρχὴν,
2803 4548 2927 4604 οὔτε
2962 4552 3188 4621 γέγονεν
3208 4555 3351 4626 ’ἡδὲ
3384 4554 3504 4611 θεία
3533 4560 3635 4612 αὑ-

2048 4635 2144 4688 τοῦ
2199 4636 2337 4708 σὰρξ
2370 4638 2474 4691 ὑπὸ
2520 4640 2734 4710 χρόνον,
2769 4643 2864 4695 καὶ
2906 4646 3133 4715 γενητὴ,
3192 4647 3500 4714 ἁκολοῦθως
3535 4651 3633 4707 ἐπὶ

2052 4726 2153 4797 μὲν
2187 4728 2281 4782 τοῦ
2331 4730 2650 4800 προσώπου,
2674 4734 2774 4787 οὐκ
2815 4727 2991 4801 εἶπεν,
3030 4738 3323 4807 Ἐγένετο,
3353 4742 3493 4809 ἀλλ’,
3527 4745 3630 4799 'E-

2046 4824 2271 4890 λαμψε.
2308 4822 2389 4875 Τὰ
2414 4823 2472 4877 δὲ
2501 4826 2695 4893 ἱμάτια
2741 4827 2908 4880 αὐτοῦ
2956 4847 3144 4899 φησιν,
3195 4836 3278 4887 ὅτι
3322 4835 3626 4906 Ἐγένετο,

2048 4912 2117 4964 δι’
2139 4914 2471 4985 ἀμφοτέρων
2492 4916 2741 4987 δηλώσας
2767 4920 2871 4991 τὴν
2920 4921 3176 4977 ἄκτιστον
3234 4927 3334 4997 τῆς
3374 4929 3631 5001 θεότητος

410 5044 473 5079 -³³
511 5043 635 5099 Act.
662 5060 709 5108 ι,
745 5045 801 5100 9.
874 5047 922 5078 ’δ
962 5045 1154 5101 Matth.
1192 5061 1343 5111 utv,
1384 5045 1474 5100 50.
1553 5045 1599 5077 “’
1640 5044 1660 5099 ι
1693 5046 1843 5103 Petr.
1883 5065 1939 5104 tn

2048 5050 2101 5105 2.
2182 5051 2229 5083 ³⁸
2268 5052 2446 5108 lCor.
2482 5069 2536 5120 κ,
2584 5055 2639 5121 2,
2673 5055 2732 5111 θ.
2788 5106 2793 5111 .

1595 5163 1918 5227 Francisci
1952 5168 2161 5228 Scorsi
2210 5178 2395 5231 nota).

349 5280 760 5409 59(623lN5tges
786 5302 903 5340 eum
936 5285 1183 5354 suscepit.
1213 5283 1425 5338 Dictum
1451 5283 1657 5339 affatim
1689 5291 1755 5343 ad
1784 5289 1931 5345 hom.

626 5364 659 5386 υ,

422 5364 998 5495 ίϐἓῗιδοέάηιεηιοιίο.
1037 5422 1181 5493 Lege
1216 5427 1461 5495 eamdem
1499 5436 1704 5481 notam.

419 5485 534 5567 (δῖ)
578 5496 660 5549 Ad
690 5485 965 5551 'llebrwos
994 5485 1256 5567 scribens.
1292 5493 1386 5550 Vel
1442 5497 1647 5552 librarii
1684 5511 1928 5557 erratum

349 5566 441 5621 vel
452 5567 865 5638 concionatoris
891 5566 1199 5637 ἁμάρτημα
1232 5568 1590 5638 μνημονικὸν,
1615 5570 1764 5624 locus
1786 5574 1929 5627 enim

354 5650 416 5687 ex
451 5635 630 5706 Epist.
659 5637 675 5689 Ι
708 5640 776 5691 ad
802 5635 941 5694 Cur.
964 5635 1175 5706 eaipfx,
1208 5654 1312 5692 non
1328 5635 1408 5693 ad
1447 5637 1611 5694 llebr.

2047 5291 2134 5375 nis
2168 5294 2445 5375 “doctrina
2495 5298 2984 5375 scholasticorum:
3043 5303 3096 5358 id
3158 5306 3301 5375 quod
3350 5307 3517 5363 etiam
3568 5311 3626 5368 in

2046 5361 2297 5418 Coufess.
2325 5365 2447 5420 ﬁdei
2503 5369 2706 5424 Justin.
2745 5375 2960 5439 itnper.,
2995 5390 3117 5442 qua:
3144 5361 3227 5429 est
3257 5378 3308 5429 in
3351 5375 3388 5431 ν
3427 5361 3624 5442 synodi

2045 5446 2244 5517 (centu.
2281 5451 2601 5517 “pressum
2653 5451 2771 5496 est:
2796 5438 3044 5517 "00c.st
3071 5445 3340 5516 ἑκατέρας
3385 5438 3627 5517 φύσεως,

2040 5504 2429 5591 τομτέστινλέκ
2467 5509 2721 5591 θεότητος
2746 5515 2838 5566 καὶ
2884 5504 3452 5589 ἄνθρξιιπιῦτητοςξένα
3484 5504 3626 5591 Χρίί

2042 5575 2167 5655 στὸν
2220 5575 2812 5655 σύνθετονῃλέῇοντες,
2861 5575 3126 5655 σύγχυσιν
3179 5575 3239 5639 ἐν
3282 5575 3474 5642 ένώσει
3519 5575 3624 5646 οὐκ

2040 5646 2432 5724 ἐπεισάγομεν,
2491 5646 2640 5704 Unde
2691 5668 2755 5705 ea;
2799 5646 3025 5724 intraque
3074 5668 3289 5716 natura.
3324 5661 3378 5712 id
3426 5672 3504 5714 est
3553 5678 3624 5716 ea:

574 5705 656 5797 E‘
678 5705 1131 5797 ‘Wfahwmlmsml,
1156 5711 1475 5797 Ῑιξζροδιαδίε.
1511 5712 1801 5797 μίιιίεῑιιιιι
1828 5713 1932 5797 diei
2033 5715 2226 5770 deitale
2252 5705 2323 5797 ἐἰ
2353 5719 2685 5797 Ιριιηιαηὶιηιε
2712 5705 3019 5790 οιιί-ίέιὲὶῖτῖξ
3427 5705 3622 5785 dicen:

353 5788 512 5842 posse
569 5778 928 5842 compositum
982 5793 1046 5832 ex
1102 5780 1311 5835 duabus
1346 5781 1553 5834 naturis
1580 5784 1831 5836 concedit
1864 5784 1928 5838 ί).

350 5840 611 5915 Thomas,
634 5840 777 5914 part.
814 5863 899 5915 ιιι,
937 5860 1128 5919 qttcest.
1157 5850 1213 5917 ιι,
1250 5863 1354 5907 art.
1383 5850 1437 5917 ό,
1472 5860 1527 5906 et
1564 5862 1647 5908 est
1678 5869 1929 5909 commu-

2034 5796 2133 5851 (es,
2165 5790 2523 5857 conlusionem
2556 5795 2787 5851 undioni
2829 5814 2932 5852 non
2962 5790 3368 5858 introducimus.
