  <div class='ocr_page' id='page_1' title='image "/cluster/home/n/w/nwhite01/storage/ocr_20150623/132/coo.31924054870377/528.png"; bbox 0 0 4074 6408; ppageno 0'>
   <div class='ocr_carea' id='block_1_1' title="bbox 362 373 498 439">
    <p class='ocr_par' dir='ltr' id='par_1_1' title="bbox 362 373 498 439">
     <span class='ocr_line' id='line_1_1' title="bbox 362 373 498 439; baseline -0.007 0"><span class='ocrx_word' id='word_1_1' title='bbox 362 373 498 439; x_wconf 70' lang='lat'><strong>1041</strong></span> 
     </span>
    </p>
   </div>
   <div class='ocr_carea' id='block_1_2' title="bbox 1749 376 2281 440">
    <p class='ocr_par' dir='ltr' id='par_1_2' title="bbox 1749 376 2281 440">
     <span class='ocr_line' id='line_1_2' title="bbox 1749 376 2281 440; baseline 0.011 -6"><span class='ocrx_word' id='word_1_2' title='bbox 1749 376 2076 436; x_wconf 69' lang='lat' dir='ltr'><strong>IIOMlLlA</strong></span> <span class='ocrx_word' id='word_1_3' title='bbox 2133 378 2281 440; x_wconf 78' lang='lat' dir='ltr'><strong>LlX.</strong></span> 
     </span>
    </p>
   </div>
   <div class='ocr_carea' id='block_1_3' title="bbox 3495 387 3632 452">
    <p class='ocr_par' dir='ltr' id='par_1_3' title="bbox 3495 387 3632 452">
     <span class='ocr_line' id='line_1_3' title="bbox 3495 387 3632 452; baseline 0.022 -3"><span class='ocrx_word' id='word_1_4' title='bbox 3495 387 3514 449; x_wconf 83' lang='grc'><strong>1</strong></span> <span class='ocrx_word' id='word_1_5' title='bbox 3526 391 3632 452; x_wconf 72' lang='grc'><strong>042</strong></span> 
     </span>
    </p>
   </div>
   <div class='ocr_carea' id='block_1_4' title="bbox 360 486 1963 561">
    <p class='ocr_par' dir='ltr' id='par_1_4' title="bbox 360 486 1939 556">
     <span class='ocr_line' id='line_1_4' title="bbox 360 486 1939 556; baseline -0.001 -16"><span class='ocrx_word' id='word_1_6' title='bbox 360 487 662 554; x_wconf 78' lang='grc' dir='ltr'>ῳῦσιν,κα“ι</span> <span class='ocrx_word' id='word_1_7' title='bbox 691 487 791 556; x_wconf 79' lang='grc' dir='ltr'>τὴν</span> <span class='ocrx_word' id='word_1_8' title='bbox 824 486 1041 554; x_wconf 81' lang='grc' dir='ltr'>γένεσιν</span> <span class='ocrx_word' id='word_1_9' title='bbox 1093 486 1186 540; x_wconf 82' lang='grc' dir='ltr'>τοῦ</span> <span class='ocrx_word' id='word_1_10' title='bbox 1233 486 1687 556; x_wconf 75' lang='grc' dir='ltr'>προσλήμματος.</span> <span class='ocrx_word' id='word_1_11' title='bbox 1743 489 1939 552; x_wconf 75' lang='grc' dir='ltr'>Γέγονε</span> 
     </span>
    </p>
   </div>
   <div class='ocr_carea' id='block_1_5' title="bbox 2067 486 3628 561">
    <p class='ocr_par' dir='ltr' id='par_1_5' title="bbox 2067 488 3628 561">
     <span class='ocr_line' id='line_1_5' title="bbox 2067 488 3628 561; baseline 0.009 -21"><span class='ocrx_word' id='word_1_12' title='bbox 2067 488 2248 554; x_wconf 84' lang='lat' dir='ltr'><strong>icans,</strong></span> <span class='ocrx_word' id='word_1_13' title='bbox 2293 501 2347 545; x_wconf 82' lang='lat' dir='ltr'><strong>et</strong></span> <span class='ocrx_word' id='word_1_14' title='bbox 2405 502 2653 546; x_wconf 85' lang='lat' dir='ltr'><strong>naturam</strong></span> <span class='ocrx_word' id='word_1_15' title='bbox 2707 496 3004 550; x_wconf 76' lang='lat' dir='ltr'><strong>divinitatis</strong></span> <span class='ocrx_word' id='word_1_16' title='bbox 3057 497 3388 561; x_wconf 88' lang='lat' dir='ltr'><strong>increatam,</strong></span> <span class='ocrx_word' id='word_1_17' title='bbox 3441 513 3492 551; x_wconf 89' lang='lat' dir='ltr'><strong>et</strong></span> <span class='ocrx_word' id='word_1_18' title='bbox 3543 518 3628 553; x_wconf 85' lang='lat' dir='ltr'><strong>as-</strong></span> 
     </span>
    </p>
   </div>
   <div class='ocr_carea' id='block_1_6' title="bbox 361 579 1942 649">
    <p class='ocr_par' dir='ltr' id='par_1_6' title="bbox 361 579 1942 649">
     <span class='ocr_line' id='line_1_6' title="bbox 361 579 1942 649; baseline -0.001 -15"><span class='ocrx_word' id='word_1_19' title='bbox 361 581 472 649; x_wconf 84' lang='grc' dir='ltr'><strong>γάρ</strong></span> <span class='ocrx_word' id='word_1_20' title='bbox 507 579 582 642; x_wconf 83' lang='grc' dir='ltr'><strong>ὡς</strong></span> <span class='ocrx_word' id='word_1_21' title='bbox 612 579 828 648; x_wconf 82' lang='grc' dir='ltr'>άληθῶς</span> <span class='ocrx_word' id='word_1_22' title='bbox 862 581 894 648; x_wconf 87' lang='grc' dir='ltr'>ὴ</span> <span class='ocrx_word' id='word_1_23' title='bbox 932 579 1062 647; x_wconf 81' lang='grc' dir='ltr'>ἁγία</span> <span class='ocrx_word' id='word_1_24' title='bbox 1091 579 1185 632; x_wconf 79' lang='grc' dir='ltr'>τοῦ</span> <span class='ocrx_word' id='word_1_25' title='bbox 1219 580 1392 647; x_wconf 88' lang='grc' dir='ltr'>Λόγου</span> <span class='ocrx_word' id='word_1_26' title='bbox 1428 581 1563 648; x_wconf 79' lang='grc' dir='ltr'>σὰρξ</span> <span class='ocrx_word' id='word_1_27' title='bbox 1591 579 1664 641; x_wconf 83' lang='grc' dir='ltr'>ὡς</span> <span class='ocrx_word' id='word_1_28' title='bbox 1687 582 1824 648; x_wconf 76' lang='grc' dir='ltr'>φῶς.</span> <span class='ocrx_word' id='word_1_29' title='bbox 1848 581 1942 633; x_wconf 82' lang='grc' dir='ltr'><strong>ἀτε</strong></span> 
     </span>
    </p>
   </div>
   <div class='ocr_carea' id='block_1_7' title="bbox 365 671 1945 742">
    <p class='ocr_par' dir='ltr' id='par_1_7' title="bbox 365 671 1945 742">
     <span class='ocr_line' id='line_1_7' title="bbox 365 671 1945 742; baseline 0.001 -18"><span class='ocrx_word' id='word_1_30' title='bbox 365 671 584 741; x_wconf 78' lang='grc' dir='ltr'>καθαρά</span> <span class='ocrx_word' id='word_1_31' title='bbox 618 673 712 724; x_wconf 74' lang='grc' dir='ltr'><strong>καὶ</strong></span> <span class='ocrx_word' id='word_1_32' title='bbox 767 673 941 742; x_wconf 80' lang='grc' dir='ltr'>ῥύπου</span> <span class='ocrx_word' id='word_1_33' title='bbox 989 674 1193 734; x_wconf 74' lang='grc' dir='ltr'>παντὸς</span> <span class='ocrx_word' id='word_1_34' title='bbox 1241 672 1626 742; x_wconf 83' lang='grc' dir='ltr'>ἀνεπίμικτος.</span> <span class='ocrx_word' id='word_1_35' title='bbox 1678 675 1945 740; x_wconf 75' lang='grc' dir='ltr'>Σαφέστε·</span> 
     </span>
    </p>
   </div>
   <div class='ocr_carea' id='block_1_8' title="bbox 367 763 1943 835">
    <p class='ocr_par' dir='ltr' id='par_1_8' title="bbox 367 763 1943 835">
     <span class='ocr_line' id='line_1_8' title="bbox 367 763 1943 835; baseline 0.001 -19"><span class='ocrx_word' id='word_1_36' title='bbox 367 781 461 833; x_wconf 80' lang='grc' dir='ltr'><strong>ρον</strong></span> <span class='ocrx_word' id='word_1_37' title='bbox 492 763 547 816; x_wconf 87' lang='grc' dir='ltr'>δὲ</span> <span class='ocrx_word' id='word_1_38' title='bbox 569 763 729 816; x_wconf 74' lang='grc' dir='ltr'>τοῦτο</span> <span class='ocrx_word' id='word_1_39' title='bbox 750 765 810 816; x_wconf 79' lang='grc' dir='ltr'><strong>τὸ</strong></span> <span class='ocrx_word' id='word_1_40' title='bbox 840 765 1020 834; x_wconf 76' lang='grc' dir='ltr'>νόημα</span> <span class='ocrx_word' id='word_1_41' title='bbox 1049 767 1076 818; x_wconf 86' lang='grc' dir='ltr'>ὁ</span> <span class='ocrx_word' id='word_1_42' title='bbox 1107 764 1247 829; x_wconf 84' lang='grc' dir='ltr'>θεῖος</span> <span class='ocrx_word' id='word_1_43' title='bbox 1305 766 1534 835; x_wconf 82' lang='grc' dir='ltr'>Μάρκος</span> <span class='ocrx_word' id='word_1_44' title='bbox 1567 767 1943 835; x_wconf 81' lang='grc' dir='ltr'>παρέστησεν,</span> 
     </span>
    </p>
   </div>
   <div class='ocr_carea' id='block_1_9' title="bbox 365 855 1948 927">
    <p class='ocr_par' dir='ltr' id='par_1_9' title="bbox 365 855 1948 927">
     <span class='ocr_line' id='line_1_9' title="bbox 365 855 1948 927; baseline 0.001 -18"><span class='ocrx_word' id='word_1_45' title='bbox 365 855 734 919; x_wconf 71' lang='grc' dir='ltr'>οὔτως-εἰπὼν</span> <span class='ocrx_word' id='word_1_46' title='bbox 757 873 770 886; x_wconf 75' lang='grc'>³</span> <span class='ocrx_word' id='word_1_47' title='bbox 804 876 822 908; x_wconf 71' lang='grc' dir='ltr'>ς</span> <span class='ocrx_word' id='word_1_48' title='bbox 849 857 1100 925; x_wconf 79' lang='grc' dir='ltr'>Ἐγένετο</span> <span class='ocrx_word' id='word_1_49' title='bbox 1135 857 1205 910; x_wconf 89' lang='grc' dir='ltr'><strong>τά</strong></span> <span class='ocrx_word' id='word_1_50' title='bbox 1235 857 1428 927; x_wconf 83' lang='grc' dir='ltr'>ἱμάτια</span> <span class='ocrx_word' id='word_1_51' title='bbox 1458 859 1623 911; x_wconf 77' lang='grc' dir='ltr'>αὑτοῦ</span> <span class='ocrx_word' id='word_1_52' title='bbox 1663 859 1948 911; x_wconf 79' lang='grc' dir='ltr'>στίλϐοντα</span> 
     </span>
    </p>
   </div>
   <div class='ocr_carea' id='block_1_10' title="bbox 363 946 1946 1020">
    <p class='ocr_par' dir='ltr' id='par_1_10' title="bbox 363 946 1946 1020">
     <span class='ocr_line' id='line_1_10' title="bbox 363 946 1946 1020; baseline 0.004 -23"><span class='ocrx_word' id='word_1_53' title='bbox 363 946 485 999; x_wconf 83' lang='grc' dir='ltr'>λίαν</span> <span class='ocrx_word' id='word_1_54' title='bbox 518 947 684 1000; x_wconf 89' lang='grc' dir='ltr'>λευκά</span> <span class='ocrx_word' id='word_1_55' title='bbox 721 948 855 1000; x_wconf 78' lang='grc' dir='ltr'>ὡσεὶ</span> <span class='ocrx_word' id='word_1_56' title='bbox 905 949 1061 1018; x_wconf 84' lang='grc' dir='ltr'>χιὼν,</span> <span class='ocrx_word' id='word_1_57' title='bbox 1090 947 1178 1002; x_wconf 78' lang='grc' dir='ltr'>οἷα</span> <span class='ocrx_word' id='word_1_58' title='bbox 1227 951 1469 1018; x_wconf 78' lang='grc' dir='ltr'>γναφεὺς</span> <span class='ocrx_word' id='word_1_59' title='bbox 1491 952 1583 1004; x_wconf 72' lang='grc' dir='ltr'><strong>ἐπὶ</strong></span> <span class='ocrx_word' id='word_1_60' title='bbox 1623 951 1722 1020; x_wconf 86' lang='grc' dir='ltr'><strong>τῆς</strong></span> <span class='ocrx_word' id='word_1_61' title='bbox 1755 953 1856 1020; x_wconf 82' lang='grc' dir='ltr'><strong>γῆς</strong></span> <span class='ocrx_word' id='word_1_62' title='bbox 1888 953 1946 1003; x_wconf 74' lang='grc' dir='ltr'>οὐ</span> 
     </span>
    </p>
   </div>
   <div class='ocr_carea' id='block_1_11' title="bbox 365 1038 1948 1112">
    <p class='ocr_par' dir='ltr' id='par_1_11' title="bbox 365 1038 1948 1112">
     <span class='ocr_line' id='line_1_11' title="bbox 365 1038 1948 1112; baseline 0.002 -20"><span class='ocrx_word' id='word_1_63' title='bbox 365 1038 592 1092; x_wconf 84' lang='grc' dir='ltr'>δύναται</span> <span class='ocrx_word' id='word_1_64' title='bbox 639 1039 924 1101; x_wconf 79' lang='grc' dir='ltr'>λευκᾶναι,</span> <span class='ocrx_word' id='word_1_65' title='bbox 967 1059 984 1091; x_wconf 76' lang='grc' dir='ltr'><strong>ι</strong></span> <span class='ocrx_word' id='word_1_66' title='bbox 1013 1045 1244 1110; x_wconf 76' lang='grc' dir='ltr'><strong>γναφεῖς</strong></span> <span class='ocrx_word' id='word_1_67' title='bbox 1269 1041 1444 1109; x_wconf 88' lang='grc' dir='ltr'>λέγων</span> <span class='ocrx_word' id='word_1_68' title='bbox 1487 1044 1616 1106; x_wconf 81' lang='grc' dir='ltr'>τοὺς</span> <span class='ocrx_word' id='word_1_69' title='bbox 1663 1045 1948 1112; x_wconf 71' lang='grc' dir='ltr'>προφήτας</span> 
     </span>
    </p>
   </div>
   <div class='ocr_carea' id='block_1_12' title="bbox 367 1127 1949 1208">
    <p class='ocr_par' dir='ltr' id='par_1_12' title="bbox 367 1127 1949 1208">
     <span class='ocr_line' id='line_1_12' title="bbox 367 1127 1949 1208; baseline 0.003 -24"><span class='ocrx_word' id='word_1_70' title='bbox 367 1132 464 1184; x_wconf 72' lang='grc' dir='ltr'><strong>καὶ</strong></span> <span class='ocrx_word' id='word_1_71' title='bbox 487 1132 758 1202; x_wconf 80' lang='grc' dir='ltr'>κήρυκας,</span> <span class='ocrx_word' id='word_1_72' title='bbox 797 1127 872 1185; x_wconf 82' lang='grc' dir='ltr'><strong>ὧν</strong></span> <span class='ocrx_word' id='word_1_73' title='bbox 920 1134 1097 1198; x_wconf 74' lang='grc' dir='ltr'>οὐδεὶς</span> <span class='ocrx_word' id='word_1_74' title='bbox 1163 1135 1306 1189; x_wconf 77' lang='grc' dir='ltr'>οὕτω</span> <span class='ocrx_word' id='word_1_75' title='bbox 1357 1137 1621 1190; x_wconf 79' lang='grc' dir='ltr'>λευκᾶναι</span> <span class='ocrx_word' id='word_1_76' title='bbox 1651 1136 1753 1208; x_wconf 81' lang='grc' dir='ltr'>τὴν</span> <span class='ocrx_word' id='word_1_77' title='bbox 1785 1136 1949 1206; x_wconf 84' lang='grc' dir='ltr'>φύσιν</span> 
     </span>
    </p>
   </div>
   <div class='ocr_carea' id='block_1_13' title="bbox 367 1223 1950 1302">
    <p class='ocr_par' dir='ltr' id='par_1_13' title="bbox 367 1223 1950 1302">
     <span class='ocr_line' id='line_1_13' title="bbox 367 1223 1950 1302; baseline 0.004 -26"><span class='ocrx_word' id='word_1_78' title='bbox 367 1224 478 1277; x_wconf 84' lang='grc' dir='ltr'><strong>τῶν</strong></span> <span class='ocrx_word' id='word_1_79' title='bbox 508 1223 818 1294; x_wconf 81' lang='grc' dir='ltr'>ἀνθρώπων</span> <span class='ocrx_word' id='word_1_80' title='bbox 851 1226 1094 1296; x_wconf 83' lang='grc' dir='ltr'>ίσχυσεν,</span> <span class='ocrx_word' id='word_1_81' title='bbox 1126 1228 1201 1290; x_wconf 83' lang='grc' dir='ltr'>ὡς</span> <span class='ocrx_word' id='word_1_82' title='bbox 1237 1231 1265 1281; x_wconf 86' lang='grc' dir='ltr'>ὁ</span> <span class='ocrx_word' id='word_1_83' title='bbox 1288 1227 1495 1300; x_wconf 81' lang='grc' dir='ltr'>Κύριος</span> <span class='ocrx_word' id='word_1_84' title='bbox 1545 1229 1623 1299; x_wconf 87' lang='grc' dir='ltr'>τῷ</span> <span class='ocrx_word' id='word_1_85' title='bbox 1669 1231 1808 1297; x_wconf 73' lang='grc' dir='ltr'>φωτὶ</span> <span class='ocrx_word' id='word_1_86' title='bbox 1851 1233 1950 1302; x_wconf 83' lang='grc' dir='ltr'>τῆς</span> 
     </span>
    </p>
   </div>
   <div class='ocr_carea' id='block_1_14' title="bbox 369 1317 1948 1392">
    <p class='ocr_par' dir='ltr' id='par_1_14' title="bbox 369 1317 1948 1392">
     <span class='ocr_line' id='line_1_14' title="bbox 369 1317 1948 1392; baseline 0.004 -23"><span class='ocrx_word' id='word_1_87' title='bbox 369 1317 631 1388; x_wconf 85' lang='grc' dir='ltr'>θεότητης</span> <span class='ocrx_word' id='word_1_88' title='bbox 658 1317 986 1389; x_wconf 87' lang='grc' dir='ltr'>λαμπρύνας</span> <span class='ocrx_word' id='word_1_89' title='bbox 1010 1321 1206 1391; x_wconf 82' lang='grc' dir='ltr'>αὐτήν.</span> <span class='ocrx_word' id='word_1_90' title='bbox 1236 1321 1420 1392; x_wconf 82' lang='grc' dir='ltr'>Ταύτῃ</span> <span class='ocrx_word' id='word_1_91' title='bbox 1453 1338 1538 1374; x_wconf 89' lang='grc' dir='ltr'><strong>τοι</strong></span> <span class='ocrx_word' id='word_1_92' title='bbox 1583 1322 1678 1374; x_wconf 82' lang='grc' dir='ltr'>καὶ</span> <span class='ocrx_word' id='word_1_93' title='bbox 1707 1321 1948 1392; x_wconf 81' lang='grc' dir='ltr'>κέκραγε</span> 
     </span>
    </p>
   </div>
   <div class='ocr_carea' id='block_1_15' title="bbox 371 1411 1953 1486">
    <p class='ocr_par' dir='ltr' id='par_1_15' title="bbox 371 1411 1953 1486">
     <span class='ocr_line' id='line_1_15' title="bbox 371 1411 1953 1486; baseline 0.003 -24"><span class='ocrx_word' id='word_1_94' title='bbox 371 1411 522 1479; x_wconf 82' lang='grc' dir='ltr'>πρὸς,</span> <span class='ocrx_word' id='word_1_95' title='bbox 576 1412 736 1464; x_wconf 79' lang='grc' dir='ltr'>αὐτὸν</span> <span class='ocrx_word' id='word_1_96' title='bbox 782 1415 814 1482; x_wconf 81' lang='grc' dir='ltr'><strong>ἡ</strong></span> <span class='ocrx_word' id='word_1_97' title='bbox 862 1412 1259 1484; x_wconf 77' lang='grc' dir='ltr'>ψαλμογράφος</span> <span class='ocrx_word' id='word_1_98' title='bbox 1317 1416 1471 1486; x_wconf 84' lang='grc' dir='ltr'>φωνή</span> <span class='ocrx_word' id='word_1_99' title='bbox 1514 1430 1528 1444; x_wconf 80' lang='grc'>⁶</span> <span class='ocrx_word' id='word_1_100' title='bbox 1591 1434 1608 1466; x_wconf 81' lang='grc' dir='ltr'><strong>ι</strong></span> <span class='ocrx_word' id='word_1_101' title='bbox 1655 1416 1716 1469; x_wconf 84' lang='grc' dir='ltr'>Ὀ</span> <span class='ocrx_word' id='word_1_102' title='bbox 1745 1415 1953 1469; x_wconf 77' lang='grc' dir='ltr'>ἀναϐα-</span> 
     </span>
    </p>
   </div>
   <div class='ocr_carea' id='block_1_16' title="bbox 371 1503 1221 1578">
    <p class='ocr_par' dir='ltr' id='par_1_16' title="bbox 371 1503 1221 1578">
     <span class='ocr_line' id='line_1_16' title="bbox 371 1503 1221 1578; baseline 0.006 -22"><span class='ocrx_word' id='word_1_103' title='bbox 371 1503 600 1575; x_wconf 83' lang='grc' dir='ltr'>λόμενος</span> <span class='ocrx_word' id='word_1_104' title='bbox 631 1505 770 1575; x_wconf 80' lang='grc' dir='ltr'>φῶς,</span> <span class='ocrx_word' id='word_1_105' title='bbox 806 1507 880 1570; x_wconf 81' lang='grc' dir='ltr'><strong>ὡς</strong></span> <span class='ocrx_word' id='word_1_106' title='bbox 917 1507 1157 1578; x_wconf 76' lang='grc' dir='ltr'>ἱμάτιον.</span> <span class='ocrx_word' id='word_1_107' title='bbox 1202 1527 1221 1560; x_wconf 75' lang='grc' dir='ltr'><strong>ι</strong></span> 
     </span>
    </p>
   </div>
   <div class='ocr_carea' id='block_1_17' title="bbox 443 1685 1949 1764">
    <p class='ocr_par' dir='ltr' id='par_1_17' title="bbox 443 1685 1949 1764">
     <span class='ocr_line' id='line_1_17' title="bbox 443 1685 1949 1764; baseline 0.003 -25"><span class='ocrx_word' id='word_1_108' title='bbox 443 1686 800 1757; x_wconf 72' lang='grc' dir='ltr'><strong>Ἀποκριθεὶς</strong></span> <span class='ocrx_word' id='word_1_109' title='bbox 839 1687 896 1740; x_wconf 80' lang='grc' dir='ltr'>δὲ</span> <span class='ocrx_word' id='word_1_110' title='bbox 955 1689 1164 1760; x_wconf 81' lang='grc' dir='ltr'>Πέτρος</span> <span class='ocrx_word' id='word_1_111' title='bbox 1207 1685 1330 1742; x_wconf 77' lang='grc' dir='ltr'>εἶπε</span> <span class='ocrx_word' id='word_1_112' title='bbox 1359 1689 1435 1760; x_wconf 80' lang='grc' dir='ltr'>τῷ</span> <span class='ocrx_word' id='word_1_113' title='bbox 1460 1688 1635 1760; x_wconf 87' lang='grc' dir='ltr'><strong>Ἰησοῦ</strong></span> <span class='ocrx_word' id='word_1_114' title='bbox 1655 1707 1667 1720; x_wconf 82' lang='lat'><strong>&#39;</strong></span> <span class='ocrx_word' id='word_1_115' title='bbox 1704 1711 1722 1742; x_wconf 73' lang='grc' dir='ltr'><strong>ι</strong></span> <span class='ocrx_word' id='word_1_116' title='bbox 1753 1689 1949 1764; x_wconf 82' lang='grc' dir='ltr'>Κύριε,</span> 
     </span>
    </p>
   </div>
   <div class='ocr_carea' id='block_1_18' title="bbox 2045 587 3627 656">
    <p class='ocr_par' dir='ltr' id='par_1_18' title="bbox 2045 587 3627 656">
     <span class='ocr_line' id='line_1_18' title="bbox 2045 587 3627 656; baseline 0.005 -20"><span class='ocrx_word' id='word_1_117' title='bbox 2045 592 2276 652; x_wconf 63' lang='lat' dir='ltr'><strong>sumpta;</strong></span> <span class='ocrx_word' id='word_1_118' title='bbox 2336 587 2690 641; x_wconf 88' lang='lat' dir='ltr'><strong>humanitatis</strong></span> <span class='ocrx_word' id='word_1_119' title='bbox 2745 589 3200 656; x_wconf 71' lang='lat' dir='ltr'><strong>procreationem.</strong></span> <span class='ocrx_word' id='word_1_120' title='bbox 3261 589 3427 643; x_wconf 85' lang='lat' dir='ltr'><strong>Facta</strong></span> <span class='ocrx_word' id='word_1_121' title='bbox 3482 591 3627 644; x_wconf 82' lang='lat' dir='ltr'><strong>enim</strong></span> 
     </span>
    </p>
   </div>
   <div class='ocr_carea' id='block_1_19' title="bbox 2047 679 3632 749">
    <p class='ocr_par' dir='ltr' id='par_1_19' title="bbox 2047 679 3632 749">
     <span class='ocr_line' id='line_1_19' title="bbox 2047 679 3632 749; baseline 0.005 -23"><span class='ocrx_word' id='word_1_122' title='bbox 2047 689 2236 730; x_wconf 74' lang='lat' dir='ltr'><strong>revera</strong></span> <span class='ocrx_word' id='word_1_123' title='bbox 2280 684 2368 731; x_wconf 88' lang='lat' dir='ltr'><strong>est</strong></span> <span class='ocrx_word' id='word_1_124' title='bbox 2407 690 2591 733; x_wconf 87' lang='lat' dir='ltr'><strong>saneta</strong></span> <span class='ocrx_word' id='word_1_125' title='bbox 2632 680 2777 734; x_wconf 88' lang='lat' dir='ltr'><strong>illius</strong></span> <span class='ocrx_word' id='word_1_126' title='bbox 2805 696 2934 734; x_wconf 88' lang='lat' dir='ltr'><strong>caro</strong></span> <span class='ocrx_word' id='word_1_127' title='bbox 2966 681 3104 735; x_wconf 89' lang='lat' dir='ltr'><strong>sicut</strong></span> <span class='ocrx_word' id='word_1_128' title='bbox 3134 679 3247 745; x_wconf 82' lang='lat' dir='ltr'><strong>lux,</strong></span> <span class='ocrx_word' id='word_1_129' title='bbox 3283 689 3632 749; x_wconf 82' lang='lat' dir='ltr'><strong>utpote-pura</strong></span> 
     </span>
    </p>
   </div>
   <div class='ocr_carea' id='block_1_20' title="bbox 2047 765 3635 837">
    <p class='ocr_par' dir='ltr' id='par_1_20' title="bbox 2047 765 3635 837">
     <span class='ocr_line' id='line_1_20' title="bbox 2047 765 3635 837; baseline 0.003 -17"><span class='ocrx_word' id='word_1_130' title='bbox 2047 775 2101 820; x_wconf 89' lang='lat' dir='ltr'><strong>et</strong></span> <span class='ocrx_word' id='word_1_131' title='bbox 2149 765 2218 819; x_wconf 77' lang='lat' dir='ltr'><strong>ab</strong></span> <span class='ocrx_word' id='word_1_132' title='bbox 2272 769 2416 821; x_wconf 88' lang='lat' dir='ltr'><strong>omni</strong></span> <span class='ocrx_word' id='word_1_133' title='bbox 2471 785 2694 837; x_wconf 82' lang='lat' dir='ltr'><strong>prorsus</strong></span> <span class='ocrx_word' id='word_1_134' title='bbox 2751 769 2870 823; x_wconf 86' lang='lat' dir='ltr'><strong>labe</strong></span> <span class='ocrx_word' id='word_1_135' title='bbox 2924 769 3191 836; x_wconf 75' lang='lat' dir='ltr'><strong>seiuncta.</strong></span> <span class='ocrx_word' id='word_1_136' title='bbox 3241 769 3458 824; x_wconf 80' lang='lat' dir='ltr'><strong>Clarius</strong></span> <span class='ocrx_word' id='word_1_137' title='bbox 3509 784 3635 824; x_wconf 86' lang='lat' dir='ltr'><strong>vero</strong></span> 
     </span>
    </p>
   </div>
   <div class='ocr_carea' id='block_1_21' title="bbox 2048 858 3631 917">
    <p class='ocr_par' dir='ltr' id='par_1_21' title="bbox 2048 858 3631 917">
     <span class='ocr_line' id='line_1_21' title="bbox 2048 858 3631 917; baseline 0.005 -8"><span class='ocrx_word' id='word_1_138' title='bbox 2048 858 2376 912; x_wconf 88' lang='lat' dir='ltr'><strong>sententiam</strong></span> <span class='ocrx_word' id='word_1_139' title='bbox 2411 859 2548 912; x_wconf 84' lang='lat' dir='ltr'><strong>hanc</strong></span> <span class='ocrx_word' id='word_1_140' title='bbox 2583 862 2738 915; x_wconf 80' lang='lat' dir='ltr'><strong>dirus</strong></span> <span class='ocrx_word' id='word_1_141' title='bbox 2771 861 2984 915; x_wconf 86' lang='lat' dir='ltr'><strong>Marcus</strong></span> <span class='ocrx_word' id='word_1_142' title='bbox 3020 863 3256 916; x_wconf 80' lang='lat' dir='ltr'><strong>ostendit</strong></span> <span class='ocrx_word' id='word_1_143' title='bbox 3290 863 3369 916; x_wconf 87' lang='lat' dir='ltr'><strong>sic</strong></span> <span class='ocrx_word' id='word_1_144' title='bbox 3407 863 3631 917; x_wconf 88' lang='lat' dir='ltr'><strong>dicens:</strong></span> 
     </span>
    </p>
   </div>
   <div class='ocr_carea' id='block_1_22' title="bbox 2055 950 3638 1022">
    <p class='ocr_par' dir='ltr' id='par_1_22' title="bbox 2055 950 3638 1022">
     <span class='ocr_line' id='line_1_22' title="bbox 2055 950 3638 1022; baseline 0.005 -22"><span class='ocrx_word' id='word_1_145' title='bbox 2055 969 2072 1000; x_wconf 78' lang='grc' dir='ltr'><strong>ι</strong></span> <span class='ocrx_word' id='word_1_146' title='bbox 2115 950 2448 1005; x_wconf 78' lang='lat' dir='ltr'><strong>VeStimenta</strong></span> <span class='ocrx_word' id='word_1_147' title='bbox 2477 953 2592 1022; x_wconf 79' lang='lat' dir='ltr'><strong>ejus</strong></span> <span class='ocrx_word' id='word_1_148' title='bbox 2641 953 2779 1008; x_wconf 80' lang='lat' dir='ltr'><strong>facta</strong></span> <span class='ocrx_word' id='word_1_149' title='bbox 2832 964 2955 1007; x_wconf 90' lang='lat' dir='ltr'><strong>sunt</strong></span> <span class='ocrx_word' id='word_1_150' title='bbox 3001 955 3360 1022; x_wconf 73' lang='lat' dir='ltr'><strong>splendentia,</strong></span> <span class='ocrx_word' id='word_1_151' title='bbox 3402 963 3455 1008; x_wconf 85' lang='lat' dir='ltr'><strong>et</strong></span> <span class='ocrx_word' id='word_1_152' title='bbox 3504 970 3638 1009; x_wconf 82' lang='lat' dir='ltr'><strong>carr-</strong></span> 
     </span>
    </p>
   </div>
   <div class='ocr_carea' id='block_1_23' title="bbox 2051 1042 3638 1115">
    <p class='ocr_par' dir='ltr' id='par_1_23' title="bbox 2051 1042 3638 1115">
     <span class='ocr_line' id='line_1_23' title="bbox 2051 1042 3638 1115; baseline 0.003 -20"><span class='ocrx_word' id='word_1_153' title='bbox 2051 1042 2173 1095; x_wconf 84' lang='lat' dir='ltr'><strong>dida</strong></span> <span class='ocrx_word' id='word_1_154' title='bbox 2209 1042 2370 1095; x_wconf 87' lang='lat' dir='ltr'><strong>nimis</strong></span> <span class='ocrx_word' id='word_1_155' title='bbox 2405 1044 2545 1097; x_wconf 80' lang='lat' dir='ltr'><strong>sicut</strong></span> <span class='ocrx_word' id='word_1_156' title='bbox 2577 1045 2690 1108; x_wconf 81' lang='lat' dir='ltr'><strong>nix,</strong></span> <span class='ocrx_word' id='word_1_157' title='bbox 2719 1046 2896 1114; x_wconf 77' lang='lat' dir='ltr'><strong>qualia</strong></span> <span class='ocrx_word' id='word_1_158' title='bbox 2930 1045 3060 1099; x_wconf 80' lang='lat' dir='ltr'><strong>fullo</strong></span> <span class='ocrx_word' id='word_1_159' title='bbox 3099 1062 3210 1100; x_wconf 89' lang='lat' dir='ltr'><strong>non</strong></span> <span class='ocrx_word' id='word_1_160' title='bbox 3245 1056 3422 1115; x_wconf 78' lang='lat' dir='ltr'><strong>potest</strong></span> <span class='ocrx_word' id='word_1_161' title='bbox 3473 1060 3638 1113; x_wconf 80' lang='lat' dir='ltr'><strong>super</strong></span> 
     </span>
    </p>
   </div>
   <div class='ocr_carea' id='block_1_24' title="bbox 2053 1133 3636 1204">
    <p class='ocr_par' dir='ltr' id='par_1_24' title="bbox 2053 1133 3636 1204">
     <span class='ocr_line' id='line_1_24' title="bbox 2053 1133 3636 1204; baseline 0.001 -16"><span class='ocrx_word' id='word_1_162' title='bbox 2053 1140 2254 1188; x_wconf 82' lang='lat' dir='ltr'><strong>terram</strong></span> <span class='ocrx_word' id='word_1_163' title='bbox 2307 1133 2538 1187; x_wconf 84' lang='lat' dir='ltr'><strong>candida</strong></span> <span class='ocrx_word' id='word_1_164' title='bbox 2593 1135 2772 1190; x_wconf 81' lang='lat' dir='ltr'><strong>facere</strong></span> <span class='ocrx_word' id='word_1_165' title='bbox 2797 1138 2862 1200; x_wconf 82' lang='grc'><strong>³⁷,</strong></span> <span class='ocrx_word' id='word_1_166' title='bbox 2904 1156 2922 1188; x_wconf 74' lang='grc' dir='ltr'><strong>ι</strong></span> <span class='ocrx_word' id='word_1_167' title='bbox 2964 1137 3195 1192; x_wconf 78' lang='lat' dir='ltr'><strong>fullones</strong></span> <span class='ocrx_word' id='word_1_168' title='bbox 3255 1152 3457 1190; x_wconf 74' lang='lat' dir='ltr'><strong>vorans</strong></span> <span class='ocrx_word' id='word_1_169' title='bbox 3507 1152 3636 1204; x_wconf 87' lang='lat' dir='ltr'><strong>pro-</strong></span> 
     </span>
    </p>
   </div>
   <div class='ocr_carea' id='block_1_25' title="bbox 2056 1223 3640 1296">
    <p class='ocr_par' dir='ltr' id='par_1_25' title="bbox 2056 1223 3640 1296">
     <span class='ocr_line' id='line_1_25' title="bbox 2056 1223 3640 1296; baseline 0.004 -19"><span class='ocrx_word' id='word_1_170' title='bbox 2056 1223 2248 1292; x_wconf 84' lang='lat' dir='ltr'><strong>phetas</strong></span> <span class='ocrx_word' id='word_1_171' title='bbox 2303 1234 2357 1278; x_wconf 91' lang='lat' dir='ltr'><strong>et</strong></span> <span class='ocrx_word' id='word_1_172' title='bbox 2402 1240 2680 1295; x_wconf 66' lang='lat' dir='ltr'><strong>praecones</strong></span> <span class='ocrx_word' id='word_1_173' title='bbox 2714 1267 2728 1292; x_wconf 95' lang='lat'><strong>,</strong></span> <span class='ocrx_word' id='word_1_174' title='bbox 2764 1244 2994 1296; x_wconf 90' lang='lat' dir='ltr'><strong>quorum</strong></span> <span class='ocrx_word' id='word_1_175' title='bbox 3047 1244 3212 1283; x_wconf 83' lang='lat' dir='ltr'><strong>nemo</strong></span> <span class='ocrx_word' id='word_1_176' title='bbox 3255 1229 3335 1284; x_wconf 89' lang='lat' dir='ltr'><strong>sic</strong></span> <span class='ocrx_word' id='word_1_177' title='bbox 3384 1229 3640 1283; x_wconf 72' lang='lat' dir='ltr'><strong>dealbare</strong></span> 
     </span>
    </p>
   </div>
   <div class='ocr_carea' id='block_1_26' title="bbox 2055 1318 3638 1389">
    <p class='ocr_par' dir='ltr' id='par_1_26' title="bbox 2055 1318 3638 1389">
     <span class='ocr_line' id='line_1_26' title="bbox 2055 1318 3638 1389; baseline 0.002 -19"><span class='ocrx_word' id='word_1_178' title='bbox 2055 1318 2233 1385; x_wconf 85' lang='lat' dir='ltr'><strong>potuit</strong></span> <span class='ocrx_word' id='word_1_179' title='bbox 2263 1327 2514 1373; x_wconf 84' lang='lat' dir='ltr'><strong>naturam</strong></span> <span class='ocrx_word' id='word_1_180' title='bbox 2560 1321 2873 1385; x_wconf 82' lang='lat' dir='ltr'><strong>humanam,</strong></span> <span class='ocrx_word' id='word_1_181' title='bbox 2931 1332 2990 1376; x_wconf 90' lang='lat' dir='ltr'><strong>ut</strong></span> <span class='ocrx_word' id='word_1_182' title='bbox 3044 1322 3328 1385; x_wconf 82' lang='lat' dir='ltr'><strong>Dominus,</strong></span> <span class='ocrx_word' id='word_1_183' title='bbox 3381 1324 3473 1389; x_wconf 80' lang='lat' dir='ltr'><strong>qui</strong></span> <span class='ocrx_word' id='word_1_184' title='bbox 3518 1336 3638 1375; x_wconf 77' lang='lat' dir='ltr'><strong>eam</strong></span> 
     </span>
    </p>
   </div>
   <div class='ocr_carea' id='block_1_27' title="bbox 2055 1407 3642 1466">
    <p class='ocr_par' dir='ltr' id='par_1_27' title="bbox 2055 1407 3642 1466">
     <span class='ocr_line' id='line_1_27' title="bbox 2055 1407 3642 1466; baseline 0.004 -7"><span class='ocrx_word' id='word_1_185' title='bbox 2055 1407 2355 1462; x_wconf 71' lang='lat' dir='ltr'><strong>divinitatis</strong></span> <span class='ocrx_word' id='word_1_186' title='bbox 2404 1409 2526 1463; x_wconf 90' lang='lat' dir='ltr'><strong>lucc</strong></span> <span class='ocrx_word' id='word_1_187' title='bbox 2557 1411 2831 1466; x_wconf 79' lang='lat' dir='ltr'><strong>lustravit.</strong></span> <span class='ocrx_word' id='word_1_188' title='bbox 2863 1411 2974 1465; x_wconf 91' lang='lat' dir='ltr'><strong>lloc</strong></span> <span class='ocrx_word' id='word_1_189' title='bbox 3002 1413 3183 1466; x_wconf 89' lang='lat' dir='ltr'><strong>etiam.</strong></span> <span class='ocrx_word' id='word_1_190' title='bbox 3207 1413 3362 1465; x_wconf 90' lang='lat' dir='ltr'><strong>modo</strong></span> <span class='ocrx_word' id='word_1_191' title='bbox 3396 1410 3642 1465; x_wconf 87' lang='lat' dir='ltr'><strong>Psalmo-</strong></span> 
     </span>
    </p>
   </div>
   <div class='ocr_carea' id='block_1_28' title="bbox 2057 1504 3644 1574">
    <p class='ocr_par' dir='ltr' id='par_1_28' title="bbox 2057 1504 3644 1574">
     <span class='ocr_line' id='line_1_28' title="bbox 2057 1504 3644 1574; baseline 0.004 -21"><span class='ocrx_word' id='word_1_192' title='bbox 2057 1504 2298 1572; x_wconf 80' lang='lat' dir='ltr'><strong>graphus</strong></span> <span class='ocrx_word' id='word_1_193' title='bbox 2343 1505 2409 1557; x_wconf 90' lang='lat' dir='ltr'><strong>ad</strong></span> <span class='ocrx_word' id='word_1_194' title='bbox 2461 1506 2636 1574; x_wconf 89' lang='lat' dir='ltr'><strong>ipsum</strong></span> <span class='ocrx_word' id='word_1_195' title='bbox 2689 1506 2961 1561; x_wconf 86' lang='lat' dir='ltr'><strong>clamabat</strong></span> <span class='ocrx_word' id='word_1_196' title='bbox 3002 1524 3016 1560; x_wconf 89' lang='lat'><strong>:</strong></span> <span class='ocrx_word' id='word_1_197' title='bbox 3073 1526 3096 1558; x_wconf 78' lang='grc' dir='ltr'>ι-</span> <span class='ocrx_word' id='word_1_198' title='bbox 3139 1507 3250 1572; x_wconf 85' lang='lat' dir='ltr'><strong>Qui-</strong></span> <span class='ocrx_word' id='word_1_199' title='bbox 3300 1506 3532 1561; x_wconf 84' lang='lat' dir='ltr'><strong>amictus</strong></span> <span class='ocrx_word' id='word_1_200' title='bbox 3585 1523 3644 1560; x_wconf 78' lang='lat' dir='ltr'><strong>es</strong></span> 
     </span>
    </p>
   </div>
   <div class='ocr_carea' id='block_1_29' title="bbox 2055 1592 2946 1652">
    <p class='ocr_par' dir='ltr' id='par_1_29' title="bbox 2055 1592 2946 1652">
     <span class='ocr_line' id='line_1_29' title="bbox 2055 1592 2946 1652; baseline 0.004 -6"><span class='ocrx_word' id='word_1_201' title='bbox 2055 1592 2263 1649; x_wconf 88' lang='lat' dir='ltr'><strong>lumine</strong></span> <span class='ocrx_word' id='word_1_202' title='bbox 2293 1595 2436 1648; x_wconf 88' lang='lat' dir='ltr'><strong>sicut</strong></span> <span class='ocrx_word' id='word_1_203' title='bbox 2467 1598 2795 1652; x_wconf 81' lang='lat' dir='ltr'><strong>vestimento</strong></span> <span class='ocrx_word' id='word_1_204' title='bbox 2822 1599 2890 1652; x_wconf 81' lang='grc'><strong>³⁸.</strong></span> <span class='ocrx_word' id='word_1_205' title='bbox 2927 1617 2946 1650; x_wconf 68' lang='grc' dir='ltr'><strong>ι</strong></span> 
     </span>
    </p>
   </div>
   <div class='ocr_carea' id='block_1_30' title="bbox 2134 1682 3643 1752">
    <p class='ocr_par' dir='ltr' id='par_1_30' title="bbox 2134 1682 3643 1752">
     <span class='ocr_line' id='line_1_30' title="bbox 2134 1682 3643 1752; baseline 0.001 -15"><span class='ocrx_word' id='word_1_206' title='bbox 2134 1682 2494 1752; x_wconf 82' lang='lat' dir='ltr'><strong>Respondens</strong></span> <span class='ocrx_word' id='word_1_207' title='bbox 2527 1697 2706 1741; x_wconf 87' lang='lat' dir='ltr'><strong>autem</strong></span> <span class='ocrx_word' id='word_1_208' title='bbox 2741 1687 2935 1742; x_wconf 84' lang='lat' dir='ltr'><strong>Petrus</strong></span> <span class='ocrx_word' id='word_1_209' title='bbox 2982 1690 3046 1742; x_wconf 90' lang='lat' dir='ltr'><strong>ad</strong></span> <span class='ocrx_word' id='word_1_210' title='bbox 3073 1687 3258 1743; x_wconf 63' lang='lat' dir='ltr'><strong>Iesum</strong></span> <span class='ocrx_word' id='word_1_211' title='bbox 3287 1705 3301 1743; x_wconf 90' lang='lat'><strong>:</strong></span> <span class='ocrx_word' id='word_1_212' title='bbox 3338 1706 3358 1739; x_wconf 73' lang='grc' dir='ltr'><strong>ι</strong></span> <span class='ocrx_word' id='word_1_213' title='bbox 3397 1687 3643 1751; x_wconf 88' lang='lat' dir='ltr'><strong>Domine,</strong></span> 
     </span>
    </p>
   </div>
   <div class='ocr_carea' id='block_1_31' title="bbox 373 1773 1963 1878">
    <p class='ocr_par' dir='ltr' id='par_1_31' title="bbox 373 1773 1955 1850">
     <span class='ocr_line' id='line_1_31' title="bbox 373 1773 1955 1850; baseline 0.004 -21"><span class='ocrx_word' id='word_1_214' title='bbox 373 1776 539 1829; x_wconf 86' lang='grc' dir='ltr'>καλόν</span> <span class='ocrx_word' id='word_1_215' title='bbox 561 1778 710 1830; x_wconf 78' lang='grc' dir='ltr'>ἐστιν</span> <span class='ocrx_word' id='word_1_216' title='bbox 743 1779 893 1848; x_wconf 78' lang='grc' dir='ltr'>ἡμᾶς</span> <span class='ocrx_word' id='word_1_217' title='bbox 931 1773 1033 1831; x_wconf 71' lang='grc' dir='ltr'>ιῖδε</span> <span class='ocrx_word' id='word_1_218' title='bbox 1074 1774 1235 1832; x_wconf 72' lang='grc' dir='ltr'>εἶναι.</span> <span class='ocrx_word' id='word_1_219' title='bbox 1289 1780 1354 1832; x_wconf 84' lang='lat' dir='ltr'><strong>El</strong></span> <span class='ocrx_word' id='word_1_220' title='bbox 1410 1780 1586 1842; x_wconf 86' lang='grc' dir='ltr'>θέλεις</span> <span class='ocrx_word' id='word_1_221' title='bbox 1635 1782 1955 1850; x_wconf 89' lang='grc' dir='ltr'>ποιήσωμεν</span> 
     </span>
    </p>
   </div>
   <div class='ocr_carea' id='block_1_32' title="bbox 2067 1773 3647 1878">
    <p class='ocr_par' dir='ltr' id='par_1_32' title="bbox 2067 1776 3647 1852">
     <span class='ocr_line' id='line_1_32' title="bbox 2067 1776 3647 1852; baseline 0.001 -23"><span class='ocrx_word' id='word_1_222' title='bbox 2067 1776 2258 1831; x_wconf 88' lang='lat' dir='ltr'><strong>bomun</strong></span> <span class='ocrx_word' id='word_1_223' title='bbox 2314 1788 2396 1834; x_wconf 90' lang='lat' dir='ltr'><strong>est</strong></span> <span class='ocrx_word' id='word_1_224' title='bbox 2448 1794 2548 1833; x_wconf 92' lang='lat' dir='ltr'><strong>nos</strong></span> <span class='ocrx_word' id='word_1_225' title='bbox 2589 1779 2678 1833; x_wconf 90' lang='lat' dir='ltr'><strong>hic</strong></span> <span class='ocrx_word' id='word_1_226' title='bbox 2737 1794 2878 1835; x_wconf 84' lang='lat' dir='ltr'><strong>esse.</strong></span> <span class='ocrx_word' id='word_1_227' title='bbox 2926 1781 3092 1852; x_wconf 60' lang='lat'><strong>409</strong></span> <span class='ocrx_word' id='word_1_228' title='bbox 3151 1781 3208 1836; x_wconf 89' lang='lat' dir='ltr'><strong>Si</strong></span> <span class='ocrx_word' id='word_1_229' title='bbox 3244 1781 3350 1841; x_wconf 88' lang='lat' dir='ltr'><strong>vis.</strong></span> <span class='ocrx_word' id='word_1_230' title='bbox 3380 1780 3647 1835; x_wconf 79' lang='lat' dir='ltr'><strong>faciamus</strong></span> 
     </span>
    </p>
   </div>
   <div class='ocr_carea' id='block_1_33' title="bbox 369 1869 1954 1943">
    <p class='ocr_par' dir='ltr' id='par_1_33' title="bbox 369 1869 1954 1943">
     <span class='ocr_line' id='line_1_33' title="bbox 369 1869 1954 1943; baseline 0.006 -25"><span class='ocrx_word' id='word_1_231' title='bbox 369 1870 522 1936; x_wconf 83' lang='grc' dir='ltr'>τρεῖς</span> <span class='ocrx_word' id='word_1_232' title='bbox 577 1869 806 1936; x_wconf 82' lang='grc' dir='ltr'>σκηνὰς,</span> <span class='ocrx_word' id='word_1_233' title='bbox 849 1870 978 1939; x_wconf 75' lang='grc' dir='ltr'>μίαν</span> <span class='ocrx_word' id='word_1_234' title='bbox 1039 1888 1142 1936; x_wconf 89' lang='grc' dir='ltr'>σοι,</span> <span class='ocrx_word' id='word_1_235' title='bbox 1171 1873 1259 1923; x_wconf 55' lang='grc' dir='ltr'><strong>καλ</strong></span> <span class='ocrx_word' id='word_1_236' title='bbox 1297 1871 1428 1942; x_wconf 88' lang='grc' dir='ltr'>μίαν</span> <span class='ocrx_word' id='word_1_237' title='bbox 1457 1873 1663 1938; x_wconf 87' lang='grc' dir='ltr'>Μωσεῖ,</span> <span class='ocrx_word' id='word_1_238' title='bbox 1697 1874 1791 1926; x_wconf 76' lang='grc' dir='ltr'>καὶ</span> <span class='ocrx_word' id='word_1_239' title='bbox 1825 1877 1954 1943; x_wconf 85' lang='grc' dir='ltr'>μίαν</span> 
     </span>
    </p>
   </div>
   <div class='ocr_carea' id='block_1_34' title="bbox 375 1959 1952 2036">
    <p class='ocr_par' dir='ltr' id='par_1_34' title="bbox 375 1959 1952 2036">
     <span class='ocr_line' id='line_1_34' title="bbox 375 1959 1952 2036; baseline 0.003 -22"><span class='ocrx_word' id='word_1_240' title='bbox 375 1959 552 2030; x_wconf 79' lang='grc' dir='ltr'>Ἠλία.</span> <span class='ocrx_word' id='word_1_241' title='bbox 585 1979 603 2012; x_wconf 68' lang='grc' dir='ltr'>υ</span> <span class='ocrx_word' id='word_1_242' title='bbox 645 1961 742 2025; x_wconf 88' lang='grc' dir='ltr'>Τίς</span> <span class='ocrx_word' id='word_1_243' title='bbox 781 1963 813 2032; x_wconf 88' lang='grc' dir='ltr'>ἡ</span> <span class='ocrx_word' id='word_1_244' title='bbox 871 1961 1110 2032; x_wconf 85' lang='grc' dir='ltr'>τοσαύτη</span> <span class='ocrx_word' id='word_1_245' title='bbox 1142 1963 1250 2016; x_wconf 87' lang='grc' dir='ltr'><strong>τῶν</strong></span> <span class='ocrx_word' id='word_1_246' title='bbox 1280 1966 1556 2034; x_wconf 78' lang='grc' dir='ltr'>λογισμῶν</span> <span class='ocrx_word' id='word_1_247' title='bbox 1602 1966 1952 2036; x_wconf 81' lang='grc' dir='ltr'><strong>ταπεινότης,</strong></span> 
     </span>
    </p>
   </div>
   <div class='ocr_carea' id='block_1_35' title="bbox 378 2060 1952 2134">
    <p class='ocr_par' dir='ltr' id='par_1_35' title="bbox 378 2060 1952 2134">
     <span class='ocr_line' id='line_1_35' title="bbox 378 2060 1952 2134; baseline 0.003 -22"><span class='ocrx_word' id='word_1_248' title='bbox 378 2060 554 2130; x_wconf 80' lang='grc' dir='ltr'>Πέτρε</span> <span class='ocrx_word' id='word_1_249' title='bbox 583 2060 855 2130; x_wconf 87' lang='grc' dir='ltr'>θαυμάσιε</span> <span class='ocrx_word' id='word_1_250' title='bbox 884 2079 898 2127; x_wconf 91' lang='grc'><strong>;</strong></span> <span class='ocrx_word' id='word_1_251' title='bbox 946 2062 1004 2115; x_wconf 89' lang='grc' dir='ltr'><strong>Ὀ</strong></span> <span class='ocrx_word' id='word_1_252' title='bbox 1041 2063 1312 2132; x_wconf 88' lang='grc' dir='ltr'>πρότερον</span> <span class='ocrx_word' id='word_1_253' title='bbox 1371 2063 1698 2134; x_wconf 80' lang='grc' dir='ltr'>δεδεγμένος</span> <span class='ocrx_word' id='word_1_254' title='bbox 1727 2065 1826 2134; x_wconf 82' lang='grc' dir='ltr'>τὴν</span> <span class='ocrx_word' id='word_1_255' title='bbox 1858 2063 1952 2116; x_wconf 82' lang='grc' dir='ltr'>τοῦ</span> 
     </span>
    </p>
   </div>
   <div class='ocr_carea' id='block_1_36' title="bbox 377 2153 1957 2223">
    <p class='ocr_par' dir='ltr' id='par_1_36' title="bbox 377 2153 1957 2223">
     <span class='ocr_line' id='line_1_36' title="bbox 377 2153 1957 2223; baseline 0.004 -19"><span class='ocrx_word' id='word_1_256' title='bbox 377 2153 594 2222; x_wconf 64' lang='lat' dir='ltr'><strong>Harpe;</strong></span> <span class='ocrx_word' id='word_1_257' title='bbox 626 2154 1000 2223; x_wconf 73' lang='grc' dir='ltr'>ἀποκάλυψιν,</span> <span class='ocrx_word' id='word_1_258' title='bbox 1031 2155 1125 2207; x_wconf 74' lang='grc' dir='ltr'><strong>καὶ</strong></span> <span class='ocrx_word' id='word_1_259' title='bbox 1150 2156 1277 2209; x_wconf 83' lang='grc' dir='ltr'>Υίὸν</span> <span class='ocrx_word' id='word_1_260' title='bbox 1315 2156 1409 2208; x_wconf 78' lang='grc' dir='ltr'><strong>τοῦ</strong></span> <span class='ocrx_word' id='word_1_261' title='bbox 1444 2156 1584 2210; x_wconf 76' lang='grc' dir='ltr'>Θεοῦ</span> <span class='ocrx_word' id='word_1_262' title='bbox 1615 2156 1711 2212; x_wconf 81' lang='grc' dir='ltr'>τοῦ</span> <span class='ocrx_word' id='word_1_263' title='bbox 1754 2155 1957 2220; x_wconf 77' lang='grc' dir='ltr'>ζῶντος</span> 
     </span>
    </p>
   </div>
   <div class='ocr_carea' id='block_1_37' title="bbox 377 2246 1957 2320">
    <p class='ocr_par' dir='ltr' id='par_1_37' title="bbox 377 2246 1957 2320">
     <span class='ocr_line' id='line_1_37' title="bbox 377 2246 1957 2320; baseline 0.003 -23"><span class='ocrx_word' id='word_1_264' title='bbox 377 2246 656 2313; x_wconf 74' lang='grc' dir='ltr'>ὀνομάσας</span> <span class='ocrx_word' id='word_1_265' title='bbox 699 2246 791 2299; x_wconf 80' lang='grc' dir='ltr'><strong>τὸν</strong></span> <span class='ocrx_word' id='word_1_266' title='bbox 825 2247 1050 2316; x_wconf 84' lang='grc' dir='ltr'>Κύριον,</span> <span class='ocrx_word' id='word_1_267' title='bbox 1097 2248 1188 2300; x_wconf 78' lang='grc' dir='ltr'>καὶ</span> <span class='ocrx_word' id='word_1_268' title='bbox 1234 2248 1332 2318; x_wconf 85' lang='grc' dir='ltr'>τῆς</span> <span class='ocrx_word' id='word_1_269' title='bbox 1363 2251 1602 2320; x_wconf 83' lang='grc' dir='ltr'>γενητῆς</span> <span class='ocrx_word' id='word_1_270' title='bbox 1643 2249 1824 2319; x_wconf 82' lang='grc' dir='ltr'>πάσης</span> <span class='ocrx_word' id='word_1_271' title='bbox 1853 2249 1957 2319; x_wconf 85' lang='grc' dir='ltr'><strong>φύ-</strong></span> 
     </span>
    </p>
   </div>
   <div class='ocr_carea' id='block_1_38' title="bbox 383 2338 1955 2413">
    <p class='ocr_par' dir='ltr' id='par_1_38' title="bbox 383 2338 1955 2413">
     <span class='ocr_line' id='line_1_38' title="bbox 383 2338 1955 2413; baseline 0.005 -25"><span class='ocrx_word' id='word_1_272' title='bbox 383 2354 520 2400; x_wconf 88' lang='grc' dir='ltr'>σεως</span> <span class='ocrx_word' id='word_1_273' title='bbox 546 2338 828 2409; x_wconf 84' lang='grc' dir='ltr'>ὑπεράρας</span> <span class='ocrx_word' id='word_1_274' title='bbox 853 2340 1038 2404; x_wconf 74' lang='grc' dir='ltr'>αὑτὸν,</span> <span class='ocrx_word' id='word_1_275' title='bbox 1069 2339 1163 2392; x_wconf 79' lang='grc' dir='ltr'><strong>νῦν</strong></span> <span class='ocrx_word' id='word_1_276' title='bbox 1187 2344 1298 2404; x_wconf 85' lang='grc' dir='ltr'>τοῖς</span> <span class='ocrx_word' id='word_1_277' title='bbox 1333 2341 1544 2404; x_wconf 87' lang='grc' dir='ltr'>δούλοις</span> <span class='ocrx_word' id='word_1_278' title='bbox 1577 2343 1955 2413; x_wconf 86' lang='grc' dir='ltr'>συναριθμεῖς,</span> 
     </span>
    </p>
   </div>
   <div class='ocr_carea' id='block_1_39' title="bbox 381 2432 1958 2506">
    <p class='ocr_par' dir='ltr' id='par_1_39' title="bbox 381 2432 1958 2506">
     <span class='ocr_line' id='line_1_39' title="bbox 381 2432 1958 2506; baseline 0.004 -22"><span class='ocrx_word' id='word_1_279' title='bbox 381 2432 477 2484; x_wconf 77' lang='grc' dir='ltr'>καὶ</span> <span class='ocrx_word' id='word_1_280' title='bbox 531 2434 647 2496; x_wconf 89' lang='grc' dir='ltr'>τοῖς</span> <span class='ocrx_word' id='word_1_281' title='bbox 695 2435 1004 2503; x_wconf 75' lang='grc' dir='ltr'>προφήταις</span> <span class='ocrx_word' id='word_1_282' title='bbox 1063 2435 1330 2505; x_wconf 84' lang='grc' dir='ltr'>ὁμότιμον</span> <span class='ocrx_word' id='word_1_283' title='bbox 1389 2436 1674 2502; x_wconf 85' lang='grc' dir='ltr'>τέθεικας;</span> <span class='ocrx_word' id='word_1_284' title='bbox 1711 2437 1782 2490; x_wconf 79' lang='grc' dir='ltr'><strong>Τὸ</strong></span> <span class='ocrx_word' id='word_1_285' title='bbox 1849 2438 1958 2506; x_wconf 79' lang='grc' dir='ltr'><strong>γάρ</strong></span> 
     </span>
    </p>
   </div>
   <div class='ocr_carea' id='block_1_40' title="bbox 383 2524 1957 2596">
    <p class='ocr_par' dir='ltr' id='par_1_40' title="bbox 383 2524 1957 2596">
     <span class='ocr_line' id='line_1_40' title="bbox 383 2524 1957 2596; baseline 0.004 -24"><span class='ocrx_word' id='word_1_286' title='bbox 383 2539 404 2572; x_wconf 74' lang='grc' dir='ltr'><strong>σ</strong></span> <span class='ocrx_word' id='word_1_287' title='bbox 436 2526 754 2594; x_wconf 80' lang='grc' dir='ltr'>ποιήσωμεν</span> <span class='ocrx_word' id='word_1_288' title='bbox 781 2527 927 2594; x_wconf 85' lang='grc' dir='ltr'>τρεῖς</span> <span class='ocrx_word' id='word_1_289' title='bbox 958 2524 1186 2596; x_wconf 69' lang='grc' dir='ltr'>σκηνὰς,</span> <span class='ocrx_word' id='word_1_290' title='bbox 1228 2544 1246 2577; x_wconf 74' lang='grc' dir='ltr'><strong>ι</strong></span> <span class='ocrx_word' id='word_1_291' title='bbox 1292 2525 1560 2594; x_wconf 80' lang='grc' dir='ltr'>ἰσοτιμίας</span> <span class='ocrx_word' id='word_1_292' title='bbox 1594 2527 1751 2593; x_wconf 86' lang='grc' dir='ltr'>λόγος</span> <span class='ocrx_word' id='word_1_293' title='bbox 1786 2525 1957 2590; x_wconf 75' lang='grc' dir='ltr'>ἐστὶν,</span> 
     </span>
    </p>
   </div>
   <div class='ocr_carea' id='block_1_41' title="bbox 375 2613 1961 2689">
    <p class='ocr_par' dir='ltr' id='par_1_41' title="bbox 375 2613 1961 2689">
     <span class='ocr_line' id='line_1_41' title="bbox 375 2613 1961 2689; baseline 0 -19"><span class='ocrx_word' id='word_1_294' title='bbox 375 2618 517 2686; x_wconf 72' lang='grc' dir='ltr'>ὅπερ</span> <span class='ocrx_word' id='word_1_295' title='bbox 541 2617 799 2680; x_wconf 80' lang='grc' dir='ltr'>ἀπεοικὸς</span> <span class='ocrx_word' id='word_1_296' title='bbox 834 2613 900 2687; x_wconf 78' lang='grc' dir='ltr'><strong>ἦν</strong></span> <span class='ocrx_word' id='word_1_297' title='bbox 943 2619 1042 2687; x_wconf 79' lang='grc' dir='ltr'><strong>τῆς</strong></span> <span class='ocrx_word' id='word_1_298' title='bbox 1092 2620 1192 2688; x_wconf 81' lang='grc' dir='ltr'>σῆς</span> <span class='ocrx_word' id='word_1_299' title='bbox 1239 2617 1538 2683; x_wconf 79' lang='grc' dir='ltr'>θεσπεσίας</span> <span class='ocrx_word' id='word_1_300' title='bbox 1571 2617 1841 2689; x_wconf 77' lang='grc' dir='ltr'>γλώττης,</span> <span class='ocrx_word' id='word_1_301' title='bbox 1867 2621 1961 2671; x_wconf 75' lang='grc' dir='ltr'>καὶ</span> 
     </span>
    </p>
   </div>
   <div class='ocr_carea' id='block_1_42' title="bbox 381 2710 1963 2783">
    <p class='ocr_par' dir='ltr' id='par_1_42' title="bbox 381 2710 1963 2783">
     <span class='ocr_line' id='line_1_42' title="bbox 381 2710 1963 2783; baseline 0.004 -20"><span class='ocrx_word' id='word_1_302' title='bbox 381 2711 730 2765; x_wconf 88' lang='grc' dir='ltr'>παντάπασιν</span> <span class='ocrx_word' id='word_1_303' title='bbox 781 2711 1208 2765; x_wconf 82' lang='grc' dir='ltr'>ἀνεπίσκεπτον.</span> <span class='ocrx_word' id='word_1_304' title='bbox 1236 2714 1308 2766; x_wconf 89' lang='grc' dir='ltr'><strong>Ἦ</strong></span> <span class='ocrx_word' id='word_1_305' title='bbox 1343 2713 1562 2778; x_wconf 83' lang='grc' dir='ltr'>πάντως</span> <span class='ocrx_word' id='word_1_306' title='bbox 1597 2714 1664 2768; x_wconf 85' lang='grc' dir='ltr'>τὰ</span> <span class='ocrx_word' id='word_1_307' title='bbox 1707 2715 1810 2783; x_wconf 86' lang='grc' dir='ltr'>τῆς</span> <span class='ocrx_word' id='word_1_308' title='bbox 1841 2710 1963 2770; x_wconf 83' lang='grc' dir='ltr'>θεό-</span> 
     </span>
    </p>
   </div>
   <div class='ocr_carea' id='block_1_43' title="bbox 376 2802 1958 2881">
    <p class='ocr_par' dir='ltr' id='par_1_43' title="bbox 376 2802 1958 2881">
     <span class='ocr_line' id='line_1_43' title="bbox 376 2802 1958 2881; baseline 0.007 -27"><span class='ocrx_word' id='word_1_309' title='bbox 376 2818 541 2871; x_wconf 79' lang='grc' dir='ltr'>τητος</span> <span class='ocrx_word' id='word_1_310' title='bbox 585 2802 967 2870; x_wconf 79' lang='grc' dir='ltr'>σελαγίσματα</span> <span class='ocrx_word' id='word_1_311' title='bbox 1019 2802 1242 2875; x_wconf 88' lang='grc' dir='ltr'>βοληδόν</span> <span class='ocrx_word' id='word_1_312' title='bbox 1278 2821 1361 2857; x_wconf 85' lang='grc' dir='ltr'><strong>σοι</strong></span> <span class='ocrx_word' id='word_1_313' title='bbox 1417 2807 1958 2881; x_wconf 79' lang='grc' dir='ltr'>ὲναπαστράψαντα,</span> 
     </span>
    </p>
   </div>
   <div class='ocr_carea' id='block_1_44' title="bbox 375 2896 1968 2975">
    <p class='ocr_par' dir='ltr' id='par_1_44' title="bbox 375 2896 1968 2975">
     <span class='ocr_line' id='line_1_44' title="bbox 375 2896 1968 2975; baseline 0.007 -28"><span class='ocrx_word' id='word_1_314' title='bbox 375 2896 440 2948; x_wconf 82' lang='grc' dir='ltr'><strong>τὸ</strong></span> <span class='ocrx_word' id='word_1_315' title='bbox 462 2896 791 2965; x_wconf 79' lang='grc' dir='ltr'>ἡγεμονικὸν</span> <span class='ocrx_word' id='word_1_316' title='bbox 843 2897 1226 2968; x_wconf 59' lang='grc' dir='ltr'>διεκλόπυησαη</span> <span class='ocrx_word' id='word_1_317' title='bbox 1275 2898 1355 2952; x_wconf 84' lang='grc' dir='ltr'>Τά</span> <span class='ocrx_word' id='word_1_318' title='bbox 1398 2901 1507 2972; x_wconf 85' lang='grc' dir='ltr'>γὰρ</span> <span class='ocrx_word' id='word_1_319' title='bbox 1550 2902 1659 2954; x_wconf 86' lang='grc' dir='ltr'><strong>τῶν</strong></span> <span class='ocrx_word' id='word_1_320' title='bbox 1713 2905 1968 2975; x_wconf 86' lang='grc' dir='ltr'>πραγμά-</span> 
     </span>
    </p>
   </div>
   <div class='ocr_carea' id='block_1_45' title="bbox 380 2987 1964 3066">
    <p class='ocr_par' dir='ltr' id='par_1_45' title="bbox 380 2987 1964 3066">
     <span class='ocr_line' id='line_1_45' title="bbox 380 2987 1964 3066; baseline 0.007 -27"><span class='ocrx_word' id='word_1_321' title='bbox 380 3004 489 3040; x_wconf 88' lang='grc' dir='ltr'><strong>των</strong></span> <span class='ocrx_word' id='word_1_322' title='bbox 519 2987 734 3052; x_wconf 60' lang='lat' dir='ltr'><strong>sacrm</strong></span> <span class='ocrx_word' id='word_1_323' title='bbox 775 2989 930 3058; x_wconf 80' lang='grc' dir='ltr'>ἄφνω</span> <span class='ocrx_word' id='word_1_324' title='bbox 977 2991 1360 3059; x_wconf 84' lang='grc' dir='ltr'>προσπεσόντα</span> <span class='ocrx_word' id='word_1_325' title='bbox 1394 2994 1773 3066; x_wconf 79' lang='grc' dir='ltr'>παρατρέπειν</span> <span class='ocrx_word' id='word_1_326' title='bbox 1805 2996 1964 3050; x_wconf 84' lang='grc' dir='ltr'>εἴωθε</span> 
     </span>
    </p>
   </div>
   <div class='ocr_carea' id='block_1_46' title="bbox 383 3077 1961 3156">
    <p class='ocr_par' dir='ltr' id='par_1_46' title="bbox 383 3077 1961 3156">
     <span class='ocr_line' id='line_1_46' title="bbox 383 3077 1961 3156; baseline 0.008 -27"><span class='ocrx_word' id='word_1_327' title='bbox 383 3077 448 3129; x_wconf 81' lang='grc' dir='ltr'>τὸ</span> <span class='ocrx_word' id='word_1_328' title='bbox 477 3077 783 3146; x_wconf 80' lang='grc' dir='ltr'>λογιστικόν</span> <span class='ocrx_word' id='word_1_329' title='bbox 810 3079 869 3132; x_wconf 84' lang='grc' dir='ltr'><strong>’ὃ</strong></span> <span class='ocrx_word' id='word_1_330' title='bbox 901 3079 964 3151; x_wconf 85' lang='grc' dir='ltr'>δὴ</span> <span class='ocrx_word' id='word_1_331' title='bbox 997 3082 1087 3134; x_wconf 71' lang='grc' dir='ltr'>καὶ</span> <span class='ocrx_word' id='word_1_332' title='bbox 1121 3081 1442 3152; x_wconf 86' lang='grc' dir='ltr'>βουλόμενος</span> <span class='ocrx_word' id='word_1_333' title='bbox 1474 3087 1714 3155; x_wconf 78' lang='grc' dir='ltr'>ἐμφῆναι</span> <span class='ocrx_word' id='word_1_334' title='bbox 1746 3089 1773 3140; x_wconf 86' lang='grc' dir='ltr'><strong>ό</strong></span> <span class='ocrx_word' id='word_1_335' title='bbox 1795 3088 1961 3156; x_wconf 84' lang='grc' dir='ltr'>εὐαγ-</span> 
     </span>
    </p>
   </div>
   <div class='ocr_carea' id='block_1_47' title="bbox 2061 1870 3647 1940">
    <p class='ocr_par' dir='ltr' id='par_1_47' title="bbox 2061 1870 3647 1940">
     <span class='ocr_line' id='line_1_47' title="bbox 2061 1870 3647 1940; baseline 0.001 -17"><span class='ocrx_word' id='word_1_336' title='bbox 2061 1870 2159 1924; x_wconf 89' lang='lat' dir='ltr'><strong>tria</strong></span> <span class='ocrx_word' id='word_1_337' title='bbox 2197 1872 2570 1936; x_wconf 87' lang='lat' dir='ltr'><strong>tabernacula,</strong></span> <span class='ocrx_word' id='word_1_338' title='bbox 2623 1872 2720 1926; x_wconf 89' lang='lat' dir='ltr'><strong>tibi</strong></span> <span class='ocrx_word' id='word_1_339' title='bbox 2761 1889 2927 1928; x_wconf 87' lang='lat' dir='ltr'><strong>unum</strong></span> <span class='ocrx_word' id='word_1_340' title='bbox 2951 1915 2966 1940; x_wconf 93' lang='lat'><strong>,</strong></span> <span class='ocrx_word' id='word_1_341' title='bbox 3004 1874 3135 1928; x_wconf 84' lang='lat' dir='ltr'><strong>Mosi</strong></span> <span class='ocrx_word' id='word_1_342' title='bbox 3189 1889 3378 1936; x_wconf 86' lang='lat' dir='ltr'><strong>unum,</strong></span> <span class='ocrx_word' id='word_1_343' title='bbox 3414 1882 3470 1927; x_wconf 89' lang='lat' dir='ltr'><strong>et</strong></span> <span class='ocrx_word' id='word_1_344' title='bbox 3519 1871 3647 1926; x_wconf 73' lang='lat' dir='ltr'><strong>Elite</strong></span> 
     </span>
    </p>
   </div>
   <div class='ocr_carea' id='block_1_48' title="bbox 2059 1961 3644 2034">
    <p class='ocr_par' dir='ltr' id='par_1_48' title="bbox 2059 1961 3644 2034">
     <span class='ocr_line' id='line_1_48' title="bbox 2059 1961 3644 2034; baseline 0 -18"><span class='ocrx_word' id='word_1_345' title='bbox 2059 1978 2248 2017; x_wconf 89' lang='lat' dir='ltr'><strong>unum.</strong></span> <span class='ocrx_word' id='word_1_346' title='bbox 2286 1982 2304 2016; x_wconf 74' lang='grc' dir='ltr'><strong>ι</strong></span> <span class='ocrx_word' id='word_1_347' title='bbox 2345 1961 2628 2018; x_wconf 89' lang='lat' dir='ltr'><strong>Undenam</strong></span> <span class='ocrx_word' id='word_1_348' title='bbox 2664 1963 2780 2017; x_wconf 67' lang='lat' dir='ltr'><strong>haec</strong></span> <span class='ocrx_word' id='word_1_349' title='bbox 2816 1970 2922 2016; x_wconf 89' lang='lat' dir='ltr'><strong>tam</strong></span> <span class='ocrx_word' id='word_1_350' title='bbox 2958 1964 3190 2019; x_wconf 88' lang='lat' dir='ltr'><strong>humiles</strong></span> <span class='ocrx_word' id='word_1_351' title='bbox 3235 1965 3600 2034; x_wconf 78' lang='lat' dir='ltr'><strong>cogitationes</strong></span> <span class='ocrx_word' id='word_1_352' title='bbox 3627 1999 3644 2026; x_wconf 87' lang='lat'><strong>,</strong></span> 
     </span>
    </p>
   </div>
   <div class='ocr_carea' id='block_1_49' title="bbox 2059 2059 3642 2134">
    <p class='ocr_par' dir='ltr' id='par_1_49' title="bbox 2059 2059 3642 2134">
     <span class='ocr_line' id='line_1_49' title="bbox 2059 2059 3642 2134; baseline -0.006 -14"><span class='ocrx_word' id='word_1_353' title='bbox 2059 2066 2219 2120; x_wconf 86' lang='lat' dir='ltr'><strong>Petre</strong></span> <span class='ocrx_word' id='word_1_354' title='bbox 2248 2063 2566 2118; x_wconf 85' lang='lat' dir='ltr'><strong>admirande</strong></span> <span class='ocrx_word' id='word_1_355' title='bbox 2599 2063 2763 2134; x_wconf 83' lang='lat'><strong>(69)?</strong></span> <span class='ocrx_word' id='word_1_356' title='bbox 2815 2064 2918 2128; x_wconf 86' lang='lat' dir='ltr'><strong>Qui</strong></span> <span class='ocrx_word' id='word_1_357' title='bbox 2956 2078 3127 2131; x_wconf 86' lang='lat' dir='ltr'><strong>nuper</strong></span> <span class='ocrx_word' id='word_1_358' title='bbox 3167 2072 3390 2129; x_wconf 83' lang='lat' dir='ltr'><strong>accepta</strong></span> <span class='ocrx_word' id='word_1_359' title='bbox 3431 2059 3642 2114; x_wconf 83' lang='lat' dir='ltr'><strong>revela-</strong></span> 
     </span>
    </p>
   </div>
   <div class='ocr_carea' id='block_1_50' title="bbox 2061 2158 3644 2229">
    <p class='ocr_par' dir='ltr' id='par_1_50' title="bbox 2061 2158 3644 2229">
     <span class='ocr_line' id='line_1_50' title="bbox 2061 2158 3644 2229; baseline -0.003 -15"><span class='ocrx_word' id='word_1_360' title='bbox 2061 2161 2208 2214; x_wconf 88' lang='lat' dir='ltr'><strong>tione</strong></span> <span class='ocrx_word' id='word_1_361' title='bbox 2263 2160 2502 2229; x_wconf 84' lang='lat' dir='ltr'><strong>Spiritus</strong></span> <span class='ocrx_word' id='word_1_362' title='bbox 2563 2161 2740 2216; x_wconf 84' lang='lat' dir='ltr'><strong>sancti</strong></span> <span class='ocrx_word' id='word_1_363' title='bbox 2793 2161 2990 2215; x_wconf 85' lang='lat' dir='ltr'><strong>Filium</strong></span> <span class='ocrx_word' id='word_1_364' title='bbox 3052 2160 3143 2214; x_wconf 90' lang='lat' dir='ltr'><strong>Dei</strong></span> <span class='ocrx_word' id='word_1_365' title='bbox 3193 2159 3301 2212; x_wconf 81' lang='lat' dir='ltr'><strong>vivi</strong></span> <span class='ocrx_word' id='word_1_366' title='bbox 3357 2158 3644 2213; x_wconf 87' lang='lat' dir='ltr'><strong>Dominum</strong></span> 
     </span>
    </p>
   </div>
   <div class='ocr_carea' id='block_1_51' title="bbox 2061 2253 3646 2323">
    <p class='ocr_par' dir='ltr' id='par_1_51' title="bbox 2061 2253 3646 2323">
     <span class='ocr_line' id='line_1_51' title="bbox 2061 2253 3646 2323; baseline -0.001 -17"><span class='ocrx_word' id='word_1_367' title='bbox 2061 2253 2371 2323; x_wconf 86' lang='lat' dir='ltr'><strong>appellasti,</strong></span> <span class='ocrx_word' id='word_1_368' title='bbox 2406 2265 2460 2308; x_wconf 91' lang='lat' dir='ltr'><strong>et</strong></span> <span class='ocrx_word' id='word_1_369' title='bbox 2492 2267 2658 2322; x_wconf 86' lang='lat' dir='ltr'><strong>super</strong></span> <span class='ocrx_word' id='word_1_370' title='bbox 2687 2269 2905 2308; x_wconf 85' lang='lat' dir='ltr'><strong>omnem</strong></span> <span class='ocrx_word' id='word_1_371' title='bbox 2939 2264 3178 2308; x_wconf 84' lang='lat' dir='ltr'><strong>creatam</strong></span> <span class='ocrx_word' id='word_1_372' title='bbox 3226 2262 3476 2307; x_wconf 89' lang='lat' dir='ltr'><strong>naturam</strong></span> <span class='ocrx_word' id='word_1_373' title='bbox 3523 2266 3646 2306; x_wconf 87' lang='lat' dir='ltr'><strong>eum</strong></span> 
     </span>
    </p>
   </div>
   <div class='ocr_carea' id='block_1_52' title="bbox 2061 2344 3650 2410">
    <p class='ocr_par' dir='ltr' id='par_1_52' title="bbox 2061 2344 3650 2410">
     <span class='ocr_line' id='line_1_52' title="bbox 2061 2344 3650 2410; baseline -0.003 -12"><span class='ocrx_word' id='word_1_374' title='bbox 2061 2344 2328 2410; x_wconf 81' lang='lat' dir='ltr'><strong>extulisti,</strong></span> <span class='ocrx_word' id='word_1_375' title='bbox 2365 2361 2512 2399; x_wconf 90' lang='lat' dir='ltr'><strong>nunc</strong></span> <span class='ocrx_word' id='word_1_376' title='bbox 2544 2361 2667 2400; x_wconf 91' lang='lat' dir='ltr'><strong>eum</strong></span> <span class='ocrx_word' id='word_1_377' title='bbox 2700 2345 2838 2399; x_wconf 86' lang='lat' dir='ltr'><strong>dicis</strong></span> <span class='ocrx_word' id='word_1_378' title='bbox 2869 2346 2924 2398; x_wconf 91' lang='lat' dir='ltr'><strong>in</strong></span> <span class='ocrx_word' id='word_1_379' title='bbox 2958 2359 3185 2398; x_wconf 89' lang='lat' dir='ltr'><strong>numero</strong></span> <span class='ocrx_word' id='word_1_380' title='bbox 3216 2358 3498 2397; x_wconf 88' lang='lat' dir='ltr'><strong>servormn</strong></span> <span class='ocrx_word' id='word_1_381' title='bbox 3529 2380 3544 2404; x_wconf 96' lang='lat'><strong>,</strong></span> <span class='ocrx_word' id='word_1_382' title='bbox 3594 2351 3650 2396; x_wconf 87' lang='lat' dir='ltr'><strong>et</strong></span> 
     </span>
    </p>
   </div>
   <div class='ocr_carea' id='block_1_53' title="bbox 2064 2434 3648 2506">
    <p class='ocr_par' dir='ltr' id='par_1_53' title="bbox 2064 2434 3648 2506">
     <span class='ocr_line' id='line_1_53' title="bbox 2064 2434 3648 2506; baseline -0.002 -17"><span class='ocrx_word' id='word_1_383' title='bbox 2064 2436 2117 2490; x_wconf 90' lang='lat' dir='ltr'><strong>in</strong></span> <span class='ocrx_word' id='word_1_384' title='bbox 2151 2436 2344 2504; x_wconf 69' lang='lat' dir='ltr'><strong>aequali</strong></span> <span class='ocrx_word' id='word_1_385' title='bbox 2380 2451 2502 2490; x_wconf 85' lang='lat' dir='ltr'><strong>cum</strong></span> <span class='ocrx_word' id='word_1_386' title='bbox 2529 2437 2811 2506; x_wconf 85' lang='lat' dir='ltr'><strong>prophetis</strong></span> <span class='ocrx_word' id='word_1_387' title='bbox 2833 2437 3102 2506; x_wconf 82' lang='lat' dir='ltr'><strong>dignitate</strong></span> <span class='ocrx_word' id='word_1_388' title='bbox 3133 2434 3468 2490; x_wconf 88' lang='lat' dir='ltr'><strong>constituis?</strong></span> <span class='ocrx_word' id='word_1_389' title='bbox 3495 2434 3648 2500; x_wconf 83' lang='lat' dir='ltr'><strong>Quod</strong></span> 
     </span>
    </p>
   </div>
   <div class='ocr_carea' id='block_1_54' title="bbox 2061 2525 3650 2590">
    <p class='ocr_par' dir='ltr' id='par_1_54' title="bbox 2061 2525 3650 2590">
     <span class='ocr_line' id='line_1_54' title="bbox 2061 2525 3650 2590; baseline -0.005 -6"><span class='ocrx_word' id='word_1_390' title='bbox 2061 2529 2205 2584; x_wconf 88' lang='lat' dir='ltr'><strong>enim</strong></span> <span class='ocrx_word' id='word_1_391' title='bbox 2237 2529 2362 2584; x_wconf 89' lang='lat' dir='ltr'><strong>ais:</strong></span> <span class='ocrx_word' id='word_1_392' title='bbox 2404 2548 2424 2582; x_wconf 72' lang='grc' dir='ltr'><strong>ι</strong></span> <span class='ocrx_word' id='word_1_393' title='bbox 2468 2530 2757 2584; x_wconf 87' lang='lat' dir='ltr'><strong>Faciamus</strong></span> <span class='ocrx_word' id='word_1_394' title='bbox 2795 2528 2897 2584; x_wconf 86' lang='lat' dir='ltr'><strong>tria</strong></span> <span class='ocrx_word' id='word_1_395' title='bbox 2933 2527 3310 2590; x_wconf 85' lang='lat' dir='ltr'><strong>tabernacula,</strong></span> <span class='ocrx_word' id='word_1_396' title='bbox 3347 2547 3364 2578; x_wconf 71' lang='grc' dir='ltr'><strong>ι</strong></span> <span class='ocrx_word' id='word_1_397' title='bbox 3422 2525 3650 2580; x_wconf 84' lang='lat' dir='ltr'><strong>honoris</strong></span> 
     </span>
    </p>
   </div>
   <div class='ocr_carea' id='block_1_55' title="bbox 2061 2618 3652 2695">
    <p class='ocr_par' dir='ltr' id='par_1_55' title="bbox 2061 2618 3652 2695">
     <span class='ocr_line' id='line_1_55' title="bbox 2061 2618 3652 2695; baseline -0.006 -17"><span class='ocrx_word' id='word_1_398' title='bbox 2061 2622 2341 2695; x_wconf 75' lang='lat' dir='ltr'><strong>signiﬁcas</strong></span> <span class='ocrx_word' id='word_1_399' title='bbox 2376 2624 2770 2693; x_wconf 67' lang='lat' dir='ltr'><strong>aequalitatem,</strong></span> <span class='ocrx_word' id='word_1_400' title='bbox 2825 2623 2968 2692; x_wconf 88' lang='lat' dir='ltr'><strong>quod</strong></span> <span class='ocrx_word' id='word_1_401' title='bbox 3015 2637 3044 2675; x_wconf 89' lang='lat' dir='ltr'><strong>a</strong></span> <span class='ocrx_word' id='word_1_402' title='bbox 3099 2631 3188 2676; x_wconf 88' lang='lat' dir='ltr'><strong>tua</strong></span> <span class='ocrx_word' id='word_1_403' title='bbox 3237 2621 3416 2673; x_wconf 83' lang='lat' dir='ltr'><strong>divina</strong></span> <span class='ocrx_word' id='word_1_404' title='bbox 3464 2618 3652 2684; x_wconf 81' lang='lat' dir='ltr'><strong>lingua</strong></span> 
     </span>
    </p>
   </div>
   <div class='ocr_carea' id='block_1_56' title="bbox 2066 2707 3652 2782">
    <p class='ocr_par' dir='ltr' id='par_1_56' title="bbox 2066 2707 3652 2782">
     <span class='ocr_line' id='line_1_56' title="bbox 2066 2707 3652 2782; baseline -0.005 -12"><span class='ocrx_word' id='word_1_405' title='bbox 2066 2716 2330 2772; x_wconf 88' lang='lat' dir='ltr'><strong>absonum</strong></span> <span class='ocrx_word' id='word_1_406' title='bbox 2363 2726 2467 2782; x_wconf 89' lang='lat' dir='ltr'><strong>est,</strong></span> <span class='ocrx_word' id='word_1_407' title='bbox 2499 2726 2554 2770; x_wconf 89' lang='lat' dir='ltr'><strong>et</strong></span> <span class='ocrx_word' id='word_1_408' title='bbox 2601 2717 2804 2770; x_wconf 88' lang='lat' dir='ltr'><strong>dictum</strong></span> <span class='ocrx_word' id='word_1_409' title='bbox 2848 2714 3072 2768; x_wconf 89' lang='lat' dir='ltr'><strong>omnino</strong></span> <span class='ocrx_word' id='word_1_410' title='bbox 3124 2713 3520 2780; x_wconf 88' lang='lat' dir='ltr'><strong>imprudenter.</strong></span> <span class='ocrx_word' id='word_1_411' title='bbox 3567 2707 3652 2762; x_wconf 82' lang='lat' dir='ltr'><strong>An</strong></span> 
     </span>
    </p>
   </div>
   <div class='ocr_carea' id='block_1_57' title="bbox 2063 2801 3651 2877">
    <p class='ocr_par' dir='ltr' id='par_1_57' title="bbox 2063 2801 3651 2877">
     <span class='ocr_line' id='line_1_57' title="bbox 2063 2801 3651 2877; baseline -0.006 -16"><span class='ocrx_word' id='word_1_412' title='bbox 2063 2807 2370 2861; x_wconf 82' lang='lat' dir='ltr'><strong>divinitatis</strong></span> <span class='ocrx_word' id='word_1_413' title='bbox 2429 2807 2668 2877; x_wconf 80' lang='lat' dir='ltr'><strong>fulgores</strong></span> <span class='ocrx_word' id='word_1_414' title='bbox 2730 2805 2890 2875; x_wconf 81' lang='lat' dir='ltr'><strong>quasi</strong></span> <span class='ocrx_word' id='word_1_415' title='bbox 2939 2803 3120 2875; x_wconf 81' lang='lat' dir='ltr'><strong>jacula</strong></span> <span class='ocrx_word' id='word_1_416' title='bbox 3175 2803 3269 2857; x_wconf 89' lang='lat' dir='ltr'><strong>tibi</strong></span> <span class='ocrx_word' id='word_1_417' title='bbox 3315 2801 3651 2870; x_wconf 74' lang='lat' dir='ltr'><strong>fulgurantia</strong></span> 
     </span>
    </p>
   </div>
   <div class='ocr_carea' id='block_1_58' title="bbox 2067 2892 3658 2968">
    <p class='ocr_par' dir='ltr' id='par_1_58' title="bbox 2067 2892 3658 2968">
     <span class='ocr_line' id='line_1_58' title="bbox 2067 2892 3658 2968; baseline -0.003 -17"><span class='ocrx_word' id='word_1_418' title='bbox 2067 2898 2366 2967; x_wconf 87' lang='lat' dir='ltr'><strong>principem</strong></span> <span class='ocrx_word' id='word_1_419' title='bbox 2405 2899 2572 2952; x_wconf 87' lang='lat' dir='ltr'><strong>animi</strong></span> <span class='ocrx_word' id='word_1_420' title='bbox 2611 2908 2824 2968; x_wconf 86' lang='lat' dir='ltr'><strong>partem</strong></span> <span class='ocrx_word' id='word_1_421' title='bbox 2861 2912 2891 2952; x_wconf 89' lang='lat' dir='ltr'><strong>e</strong></span> <span class='ocrx_word' id='word_1_422' title='bbox 2941 2905 3087 2952; x_wconf 91' lang='lat' dir='ltr'><strong>statu</strong></span> <span class='ocrx_word' id='word_1_423' title='bbox 3132 2909 3231 2950; x_wconf 88' lang='lat' dir='ltr'><strong>suo</strong></span> <span class='ocrx_word' id='word_1_424' title='bbox 3272 2892 3658 2949; x_wconf 73' lang='lat' dir='ltr'><strong>dimovcrunt?</strong></span> 
     </span>
    </p>
   </div>
   <div class='ocr_carea' id='block_1_59' title="bbox 2070 2985 3656 3060">
    <p class='ocr_par' dir='ltr' id='par_1_59' title="bbox 2070 2985 3656 3060">
     <span class='ocr_line' id='line_1_59' title="bbox 2070 2985 3656 3060; baseline -0.006 -15"><span class='ocrx_word' id='word_1_425' title='bbox 2070 2991 2176 3047; x_wconf 79' lang='lat' dir='ltr'><strong>Res</strong></span> <span class='ocrx_word' id='word_1_426' title='bbox 2201 2992 2347 3046; x_wconf 91' lang='lat' dir='ltr'><strong>enim</strong></span> <span class='ocrx_word' id='word_1_427' title='bbox 2387 2991 2667 3060; x_wconf 73' lang='lat' dir='ltr'><strong>stupendae</strong></span> <span class='ocrx_word' id='word_1_428' title='bbox 2717 3005 2838 3044; x_wconf 90' lang='lat' dir='ltr'><strong>cum</strong></span> <span class='ocrx_word' id='word_1_429' title='bbox 2897 3003 2961 3043; x_wconf 76' lang='lat' dir='ltr'><strong>ex</strong></span> <span class='ocrx_word' id='word_1_430' title='bbox 3020 2986 3322 3057; x_wconf 79' lang='lat' dir='ltr'><strong>improviso</strong></span> <span class='ocrx_word' id='word_1_431' title='bbox 3375 2985 3656 3048; x_wconf 83' lang='lat' dir='ltr'><strong>accidunt,</strong></span> 
     </span>
    </p>
   </div>
   <div class='ocr_carea' id='block_1_60' title="bbox 2071 3079 3653 3145">
    <p class='ocr_par' dir='ltr' id='par_1_60' title="bbox 2071 3079 3653 3145">
     <span class='ocr_line' id='line_1_60' title="bbox 2071 3079 3653 3145; baseline -0.005 -7"><span class='ocrx_word' id='word_1_432' title='bbox 2071 3085 2338 3140; x_wconf 88' lang='lat' dir='ltr'><strong>rationem</strong></span> <span class='ocrx_word' id='word_1_433' title='bbox 2374 3099 2630 3138; x_wconf 76' lang='lat' dir='ltr'><strong>emovere</strong></span> <span class='ocrx_word' id='word_1_434' title='bbox 2659 3091 3087 3140; x_wconf 87' lang='lat' dir='ltr'><strong>consueverunt.</strong></span> <span class='ocrx_word' id='word_1_435' title='bbox 3123 3079 3274 3145; x_wconf 86' lang='lat' dir='ltr'><strong>Quod</strong></span> <span class='ocrx_word' id='word_1_436' title='bbox 3323 3093 3457 3133; x_wconf 90' lang='lat' dir='ltr'><strong>sane</strong></span> <span class='ocrx_word' id='word_1_437' title='bbox 3485 3079 3653 3132; x_wconf 90' lang='lat' dir='ltr'><strong>etiam</strong></span> 
     </span>
    </p>
   </div>
   <div class='ocr_carea' id='block_1_61' title="bbox 385 3164 1963 3247">
    <p class='ocr_par' dir='ltr' id='par_1_61' title="bbox 385 3164 1959 3247">
     <span class='ocr_line' id='line_1_61' title="bbox 385 3164 1959 3247; baseline 0.007 -27"><span class='ocrx_word' id='word_1_438' title='bbox 385 3167 657 3238; x_wconf 79' lang='grc' dir='ltr'>γελιστὴς,</span> <span class='ocrx_word' id='word_1_439' title='bbox 694 3186 711 3220; x_wconf 82' lang='grc' dir='ltr'><strong>ι</strong></span> <span class='ocrx_word' id='word_1_440' title='bbox 750 3164 950 3232; x_wconf 73' lang='grc' dir='ltr'><strong>τΗσαν,</strong></span> <span class='ocrx_word' id='word_1_441' title='bbox 987 3172 1174 3240; x_wconf 65' lang='grc' dir='ltr'>φησιν,</span> <span class='ocrx_word' id='word_1_442' title='bbox 1203 3173 1252 3225; x_wconf 75' lang='lat' dir='ltr'><strong>oi</strong></span> <span class='ocrx_word' id='word_1_443' title='bbox 1283 3174 1553 3243; x_wconf 64' lang='grc' dir='ltr'>ὀφθαλμοὶ</span> <span class='ocrx_word' id='word_1_444' title='bbox 1583 3176 1762 3230; x_wconf 78' lang='grc' dir='ltr'>αὐτῶν</span> <span class='ocrx_word' id='word_1_445' title='bbox 1795 3177 1959 3247; x_wconf 78' lang='grc' dir='ltr'>βεϐα-</span> 
     </span>
    </p>
   </div>
   <div class='ocr_carea' id='block_1_62' title="bbox 2067 3164 3656 3247">
    <p class='ocr_par' dir='ltr' id='par_1_62' title="bbox 2067 3167 3656 3244">
     <span class='ocr_line' id='line_1_62' title="bbox 2067 3167 3656 3244; baseline -0.007 -14"><span class='ocrx_word' id='word_1_446' title='bbox 2067 3178 2293 3231; x_wconf 87' lang='lat' dir='ltr'><strong>innuere</strong></span> <span class='ocrx_word' id='word_1_447' title='bbox 2327 3177 2512 3231; x_wconf 87' lang='lat' dir='ltr'><strong>volens</strong></span> <span class='ocrx_word' id='word_1_448' title='bbox 2548 3174 2890 3244; x_wconf 81' lang='lat' dir='ltr'><strong>Evangelista</strong></span> <span class='ocrx_word' id='word_1_449' title='bbox 2925 3190 2940 3228; x_wconf 74' lang='grc' dir='ltr'><strong>ι</strong></span> <span class='ocrx_word' id='word_1_450' title='bbox 2981 3191 2998 3223; x_wconf 78' lang='grc' dir='ltr'><strong>ι</strong></span> <span class='ocrx_word' id='word_1_451' title='bbox 3036 3171 3228 3235; x_wconf 87' lang='lat' dir='ltr'><strong>Erant,</strong></span> <span class='ocrx_word' id='word_1_452' title='bbox 3266 3169 3462 3238; x_wconf 90' lang='lat' dir='ltr'><strong>inquit,</strong></span> <span class='ocrx_word' id='word_1_453' title='bbox 3511 3167 3656 3222; x_wconf 87' lang='lat' dir='ltr'><strong>oculi</strong></span> 
     </span>
    </p>
   </div>
   <div class='ocr_carea' id='block_1_63' title="bbox 390 3259 1966 3339">
    <p class='ocr_par' dir='ltr' id='par_1_63' title="bbox 390 3259 1966 3339">
     <span class='ocr_line' id='line_1_63' title="bbox 390 3259 1966 3339; baseline 0.006 -28"><span class='ocrx_word' id='word_1_454' title='bbox 390 3260 651 3330; x_wconf 85' lang='grc' dir='ltr'>ρημένοι·</span> <span class='ocrx_word' id='word_1_455' title='bbox 693 3281 712 3313; x_wconf 73' lang='grc' dir='ltr'><strong>ι</strong></span> <span class='ocrx_word' id='word_1_456' title='bbox 796 3263 1036 3327; x_wconf 78' lang='grc' dir='ltr'>δεικνὺς,</span> <span class='ocrx_word' id='word_1_457' title='bbox 1103 3264 1178 3326; x_wconf 84' lang='grc' dir='ltr'>ὡς</span> <span class='ocrx_word' id='word_1_458' title='bbox 1227 3259 1460 3335; x_wconf 81' lang='grc' dir='ltr'>ἐγῷμαι,</span> <span class='ocrx_word' id='word_1_459' title='bbox 1521 3266 1618 3337; x_wconf 84' lang='grc' dir='ltr'><strong>τὴν</strong></span> <span class='ocrx_word' id='word_1_460' title='bbox 1662 3269 1966 3339; x_wconf 80' lang='grc' dir='ltr'>γενομένην</span> 
     </span>
    </p>
   </div>
   <div class='ocr_carea' id='block_1_64' title="bbox 386 3357 1966 3434">
    <p class='ocr_par' dir='ltr' id='par_1_64' title="bbox 386 3357 1966 3434">
     <span class='ocr_line' id='line_1_64' title="bbox 386 3357 1966 3434; baseline 0.006 -23"><span class='ocrx_word' id='word_1_461' title='bbox 386 3357 571 3421; x_wconf 82' lang='grc' dir='ltr'>αὐτοῖς</span> <span class='ocrx_word' id='word_1_462' title='bbox 592 3358 870 3429; x_wconf 69' lang='grc' dir='ltr'>βαρύτητα</span> <span class='ocrx_word' id='word_1_463' title='bbox 891 3360 1000 3414; x_wconf 89' lang='grc' dir='ltr'><strong>τῶν</strong></span> <span class='ocrx_word' id='word_1_464' title='bbox 1016 3363 1222 3432; x_wconf 86' lang='grc' dir='ltr'>νοητῶν</span> <span class='ocrx_word' id='word_1_465' title='bbox 1245 3365 1562 3434; x_wconf 79' lang='grc' dir='ltr'>ὀφθαλμῶν.</span> <span class='ocrx_word' id='word_1_466' title='bbox 1589 3367 1966 3421; x_wconf 84' lang='grc' dir='ltr'>Διαλευκαίνει</span> 
     </span>
    </p>
   </div>
   <div class='ocr_carea' id='block_1_65' title="bbox 388 3447 1966 3523">
    <p class='ocr_par' dir='ltr' id='par_1_65' title="bbox 388 3447 1966 3523">
     <span class='ocr_line' id='line_1_65' title="bbox 388 3447 1966 3523; baseline 0.008 -24"><span class='ocrx_word' id='word_1_467' title='bbox 388 3447 443 3499; x_wconf 78' lang='grc' dir='ltr'>δὲ</span> <span class='ocrx_word' id='word_1_468' title='bbox 478 3449 637 3502; x_wconf 83' lang='grc' dir='ltr'>τοῦτο</span> <span class='ocrx_word' id='word_1_469' title='bbox 687 3450 1023 3520; x_wconf 89' lang='grc' dir='ltr'>σαφέστερον</span> <span class='ocrx_word' id='word_1_470' title='bbox 1063 3452 1269 3523; x_wconf 77' lang='grc' dir='ltr'>ἕτερος,</span> <span class='ocrx_word' id='word_1_471' title='bbox 1332 3455 1592 3522; x_wconf 76' lang='grc' dir='ltr'>προσθεὶς</span> <span class='ocrx_word' id='word_1_472' title='bbox 1643 3457 1725 3510; x_wconf 84' lang='grc' dir='ltr'>ὅτι</span> <span class='ocrx_word' id='word_1_473' title='bbox 1793 3458 1966 3511; x_wconf 81' lang='grc' dir='ltr'>ταῦτα</span> 
     </span>
    </p>
   </div>
   <div class='ocr_carea' id='block_1_66' title="bbox 391 3531 1966 3616">
    <p class='ocr_par' dir='ltr' id='par_1_66' title="bbox 391 3531 1966 3616">
     <span class='ocr_line' id='line_1_66' title="bbox 391 3531 1966 3616; baseline 0.007 -27"><span class='ocrx_word' id='word_1_474' title='bbox 391 3531 546 3590; x_wconf 81' lang='grc' dir='ltr'>εἶπεν</span> <span class='ocrx_word' id='word_1_475' title='bbox 580 3541 607 3592; x_wconf 82' lang='grc' dir='ltr'>ὁ</span> <span class='ocrx_word' id='word_1_476' title='bbox 637 3538 864 3609; x_wconf 88' lang='grc' dir='ltr'>Πέτρος,</span> <span class='ocrx_word' id='word_1_477' title='bbox 899 3541 972 3612; x_wconf 84' lang='grc' dir='ltr'>μὴ</span> <span class='ocrx_word' id='word_1_478' title='bbox 1004 3543 1158 3605; x_wconf 70' lang='grc' dir='ltr'>εἰδὼς</span> <span class='ocrx_word' id='word_1_479' title='bbox 1191 3543 1219 3596; x_wconf 80' lang='grc' dir='ltr'>ὃ</span> <span class='ocrx_word' id='word_1_480' title='bbox 1261 3543 1461 3598; x_wconf 72' lang='grc' dir='ltr'>ἐλάλει.</span> <span class='ocrx_word' id='word_1_481' title='bbox 1528 3533 1778 3600; x_wconf 72' lang='grc' dir='ltr'>Ἀλλάτί</span> <span class='ocrx_word' id='word_1_482' title='bbox 1811 3547 1966 3616; x_wconf 85' lang='grc' dir='ltr'>λογι-</span> 
     </span>
    </p>
   </div>
   <div class='ocr_carea' id='block_1_67' title="bbox 391 3630 1966 3708">
    <p class='ocr_par' dir='ltr' id='par_1_67' title="bbox 391 3630 1966 3708">
     <span class='ocr_line' id='line_1_67' title="bbox 391 3630 1966 3708; baseline 0.008 -28"><span class='ocrx_word' id='word_1_483' title='bbox 391 3630 630 3693; x_wconf 86' lang='grc' dir='ltr'>σάμενος</span> <span class='ocrx_word' id='word_1_484' title='bbox 658 3632 684 3683; x_wconf 86' lang='grc' dir='ltr'><strong>ό</strong></span> <span class='ocrx_word' id='word_1_485' title='bbox 711 3631 938 3698; x_wconf 85' lang='grc' dir='ltr'>Πέτρος,</span> <span class='ocrx_word' id='word_1_486' title='bbox 969 3633 1124 3686; x_wconf 83' lang='grc' dir='ltr'>ταῦτ’</span> <span class='ocrx_word' id='word_1_487' title='bbox 1158 3634 1334 3703; x_wconf 78' lang='grc' dir='ltr'>ἔλεγε,</span> <span class='ocrx_word' id='word_1_488' title='bbox 1373 3653 1389 3686; x_wconf 80' lang='grc' dir='ltr'><strong>ι</strong></span> <span class='ocrx_word' id='word_1_489' title='bbox 1419 3635 1598 3689; x_wconf 82' lang='grc' dir='ltr'>Καλόν</span> <span class='ocrx_word' id='word_1_490' title='bbox 1623 3638 1793 3703; x_wconf 80' lang='grc' dir='ltr'>ἐστιν,</span> <span class='ocrx_word' id='word_1_491' title='bbox 1819 3640 1966 3708; x_wconf 76' lang='grc' dir='ltr'>ἡμᾶς</span> 
     </span>
    </p>
   </div>
   <div class='ocr_carea' id='block_1_68' title="bbox 387 3713 1969 3804">
    <p class='ocr_par' dir='ltr' id='par_1_68' title="bbox 387 3713 1969 3804">
     <span class='ocr_line' id='line_1_68' title="bbox 387 3713 1969 3804; baseline 0.006 -28"><span class='ocrx_word' id='word_1_492' title='bbox 387 3713 491 3776; x_wconf 73' lang='grc' dir='ltr'><strong>ὧδε</strong></span> <span class='ocrx_word' id='word_1_493' title='bbox 520 3719 697 3789; x_wconf 48' lang='lat' dir='ltr'><strong>sitat;</strong></span> <span class='ocrx_word' id='word_1_494' title='bbox 736 3724 893 3786; x_wconf 81' lang='grc' dir='ltr'>Τίνος</span> <span class='ocrx_word' id='word_1_495' title='bbox 921 3725 1083 3778; x_wconf 77' lang='grc' dir='ltr'>ἕνεκα</span> <span class='ocrx_word' id='word_1_496' title='bbox 1123 3726 1220 3796; x_wconf 84' lang='grc' dir='ltr'><strong>τὴν</strong></span> <span class='ocrx_word' id='word_1_497' title='bbox 1247 3728 1304 3779; x_wconf 83' lang='grc' dir='ltr'><strong>ὲν</strong></span> <span class='ocrx_word' id='word_1_498' title='bbox 1355 3727 1432 3798; x_wconf 85' lang='grc' dir='ltr'>τῷ</span> <span class='ocrx_word' id='word_1_499' title='bbox 1483 3729 1600 3799; x_wconf 80' lang='grc' dir='ltr'>ὄρει</span> <span class='ocrx_word' id='word_1_500' title='bbox 1655 3731 1969 3804; x_wconf 81' lang='grc' dir='ltr'>καταμονὴν</span> 
     </span>
    </p>
   </div>
   <div class='ocr_carea' id='block_1_69' title="bbox 387 3815 1970 3895">
    <p class='ocr_par' dir='ltr' id='par_1_69' title="bbox 387 3815 1970 3895">
     <span class='ocr_line' id='line_1_69' title="bbox 387 3815 1970 3895; baseline 0.008 -29"><span class='ocrx_word' id='word_1_501' title='bbox 387 3815 734 3886; x_wconf 80' lang='grc' dir='ltr'>ἀποδέχεται,</span> <span class='ocrx_word' id='word_1_502' title='bbox 769 3818 862 3870; x_wconf 79' lang='grc' dir='ltr'>καὶ</span> <span class='ocrx_word' id='word_1_503' title='bbox 894 3818 992 3887; x_wconf 85' lang='grc' dir='ltr'><strong>τῆς</strong></span> <span class='ocrx_word' id='word_1_504' title='bbox 1020 3821 1077 3871; x_wconf 82' lang='grc' dir='ltr'><strong>ὲν</strong></span> <span class='ocrx_word' id='word_1_505' title='bbox 1097 3819 1248 3872; x_wconf 78' lang='grc' dir='ltr'>πόλει</span> <span class='ocrx_word' id='word_1_506' title='bbox 1285 3821 1588 3888; x_wconf 85' lang='grc' dir='ltr'>κατοικίας,</span> <span class='ocrx_word' id='word_1_507' title='bbox 1612 3827 1712 3895; x_wconf 81' lang='grc' dir='ltr'>τὴν</span> <span class='ocrx_word' id='word_1_508' title='bbox 1735 3827 1970 3895; x_wconf 78' lang='grc' dir='ltr'>ἐρημίαν</span> 
     </span>
    </p>
   </div>
   <div class='ocr_carea' id='block_1_70' title="bbox 387 3908 1966 3989">
    <p class='ocr_par' dir='ltr' id='par_1_70' title="bbox 387 3908 1966 3989">
     <span class='ocr_line' id='line_1_70' title="bbox 387 3908 1966 3989; baseline 0.007 -27"><span class='ocrx_word' id='word_1_509' title='bbox 387 3908 484 3962; x_wconf 82' lang='grc' dir='ltr'>τοῦ</span> <span class='ocrx_word' id='word_1_510' title='bbox 514 3909 674 3979; x_wconf 74' lang='grc' dir='ltr'>ὅρους</span> <span class='ocrx_word' id='word_1_511' title='bbox 716 3911 1062 3979; x_wconf 75' lang='grc' dir='ltr'>ἀσπάζεταις</span> <span class='ocrx_word' id='word_1_512' title='bbox 1105 3913 1308 3967; x_wconf 84' lang='grc' dir='ltr'>Ἤκουε</span> <span class='ocrx_word' id='word_1_513' title='bbox 1341 3915 1434 3967; x_wconf 87' lang='grc' dir='ltr'>τοῦ</span> <span class='ocrx_word' id='word_1_514' title='bbox 1480 3919 1686 3987; x_wconf 82' lang='grc' dir='ltr'>Κυρίου</span> <span class='ocrx_word' id='word_1_515' title='bbox 1718 3918 1966 3989; x_wconf 74' lang='grc' dir='ltr'>φανερῶς</span> 
     </span>
    </p>
   </div>
   <div class='ocr_carea' id='block_1_71' title="bbox 387 4001 1968 4079">
    <p class='ocr_par' dir='ltr' id='par_1_71' title="bbox 387 4001 1968 4079">
     <span class='ocr_line' id='line_1_71' title="bbox 387 4001 1968 4079; baseline 0.008 -26"><span class='ocrx_word' id='word_1_516' title='bbox 387 4001 451 4054; x_wconf 80' lang='grc' dir='ltr'><strong>τὸ</strong></span> <span class='ocrx_word' id='word_1_517' title='bbox 476 4001 652 4065; x_wconf 83' lang='grc' dir='ltr'>Πάθος</span> <span class='ocrx_word' id='word_1_518' title='bbox 687 4004 875 4066; x_wconf 84' lang='grc' dir='ltr'>αὐτοῖς</span> <span class='ocrx_word' id='word_1_519' title='bbox 927 4005 1405 4077; x_wconf 88' lang='grc' dir='ltr'>προκηρύττοντος</span> <span class='ocrx_word' id='word_1_520' title='bbox 1459 4011 1553 4063; x_wconf 77' lang='grc' dir='ltr'><strong>καὶ</strong></span> <span class='ocrx_word' id='word_1_521' title='bbox 1587 4011 1678 4064; x_wconf 83' lang='grc' dir='ltr'>τὸν</span> <span class='ocrx_word' id='word_1_522' title='bbox 1710 4014 1838 4079; x_wconf 74' lang='grc' dir='ltr'>περὶ</span> <span class='ocrx_word' id='word_1_523' title='bbox 1869 4012 1968 4065; x_wconf 81' lang='grc' dir='ltr'>αὐ-</span> 
     </span>
    </p>
   </div>
   <div class='ocr_carea' id='block_1_72' title="bbox 386 4091 1964 4171">
    <p class='ocr_par' dir='ltr' id='par_1_72' title="bbox 386 4091 1964 4171">
     <span class='ocr_line' id='line_1_72' title="bbox 386 4091 1964 4171; baseline 0.008 -27"><span class='ocrx_word' id='word_1_524' title='bbox 386 4091 485 4145; x_wconf 82' lang='grc' dir='ltr'>τοῦ</span> <span class='ocrx_word' id='word_1_525' title='bbox 537 4093 694 4162; x_wconf 88' lang='grc' dir='ltr'>λόγον</span> <span class='ocrx_word' id='word_1_526' title='bbox 729 4095 974 4165; x_wconf 82' lang='grc' dir='ltr'>συνεχῶς</span> <span class='ocrx_word' id='word_1_527' title='bbox 1025 4097 1413 4163; x_wconf 85' lang='grc' dir='ltr'>ἀνελίττοντος,</span> <span class='ocrx_word' id='word_1_528' title='bbox 1464 4101 1559 4154; x_wconf 79' lang='grc' dir='ltr'><strong>νῦν</strong></span> <span class='ocrx_word' id='word_1_529' title='bbox 1611 4102 1730 4171; x_wconf 81' lang='grc' dir='ltr'>μὲν,</span> <span class='ocrx_word' id='word_1_530' title='bbox 1769 4121 1788 4153; x_wconf 78' lang='lat' dir='ltr'><strong>t</strong></span> <span class='ocrx_word' id='word_1_531' title='bbox 1834 4103 1964 4157; x_wconf 78' lang='grc' dir='ltr'>Ἰδοὺ</span> 
     </span>
    </p>
   </div>
   <div class='ocr_carea' id='block_1_73' title="bbox 387 4183 1971 4266">
    <p class='ocr_par' dir='ltr' id='par_1_73' title="bbox 387 4183 1971 4266">
     <span class='ocr_line' id='line_1_73' title="bbox 387 4183 1971 4266; baseline 0.009 -29"><span class='ocrx_word' id='word_1_532' title='bbox 387 4183 756 4254; x_wconf 78' lang='grc' dir='ltr'>ἀναϐαίνομεν</span> <span class='ocrx_word' id='word_1_533' title='bbox 781 4189 862 4250; x_wconf 87' lang='grc' dir='ltr'><strong>είς</strong></span> <span class='ocrx_word' id='word_1_534' title='bbox 907 4188 1276 4259; x_wconf 83' lang='grc' dir='ltr'>Ἰεροσόλυμα,</span> <span class='ocrx_word' id='word_1_535' title='bbox 1308 4194 1405 4247; x_wconf 72' lang='grc' dir='ltr'><strong>καὶ</strong></span> <span class='ocrx_word' id='word_1_536' title='bbox 1437 4195 1464 4245; x_wconf 82' lang='grc' dir='ltr'>ὁ</span> <span class='ocrx_word' id='word_1_537' title='bbox 1492 4193 1622 4257; x_wconf 77' lang='grc' dir='ltr'>Υἱὸς</span> <span class='ocrx_word' id='word_1_538' title='bbox 1647 4194 1741 4247; x_wconf 84' lang='grc' dir='ltr'>τοῦ</span> <span class='ocrx_word' id='word_1_539' title='bbox 1762 4195 1971 4266; x_wconf 82' lang='grc' dir='ltr'>ἀνθρὼ-</span> 
     </span>
    </p>
   </div>
   <div class='ocr_carea' id='block_1_74' title="bbox 389 4279 1963 4357">
    <p class='ocr_par' dir='ltr' id='par_1_74' title="bbox 389 4279 1963 4357">
     <span class='ocr_line' id='line_1_74' title="bbox 389 4279 1963 4357; baseline 0.007 -27"><span class='ocrx_word' id='word_1_540' title='bbox 389 4293 494 4330; x_wconf 73' lang='lat' dir='ltr'><strong>mu</strong></span> <span class='ocrx_word' id='word_1_541' title='bbox 514 4279 949 4350; x_wconf 83' lang='grc' dir='ltr'>παραδοθήσεται</span> <span class='ocrx_word' id='word_1_542' title='bbox 972 4286 1083 4342; x_wconf 83' lang='grc' dir='ltr'>τοῖς</span> <span class='ocrx_word' id='word_1_543' title='bbox 1102 4280 1302 4348; x_wconf 75' lang='grc' dir='ltr'>ἔθνεσι,</span> <span class='ocrx_word' id='word_1_544' title='bbox 1324 4285 1416 4338; x_wconf 82' lang='grc' dir='ltr'><strong>καὶ</strong></span> <span class='ocrx_word' id='word_1_545' title='bbox 1434 4286 1928 4357; x_wconf 84' lang='grc' dir='ltr'>ἀποκτανθήσεται·</span> <span class='ocrx_word' id='word_1_546' title='bbox 1945 4307 1963 4341; x_wconf 73' lang='grc' dir='ltr'><strong>ι</strong></span> 
     </span>
    </p>
   </div>
   <div class='ocr_carea' id='block_1_75' title="bbox 391 4367 1966 4450">
    <p class='ocr_par' dir='ltr' id='par_1_75' title="bbox 391 4367 1966 4450">
     <span class='ocr_line' id='line_1_75' title="bbox 391 4367 1966 4450; baseline 0.01 -32"><span class='ocrx_word' id='word_1_547' title='bbox 391 4367 486 4418; x_wconf 80' lang='grc' dir='ltr'><strong>νῦν</strong></span> <span class='ocrx_word' id='word_1_548' title='bbox 512 4369 590 4434; x_wconf 76' lang='grc' dir='ltr'><strong>δὲ,</strong></span> <span class='ocrx_word' id='word_1_549' title='bbox 633 4385 651 4418; x_wconf 75' lang='grc' dir='ltr'><strong>ι</strong></span> <span class='ocrx_word' id='word_1_550' title='bbox 697 4369 912 4440; x_wconf 76' lang='grc' dir='ltr'>Ὠσπερ</span> <span class='ocrx_word' id='word_1_551' title='bbox 945 4372 1189 4441; x_wconf 84' lang='grc' dir='ltr'>Μωῡσῆς</span> <span class='ocrx_word' id='word_1_552' title='bbox 1245 4373 1430 4442; x_wconf 75' lang='grc' dir='ltr'>ὕψωσε</span> <span class='ocrx_word' id='word_1_553' title='bbox 1487 4377 1580 4428; x_wconf 72' lang='grc' dir='ltr'><strong>τὸν</strong></span> <span class='ocrx_word' id='word_1_554' title='bbox 1623 4377 1746 4444; x_wconf 79' lang='grc' dir='ltr'>ὄφιν</span> <span class='ocrx_word' id='word_1_555' title='bbox 1797 4380 1854 4431; x_wconf 82' lang='grc' dir='ltr'><strong>ὲν</strong></span> <span class='ocrx_word' id='word_1_556' title='bbox 1900 4383 1966 4450; x_wconf 85' lang='grc' dir='ltr'>τῇ</span> 
     </span>
    </p>
   </div>
   <div class='ocr_carea' id='block_1_76' title="bbox 393 4458 1964 4539">
    <p class='ocr_par' dir='ltr' id='par_1_76' title="bbox 393 4458 1964 4539">
     <span class='ocr_line' id='line_1_76' title="bbox 393 4458 1964 4539; baseline 0.008 -29"><span class='ocrx_word' id='word_1_557' title='bbox 393 4460 604 4529; x_wconf 76' lang='grc' dir='ltr'>ἐρήμῳ,</span> <span class='ocrx_word' id='word_1_558' title='bbox 629 4458 802 4523; x_wconf 72' lang='grc' dir='ltr'>οὕτως</span> <span class='ocrx_word' id='word_1_559' title='bbox 833 4460 1112 4532; x_wconf 77' lang='grc' dir='ltr'>ὑψωθῆναι</span> <span class='ocrx_word' id='word_1_560' title='bbox 1141 4464 1221 4517; x_wconf 85' lang='grc' dir='ltr'><strong>δεῖ</strong></span> <span class='ocrx_word' id='word_1_561' title='bbox 1239 4465 1329 4519; x_wconf 85' lang='grc' dir='ltr'>τὸν</span> <span class='ocrx_word' id='word_1_562' title='bbox 1358 4466 1478 4520; x_wconf 72' lang='grc' dir='ltr'>Υίὸν</span> <span class='ocrx_word' id='word_1_563' title='bbox 1493 4467 1586 4519; x_wconf 77' lang='grc' dir='ltr'>τοῦ</span> <span class='ocrx_word' id='word_1_564' title='bbox 1609 4468 1900 4539; x_wconf 80' lang='grc' dir='ltr'>ἀνθρώπου</span> <span class='ocrx_word' id='word_1_565' title='bbox 1917 4487 1929 4500; x_wconf 70' lang='grc' dir='ltr'><strong>ο</strong></span> <span class='ocrx_word' id='word_1_566' title='bbox 1946 4489 1964 4522; x_wconf 72' lang='grc' dir='ltr'><strong>ι</strong></span> 
     </span>
    </p>
   </div>
   <div class='ocr_carea' id='block_1_77' title="bbox 393 4552 1972 4632">
    <p class='ocr_par' dir='ltr' id='par_1_77' title="bbox 393 4552 1972 4632">
     <span class='ocr_line' id='line_1_77' title="bbox 393 4552 1972 4632; baseline 0.008 -27"><span class='ocrx_word' id='word_1_567' title='bbox 393 4552 582 4605; x_wconf 82' lang='grc' dir='ltr'>ἄλλοτε</span> <span class='ocrx_word' id='word_1_568' title='bbox 636 4553 730 4606; x_wconf 78' lang='grc' dir='ltr'>τοῦ</span> <span class='ocrx_word' id='word_1_569' title='bbox 783 4557 926 4609; x_wconf 81' lang='grc' dir='ltr'><strong>κατά</strong></span> <span class='ocrx_word' id='word_1_570' title='bbox 998 4556 1184 4612; x_wconf 80' lang='grc' dir='ltr'>Ἰωνᾶν</span> <span class='ocrx_word' id='word_1_571' title='bbox 1255 4560 1701 4629; x_wconf 83' lang='grc' dir='ltr'>παραδείγματος</span> <span class='ocrx_word' id='word_1_572' title='bbox 1763 4579 1972 4632; x_wconf 87' lang='grc' dir='ltr'>μνημο-</span> 
     </span>
    </p>
   </div>
   <div class='ocr_carea' id='block_1_78' title="bbox 393 4645 1973 4726">
    <p class='ocr_par' dir='ltr' id='par_1_78' title="bbox 393 4645 1973 4726">
     <span class='ocr_line' id='line_1_78' title="bbox 393 4645 1973 4726; baseline 0.008 -31"><span class='ocrx_word' id='word_1_573' title='bbox 393 4645 664 4710; x_wconf 84' lang='grc' dir='ltr'>νεύοντος,</span> <span class='ocrx_word' id='word_1_574' title='bbox 701 4666 718 4698; x_wconf 79' lang='grc' dir='ltr'><strong>ι</strong></span> <span class='ocrx_word' id='word_1_575' title='bbox 756 4647 968 4718; x_wconf 82' lang='grc' dir='ltr'>Ὥσπερ</span> <span class='ocrx_word' id='word_1_576' title='bbox 1005 4651 1034 4702; x_wconf 84' lang='grc' dir='ltr'>ὁ</span> <span class='ocrx_word' id='word_1_577' title='bbox 1075 4648 1258 4712; x_wconf 84' lang='grc' dir='ltr'>Ἰωνᾶς</span> <span class='ocrx_word' id='word_1_578' title='bbox 1305 4652 1560 4722; x_wconf 77' lang='grc' dir='ltr'>εποίησεν</span> <span class='ocrx_word' id='word_1_579' title='bbox 1593 4655 1650 4706; x_wconf 81' lang='grc' dir='ltr'>ὲν</span> <span class='ocrx_word' id='word_1_580' title='bbox 1683 4655 1747 4725; x_wconf 81' lang='grc' dir='ltr'>τῇ</span> <span class='ocrx_word' id='word_1_581' title='bbox 1794 4655 1973 4726; x_wconf 79' lang='grc' dir='ltr'>κοιλίᾳ</span> 
     </span>
    </p>
   </div>
   <div class='ocr_carea' id='block_1_79' title="bbox 392 4737 1973 4813">
    <p class='ocr_par' dir='ltr' id='par_1_79' title="bbox 392 4737 1973 4813">
     <span class='ocr_line' id='line_1_79' title="bbox 392 4737 1973 4813; baseline 0.009 -23"><span class='ocrx_word' id='word_1_582' title='bbox 392 4737 489 4790; x_wconf 82' lang='grc' dir='ltr'>τοῦ</span> <span class='ocrx_word' id='word_1_583' title='bbox 551 4739 750 4810; x_wconf 85' lang='grc' dir='ltr'>κήτους</span> <span class='ocrx_word' id='word_1_584' title='bbox 790 4743 937 4809; x_wconf 87' lang='grc' dir='ltr'>τρεῖς</span> <span class='ocrx_word' id='word_1_585' title='bbox 981 4743 1195 4811; x_wconf 82' lang='grc' dir='ltr'>ἡμέρας</span> <span class='ocrx_word' id='word_1_586' title='bbox 1242 4744 1336 4796; x_wconf 74' lang='grc' dir='ltr'>καὶ</span> <span class='ocrx_word' id='word_1_587' title='bbox 1381 4747 1530 4813; x_wconf 75' lang='grc' dir='ltr'>τρεῖς</span> <span class='ocrx_word' id='word_1_588' title='bbox 1573 4746 1796 4810; x_wconf 85' lang='grc' dir='ltr'>νύκτα;,</span> <span class='ocrx_word' id='word_1_589' title='bbox 1827 4747 1973 4804; x_wconf 78' lang='grc' dir='ltr'>οὕτω</span> 
     </span>
    </p>
   </div>
   <div class='ocr_carea' id='block_1_80' title="bbox 394 4831 1969 4909">
    <p class='ocr_par' dir='ltr' id='par_1_80' title="bbox 394 4831 1969 4909">
     <span class='ocr_line' id='line_1_80' title="bbox 394 4831 1969 4909; baseline 0.006 -24"><span class='ocrx_word' id='word_1_590' title='bbox 394 4831 491 4885; x_wconf 78' lang='grc' dir='ltr'><strong>καὶ</strong></span> <span class='ocrx_word' id='word_1_591' title='bbox 540 4833 568 4885; x_wconf 86' lang='grc' dir='ltr'><strong>ό</strong></span> <span class='ocrx_word' id='word_1_592' title='bbox 619 4831 748 4896; x_wconf 79' lang='grc' dir='ltr'>Υἱὸς</span> <span class='ocrx_word' id='word_1_593' title='bbox 799 4831 893 4885; x_wconf 82' lang='grc' dir='ltr'>τοῦ</span> <span class='ocrx_word' id='word_1_594' title='bbox 944 4834 1257 4903; x_wconf 84' lang='grc' dir='ltr'>ἀνθρώπου.</span> <span class='ocrx_word' id='word_1_595' title='bbox 1297 4854 1316 4888; x_wconf 70' lang='grc' dir='ltr'><strong>ι</strong></span> <span class='ocrx_word' id='word_1_596' title='bbox 1364 4837 1474 4890; x_wconf 71' lang='grc' dir='ltr'><strong>Καὶ</strong></span> <span class='ocrx_word' id='word_1_597' title='bbox 1531 4837 1746 4892; x_wconf 87' lang='grc' dir='ltr'>ἁκούων</span> <span class='ocrx_word' id='word_1_598' title='bbox 1773 4842 1969 4909; x_wconf 74' lang='grc' dir='ltr'>ταῦτα,</span> 
     </span>
    </p>
   </div>
   <div class='ocr_carea' id='block_1_81' title="bbox 395 4921 1968 5001">
    <p class='ocr_par' dir='ltr' id='par_1_81' title="bbox 395 4921 1968 5001">
     <span class='ocr_line' id='line_1_81' title="bbox 395 4921 1968 5001; baseline 0.006 -28"><span class='ocrx_word' id='word_1_599' title='bbox 395 4921 612 4986; x_wconf 86' lang='grc' dir='ltr'>πολλοῖς</span> <span class='ocrx_word' id='word_1_600' title='bbox 644 4921 872 4976; x_wconf 86' lang='grc' dir='ltr'>πάθεσιν</span> <span class='ocrx_word' id='word_1_601' title='bbox 895 4925 1185 4995; x_wconf 79' lang='grc' dir='ltr'>ἐμερίζετο</span> <span class='ocrx_word' id='word_1_602' title='bbox 1219 4925 1318 4994; x_wconf 78' lang='grc' dir='ltr'>τὴν</span> <span class='ocrx_word' id='word_1_603' title='bbox 1349 4925 1550 4996; x_wconf 75' lang='grc' dir='ltr'>ψυχὴν,</span> <span class='ocrx_word' id='word_1_604' title='bbox 1586 4927 1754 4999; x_wconf 82' lang='grc' dir='ltr'>λύπῃ,</span> <span class='ocrx_word' id='word_1_605' title='bbox 1789 4929 1968 5001; x_wconf 83' lang='grc' dir='ltr'>θυμῷ,</span> 
     </span>
    </p>
   </div>
   <div class='ocr_carea' id='block_1_82' title="bbox 398 5014 1973 5090">
    <p class='ocr_par' dir='ltr' id='par_1_82' title="bbox 398 5014 1973 5090">
     <span class='ocr_line' id='line_1_82' title="bbox 398 5014 1973 5090; baseline 0.007 -24"><span class='ocrx_word' id='word_1_606' title='bbox 398 5014 605 5086; x_wconf 83' lang='grc' dir='ltr'>ἀπορίᾳ</span> <span class='ocrx_word' id='word_1_607' title='bbox 653 5016 1013 5087; x_wconf 79' lang='grc' dir='ltr'>ὲπυρπολεῖτο</span> <span class='ocrx_word' id='word_1_608' title='bbox 1059 5018 1125 5070; x_wconf 80' lang='grc' dir='ltr'>τὰ</span> <span class='ocrx_word' id='word_1_609' title='bbox 1175 5018 1480 5090; x_wconf 84' lang='grc' dir='ltr'>σπλάγχνα,</span> <span class='ocrx_word' id='word_1_610' title='bbox 1507 5019 1602 5073; x_wconf 78' lang='grc' dir='ltr'>τοῦ</span> <span class='ocrx_word' id='word_1_611' title='bbox 1649 5021 1973 5077; x_wconf 87' lang='grc' dir='ltr'>διδασκάλου</span> 
     </span>
    </p>
   </div>
   <div class='ocr_carea' id='block_1_83' title="bbox 401 5107 1974 5182">
    <p class='ocr_par' dir='ltr' id='par_1_83' title="bbox 401 5107 1974 5182">
     <span class='ocr_line' id='line_1_83' title="bbox 401 5107 1974 5182; baseline 0.006 -24"><span class='ocrx_word' id='word_1_612' title='bbox 401 5107 612 5176; x_wconf 82' lang='grc' dir='ltr'>μέλλων</span> <span class='ocrx_word' id='word_1_613' title='bbox 655 5109 1003 5179; x_wconf 81' lang='grc' dir='ltr'>χωρίζεσθαι.</span> <span class='ocrx_word' id='word_1_614' title='bbox 1068 5110 1228 5174; x_wconf 79' lang='grc' dir='ltr'>Ἕζεε</span> <span class='ocrx_word' id='word_1_615' title='bbox 1273 5111 1348 5180; x_wconf 83' lang='grc' dir='ltr'><strong>τῷ</strong></span> <span class='ocrx_word' id='word_1_616' title='bbox 1401 5111 1556 5182; x_wconf 86' lang='grc' dir='ltr'>θυμῷ</span> <span class='ocrx_word' id='word_1_617' title='bbox 1617 5114 1814 5167; x_wconf 81' lang='grc' dir='ltr'>ἐννοῶν</span> <span class='ocrx_word' id='word_1_618' title='bbox 1864 5115 1974 5168; x_wconf 85' lang='grc' dir='ltr'><strong>τῶν</strong></span> 
     </span>
    </p>
   </div>
   <div class='ocr_carea' id='block_1_84' title="bbox 410 5198 1976 5276">
    <p class='ocr_par' dir='ltr' id='par_1_84' title="bbox 410 5198 1976 5276">
     <span class='ocr_line' id='line_1_84' title="bbox 410 5198 1976 5276; baseline 0.008 -26"><span class='ocrx_word' id='word_1_619' title='bbox 410 5198 679 5253; x_wconf 82' lang='grc' dir='ltr'>Ἰουδαίων</span> <span class='ocrx_word' id='word_1_620' title='bbox 701 5201 761 5254; x_wconf 82' lang='grc' dir='ltr'><strong>τὸ</strong></span> <span class='ocrx_word' id='word_1_621' title='bbox 786 5201 956 5272; x_wconf 79' lang='grc' dir='ltr'>τόλμη</span> <span class='ocrx_word' id='word_1_622' title='bbox 968 5221 1060 5272; x_wconf 91' lang='grc' dir='ltr'>μα.</span> <span class='ocrx_word' id='word_1_623' title='bbox 1099 5202 1323 5270; x_wconf 81' lang='grc' dir='ltr'>Ίλιγγία</span> <span class='ocrx_word' id='word_1_624' title='bbox 1348 5222 1411 5256; x_wconf 86' lang='grc' dir='ltr'><strong>πε</strong></span> <span class='ocrx_word' id='word_1_625' title='bbox 1423 5205 1475 5273; x_wconf 63' lang='lat' dir='ltr'><strong>pi.</strong></span> <span class='ocrx_word' id='word_1_626' title='bbox 1497 5205 1660 5258; x_wconf 83' lang='grc' dir='ltr'>αὐτοῦ</span> <span class='ocrx_word' id='word_1_627' title='bbox 1677 5205 1976 5276; x_wconf 84' lang='grc' dir='ltr'>διαπορῶν,</span> 
     </span>
    </p>
   </div>
   <div class='ocr_carea' id='block_1_85' title="bbox 399 5293 1974 5372">
    <p class='ocr_par' dir='ltr' id='par_1_85' title="bbox 399 5293 1974 5372">
     <span class='ocr_line' id='line_1_85' title="bbox 399 5293 1974 5372; baseline 0.004 -27"><span class='ocrx_word' id='word_1_628' title='bbox 399 5293 638 5362; x_wconf 82' lang='grc' dir='ltr'>Πότερον</span> <span class='ocrx_word' id='word_1_629' title='bbox 675 5293 958 5348; x_wconf 86' lang='grc' dir='ltr'>ἀπολείπω</span> <span class='ocrx_word' id='word_1_630' title='bbox 997 5299 1157 5366; x_wconf 81' lang='grc' dir='ltr'>μόνον</span> <span class='ocrx_word' id='word_1_631' title='bbox 1192 5297 1389 5349; x_wconf 83' lang='grc' dir='ltr'>παθεῖν</span> <span class='ocrx_word' id='word_1_632' title='bbox 1423 5297 1514 5349; x_wconf 75' lang='grc' dir='ltr'><strong>τὸν</strong></span> <span class='ocrx_word' id='word_1_633' title='bbox 1564 5295 1908 5371; x_wconf 78' lang='grc' dir='ltr'>καθηγητὴν,</span> <span class='ocrx_word' id='word_1_634' title='bbox 1941 5302 1974 5372; x_wconf 79' lang='grc' dir='ltr'><strong>ἢ</strong></span> 
     </span>
    </p>
   </div>
   <div class='ocr_carea' id='block_1_86' title="bbox 477 5452 948 5517">
    <p class='ocr_par' dir='ltr' id='par_1_86' title="bbox 477 5452 948 5517">
     <span class='ocr_line' id='line_1_86' title="bbox 477 5452 948 5517; baseline 0.002 -10"><span class='ocrx_word' id='word_1_635' title='bbox 477 5453 521 5483; x_wconf 83' lang='grc'><strong>³⁷</strong></span> <span class='ocrx_word' id='word_1_636' title='bbox 561 5452 731 5508; x_wconf 80' lang='lat' dir='ltr'><strong>Marc.</strong></span> <span class='ocrx_word' id='word_1_637' title='bbox 777 5471 852 5517; x_wconf 73' lang='lat' dir='ltr'><strong>XI,</strong></span> <span class='ocrx_word' id='word_1_638' title='bbox 899 5455 948 5508; x_wconf 80' lang='grc' dir='ltr'><strong>Ι.</strong></span> 
     </span>
    </p>
   </div>
   <div class='ocr_carea' id='block_1_87' title="bbox 401 5525 1908 5593">
    <p class='ocr_par' dir='ltr' id='par_1_87' title="bbox 401 5525 1908 5593">
     <span class='ocr_line' id='line_1_87' title="bbox 401 5525 1908 5593; baseline 0.003 -15"><span class='ocrx_word' id='word_1_639' title='bbox 401 5537 558 5586; x_wconf 76' lang='lat' dir='ltr'><strong>mn,</strong></span> <span class='ocrx_word' id='word_1_640' title='bbox 631 5526 720 5578; x_wconf 77' lang='lat'><strong>3|.</strong></span> <span class='ocrx_word' id='word_1_641' title='bbox 799 5526 842 5556; x_wconf 72' lang='lat'>“</span> <span class='ocrx_word' id='word_1_642' title='bbox 883 5525 1042 5582; x_wconf 85' lang='lat' dir='ltr'><strong>.loan.</strong></span> <span class='ocrx_word' id='word_1_643' title='bbox 1079 5544 1159 5590; x_wconf 82' lang='lat' dir='ltr'><strong>Ill,</strong></span> <span class='ocrx_word' id='word_1_644' title='bbox 1200 5527 1285 5580; x_wconf 73' lang='grc' dir='ltr'><strong>Η.</strong></span> <span class='ocrx_word' id='word_1_645' title='bbox 1365 5528 1408 5558; x_wconf 70' lang='grc'>⁸³</span> <span class='ocrx_word' id='word_1_646' title='bbox 1451 5529 1640 5588; x_wconf 77' lang='lat' dir='ltr'><strong>Matth.</strong></span> <span class='ocrx_word' id='word_1_647' title='bbox 1683 5546 1780 5593; x_wconf 75' lang='lat' dir='ltr'><strong>xu,</strong></span> <span class='ocrx_word' id='word_1_648' title='bbox 1817 5531 1908 5583; x_wconf 72' lang='grc' dir='ltr'><strong>ΞΟ.</strong></span> 
     </span>
    </p>
   </div>
   <div class='ocr_carea' id='block_1_88' title="bbox 1999 4511 2052 4570">
    <p class='ocr_par' dir='ltr' id='par_1_88' title="bbox 1999 4511 2052 4570">
     <span class='ocr_line' id='line_1_88' title="bbox 1999 4511 2052 4570; baseline 0 0"><span class='ocrx_word' id='word_1_649' title='bbox 1999 4511 2052 4570; x_wconf 91' lang='lat' dir='ltr'><strong>D</strong></span> 
     </span>
    </p>
   </div>
   <div class='ocr_carea' id='block_1_89' title="bbox 2069 3257 3657 3337">
    <p class='ocr_par' dir='ltr' id='par_1_89' title="bbox 2069 3257 3657 3337">
     <span class='ocr_line' id='line_1_89' title="bbox 2069 3257 3657 3337; baseline -0.007 -14"><span class='ocrx_word' id='word_1_650' title='bbox 2069 3283 2259 3323; x_wconf 89' lang='lat' dir='ltr'><strong>eorum</strong></span> <span class='ocrx_word' id='word_1_651' title='bbox 2297 3267 2526 3336; x_wconf 83' lang='lat' dir='ltr'><strong>gravati,</strong></span> <span class='ocrx_word' id='word_1_652' title='bbox 2565 3285 2584 3318; x_wconf 74' lang='grc' dir='ltr'><strong>ι</strong></span> <span class='ocrx_word' id='word_1_653' title='bbox 2625 3266 2960 3337; x_wconf 79' lang='lat' dir='ltr'><strong>signiﬁcans,</strong></span> <span class='ocrx_word' id='word_1_654' title='bbox 3010 3273 3066 3317; x_wconf 94' lang='lat' dir='ltr'><strong>ut</strong></span> <span class='ocrx_word' id='word_1_655' title='bbox 3095 3277 3196 3332; x_wconf 79' lang='lat' dir='ltr'><strong>ego</strong></span> <span class='ocrx_word' id='word_1_656' title='bbox 3221 3262 3438 3328; x_wconf 87' lang='lat' dir='ltr'><strong>opinor,</strong></span> <span class='ocrx_word' id='word_1_657' title='bbox 3467 3257 3657 3312; x_wconf 80' lang='lat' dir='ltr'><strong>oculo-</strong></span> 
     </span>
    </p>
   </div>
   <div class='ocr_carea' id='block_1_90' title="bbox 2071 3353 3658 3427">
    <p class='ocr_par' dir='ltr' id='par_1_90' title="bbox 2071 3353 3658 3427">
     <span class='ocr_line' id='line_1_90' title="bbox 2071 3353 3658 3427; baseline -0.008 -13"><span class='ocrx_word' id='word_1_658' title='bbox 2071 3376 2194 3416; x_wconf 91' lang='lat' dir='ltr'><strong>rum</strong></span> <span class='ocrx_word' id='word_1_659' title='bbox 2258 3361 2458 3415; x_wconf 88' lang='lat' dir='ltr'><strong>mentis</strong></span> <span class='ocrx_word' id='word_1_660' title='bbox 2508 3359 2768 3414; x_wconf 89' lang='lat' dir='ltr'><strong>incidisse</strong></span> <span class='ocrx_word' id='word_1_661' title='bbox 2820 3357 3164 3427; x_wconf 67' lang='lat' dir='ltr'><strong>gravitatem.</strong></span> <span class='ocrx_word' id='word_1_662' title='bbox 3228 3353 3483 3422; x_wconf 50' lang='lat' dir='ltr'><strong>Aper-tius</strong></span> <span class='ocrx_word' id='word_1_663' title='bbox 3525 3364 3658 3404; x_wconf 83' lang='lat' dir='ltr'><strong>vero</strong></span> 
     </span>
    </p>
   </div>
   <div class='ocr_carea' id='block_1_91' title="bbox 2070 3442 3658 3518">
    <p class='ocr_par' dir='ltr' id='par_1_91' title="bbox 2070 3442 3658 3518">
     <span class='ocr_line' id='line_1_91' title="bbox 2070 3442 3658 3518; baseline -0.007 -12"><span class='ocrx_word' id='word_1_664' title='bbox 2070 3453 2312 3507; x_wconf 90' lang='lat' dir='ltr'><strong>declarat</strong></span> <span class='ocrx_word' id='word_1_665' title='bbox 2364 3452 2418 3506; x_wconf 92' lang='lat' dir='ltr'><strong>id</strong></span> <span class='ocrx_word' id='word_1_666' title='bbox 2463 3451 2598 3506; x_wconf 87' lang='lat' dir='ltr'><strong>alter</strong></span> <span class='ocrx_word' id='word_1_667' title='bbox 2649 3451 2987 3518; x_wconf 83' lang='lat' dir='ltr'><strong>evangelista</strong></span> <span class='ocrx_word' id='word_1_668' title='bbox 3021 3447 3088 3510; x_wconf 69' lang='grc' dir='ltr'>δ’,</span> <span class='ocrx_word' id='word_1_669' title='bbox 3142 3461 3265 3501; x_wconf 92' lang='lat' dir='ltr'><strong>cum</strong></span> <span class='ocrx_word' id='word_1_670' title='bbox 3320 3442 3492 3504; x_wconf 89' lang='lat' dir='ltr'><strong>addit,</strong></span> <span class='ocrx_word' id='word_1_671' title='bbox 3544 3442 3658 3495; x_wconf 74' lang='lat' dir='ltr'><strong>hanc</strong></span> 
     </span>
    </p>
   </div>
   <div class='ocr_carea' id='block_1_92' title="bbox 2070 3533 3656 3608">
    <p class='ocr_par' dir='ltr' id='par_1_92' title="bbox 2070 3533 3656 3608">
     <span class='ocr_line' id='line_1_92' title="bbox 2070 3533 3656 3608; baseline -0.008 -11"><span class='ocrx_word' id='word_1_672' title='bbox 2070 3543 2276 3597; x_wconf 84' lang='lat' dir='ltr'><strong>dixisse</strong></span> <span class='ocrx_word' id='word_1_673' title='bbox 2307 3540 2570 3604; x_wconf 87' lang='lat' dir='ltr'><strong>Petrum,</strong></span> <span class='ocrx_word' id='word_1_674' title='bbox 2614 3541 2744 3608; x_wconf 90' lang='lat' dir='ltr'><strong>quid</strong></span> <span class='ocrx_word' id='word_1_675' title='bbox 2793 3540 3005 3593; x_wconf 86' lang='lat' dir='ltr'><strong>diceret</strong></span> <span class='ocrx_word' id='word_1_676' title='bbox 3047 3537 3410 3592; x_wconf 86' lang='lat' dir='ltr'><strong>nescientem.</strong></span> <span class='ocrx_word' id='word_1_677' title='bbox 3460 3533 3656 3586; x_wconf 84' lang='lat' dir='ltr'><strong>Verum</strong></span> 
     </span>
    </p>
   </div>
   <div class='ocr_carea' id='block_1_93' title="bbox 2071 3628 3658 3704">
    <p class='ocr_par' dir='ltr' id='par_1_93' title="bbox 2071 3628 3658 3704">
     <span class='ocr_line' id='line_1_93' title="bbox 2071 3628 3658 3704; baseline -0.004 -18"><span class='ocrx_word' id='word_1_678' title='bbox 2071 3650 2179 3704; x_wconf 84' lang='lat' dir='ltr'><strong>quo</strong></span> <span class='ocrx_word' id='word_1_679' title='bbox 2231 3635 2465 3689; x_wconf 83' lang='lat' dir='ltr'><strong>consilio</strong></span> <span class='ocrx_word' id='word_1_680' title='bbox 2517 3633 2713 3688; x_wconf 84' lang='lat' dir='ltr'><strong>Petrus</strong></span> <span class='ocrx_word' id='word_1_681' title='bbox 2760 3634 2874 3686; x_wconf 69' lang='lat' dir='ltr'><strong>haec</strong></span> <span class='ocrx_word' id='word_1_682' title='bbox 2918 3632 3054 3686; x_wconf 74' lang='lat' dir='ltr'><strong>dixit</strong></span> <span class='ocrx_word' id='word_1_683' title='bbox 3085 3645 3102 3684; x_wconf 73' lang='grc' dir='ltr'><strong>ε</strong></span> <span class='ocrx_word' id='word_1_684' title='bbox 3140 3648 3162 3680; x_wconf 60' lang='grc' dir='ltr'>«ι</span> <span class='ocrx_word' id='word_1_685' title='bbox 3197 3628 3402 3682; x_wconf 85' lang='lat' dir='ltr'><strong>Bonum</strong></span> <span class='ocrx_word' id='word_1_686' title='bbox 3439 3637 3524 3682; x_wconf 88' lang='lat' dir='ltr'><strong>est</strong></span> <span class='ocrx_word' id='word_1_687' title='bbox 3559 3641 3658 3680; x_wconf 89' lang='lat' dir='ltr'><strong>nos</strong></span> 
     </span>
    </p>
   </div>
   <div class='ocr_carea' id='block_1_94' title="bbox 2070 3722 3656 3794">
    <p class='ocr_par' dir='ltr' id='par_1_94' title="bbox 2070 3722 3656 3794">
     <span class='ocr_line' id='line_1_94' title="bbox 2070 3722 3656 3794; baseline -0.007 -14"><span class='ocrx_word' id='word_1_688' title='bbox 2070 3727 2159 3781; x_wconf 92' lang='lat' dir='ltr'><strong>hic</strong></span> <span class='ocrx_word' id='word_1_689' title='bbox 2185 3726 2349 3780; x_wconf 87' lang='lat' dir='ltr'><strong>esse?</strong></span> <span class='ocrx_word' id='word_1_690' title='bbox 2379 3745 2398 3778; x_wconf 73' lang='grc' dir='ltr'><strong>ι</strong></span> <span class='ocrx_word' id='word_1_691' title='bbox 2438 3725 2552 3792; x_wconf 85' lang='lat' dir='ltr'><strong>Qua</strong></span> <span class='ocrx_word' id='word_1_692' title='bbox 2586 3725 2760 3794; x_wconf 81' lang='lat' dir='ltr'><strong>gratia</strong></span> <span class='ocrx_word' id='word_1_693' title='bbox 2796 3723 3136 3778; x_wconf 89' lang='lat' dir='ltr'><strong>mansionem</strong></span> <span class='ocrx_word' id='word_1_694' title='bbox 3180 3722 3232 3775; x_wconf 93' lang='lat' dir='ltr'><strong>in</strong></span> <span class='ocrx_word' id='word_1_695' title='bbox 3275 3729 3458 3774; x_wconf 69' lang='lat' dir='ltr'><strong>n&#39;ionte</strong></span> <span class='ocrx_word' id='word_1_696' title='bbox 3505 3733 3656 3772; x_wconf 86' lang='lat' dir='ltr'><strong>com-</strong></span> 
     </span>
    </p>
   </div>
   <div class='ocr_carea' id='block_1_95' title="bbox 2072 3815 3654 3885">
    <p class='ocr_par' dir='ltr' id='par_1_95' title="bbox 2072 3815 3654 3885">
     <span class='ocr_line' id='line_1_95' title="bbox 2072 3815 3654 3885; baseline -0.008 -12"><span class='ocrx_word' id='word_1_697' title='bbox 2072 3823 2323 3885; x_wconf 87' lang='lat' dir='ltr'><strong>mendat,</strong></span> <span class='ocrx_word' id='word_1_698' title='bbox 2376 3828 2431 3873; x_wconf 91' lang='lat' dir='ltr'><strong>ct</strong></span> <span class='ocrx_word' id='word_1_699' title='bbox 2483 3816 2946 3873; x_wconf 89' lang='lat' dir='ltr'><strong>commorationes</strong></span> <span class='ocrx_word' id='word_1_700' title='bbox 2994 3816 3046 3868; x_wconf 91' lang='lat' dir='ltr'><strong>in</strong></span> <span class='ocrx_word' id='word_1_701' title='bbox 3108 3815 3243 3868; x_wconf 86' lang='lat' dir='ltr'><strong>urbe</strong></span> <span class='ocrx_word' id='word_1_702' title='bbox 3299 3819 3552 3874; x_wconf 86' lang='lat' dir='ltr'><strong>recusat,</strong></span> <span class='ocrx_word' id='word_1_703' title='bbox 3601 3816 3654 3863; x_wconf 90' lang='lat' dir='ltr'><strong>et</strong></span> 
     </span>
    </p>
   </div>
   <div class='ocr_carea' id='block_1_96' title="bbox 2072 3901 3658 3982">
    <p class='ocr_par' dir='ltr' id='par_1_96' title="bbox 2072 3901 3658 3982">
     <span class='ocr_line' id='line_1_96' title="bbox 2072 3901 3658 3982; baseline -0.009 -14"><span class='ocrx_word' id='word_1_704' title='bbox 2072 3914 2245 3982; x_wconf 79' lang='lat' dir='ltr'><strong>magis</strong></span> <span class='ocrx_word' id='word_1_705' title='bbox 2290 3911 2643 3966; x_wconf 88' lang='lat' dir='ltr'><strong>solitudinem</strong></span> <span class='ocrx_word' id='word_1_706' title='bbox 2680 3910 2882 3963; x_wconf 90' lang='lat' dir='ltr'><strong>montis</strong></span> <span class='ocrx_word' id='word_1_707' title='bbox 2915 3923 3076 3976; x_wconf 88' lang='lat' dir='ltr'><strong>quam</strong></span> <span class='ocrx_word' id='word_1_708' title='bbox 3111 3904 3387 3960; x_wconf 89' lang='lat' dir='ltr'><strong>domicilia</strong></span> <span class='ocrx_word' id='word_1_709' title='bbox 3416 3901 3658 3957; x_wconf 83' lang='lat' dir='ltr'><strong>civitatis</strong></span> 
     </span>
    </p>
   </div>
   <div class='ocr_carea' id='block_1_97' title="bbox 2071 3994 3658 4075">
    <p class='ocr_par' dir='ltr' id='par_1_97' title="bbox 2071 3994 3658 4075">
     <span class='ocr_line' id='line_1_97' title="bbox 2071 3994 3658 4075; baseline -0.008 -15"><span class='ocrx_word' id='word_1_710' title='bbox 2071 4004 2465 4075; x_wconf 85' lang='lat' dir='ltr'><strong>amplectitur?</strong></span> <span class='ocrx_word' id='word_1_711' title='bbox 2514 4002 2782 4056; x_wconf 79' lang='lat' dir='ltr'><strong>Audierat</strong></span> <span class='ocrx_word' id='word_1_712' title='bbox 2815 4000 2904 4054; x_wconf 91' lang='lat' dir='ltr'><strong>ille</strong></span> <span class='ocrx_word' id='word_1_713' title='bbox 2941 3999 3229 4053; x_wconf 90' lang='lat' dir='ltr'><strong>Dominum</strong></span> <span class='ocrx_word' id='word_1_714' title='bbox 3269 4011 3394 4052; x_wconf 82' lang='lat' dir='ltr'><strong>cum</strong></span> <span class='ocrx_word' id='word_1_715' title='bbox 3443 3994 3658 4052; x_wconf 75' lang='lat' dir='ltr'><strong>Passio—</strong></span> 
     </span>
    </p>
   </div>
   <div class='ocr_carea' id='block_1_98' title="bbox 2075 4092 3656 4166">
    <p class='ocr_par' dir='ltr' id='par_1_98' title="bbox 2075 4092 3656 4166">
     <span class='ocr_line' id='line_1_98' title="bbox 2075 4092 3656 4166; baseline -0.01 -12"><span class='ocrx_word' id='word_1_716' title='bbox 2075 4114 2195 4154; x_wconf 90' lang='lat' dir='ltr'><strong>nem</strong></span> <span class='ocrx_word' id='word_1_717' title='bbox 2229 4098 2361 4166; x_wconf 84' lang='lat' dir='ltr'><strong>ipsis</strong></span> <span class='ocrx_word' id='word_1_718' title='bbox 2395 4105 2581 4165; x_wconf 88' lang='lat' dir='ltr'><strong>aperte</strong></span> <span class='ocrx_word' id='word_1_719' title='bbox 2627 4095 2969 4164; x_wconf 72' lang='lat' dir='ltr'><strong>praediceret,</strong></span> <span class='ocrx_word' id='word_1_720' title='bbox 3020 4092 3194 4161; x_wconf 87' lang='lat' dir='ltr'><strong>deque</strong></span> <span class='ocrx_word' id='word_1_721' title='bbox 3238 4104 3300 4143; x_wconf 88' lang='lat' dir='ltr'><strong>ea</strong></span> <span class='ocrx_word' id='word_1_722' title='bbox 3350 4101 3656 4143; x_wconf 87' lang='lat' dir='ltr'><strong>sermonem</strong></span> 
     </span>
    </p>
   </div>
   <div class='ocr_carea' id='block_1_99' title="bbox 2076 4177 3660 4251">
    <p class='ocr_par' dir='ltr' id='par_1_99' title="bbox 2076 4177 3660 4251">
     <span class='ocr_line' id='line_1_99' title="bbox 2076 4177 3660 4251; baseline -0.01 -6"><span class='ocrx_word' id='word_1_723' title='bbox 2076 4192 2332 4245; x_wconf 85' lang='lat' dir='ltr'><strong>misceret</strong></span> <span class='ocrx_word' id='word_1_724' title='bbox 2379 4188 2676 4244; x_wconf 84' lang='lat' dir='ltr'><strong>identidem</strong></span> <span class='ocrx_word' id='word_1_725' title='bbox 2705 4227 2721 4251; x_wconf 93' lang='lat'><strong>,</strong></span> <span class='ocrx_word' id='word_1_726' title='bbox 2775 4187 2934 4240; x_wconf 89' lang='lat' dir='ltr'><strong>modo</strong></span> <span class='ocrx_word' id='word_1_727' title='bbox 2993 4199 3116 4238; x_wconf 86' lang='lat' dir='ltr'><strong>cum</strong></span> <span class='ocrx_word' id='word_1_728' title='bbox 3169 4182 3416 4238; x_wconf 84' lang='lat' dir='ltr'><strong>diceret:</strong></span> <span class='ocrx_word' id='word_1_729' title='bbox 3455 4197 3474 4230; x_wconf 77' lang='grc' dir='ltr'><strong>ι</strong></span> <span class='ocrx_word' id='word_1_730' title='bbox 3521 4177 3660 4231; x_wconf 84' lang='lat' dir='ltr'><strong>Ecce</strong></span> 
     </span>
    </p>
   </div>
   <div class='ocr_carea' id='block_1_100' title="bbox 2077 4272 3663 4350">
    <p class='ocr_par' dir='ltr' id='par_1_100' title="bbox 2077 4272 3663 4350">
     <span class='ocr_line' id='line_1_100' title="bbox 2077 4272 3663 4350; baseline -0.009 -12"><span class='ocrx_word' id='word_1_731' title='bbox 2077 4283 2433 4339; x_wconf 88' lang='lat' dir='ltr'><strong>ascendimus</strong></span> <span class='ocrx_word' id='word_1_732' title='bbox 2465 4280 2900 4350; x_wconf 79' lang='lat' dir='ltr'><strong>Hierosolymam</strong></span> <span class='ocrx_word' id='word_1_733' title='bbox 2928 4319 2942 4343; x_wconf 90' lang='lat'><strong>,</strong></span> <span class='ocrx_word' id='word_1_734' title='bbox 2990 4285 3044 4332; x_wconf 88' lang='lat' dir='ltr'><strong>et</strong></span> <span class='ocrx_word' id='word_1_735' title='bbox 3077 4275 3249 4331; x_wconf 82' lang='lat' dir='ltr'><strong>Filius</strong></span> <span class='ocrx_word' id='word_1_736' title='bbox 3282 4272 3517 4328; x_wconf 85' lang='lat' dir='ltr'><strong>hominis</strong></span> <span class='ocrx_word' id='word_1_737' title='bbox 3550 4281 3663 4324; x_wconf 87' lang='lat' dir='ltr'><strong>tra-</strong></span> 
     </span>
    </p>
   </div>
   <div class='ocr_carea' id='block_1_101' title="bbox 2075 4365 3656 4447">
    <p class='ocr_par' dir='ltr' id='par_1_101' title="bbox 2075 4365 3656 4447">
     <span class='ocr_line' id='line_1_101' title="bbox 2075 4365 3656 4447; baseline -0.011 -14"><span class='ocrx_word' id='word_1_738' title='bbox 2075 4379 2234 4433; x_wconf 88' lang='lat' dir='ltr'><strong>detur</strong></span> <span class='ocrx_word' id='word_1_739' title='bbox 2298 4376 2593 4447; x_wconf 79' lang='lat' dir='ltr'><strong>gentibus,</strong></span> <span class='ocrx_word' id='word_1_740' title='bbox 2647 4382 2702 4428; x_wconf 88' lang='lat' dir='ltr'><strong>et</strong></span> <span class='ocrx_word' id='word_1_741' title='bbox 2752 4369 3158 4428; x_wconf 69' lang='lat' dir='ltr'><strong>occidetur“?</strong></span> <span class='ocrx_word' id='word_1_742' title='bbox 3201 4386 3218 4420; x_wconf 73' lang='grc' dir='ltr'><strong>ι</strong></span> <span class='ocrx_word' id='word_1_743' title='bbox 3279 4365 3438 4421; x_wconf 84' lang='lat' dir='ltr'><strong>Modo</strong></span> <span class='ocrx_word' id='word_1_744' title='bbox 3484 4378 3656 4417; x_wconf 84' lang='lat' dir='ltr'><strong>vero:</strong></span> 
     </span>
    </p>
   </div>
   <div class='ocr_carea' id='block_1_102' title="bbox 2083 4455 3662 4538">
    <p class='ocr_par' dir='ltr' id='par_1_102' title="bbox 2083 4455 3662 4538">
     <span class='ocr_line' id='line_1_102' title="bbox 2083 4455 3662 4538; baseline -0.009 -17"><span class='ocrx_word' id='word_1_745' title='bbox 2083 4487 2101 4521; x_wconf 76' lang='grc' dir='ltr'><strong>ι</strong></span> <span class='ocrx_word' id='word_1_746' title='bbox 2141 4467 2296 4524; x_wconf 86' lang='lat' dir='ltr'><strong>Sicut</strong></span> <span class='ocrx_word' id='word_1_747' title='bbox 2327 4467 2542 4538; x_wconf 80' lang='lat' dir='ltr'><strong>Moyses</strong></span> <span class='ocrx_word' id='word_1_748' title='bbox 2569 4465 2827 4519; x_wconf 76' lang='lat' dir='ltr'><strong>cxaltavit</strong></span> <span class='ocrx_word' id='word_1_749' title='bbox 2866 4473 3169 4531; x_wconf 84' lang='lat' dir='ltr'><strong>serpentem</strong></span> <span class='ocrx_word' id='word_1_750' title='bbox 3219 4461 3272 4511; x_wconf 92' lang='lat' dir='ltr'><strong>in</strong></span> <span class='ocrx_word' id='word_1_751' title='bbox 3303 4459 3516 4511; x_wconf 84' lang='lat' dir='ltr'><strong>deserto</strong></span> <span class='ocrx_word' id='word_1_752' title='bbox 3536 4497 3550 4518; x_wconf 94' lang='lat'><strong>,</strong></span> <span class='ocrx_word' id='word_1_753' title='bbox 3581 4455 3662 4507; x_wconf 85' lang='lat' dir='ltr'><strong>sic</strong></span> 
     </span>
    </p>
   </div>
   <div class='ocr_carea' id='block_1_103' title="bbox 2078 4546 3659 4629">
    <p class='ocr_par' dir='ltr' id='par_1_103' title="bbox 2078 4546 3659 4629">
     <span class='ocr_line' id='line_1_103' title="bbox 2078 4546 3659 4629; baseline -0.012 -13"><span class='ocrx_word' id='word_1_754' title='bbox 2078 4561 2310 4616; x_wconf 84' lang='lat' dir='ltr'><strong>exaltari</strong></span> <span class='ocrx_word' id='word_1_755' title='bbox 2344 4567 2560 4629; x_wconf 90' lang='lat' dir='ltr'><strong>oportet</strong></span> <span class='ocrx_word' id='word_1_756' title='bbox 2611 4557 2805 4612; x_wconf 81' lang='lat' dir='ltr'><strong>Filium</strong></span> <span class='ocrx_word' id='word_1_757' title='bbox 2859 4554 3095 4609; x_wconf 90' lang='lat' dir='ltr'><strong>hominis</strong></span> <span class='ocrx_word' id='word_1_758' title='bbox 3120 4551 3188 4604; x_wconf 73' lang='lat'><strong>“.</strong></span> <span class='ocrx_word' id='word_1_759' title='bbox 3231 4570 3248 4601; x_wconf 73' lang='grc' dir='ltr'><strong>ι</strong></span> <span class='ocrx_word' id='word_1_760' title='bbox 3304 4548 3452 4602; x_wconf 88' lang='lat' dir='ltr'><strong>Alias</strong></span> <span class='ocrx_word' id='word_1_761' title='bbox 3495 4546 3659 4600; x_wconf 88' lang='lat' dir='ltr'><strong>etiam</strong></span> 
     </span>
    </p>
   </div>
   <div class='ocr_carea' id='block_1_104' title="bbox 2079 4638 3659 4723">
    <p class='ocr_par' dir='ltr' id='par_1_104' title="bbox 2079 4638 3659 4723">
     <span class='ocr_line' id='line_1_104' title="bbox 2079 4638 3659 4723; baseline -0.012 -14"><span class='ocrx_word' id='word_1_762' title='bbox 2079 4654 2330 4723; x_wconf 77' lang='lat' dir='ltr'><strong>exemplo</strong></span> <span class='ocrx_word' id='word_1_763' title='bbox 2357 4652 2504 4708; x_wconf 70' lang='lat' dir='ltr'><strong>lunae</strong></span> <span class='ocrx_word' id='word_1_764' title='bbox 2535 4667 2656 4706; x_wconf 90' lang='lat' dir='ltr'><strong>cum</strong></span> <span class='ocrx_word' id='word_1_765' title='bbox 2693 4658 2985 4703; x_wconf 87' lang='lat' dir='ltr'><strong>uteretur:</strong></span> <span class='ocrx_word' id='word_1_766' title='bbox 3021 4665 3038 4698; x_wconf 77' lang='grc' dir='ltr'><strong>ι</strong></span> <span class='ocrx_word' id='word_1_767' title='bbox 3077 4643 3232 4698; x_wconf 86' lang='lat' dir='ltr'><strong>Sicut</strong></span> <span class='ocrx_word' id='word_1_768' title='bbox 3265 4641 3368 4695; x_wconf 79' lang='lat' dir='ltr'><strong>fuit</strong></span> <span class='ocrx_word' id='word_1_769' title='bbox 3405 4638 3572 4694; x_wconf 78' lang='lat' dir='ltr'><strong>Jonas</strong></span> <span class='ocrx_word' id='word_1_770' title='bbox 3608 4639 3659 4690; x_wconf 92' lang='lat' dir='ltr'><strong>iu</strong></span> 
     </span>
    </p>
   </div>
   <div class='ocr_carea' id='block_1_105' title="bbox 2082 4729 3666 4800">
    <p class='ocr_par' dir='ltr' id='par_1_105' title="bbox 2082 4729 3666 4800">
     <span class='ocr_line' id='line_1_105' title="bbox 2082 4729 3666 4800; baseline -0.011 -2"><span class='ocrx_word' id='word_1_771' title='bbox 2082 4753 2272 4800; x_wconf 87' lang='lat' dir='ltr'><strong>ventre</strong></span> <span class='ocrx_word' id='word_1_772' title='bbox 2305 4746 2411 4800; x_wconf 89' lang='lat' dir='ltr'><strong>ceti</strong></span> <span class='ocrx_word' id='word_1_773' title='bbox 2443 4743 2614 4798; x_wconf 89' lang='lat' dir='ltr'><strong>tribus</strong></span> <span class='ocrx_word' id='word_1_774' title='bbox 2645 4742 2837 4796; x_wconf 90' lang='lat' dir='ltr'><strong>diebus</strong></span> <span class='ocrx_word' id='word_1_775' title='bbox 2875 4755 2938 4794; x_wconf 88' lang='lat' dir='ltr'><strong>ac</strong></span> <span class='ocrx_word' id='word_1_776' title='bbox 2981 4737 3258 4799; x_wconf 89' lang='lat' dir='ltr'><strong>noctibus,</strong></span> <span class='ocrx_word' id='word_1_777' title='bbox 3289 4733 3368 4788; x_wconf 84' lang='lat' dir='ltr'><strong>sic</strong></span> <span class='ocrx_word' id='word_1_778' title='bbox 3409 4741 3464 4786; x_wconf 90' lang='lat' dir='ltr'><strong>et</strong></span> <span class='ocrx_word' id='word_1_779' title='bbox 3495 4729 3666 4782; x_wconf 86' lang='lat' dir='ltr'><strong>Filius</strong></span> 
     </span>
    </p>
   </div>
   <div class='ocr_carea' id='block_1_106' title="bbox 2082 4821 3662 4894">
    <p class='ocr_par' dir='ltr' id='par_1_106' title="bbox 2082 4821 3662 4894">
     <span class='ocr_line' id='line_1_106' title="bbox 2082 4821 3662 4894; baseline -0.01 -4"><span class='ocrx_word' id='word_1_780' title='bbox 2082 4835 2320 4890; x_wconf 85' lang='lat' dir='ltr'><strong>hominis</strong></span> <span class='ocrx_word' id='word_1_781' title='bbox 2340 4835 2439 4889; x_wconf 61' lang='grc' dir='ltr'><strong>θ’.»</strong></span> <span class='ocrx_word' id='word_1_782' title='bbox 2468 4835 2536 4888; x_wconf 85' lang='grc' dir='ltr'>Ει</span> <span class='ocrx_word' id='word_1_783' title='bbox 2559 4834 2675 4888; x_wconf 69' lang='lat' dir='ltr'><strong>haec</strong></span> <span class='ocrx_word' id='word_1_784' title='bbox 2696 4847 2818 4887; x_wconf 92' lang='lat' dir='ltr'><strong>cum</strong></span> <span class='ocrx_word' id='word_1_785' title='bbox 2841 4830 3078 4893; x_wconf 87' lang='lat' dir='ltr'><strong>audiret,</strong></span> <span class='ocrx_word' id='word_1_786' title='bbox 3096 4825 3279 4880; x_wconf 87' lang='lat' dir='ltr'><strong>multis</strong></span> <span class='ocrx_word' id='word_1_787' title='bbox 3305 4824 3422 4894; x_wconf 86' lang='lat' dir='ltr'><strong>ejus</strong></span> <span class='ocrx_word' id='word_1_788' title='bbox 3445 4821 3662 4876; x_wconf 85' lang='lat' dir='ltr'><strong>animus</strong></span> 
     </span>
    </p>
   </div>
   <div class='ocr_carea' id='block_1_107' title="bbox 2086 4918 3666 4987">
    <p class='ocr_par' dir='ltr' id='par_1_107' title="bbox 2086 4918 3666 4987">
     <span class='ocr_line' id='line_1_107' title="bbox 2086 4918 3666 4987; baseline -0.011 -4"><span class='ocrx_word' id='word_1_789' title='bbox 2086 4929 2438 4984; x_wconf 86' lang='lat' dir='ltr'><strong>dill&#39;erebatur</strong></span> <span class='ocrx_word' id='word_1_790' title='bbox 2479 4927 2784 4987; x_wconf 75' lang='lat' dir='ltr'><strong>allectibus,</strong></span> <span class='ocrx_word' id='word_1_791' title='bbox 2819 4937 3078 4986; x_wconf 70' lang='lat' dir='ltr'><strong>maerore,</strong></span> <span class='ocrx_word' id='word_1_792' title='bbox 3118 4922 3220 4983; x_wconf 89' lang='lat' dir='ltr'><strong>ira,</strong></span> <span class='ocrx_word' id='word_1_793' title='bbox 3256 4921 3534 4972; x_wconf 82' lang='lat' dir='ltr'><strong>anxietate</strong></span> <span class='ocrx_word' id='word_1_794' title='bbox 3580 4918 3666 4968; x_wconf 84' lang='lat' dir='ltr'><strong>iu-</strong></span> 
     </span>
    </p>
   </div>
   <div class='ocr_carea' id='block_1_108' title="bbox 2086 5006 3666 5084">
    <p class='ocr_par' dir='ltr' id='par_1_108' title="bbox 2086 5006 3666 5084">
     <span class='ocr_line' id='line_1_108' title="bbox 2086 5006 3666 5084; baseline -0.011 -6"><span class='ocrx_word' id='word_1_795' title='bbox 2086 5024 2242 5078; x_wconf 88' lang='lat' dir='ltr'><strong>cendi</strong></span> <span class='ocrx_word' id='word_1_796' title='bbox 2272 5021 2372 5076; x_wconf 83' lang='lat' dir='ltr'><strong>sibi</strong></span> <span class='ocrx_word' id='word_1_797' title='bbox 2407 5021 2618 5076; x_wconf 85' lang='lat' dir='ltr'><strong>viscera</strong></span> <span class='ocrx_word' id='word_1_798' title='bbox 2653 5018 2945 5081; x_wconf 88' lang='lat' dir='ltr'><strong>sentiebat,</strong></span> <span class='ocrx_word' id='word_1_799' title='bbox 2991 5015 3135 5084; x_wconf 86' lang='lat' dir='ltr'><strong>quod</strong></span> <span class='ocrx_word' id='word_1_800' title='bbox 3168 5029 3195 5064; x_wconf 89' lang='lat' dir='ltr'><strong>a</strong></span> <span class='ocrx_word' id='word_1_801' title='bbox 3249 5010 3510 5078; x_wconf 74' lang='lat' dir='ltr'><strong>Magistro</strong></span> <span class='ocrx_word' id='word_1_802' title='bbox 3549 5006 3666 5061; x_wconf 87' lang='lat' dir='ltr'><strong>dis-</strong></span> 
     </span>
    </p>
   </div>
   <div class='ocr_carea' id='block_1_109' title="bbox 2085 5100 3662 5184">
    <p class='ocr_par' dir='ltr' id='par_1_109' title="bbox 2085 5100 3662 5184">
     <span class='ocr_line' id='line_1_109' title="bbox 2085 5100 3662 5184; baseline -0.012 -15"><span class='ocrx_word' id='word_1_803' title='bbox 2085 5114 2397 5184; x_wconf 80' lang='lat' dir='ltr'><strong>jungeudus</strong></span> <span class='ocrx_word' id='word_1_804' title='bbox 2430 5120 2612 5179; x_wconf 84' lang='lat' dir='ltr'><strong>esset;</strong></span> <span class='ocrx_word' id='word_1_805' title='bbox 2649 5107 3041 5165; x_wconf 69' lang='lat' dir='ltr'><strong>eﬂervescebat</strong></span> <span class='ocrx_word' id='word_1_806' title='bbox 3078 5107 3156 5159; x_wconf 86' lang='lat' dir='ltr'><strong>ira</strong></span> <span class='ocrx_word' id='word_1_807' title='bbox 3188 5119 3308 5158; x_wconf 91' lang='lat' dir='ltr'><strong>cum</strong></span> <span class='ocrx_word' id='word_1_808' title='bbox 3348 5100 3662 5155; x_wconf 65' lang='lat' dir='ltr'><strong>.ludtecrutn</strong></span> 
     </span>
    </p>
   </div>
   <div class='ocr_carea' id='block_1_110' title="bbox 2094 5193 3666 5275">
    <p class='ocr_par' dir='ltr' id='par_1_110' title="bbox 2094 5193 3666 5275">
     <span class='ocr_line' id='line_1_110' title="bbox 2094 5193 3666 5275; baseline -0.011 -15"><span class='ocrx_word' id='word_1_809' title='bbox 2094 5215 2374 5275; x_wconf 82' lang='lat' dir='ltr'><strong>reputaret</strong></span> <span class='ocrx_word' id='word_1_810' title='bbox 2428 5205 2752 5269; x_wconf 89' lang='lat' dir='ltr'><strong>audaciam;</strong></span> <span class='ocrx_word' id='word_1_811' title='bbox 2809 5202 3051 5256; x_wconf 69' lang='lat' dir='ltr'><strong>bmrebat</strong></span> <span class='ocrx_word' id='word_1_812' title='bbox 3108 5199 3160 5252; x_wconf 90' lang='lat' dir='ltr'><strong>in</strong></span> <span class='ocrx_word' id='word_1_813' title='bbox 3221 5212 3282 5250; x_wconf 90' lang='lat' dir='ltr'><strong>ea</strong></span> <span class='ocrx_word' id='word_1_814' title='bbox 3338 5193 3666 5265; x_wconf 72' lang='lat' dir='ltr'><strong>cogitatione</strong></span> 
     </span>
    </p>
   </div>
   <div class='ocr_carea' id='block_1_111' title="bbox 2093 5289 3666 5370">
    <p class='ocr_par' dir='ltr' id='par_1_111' title="bbox 2093 5289 3666 5370">
     <span class='ocr_line' id='line_1_111' title="bbox 2093 5289 3666 5370; baseline -0.011 -16"><span class='ocrx_word' id='word_1_815' title='bbox 2093 5300 2382 5370; x_wconf 78' lang='lat' dir='ltr'><strong>perplexus</strong></span> <span class='ocrx_word' id='word_1_816' title='bbox 2417 5312 2432 5352; x_wconf 86' lang='lat'><strong>:</strong></span> <span class='ocrx_word' id='word_1_817' title='bbox 2473 5297 2668 5352; x_wconf 87' lang='lat' dir='ltr'><strong>Utrum</strong></span> <span class='ocrx_word' id='word_1_818' title='bbox 2707 5297 2955 5351; x_wconf 88' lang='lat' dir='ltr'><strong>deseram</strong></span> <span class='ocrx_word' id='word_1_819' title='bbox 2993 5293 3169 5348; x_wconf 87' lang='lat' dir='ltr'><strong>solum</strong></span> <span class='ocrx_word' id='word_1_820' title='bbox 3225 5289 3564 5356; x_wconf 82' lang='lat' dir='ltr'><strong>Magistrum,</strong></span> <span class='ocrx_word' id='word_1_821' title='bbox 3603 5299 3666 5337; x_wconf 81' lang='lat' dir='ltr'><strong>ac</strong></span> 
     </span>
    </p>
   </div>
   <div class='ocr_carea' id='block_1_112' title="bbox 1027 5443 1963 5524">
    <p class='ocr_par' dir='ltr' id='par_1_112' title="bbox 1027 5456 1963 5521">
     <span class='ocr_line' id='line_1_112' title="bbox 1027 5456 1963 5521; baseline 0.006 -13"><span class='ocrx_word' id='word_1_822' title='bbox 1027 5456 1071 5488; x_wconf 81' lang='grc'><strong>³⁸</strong></span> <span class='ocrx_word' id='word_1_823' title='bbox 1112 5456 1255 5509; x_wconf 85' lang='lat' dir='ltr'><strong>Psal.</strong></span> <span class='ocrx_word' id='word_1_824' title='bbox 1295 5471 1410 5518; x_wconf 84' lang='lat' dir='ltr'><strong>cm,</strong></span> <span class='ocrx_word' id='word_1_825' title='bbox 1444 5457 1497 5508; x_wconf 68' lang='lat'><strong>2.</strong></span> <span class='ocrx_word' id='word_1_826' title='bbox 1573 5458 1617 5492; x_wconf 73' lang='grc'><em>³³</em></span> <span class='ocrx_word' id='word_1_827' title='bbox 1659 5457 1790 5512; x_wconf 85' lang='lat' dir='ltr'><strong>Luc.</strong></span> <span class='ocrx_word' id='word_1_828' title='bbox 1827 5476 1904 5521; x_wconf 74' lang='grc' dir='ltr'>ιχ,</span> <span class='ocrx_word' id='word_1_829' title='bbox 1937 5461 1963 5514; x_wconf 73' lang='grc'>3</span> 
     </span>
    </p>
   </div>
   <div class='ocr_carea' id='block_1_113' title="bbox 2067 5443 3664 5524">
    <p class='ocr_par' dir='ltr' id='par_1_113' title="bbox 2067 5443 3664 5520">
     <span class='ocr_line' id='line_1_113' title="bbox 2067 5443 3664 5520; baseline -0.011 -7"><span class='ocrx_word' id='word_1_830' title='bbox 2067 5459 2219 5513; x_wconf 77' lang='lat' dir='ltr'><strong>dare.</strong></span> <span class='ocrx_word' id='word_1_831' title='bbox 2263 5476 2338 5520; x_wconf 61' lang='grc' dir='ltr'><strong>ιτ,</strong></span> <span class='ocrx_word' id='word_1_832' title='bbox 2513 5456 2557 5488; x_wconf 62' lang='grc' dir='ltr'><strong>δ⁰</strong></span> <span class='ocrx_word' id='word_1_833' title='bbox 2600 5454 2790 5511; x_wconf 76' lang='lat' dir='ltr'><strong>Matth.</strong></span> <span class='ocrx_word' id='word_1_834' title='bbox 2832 5471 2922 5516; x_wconf 79' lang='lat' dir='ltr'><strong>xx,</strong></span> <span class='ocrx_word' id='word_1_835' title='bbox 2965 5453 3060 5518; x_wconf 88' lang='lat' dir='ltr'><strong>l7;</strong></span> <span class='ocrx_word' id='word_1_836' title='bbox 3099 5451 3264 5505; x_wconf 70' lang='lat' dir='ltr'><strong>Marc.</strong></span> <span class='ocrx_word' id='word_1_837' title='bbox 3295 5463 3348 5514; x_wconf 75' lang='grc' dir='ltr'>ι,</span> <span class='ocrx_word' id='word_1_838' title='bbox 3386 5446 3486 5510; x_wconf 70' lang='lat'><strong>5&#39;2;</strong></span> <span class='ocrx_word' id='word_1_839' title='bbox 3531 5443 3664 5500; x_wconf 82' lang='lat' dir='ltr'><strong>Luc.</strong></span> 
     </span>
    </p>
   </div>
   <div class='ocr_carea' id='block_1_114' title="bbox 1641 5672 2430 5736">
    <p class='ocr_par' dir='ltr' id='par_1_114' title="bbox 1641 5672 2430 5736">
     <span class='ocr_line' id='line_1_114' title="bbox 1641 5672 2430 5736; baseline 0 -2"><span class='ocrx_word' id='word_1_840' title='bbox 1641 5672 1964 5736; x_wconf 79' lang='lat' dir='ltr'><strong>Francisci</strong></span> <span class='ocrx_word' id='word_1_841' title='bbox 2003 5673 2209 5733; x_wconf 73' lang='lat' dir='ltr'><strong>Scorsi</strong></span> <span class='ocrx_word' id='word_1_842' title='bbox 2249 5683 2430 5734; x_wconf 66' lang='lat' dir='ltr'><strong>noue.</strong></span> 
     </span>
    </p>
   </div>
   <div class='ocr_carea' id='block_1_115' title="bbox 477 5803 2085 5872">
    <p class='ocr_par' dir='ltr' id='par_1_115' title="bbox 477 5803 2085 5872">
     <span class='ocr_line' id='line_1_115' title="bbox 477 5803 2085 5872; baseline -0.002 -14"><span class='ocrx_word' id='word_1_843' title='bbox 477 5804 589 5872; x_wconf 66' lang='lat'><strong>(69)</strong></span> <span class='ocrx_word' id='word_1_844' title='bbox 638 5803 788 5859; x_wconf 67' lang='lat' dir='ltr'><strong>l’ctrc</strong></span> <span class='ocrx_word' id='word_1_845' title='bbox 857 5804 1185 5859; x_wconf 64' lang='lat' dir='ltr'><strong>admiranda.</strong></span> <span class='ocrx_word' id='word_1_846' title='bbox 1258 5803 1392 5858; x_wconf 70' lang='lat' dir='ltr'><strong>Vide</strong></span> <span class='ocrx_word' id='word_1_847' title='bbox 1461 5818 1574 5860; x_wconf 83' lang='lat' dir='ltr'><strong>not.</strong></span> <span class='ocrx_word' id='word_1_848' title='bbox 1639 5804 1706 5859; x_wconf 70' lang='lat' dir='ltr'><strong>7E!</strong></span> <span class='ocrx_word' id='word_1_849' title='bbox 1777 5807 1920 5860; x_wconf 82' lang='lat' dir='ltr'><strong>hom.</strong></span> <span class='ocrx_word' id='word_1_850' title='bbox 1994 5804 2085 5857; x_wconf 62' lang='grc' dir='ltr'><strong>ἆυ.</strong></span> 
     </span>
    </p>
   </div>
  </div>
