4074 6402
309 364 454 429 1045

1673 366 2000 426 HUMILIA
2044 366 2200 425 LIX.

3465 358 3604 422 Ῐθυὶ

304 476 553 546 Ἰσραήλ.
589 497 606 528 ›
642 477 852 531 Ἐκεῖνο
884 477 985 548 μὲν
1014 478 1121 548 γὰρ
1147 478 1317 550 χωρὶς
1349 481 1555 550 ἄρθρου
1591 481 1757 550 φησιν
1780 495 1795 510 ·
1821 485 1906 533 ἐν·

2015 481 2210 554 minari
2245 499 2257 535 :
2300 501 2316 532 ε
2360 476 2531 535 Filius
2562 475 2877 548 unigenitus
2907 489 3057 530 meus
3089 474 3252 530 Israel
3280 464 3348 531 “.
3384 493 3400 529 ι
3437 475 3597 548 41],

305 568 483 620 ταῦθα
515 567 569 620 δὲ
603 568 840 620 δείκνυτι
873 569 932 621 τὸ
971 568 1227 634 διαψοοον
1256 572 1320 636 τῇ
1359 569 1450 622 τοῦ
1487 569 1692 639 ἄρθρου
1738 587 1903 640 προσ-

305 663 479 734 θήκη,
528 663 623 715 καὶ
659 665 722 730 τῇ
761 660 854 713 τοῦ
899 661 1188 732 ἀγαπητοῦ
1255 663 1609 735 παρενθήκη.
1662 664 1906 726 Ἐκεῖνος

305 754 422 821 γὰρ
478 753 790 822 ὲμεμίσητο
833 753 923 806 διὰ
979 754 1040 806 τὸ
1089 755 1357 822 ἀθετῆσαι
1418 757 1508 808 τὶν
1575 755 1900 808 πλάσαντα·

314 865 335 895 ε
377 846 542 908 Tia-‘4;
583 845 718 916 γὰρ,
747 848 934 915 φησὶν,
970 849 1256 915 ἐγέννησα,
1295 850 1389 900 καὶ
1418 848 1632 918 ὕψωσα,
1669 850 1823 903 αὐτοὶ
1848 849 1904 901 δέ

317 956 386 1004 με
428 938 727 1006 ἠθέτησαν.
763 958 781 990 ›
823 939 896 991 Τὸ
924 939 1035 1010 γὰρ
1061 981 1074 1002 ,
1110 959 1126 990 ι
1155 941 1246 992 Ἔν
1287 935 1329 1008 ᾧ
1383 942 1682 1012 ηὖδὸκησα,
1720 962 1737 994 ι
1774 945 1830 994 ἐν
1862 937 1906 1012 ᾧ

311 1029 559 1099 δηλονότι
604 1032 1042 1102 ἀναπέπαυμαιο
1075 1033 1144 1086 δι’
1205 1028 1268 1086 οὗ
1304 1033 1400 1104 τὴν
1443 1036 1552 1086 τῶν
1597 1032 1906 1105 ἀνθρώπων

319 1124 600 1192 σωττρίαν
629 1125 889 1191 γενέσθαι
939 1127 1208 1194 ἠθέλησα.
1256 1127 1354 1179 Διᾶ
1397 1127 1452 1179 δὲ
1481 1127 1577 1179 τοῦ
1613 1144 1625 1158 ·

314 1215 568 1278 ἀκούετε,
605 1237 623 1269 ι
661 1218 722 1270 τὸ
759 1219 868 1270 τῶν
907 1219 1172 1290 μαθητῶν
1216 1221 1504 1289 ἀνειμένον
1533 1220 1806 1291 διανιστᾷ,
1831 1219 1907 1283 ὡς

312 1307 383 1361 ἂν
415 1309 509 1362 τοῦ
539 1311 748 1378 Κυρίου
778 1313 838 1364 τὸ
867 1313 1042 1375 Πάθος
1071 1313 1580 1382 προεκφωνοῦντος,
1605 1313 1703 1376 τὰς
1728 1313 1908 1383 ψυχὰς

318 1402 396 1470 μὴ
429 1403 825 1472 κραδαίνοιντο.
858 1407 1019 1458 Δοκεῖ
1048 1405 1103 1458 δὲ
1138 1406 1302 1459 πλέον
1353 1407 1450 1458 τού
1498 1406 1710 1475 Πέτρου
1760 1406 1900 1460 καθ-

315 1493 590 1546 ἅπτεσθαι
623 1497 827 1564 σκηνὰς
849 1497 1310 1562 ἀναπλάττοντος,
1332 1499 1429 1551 καὶ
1463 1498 1789 1561 σπεύδοντος
1811 1498 1904 1551 τοῦ

317 1587 516 1640 παθεῖν
544 1588 895 1659 ύπεκστῆσαι
931 1592 1024 1644 τὸν
1067 1592 1296 1661 Κύριον.
1334 1592 1434 1644 Διὰ
1465 1591 1517 1644 τί
1545 1590 1602 1644 δὲ
1637 1591 1776 1660 μετὰ
1805 1591 1907 1661 τὴν

317 1677 503 1746 φωνὴν
533 1679 840 1748 ἐπάραντες
868 1683 915 1735 οἱ
949 1682 1192 1753 μαθηταὶ
1227 1685 1351 1746 τοὺς
1383 1683 1703 1754 ὀφθαλμοὺς
1743 1683 1908 1752 μόνον

314 1765 459 1821 εἶδον
485 1769 574 1821 τὸν
601 1771 839 1840 Κύριον;
867 1775 982 1826 Ἰνα
1011 1773 1085 1844 μὴ
1109 1776 1208 1838 τὴν
1236 1774 1544 1843 μαρτυρίαν
1579 1773 1645 1825 δι’
1666 1772 1762 1824 ἕνα
1795 1771 1906 1825 τῶν

1667 1147 1685 1178 ι
1729 1128 1905 1180 Αὑτοῦ

317 1863 618 1930 προφητῶν
651 1859 791 1918 εἶναι
826 1865 1116 1936 νομίσωσι,
1156 1867 1242 1919 διὰ
1275 1867 1434 1918 τοῦτο
1463 1866 1710 1929 ἐκείνους
1743 1883 1912 1937 μετα-

318 1957 548 2025 στήσας,
587 1958 711 2012 ὅθεν
749 1961 843 2013 καλ¹
879 1961 1270 2032 παρεγένοντο,
1316 1961 1509 2015 ἑαυτὸν
1536 1959 1741 2026 ἔδειξεν
1768 1956 1911 2016 εἶναι

315 2048 411 2098 τὸν
454 2051 932 2122 μαρτυρούμενον.

2010 571 2144 626 lllud
2173 575 2316 626 enim
2351 573 2560 640 absque
2591 569 2820 624 articulo
2851 567 3026 633 dixit;
3063 567 3153 622 hic
3193 582 3323 621 vero
3373 574 3430 621 et
3459 583 3604 636 prae-

2010 665 2261 733 pooendo
2290 663 2545 727 articulo,
2579 672 2632 716 et
2678 663 2960 732 interjecta
3003 659 3184 714 dilecti
3238 659 3604 730 appellatione

2009 757 2372 812 diﬂ‘erentiam
2403 756 2879 810 commonstravit.
2913 753 3008 808 Ille
3035 753 3180 806 enim
3207 752 3351 821 quod
3383 749 3605 805 effecto-

2013 867 2126 906 rem
2159 851 2245 907 sui
2281 865 2385 903 nou
2415 849 2735 911 ltonorarct,
2773 848 2898 901 odio
2921 847 3033 917 jam
3068 844 3375 899 habebatur
3405 862 3419 899 :
3454 862 3473 896 ι
3505 842 3599 896 Fi-

2009 945 2135 1009 lios,
2183 944 2350 1006 enim,
2399 943 2596 1011 inquit.
2651 941 2837 1008 genui.
2882 947 2936 994 et
2974 937 3233 999 exaltari,
3274 935 3373 1003 ipsi
3412 945 3598 988 autem

2011 1041 2336 1102 spreverunt
2360 1048 2444 1084 me
2469 1032 2532 1085 ".
2563 1049 2580 1081 ι
2609 1030 2740 1084 lllud
2769 1038 2945 1084 autem
2972 1050 2985 1086 :
3014 1047 3032 1079 ι
3061 1027 3120 1082 in
3147 1042 3255 1096 quo
3280 1026 3417 1080 bene
3449 1041 3604 1080 com-

2008 1125 2188 1196 placui
2227 1123 2363 1195 (7-2),
2403 1143 2420 1174 ›
2456 1123 2726 1193 significat
2748 1163 2762 1184 ,
2792 1120 2847 1174 in
2877 1136 2982 1189 quo
3015 1118 3288 1190 acquievi,
3315 1132 3411 1187 per
3437 1132 3600 1187 quem

2009 1217 2288 1274 hominum
2337 1216 2569 1272 salutem
2635 1214 2700 1268 ad
2757 1212 3010 1268 cﬂ'ectum
3072 1210 3298 1282 perduci
3354 1209 3600 1262 decrevi.

2009 1311 2124 1368 Illis
2153 1327 2314 1380 porro
2350 1309 2530 1365 verbis
2561 1325 2576 1362 :
2614 1328 2631 1360 ι
2660 1308 2842 1376 [psunt
2891 1305 3108 1370 audite,
3142 1323 3162 1358 ι
3211 1301 3602 1370 discipulorum

2009 1407 2294 1477 segnitiem
2331 1404 2554 1470 excitat,
2590 1415 2648 1458 ut
2698 1401 2928 1465 scilicet,
2969 1413 3090 1452 cum
3136 1395 3452 1449 Passionem
3494 1390 3604 1446 Do-

2011 1496 2191 1550 minus
2225 1498 2642 1564 praenuntiaret,
2677 1507 2868 1548 eorum
2898 1488 3066 1544 animi
3111 1487 3427 1556 neutiquam
3459 1483 3604 1538 labe-

2011 1586 2373 1642 factat-eatur.
2413 1585 2639 1641 Videtur
2669 1593 2852 1638 autem
2906 1581 3082 1649 magis
3126 1578 3291 1633 etiam
3338 1572 3607 1646 perstrin-

2011 1696 2138 1750 gere
2188 1678 2410 1734 Pctrum
2441 1717 2457 1742 ,
2507 1677 2598 1748 qui
2652 1673 3002 1732 tabernacula
3052 1670 3384 1742 cogitatione
3432 1665 3606 1720 infor-

2015 1783 2215 1838 marat,
2254 1784 2308 1827 et
2337 1787 2597 1828 revocare
2626 1770 2914 1824 Dominum
2940 1783 2968 1821 a
2995 1767 3259 1821 Passione
3285 1763 3605 1817 conabatur.

2020 1870 2134 1936 Qua
2201 1882 2332 1922 vero
2399 1867 2464 1920 de
2529 1879 2696 1920 causa
2757 1861 3037 1915 elevautes
3098 1855 3349 1926 discipuli
3417 1851 3608 1907 oculos

2022 1959 2308 2014 Dominum
2334 1955 2510 2010 solum
2545 1952 2841 2009 viderunt?
2869 1950 2945 2005 Ne
2977 1949 3186 2005 scilicet
3219 1942 3602 2001 testimonium

2021 2061 2246 2122 propter
2278 2049 2516 2118 aliquem
2545 2063 2608 2100 ex
2643 2045 2928 2116 prophetis
2959 2043 3142 2098 datum
3189 2039 3359 2094 fuisse
3407 2033 3606 2091 existi-

318 2152 534 2196 mareul
568 2163 578 2197 :
611 2144 731 2199 ideo
771 2147 914 2212 illuc,
951 2148 1093 2202 unde
1130 2157 1415 2216 venerant,
1489 2149 1596 2203 illis
1638 2147 1941 2215 translatis,
1983 2147 2220 2218 seipsum
2269 2143 2510 2200 ostendit
2556 2158 2678 2198 esse
2719 2142 2788 2197 de
2842 2155 2949 2210 quo
2998 2139 3166 2193 latum
3238 2134 3418 2190 fuerat
3452 2131 3605 2188 testi-

318 2237 582 2287 n.0n'um.

391 2325 603 2377 Οὐκοῦν
626 2325 925 2396 δράμωμεν
955 2330 1050 2384 καλ⁸
1086 2331 1248 2400 ἡμεῖς
1275 2333 1407 2400 πρὸς
1440 2333 1540 2404 τὴν
1588 2331 1683 2386 τοῦ
1713 2329 1912 2402 νοητοῦ

315 2414 429 2467 τῶν
456 2416 666 2487 ἀρετῶν
697 2417 855 2487 ὅρους
887 2421 1097 2486 ἄνοδον,
1132 2422 1219 2476 ἴνα
1257 2427 1394 2493 μετᾶ
1419 2423 1513 2477 τοῦ
1555 2422 1736 2493 Ἰησοῦ
1769 2422 1913 2476 κατά

315 2505 419 2574 τὴν
449 2506 763 2577 ἀκρώρειαν
799 2511 909 2562 τῶν
955 2511 1401 2582 κατορθωμάτων
1443 2515 1754 2583 γενόμενοι,
1787 2514 1913 2566 ἴδω-

320 2615 422 2666 μεν
456 2599 531 2661 ὡς
559 2601 622 2652 ὲκ
661 2604 966 2671 περιωπῆς,
1005 2605 1064 2657 τὸ
1092 2605 1205 2674 φῶς
1245 2607 1422 2659 ἐκεῖνο
1453 2606 1512 2658 τὸ
1547 2607 1764 2676 δειχθὲν
1795 2608 1911 2667 τοῖς

313 2691 412 2742 ἐπὶ
448 2692 508 2744 τὸ
550 2691 684 2763 ὕψος
713 2695 1141 2764 ἀκολουθήσασι.
1190 2699 1632 2767 Καταλείψωμεν
1667 2699 1776 2751 τῶν
1809 2717 1909 2769 χα-

320 2783 612 2852 μαιρεπῶν
643 2786 848 2848 ἡδονῶν
881 2788 978 2850 τὰς
1015 2787 1363 2858 κοιλότητας,
1393 2790 1595 2853 αἵτινες
1639 2789 1743 2842 ὑπὸ
1797 2788 1906 2840 τῶν

313 2876 588 2944 δαιμόνων
659 2877 734 2940 ὡς
778 2879 1072 2948 γεωλόφων
1121 2880 1462 2948 σκιάζονται,
1505 2885 1599 2935 καὶ
1651 2883 1787 2953 πρὶς
1846 2883 1907 2936 τὸ

315 2966 444 3035 ὅρος
482 2969 659 3021 ἐκεῖνο
700 2969 1009 3041 γενώμεθα,
1044 2970 1107 3024 τὸ
1143 2973 1487 3042 πανταχόθεν
1527 2973 1632 3026 ὑπὸ
1672 2977 1769 3042 τῆς
1812 2991 1913 3025 πα-

315 3056 516 3122 τρικῆς
551 3057 784 3128 νεφέλης
815 3060 1324 3130 περιλαμπόμενον.
1359 3063 1580 3116 Γένοιτο
1609 3064 1655 3114 δ’
1685 3063 1750 3116 ἂν
1778 3065 1912 3134 ἡμῖν

317 3145 480 3217 ῥᾳδία
520 3148 553 3216 ἡ
599 3148 805 3212 ἄνοδος,
844 3152 892 3202 εἰ
926 3151 1068 3204 κατά
1090 3152 1182 3204 τὸν
1227 3153 1431 3223 τρόπον
1459 3153 1812 3223 ἀναχθῶμεν,
1852 3154 1912 3207 ὃν

317 3240 453 3309 ἡμῖν
495 3241 742 3308 ὑπέδειξε
792 3243 1139 3312 συμϐολικῶς
1186 3245 1453 3314 πρότερον
1503 3247 1604 3314 μὲν
1657 3247 1912 3315 Μωσῆςὸ

316 3333 640 3404 νομοθέτης,
671 3333 898 3404 ὕστερον
927 3337 982 3390 δὲ
1021 3337 1230 3408 Ἰησοῦς
1266 3339 1292 3390 ὁ
1332 3339 1650 3409 νομοδότης.
1705 3340 1762 3393 Ὀ
1807 3339 1907 3410 μὲν

316 3425 432 3496 γὰρ
466 3427 687 3494 ἀνάγων
742 3428 834 3480 τὸν
883 3428 1011 3482 λαὸν
1066 3431 1146 3492 εἰς
1194 3431 1254 3483 τὸ
1299 3432 1534 3497 Σίναιον,
1589 3432 1910 3484 καταλιπεῖν

315 3520 606 3573 ἐπιτάττει
631 3521 730 3590 τὴν
768 3523 980 3590 ἀλόγων
1022 3523 1184 3591 φύσιν
1218 3526 1300 3587 εἰς
1332 3525 1430 3595 τὴν
1467 3523 1774 3594 ὑπώρειαν,
1809 3543 1909 3576 κα-

313 3611 578 3664 τάλευσιν
618 3613 926 3685 ἀπειλήσας
958 3615 1036 3685 τῷ
1075 3619 1439 3685 προσεγγίσαι
1473 3617 1812 3688 τολμήσαντι
1838 3633 1850 3645 '
1885 3619 1912 3668 ὁ

314 3701 376 3755 δὲ
424 3703 638 3775 Σωτὴρ,
688 3706 875 3774 μεθεὶς
924 3708 1022 3777 τὴν
1074 3709 1267 3762 ὲννάδα
1312 3711 1422 3762 τῶν
1485 3711 1768 3779 μαθητῶν,
1811 3711 1910 3779 τὴν

315 3797 516 3865 τριάδα
547 3798 848 3868 παρέλαϐε.
879 3800 946 3852 Τί
969 3796 1065 3853 οὖν
1111 3802 1433 3855 παιδεύετον
1473 3803 1550 3855 τὼ
1577 3803 1907 3873 αἰνίγματε;

330 3889 552 3956 Ἐπειδὴ
586 3893 684 3962 τῆς
713 3894 823 3943 τῶν
852 3893 1066 3962 ἀλόγων
1098 3894 1318 3963 φύσεως
1352 3896 1481 3949 [διον
1505 3895 1564 3950 τὸ
1587 3896 1915 3965 κατάἴσθη-

317 4001 407 4035 σιν
458 3985 628 4055 μόνην
677 3986 800 4057 δίχα
844 3987 1086 4050 διανοίας
1138 3989 1571 4058 οἰκονομεῖσθαι,
1627 3989 1913 4059 νομοθετεῖ

314 4075 407 4127 διὰ
442 4075 649 4129 τούτων
701 4077 945 4147 Μιυῦσῆς
989 4079 1296 4149 ὑπερϐῆναι
1341 4080 1440 4149 τὴν
1480 4081 1538 4147 ἐξ
1583 4081 1896 4152 αἰσθήσεων

314 4169 620 4238 γενομένην
637 4171 838 4237 γνῶσιν
863 4173 920 4224 ὲν
955 4175 1018 4242 τῇ
1049 4175 1158 4226 τῶν
1190 4175 1395 4245 νοητῶν
1423 4173 1626 4244 θεωρία
1651 4189 1663 4204 ·
1701 4176 1913 4244 συνῳδὰ

316 4263 494 4314 ποιῶν
536 4269 631 4315 καὶ
658 4265 686 4316 ὁ
721 4264 926 4332 Κύριος
969 4265 1230 4330 ἐδίδαξεν,
1259 4267 1335 4328 ὡς
1376 4269 1424 4319 εἰ
1457 4266 1532 4336 μὴ
1562 4269 1590 4320 ὁ
1620 4268 1745 4330 νοῦς
1779 4269 1914 4320 ἁπο-

317 4355 584 4425 στραφεὶς
617 4355 770 4408 κάτω
818 4357 969 4426 ῥίψει
1005 4358 1106 4428 τὴν
1137 4359 1334 4410 ὲννάδα
1370 4358 1781 4428 προσπάθειαν,
1816 4359 1912 4413 καὶ

312 4448 414 4518 τὴν
448 4447 734 4502 ὲπίλεκτον
787 4449 996 4518 Τριὰδα
1049 4438 1358 4521 παραλάϐοι
1393 4451 1513 4517 μεθ’
1550 4452 1770 4517 ἑαυτοῦ,
1812 4453 1913 4506 οὐκ

315 4543 385 4595 ἂν
430 4540 673 4594 ἀνελθεῖν
739 4542 951 4612 ἰσχύσει
1005 4544 1140 4613 πρὸς
1191 4546 1252 4595 τὸ
1302 4543 1438 4613 ὕψος
1501 4546 1602 4613 τῆς
1675 4545 1911 4614 ἀληθοῦς

2088 2322 2386 2378 Curramus
2417 2321 2582 2390 igitur
2623 2329 2675 2374 et
2707 2335 2826 2384 nos,
2884 2330 2938 2374 et
2971 2320 3038 2374 ad
3075 2325 3317 2374 montem
3349 2318 3609 2386 intelligi-

2019 2414 2206 2480 bilem,
2238 2415 2493 2470 virtutem
2535 2414 2770 2478 scilicet,
2809 2414 3190 2476 ascemlamus,
3239 2421 3296 2464 ut
3337 2427 3440 2464 una
3477 2427 3602 2465 cum

2015 2509 2143 2566 Jesu
2171 2511 2222 2563 in
2247 2518 2396 2563 recte
2419 2508 2578 2562 factis
2599 2508 2753 2578 quasi
2774 2507 2824 2560 in
2851 2522 3066 2560 summo
3088 2516 3269 2559 monte
3298 2506 3603 2568 constituti,

2016 2601 2183 2657 veluti
2209 2618 2278 2658 ex
2314 2601 2494 2671 aliqua
2525 2601 2740 2671 specula
2772 2599 3203 2669 contemplemur
3231 2599 3373 2652 illam
3403 2597 3600 2662 lucem,

2015 2713 2138 2767 quae
2163 2697 2230 2752 ad
2261 2697 2474 2752 culmen
2517 2712 2688 2766 usque
2734 2696 2939 2750 secutis
2970 2705 3193 2750 ostensa
3232 2701 3336 2747 est.
3373 2693 3571 2748 Desera
3601 2725 3608 2732 -

2019 2805 2136 2842 mus
2163 2789 2500 2857 voluptatum
2547 2787 2698 2842 humi
2734 2787 3045 2857 repentium
3084 2785 3273 2847 valles,
3309 2799 3430 2854 quae
3472 2799 3605 2838 sane

2016 2901 2043 2936 a
2088 2881 2428 2936 daemonibus
2459 2880 2626 2934 veluti
2680 2879 2956 2932 montibus
3003 2877 3408 2943 inumbrautur,
3449 2889 3503 2935 et
3536 2879 3603 2933 ad

2018 2987 2256 3032 montem
2289 2977 2438 3031 illum
2490 2976 2869 3030 collustratum
2913 2974 3150 3044 undique
3185 2984 3408 3039 paterna
3461 2976 3604 3031 nube

2015 3069 2406 3137 pertingamus.
2446 3066 2630 3122 Fuerit
2662 3077 2842 3120 autem
2897 3066 3072 3122 facilis
3107 3067 3266 3122 nobis
3315 3082 3602 3132 ascensus,

2017 3162 2062 3216 si
2113 3177 2178 3214 eo
2234 3162 2393 3216 modo
2448 3161 2891 3223 ascenderitnus,
2945 3174 3106 3230 quem
3162 3160 3336 3229 primo
3384 3161 3602 3228 quidem

2018 3252 2315 3324 symbolice
2352 3253 2508 3306 nobis
2551 3251 2724 3306 Moses
2762 3252 3056 3318 legislator,
3101 3252 3441 3319 postmodum
3475 3265 3604 3306 vero

2014 3345 2171 3400 Jesus
2209 3345 2486 3414 legislator
2508 3345 2766 3398 ostendit.
2796 3343 2888 3398 lllc
2909 3345 3052 3398 enim
3087 3344 3342 3413 populum
3367 3345 3606 3398 edocens

2017 3437 2070 3490 in
2127 3435 2279 3491 Sinai
2343 3447 2606 3500 montem,
2670 3446 2920 3490 naturam
2966 3435 3196 3490 rationis
3233 3446 3512 3506 expertem
3551 3437 3604 3490 in

2017 3527 2124 3580 imo
2149 3536 2331 3582 monte
2382 3526 2682 3596 derclinqui
2733 3528 3008 3597 prmccpit,
3045 3527 3383 3581 obruendum
3413 3527 3608 3598 lapidi-

2017 3623 2135 3684 bus,
2169 3619 2214 3674 si
2246 3619 2368 3684 quis
2403 3635 2522 3673 eam
2553 3623 2842 3675 admovere
2873 3634 3042 3674 ausus
3081 3633 3250 3686 esset,
3283 3621 3606 3674 intermina-

2018 3722 2104 3768 tus
2135 3711 2182 3744 ⁸⁸
2214 3730 2227 3766 :
2269 3711 2521 3765 Salvator
2561 3727 2690 3764 vero
2741 3710 3036 3781 discipulos
3063 3711 3272 3778 inovem
3323 3711 3604 3777 omittens,

2016 3801 2264 3855 adhibuit
2301 3811 2432 3854 tres.
2486 3801 2625 3868 Quid
2675 3801 2834 3870 igitur
2882 3801 2990 3855 duo
3024 3801 3138 3855 haec
3180 3802 3466 3872 aenigmata
3505 3803 3605 3855 do-

2015 3894 2180 3948 cent?
2203 3892 2474 3960 Quoniam
2508 3893 2870 3948 animantium
2898 3909 3003 3948 non
3036 3903 3349 3962 computum
3379 3893 3607 3947 rationis

2015 3998 2099 4041 est
2131 3988 2298 4042 ductu
2347 4002 2540 4042 sensus
2574 3987 2692 4041 sine
2728 3987 2924 4040 mentis
2959 3986 3252 4054 agitatione
3287 3985 3604 4056 gubernari,

2017 4082 2274 4136 admonet
2306 4079 2504 4146 Moses,
2545 4088 2605 4134 ut
2636 4081 2689 4133 in
2734 4077 3094 4148 spiritualium
3148 4078 3608 4148 contemplatione

2016 4190 2200 4230 rerum
2232 4174 2599 4243 cognitionem
2625 4183 2832 4240 partam
2862 4172 3116 4227 sensibus
3139 4173 3606 4227 transcendamus.

2015 4267 2196 4338 Atque
2219 4268 2303 4320 bis
2320 4276 2688 4320 consentanea
2713 4266 2920 4320 faciens
2939 4263 3199 4320 Dominus
3221 4267 3479 4330 ostendit,
3504 4265 3604 4320 nisi

2018 4375 2283 4414 conversa
2333 4374 2489 4413 mens
2523 4358 2880 4412 novenariuut
2918 4357 3266 4412 affectionum
3303 4357 3357 4410 in
3407 4365 3608 4410 terram

2019 4449 2241 4520 affligat,
2275 4461 2330 4504 et
2373 4449 2600 4504 electam
2637 4447 2892 4503 Triadem
2935 4464 3119 4504 secum
3157 4457 3423 4514 assumat,
3465 4463 3610 4502 nun-

2019 4557 2183 4610 quam
2231 4541 2422 4595 foreut
2466 4541 2674 4609 apicem
2738 4557 2878 4594 νοτ-ιιι
2939 4541 3268 4609 cognitionis
3323 4542 3606 4595 ascendat.

312 4633 598 4701 γνώσεως.
638 4633 780 4688 Ἀλλ’
814 4635 890 4698 ὡς
926 4635 991 4690 ἂν
1043 4636 1118 4706 μὴ
1171 4636 1240 4687 δι’
1290 4638 1632 4705 αἰνιγμάτων
1660 4638 1791 4706 ἡμῖν
1839 4637 1906 4689 τὰ

2015 4634 2179 4706 412
2211 4634 2314 4688 Sed
2341 4650 2407 4688 ne
2439 4650 2532 4703 per
2561 4633 2846 4701 {enigmata
2883 4633 3038 4688 nobis
3071 4634 3356 4703 aenigmata
3393 4632 3608 4687 dissol—

313 4727 618 4796 αἰνίγματα
640 4727 876 4790 λύοιντο,
911 4729 1248 4798 σαφέστερον
1279 4730 1544 4797 τὸνλόγον
1579 4732 1904 4799 ποιήσομαι.

324 4816 388 4869 ’0
429 4817 713 4879 ὲνναδικὸς
751 4818 989 4888 ἀριθμὸς
1019 4820 1294 4887 περιέχων
1328 4822 1382 4870 ἐν
1408 4819 1586 4888 ἑαυεῴ
1610 4818 1680 4872 τὰ
1724 4823 1887 4872 πέντε

313 4910 412 4963 καὶ
451 4910 708 4979 τέτταρα,
746 4912 1005 4981 σημαίνει
1029 4911 1117 4962 διὰ
1152 4912 1248 4978 μὲν
1282 4914 1380 4980 τῆς
1407 4911 1668 4974 πεντᾲδος
1700 4911 1796 4982 τὴν
1823 4912 1909 4964 αῖ-

317 5001 535 5070 σθησιν,
578 5001 668 5055 διὰ
708 5003 764 5054 δὲ
803 5002 904 5071 τῆς
959 5003 1216 5071 τετράδος
1253 5002 1348 5070 τὴν
1391 5001 1484 5053 τοῦ
1535 5000 1788 5070 σώματος
1822 5019 1911 5054 τε-

311 5096 640 5165 τράστοιχον
670 5095 998 5165 σύγκρασιν.
1036 5095 1206 5148 Ὅταν
1237 5094 1330 5146 οὖν
1369 5094 1492 5157 νοῦς
1525 5093 1632 5146 τῶν
1662 5111 1910 5163 σωματι-

313 5186 432 5238 κῶν
471 5187 772 5256 ὑπέρτερος
809 5185 1060 5253 γένηται,
1097 5185 1237 5238 ὥστε
1277 5186 1352 5256 μὴ
1381 5186 1908 5255 ἀντιστρατεύεσθαι

314 5280 438 5332 κατ’
469 5279 636 5332 αὐτοῦ
658 5280 752 5332 τὸν
783 5279 947 5349 νόμον
970 5281 1070 5348 τῆς
1105 5278 1328 5348 σαρκὸς,
1372 5278 1506 5346 μηδὲ
1544 5278 1648 5329 ora.
1675 5277 1782 5330 τῶν
1815 5278 1903 5330 αἰ-

315 5367 562 5441 σθήσεων
593 5371 650 5422 ὲν
678 5372 744 5440 τῇ
779 5371 887 5423 ιλύῖ
920 5369 1020 5436 τῆς
1044 5371 1321 5441 ἁμαρτίας
1353 5368 1760 5440 σύμφύρεσθαι,
1781 5369 1904 5422 τότε

388 5521 436 5552 ⁸⁵
476 5519 650 5578 Exod.
693 5537 764 5588 tv,
802 5522 896 5577 2‘2.
972 5521 1018 5553 "
1058 5521 1162 5576 lsa.
1203 5539 1240 5584 t,
1286 5522 1339 5575 2.

1458 5520 1505 5551 ⁸⁸
1547 5520 1717 5576 Exod.
1757 5536 1870 5585 χιχ,
1912 5521 1998 5576 12.

2020 4737 2236 4789 rantur,
2270 4726 2444 4780 dicam
2476 4727 2738 4792 apertius.
2771 4723 3105 4779 Norenarius
3133 4739 3416 4788 numerus,
3441 4725 3604 4792 quin-

2016 4834 2121 4888 que
2143 4829 2197 4871 et
2225 4829 2462 4888 quatuor
2494 4817 2547 4871 in
2573 4833 2632 4872 sc
2655 4817 2959 4881 continens,
2983 4831 3079 4884 per
3103 4816 3408 4885 quinarium
3439 4815 3606 4885 signi-

2018 4912 2143 4965 ficat
2179 4927 2424 4976 sensum,
2459 4925 2553 4980 per
2589 4909 3002 4979 quaternarium
3035 4923 3162 4963 vero
3185 4909 3427 4977 corporis
3456 4924 3606 4964 como

2016 5003 2341 5072 positionem
2397 5017 2462 5056 ex
2518 5015 2752 5072 quatuor
2810 5001 3096 5055 conﬂatam
3137 5001 3440 5057 elementis.
3501 4999 3603 5056 Ubi

2016 5091 2179 5159 igitur
2213 5089 2379 5144 rebus
2410 5091 2787 5160 corporalibus
2837 5093 3090 5160 superior
3138 5107 3290 5146 mens
3343 5093 3604 5156 evaserit,

2013 5183 2090 5236 ita
2118 5191 2178 5236 ut
2213 5194 2402 5236 contra
2453 5182 2600 5234 illam
2651 5183 2737 5236 lex
2773 5185 2954 5237 carnis
3005 5200 3109 5238 non
3146 5183 3394 5253 rebellet,
3428 5200 3603 5255 neque

2013 5291 2110 5345 per
2131 5291 2323 5330 sensus
2346 5275 2398 5328 in
2424 5283 2775 5342 peccatorqu
2805 5291 2962 5330 cceno
2983 5277 3275 5343 volutetur,
3301 5286 3425 5331 tunc
3448 5292 3599 5341 sane,

2014 5381 2143 5423 tunc
2178 5367 2509 5437 tripartitam
2547 5367 2742 5421 anima:
2769 5367 3085 5425 facultatem
3123 5370 3333 5423 illarum
3362 5370 3478 5424 vice
3508 5386 3602 5422 as-

1557 5641 1883 5704 Francisci
1923 5641 2133 5704 Scorsi
2166 5649 2356 5704 notae.

389 5743 504 5810 (72)
552 5742 612 5795 In
634 5760 735 5810 quo
764 5745 889 5798 bene
912 5744 1228 5805 complucui.
1256 5745 1407 5798 lianc
1433 5761 1619 5797 vocem
1657 5745 1904 5807 εὐδοκία,

311 5828 367 5870 et
406 5815 642 5868 εὐδοκέω
685 5817 812 5885 quid
856 5816 1072 5885 preprie
1123 5817 1232 5870 sint
1283 5817 1517 5883 explicat
1577 5827 1770 5870 auctor
1819 5817 1907 5870 hic

2017 5744 2158 5797 idettt
2203 5745 2268 5795 ad
2301 5745 2446 5797 hom.
2484 5739 2575 5794 48.
2620 5739 2748 5794 Vide
2782 5735 2946 5791 etiam
2980 5743 3090 5788 uol.
3121 5731 3210 5797 48,
3250 5730 3316 5784 ad
3349 5730 3594 5788 eamdem

2018 5815 2108 5868 ubi
2154 5829 2350 5884 ea_tms
2397 5811 2862 5879 locupletatimus.

2001 6041 2023 6068 Ι
