4074 6434
440 392 577 454 1049

1819 395 2155 459 IIOMILIA
2194 404 2313 468 LX.

3566 401 3706 465 1050

437 507 779 578 ἐναρμόνιον.
827 508 988 562 Ἀλλὰ
1023 508 1071 562 τί
1103 509 1293 576 πάθως
1344 508 1485 578 Ἐγὼ
1523 508 1630 581 μὴν
1663 511 1873 581 κινήσω
1914 510 2007 580 τὴν

2119 517 2374 574 stinctum
2411 521 2630 578 chordis
2670 522 3119 586 instrumentum,
3165 526 3220 574 et
3245 517 3310 572 ad
3350 531 3568 572 suavem
3600 519 3703 572 ali-

434 600 683 665 γλῶτταν
718 602 949 674 ταύτην,
973 602 1070 673 τὴν
1107 603 1349 673 ἀγλευκῆ
1378 620 1437 656 τε
1477 604 1571 656 καὶ
1599 604 1862 668 ἄμουσον,
1892 604 1923 672 ἡ
1956 604 2013 656 δὲ

435 690 530 743 τοῦ
558 690 737 760 Λόγου
772 695 955 763 μήτηρ
990 693 1247 766 ῥυθμίσει
1284 693 1376 747 τὸν
1408 694 1567 762 λόγον
1611 695 1743 764 πρὸς
1778 695 1876 765 τὴν
1905 695 2014 747 τῶν

431 783 741 840 ἀκουόντων
768 786 1058 855 ὠφέλειαν.

503 1049 594 1119 Τῷ
622 1049 802 1121 καιρῷ
842 1051 1040 1123 ἐκείνῳ
1076 1070 1094 1105 ι
1124 1053 1391 1122 Εἰσῆλθεν
1410 1054 1438 1105 6
1466 1051 1676 1123 Ἰησοῦς
1707 1056 1787 1117 είς
1815 1053 2011 1124 κώμην

424 1143 547 1196 τινά
568 1160 580 1174 ·
603 1143 739 1215 γυνὴ
756 1144 810 1196 δὲ
839 1162 922 1209 τις
948 1144 1173 1207 ὀνόματι
1195 1146 1399 1217 Μάρθα
1428 1145 1723 1211 ὑπεδέξατο
1746 1148 1909 1200 αὐτὸν
1932 1150 2010 1211 είς

425 1238 518 1289 τὸν
545 1233 695 1291 οἷκον
724 1239 912 1309 αὐτῆς.
948 1260 967 1294 ι
1004 1238 1199 1294 Ἢνίκα
1228 1242 1328 1311 τὴν
1357 1242 1499 1311 ὑπὲρ
1517 1241 1673 1314 ἡμῶν
1697 1244 2010 1311 οἰκονομίαν

424 1327 667 1399 ἐπλήρου
701 1333 727 1382 6
756 1330 824 1383 δι’
851 1332 999 1399 ἡμᾶς
1030 1332 1229 1395 ὑποδὺς
1258 1333 1317 1385 τὸ
1346 1333 1641 1405 ἡμέτερον,
1676 1336 1785 1388 ἵετο
1814 1336 1907 1387 καὶ
1929 1336 2008 1397 είς

425 1419 722 1489 Βηθανίαν,
756 1424 854 1492 τῆς
889 1424 1081 1477 ἑαυτοῦ
1106 1425 1264 1493 δόξης
1303 1424 1609 1497 πληρώσων
1629 1428 1801 1497 αὑτήν
1828 1444 1841 1457 ·
1866 1427 2005 1497 αὕτη

422 1510 536 1582 γὰρ
579 1513 611 1582 ἡ
657 1512 820 1584 κώμη
854 1515 1025 1581 ἐστὶν,
1078 1510 1146 1587 ἧς
1190 1519 1288 1577 τὴν
1342 1518 1536 1587 κλῆσιν
1580 1520 1937 1589 παρέδραμεν
1979 1520 2008 1573 6

422 1606 821 1679 εὑαγγελιστὴς
838 1610 870 1660 ἁ
879 1626 984 1678 μνη
995 1610 1275 1679 μόνευτον,
1305 1610 1701 1675 ἑξεταστικωτέ
1710 1628 1840 1682 ρους
1860 1612 2007 1681 ἡμᾶς

423 1700 654 1769 ποιῆσαι
687 1700 1028 1772 βουλόμενος.
1081 1703 1301 1772 Ἐπειδὴ
1334 1704 1443 1775 γὰρ
1473 1703 1712 1774 Βηθανία
1743 1699 1891 1766 οἶκος
1922 1704 2007 1757 δόο

421 1793 523 1861 ξης
553 1792 941 1863 ἑρμηνεύεται,
982 1795 1091 1848 ἔδει
1122 1796 1217 1849 καὶ
1248 1797 1419 1866 αὐτὴν
1455 1797 1554 1849 οὐκ
1590 1796 1819 1866 ἄμοιρον
1849 1797 2005 1866 γενέ-

420 1883 548 1936 σθαι
571 1886 670 1954 τῆς
701 1885 854 1949 θείας
872 1887 1052 1957 δόξης.
1080 1887 1195 1957 Τῆς
1223 1889 1281 1940 δὲ
1317 1864 1426 1943 των
1456 1864 1761 1960 ἀνθρώπων
1786 1864 2002 1958 φύσεως
2029 1864 2077 1925 Β

417 1975 505 2038 είς
528 1975 620 2029 δύο
658 1977 788 2049 γένη
831 1979 1197 2051 διῃρημένης,
1231 1983 1311 2045 είς
1341 1983 1510 2054 ἇρῤεν
1545 1983 1687 2051 λέγω
1716 1985 1809 2038 καὶ
1842 1984 1999 2053 θῆλυ,

418 2067 610 2138 ἐπειδὴ
641 2069 699 2122 ὲν
724 2068 949 2140 Χριστῷ
985 2071 1159 2141 Ἰησοῦ
1188 2074 1288 2125 οὐκ
1315 2073 1464 2126 ἔστιν
1501 2074 1672 2145 ἇῤῥεν
1706 2075 1803 2128 καλ⁵
1837 2076 1999 2146 θῆλυ,

414 2160 564 2212 κατὰ
596 2160 688 2213 τὸν
727 2162 1079 2229 Ἀπόστολον,
1109 2164 1199 2217 διά
1236 2165 1396 2218 τοῦτο
1438 2167 1562 2219 οὐδὲ
1595 2169 1656 2219 τὸ
1687 2172 2003 2236 γυναικεῖον

416 2249 593 2317 φῦλον
648 2253 753 2318 ἔξω
788 2255 887 2325 τῆς
934 2256 1213 2326 σωτηρίας
1250 2258 1749 2335 καταλιμπάνεται.
1800 2262 2003 2331 ’Ἄμφω

416 2341 553 2409 γὰρ,
587 2343 683 2397 καὶ
715 2345 850 2413 γυνὴ
876 2348 972 2399 καὶ
1001 2347 1165 2416 ἀνὴρ,
1197 2350 1297 2417 τῆς
1325 2351 1547 2420 ἐντολῆς
1582 2351 2000 2408 ὲκπεπτώκασι.

414 2434 743 2504 Ξεναγετται
785 2439 1081 2510 τοιγαροῦν
1125 2441 1231 2495 ὑπὸ
1284 2443 1513 2513 Μάρθας
1558 2447 1585 2498 6
1621 2444 1845 2515 Κύριος,
1878 2448 2002 2517 ἥτις

414 2527 514 2581 τοῦ
546 2528 799 2600 Λαζάρου
836 2531 1173 2601 γνωρίζεται
1220 2534 1505 2604 σύναιμος.
1550 2535 1691 2587 Ἀλλ’
1721 2536 1860 2606 αῦτη
1903 2538 2002 2608 μὲν

416 2625 758 2694 σωματικῶς
816 2629 1159 2698 ἐπειγομένη
1209 2630 1548 2700 θεραπεῦσαι
1625 2631 1719 2685 τδν
1771 2632 1999 2701 Κύριον,

421 2734 444 2767 ι
478 2718 843 2787 Περιεσπᾶτο,
867 2721 1023 2790 φησὶ,
1045 2720 1173 2791 περὶ
1202 2722 1403 2790 πολλὴν
1432 2722 1742 2776 διακονίαψ
1768 2745 1786 2775 ι
1825 2725 1856 2794 ἡ
1883 2724 2002 2777 σύν-

412 2826 581 2878 αιμος
614 2809 691 2874 δὲ,
730 2811 824 2864 ἆτε
855 2811 932 2882 τῷ
982 2813 1085 2878 τῆς
1127 2814 1484 2879 διδασκαλίας
1519 2817 1808 2887 ἀγκίστρῳ
1840 2815 1999 2887 ἐξηρο

414 2903 658 2975 τημένη,
692 2907 787 2958 καὶ
823 2907 918 2959 τοῦ
948 2906 1096 2960 θείου
1129 2909 1294 2975 λόγον
1325 2909 1610 2979 κατάκρας
1646 2910 1871 2975 ἁλοῦσα,
1906 2910 2002 2964 καὶ

368 3038 373 3039 ν
413 2996 483 3048 τδ
511 2993 680 3062 γλυκὺ
707 2996 859 3065 βέλος
874 2998 1200 3062 τῆςὲκείνου
1229 3000 1447 3070 ἀγάπης
1472 2999 1767 3071 δεδεγμένη
1793 3004 1970 3074 ὲγκάρ
1988 3031 2000 3045 ο

414 3085 556 3145 διον,
607 3086 703 3139 καὶ
745 3086 839 3139 τοῦ
873 3087 1014 3157 ὑπὲρ
1055 3088 1213 3159 ἡμῶν
1248 3090 1648 3153 ὲκκενωθέντος
1685 3091 1862 3163 μύρου
1902 3095 2001 3165 τῆς

416 3177 575 3241 Θείας
601 3180 903 3247 αἰσθομένη
933 3180 1132 3251 ὀσμῆς.
1164 3182 1257 3251 ὅλη
1294 3182 1393 3253 τῆς
1421 3184 1737 3255 ἀκροάσεως
1769 3187 1997 3255 γίνεται,
2032 3226 2075 3284 C

422 3274 711 3343 μονονουχὶ
730 3272 801 3326 τὰ
825 3272 920 3327 τοῦ
946 3273 1226 3344 ’ᾼσματος
1255 3274 1491 3342 λέγουσα
1512 3293 1526 3307 ο
1555 3277 1677 3338 (Et;
1697 3279 1874 3348 ὀσμὴν
1894 3280 2003 3349 μύ-

422 3384 523 3438 ρου
572 3382 668 3420 σου
713 3366 971 3439 ἔδραμον,
1009 3368 1091 3420 ὅτι
1138 3368 1458 3437 τετρωμένη
1493 3369 1593 3439 τῆς
1637 3370 1735 3439 σῆς
1779 3371 2004 3442 ἀγάπης

419 3460 563 3531 εἰμί.
592 3479 609 3513 ι
647 3460 882 3529 Ἔμελλε
916 3462 972 3515 δὲ
999 3463 1094 3515 καὶ
1140 3461 1280 3531 αὕτη
1328 3462 1526 3532 μικρὸν
1555 3462 1783 3534 ὕστερον
1830 3464 2004 3533 μύρον

421 3555 573 3627 αὐτῷ
602 3556 924 3626 προσάγειν,
963 3557 1228 3626 πρότερον
1259 3556 1355 3623 μὲν
1390 3556 1801 3626 τυπικώτερον,
1842 3557 2004 3611 ὓστε-

423 3666 519 3721 ρον
546 3649 603 3703 δὲ
635 3649 729 3702 καὶ
773 3650 971 3719 ἑαυτὴν
1005 3650 1133 3716 ὃλην
1166 3651 1431 3720 ἀναϐῆναι
1481 3651 1623 3722 Θεῷ.
1672 3652 2003 3719 Βουλόμενος

417 3739 480 3792 δὲ
513 3741 541 3793 6
572 3739 731 3807 λόγος
761 3741 822 3793 τὸ
870 3742 998 3810 περὶ
1039 3741 1140 3809 τῆς
1172 3739 1531 3804 διδασκαλίας
1570 3744 1744 3812 αὐτῆς
1779 3745 2004 3799 ἁδίστα-

418 3850 553 3887 κτον
601 3834 901 3899 ὑποδεῖξαι,
940 3835 1417 3905 παρακαθημένην
1464 3836 1639 3907 αὐτὴν
1687 3836 1766 3908 τῷ
1814 3838 2004 3910 Κυρίῳ

420 3927 739 4000 παρέστησε
765 3944 780 3958 ο
810 3929 947 3999 φησὶ
979 3930 1085 4000 γάρ
1117 3945 1131 3961 ·

505 4122 525 4155 ι
558 4102 670 4158 Καὶ
715 4103 846 4174 τῇδε
891 4098 960 4173 ἦν
1010 4103 1215 4175 ἀδελφὴ
1262 4103 1574 4175 καλουμένη
1623 4106 1835 4177 Μαρία,
1882 4107 2006 4177 ἥτις

427 4196 856 4267 παρακαθίσασα
892 4198 1043 4266 παρὰ
1090 4198 1216 4260 τοὺς
1263 4198 1430 4260 πόδας
1459 4198 1553 4250 τοῦ
1601 4199 1800 4267 Ἰησοῦ,
1837 4200 2005 4269 ἤκουε

423 4288 518 4340 τὸν
555 4288 713 4356 λόγον
773 4287 966 4341 αὐτοῦ.
994 4307 1013 4341 ι
1054 4287 1128 4341 Τὸ
1164 4290 1362 4355 πάγιον
1401 4290 1565 4342 οἱονεὶ
1598 4291 1880 4361 σημαίνων
1911 4294 2007 4345 καὶ

427 4380 685 4434 ἄσειστον
711 4396 728 4413 ο
756 4379 1095 4449 λαμϐάνεται
1122 4380 1228 4449 γὰρ
1255 4380 1311 4432 ἐν
1342 4383 1405 4450 τῇ
1442 4380 1563 4451 θεὲᾳ
1593 4382 1784 4453 Γραφῇ
1826 4383 1888 4436 τὸ
1908 4385 2006 4454 τῆς

428 4471 699 4541 καθέδρας
737 4472 909 4539 ὄνομα
938 4472 1348 4541 παραστατικὸν
1376 4472 1475 4541 τῆς
1508 4474 1565 4524 ὲν
1602 4473 1679 4541 τῷ
1716 4475 2006 4545 πράγματι

2124 631 2282 683 quam
2316 619 2751 688 concinnamque
2779 617 3107 671 cantilenam
3140 612 3557 667 emodulandam
3593 610 3699 664 im-

2120 706 2374 774 pcllatur.
2401 708 2506 762 Sed
2533 709 2658 776 quid
2684 723 2784 774 ego
2810 707 2895 761 hic
2920 705 3156 760 faciam?
3179 704 3437 774 Equidem
3466 703 3699 769 linguam

2120 796 2259 850 hanc
2292 798 2568 853 insuavem
2603 800 2945 868 ineptamqun
2997 800 3259 863 movebo;
3305 807 3556 850 raterum
3582 810 3700 850 ser-

2118 902 2332 941 monem
2364 889 2429 942 ad
2466 891 2795 945 audientium
2832 889 3117 944 utilitatem
3149 887 3310 944 Verbi
3347 888 3516 943 Mater
3549 904 3699 943 emo-

2117 979 2409 1035 dulabitur.

2190 1071 2246 1125 In
2282 1072 2371 1126 illo
2398 1082 2643 1139 tempore
2683 1093 2701 1126 ι
2736 1073 3017 1142 Ingressus
3062 1082 3146 1127 est
3193 1071 3350 1126 Jesus
3404 1072 3457 1125 in
3519 1071 3694 1140 quod-

2115 1163 2235 1215 dam
2268 1164 2547 1217 castellum
2573 1181 2588 1231 ;
2618 1174 2670 1219 et
2706 1165 2900 1219 mulier
2932 1165 3177 1234 quaedam
3228 1164 3434 1217 Martha
3478 1164 3697 1218 nomine

2113 1252 2326 1319 excepit
2353 1268 2474 1306 eum
2510 1254 2561 1306 in
2596 1255 2808 1308 domum
2859 1270 3012 1307 suam
3055 1254 3119 1306 ".
3156 1272 3173 1304 ι
3212 1252 3328 1318 Quo
3360 1260 3601 1322 tempore
3630 1266 3694 1306 ea

2112 1358 2232 1413 qute
2277 1345 2341 1398 ad
2395 1346 2624 1399 Salutem
2672 1356 2911 1399 nostram
2954 1354 3110 1399 erant
3148 1345 3406 1412 disposita
3452 1343 3563 1407 ille,
3603 1341 3692 1411 qui

2112 1446 2331 1504 propter
2383 1451 2508 1501 nos,
2556 1437 2697 1505 quod
2744 1446 2986 1491 nostrum
3040 1436 3452 1503 exsequebatur,
3501 1432 3698 1486 Betha-

2112 1527 2254 1581 niam
2284 1529 2447 1581 etiam
2488 1529 2671 1583 adibat
2700 1538 2757 1582 ut
2793 1544 2888 1584 sua
2921 1543 3038 1584 eam
3073 1527 3240 1597 gloria
3279 1525 3562 1595 impleret;
3593 1525 3695 1579 hoc

2110 1621 2382 1686 siquidem
2417 1622 2544 1675 illud
2582 1623 2865 1676 castellum
2900 1631 2983 1676 est
3013 1620 3169 1691 cujus
3203 1635 3395 1674 nomen
3430 1618 3695 1673 indictum

2112 1713 2455 1781 Evangelista
2480 1715 2769 1782 praeteriit;
2815 1723 2872 1766 ut
2905 1729 3002 1766 nos
3038 1715 3102 1766 ad
3137 1710 3565 1779 investigandum
3601 1723 3695 1762 so-

2112 1805 2361 1860 lertiores
2394 1807 2650 1861 emi-cret.
2688 1806 2953 1873 Quoniam
2985 1805 3129 1858 enim
3162 1804 3478 1858 Bethaniam
3512 1799 3696 1870 gloria:

2111 1900 2319 1953 domum
2350 1900 2463 1971 (76)
2499 1902 2936 1968 interpretamur,
2975 1913 3147 1967 neque
3197 1912 3315 1951 eam
3351 1895 3545 1948 divina:
3576 1891 3694 1962 glo-

2112 1992 2204 2045 riae
2251 2003 2523 2055 expertem
2575 2006 2694 2045 esse
2746 1991 3053 2056 oportebat.
3102 1989 3238 2044 Cum
3291 2003 3417 2041 vero
3466 1987 3517 2039 in
3558 1986 3694 2039 duos

2112 2097 2275 2138 sexus
2310 2083 2544 2137 hominis
2575 2083 2646 2137 sit
2676 2083 2845 2135 divisa
2877 2090 3090 2145 natura,
3118 2082 3167 2133 in
3196 2094 3422 2141 marem,
3446 2079 3691 2146 inqttam,

2112 2184 2167 2228 et
2204 2175 2499 2241 feminam;
2541 2175 2796 2244 quoniam
2844 2175 2897 2227 in
2952 2173 3169 2227 Christo
3209 2170 3334 2226 Jesu
3372 2184 3544 2239 neque
3575 2184 3693 2223 mas

2109 2275 2189 2320 est
2222 2267 2334 2337 (77)
2370 2282 2545 2336 neque
2571 2266 2795 2331 femina,
2824 2276 2883 2318 ut
2917 2264 3209 2333 Apostolus
3240 2265 3311 2315 ait
3340 2263 3407 2326 ⁸⁸,
3444 2263 3565 2316 ideo
3601 2279 3696 2316 ne-

2110 2374 2217 2429 que
2255 2359 2545 2414 femineum
2579 2372 2751 2427 genus
2780 2356 3086 2412 etcluditur
3115 2372 3142 2408 a
3180 2356 3378 2408 salute.
3412 2356 3582 2407 Ambo
3617 2353 3696 2407 si-

2110 2451 2356 2522 quidem,
2382 2452 2462 2504 vir
2489 2460 2541 2503 ct
2563 2449 2775 2514 mulier,
2812 2457 3139 2517 praeceptum
3180 2445 3515 2515 pratvaricati
3543 2453 3691 2498 sunt.

2112 2541 2283 2612 Igitur
2315 2541 2555 2609 hospitio
2585 2540 2855 2603 excipitur
2905 2539 3164 2592 Dominus
3216 2553 3243 2590 a
3292 2538 3520 2601 Martha,
3574 2550 3727 2605 quas

2108 2635 2322 2705 quidem
2349 2633 2537 2687 Lazari
2561 2646 2716 2687 soror
2742 2646 2862 2687 esse
2885 2631 3209 2686 declaratur.
3237 2628 3429 2682 Verum
3459 2644 3542 2694 ea,
3570 2643 3692 2682 cum

2109 2727 2164 2781 in
2203 2728 2363 2781 rebus
2404 2727 2469 2779 ad
2522 2740 2722 2794 corpus
2764 2722 3128 2793 spectantibus
3166 2721 3415 2775 famulari
3465 2719 3693 2774 Domino

2108 2820 2424 2885 festinaret,
2457 2836 2476 2869 ι
2508 2819 2807 2888 satagebat,
2859 2816 3051 2884 inquit,
3100 2816 3243 2867 circa
3292 2813 3545 2878 frequens
3594 2812 3694 2864 uti-

2108 2913 2427 2979 nisterium;
2484 2928 2504 2963 ι
2542 2928 2699 2966 soror
2748 2925 2897 2974 vero,
2926 2920 2982 2962 ut
3014 2924 3132 2975 qum
3160 2909 3226 2960 ab
3253 2908 3412 2960 hamo
3435 2905 3693 2958 doctrinre

2110 3007 2394 3074 penderet,
2432 3015 2486 3058 et
2511 3004 2694 3058 divino
2729 3017 2981 3058 sermone
3016 3001 3231 3070 penitus
3261 3007 3415 3066 rapta
3443 3005 3608 3059 esset,
3640 3004 3695 3048 et

2110 3099 2265 3153 dulce
2309 3098 2593 3154 charilatis
2628 3098 2797 3168 ipsius
2846 3098 2897 3149 in
2948 3095 3126 3148 medio
3176 3103 3390 3159 pectore
3428 3089 3693 3156 spiculum

2109 3193 2436 3259 excepisset,
2487 3200 2539 3244 et
2589 3188 2846 3260 unguenti
2897 3187 3039 3240 illius
3089 3202 3183 3252 pro
3220 3184 3373 3237 nobis
3429 3180 3695 3237 exinaniti

2108 3284 2349 3339 divinum
2397 3283 2623 3336 sentiret
2656 3282 2900 3344 odorem,
2935 3280 2985 3333 in
3023 3278 3376 3331 auscultando
3414 3288 3521 3331 tota
3554 3290 3693 3339 erat,

2107 3376 2267 3429 tnodo
2327 3389 2431 3428 non
2482 3374 2610 3427 illud
2656 3371 2866 3426 Cantici
2921 3386 3189 3438 usurpans
3236 3386 3251 3424 :
3294 3388 3312 3421 ι
3357 3368 3415 3423 In
3470 3371 3692 3424 odorem

2107 3464 2366 3532 unguenti
2422 3464 2497 3518 tui
2545 3465 2798 3529 cucurri;
2867 3463 3122 3532 quoniam
3179 3463 3364 3516 saucia
3407 3478 3523 3516 sum
3559 3461 3693 3516 cha-

2108 3556 2269 3609 ritate
2314 3565 2401 3609 tua
2436 3556 2502 3610 ".
2537 3574 2555 3607 ι
2609 3555 2674 3611 Et
2718 3571 2847 3609 sane
2892 3556 3006 3624 ipsa
3047 3558 3207 3609 etiam
3242 3554 3398 3624 paulo
3426 3563 3550 3623 post
3578 3561 3698 3607 erat

2107 3659 2446 3715 unguentum
2504 3649 2580 3702 illi
2639 3649 2886 3702 ablatura
2934 3664 2948 3701 :
3005 3658 3059 3703 et
3105 3650 3253 3715 prius
3304 3648 3516 3714 quidem
3567 3645 3694 3699 illud

2110 3740 2370 3811 typicum,
2397 3750 2517 3808 post
2546 3741 2707 3793 etiam
2733 3750 2904 3794 semet
2932 3748 3097 3793 t0tam
3123 3738 3350 3792 Domino
3374 3751 3696 3790 consecrare

2107 3831 2359 3885 debebat.
2415 3832 2548 3886 Cum
2582 3842 2763 3886 autem
2802 3831 3116 3885 firmitatem
3155 3830 3350 3883 mentis
3389 3828 3506 3897 ejus
3544 3829 3691 3881 circa

2105 3923 2407 3977 doctrinam
2454 3923 2761 3994 significare
2814 3922 2971 3977 vellet
3028 3921 3411 3991 EVangelista,
3469 3919 3696 3975 Domino

2107 4030 2227 4069 eam
2263 4016 2586 4070 assidentem
2618 4015 2898 4079 exhibuit;
2934 4014 3007 4068 ait
3037 4016 3178 4069 enim
3207 4033 3222 4070 :

2185 4124 2204 4157 ι
2242 4107 2301 4159 Et
2350 4106 2474 4160 huic
2522 4116 2639 4159 erat
2682 4120 2836 4159 soror
2871 4105 3088 4159 nomine
3135 4105 3326 4172 Maria,
3362 4120 3482 4176 qua:
3531 4104 3693 4155 etiam

2106 4203 2303 4256 sedens
2348 4216 2507 4255 secus
2556 4199 2723 4271 414,
2774 4198 2940 4267 pedes
2990 4196 3118 4252 Jesu
3173 4201 3426 4253 audiebat
3468 4198 3696 4252 verbum

2111 4293 2279 4347 Illius.
2332 4310 2349 4342 ι
2392 4291 2806 4345 Firtnitudiuem
2844 4289 3054 4343 scilicet
3100 4292 3572 4359 constantiamque
3621 4287 3699 4343 si-

2109 4401 2303 4455 gnans.
2352 4384 2406 4438 Ιιι
2454 4385 2626 4439 sacris
2665 4385 2810 4441 enim
2863 4384 3084 4439 Litteris
3117 4383 3385 4436 stabilitas
3432 4386 3485 4435 in
3518 4384 3698 4450 aliquo

2114 4479 2330 4547 negotio
2365 4478 2479 4545 (78)
2510 4479 2657 4532 sedis
2682 4480 2900 4532 nomine
2935 4477 3232 4531 indicatur.
3266 4474 3397 4528 Nam
3428 4486 3481 4529 et
3514 4474 3699 4528 Domi-

431 4566 814 4635 μονιμότητος.
851 4564 925 4617 Τὸ
948 4564 1057 4635 γὰρ
1084 4565 1176 4615 καὶ
1218 4563 1380 4616 αὐτὸν
1423 4564 1512 4615 τὸν
1556 4565 1758 4632 Κύριον
1784 4565 2005 4619 καθίσαι

2114 4589 2240 4626 ιιιιιιι
2299 4573 2489 4626 sedere
2543 4577 2594 4625 in
2629 4573 2849 4626 dextera
2904 4571 3075 4624 Patris
3121 4569 3367 4623 stabilem
3420 4568 3469 4621 in
3517 4568 3695 4621 divina

427 4659 486 4709 ἑν
512 4657 659 4727 δεξιᾷ
695 4657 789 4709 τοῦ
830 4656 1042 4727 Πατρὸς
1090 4654 1185 4725 τὴν
1251 4657 1308 4708 ὲν
1335 4658 1401 4725 τῇ
1433 4654 1552 4726 θείᾳ
1576 4656 1703 4727 δόξῃ
1745 4657 2005 4726 σημαίνει

428 4749 701 4819 σταθερὰν
755 4749 1118 4817 μονιμότητα.
1167 4748 1297 4800 Ἰδοι
1366 4749 1424 4801 δέ
1472 4766 1555 4810 τις
1603 4750 1871 4821 καθέδραν
1911 4754 2007 4805 καὶ

423 4841 526 4911 τὴν
561 4842 619 4893 ὲν
652 4840 729 4911 τῷ
770 4840 926 4908 κακῷ
951 4841 1223 4910 ὲμμονήν.
1265 4842 1337 4892 Τὸ
1375 4840 1504 4909 γὰρ,
1537 4859 1553 4891 ι
1602 4841 1724 4893 Ἐπὶ
1768 4843 2007 4913 καθέδρα

424 4934 629 5003 λοιμῶν
661 4934 761 4987 οὐκ
807 4934 1133 4991 ἐκάθισενω
1169 4933 1461 5003 εἰρημένον
1509 4933 1645 5003 πρὸς
1685 4933 1779 4986 τοῦ
1818 4936 2002 5001 Δαὸὶδ,

425 5027 486 5079 οὐ
516 5026 722 5093 ταύτην
770 5024 1028 5094 σημαίνει
1080 5024 1166 5090 ἐφ’
1196 5018 1262 5093 ἧς
1304 5025 1364 5075 τὸ
1401 5024 1559 5092 σῶμα
1586 5024 2003 5091 διαναπαύεται,

426 5114 563 5170 ἀλλὰ
588 5117 687 5179 τὴν
720 5116 981 5184 ἐπίμονον
1007 5116 1064 5167 ἐν
1094 5117 1158 5183 τῇ
1203 5114 1386 5184 κρίσει
1413 5116 1511 5184 τῆς
1555 5114 1753 5177 κακίας
1782 5116 2005 5185 διατρι-

426 5206 549 5276 ϐὴν,
584 5206 653 5276 ἢν
689 5208 815 5267 τοὺς
849 5207 1123 5275 φυγόντας
1148 5210 1175 5259 6
1206 5206 1417 5276 ψαλμὸς
1445 5209 1806 5277 ἐμακάρισεν.
1844 5209 1954 5262 Kal.
1980 5211 2007 5262 6

430 5298 684 5381 βαιιλεὺς
711 5298 924 5363 Νινευῒ,
971 5299 1241 5369 διδαχθεὶς
1278 5299 1426 5369 παρὰ
1452 5299 1546 5352 τοῦ
1585 5301 1869 5369 προφήτου
1906 5301 2008 5371 τῆς

2115 4664 2285 4733 gloria
2317 4664 2581 4733 significat
2623 4663 2955 4716 firmitatem.
2994 4662 3132 4727 Quin
3166 4668 3217 4712 et
3264 4660 3315 4711 in
3347 4658 3487 4711 malo
3524 4658 3697 4712 obsti-

2117 4765 2298 4807 natum
2334 4754 2573 4806 animum
2620 4752 2769 4807 sedis
2813 4752 3028 4805 nomine
3070 4751 3243 4804 notari
3278 4749 3546 4816 quispiam
3581 4748 3698 4800 ani-

2118 4844 2488 4897 madverterit.
2524 4841 2675 4907 Quod
2707 4842 2853 4894 enim
2883 4858 2911 4894 a
2948 4839 3150 4895 Davide
3180 4842 3379 4893 dictum
3406 4848 3489 4892 est
3524 4854 3537 4891 :
3579 4856 3599 4889 ι
3630 4838 3697 4892 Ει

2115 4937 2167 4989 in
2216 4936 2473 4991 cathedra
2531 4936 2851 5004 pestilentia;
2905 4950 3012 4987 non
3061 4935 3199 4987 sedit
3248 4932 3317 4995 ⁸ο,
3379 4950 3398 4983 ι
3432 4946 3536 4985 ιιυιι
3579 4946 3696 4985 eam

2112 5029 2381 5093 signiﬁcat
2411 5028 2617 5091 sedem,
2653 5029 2703 5080 in
2739 5042 2843 5094 quo
2878 5026 3171 5094 requiescit
3201 5040 3419 5093 corpus,
3452 5023 3544 5077 sed
3582 5038 3697 5091 pero

2118 5118 2344 5169 tiuacem
2382 5116 2432 5168 in
2469 5116 2594 5169 mali
2628 5116 2895 5171 electione
2929 5116 3389 5185 permansionent,
3418 5129 3577 5181 quam
3604 5111 3694 5182 qui

2115 5211 2384 5275 fugerent,
2422 5208 2607 5262 beatos
2634 5208 2889 5275 Drmdicat
2925 5206 3175 5261 Psalmus
3203 5207 3271 5259 “.
3302 5205 3419 5260 Jam
3453 5218 3581 5258 vero
3604 5217 3695 5256 rex

2114 5303 2303 5358 Ninive
2338 5302 2406 5355 de
2443 5302 2591 5357 urbis
2619 5300 2831 5355 excidio
2861 5316 2888 5353 a
2922 5301 3189 5370 propheta
3223 5299 3446 5354 edoctus
3482 5311 3513 5351 e
3569 5293 3698 5351 sedc

518 5459 564 5491 "
604 5459 737 5515 an.
765 5478 823 5523 κ,
861 5461 931 5516 '58
964 5474 1116 5530 seqq.
1194 5460 1239 5493 ⁸⁸
1277 5460 1453 5515 Galat.
1491 5475 1577 5527 ιιι,
1609 5459 1699 5514 ‘28.
1779 5461 1825 5494 ⁸ο
1865 5461 2003 5516 Crat

2152 5462 2205 5517 5.
2284 5462 2329 5493 ⁸ο
2382 5461 2523 5515 Psal.
2574 5478 2612 5527 ι,
2649 5461 2701 5517 1.
2777 5460 2822 5494 ⁸⁸
2860 5460 2991 5516 ibid.

1667 5590 1997 5652 Francisci
2033 5591 2241 5653 Scorsi
2277 5596 2465 5651 notae.

508 5714 623 5785 (76)
666 5715 978 5771 Bctham'am
1002 5715 1185 5785 gloria:
1206 5718 1442 5769 domum.
1466 5714 1538 5767 De
1562 5713 1663 5767 hac
1688 5714 2012 5785 etymologia

433 5784 671 5840 diximus
710 5792 773 5841 ad
819 5790 964 5842 hom.
1001 5784 1126 5847 xxv,
1168 5795 1283 5845 not.
1325 5785 1410 5838 78.

510 5857 621 5929 (77)
663 5854 839 5928 Neque
874 5873 985 5911 uta:
1015 5866 1111 5911 est.
1142 5856 1342 5911 Desunt
1385 5858 1495 5910 haec
1527 5857 1575 5923 in
1608 5854 1668 5911 C.
1697 5854 1754 5911 ιι.
1790 5854 2010 5925 Ἐπειδὴ

2122 5714 2182 5767 ὲν
2236 5711 2459 5784 Χριστῷ
2529 5712 2707 5784 Ἰησοῦ
2740 5714 2839 5768 οὐκ
2875 5712 3022 5766 ἔστιν
3054 5713 3223 5782 ἄρρεν
3265 5711 3358 5784 καὶ
3393 5709 3546 5784 θῆλυ.

2193 5779 2307 5853 (78)
2348 5779 2628 5838 Ξειιίιὶίὶιάε
2678 5786 2728 5839 in
2785 5785 2965 5854 aliqua
3008 5779 3234 5853 negotio.
3274 5779 3403 5835 Vide
3438 5783 3577 5836 dicta
3625 5781 3693 5836 ad

2126 5856 2271 5912 hom.
2307 5871 2431 5923 xxx,
2473 5865 2584 5910 not.
2614 5855 2669 5911 9..
