4074 6434
392 368 538 437 1055

1575 376 2074 439 TIIEOPHANIS
2112 378 2455 440 CERAMEI

3532 376 3673 441 i056

391 491 605 555 potest;
647 482 699 538 in
760 485 1222 557 contemplatione
1280 503 1410 543 vero
1441 462 1495 543 ct
1529 492 1775 560 profectu
1806 496 1971 548 virtu-

2088 491 2286 561 ἀρετὴν
2316 490 2626 564 προκοπῆς,
2659 488 2813 552 τέλος
2862 488 2962 542 οὐκ
3023 488 3172 554 ἔστιν
3224 489 3430 556 εὐρεῖν.
3486 488 3670 559 Ὅπερ

394 587 531 642 tum,
564 592 670 633 non
704 586 787 631 est
817 578 1018 633 exitum
1043 578 1308 634 invenire.
1334 579 1487 646 Quod
1514 596 1646 637 sane
1672 584 1979 654 intelligens

396 681 629 735 magnus
658 668 750 722 ille
787 667 952 721 David
988 683 1001 719 :
1042 687 1062 720 ι
1098 668 1366 735 Exaltate,
1424 670 1617 740 inquit,
1667 673 1978 740 Dominum,

397 755 564 811 Deum
622 766 887 821 nostrum,
932 766 985 812 et
1032 758 1254 813 adorate
1289 759 1584 815 scabellum
1616 763 1810 830 pedum
1841 762 1978 831 ejus,

395 846 652 918 quoniam
706 858 953 902 sanctum
1002 850 1168 904 est“.
1205 870 1222 901 ι
1252 850 1462 916 Quibus
1496 852 1679 907 verbis
1718 855 1978 918 ostendit,

395 938 565 1006 quod,
602 953 708 1007 quo
741 939 967 994 ulterius
1018 957 1169 995 mens
1200 942 1437 998 humana
1472 959 1533 999 se
1562 945 1888 1010 extenderit,
1926 953 2011 1001 et.

397 1027 463 1080 ad
497 1041 874 1099 quamcunque
918 1035 1231 1100 pervenerit
1281 1036 1565 1091 sublimem
1618 1038 1886 1094 sentiendi
1918 1041 1983 1094 de

401 1118 510 1173 Deo
535 1120 771 1188 speciem
810 1132 977 1190 atque
1023 1134 1367 1192 conceptum,
1396 1135 1523 1182 tunc.
1551 1144 1702 1195 sane,
1739 1130 1883 1200 quod
1915 1129 1982 1185 ab

400 1209 515 1276 ipsa
548 1211 824 1267 inventum
859 1213 1041 1280 fuerit,
1101 1232 1207 1271 non
1266 1220 1435 1287 ipsam
1471 1234 1593 1275 esse
1644 1220 1782 1289 ejus,
1839 1222 1982 1291 quod

400 1303 696 1371 quaeritur,
752 1307 1219 1374 magnitudinem,
1280 1312 1374 1364 sed
1431 1311 1728 1366 seahellum
1787 1314 1980 1381 pedum

399 1390 520 1460 ejus
551 1408 565 1445 :
597 1407 693 1464 per
741 1394 886 1463 quod
925 1411 1056 1450 sane
1081 1399 1427 1468 signiﬁcatur
1470 1403 1521 1457 id
1551 1404 1695 1472 quod
1737 1406 1985 1475 subiacet

403 1496 565 1554 atque
587 1485 893 1555 subjectum
922 1496 1008 1542 est
1037 1491 1203 1543 menti
1230 1502 1451 1557 nostrae,
1477 1493 1521 1549 si
1547 1509 1667 1548 cum
1697 1495 1788 1551 illa
1818 1513 1981 1566 quant

403 1576 622 1644 assequi
667 1593 828 1632 nemo
862 1586 1039 1648 potest
1071 1583 1578 1650 comprehensione,
1615 1599 1980 1657 comparetur.

402 1670 580 1735 Atque
606 1669 675 1723 ob
715 1669 853 1725 hanc
878 1686 1098 1726 causam
1132 1689 1290 1728 secus
1311 1675 1578 1733 salutares
1612 1680 1775 1747 pedes
1816 1679 1983 1737 Maria

402 1758 593 1814 sedere
645 1761 860 1817 dicitur.
923 1761 1337 1819 Observandum
1393 1783 1525 1823 vero
1574 1780 1658 1825 est
1714 1770 1979 1828 Martbam

2081 582 2238 644 εἰδὼς
2286 584 2314 635 ὁ
2345 583 2520 651 μέγας
2556 580 2745 647 Δαϐιδ,
2781 599 2801 633 ι
2841 580 3100 648 ’Υψοῦτε,
3134 580 3308 647 λέγει,
3342 580 3550 649 Κύριον
3575 581 3671 635 τὸν

2079 674 2216 727 Θεὸν
2245 674 2427 744 ἡμῶν,
2486 673 2582 725 καὶ
2626 674 2992 743 προσκυνεῖτε
3060 672 3120 724 τὸ
3182 672 3476 726 ὑποπόδιον
3559 674 3673 727 τῶν

2082 768 2261 822 ποδῶν
2293 766 2483 830 αὐτοῦ,
2507 766 2591 820 ὅτι
2624 767 2782 834 ἅγιόν
2808 767 2980 827 ἐστιν,
3022 782 3041 817 ι
3073 766 3288 828 δεικνὺς
3311 766 3402 819 διὰ
3431 765 3669 832 τούτων,

2080 859 2163 912 ὄτι
2197 859 2322 911 ὅσον
2350 856 2416 910 ἂν
2448 856 2801 928 ὑπερεκταθῇ
2831 856 2942 909 τῶν
2974 855 3281 924 ἀνθρώπων
3348 858 3380 927 ή
3433 856 3668 924 διάνοια,

2081 950 2178 1005 καὶ
2207 950 2392 1003 πᾶσαν
2418 950 2667 1023 παρέλθῃ
2702 949 2916 1020 ὑψηλὴν
2949 948 3260 1019 φαντασίαν
3293 953 3353 1001 ὲν
3372 951 3495 1011 ταῖς
3540 950 3674 1019 περὶ

2082 1038 2223 1094 Θεοῦ
2256 1038 2584 1109 ὑπολήψεσι,
2617 1040 2741 1092 τότε
2785 1039 2846 1092 τὸ
2887 1039 3019 1110 παρ’
3049 1039 3230 1093 αὐτῶν
3280 1039 3674 1108 εὑρισκόμενον

2084 1134 2181 1188 καὶ
2209 1132 2719 1203 προσκυνούμενον,
2748 1133 2850 1186 οὐκ
2872 1132 3014 1200 αὑτὴ
3063 1133 3095 1203 ἠ
3162 1131 3525 1201 μεγαλειότης
3574 1130 3674 1192 τοῦ

2084 1223 2421 1294 ζητουμένου
2454 1224 2629 1286 ἐστὶν,
2684 1221 2822 1275 ἀλλὰ
2874 1222 2936 1275 τὸ
2994 1222 3287 1275 ὑποπόδιον
3324 1222 3436 1275 τῶν
3491 1220 3672 1276 ποδῶν

2084 1316 2273 1382 αὑτοῦ,
2305 1316 2367 1369 τὸ
2397 1315 2746 1384 ὑποϐεϐηκδς
2774 1313 2866 1368 διὰ
2890 1313 3084 1368 τούτου
3107 1314 3201 1368 καὶ
3225 1313 3378 1368 κάτω
3414 1314 3672 1386 κείμενον

2084 1408 2185 1478 τῆς
2211 1407 2454 1471 διανοίας
2505 1408 2693 1478 ἡμῶν,
2728 1404 3022 1476 συγκρίσει
3044 1406 3148 1475 τῆς
3174 1406 3470 1476 ἀνεφίκτου
3499 1423 3672 1462 κατα-

2086 1500 2307 1573 λήψεως
2331 1499 2736 1570 διερμηνεύων.
2771 1499 2983 1552 Τούτου
3005 1499 3168 1570 χάριν
3190 1502 3347 1569 παρά
3390 1499 3519 1562 τοὺς
3566 1517 3674 1553 σω-

2085 1593 2313 1664 τηρίους
2351 1592 2584 1662 πόδαςή
2638 1590 2826 1662 Μαρία
2884 1591 3367 1661 παρακαθίζεσθαι
3420 1591 3670 1661 λέγεται.

2086 1686 2432 1755 Σημειωτέον
2463 1685 2543 1748 δὲ,
2579 1685 2664 1738 ὅτι
2698 1684 2901 1754 Μάρθα
2935 1686 3036 1754 μὲν
3067 1684 3240 1738 ἐδεῖτο
3291 1685 3393 1755 τῆς
3438 1685 3672 1738 ἐπικου-

2089 1776 2211 1847 ρίας
2237 1776 2340 1846 τῆς
2403 1776 2667 1845 ἀδελφῆς,
2723 1775 2911 1843 Μαρία
2969 1776 3023 1828 δὲ
3090 1775 3298 1830 δεῖσθαι
3351 1776 3525 1846 αὐτῆς
3570 1776 3673 1847 οὐχ

412 1850 629 1918 quidem
658 1852 950 1922 indiguisse
981 1857 1182 1911 sororis
1205 1858 1444 1925 auxilio;
1467 1859 1692 1916 Mariam
1715 1879 1844 1919 vero
1872 1881 1978 1922 non

2089 1835 2397 1937 ίστδρηται.
2433 1835 2575 1920 Ἀλλ’
2600 1835 2904 1937 ’ἴδιυμεν-τί
2933 1883 3066 1938 φησι
3129 1866 3267 1937 πρὸς
3323 1835 3557 1939 αὐτὴν-ὁ
3592 1835 3671 1921 ὃιῖ

406 1941 635 1996 traditur
669 1945 883 2014 eguisse
913 1944 1049 2019 (88).
1088 1947 1197 2003 Sed
1232 1951 1358 2019 quid
1397 1952 1448 2006 ei
1485 1951 1746 2023 Magister
1783 1956 1983 2013 dixerit

401 2032 702 2091 videamus.

483 2146 503 2179 ι
534 2127 766 2195 Martha,
798 2130 1031 2196 Martha,
1083 2133 1314 2188 sollicita
1373 2150 1434 2192 es
1491 2143 1546 2191 et
1586 2139 1821 2196 turbaris
1855 2157 1982 2213 erga

401 2219 635 2287 plurima
666 2235 870 2288 :porro
896 2238 1064 2277 unum
1099 2234 1181 2280 est
1212 2229 1576 2282 necessarimn
1613 2247 1625 2282 :
1655 2228 1821 2288 Maria
1848 2237 1987 2304 opti-

403 2328 547 2366 mam
596 2325 805 2384 partem
864 2315 1045 2382 elegit,
1096 2332 1218 2387 quae
1268 2333 1372 2372 non
1417 2318 1694 2377 auferetur
1740 2328 1807 2379 ab
1840 2341 1923 2382 ea.
1958 2346 1977 2380 ι

405 2403 521 2458 Non
557 2406 723 2460 semel
758 2405 1024 2463 Martham
1058 2411 1357 2480 appellans,
1391 2414 1534 2482 quod
1567 2416 1832 2485 reliquum
1867 2427 1987 2473 erat

401 2495 669 2550 orationis
701 2498 964 2569 adjungit,
997 2500 1091 2555 sed
1121 2503 1232 2570 ipsa
1277 2505 1423 2560 vocis
1452 2508 1775 2577 repetitione
1797 2512 1864 2565 ab
1894 2527 1986 2566 su-

404 2585 709 2640 blimiorem
746 2587 1048 2646 doctrinam
1082 2596 1405 2652 audiendam
1444 2599 1565 2668 ejus
1605 2604 1803 2658 excitat
1836 2620 1988 2660 men-

404 2684 536 2734 tem.
566 2677 870 2737 Dietionem
924 2685 1069 2738 enim
1102 2687 1491 2757 conduplicare
1522 2693 1824 2759 consuevit,
1861 2712 1985 2752 eum

404 2768 608 2838 aliquid
645 2773 970 2831 conﬁrmare
1023 2778 1202 2839 vellet.
1257 2792 1354 2836 aut
1400 2783 1634 2851 duobus,
1692 2803 1813 2855 qua;
1844 2788 1983 2844 idem

405 2860 641 2929 valeant,
677 2866 751 2919 uti
785 2869 1136 2939 nominibus;
1163 2881 1220 2927 ut
1260 2873 1389 2928 illud
1421 2891 1438 2929 :
1509 2895 1528 2929 ι
1562 2878 1756 2948 Amen,
1789 2883 1984 2948 Amen,

404 2955 528 3009 dico
559 2958 744 3025 vobis;
780 2977 799 3011 ι
844 2972 931 3015 et:
970 2980 989 3015 ι
1029 2963 1237 3037 Simon,
1269 2965 1481 3034 Simon,
1530 2969 1702 3027 habeo
1755 2973 1849 3027 tibi
1882 2975 1987 3028 ali-

405 3047 533 3115 quid
554 3048 737 3104 dicere
755 3051 823 3117 ";
858 3072 876 3104 ι
903 3063 958 3107 et
982 3072 995 3108 :
1031 3075 1050 3106 ‹
1078 3057 1262 3112 Simon
1286 3057 1531 3127 Joannis,
1549 3062 1728 3134 diligis
1751 3066 1933 3119 me”?
1961 3085 1981 3118 ι

2083 1958 2375 2024 δάσκαλος.

2162 2153 2183 2188 ι
2220 2134 2444 2206 Μάρθα,
2469 2134 2692 2208 Μάρθα,
2737 2136 3011 2206 μεριμνᾷς
3077 2135 3173 2188 καὶ
3233 2133 3484 2207 τυρϐἀζῃ
3536 2132 3673 2200 περὶ

2086 2227 2283 2289 πολλὰ,
2315 2228 2434 2291 ὲνὸς
2460 2227 2518 2280 δέ
2552 2231 2670 2280 ἐστι
2728 2229 2911 2297 χρεία.
2956 2225 3145 2296 Μαρία
3194 2226 3251 2280 δὲ
3299 2226 3399 2297 τὴν
3457 2225 3672 2296 ἀγαθὴν

2089 2320 2289 2391 μερίδα
2319 2319 2627 2386 ἐξελέξατο,
2662 2319 2787 2391 ἥτις
2818 2320 2921 2372 οὐκ
2951 2319 3392 2390 ἀφαιρεθήσεται
3452 2319 3549 2372 ἀπ’
3573 2319 3675 2373 αὐ-

2084 2415 2205 2483 τῆς.
2251 2435 2268 2467 ι
2303 2414 2419 2468 Οὐκ
2447 2415 2528 2477 εἰς
2560 2412 2709 2481 ἅπαξ
2737 2414 2932 2480 εἰπὼν,
2981 2411 3208 2482 Μάρθα,
3241 2413 3303 2467 τὸ
3333 2412 3520 2467 λοιπὸν
3573 2411 3672 2466 τοῦ

2085 2504 2248 2572 λόγου
2276 2506 2576 2574 ἐπήγαγεν,
2610 2505 2748 2558 ἀλλὰ
2776 2506 2840 2575 τῇ
2870 2504 3025 2576 δισσῇ
3063 2506 3160 2576 τῆς
3194 2503 3379 2574 φωνῆς
3401 2502 3671 2573 ἀναλήψει

2084 2592 2346 2665 διεγείρει
2377 2595 2552 2663 αὐτῆς
2581 2595 2681 2663 τὴν
2711 2594 2955 2649 διάνοιαν
2993 2596 3072 2656 είς
3110 2593 3212 2664 τὴν
3250 2594 3357 2647 τῶν
3402 2592 3671 2663 ὑψηλοτέ-

2088 2705 2202 2758 ρων
2229 2687 2405 2756 λόγων
2424 2688 2715 2759 ἀκρόασιν.
2752 2687 2927 2741 Είωθε
2982 2688 3092 2757 γὰρ
3133 2686 3507 2752 διπλασιάζειν
3567 2686 3674 2756 τὴν

2086 2781 2257 2847 λέξιν,
2282 2781 2411 2835 ὅταν
2445 2780 2747 2850 βεϐαιῶσαι
2768 2798 2821 2834 τι
2842 2779 3117 2851 βούλεται,
3140 2779 3172 2849 ἢ
3199 2780 3397 2843 διττοῖς
3428 2780 3673 2834 ἰσοδυνα-

2093 2874 2258 2945 μοῦσι
2322 2873 2558 2945 χρῆσθαι
2603 2874 2889 2943 ὀνόμασιν,
2942 2872 3018 2934 ὡς
3066 2872 3127 2925 τό
3155 2889 3169 2903 ·
3216 2891 3235 2923 ι
3281 2869 3475 2942 Ἀμὴν,
3523 2870 3674 2940 ἀμὴν

2087 2968 2233 3036 λέγω
2250 2968 2433 3036 ὑμῖν,›
2458 2967 2575 3032 καὶ,
2599 2965 2837 3038 «Σίμων,
2858 2966 3064 3035 Σίμων,
3091 2964 3201 3035 ἔχω
3224 2964 3307 3017 σοί
3333 2982 3387 3018 τι
3421 2965 3619 3029 εἰπεῖν,
3644 2982 3665 3015 ι

2090 3065 2207 3126 καὶ,
2242 3061 2454 3130 «Σίμων
2481 3062 2656 3127 Ἰωνᾶ,
2681 3060 2902 3129 ἀγαπᾷς
2939 3076 3068 3130 μες»
3104 3059 3219 3122 καὶ,
3248 3078 3266 3109 ‹
3290 3056 3671 3128 Ἰερουσαλὴμ,

403 3146 461 3190 et
494 3155 508 3191 :
545 3156 565 3190 ι
599 3137 920 3207 Jerusalem,
957 3143 1258 3201 Jerusalem
1282 3188 1296 3212 ,
1331 3164 1450 3216 quae
1483 3152 1690 3208 occidis
1746 3155 1981 3222 prophe-

2102 3152 2485 3225 Ἰερουσαλὴμ,
2514 3154 2546 3222 ή
2573 3151 2955 3207 ἀποκτενοῦσα
2986 3152 3114 3214 τοὺς
3166 3150 3472 3220 προφήτας.
3509 3166 3527 3199 ι
3562 3145 3673 3200 Οὖ-

408 3231 579 3285 las".
621 3250 640 3284 ι
674 3233 764 3288 Sic
818 3237 980 3304 igitur
1014 3248 1067 3292 et
1097 3240 1199 3295 hoc
1229 3240 1349 3296 loco
1383 3257 1396 3292 :
1436 3261 1455 3295 ‹
1494 3243 1724 3311 Martha,
1756 3245 1986 3313 Martha,

408 3332 464 3376 tu
492 3326 710 3394 quidem
746 3329 975 3384 sollicita
1005 3347 1087 3394 es.
1124 3348 1177 3389 et
1213 3336 1449 3392 turbaris
1499 3353 1625 3405 erga
1669 3340 1918 3409 plurima,
1962 3360 1981 3394 ι

410 3415 546 3480 haec,
584 3417 827 3486 inquam,
857 3433 1069 3476 terrena
1093 3432 1146 3478 et
1173 3426 1327 3480 allixa
1355 3429 1618 3495 materiae,
1650 3446 1770 3501 quae
1805 3442 1989 3504 utpote

407 3506 756 3575 qualitatibus
804 3510 996 3568 eﬂ‘ecta
1036 3519 1330 3573 contrariis
1373 3521 1538 3575 multa
1568 3536 1758 3591 vocat;
1797 3523 1988 3581 beatus

410 3614 538 3655 vero
569 3602 660 3671 qui
694 3605 783 3658 uni
829 3620 928 3659 suo
960 3606 1188 3663 inhaeret
1227 3612 1358 3677 Deo,
1389 3621 1444 3666 et
1480 3613 1739 3681 plurimas
1770 3629 1986 3670 secum-

408 3711 512 3764 que
551 3708 854 3767 pugnantes
887 3701 1095 3770 species
1149 3702 1262 3758 vitii
1309 3706 1385 3773 (in
1440 3707 1638 3765 multos
1671 3710 1816 3762 enim
1853 3709 1984 3764 illud

408 3787 662 3843 diﬂ‘usum
702 3801 786 3846 est
833 3793 1039 3864 ramos)
1089 3794 1325 3866 fugiens.
1366 3812 1512 3865 eam,
1549 3814 1670 3869 qua:
1701 3815 1828 3856 vere
1879 3812 1986 3867 εει,

408 3879 732 3949 beatamque
757 3883 1210 3953 pulchritudinem
1261 3885 1427 3958 417
1456 3890 1716 3945 adnititur
1742 3908 1987 3961 compre-

406 3971 684 4029 hendere:
728 3976 838 4030 haec
887 3992 1020 4032 sane
1069 3995 1193 4046 pars
1223 3983 1426 4049 optima
1455 3981 1590 4051 (89),
1624 3983 1715 4051 qui
1745 3983 1811 4037 ab
1869 3984 1988 4053 ejus

404 4079 721 4134 possessore
783 4085 888 4122 non
941 4070 1236 4127 auferetur.
1289 4073 1710 4143 Ἀγαθὴννοτο,
1775 4075 1828 4128 id
1865 4085 1978 4144 est,

477 4221 528 4253 "
558 4218 705 4275 Psal.
730 4238 894 4277 xcvm
921 4224 988 4279 5..

2093 3264 2202 3308 τως
2234 3241 2329 3299 οὖν
2353 3243 2634 3298 κάνταῦθά
2665 3261 2799 3313 φησι
2833 3261 2848 3276 ο
2899 3262 2916 3296 ι
2962 3243 3189 3315 Μάρθα,
3229 3243 3454 3314 Μάρθα,
3484 3242 3547 3295 σὺ
3571 3240 3673 3310 μὲν

2098 3336 2369 3407 μεριμνᾷς
2423 3334 2519 3388 καὶ
2569 3331 2818 3405 trqung
2874 3336 3002 3404 περῖ⁵
3081 3333 3275 3396 πολλὰ,
3313 3352 3330 3385 ι
3394 3332 3464 3386 τὰ
3511 3330 3674 3385 ὑλικὰ

2092 3427 2265 3481 ταῦτα
2308 3426 2407 3495 καὶ
2472 3427 2659 3497 γήϊνα,
2693 3424 2728 3481 ἃ
2773 3426 2866 3480 καὶ
2929 3426 3005 3488 ὡς
3066 3424 3315 3488 ἐναντίας
3379 3424 3675 3495 ποιότητας

2094 3521 2309 3592 ἔχοντα,
2341 3520 2512 3573 πολλὰ
2545 3520 2941 3590 ὀνομάζονται·
2981 3519 3254 3589 μακάριος
3297 3516 3353 3570 δὲ
3379 3517 3437 3579 ὃς
3486 3516 3670 3587 ἐξέχε-

2092 3630 2185 3664 ται
2217 3612 2310 3665 τοῦ
2335 3612 2454 3673 ἑνὸς
2481 3612 2650 3665 αὑτοῦ
2708 3610 2804 3665 τοῦ
2862 3610 3023 3673 Θεοῦ,
3083 3609 3179 3664 καὶ
3223 3610 3292 3663 τὰ
3354 3608 3527 3662 πολλὰ
3577 3609 3676 3662 καὶ

2097 3705 2386 3775 μαχόμενα
2410 3703 2637 3775 διαδρὰς
2668 3703 2769 3774 τῆς
2793 3703 2999 3766 κακίας
3030 3702 3147 3772 εἴδη
3175 3700 3534 3775 [πολυσχεδὴς
3562 3700 3672 3767 γὰρ

2085 3792 2251 3866 αὕτη]
2334 3794 2674 3865 παραλαϐεῖν
2764 3793 3047 3862 ἐπείγεται
3138 3796 3198 3846 τὸ
3250 3793 3445 3855 κάλλος
3496 3792 3557 3845 τὸ
3611 3790 3672 3845 ὃν

2085 3887 2501 3957 καὶμακάριον.
2529 3885 2677 3957 Αὕτη
2749 3886 2828 3957 τῷ
2880 3886 2995 3940 ὄντι
3060 3886 3218 3958 μερὶς
3282 3886 3487 3955 ἀγαθὴ,
3547 3886 3672 3955 ἥτις

2095 3982 2199 4035 οὐκ
2250 3980 2689 4050 αῳαιρεθήσεται
2743 3979 2837 4033 τοῦ
2895 3979 3239 4050 κτησαμένου
3301 3980 3493 4049 αὑτήν.
3551 3978 3671 4032 Με-

2087 4073 2214 4145 ρίδα
2244 4072 2300 4125 δὲ
2329 4073 2540 4142 ἀγαθὴν
2572 4069 2748 4138 εἶπεν,
2775 4072 2843 4144 ἢν
2902 4075 2936 4144 ἡ
2991 4071 3177 4144 Μαρία
3235 4071 3543 4141 ἐξελέξατο,
3594 4071 3675 4135 ὡς

1061 4225 1105 4256 ⁵⁷
1132 4224 1265 4280 Luc.
1303 4241 1390 4287 vn,
1422 4224 1513 4289 40,
1590 4227 1637 4258 ⁸⁸
1663 4226 1822 4282 Joan.
1850 4240 1970 4291 xxI,
2010 4225 2096 4280 15.
2175 4224 2223 4257 ⁸⁸
2262 4223 2451 4278 Matth.
2473 4238 2622 4291 xxxv,
2654 4224 2746 4278 '57.

1639 4362 1967 4425 Francisei
2004 4361 2213 4424 Scorsi
2248 4368 2434 4423 notat.

480 4492 865 4567 (88)_Mariam
914 4513 1031 4550 vero
1076 4513 1176 4551 non
1222 4497 1453 4551 traditur
1493 4500 1716 4567 eguisse.
1754 4496 1981 4562 Explico
2016 4503 2058 4557 ι)
2089 4496 2307 4553 fuerat:
2348 4495 2475 4550 Hmc
2508 4512 2634 4551 sane
2667 4512 2790 4563 pars
2828 4494 2985 4567 bona.
3015 4492 3134 4567 Sed
3154 4509 3276 4567 cum
3309 4493 3670 4567 Theophanes

408 4566 552 4630 quod
594 4564 951 4636 Theophanes
997 4567 1169 4621 solum
1215 4567 1413 4630 innuit,
1451 4564 1548 4621 cur
1593 4585 1698 4621 non
1748 4568 1986 4636 indigeat

408 4649 615 4706 sin-ore
649 4650 743 4689 sua
790 4635 1025 4701 Martha;
1081 4637 1333 4690 nimirum
1382 4653 1448 4692 ex
1500 4639 1768 4706 proposita
1819 4635 1983 4704 supra

409 4704 651 4777 corporis
679 4713 734 4758 et
769 4706 931 4759 animi
960 4708 1310 4761 similitudine
1338 4708 1387 4759 id
1417 4704 1759 4777 intelligitur;
1787 4722 1986 4777 corpus

406 4775 551 4847 enim
593 4775 712 4827 sine
752 4778 930 4847 anima
976 4792 1081 4830 non
1127 4787 1302 4847 potest
1334 4775 1658 4847 subsistere;
1702 4778 1772 4831 ita
1814 4775 1985 4846 neque

410 4845 689 4917 actionon
724 4845 979 4909 excitata,
1014 4845 1220 4916 adiuta,
1252 4845 1411 4914 atque
1442 4848 1647 4901 directa
1681 4847 1773 4902 Dei
1807 4847 1985 4917 aliqua

410 4913 719 4984 cognitione
758 4926 808 4969 et
844 4913 1194 4984 cogitatione,
1231 4913 1454 4971 tendere
1490 4919 1542 4971 in
1582 4929 1787 4971 rectum
1824 4913 1983 4971 [intem

410 4993 606 5054 potest.
643 4982 875 5054 Spiritus
909 4982 1037 5042 vero
1079 4990 1196 5041 sine
1241 5001 1468 5053 corpore
1511 4989 1759 5042 subsistit
1799 5004 1814 5044 :
1858 5003 1983 5041 nam

410 5053 795 5120 contemplatio
829 5058 950 5112 sine
981 5057 1194 5112 actione
1229 5067 1454 5112 externa
1486 5057 1697 5112 laudem
1731 5070 1783 5111 et
1817 5058 1983 5110 meri-

412 5133 525 5196 tum
556 5122 717 5177 habet
743 5140 920 5188 suum;
949 5137 1033 5181 est
1065 5130 1209 5182 enim
1243 5128 1356 5194 ipsa
1393 5129 1603 5182 interna
1637 5138 1691 5183 et
1719 5135 1986 5196 praestan-

410 5194 619 5248 tissima
661 5196 802 5249 actio
842 5212 891 5250 et
935 5198 1256 5252 exercitatio
1295 5213 1414 5266 quae
1459 5199 1623 5252 etiam
1669 5194 1788 5251 sine
1826 5211 1989 5266 opere

408 5279 634 5319 externo
680 5267 812 5336 satis
863 5284 957 5335 per
1004 5284 1064 5322 se
1114 5270 1266 5323 beata
1318 5280 1418 5322 est.
1460 5268 1750 5329 Praeterea,
1776 5278 1833 5321 ut
1874 5268 1989 5336 ipse

409 5344 601 5407 auctor
636 5333 773 5389 infra
811 5333 1068 5401 declarat,
1106 5339 1247 5392 actio
1281 5348 1457 5407 petest
1491 5352 1806 5402 cessare,eo
1845 5333 1986 5405 quod

410 5405 648 5473 indigeat
680 5410 925 5476 corporis
957 5405 1451 5474 ministerio,’quod
1486 5409 1805 5476 plerumque
1837 5408 1989 5460 inﬁr-

410 5492 554 5546 tuum
582 5487 694 5546 est;
725 5479 1108 5546 centemplatio
1136 5479 1297 5531 etiam
1326 5477 1545 5531 intirmo
1574 5492 1800 5546 corpore
1833 5493 1989 5529 exer-

409 5545 520 5599 ceri
551 5544 730 5614 aliqua
765 5544 972 5601 ratione
1003 5555 1199 5616 potest.
1252 5546 1357 5601 Sed
1392 5549 1505 5601 lucc
1535 5544 1780 5614 pluribus
1809 5549 1898 5599 alii
1924 5548 1988 5602 de

411 5616 639 5687 titystica
687 5617 953 5687 theologia
1004 5624 1239 5671 tractant
1281 5634 1296 5671 :
1340 5634 1436 5672 nos
1478 5632 1703 5687 pensum
1746 5626 1986 5671 nostrum

408 5685 756 5739 absolvimus.

502 5752 593 5827 S9)
642 5755 783 5827 Her
810 5775 936 5812 sane
975 5775 1098 5827 pars
1148 5759 1361 5824 optima.
1402 5759 1455 5810 In
1497 5756 1685 5812 Graeco
1724 5766 1807 5811 est
1848 5755 1986 5827 αὕτη

410 5828 488 5893 τῷ
517 5821 632 5876 ὄντι
671 5826 828 5895 μερὶς
865 5821 1066 5898 ἀγαθή.
1095 5821 1272 5895 Quare
1302 5828 1619 5885 vertendum
1658 5828 1722 5883 ad
1755 5821 1979 5883 verbum

2091 4569 2305 4622 locutus
2332 4567 2569 4635 sitjuxta
2599 4561 2799 4620 teritum
2825 4565 3071 4620 Graecum
3101 4561 3159 4617 S.
3180 4563 3362 4627 Lucce.
3390 4564 3475 4635 ubi
3505 4566 3670 4619 etiam

2089 4637 2301 4707 ἀγαθὴν
2328 4634 2541 4707 μερίδα,
2563 4639 2823 4706 scriptum
2850 4645 2958 4699 est;
2993 4642 3374 4707 nosterautem
3403 4634 3674 4707 interpres

2088 4703 2150 4760 τὸ
2194 4703 2412 4777 ἀγαθήν
2449 4703 2692 4771 verterit,
2728 4708 3002 4777 optimam,
3038 4703 3184 4777 uolui
3227 4719 3326 4777 ego
3371 4719 3408 4777 a_
3448 4703 3674 4773 Vulgata

2089 4772 2671 4840 versione-recedere;
2725 4772 2897 4832 solum
2946 4773 3154 4842 cxplico
3200 4774 3259 4826 τὸ
3300 4772 3581 4841 optimam,
3610 4790 3677 4827 eo

2091 4863 2255 4903 sensu
2303 4863 2412 4916 quo
2461 4846 2761 4916 explicatur
2810 4861 2837 4898 a
2885 4843 3136 4899 Cornelio
3186 4854 3387 4916 nostro,
3419 4844 3507 4912 qui
3547 4844 3678 4916 _vu_lt

2090 4928 2296 4988 partem
2320 4913 2516 4971 Mariae
2545 4914 2760 4988 ἀγαθὴν
2791 4916 3000 4988 dictam
3028 4913 3671 4988 antonomastice,_nimi-

2096 4983 2213 5042 i'um
2242 5003 2383 5052 eam,
2404 5003 2564 5057 quam
2592 4983 2760 5057 solani
2787 4986 2962 5053 possis
2988 4984 3181 5057 bonam
3212 4983 3414 5057 dicere,
3434 4986 3672 5057 adeoque

2091 5059 2383 5127 Optimam;
2422 5053 2590 5127 atque
2624 5057 2677 5109 iu
2711 5056 2813 5127 hoc
2846 5069 3014 5107 sensu
3050 5055 3214 5107 etiam
3249 5053 3419 5121 accipi
3458 5054 3579 5127 volo
3617 5053 3670 5127 in

2096 5122 2213 5182 mea
2245 5122 2582 5181 traductione
2607 5128 2665 5177 τὸ
2692 5126 2964 5193 optimam,
2989 5134 3256 5192 quatenus
3285 5124 3574 5193 respondet
3593 5122 3676 5193 τῷ

2090 5197 2328 5267 ἀγαθήν,
2362 5212 2461 5267 nec
2495 5198 2766 5267 discrepat
2796 5209 2992 5267 sensus
3022 5193 3389 5267 Theophanis,
3418 5197 3509 5264 qui
3547 5208 3672 5247 cum

2093 5264 2190 5330 ait,
2212 5264 2358 5321 ἔστιν
2386 5264 2524 5336 αὕτη
2546 5266 2623 5335 τῷ
2648 5267 2762 5319 ὄντι
2786 5264 2944 5333 μερὶς
2973 5264 3175 5336 αγαθή,
3197 5274 3275 5336 est
3301 5265 3411 5318 haec
3433 5280 3558 5331 pars
3584 5279 3673 5336 ea,

2091 5355 2209 5410 qua:
2244 5353 2421 5410 revera
2456 5333 2721 5410 bona—est,
2745 5349 2875 5410 sane
2897 5333 3155 5410 optimam
3194 5335 3394 5401 innuit;
3429 5348 3507 5410 ea_
3524 5334 3668 5410 enim

2090 5400 2194 5477 qua
2216 5476 2219 5477 ν
2242 5408 2432 5463 melior
2466 5407 2646 5474 aliqua
2688 5400 2945 5477 reperiri’
2959 5404 3158 5477 possit,
3189 5419 3292 5458 non
3329 5414 3412 5458 est
3440 5400 3518 5477 τῷ
3551 5402 3672 5456 ὄντι

2090 5475 2294 5547 ἀγαθή,
2323 5488 2381 5532 ut
2420 5477 2464 5532 si
2506 5477 2629 5544 quis
2668 5476 2873 5547 diceret
2903 5489 2916 5527 :
2956 5475 3099 5528 Deus
3128 5485 3209 5529 est
3244 5488 3429 5547 revera
3465 5475 3670 5547 bonus,

2090 5543 2212 5603 eum
2259 5543 2416 5602 ὀιιιιιὶ
2479 5543 2542 5600 ei:
2602 5556 2752 5612 parte
2807 5545 3037 5611 bonum,
3098 5553 3291 5613 caetera
3354 5543 3556 5613 aliquid
3617 5546 3671 5598 in

2094 5620 2306 5673 ratione
2361 5617 2483 5672 boni
2551 5616 2786 5671 delicere
2830 5615 3099 5670 inuueret.
3144 5612 3277 5667 Vide
3322 5612 3472 5683 plura
3524 5614 3670 5668 circa

2092 5688 2284 5812 Graeci
2318 5697 2499 5742 textus
2555 5686 2887 5741 intellectum
2940 5685 3081 5755 apud
3134 5683 3424 5739 lllaldonat.
3463 5683 3514 5739 in
3567 5685 3670 5747 hoc

2093 5775 2212 5812 can.
2291 5774 2423 5812 ncac.

2093 5775 2212 5828 cap.
2247 5774 2423 5813 Luca}.
