4074 6402
347 405 370 470 1
384 401 484 468 057

1753 405 2083 464 HOMILIA
2135 403 2258 463 LX.

3468 398 3606 464 1053

344 522 448 590 τῆς
479 521 710 575 καθόλου
746 523 947 595 ἀρετῆς
998 525 1080 588 εἷς
1111 521 1311 596 πρᾶξιν
1344 527 1439 579 καὶ
1493 519 1728 595 θεωρίαν
1785 523 1920 575 διαι-

2042 519 2218 573 bonam
2273 521 2516 588 partem,‘
2557 515 2715 581 dixit,
2770 531 2929 587 quam
2971 515 3128 586 elegit
3166 515 3368 584 Maria;
3411 518 3610 588 quippe

350 615 654 684 ρβομένηςο
684 614 781 685 οὐχ
804 613 880 678 ὠς
910 616 1230 688 ἀποστερῶν
1259 617 1315 670 δὲ
1346 616 1446 688 τὴν
1467 614 1686 687 πρᾶξιν,
1719 613 1925 684 θατέρᾳ

346 706 446 776 τὴν
479 705 797 774 ἁγαθότητα
832 706 1070 775 δίδωσιν,
1110 708 1227 761 ἀλλ’
1261 707 1337 771 ὠς
1367 705 1777 775 ὲπιπονωτέρας
1832 704 1926 757 ού-

353 813 454 866 σης
483 797 673 868 αὐτῆς.
718 799 952 867 Ἀγαθὸν
979 798 1072 854 οὖν
1094 800 1252 855 τοῦτο
1282 799 1356 862 ὡς
1411 798 1768 870 ρᾳδιώτερον.
1800 796 1926 850 ’Ότι

350 889 409 941 δὲ
441 889 600 941 ταυτὶ
630 890 830 960 ἀληθῆ,
861 892 1050 955 σκόπει
1086 909 1176 962 μοι
1216 889 1314 962 τὴν
1336 891 1594 961 λατρείαν
1616 889 1709 942 τοῦ
1735 889 1924 956 νόμου,

352 982 445 1033 καὶ
476 981 570 1034 τοῦ
611 982 866 1053 Σωτῆρος
890 984 1126 1054 Χριστοῦ
1156 983 1510 1052 Εὑαγγέλιον.
1554 980 1674 1035 Κᾶν
1699 975 1792 1034 οὖν
1829 979 1929 1048 τὴν

349 1075 584 1144 νομικὴν
625 1075 880 1145 λατρείαν
910 1076 999 1130 διὰ
1027 1077 1121 1146 τῆς
1145 1075 1373 1147 Μάρθας
1409 1075 1718 1144 νοήσωμεν,
1743 1071 1928 1142 ἐκείνῃ

349 1166 604 1238 ἀφῃρέθη
629 1168 659 1236 ἡ
686 1169 750 1221 ἐκ
781 1166 916 1220 Θεοῦ
951 1168 1154 1240 δωρεὰ,
1188 1171 1220 1239 ή
1248 1169 1350 1240 τῆς
1397 1168 1726 1239 Ἐκκλησίας
1754 1168 1809 1221 δὲ
1832 1166 1932 1236 χά-

353 1273 436 1327 ρις
464 1257 564 1309 οὐκ
597 1259 1052 1329 ἀφαιρεθήσεται.
1083 1259 1201 1314 Κᾶν
1228 1261 1329 1332 τὴν
1379 1261 1578 1330 πρᾶξιν
1624 1262 1776 1330 ὲρῇς,
1835 1258 1930 1312 καὶ

349 1349 560 1418 ταύτης
589 1350 855 1415 πολλάκις
883 1352 1179 1422 ἀφαίρεσις
1198 1353 1434 1421 γίνεται,
1461 1353 1492 1422 ἢ
1525 1353 1592 1405 δι’
1643 1351 1931 1405 ἀσθένειαν

353 1440 632 1510 σώματος,
669 1441 700 1512 ἢ
757 1440 845 1495 διὰ
891 1441 1172 1513 λογισμῶν
1211 1444 1342 1506 ἴσως
1400 1445 1710 1512 χαυνότητα
1736 1459 1750 1472 ο
1785 1441 1933 1508 ἅπαξ

349 1532 406 1586 δὲ
440 1533 575 1604 πρὸς
603 1533 775 1604 ἀληθῆ
803 1534 1038 1605 θεωρίαν
1058 1535 1356 1606 ἀναχθεῖσα
1380 1535 1524 1605 ψυχὴ
1552 1535 1665 1604 ἔχει
1706 1535 1766 1586 τὸ
1800 1551 1934 1586 κοιτ⁴

352 1624 598 1695 ορθωθὲν
655 1627 1044 1698 ἀναφαίρετον.
1097 1629 1371 1681 Οὐδέποτε
1428 1629 1537 1698 γὰρ
1590 1630 1789 1695 ἀφεῖσα
1841 1627 1937 1696 τὴν

350 1716 409 1770 ἐν
443 1717 522 1787 τῷ
553 1717 707 1788 βάθει
740 1720 1138 1791 κεκρυμμένην
1163 1720 1446 1791 ἀλήθειαν,
1469 1719 1606 1789 πρὶς
1653 1719 1723 1771 τὰ
1761 1720 1932 1791 χείρω

349 1807 762 1880 ὲπανακὰμψει.

431 2010 451 2044 ι
479 1991 669 2046 Ταῦτα
699 1992 755 2045 δὲ
815 1991 984 2045 αὐτοῦ
1035 1991 1311 2061 λέγοντος,
1371 1995 1630 2066 ζίπάρασιςῖι
1657 2014 1741 2060 τις
1803 1995 1940 2071 γυνὴ
1972 2012 2012 2066 Β

352 2084 538 2156 φωνὴν
566 2088 631 2138 ὲκ
665 2085 760 2138 τοῦ
789 2085 950 2156 ὄχλου
984 2083 1105 2140 εἶπε
1139 2102 1151 2115 °
1185 2089 1455 2158 Μακαρία
1479 2091 1512 2159 ἡ
1560 2091 1744 2143 κοιλία
1773 2093 1806 2162 ἡ
1839 2092 1934 2161 βα-

353 2177 599 2232 στάσασά
640 2196 720 2244 σε,
751 2181 845 2231 καὶ
878 2181 1101 2250 μαστοὶ,
1131 2178 1225 2243 οὒς
1258 2180 1552 2252 ἐθήλασας.
1599 2203 1616 2235 ι
1673 2186 1937 2256 Μακαρία

356 2271 457 2341 μὲν
490 2273 522 2341 ἡ
553 2270 693 2342 γυνὴ
829 2275 926 2344 τὴν
988 2272 1249 2345 τοιαύτην
1311 2277 1510 2344 ἀφεῖσα
1560 2280 1766 2348 φωνὴν,
1814 2282 1935 2352 ἣτις

353 2362 526 2430 αὐτῆς
552 2363 645 2414 καὶ
675 2363 767 2414 τὸν
793 2363 938 2430 νοῦν,
975 2365 1070 2417 καὶ
1107 2366 1174 2418 τὰ
1217 2367 1392 2439 χείλη.
1423 2370 1517 2420 καὶ
1566 2369 1664 2439 τὴν
1691 2373 1936 2438 γλῶτταν

352 2455 586 2524 ἡγίασεν
613 2470 627 2486 ο
650 2455 870 2526 ἀληθῶς
899 2457 1006 2528 γὰρ
1037 2461 1286 2529 μακαρία
1336 2462 1368 2532 η
1421 2460 1692 2532 ἄχραντος
1748 2466 1935 2537 ἐκείνη

353 2548 452 2601 καὶ
475 2546 598 2618 ἱερὰ
631 2549 730 2617 τῆς
758 2549 1035 2618 παρθένου
1094 2551 1283 2621 νηδὺς,
1336 2552 1409 2615 ὡς
1465 2553 1790 2622 βαστάσασα
1847 2559 1936 2612 τὸν

352 2641 414 2694 ἐν
449 2643 560 2705 τοῖς
588 2641 839 2711 πυρίνοις
869 2641 1080 2713 θρόνοις
1120 2644 1230 2697 τῶν
1265 2647 1518 2716 Σεραφὶμ
1545 2648 1934 2719 ἐποχούμενον.

352 2733 639 2802 Μακάριοι
667 2733 722 2785 δὲ
754 2732 850 2786 καὶ
877 2735 924 2786 οί
963 2734 1251 2805 θεοτρόςροι
1284 2737 1505 2806 μαστοὶ,
1548 2738 1597 2790 οἱ
1633 2739 1937 2809 θρέψαντες

353 2825 447 2879 τὸν
479 2827 662 2878 πᾶσαν
698 2826 797 2897 τὴν
823 2825 1005 2881 κτίσιν
1036 2830 1462 2898 παραγαγόντα,
1501 2830 1596 2883 καὶΙ
1644 2831 1934 2902 τρέφοντα.

355 2917 422 2972 Τί
445 2917 537 2971 οὖν
568 2919 706 2991 πρὸς
728 2919 948 2972 ταῦταὸ
983 2919 1224 2992 Κύριος;
1273 2941 1291 2973 ι
1330 2923 1613 2992 Μενοῦνγε
1672 2926 1938 2996 μακάριοι

351 3011 403 3064 οἱ
441 3011 734 3075 ἀκούοντες
762 3013 854 3065 τὸν
872 3013 1032 3082 λόγον
1055 3014 1150 3067 τοῦ
1192 3015 1353 3079 Θεοῦ,
1412 3016 1507 3069 καὶ
1562 3017 1939 3086 φυλάσσοντες

351 3104 539 3159 αὐτόν.
590 3123 608 3155 ι
662 3105 1067 3176 Ἐπιμαρτυρεῖ
1097 3107 1193 3160 καὶ
1214 3108 1291 3178 τῷ
1317 3107 1464 3178 λόγῳ
1496 3109 1597 3179 τῆς
1636 3111 1926 3178 γυναικὸς,

357 3195 452 3248 καὶ
483 3193 628 3247 οὕτω
659 3196 849 3266 φησίν·
885 3197 1150 3266 Μακαρία
1211 3197 1313 3266 μὲν
1375 3199 1470 3251 καὶ
1519 3199 1550 3269 ή
1618 3198 1941 3270 βαστάσασά

357 3301 428 3356 με
464 3285 700 3357 γαστὴρ,
733 3286 997 3356 μακάριοι
1027 3287 1084 3339 δὲ
1113 3288 1208 3340 καί⁸
1241 3289 1288 3340 oi
1334 3287 1628 3352 ἀκούοντες
1663 3291 1754 3343 τὸν
1782 3290 1940 3360 λόγον

2030 623 2151 662 cum
2206 609 2256 662 in
2309 609 2579 662 actionem
2627 607 3254 677 contemplationemque
3281 608 3454 663 virtus
3486 610 3611 662 tni-

2030 715 2186 754 versi
2229 701 2514 754 distributa
2551 700 2641 754 sit.
2674 699 2790 756 Non
2846 708 3022 753 autem
3056 700 3127 752 ita
3174 700 3470 754 bonitatem
3529 700 3611 754 al-

2034 789 2133 843 teri
2172 791 2380 855 tribuit,
2421 791 2573 859 quasi
2631 804 2692 844 ea
2731 788 2904 856 privet
2953 788 3068 858 (90)
3121 789 3344 842 alteram
3379 801 3608 859 partem,

2034 879 2129 932 sed
2160 878 2302 947 quod
2332 895 2389 932 ea
2428 879 2749 933 laboriosior
2781 877 2871 932 sit.
2895 878 3122 945 Ἀγαθὸν
3145 875 3262 942 οὖν,
3290 878 3489 932 bonum
3517 879 3618 945 igi-

2036 978 2124 1024 tur
2156 972 2282 1040 quia
2331 969 2486 1025 facile
2541 970 2674 1041 (9i).
2710 971 2862 1037 Quod
2903 981 3081 1024 autem
3133 973 3246 1026 haec
3298 986 3422 1024 vera
3480 972 3611 1035 sint,

2033 1065 2167 1134 legis
2198 1066 2400 1119 cultum
2450 1078 2507 1121 et
2559 1065 2860 1121 Salvatoris
2897 1065 3246 1133 Evangelium
3285 1082 3449 1120 suave
3480 1083 3613 1122 cou-

2031 1158 2232 1212 sidera.
2294 1155 2420 1212 Sive
2475 1159 2639 1227 igitur
2673 1159 2901 1228 legalem
2944 1159 3143 1212 cultum
3180 1175 3282 1228 per
3339 1159 3605 1213 Martltaui

2039 1249 2429 1318 intelligamus,
2481 1249 2720 1303 ablatum
2781 1249 2890 1317 jam
2945 1251 3017 1304 illi
3077 1261 3163 1305 est
3214 1251 3410 1305 donum
3475 1253 3611 1319 Dei;

2035 1339 2291 1394 Ecclesiae
2325 1354 2452 1394 vero
2476 1342 2649 1411 gratia
2690 1355 2793 1394 non
2828 1339 3127 1395 auferetur.
3183 1341 3311 1396 Sive
3343 1344 3610 1396 actionem

2035 1433 2205 1498 dicas,
2241 1443 2294 1486 et
2353 1433 2466 1487 haec
2495 1433 2812 1502 plerumque
2837 1433 2920 1486 vel
2959 1442 3180 1502 propter
3229 1436 3472 1503 corporis
3533 1435 3617 1487 in-

2037 1523 2370 1586 ﬁrmitatem,
2401 1523 2483 1576 vel
2528 1535 2753 1594 propter
2801 1525 3148 1578 insolentiam
3187 1525 3382 1579 mentis
3433 1526 3618 1580 aufer-

2039 1625 2166 1669 tur:
2204 1626 2260 1668 at
2314 1614 2406 1670 ubi
2443 1617 2509 1669 ad
2565 1631 2744 1670 veram
2801 1617 3317 1684 contemplationem
3375 1617 3618 1672 elevatus

2038 1717 2123 1762 est
2175 1708 2410 1772 animus,
2468 1709 2612 1777 quod
2648 1708 2782 1762 bene
2835 1717 3043 1777 gestum
3079 1717 3162 1762 est
3223 1707 3454 1773 obtinet,
3519 1721 3618 1765 nec

2040 1801 2288 1855 aufertur
2331 1801 2400 1853 ab
2430 1813 2530 1864 eo;
2564 1814 2838 1868 nunquam
2867 1799 3008 1852 enim
3039 1801 3320 1852 veritatem
3355 1800 3620 1868 proftmd)

2041 1891 2407 1946 absconditam
2455 1890 2877 1959 praetermittens
2942 1890 3008 1944 ad
3046 1889 3315 1944 deteriora
3347 1891 3622 1946 deﬂectet-

2123 2023 2141 2056 ι
2184 2003 2310 2058 Haec
2343 2013 2524 2058 autem
2575 2019 2640 2059 eo
2671 2005 2906 2068 dicente,
2946 2004 3214 2060 extollens
3251 2020 3435 2061 vocem
3467 2023 3620 2075 qum-

2039 2095 2163 2148 dam
2207 2095 2404 2150 mulier
2438 2097 2503 2150 de
2539 2095 2694 2149 turba
2728 2096 2866 2150 dixit
2904 2112 2916 2148 :
2955 2090 3154 2150 Beatus
3209 2109 3396 2151 venter
3429 2100 3518 2168 qui
3567 2112 3620 2154 te

2039 2185 2293 2252 portavit,
2353 2194 2408 2238 et
2467 2186 2632 2238 ubera
2690 2199 2808 2252 qua:
2860 2186 3144 2241 auxisti“.
3196 2205 3215 2238 ι
3269 2188 3430 2242 Beata
3487 2205 3620 2244 sane

2040 2275 2253 2339 mulier,
2291 2291 2411 2343 qua:
2465 2277 2624 2329 talem
2681 2291 2866 2330 vocem
2897 2277 3097 2342 emisit,
3136 2294 3252 2347 qua:
3303 2296 3424 2334 cum
3464 2297 3620 2336 mer.-

2037 2373 2147 2418 tetn
2193 2381 2368 2430 suam,
2419 2376 2528 2420 tum
2566 2366 2728 2420 etiam
2783 2366 3019 2435 linguam
3083 2379 3137 2424 et
3185 2371 3323 2424 labia
3379 2374 3623 2426 sanctiﬁ-

2040 2457 2200 2510 cavil.
2252 2455 2390 2510 Vere
2448 2458 2592 2511 enim
2647 2457 2836 2512 beatus
2875 2469 2929 2512 et
2978 2461 3324 2530 incorruptus
3359 2473 3414 2517 et
3464 2479 3622 2518 sacer

2040 2548 2127 2603 ille
2163 2547 2396 2617 Virginis
2435 2560 2618 2604 uterus
2644 2550 2734 2618 qui
2785 2553 3016 2620 portavit
3048 2553 3231 2621 ignitis
3290 2554 3618 2608 insidentem

2042 2637 2327 2708 Seraphim
2369 2640 2600 2694 throuis.
2657 2640 2835 2694 Beata:
2885 2643 3048 2695 etiam
3106 2659 3357 2697 mamma:
3403 2644 3496 2697 Dei
3542 2645 3622 2698 al-

2044 2732 2230 2796 trices,
2269 2748 2390 2800 quae
2429 2735 2680 2786 aluerunt
2711 2749 2858 2800 eum,
2905 2735 2995 2802 qui
3047 2751 3133 2789 res
3165 2751 3353 2790 enuies
3406 2748 3623 2793 creatas

2041 2824 2298 2893 produxit
2352 2833 2406 2878 et
2458 2825 2574 2880 alit.
2638 2825 2775 2891 Quid
2831 2839 3009 2878 autem
3055 2827 3121 2880 ad
3175 2830 3286 2880 hate
3318 2827 3625 2883 Dominus?

2047 2933 2067 2967 ι
2101 2915 2240 2981 Quin
2271 2918 2378 2969 imo
2423 2917 2590 2982 beati,
2636 2917 2728 2986 qui
2785 2919 3010 2972 audiunt
3043 2921 3264 2972 verbum
3300 2919 3414 2984 Dei,
3445 2931 3499 2974 et
3527 2937 3624 2974 cu-

2043 3009 2286 3064 stodiunt
2322 3009 2450 3063 illud
2473 3010 2540 3063 ⁶¹.
2582 3028 2600 3060 ι
2644 3010 2858 3064 Dictum
2886 3011 3131 3064 mulieris
3166 3011 3451 3064 conﬁrmat
3477 3012 3622 3082 (92),

2043 3111 2098 3154 et
2149 3101 2205 3155 in
2246 3100 2386 3156 hanc
2415 3103 2736 3156 sententiam
2775 3101 3008 3171 loquitur
3038 3118 3052 3156 :
3094 3102 3291 3156 Beatus
3326 3119 3455 3157 sane
3477 3143 3493 3169 ,
3526 3105 3618 3172 qui

2047 3209 2132 3248 me
2162 3194 2394 3264 gestavit
2426 3204 2651 3261 venter;
2722 3195 2863 3248 beati
2918 3208 3046 3249 vero
3075 3196 3236 3248 etiam
3276 3197 3364 3265 qui
3395 3197 3625 3251 audiunt

2045 3286 2268 3339 verbum
2324 3286 2439 3340 Dei.
2495 3285 2574 3341 Ne
2622 3293 2744 3355 quis
2797 3295 2978 3340 autem
3036 3287 3364 3342 beatitudine
3400 3290 3620 3357 dignum

355 3379 450 3434 τοῦ
475 3377 639 3433 Θεοῦ.
671 3380 790 3433 Ἵνα
809 3379 866 3432 δὲ
904 3383 978 3450 μή
998 3398 1083 3442 τις
1114 3380 1318 3452 νομίσῃ
1357 3381 1645 3447 ἀξιοῦσθαι
1702 3382 1798 3436 τοῦ
1835 3401 1938 3455 μα-

2044 3390 2104 3431 se
2161 3386 2347 3446 putet,
2398 3378 2542 3446 quod
2601 3379 2770 3432 solam
2823 3380 3092 3434 duntaxat
3143 3381 3328 3434 audiat
3385 3382 3622 3436 divinam

357 3472 657 3544 καρισμοῦ,
696 3473 802 3528 ἀπὸ
830 3473 924 3526 τοῦ
963 3473 1124 3544 μόνον
1156 3473 1377 3527 ἀκούειν
1407 3475 1506 3543 τῆς
1531 3475 1678 3538 θείας
1695 3477 1942 3546 Γραφῆς,

350 3564 445 3618 διὰ
473 3564 632 3618 τοῦτο
651 3564 965 3638 προσέθηκε
998 3567 1077 3633 τὸ,
1122 3585 1140 3619 ‹
1168 3568 1214 3620 Κ
1233 3568 1290 3621 αὶ
1321 3567 1689 3636 φυλάσσοντες
1720 3569 1938 3623 αὐτόν.»

357 3687 430 3698 -—
461 3675 479 3708 ι
520 3657 596 3710 Οὐ
627 3657 737 3728 γὰρ
785 3659 832 3710 οἱ
858 3658 1129 3728 ἀκροαταὶ
1149 3659 1243 3710 τοῦ
1269 3661 1434 3730 νόμου
1458 3660 1658 3713 δίκαιοι
1682 3660 1834 3732 παρὰ
1867 3660 1946 3732 τῷ

356 3749 500 3820 Θεῷ,
531 3749 646 3802 ἀλλ’
675 3751 723 3802 οἱ
751 3751 975 3820 ποιηταὶ
1001 3751 1096 3804 τοῦ
1129 3751 1319 3821 νόμου,
1349 3770 1366 3803 ι
1403 3751 1478 3816 ὥς
1520 3769 1686 3822 φησιν
1715 3753 1742 3805 ὁ
1776 3753 1940 3806 Ἀπό-

361 3842 569 3907 στολος.
611 3841 771 3896 Ἀλλὰ
800 3841 896 3894 καὶ
931 3843 1332 3913 σπουδάσωμεν
1367 3843 1462 3897 καὶ
1517 3843 1675 3915 ἡμῶν
1708 3843 1940 3909 ἕκαστος

361 3933 725 3998 ὑποδέξασθαι
761 3931 853 3984 τδν
891 3933 1173 4003 Δεσπότην
1226 3934 1285 3988 ὲν
1313 3932 1496 4005 ἑαυτῷ
1554 3933 1643 3987 διὰ
1703 3933 1940 4006 θεωρίας

359 4027 456 4082 καὶ
488 4025 760 4096 πράξεως.
788 4023 900 4078 Καὶ
925 4024 1001 4087 ὡς
1032 4027 1132 4095 μὲν
1158 4025 1363 4097 Μάρθα
1388 4026 1468 4097 τῷ
1495 4024 1712 4095 σώματι
1743 4025 1938 4080 τούτου

361 4120 814 4190 ὐπερετήσωμεν,
856 4118 990 4185 περὶ¹
1019 4119 1123 4187 τὴν
1176 4118 1286 4172 τῶν
1338 4122 1584 4188 πενήτων
1643 4118 1940 4186 θεραπείαν

365 4213 847 4287 ὲνασχολούμενοι,
875 4213 949 4275 ὡς
980 4212 1038 4267 δὲ
1068 4213 1260 4284 Μαρία
1286 4215 1438 4284 παρὰ
1467 4212 1594 4276 τοὺς
1627 4213 1936 4283 ἀχράντους

431 4371 480 4406 ⁸⁸
503 4371 637 4430 Luc.
671 4390 747 4439 ιι,
777 4373 870 4430 27.
947 4373 992 4406 ⁸³
1025 4373 1156 4430 ibid.
1179 4373 1273 4430 28.
1349 4373 1394 4404 ⁶¹
1425 4372 1584 4428 Rom.
1616 4389 1671 4440 ιι,
1707 4373 1800 4431 15.

2046 3474 2406 3544 Scripturam,
2442 3476 2718 3545 adjungit:
2747 3485 2829 3530 tet
2858 3480 3171 3532 custodiunt
3197 3478 3329 3532 illud
3366 3496 3380 3533 :
3414 3497 3434 3530 ι
3473 3497 3492 3532 t
3515 3495 3624 3534 non

2044 3568 2190 3620 enim
2244 3569 2524 3622 auditores
2580 3568 2714 3636 legis
2742 3567 2876 3636 justi
2930 3580 3056 3622 sunt
3107 3573 3249 3637 apud
3299 3570 3494 3637 Deum,
3531 3573 3627 3628 sed

2044 3656 2299 3721 factores,
2337 3675 2355 3708 ι
2389 3667 2447 3710 ut
2473 3660 2548 3711 ait
2577 3657 2870 3728 Apostolus
2893 3660 2958 3714 θ’.
2995 3659 3380 3716 Verumtamen
3404 3665 3624 3719 studeat

2045 3750 2421 3818 unusquisque
2446 3761 2689 3804 nostrum
2715 3752 2765 3805 in
2793 3767 2851 3806 se
2874 3753 3045 3821 ipsum
3067 3755 3307 3822 recipere
3335 3753 3626 3812 Dominum

2046 3856 2144 3911 per
2190 3841 2739 3911 contemplationem,
2801 3859 2865 3898 ac
2920 3843 3142 3898 Martha:
3199 3846 3417 3914 quidem
3465 3850 3626 3903 modo

2045 3933 2150 4002 ipsi
2175 3933 2543 3988 ministremus
2573 3935 2624 3987 in
2654 3937 2931 4004 egentium
2962 3951 3096 3990 cura
3119 3939 3398 4006 occupati,
3431 3936 3622 3996 Μαι-ἰαὶ

2046 4043 2176 4084 vero
2240 4031 2308 4081 ad
2355 4028 2674 4097 purissimos
2729 4032 2896 4102 ipsius
2944 4033 3109 4102 pedes
3165 4033 3340 4088 simus
3401 4036 3622 4094 assidui.

2046 4117 2151 4172 Per
2195 4117 2360 4187 pedes
2416 4132 2582 4189 pono
2637 4121 2863 4190 intelligi
2916 4132 3144 4193 possunt
3193 4123 3318 4178 libri
3365 4126 3626 4183 divinitus

2047 4210 2318 4279 inspirati,
2356 4210 2450 4280 qui
2510 4210 2595 4268 lac
2633 4216 2853 4284 pietatis
2883 4217 3096 4272 abunde
3128 4216 3482 4287 profundunt.
3514 4221 3628 4296 Eli-

1597 4487 1916 4550 Francisci
1951 4487 2162 4550 Scorsi
2195 4499 2387 4551 notia.

437 4595 548 4666 (90)
582 4594 749 4661 Quasi
777 4610 837 4648 ea
867 4593 1053 4662 privet,
1080 4600 1187 4648 etc.
1219 4589 1356 4666 Non_
1372 4607 1495 4661 ergo
1523 4591 1783 4666 Domitius
1813 4608 1944 4666 opus

2051 4593 2152 4673 sibi
2183 4608 2496 4674 repugnare.
2511 4595 2761 4674 censendi
2793 4609 2939 4674 sunt.
2967 4601 3205 4674 Quadrat
3234 4601 3361 4657 illud
3391 4605 3618 4674 August.

363 4661 727 4742 "praefuit,
772 4661 954 4742 inquit
1010 4667 1276 4742 August",
1332 4663 1406 4741 De
1462 4663 1630 4742 uerbis
1691 4661 1942 4742 Domini,
1981 4672 2020 4726 ο
2051 4664 2132 4716 sic
2169 4661 2339 4717 verba
2371 4665 2571 4742 Christi
2612 4667 2930 4742 explicantis
2959 4661 3010 4742 Αἵ
3030 4670 3106 4723 Tu
3150 4677 3394 4742 navigas;
3434 4661 3622 4734 illiti-1‘3

365 4730 531 4794 serui.
573 4733 642 4790 27
696 4753 709 4788 :
764 4730 870 4787 Sed
917 4730 1117 4787 munus'
1152 4733 1413 4785 distinxit.
1461 4730 1638 4784 Maria
1686 4735 1941 4798 optimam

363 4816 565 4878 partem
598 4805 786 4878 elegit,
814 4821 915 4857 non
948 4817 1004 4878 tu
1040 4804 1270 4878 malum;
1305 4803 1393 4854 sed
1429 4801 1846 4878 illq_mel_i_oreai.
1880 4803 1944 4878 ljlt

365 4870 617 4931 'Ambros.
653 4870 707 4928 n3
753 4889 874 4940 cap.
904 4888 936 4926 χ
981 4872 1167 4934 Lucae,
1198 4871 1293 4926 lib.
1329 4888 1398 4924 vn
1439 4891 1452 4924 :
1489 4870 1600 4925 Nec
1635 4871 1851 4924 Martha
1888 4874 1945 4925 in

365 4950 500 5000 bono
531 4947 823 4998 ministerio
857 4943 1250 5008 reprehenditur
1273 4956 1294 4992 :
1320 4943 1410 4994 sed
1442 4941 1639 5008 Maria,
1666 4942 1804 5008 quod
1832 4958 1942 4996 me-

361 5019 549 5069 liorem
578 5024 782 5082 partem
812 5014 907 5064 sibi
935 5012 1166 5081 elegerit,
1200 5011 1514 5082 antefertur.

441 5088 551 5156 (9|)
579 5080 800 5156 Bonum
851 5080 1038 5152 igitur,
1072 5083 1197 5149 quia
1238 5081 1416 5156 facile.
1452 5080 1631 5156 Facile
1671 5081 1796 5134 vicit
1831 5081 1945 5156 hoc

367 5153 487 5210 loco
533 5153 931 5221 contemplandi
977 5168 1130 5220 opus,
1169 5155 1291 5220 quia
1342 5154 1590 5206 breviore
1647 5161 1698 5206 et
1739 5153 1944 5221 tutiore

369 5232 454 5280 via
497 5225 716 5279 adducit
759 5220 824 5274 ad
854 5223 1060 5274 'Deum.
1104 5224 1340 5288 Utraque
1385 5224 1528 5275 enim
1577 5232 1682 5275 tam
1731 5220 1941 5275 Martha

370 5312 532 5365 quam
587 5294 778 5354 Maria,
815 5302 921 5365 tam
973 5293 1137 5356 actio,
1173 5306 1332 5358 quam
1379 5291 1765 5365 contemplatio
1819 5308 1944 5360 per-

372 5360 558 5418 venire
588 5366 768 5417 studet
794 5369 860 5414 ad
893 5363 1056 5415 Deum
1092 5377 1184 5430 per
1215 5376 1348 5428 opus
1377 5360 1578 5414 bonum
1610 5376 1943 5430 unaquaeque

369 5451 558 5500 suum;
591 5436 683 5488 sed
715 5432 802 5485 illa
834 5446 928 5498 per
971 5433 1165 5485 multas
1199 5445 1543 5486 externarum
1593 5446 1769 5484 rerum
1827 5448 1942 5484 am-

370 5506 534 5574 bages
583 5513 638 5558 et
702 5501 1074 5566 dillicultates;
1127 5501 1294 5574 Maria
1362 5501 1486 5555 illud
1554 5517 1746 5568 unum,
1798 5502 1940 5574 quod

371 5572 596 5630 necesse
649 5580 798 5636 erat,
847 5574 1103 5625 nimirum
1165 5573 1604 5638 coniunctionem
1656 5585 1777 5625 cum
1832 5572 1941 5626 Deo

369 5647 646 5712 quaerebat.
687 5653 832 5696 recta
877 5652 930 5694 et
972 5642 1166 5712 tntiore
1207 5645 1312 5712 via.
1347 5643 1467 5694 Alio
1509 5657 1667 5696 sensu
1700 5641 1938 5712 Gregor.

369 5711 628 5768 Nazianz.
686 5713 822 5764 dixit
877 5711 1384 5780 contemplationet'n
1451 5728 1573 5766 esse
1631 5711 1936 5777 dtlIicilem,

370 5786 624 5840 nimirum
669 5782 1060 5844 sublimiorem,
1098 5790 1151 5835 et
1191 5788 1263 5852 ob
1309 5785 1680 5850 praistantiam
1729 5785 1937 5852 operis;

371 5856 689 5924 'l‘lteophau.
741 5855 948 5907 ratione
991 5852 1103 5923 jam
1149 5851 1412 5921 explicata
1458 5851 1786 5921 faciliorem;
1844 5870 1940 5910 nec

2048 4745 2203 4810 portu
2251 4745 2349 4810 est.
2390 4736 2672 4810 Auferetur
2717 4751 2750 4788 a
2798 4745 2846 4789 te
2891 4739 3061 4804 labor,
3100 4751 3155 4793 ut
3204 4736 3401 4810 requies
3447 4747 3623 4804 detur.

2052 4801 2211 4884 Plura
2236 4806 2358 4859 vide
2385 4801 2524 4884 apud
2550 4805 2898 4884 interpretes,
2920 4812 3013 4876 qui
3037 4801 3250 4884 diverso
3262 4801 3430 4884 Zmodo
3453 4801 3625 4884 expli;

2051 4880 2176 4925 cant
2204 4875 2664 4941 camparationem
2697 4876 2836 4931 hanc
2867 4875 3062 4931 factam
3093 4881 3234 4934 inter
3258 4880 3442 4940 Maria:
3475 4875 3620 4944 Mar-

2057 4944 2268 5025 tiaeque
2295 4953 2502 5025 partem
2535 4956 2720 5025 :'_e_t_ex
2755 4945 3006 5003 Patribus
3036 4948 3263 5020 Gregor.
3292 4951 3543 5025 Magnum
3575 4973 3630 5016 et

2047 5009 2112 5064 Ι).
2137 5009 2519 5080 Αιιςιιειίηυηι,
2551 5016 2678 5067 ibid.

2117 5081 2232 5167 (ἓξ)
2269 5083 2476 5163 Dictum
2508 5086 2743 5167 mulieris
2772 5087 3070 5157 conﬁrmat.
3110 5088 3511 5167 Ἑπιμαρτυρεῖ
3534 5102 3628 5154 καὶ

2045 5151 2130 5242 Si".
2153 5152 2745 5242 if’i‘i’_fﬁ‘§_fi‘_’?3“"??i
2779 5169 2832 5242 et
2868 5151 3062 5242 επιειιι
3085 5151 3288 5242 ,ειεψιὶες
3319 5151 3502 5220 Μδὲ
3538 5151 3622 5242 iii

2045 5203 2131 5284 τίς
2153 5203 2643 5292 νομίσῃ,’έιιί)ριθιο
2674 5203 2799 5278 suitt
2829 5242 2891 5280 ex
2922 5244 2970 5281 c.
2997 5203 3288 5297 Galliqua;
3315 5203 3622 5294 inﬁgam

2045 5303 2218 5373 erant,
2237 5303 2289 5345 et
2306 5308 2424 5377 .non
2448 5303 2921 5377 supervacauealad
2944 5305 3262 5377 sententiam
3283 5304 3481 5359 Christi
3502 5324 3628 5377 pro-

2046 5365 2274 5448 positam
2305 5363 2912 5448 latiusexplauandam.
2941 5370 3206 5448 ῼέιειρινιιιη
3238 5374 3351 5425 lia-t2
3385 5363 3626 5448 Evange-

2047 5433 2100 5485 lii
2136 5434 2294 5509 verba
2333 5435 2400 5484 ah
2437 5433 2541 5485 illis
2567 5437 2853 5500 pendentia
2891 5455 2902 5490 :
2942 5438 3071 5493 Ha'c
3106 5454 3281 5494 autem
3311 5460 3368 5495 eo
3400 5433 3621 5509 dicetitc,

2044 5502 2300 5556 extollens
2337 5517 2537 5579 uocem,
2559 5513 2690 5579 etc.,
2722 5521 2827 5579 non
2865 5521 2989 5560 sunt
3022 5527 3085 5564 ex
3123 5527 3240 5579 cap.
3275 5529 3305 5564 it
3343 5512 3501 5569 Lucae
3535 5502 3623 5574 ubi

2049 5581 2304 5626 narratur
2354 5573 2576 5625 historia
2639 5577 2705 5627 de
2739 5574 2988 5645 iMartlta
3051 5591 3104 5634 et
3158 5573 3355 5645 Maria,
3408 5588 3500 5640 sed
3559 5573 3627 5644 ei

2045 5644 2292 5712 sequenti
2315 5655 2389 5703 xi,
2420 5653 2702 5712 postquam
2723 5644 2972 5700 Christus
2998 5659 3062 5703 ad
3098 5655 3280 5705 turbas
3305 5644 3450 5708 eSSul
3478 5662 3628 5711 locu-

2046 5721 2152 5766 tus.
2188 5711 2292 5766 Sed
2327 5711 2615 5780 Evangelia
2649 5713 2818 5770 Graeci
2852 5720 2904 5770 in
2937 5735 3034 5772 suo
3064 5734 3170 5772 ritu
3206 5740 3271 5776 ex
3305 5728 3488 5780 multis
3524 5729 3626 5782 ali-

2045 5787 2264 5907 lquaint:
2290 5783 2425 5904 loqis
2453 5800 2556 5839 non
2582 5791 3040 5857 consequentibus
3065 5805 3414 5862 componunt,
3436 5805 3494 5850 ut
3519 5799 3627 5855 alio

2065 5868 2162 5907 oco
2191 5867 2220 5906 a
2265 5868 2356 5907 ver
2386 5868 2421 5907 l.

2065 5868 2162 5908 0C0
2191 5867 2421 5908 ουτοι-ιι.
