4074 6406
405 341 544 407 1063

1613 342 2108 406 TIIEOPHANIS
2148 337 2490 406 CERAMEI

3523 338 3671 406 Ῑί-θι

394 453 586 515 scitur,
606 450 701 507 sed
727 451 888 522 plane
915 464 1139 522 angelus
1166 468 1226 507 er
1265 463 1278 506 t
1301 453 1354 507 in
1383 454 1692 524 Imjusmodi
1724 471 1972 524 Corpore.

2085 456 2216 519 Ἷνα,
2243 455 2386 509 είπω
2425 472 2476 508 τι
2513 453 2610 508 καὶ
2640 452 2750 505 τῶν
2779 450 3004 518 ἔξωθεν,
3037 450 3158 504 οὐδὲ
3187 448 3356 504 ὲὼκει
3401 450 3561 523 ἀνδρὶ
3585 468 3669 505 σι-

391 541 494 598 llic
548 558 677 611 ergo
728 552 1012 610 postquam
1069 541 1351 595 Dominum
1397 543 1766 610 baptizasset,
1807 542 1978 595 Hero-

390 637 478 690 dis
511 636 942 703 intemperantiw
978 635 1276 702 castigator
1311 647 1394 686 est
1429 632 1606 686 factus
1638 651 1647 684 τ
1678 633 1792 685 Νοη
1827 633 1973 699 licet,

390 727 591 795 inquit,
637 725 727 780 tibi
771 726 969 777 violare
1030 725 1224 777 lectum
1292 717 1498 778 lratris.
1529 723 1669 790 Quid
1709 734 1757 776 te
1795 724 1972 788 ipsum
2009 730 2044 746 "

393 817 656 870 dedecore
685 819 751 880 ζει
817 813 1119 866 fraternum
1181 824 1354 866 lorum
1411 815 1606 881 injuria
1671 813 1862 876 aﬂicis,
1921 823 1976 867 et

393 905 690 961 thalamum
725 903 1070 976 illegitimum
1122 906 1376 960 invadis?
1407 895 1523 959 Non
1571 907 1694 959 licet
1727 907 1819 958 tibi
1876 907 1974 959 Ita-

389 989 518 1056 bere
541 1015 763 1054 uxorem
798 991 1032 1068 Philippi
1062 999 1251 1052 fratris
1278 998 1376 1053 lui.
1413 998 1610 1052 Verum
1647 999 1759 1051 Itzec
1790 999 1977 1051 dicens

327 1126 335 1134 ο
390 1084 766 1149 εείιιολοθιιετυ
797 1088 872 1159 (2)
909 1089 1216 1149 videbatur,
1250 1097 1303 1139 et
1348 1087 1516 1138 surdo
1553 1100 1800 1138 narrare.
1844 1084 1975 1137 Nam

388 1197 510 1236 cum
539 1197 597 1238 se
635 1183 864 1237 sentiret
894 1183 1134 1236 llerodes
1163 1183 1228 1235 ab
1265 1182 1366 1234 hoc
1391 1181 1652 1250 prepheta
1686 1181 1978 1232 vehemen-

390 1279 496 1327 tius
559 1274 1027 1344 increpationibus
1093 1272 1405 1334 stimulari,
1470 1281 1522 1324 et
1578 1272 1749 1324 libere
1818 1280 1979 1337 atque

386 1367 650 1420 audacter
690 1366 759 1419 ab
793 1380 858 1418 eo
900 1364 1110 1418 traduci
1165 1364 1288 1416 tnali
1333 1362 1592 1416 facinoris
1644 1361 1976 1424 iceditatem,

387 1457 573 1512 multis
606 1455 1138 1527 perturbatiOniizus,
1198 1455 1424 1524 pudore,
1472 1467 1678 1516 amore,
1719 1455 1818 1516 ira,
1860 1448 1977 1518 ejus

388 1551 610 1604 animus
653 1547 976 1602 vexabatur.
1009 1541 1315 1600 Verebatur
1361 1547 1628 1615 praeconis
1679 1545 1974 1598 auctorita-

389 1649 533 1706 tem;
575 1639 871 1708 castigatus
923 1637 1296 1702 irascebatur;
1328 1650 1483 1689 amor
1527 1650 1656 1689 vero
1689 1636 1824 1688 iram
1859 1649 1972 1688 am-

388 1731 530 1800 plius
563 1731 905 1793 incendebat,
932 1743 994 1783 ac
1027 1728 1244 1780 tandem
1281 1726 1574 1794 voluptatis
1601 1721 1814 1780 all‘ectio
1845 1726 1975 1780 illud

387 1825 491 1877 vile
531 1824 860 1891 mancipium
894 1821 1130 1890 subegit.
1159 1818 1292 1885 Cum
1320 1820 1466 1874 enim
1515 1819 1659 1873 nulla
1696 1819 1964 1874 exercita—
1995 1809 2044 1868 B

386 1917 536 1970 tione
597 1927 759 1984 atque
812 1914 1158 1968 institutione
1196 1919 1344 1966 esset
1393 1911 1665 1976 excultus,
1708 1925 1970 1981 generosa

387 2007 566 2072 aliqua
611 2005 942 2075 cogitatione
977 2005 1277 2074 appetitum
1309 2004 1568 2058 cohibere
1605 2019 1710 2058 non
1738 2012 1969 2073 poterat.

384 2097 643 2150 Adultera
683 2110 810 2150 vero
847 2097 934 2149 ubi
970 2095 1235 2149 Herodem
1291 2095 1355 2147 ad
1397 2094 1675 2164 propheta:
1719 2094 1975 2163 increpa-

387 2186 562 2239 tiones
592 2186 956 2254 trepidantem
995 2184 1382 2239 animadvertit
1413 2183 1461 2254 (ι
1503 2185 1777 2238 Metuebat
1804 2185 1970 2246 enim,

388 2278 586 2344 inquit,
611 2275 854 2328 Herodes
867 2274 1156 2342 Joannem,
1172 2286 1225 2328 et
1248 2276 1480 2330 libenter
1498 2291 1620 2329 eum
1643 2275 1892 2329 audiebat
1904 2279 1970 2345 i);

389 2369 524 2431 hzec,
556 2370 800 2435 inquam,
834 2367 1000 2438 420
1030 2383 1150 2421 cum
1179 2367 1266 2420 illa
1307 2368 1446 2421 furia
1479 2368 1971 2434 animadvertisset,

388 2471 638 2516 metuens
677 2477 744 2516 ne
792 2478 947 2515 amor
984 2461 1407 2532 reprehensione
1441 2462 1785 2526 vinceretur,
1823 2461 1971 2514 vultu

387 2553 454 2605 ad
509 2553 786 2606 tristitiam
837 2551 1220 2616 cettfornzato,
1274 2550 1641 2621 lacrymisque
1703 2553 1974 2607 distillans

390 2659 512 2696 cum
576 2645 768 2697 insano
827 2643 917 2698 illo
975 2653 1219 2698 amatore
1275 2643 1530 2699 mulieris
1591 2645 1976 2700 miserabiliter

385 2735 845 2804 conquerebatur.
878 2731 1018 2801 Quid
1056 2734 1156 2787 hoc
1189 2733 1463 2800 indignius
1493 2732 1606 2787 ﬁeri
1633 2736 1823 2803 possit,
1859 2735 1971 2788 aie-

388 2827 504 2890 bat,
539 2841 700 2895 quam
748 2841 872 2878 eum
904 2826 997 2894 qui
1041 2825 1190 2896 regio
1217 2824 1463 2878 considet
1509 2827 1727 2887 throno,
1757 2837 1810 2880 et
1841 2842 1970 2895 pur»

391 2933 525 2984 pura
556 2928 611 2972 et
639 2933 837 2971 corona
871 2918 1172 2987 pra-fulget,
1197 2935 1224 2969 a
1250 2917 1434 2971 .ludaeo
1462 2932 1624 2972 sacco
1647 2931 1699 2972 et
1719 2921 1974 2988 squalore

386 3009 566 3063 obstto
600 3009 862 3061 conviciis
894 3010 1102 3075 intpeti,
1140 3018 1192 3060 et
1223 3008 1499 3076 prohiberi
1529 3008 1823 3076 quominus
1853 3009 1972 3060 ani-

389 3114 478 3153 mo
506 3114 604 3154 suo
633 3102 992 3168 obsequatur,
1017 3115 1137 3150 cunt
1173 3109 1350 3152 tamen
1380 3113 1478 3166 pro
1514 3099 1661 3166 regia
1700 3109 1971 3166 potestate

388 3188 551 3244 liceat
599 3191 691 3244 tibi
736 3189 1102 3258 impudentem
1137 3189 1377 3256 liuguant
1423 3200 1478 3243 et
1523 3189 1974 3244 contumeliosam

389 3282 736 3344 abscindere,
782 3282 863 3335 vel
904 3283 1268 3335 conlidentem
1312 3283 1458 3334 illum
1515 3285 1789 3336 hominem
1845 3282 1977 3337 ieris

389 3376 444 3429 itt
497 3376 676 3429 cibum
725 3372 1004 3442 objicere;
1047 3389 1154 3427 non
1203 3389 1338 3428 vero
1387 3385 1571 3429 contra
1620 3376 1978 3430 succumbere

391 3477 554 3535 atque
605 3466 933 3521 ﬂaccescere
998 3468 1099 3538 (5).
1153 3468 1320 3538 Igitur
1376 3469 1742 3522 meretricqu
1797 3470 1977 3524 veibis

388 3556 663 3610 etnollitus
695 3556 879 3609 infelix
918 3557 1246 3627 (illecebram
1281 3557 1426 3610 enim
1481 3557 1686 3612 habent
1729 3559 1976 3612 meretri-

389 3652 470 3704 cis
498 3652 660 3704 verba
693 3649 949 3718 permista
1000 3649 1255 3718 lacrytnis
1293 3651 1360 3702 ad
1403 3649 1618 3704 mollem
1669 3662 1970 3706 amatorem

391 3741 446 3794 in
477 3756 632 3794 suam
664 3743 993 3794 sententiam
1026 3738 1398 3808 ﬂeetendum),
1432 3739 1527 3794 sed
1553 3756 1683 3795 vero
1708 3758 1801 3809 per
1831 3758 1976 3795 moro

392 3843 498 3889 tem
528 3833 808 3888 lucernam
842 3833 988 3886 illam
1029 3833 1380 3901 exstinguere
1419 3835 1686 3888 reveritus
1717 3834 1972 3887 virtutem

391 3926 654 3994 hominis,
691 3941 798 3982 non
840 3935 1047 3980 rectum
1079 3927 1332 3989 censuit;
1365 3939 1482 3978 eam
1515 3935 1694 3979 tamen
1734 3929 1835 3979 sub
1862 3944 1977 3980 mo-

389 4019 480 4073 dio
511 4018 794 4072 abscondit
838 4031 1064 4073 carcere
1091 4031 1212 4070 eum
1265 4015 1567 4077 includens.
1597 4029 1647 4070 et
1677 4017 1728 4070 in
1757 4019 1974 4087 cippum

389 4113 661 4182 injiciens.
717 4111 826 4167 Sed
875 4127 1049 4182 neque
1097 4126 1160 4166 os
1196 4110 1478 4181 proahetae
1527 4112 1819 4175 conticuit,
1875 4127 1975 4165 nec

389 4205 700 4260 meretricis
754 4204 832 4258 ira
878 4203 1214 4272 conquievit.
1267 4205 1443 4269 Atque
1501 4203 1662 4255 ambo
1721 4203 1864 4256 inter
1916 4219 1975 4258 se

388 4295 677 4349 certabant
709 4297 1009 4365 :pr0plteta
1052 4295 1292 4362 quidem,
1333 4307 1442 4362 quo
1489 4303 1647 4362 pacto
1697 4309 1873 4362 regem
1907 4296 1975 4349 ab

390 4382 484 4436 illo
514 4381 713 4451 ﬂagitio
739 4385 1058 4452 expediret;
1094 4382 1353 4435 meretrix
1381 4396 1508 4434 vero
1539 4397 1648 4449 quo
1678 4392 1834 4451 pacto
1875 4382 1974 4436 int-

2078 550 2328 621 τοφάγῳ,
2372 546 2740 616 ἁλλ’ἄγγελος
2759 542 2829 615 ἦν
2864 546 3107 614 ἀτεχνῶς
3145 543 3382 616 τοιούτῳ
3447 543 3670 614 σώματι

2080 641 2386 712 χρώμενος.
2414 635 2584 703 Οὗτος
2606 636 2671 710 δὴ
2711 639 2846 709 μετὰ
2871 639 2926 690 τὸ
2946 639 3313 708 χειραπτῆσαι
3340 636 3673 707 τδνΚύριον,

2081 733 2176 783 καὶ
2207 734 2305 801 τῆς
2357 731 2597 800 Ἡρώδου
2626 729 2923 792 ἀκολασίας
2992 729 3213 799 ἔλεγχος
3273 728 3479 795 γίνεται
3511 745 3524 758 ⁸
3556 729 3672 779 Οὐκ

2080 823 2258 886 ἔξεστί
2306 842 2407 886 σοι,
2435 823 2635 890 λέγων,
2670 821 2900 890 ἀδελφοῦ
2965 822 3122 889 κοίτῃ
3200 819 3626 890 συγχραίνεσθαι
3652 819 3668 847 δ

2077 916 2129 968 τί
2173 916 2370 968 σαυτὸν
2417 916 2700 984 αἰσχύνεις
2727 913 2883 982 λέχος
2913 913 3219 980 ἐνυϐρίζων
3253 912 3527 980 ὁμόγνιον,
3576 915 3670 962 καὶ

2079 1008 2367 1076 ὲπιδέμνια
2405 1007 2608 1076 βαίνων
2634 1007 2976 1077 παράνομα;
3015 1006 3129 1057 Οὐκ
3167 1004 3348 1070 ἒξεστί
3415 1019 3498 1055 σοι
3525 1001 3672 1072 ἔχειν

2080 1103 2179 1170 τὴν
2209 1103 2445 1169 γυναῖκα
2470 1100 2743 1152 Φιλίππου
2776 1098 2870 1151 τοῦ
2897 1098 3129 1166 ἁδελίέοῦ
3157 1115 3274 1152 σου.
3313 1096 3474 1149 Ἀλλὰ
3501 1097 3673 1148 ταῦτα

2079 1193 2277 1261 λέγων,
2307 1195 2453 1264 ᾅδειν
2482 1195 2621 1262 πρὸς
2655 1195 2775 1246 δνον
2826 1193 3027 1256 ἐδόκει,
3070 1191 3167 1244 καὶ
3209 1189 3380 1259 κωφῷ
3428 1188 3678 1256 διαλέγε-

2081 1285 2229 1338 σθαι.
2289 1285 2464 1355 Ὀρῶν
2493 1286 2601 1354 γὰρ
2643 1284 2889 1353 Ἡρώδης
2916 1283 3190 1355 ῥαγδαίως
3241 1283 3330 1336 τὸν
3368 1283 3669 1353 προφήτην

2079 1380 2193 1439 τοῖς
2273 1377 2523 1446 ἐλέγχοις
2574 1376 2766 1428 τοῦτον
2821 1375 3175 1445 μαστίζοντα,
3235 1374 3587 1442 ἀνυποστόλῳ
3615 1389 3673 1424 τε

2081 1469 2278 1540 θράσει
2300 1468 2361 1521 τὸ
2392 1469 2633 1529 δυσειδὲς
2661 1470 2761 1538 τῆς
2795 1469 3009 1538 φαύλης
3047 1468 3301 1538 πράξεως
3341 1466 3673 1535 ὲκπομπεύδ

2079 1582 2226 1626 οντα,
2259 1565 2475 1625 πολλοῖς
2502 1564 2789 1635 ἐμερίζετο
2823 1564 2920 1633 τὴν
2944 1562 3146 1633 ψυχὴν,
3190 1561 3450 1633 αἰσχύνῃ,
3483 1560 3672 1629 ἔρωτι,

2079 1657 2174 1712 καὶ
2206 1655 2363 1728 θυμῷ
2393 1674 2406 1688 ⁸
2436 1657 2703 1728 ᾐσχύνετο
2735 1658 2830 1708 τοῦ
2851 1657 3096 1727 κήρυκος
3153 1655 3212 1707 τὸ
3245 1655 3498 1724 ἀξίωμα*
3525 1655 3677 1723 ὀργί-

2081 1748 2205 1814 ζετο
2239 1751 2597 1821 ἐλεγχόμενος
2621 1765 2636 1782 ο
2677 1753 2704 1803 ό
2735 1749 2874 1819 ἔρως
2904 1748 3004 1820 τὴν
3027 1747 3200 1818 ὀργὴν
3233 1748 3330 1800 ἐπὶ
3360 1746 3522 1800 πλέον
3546 1746 3675 1800 ἀνέ-

2077 1844 2270 1912 φλεγε,
2311 1843 2409 1896 καὶ
2438 1842 2588 1905 τέλος
2625 1843 2657 1910 ἡ
2724 1841 3012 1910 φιληδονία
3051 1840 3177 1910 νικᾷ
3203 1839 3265 1892 τὸ
3304 1839 3676 1909 ἀνδράποδον.

2089 1936 2454 2007 Ἀμελέτητος
2482 1935 2592 2004 γὰρ
2631 1933 2728 1996 ὦν,
2768 1935 2870 1987 καῖ
2895 1932 3022 1986 λίαν
3055 1931 3547 2002 ἁπαιδαγώγητος,
3574 1932 3678 1983 οὐκ

2078 2023 2227 2097 εἶχεν
2259 2024 2914 2095 ἀναπαλαίσαιλογισμῴ
2949 2024 3193 2094 γενναίῳ
3222 2023 3318 2094 τὴν
3351 2021 3562 2092 ἔφεσιν.
3598 2021 3676 2074 'll

2079 2118 2140 2172 δὲ
2191 2119 2470 2190 μοιχαλὶς,
2502 2118 2576 2182 ὡς
2602 2117 2804 2187 ᾔσθετο
2836 2118 2928 2170 τὸν
2966 2116 3214 2186 Ἡρώδην
3283 2115 3669 2184 ὑποτρέσαντα

2074 2209 2169 2262 τοῦ
2202 2211 2484 2281 προφήτου
2516 2211 2608 2262 τὸν
2647 2210 2896 2280 ἔλεγχον,
2959 2229 2977 2262 ι
3024 2209 3304 2276 Ἐφοόεϊτο
3330 2209 3458 2278 γὰρ,
3487 2206 3674 2274 φησὶν,

2075 2303 2102 2355 ὁ
2138 2301 2392 2372 Ἡρώδης
2415 2303 2505 2354 τὸν
2546 2303 2824 2371 Ἰωάννην,
2859 2301 2956 2354 καὶ
2987 2301 3160 2370 ἡδέως
3202 2299 3370 2352 αὐτοῦ
3420 2300 3610 2368 ἤκουε,
3649 2317 3668 2348 ι

2074 2380 2254 2446 ταῦτα
2275 2391 2552 2461 βλέπουσα
2579 2394 2610 2462 ἡ
2648 2395 2869 2462 μαινὰς,
2913 2394 3006 2446 καὶ
3035 2391 3339 2463 φοϐηθεῖσα
3365 2390 3442 2461 μὴ
3472 2393 3498 2442 ὁ
3523 2389 3679 2457 ἐλεγ-

2076 2501 2168 2553 χος
2203 2483 2341 2554 ὀφθῇ
2371 2484 2648 2554 κρείττων
2678 2485 2772 2538 τοῦ
2807 2485 3032 2554 ἔρωτος,
3057 2485 3260 2550 ἑαυτὴν
3285 2470 3676 2554 σχηματίσασα

2078 2576 2212 2643 πρὸς
2243 2575 2303 2627 τὸ
2339 2575 2824 2646 σκυθρωπότερον,
2855 2577 2950 2629 καὶ
2996 2575 3219 2629 λοιὸἀδα
3294 2574 3549 2645 δακρύων
3584 2574 3678 2623 ἐκ-

2077 2667 2342 2734 στάξατα,
2375 2669 2512 2738 πρὸς
2545 2669 2634 2721 τὸν
2668 2669 2956 2740 θηλυμανῆ
2994 2667 3309 2738 ἐσχετλίαζε
3340 2683 3354 2698 ο
3386 2667 3428 2718 Τ
3436 2667 3450 2717 ί
3482 2663 3674 2717 τούτου

2076 2761 2278 2828 γένοιτ’
2309 2761 2376 2814 ἂν
2399 2761 2727 2830 δεινότερον,
2753 2762 3012 2828 λέγουσα,
3038 2761 3134 2813 τὸν
3163 2761 3255 2812 ἐπὶ
3297 2757 3477 2811 θὼκου
3516 2756 3677 2826 βασι-

2077 2852 2230 2904 λικοῦ
2263 2853 2613 2922 ἐφεζόμενον,
2646 2854 2741 2905 καὶ
2778 2852 3242 2923 λαμπρυνόμενον
3266 2849 3549 2920 ἁλουργίδι
3581 2847 3678 2900 καὶ

2075 2943 2391 3014 διαδήματι,
2419 2944 2526 2995 ὑπὸ
2571 2939 2830 2996 Ἰουδαίου
2865 2942 3340 3013 σακκοφοροῠντος
3404 2943 3496 2994 κοιλ⁵
3559 2939 3662 2991 αὐέ-

2075 3036 2358 3106 χμοῦντος
2399 3036 2746 3106 ὑϐρίζεσθαι,
2785 3037 2880 3090 καὶ
2925 3037 3287 3106 ἀπείργεσθαι
3361 3034 3675 3104 πληροῦντα

2083 3127 2331 3197 θυμήρη,
2367 3128 2462 3180 καὶ
2522 3127 2675 3193 φίλα,
2734 3128 2853 3190 ἐξὸν
2903 3127 3163 3196 βασιλικῇ
3225 3124 3451 3192 ἐξουσίᾳ
3486 3124 3676 3190 τεμεῖν

2091 3218 2191 3288 τὴν
2223 3218 2486 3286 γλῶσσαν
2516 3220 2617 3292 τὴν
2655 3219 2873 3288 ἀναιδῆ,
2905 3219 2999 3271 καὶ
3028 3213 3431 3288 ὑϐρίστριαν,ἥ
3461 3211 3676 3283 θηρίοις

2079 3311 2171 3364 τὸν
2207 3311 2506 3382 τολμητίαν
2569 3313 2798 3382 ποιῆσαι
2850 3312 3040 3383 βορὰν,
3097 3311 3301 3380 ἥκιστα
3365 3306 3421 3360 δὲ
3479 3306 3680 3358 ὑποπί-

2079 3419 2236 3455 πτειν
2257 3404 2352 3457 καὶ
2412 3402 2874 3474 μαλθακίζεσθαι,
2914 3398 3361 3470 Ὑποχαυνωθεὶς
3421 3395 3512 3450 οὖν
3559 3398 3677 3458 τοῖς

2078 3494 2259 3563 λόγοις
2291 3496 2390 3564 τῆς
2423 3496 2758 3567 κασσωρίδος
2792 3496 2818 3546 ό
2864 3493 3099 3555 δείλαιος
3164 3488 3434 3559 (πειθανοὶ
3456 3487 3564 3556 γὰρ
3588 3485 3678 3536 λό-

2082 3603 2174 3655 γοι
2203 3586 2478 3656 μαχλάδος
2507 3587 2647 3656 πρὸς
2682 3586 2921 3655 ἐραστὴν
2956 3585 3138 3654 βλᾶκα
3165 3583 3396 3653 δάκρυσι
3435 3597 3677 3650 κεκραν-

2077 3672 2327 3742 νύμενοι)
2353 3673 2570 3743 θανάτῳ
2609 3674 2709 3742 μὲν
2746 3671 2937 3724 σϐέσαι
2963 3672 3055 3723 τὸν
3089 3669 3283 3739 λύχνον
3349 3671 3450 3720 οὐκ
3501 3667 3676 3720 ἐδοκί-

2082 3760 2244 3831 μαζε,
2278 3761 2380 3831 τὴν
2429 3763 2637 3832 ἀρετὴν
2683 3760 2779 3814 τοῦ
2820 3761 3012 3830 ἀνδρὸς
3047 3760 3435 3830 σεδαζόμενος,
3507 3755 3678 3810 καλύ-

2078 3865 2202 3900 πτει
2228 3864 2293 3916 γε
2326 3849 2434 3919 μὴν
2461 3848 2651 3901 τοῦτον
2675 3850 2780 3902 ὑπὸ
2797 3850 2888 3902 τὸν
2918 3850 3120 3920 μόδιον,
3148 3847 3437 3915 ἐγκλείσας
3461 3847 3679 3916 εἱρκτῇ,

2079 3941 2175 3994 καὶ
2201 3941 2527 4012 ποδοκάκκῃ
2563 3942 2762 4005 ὲνθείς.
2809 3943 2955 3994 Ἀλλ’
2988 3941 3112 3995 οὔτε
3137 3941 3232 3993 τοῦ
3295 3942 3578 4011 προφήτου
3615 3939 3678 3988 τδ

2080 4028 2260 4098 στόμα
2291 4028 2609 4099 σεσίγηκεν,
2641 4027 2766 4082 οὔτε
2800 4031 2828 4082 ὁ
2871 4029 3043 4099 θυμὸς
3091 4033 3192 4099 τῆς
3235 4028 3510 4098 μαχλάδος
3542 4025 3680 4078 ἐλώ-

2080 4133 2274 4187 φησεν.
2316 4115 2472 4186 Ἔρις
2506 4115 2564 4169 δὲ
2606 4117 2955 4186 συνειστήκει
2999 4118 3206 4186 ὰμςοῖν
3238 4131 3254 4148 ο
3281 4116 3375 4168 τοῦ
3411 4115 3509 4184 μὲν
3544 4130 3677 4183 προο

2078 4211 2280 4281 φήτου,
2311 4212 2464 4274 ὅπως
2492 4211 2587 4265 τοῦ
2626 4209 2835 4281 μύσους
2882 4212 3176 4285 ἀπαλλάξῃ
3245 4213 3342 4265 τὸν
3406 4211 3633 4281 βασιλέα
3660 4227 3674 4240 ο

2079 4304 2182 4371 τῆς
2233 4301 2291 4354 δὲ
2321 4302 2619 4372 μαχλάδος,
2647 4303 2797 4366 ὅπως
2825 4303 2918 4356 τὸν
2945 4304 3196 4374 κωλυτὴν
3220 4303 3314 4357 τοῦ
3350 4305 3518 4355 πόθου
3547 4305 3685 4356 ἀπο-

2079 4393 2442 4463 σκευάσηται,
2487 4393 2583 4446 καὶ
2638 4393 2932 4463 εὐκαιρίαν
2984 4395 3170 4466 ἐζήτει
3225 4397 3318 4447 τὸν
3379 4393 3685 4446 ἀκόλαστον

391 4476 756 4544 peditnentum
790 4476 994 4531 amoris
1023 4475 1105 4529 sui
1143 4475 1208 4529 de
1241 4473 1422 4528 medio
1456 4473 1706 4539 tolleret;
1734 4475 1977 4542 adeoque

2083 4481 2366 4551 ἐμπλῆσαι
2391 4481 2600 4548 θυμόνο
2638 4481 2732 4532 καὶ
2770 4480 2961 4549 μέντοι
3013 4483 3286 4552 τετύχηκε
3336 4480 3432 4534 τοῦ
3459 4478 3686 4548 βουλεύ-

391 4576 605 4637 tentpus
651 4579 1012 4638 opportunum
1048 4567 1347 4636 quaerebat,
1376 4580 1485 4635 quo
1527 4564 1824 4620 eil‘renatos
1854 4566 1977 4620 ani-

391 4673 508 4714 mos
541 4669 723 4728 posset
745 4659 980 4730 explere.
1008 4657 1076 4712 Et
1101 4672 1236 4714 sane
1267 4671 1298 4711 e
1331 4657 1602 4712 sententia
1639 4672 1728 4712 res
1753 4671 1976 4727 proces-

2089 4587 2261 4641 ματος
2280 4586 2294 4599 ο
2321 4571 2413 4624 ἀεὶ
2441 4568 2552 4640 γὰρ
2584 4571 2653 4623 τὰ
2672 4568 2843 4640 χείρω
2871 4573 3019 4642 νικᾷ.
3062 4571 3369 4640 Γενομένης
3407 4571 3516 4639 γὰρ
3546 4569 3687 4639 ἡμέ-

2088 4675 2190 4730 ρας
2223 4657 2509 4728 εύκαίρου,
2553 4658 2648 4711 καὶ
2680 4659 2790 4712 τῶν
2826 4659 3127 4725 γενεθλίων
3180 4658 3510 4720 ἐνστάντων,
3553 4655 3680 4708 καθ’

1627 4812 1952 4876 Francisci
1981 4814 2193 4876 Seorsi
2225 4821 2418 4880 notae.

466 4937 542 5007 (‘2)
589 4939 752 4992 Astno
796 4956 1011 5002 canere,
1048 4949 1096 4992 et
1145 4938 1306 5007 surdo
1353 4952 1597 4990 narrate.
1636 4937 1748 4991 Duo
1791 4937 1981 5006 adagia

393 5006 561 5062 unum
614 5013 665 5062 in
721 5012 893 5064 locum
945 5008 1154 5064 confert
1195 5006 1576 5078 Tb_eOphanes.
1606 5009 1849 5061 Alterum
1905 5015 1988 5060 est

391 5079 564 5202 ἒωὲῷ
613 5079 782 5150 ᾄδεις.
821 5080 996 5133 Surda
1038 5081 1208 5133 canis.
1241 5075 1536 5146 Escbylus
1581 5079 1635 5132 in
1682 5079 1854 5131 Ἑπτὰ
1895 5079 1989 5129 ἐπὶ

442 5168 472 5212 η
514 5167 579 5212 ας
609 5166 624 5181 ⁹

459 5191 577 5220 ""‘

539 5242 842 5305 Ἤκουσας,
870 5241 904 5312 ἢ
935 5241 1038 5293 οὐκ
1073 5239 1399 5312 ἧκουσας,ἢ
1422 5238 1590 5310 κωφῷ
1619 5240 1764 5308 λέγω
1790 5257 1805 5305 ;

535 5312 748 5365 Audisti
782 5325 872 5365 nec
896 5311 1002 5366 ne?
1030 5323 1120 5363 aut
1149 5311 1310 5363 surdo
1339 5311 1564 5378 loquor?

393 5403 624 5460 Latinus
649 5409 812 5460 etiam
845 5417 1002 5474 poeta
1033 5419 1098 5456 eo
1125 5401 1344 5455 allusit:

536 5486 662 5540 Non
686 5490 925 5540 canimus
957 5487 1133 5540 surdis
1163 5497 1181 5536 :
1210 5485 1520 5553 respondent
1545 5485 1723 5538 omnia
1746 5483 1916 5538 silvai.

396 5577 686 5634 Terentius
719 5579 1009 5632 Heautont.
1041 5594 1059 5632 :
1096 5577 1196 5631 Na:
1226 5577 1316 5630 ille
1347 5578 1466 5642 scit,
1497 5594 1654 5647 quam
1691 5576 1820 5628 mihi
1855 5592 1992 5629 nunc

395 5651 561 5703 surdo
597 5663 775 5718 narret
807 5650 1073 5718 fabulam.
1106 5651 1354 5701 Alterum
1396 5651 1741 5718 proverbium
1781 5665 1793 5700 :
1828 5649 1991 5718 Asiito

399 5720 654 5786 fabulam.
696 5715 934 5774 Galenus
978 5736 1042 5772 eo
1089 5735 1249 5783 usus,
1289 5715 1430 5785 Περί
1477 5715 1758 5785 φυσικῶν
1805 5717 1995 5769 δυνά-

396 5802 580 5855 μεων,
612 5790 706 5843 lib.
745 5804 804 5842 ttt
854 5808 868 5843 :
924 5792 1049 5852 Τοῖς
1093 5789 1138 5842 δ’
1174 5790 1358 5854 ἄλλοις
1408 5787 1551 5841 οὕτω
1594 5787 1889 5855 γενήσεται
1932 5786 1993 5839 τὸ

2095 4934 2348 5009 πρᾶγμα.
2369 4938 2662 5009 περιττὸν,
2697 4937 2774 5001 ὡς
2800 4937 2859 4998 ,εί
2894 4936 2988 4988 καὶ
3032 4932 3202 5006 μῦθον
3233 4933 3340 5003 ὄνῳ
3369 4951 3453 4998 τις
3487 4932 3679 5009 λέγει·

2093 5007 2332 5078 Reliquis
2363 5007 2484 5062 vero
2504 5021 2608 5060 tant
2634 5010 2818 5062 inutile
2849 5010 3008 5074 luerit
3033 5009 3286 5078 scriptum
3315 5023 3467 5074 quam
3495 5007 3680 5078 siqnis

2093 5077 2245 5131 asino
2289 5090 2466 5132 narret
2505 5079 2763 5148 fabulam.
2799 5077 2991 5130 Exstat
3037 5077 3092 5148 in
3133 5077 3436 5148 gramarum
3479 5077 3679 5148 coilect.

2097 5149 2243 5216 Ὀνῳ
2288 5166 2372 5211 τις
2416 5139 2571 5216 ἔλεγε
2619 5149 2810 5218 μῦθον,
2848 5151 2876 5200 ὁ
2919 5149 2974 5200 δὲ
3017 5147 3086 5197 τὰ
3125 5139 3240 5218 ὦτα
3282 5147 3487 5198 ἐκίνει·
3520 5145 3684 5218 Asino

2092 5220 2356 5288 quispiam
2389 5216 2645 5271 narrabat
2705 5220 2979 5286 (tabulam;
3024 5225 3078 5268 at
3121 5217 3209 5268 ille
3236 5231 3394 5268 aures
3426 5216 3680 5270 movebat.

2163 5303 2242 5372 (ὅ)
2293 5301 2572 5354 Ιίηιοίίίιιιε
2635 5301 2799 5371 igitur
2838 5298 3183 5372 meretricula:
3223 5298 3423 5372 verbis.
3478 5298 3685 5372 Praeter

2091 5369 2255 5425 verba
2297 5372 2536 5426 mulieris
2586 5369 2929 5424 adibumiuis
2972 5369 3211 5436 proclive
3248 5369 3520 5434 ingenium
3555 5369 3687 5421 sub-

2099 5445 2366 5495 ruendum
2419 5441 2656 5496 ellicacia
2720 5443 2992 5509 persuasit
3043 5441 3205 5492 etiam
3267 5439 3459 5509 facile,
3504 5439 3686 5505 inquit

2091 5510 2310 5566 Corttel.
2365 5523 2579 5575 noster,
2631 5507 2756 5579 quia
2817 5511 3080 5573 Herodes,
3129 5519 3266 5564 teste
3311 5507 3544 5577 Josepho
3584 5509 3683 5562 lib.

2093 5596 2184 5634 XIX
2245 5584 2500 5651 Antiquit.
2551 5597 2672 5649 cap.
2706 5583 2759 5644 7,
2825 5581 3071 5650 malignae
3103 5591 3220 5634 erat
3259 5580 3477 5643 indolis,
3506 5579 3684 5651 _mali-

2094 5656 2286 5720 tiosus,
2340 5649 2397 5706 et
2446 5653 2705 5720 proclivis
2759 5651 2824 5702 ad
2907 5649 3193 5713 saevitiam,
3288 5664 3353 5706 ac
3437 5649 3686 5704 infensus

2091 5717 2284 5777 Joanni
2319 5725 2387 5777 ob
2418 5717 2639 5778 crebras
2661 5723 2774 5790 ejus
2805 5721 3272 5792 reprehensiones.
