4074 6434
472 325 604 390 1067

1675 322 2174 384 THEOPHANIS
2215 322 2556 382 CERAMEI

3593 331 3736 394 1068

467 435 756 502 Herodias,
783 449 849 489 ne
879 449 1000 489 cum
1035 447 1099 488 ex
1140 433 1268 488 vino
1314 429 1702 496 dc-terbuisset,
1731 433 1932 486 donum
1969 447 2046 484 re.-

2161 431 2292 501 γάρ,
2323 433 2480 501 φησὶ,
2507 433 2594 486 διὰ
2627 433 2685 486 δὲ
2712 434 2838 496 τοὺς
2873 435 3073 503 ὅρκους
3129 437 3222 488 καὶ
3252 436 3380 500 τοὺς
3414 455 3744 496 συνανακει-

469 538 688 585 cusaret
723 526 988 583 Herodes.
1026 527 1117 581 Ille
1148 541 1311 592 vero;
1363 525 1483 580 vide
1525 525 1760 578 animam
1791 523 2052 592 jumenlis

467 624 849 695 insipientibus
894 623 1250 679 assimilatam
1303 621 1347 652 “
1392 641 1406 676 :
1467 637 1485 671 ι
1523 619 1889 673 Coutristatus
1946 628 2050 684 est,

466 719 663 788 inquit,
689 726 908 787 propter
929 714 1296 783 juramentum
1329 721 1533 776 autem,
1563 720 1618 765 et
1643 710 1803 765 simul
1833 720 2054 779 pr0pter

469 810 877 865 discumbentes
906 806 1077 861 noluit
1103 806 1248 860 illam
1269 805 1617 860 contristare.
1651 821 1668 854 ν
1707 802 2049 872 Figmcutum

463 901 732 969 quoddam
761 898 884 965 fuit,
905 907 960 954 et
995 905 1316 969 prmtextus,
1349 894 1626 949 simulatio
1651 894 1741 947 illa
1774 893 2046 947 mmroris.

462 991 678 1047 Etenim
731 991 819 1045 illa
869 989 1177 1060 promissio,
1213 1004 1376 1057 quam
1432 987 1662 1051 fecerat,
1691 985 2054 1056 jurejurando

461 1084 673 1136 ﬁrmata
710 1084 776 1135 ad
824 1081 974 1151 regni
1018 1081 1298 1136 dimidium
1331 1079 1744 1133 extendebatur.
1774 1077 1888 1145 Qua
1929 1076 2050 1148 qui-

458 1176 582 1230 dem
625 1185 788 1238 terra,
843 1184 896 1229 et
943 1173 1344 1245 possessiones,
1377 1181 1432 1225 et
1474 1172 1736 1240 pecunias,
1770 1180 1823 1224 et
1854 1183 2050 1238 pecora

457 1270 850 1322 continentur:
895 1282 1004 1322 non
1059 1280 1191 1321 vero
1250 1264 1526 1335 propheta:
1564 1271 1758 1332 caput,
1806 1261 1958 1330 cujus
1989 1276 2054 1316 ne

459 1369 604 1416 totus
644 1361 864 1430 quidem
910 1359 1142 1413 mundus
1174 1359 1394 1426 dignmn
1453 1357 1684 1425 pretium
1730 1365 1897 1410 esset.
1942 1353 2052 1408 Ob-

458 1463 750 1517 truncatur
781 1452 948 1524 igitur
981 1451 1391 1506 sanctissimum
1426 1459 1585 1518 caput
1608 1491 1622 1514 ,
1662 1447 1744 1503 vel
1790 1447 1924 1517 ipsis
1955 1461 2054 1498 an-

454 1548 598 1618 gelis
644 1545 1029 1601 venerandum.
1080 1542 1124 1599 0
1159 1542 1496 1597 detestabilis
1533 1556 1704 1603 mens,
1738 1556 1860 1610 qua:
1891 1539 2051 1593 talem

453 1650 656 1704 caedem
704 1655 788 1702 est
840 1644 1184 1699 machinata!
1242 1640 1286 1697 Ο
1317 1641 1651 1695 exsecranda
1703 1639 1885 1708 lingua
1937 1651 2055 1705 qua:

457 1742 619 1795 talem
684 1738 1013 1792 sententiam
1069 1734 1338 1806 protulit!
1381 1731 1426 1786 Ο
1463 1733 1638 1786 audax
1702 1746 1897 1784 manus
1927 1744 2048 1797 quae

455 1833 532 1886 illi
566 1831 826 1885 farinulata
859 1829 981 1884 est!
1015 1827 1088 1883 Ac
1110 1826 1223 1899 jam
1257 1825 1582 1880 introlertur
1630 1823 1684 1876 in
1732 1823 1884 1877 disco
1912 1836 2040 1892 per-

453 1927 634 1980 l'usum
668 1923 831 1995 422
867 1920 1154 1991 sanguine,
1182 1918 1342 1973 triste
1381 1916 1624 1972 convivis
1651 1914 2043 1984 spectaculum,

451 2032 611 2089 atque
643 2020 707 2073 ad
759 2024 1127 2071 comessantes
1157 2022 1211 2067 et
1249 2009 1456 2074 ebrios,
1524 2007 1613 2063 ille
1651 2007 1743 2077 qui
1800 2006 1906 2060 cihi
1950 2005 2046 2058 ab-

451 2115 709 2168 stinentia
737 2109 818 2163 vel
844 2123 966 2162 cum
995 2104 1206 2176 angelis
1254 2100 1637 2164 contendebat,
1670 2109 1724 2152 et
1751 2097 2044 2151 lasciviens

451 2203 711 2260 meretrix
751 2216 840 2265 eo,
879 2199 971 2270 qui
1021 2195 1368 2269 passionibus
1414 2193 1549 2247 liber
1594 2199 1734 2256 erat,
1773 2199 1824 2244 et
1865 2191 2039 2257 virgo,

451 2301 618 2370 potita
670 2294 1154 2357 tleleclabatttr,oet
1200 2289 1585 2352 cachinnabat,
1613 2299 1736 2338 cum
1782 2283 1912 2337 illud
1951 2282 2037 2348 ju-

452 2393 847 2453 cundissiutum
903 2385 1276 2458 spectaculum
1323 2393 1378 2438 et
1428 2381 1650 2452 plurimi
1705 2377 2033 2434 mStimatum

2160 524 2356 592 μένους
2389 527 2488 578 οὐκ
2527 525 2793 597 ἠθέλησεν
2838 526 3009 598 αὐτὴν
3067 528 3352 598 ἀθετῆσαι.
3397 551 3414 582 ο
3463 533 3747 588 Κεκαττυ-

2160 616 2325 685 μένον
2339 619 2571 688 πλάσμα
2594 614 2662 689 ἦν
2690 618 2751 671 τὸ
2779 619 2881 689 τῆς
2899 618 3100 689 λύπης,
3157 621 3255 674 καὶ
3302 623 3600 691 πρόφασις.
3675 625 3745 678 Ἦ

2156 709 2266 780 γὰρ
2298 708 2526 779 ἔνορκος
2568 711 2851 782 ὁμολογία,
2879 712 2947 784 ἥν
2972 713 3295 782 ἐποιήσατο,
3323 713 3449 766 ὅσον
3477 716 3538 769 τὸ
3570 716 3746 786 ἥμισυ

2155 803 2257 874 τῆς
2291 803 2581 874 βασιλείας
2613 801 2704 876 ἦν.
2731 805 2905 860 Τοῦτο
2939 805 2996 860 δὲ
3022 806 3358 878 κατάσχεσις
3395 809 3500 878 γῆς
3521 803 3612 879 ἦν,
3645 810 3745 862 καὶ

2157 897 2440 966 κτήματα,
2469 897 2565 950 καὶ
2585 899 2873 970 χρήματα,
2899 898 2995 953 καὶ
3041 898 3366 970 βοσκήματα
3386 940 3398 959 ,
3432 900 3494 954 ού
3523 917 3744 971 προφη-

2155 989 2283 1059 τικὴ
2317 989 2556 1059 κεφαλὴ,
2581 985 2651 1061 ἦς
2667 989 2777 1044 οὐδ’
2803 992 2832 1044 0
2859 991 3064 1063 κόσμος
3092 991 3212 1055 ὅλος
3236 992 3508 1058 ἀντάξιος.
3537 991 3748 1061 Τέμνε-

2156 1097 2247 1134 ται
2271 1075 2366 1134 οὖν
2391 1082 2425 1152 ὴ
2453 1081 2714 1154 πανίερος
2747 1083 2919 1154 κάρα,
2955 1085 2990 1154 ἡ
3023 1083 3120 1138 καὶ
3136 1084 3320 1149 αὐτοῖς
3348 1086 3460 1146 τοῖς
3486 1083 3745 1151 ἀγγέλοις

2159 1173 2462 1244 αἰδέσιμος.
2499 1170 2568 1228 Ὦ
2595 1175 2770 1246 μιαρὰ
2800 1175 2964 1250 φρὴν,
3000 1177 3034 1249 ἡ
3065 1177 3310 1232 τοιοῦτον
3339 1177 3502 1246 φόνον
3553 1176 3742 1246 δολοῤ-

2161 1268 2455 1338 ραφήσασα
2492 1270 2504 1322 i
2585 1262 2629 1321 ὦ
2691 1269 2922 1338 βδελυρά
2947 1269 3188 1337 γλῶσσα,
3227 1271 3259 1340 ἡ
3294 1268 3554 1337 τοιαύτην
3605 1269 3744 1321 ἀπό-

2159 1376 2325 1427 φασιν
2359 1361 2661 1427 ἐπιτάξασα
2693 1363 2705 1415 !
2739 1355 2783 1415 ὦ
2806 1361 3056 1432 τολμηρά
3112 1364 3254 1432 χεὶρ,
3293 1363 3326 1432 ἡ
3389 1361 3527 1431 πρὸς
3579 1361 3742 1414 τοῦτο

2159 1451 2723 1522 ὑπηρετήσασα.Καὶ
2746 1455 3034 1523 εἰσάγεται
3090 1455 3184 1508 ἐπὶ
3231 1454 3460 1517 πίνακος
3523 1452 3740 1523 πλήρης

2158 1546 2390 1614 αἵματος
2414 1547 2528 1609 τοῖς
2559 1547 2847 1617 δαιτυμόσι
2877 1548 3058 1618 θέαμα
3087 1547 3413 1618 σκυθρωπὸν
3449 1547 3585 1617 πρὸς
3611 1547 3741 1609 τοὺς

2158 1639 2468 1706 κωμῶν-τας
2492 1640 2584 1694 καὶ
2629 1639 2929 1708 μεθύοντας
2962 1642 3083 1711 ὀτῇ
3133 1641 3319 1712 ἀσιτίᾳ
3372 1639 3572 1710 μικροῦ
3642 1639 3742 1693 καὶ

2159 1731 2416 1798 ἀγγέλοις
2450 1733 2951 1804 συναμιλλώμενος,
2975 1735 3072 1788 καὶ
3104 1735 3370 1806 μαχλῶσα
3430 1735 3604 1804 πόρνη
3647 1732 3742 1786 τὸν

2151 1821 2337 1891 ἀπαθῆ
2391 1825 2486 1877 καὶ
2543 1825 2813 1896 παρθένον
2871 1825 3158 1898 κρατοῦσα
3228 1826 3550 1894 κατετρύφα
3595 1842 3742 1893 καγ-

2143 1914 2410 1985 χάζουσα,
2441 1920 2520 1979 είς
2556 1919 2710 1981 τέλος
2757 1919 2971 1973 ἀποϐὰν
3027 1919 3216 1990 ὁρῶσα
3249 1920 3310 1973 τὸ
3351 1919 3569 1990 ἥδιστον
3599 1919 3736 1990 αὐτῇ

2144 2007 2348 2077 θέαμα,
2373 2010 2467 2062 καὶ
2491 2010 2598 2080 πρὸ
2629 2010 2826 2063 πολλοῦ
2863 2010 3261 2082 μελετώμενον,
3280 2011 3401 2081 ἥτις
3427 2011 3524 2064 καὶ
3545 2009 3740 2081 ὥσπερ

2143 2097 2418 2153 δεδοικυῖα
2457 2100 2534 2170 μὴ
2565 2100 2642 2171 τῷ
2673 2100 2850 2172 λοιπῷ
2885 2101 3100 2172 σώματι
3131 2102 3401 2156 ὲνωθεῖσα
3446 2103 3737 2171 διαναστῇ,

2145 2191 2243 2243 καὶ
2271 2187 2429 2255 αὖθις
2449 2192 2543 2245 τοῦ
2572 2193 2843 2264 συνήθους
2898 2195 3158 2266 ἐλέγχους
3201 2195 3500 2266 ἐφάψηται,
3565 2196 3738 2264 αὐτὴν

2149 2284 2249 2354 μὲν
2315 2287 2418 2354 γῆς
2503 2287 2954 2358 ὲγκατακρύπτει
3025 2292 3238 2359 μυχοῖς,
3324 2291 3387 2344 τὸ
3438 2290 3495 2342 δὲ
3547 2287 3736 2344 λοιπὸν

2141 2379 2296 2446 ἅγιον
2327 2377 2486 2448 σῶμα
2522 2379 2569 2432 οἱ
2613 2378 2854 2450 μαθηταὶ
2875 2380 3131 2444 λαϐόντες
3155 2381 3212 2434 ἐν
3244 2383 3312 2450 γῇ
3348 2380 3740 2449 κεκηδεύκασιο

457 2486 679 2541 tandem
735 2479 997 2546 obtigisse
1059 2477 1164 2533 sibi
1212 2476 1461 2541 videret;
1507 2482 1562 2528 et
1624 2471 1854 2542 perinde
1895 2484 1959 2524 ac
2015 2479 2323 2531 vereretur,
2373 2485 2440 2525 ne
2477 2479 2642 2540 caput
2691 2471 2819 2528 illud
2869 2473 3080 2542 reliquo
3138 2475 3494 2543 conjunctum
3542 2487 3738 2542 corpo-

459 2584 504 2635 ri
546 2580 1011 2644 revivisceret,et
1050 2584 1362 2630 :ousuetam
1394 2569 1874 2641 reprehensionem
1927 2580 2119 2620 rursus
2161 2566 2508 2635 inceptat-et,
2571 2567 2750 2637 ipsum
2831 2570 3050 2639 quidem
3110 2570 3164 2624 in
3220 2582 3377 2626 terra:
3437 2570 3738 2626 visceribus

452 2675 677 2741 obruit;
733 2672 997 2741 reliquum
1055 2683 1184 2724 vero
1249 2675 1497 2723 sanctum
1542 2677 1740 2734 corpus
1785 2660 2034 2731 discipuli
2078 2660 2338 2727 tulerunt,
2376 2673 2429 2717 et
2469 2664 2634 2717 humo
2676 2665 3022 2719 mandarunt.

525 2765 694 2837 Igitur
729 2780 850 2835 qua:
900 2763 966 2816 ad
1018 2767 1268 2815 sanctum
1321 2757 1723 2813 Praecursorem
1777 2755 2034 2817 attinent,

454 2861 529 2912 ita
564 2860 706 2912 facta
743 2867 890 2911 sunt.
925 2853 1223 2923 Oportebat
1250 2850 1508 2906 nimirum
1536 2889 1551 2914 ,
1594 2846 1880 2917 oportebat
1909 2860 2034 2900 eum

2217 2752 2299 2807 Τὰ
2360 2755 2460 2825 μὲν
2523 2751 2618 2809 οὖν
2670 2756 2812 2811 κατὰ
2877 2759 2970 2811 τὸν
3029 2757 3174 2830 ἱερὸν
3217 2758 3536 2829 Πρόδρομον
3587 2754 3738 2810 οὕτω

2147 2845 2368 2916 συνέϐη.
2401 2846 2547 2900 Ἐδει
2571 2848 2701 2917 γὰρ,
2729 2849 2835 2901 ἔδει
2864 2848 2955 2902 τὸν
2973 2853 3036 2902 ὲκ
3055 2849 3350 2919 Λευῖτικῆς
3379 2850 3578 2919 ὀσφύος
3611 2865 3740 2918 γεν-

453 2949 543 3018 qui
565 2959 680 3002 erat
699 2963 764 3002 ex
790 2945 1036 3000 Levitico
1052 2944 1258 2998 semine
1273 2940 1373 3012 (8),
1409 2949 1461 2994 et
1479 2955 1545 2994 ex
1566 2949 1799 3008 utroque
1816 2945 2040 3006 parente

2149 2936 2414 3005 νὼμενον,
2497 2941 2617 2992 κατ’
2685 2942 2890 3010 ἀμφοῖν
2951 2944 3064 2994 τοῖν
3131 2943 3342 3009 γενεοῖν
3405 2941 3741 3012 Ἀαρωνίτην

453 3039 684 3090 Aarouis
704 3036 874 3103 stirpe
897 3041 1218 3104 prOgnatus,
1237 3043 1452 3083 sacrum
1471 3028 1719 3081 indueret
1733 3024 2038 3090 coccinum,

452 3145 517 3182 cx
544 3135 757 3183 suomet
787 3125 1048 3194 sanguine
1072 3123 1296 3177 tinctum
1321 3129 1374 3174 et
1395 3120 1486 3189 qui
1513 3119 1654 3173 inter
1675 3127 1832 3172 natos
1855 3116 2047 3170 mulie-

454 3237 572 3275 rum
611 3218 781 3286 major
823 3226 963 3281 erat,
987 3218 1127 3270 inter
1166 3229 1259 3270 eos
1281 3216 1373 3284 qui
1399 3213 1664 3283 sanguine
1685 3210 2046 3266 consummati

453 3325 602 3376 sunt,
639 3328 748 3367 non
794 3319 941 3366 esset
966 3309 1163 3365 minor.
1197 3308 1262 3362 Et
1298 3307 1459 3362 sicuti
1506 3315 1704 3361 caetera
1750 3301 2045 3359 honoriﬁca

452 3408 673 3462 nomina
710 3406 934 3461 sortitus
966 3414 1072 3470 est,
1098 3404 1170 3459 ita
1193 3418 1370 3473 neque
1393 3401 1548 3457 titulo
1571 3401 1826 3473 martyris
1852 3414 2046 3471 expers

451 3508 618 3555 esset.
646 3498 775 3552 Abit
820 3498 986 3569 igitur
1023 3497 1184 3552 sicuti
1221 3498 1279 3552 in
1325 3497 1486 3552 terris
1531 3495 1754 3563 fecerat,
1787 3495 1861 3550 ita
1905 3495 2045 3564 apud

453 3591 658 3646 inferos
681 3590 1034 3645 nuntiaturus
1065 3591 1358 3644 adventum
1391 3587 1608 3643 Domini
1638 3586 1746 3654 ille,
1773 3588 1867 3657 qui
1899 3597 2047 3642 vete-

450 3683 526 3738 ris
545 3685 678 3754 legis
701 3684 957 3748 cessatio,
981 3690 1032 3738 et
1057 3683 1383 3754 principium
1401 3681 1611 3737 exstitit
1637 3695 1811 3746 novas,
1838 3680 2047 3734 medius

447 3777 595 3831 inter
622 3784 928 3846 utramque,
956 3790 1084 3842 vox,
1124 3775 1368 3841 lucerna,
1395 3773 1613 3840 lucifer,
1639 3775 1886 3846 angelus,
1913 3789 2045 3845 apo-

448 3870 642 3932 stolus,
671 3867 905 3934 Levites,
931 3867 1239 3933 Aaronites,
1262 3867 1546 3937 propheta,
1567 3868 1829 3921 montium
1846 3867 2042 3931 cultor,

447 3964 916 4036 Baptisiapraaco,
968 3977 1298 4032 przccursor,
1335 3966 1510 4034 virgo,
1551 3963 1882 4032 pceuitentiae
1930 3978 2048 4016 ma-

446 4057 637 4126 gister,
668 4057 965 4128 castigator
990 4057 1217 4126 peccati,
1257 4063 1497 4126 martyr;
1536 4056 1638 4110 hoc
1689 4055 1834 4110 enim
1877 4056 2043 4109 veluti

450 4148 684 4219 sigillum
735 4151 949 4205 caeteris
983 4150 1297 4204 nominibus
1328 4160 1411 4204 cst
1445 4149 1782 4218 appositum.

517 4304 630 4361 Nos
679 4321 830 4374 vero,
882 4322 915 4363 ο
972 4307 1287 4364 Christiana
1341 4308 1556 4375 concio,
1615 4325 1829 4365 sacrum
1888 4308 2034 4364 illius
2066 4303 2110 4361 D

447 4398 770 4470 martyrium
809 4399 1168 4469 spiritualiter
1198 4400 1579 4468 celebremus;
1620 4403 1888 4471 nobisque
1923 4418 2040 4457 ma-

446 4493 594 4547 xime
626 4508 948 4561 caveamus,
983 4509 1048 4549 ue
1091 4495 1233 4549 idem
1286 4495 1431 4564 quod
1476 4493 1676 4549 Herodi
1739 4497 2036 4566 contingat.

445 4587 722 4660 Contingit
751 4589 894 4643 enim
925 4589 1171 4657 omnino,
1203 4589 1329 4645 etsi
1378 4590 1486 4645 alio
1520 4591 1681 4645 modo
1715 4590 1784 4644 iis
1821 4591 1913 4660 qui
1938 4591 2042 4645 sibi

446 4682 659 4736 intento
711 4683 897 4737 animo
951 4699 1057 4738 non
1120 4683 1489 4754 prospiciunt.
1542 4682 1642 4739 Ubi
1687 4683 1832 4738 enim
1893 4698 2044 4739 meus

447 4775 614 4829 tiliam
676 4775 817 4844 regis
849 4777 1028 4830 Arctre
1077 4792 1142 4831 ex
1176 4777 1359 4832 divina
1405 4777 1506 4830 sibi
1557 4777 1864 4846 copulatam
1919 4776 2040 4847 lege

443 4868 608 4922 tuerit
669 4879 960 4924 aversata:
1007 4870 1265 4939 intelligis
1320 4883 1512 4938 porrro
1557 4869 1646 4922 διὰ
1699 4867 1796 4922 τοῦ
1829 4868 2032 4940 Ἀρέτα

440 4961 541 5030 τὴν
593 4960 798 5033 ἀρετὴν
851 4977 946 5032 per
1029 4963 1252 5018 Aretam
1302 4963 1518 5016 scilicet
1575 4965 1863 5019 virtutem:
1917 4964 2032 5017 haec

443 5053 586 5105 enim
650 5053 1036 5108 honestissima
1091 5064 1144 5107 ct
1197 5053 1463 5107 naturalis
1505 5055 1718 5107 1ucntis
1764 5063 1849 5108 est
1901 5069 2032 5108 con-

435 5143 572 5212 jux;
629 5143 715 5198 ubi
767 5143 932 5214 igitur
985 5145 1126 5199 hanc
1176 5145 1519 5214 repudiarit,
1571 5155 1624 5198 et
1673 5146 2026 5200 vitiositatem

439 5241 498 5288 ut
549 5235 874 5303 adulteram,
901 5247 1064 5306 atque
1109 5237 1465 5292 adventitiam
1508 5252 1695 5292 amore
1743 5239 2024 5307 complexa

435 5324 619 5394 fuerit,
654 5329 743 5382 ubi
795 5329 1052 5382 nimirum
1098 5343 1157 5384 se
1213 5329 1462 5396 corporis
1519 5329 1894 5398 voluptatibus
1945 5333 2026 5384 in-

433 5419 738 5488 gurgitarit,
799 5430 927 5475 tunc
986 5419 1126 5475 alter
1177 5417 1420 5476 Herodes
1475 5421 1728 5476 eﬂicitur.
1782 5421 2025 5478 Herodes

499 5569 550 5602 '”
583 5567 728 5626 Psal.
764 5586 954 5640 xcvur,
989 5571 1073 5628 l3.

2149 3027 2474 3099 ὑπάρξαντα
2526 3032 2648 3094 ταῖς
2682 3031 2742 3098 ἐξ
2776 3032 3027 3103 αἱμάτων
3061 3032 3264 3103 βαφαῖς
3288 3034 3348 3086 τὸ
3407 3036 3556 3104 ἱερὸν
3578 3049 3743 3104 περι⁴

2148 3121 2536 3191 χλαινίσασθαι
2571 3124 2854 3190 κόκκινον,
2882 3125 2977 3178 καὶ
2999 3126 3093 3178 τὸν
3114 3127 3342 3196 μείζονα
3365 3128 3423 3179 ὲν
3454 3128 3739 3196 γεννητοῖς

2148 3215 2449 3282 γυναικῶν,
2488 3216 2614 3286 μηδ’
2644 3218 2708 3269 ἐν
2733 3218 2910 3286 τούτῳ
2943 3218 3343 3288 ἀπολειφθῆναι
3375 3221 3484 3272 τῶν
3511 3220 3740 3273 τελειω-

2150 3306 2352 3360 θέντων
2384 3308 2450 3362 δι’
2483 3308 2735 3379 αἵματος.
2775 3311 2886 3363 Καὶ
2909 3311 3100 3381 ὥσπερ
3144 3312 3335 3367 τ’ἀλλα
3363 3313 3473 3366 τῶν
3499 3314 3737 3382 ἐντίμων

2148 3399 2432 3469 ὀνομάτων
2474 3404 2840 3473 κεκλήρωται,
2865 3403 3039 3467 οὓτως
3081 3406 3202 3458 οὐδὲ
3253 3405 3352 3476 τῆς
3387 3407 3736 3478 μρτυρικῆς

2147 3493 2417 3563 ὴμοίρησε
2450 3494 2719 3564 κλήσεως.
2750 3495 3124 3565 Ἀπεισιγῡῦν
3150 3497 3343 3568 ὥσπερ
3375 3503 3484 3562 τοῖς
3534 3501 3592 3553 ὲν
3632 3503 3732 3569 γῇ,

2148 3584 2294 3638 οὕτω
2337 3587 2567 3649 καὶτοῖς
2595 3587 2654 3638 ὲν
2681 3586 2810 3657 ᾅδου
2857 3587 3112 3656 κηρύξων
3161 3589 3260 3659 τὴν
3314 3590 3407 3642 τοῦ
3479 3590 3738 3661 Σωτῆρος

2149 3676 2400 3743 κάθοδον,
2433 3680 2464 3748 ἡ
2492 3679 2591 3748 τῆς
2620 3679 2857 3742 παλαιᾶς
2891 3677 3098 3744 παῦλα,
3133 3681 3165 3751 ὴ
3201 3681 3302 3751 τῆς
3356 3683 3482 3746 νέας
3505 3682 3668 3752 ἀρχὴ,
3707 3686 3738 3735 ὀ

2153 3769 2383 3839 μεσίτης
2414 3770 2641 3839 ἀμφοῖν,
2666 3771 2700 3840 ἡ
2733 3771 2910 3841 φωνὴ,
2935 3774 2963 3824 0
3032 3770 3250 3840 λύχνος,
3287 3773 3315 3826 0
3375 3774 3674 3842 ἑωσφόρος,
3707 3777 3736 3826 0

2148 3861 2400 3930 ἄγγελος,
2425 3865 2452 3915 0
2489 3863 2810 3925 ἀπόστολος,
2840 3866 2868 3916 ὁ
2918 3865 3171 3933 Λευῖτης,
3227 3867 3256 3917 0
3319 3868 3673 3939 ’Δαρωνίτης,
3706 3869 3738 3920 ὁ

2148 3955 2458 4024 προφήτης,
2485 3955 2874 4028 ὀόρειφοίτης,
2915 3958 2942 4009 0
2993 3958 3332 4030 Βαπτιστὴς,
3405 3964 3434 4014 0
3477 3961 3672 4032 κῆρυξ,
3705 3965 3734 4015 0

2149 4047 2485 4116 ῐΙρόδρομος,
2519 4049 2546 4100 0
2579 4049 2869 4118 παρθένος,
2889 4053 2918 4103 0
2937 4052 3255 4116 διδάσκαλος
3285 4055 3384 4123 τῆς
3417 4056 3734 4124 μετανοίας,

2147 4140 2175 4191 ὁ
2211 4139 2437 4208 ἔλεγχος
2458 4139 2556 4209 τῆς
2581 4143 2880 4212 ἁμαρτίας,
2930 4145 2958 4197 0
2985 4144 3200 4215 μάρτυς
3227 4159 3244 4176 ⁸
3303 4145 3460 4200 τοῦτο
3481 4147 3588 4217 γὰρ
3618 4141 3733 4199 οἷον

2148 4231 2572 4304 ἐπισφράγισμα
2597 4233 2889 4289 κάλλιστον
2912 4237 3022 4290 τῶν
3051 4237 3340 4308 ὀνομάτων
3390 4237 3660 4294 τέθεικεν.

2221 4326 2415 4395 Ἡμεῖς
2437 4325 2516 4394 δὲ,
2551 4321 2597 4380 ὦ
2622 4327 3020 4399 Χριστὼνυμον
3044 4330 3340 4403 ἄθροισμα,
3380 4331 3574 4386 τούτου
3631 4334 3732 4404 τὴν

2143 4419 2295 4492 ἱερὰν
2339 4423 2651 4492 μαρτυρίαν
2679 4423 3074 4494 πνευματικῶς
3101 4425 3478 4497 ὲορτάσωμεν,
3514 4427 3732 4490 ἑαυτοῖς

2140 4510 2198 4563 δὲ
2233 4511 2380 4581 μάλα
2414 4513 2774 4583 προσχῶμεν,
2810 4513 2886 4584 μὴ
2919 4515 2992 4568 τὰ
3035 4515 3130 4568 τοῦ
3203 4515 3445 4587 Ἡρώδου
3517 4519 3612 4571 καὶ
3672 4518 3732 4570 ὲν

2145 4604 2277 4673 ἡμῖν
2363 4605 2622 4670 γενέσθαι
2701 4606 2928 4678 συμϐῇ⁹
2996 4608 3286 4678 συμϐαίνει
3343 4610 3451 4680 γὰρ
3512 4610 3733 4674 πάντως

2145 4696 2348 4767 τρόπον
2373 4696 2560 4765 ἕτερον
2616 4701 2729 4761 τοῖς
2766 4698 2841 4769 μὴ
2881 4700 3172 4770 ἀραρότως
3207 4703 3593 4774 προσέχουσιν.
3638 4703 3731 4757 '0-

2151 4790 2361 4860 πηνίκα
2391 4790 2499 4863 γὰρ
2526 4791 2553 4843 ὁ
2585 4792 2708 4856 νοῦς
2730 4793 2831 4862 τὴν
2864 4793 2963 4863 μὲν
2997 4794 3141 4848 κατά
3169 4797 3316 4849 θεῖον
3357 4798 3524 4869 νόμον
3545 4785 3730 4851 σύνοι-

2145 4896 2241 4933 κον
2265 4880 2621 4951 ἀποστέρξειε
2653 4880 2753 4950 τὴν
2777 4880 3055 4952 θυγατέρα
3086 4881 3180 4935 τοῦ
3206 4883 3475 4952 βασιλέως
3508 4883 3729 4955 Ἀρέτα·

2142 4973 2282 5034 νοεῖς
2305 4971 2362 5025 δὲ
2388 4971 2477 5025 διὰ
2497 4971 2592 5026 τοῦ
2635 4972 2833 5044 Ἀρέτα
2859 4974 2958 5044 τὴν
2987 4975 3212 5045 ἀρετήν·
3241 4973 3382 5046 αὕτη
3442 4977 3549 5047 γὰρ
3590 4993 3727 5047 πρε-

2143 5063 2460 5135 πωδεστάτη
2489 5063 2586 5116 καὶ
2612 5065 2753 5117 κατά
2783 5064 2945 5133 φύσιν
2994 5065 3234 5134 σύζυγος
3279 5067 3376 5120 τοῦ
3409 5069 3526 5130 νοός
3553 5083 3568 5098 ο
3597 5069 3729 5121 ὅταν

2141 5151 2235 5209 οὖν
2273 5155 2480 5225 ταύτην
2504 5157 3025 5228 παραγκωνίσηται,
3090 5162 3185 5214 καὶ
3220 5159 3321 5232 τὴν
3371 5162 3724 5225 ἐπείσακτον,

2139 5249 2236 5301 καὶ
2263 5248 2553 5320 μοιχαλίδα
2584 5252 2788 5303 κακίαν
2821 5249 3156 5322 ἐνστέρξειε,
3192 5254 3321 5324 περὶ
3377 5255 3475 5315 τὰς
3532 5270 3727 5320 σωμα-

2134 5337 2294 5400 τικὰς
2319 5337 2512 5408 ἡδονὰς
2535 5337 2980 5408 λιχνευσάμενος,
3024 5339 3150 5394 τότε
3195 5340 3438 5412 Ἡρώδης
3464 5343 3723 5405 ἄντικρυς

2135 5426 2370 5494 γίνεται.
2411 5425 2658 5498 Ἡρώδης
2677 5427 2785 5497 γὰρ
2841 5427 3167 5499 δερμάτινος
3217 5431 3603 5503 ἑρμηνεύεται,
3655 5425 3723 5479 δι’

1677 5667 1996 5730 Francisci
2037 5669 2247 5731 Scorsi
2284 5682 2470 5732 notae.

506 5752 585 5827 (3)
645 5761 726 5816 Ex
756 5765 983 5826 Leuitico
1036 5783 1241 5838 genere.
1287 5767 1422 5822 Vide
1487 5769 1552 5821 ad
1604 5769 1749 5822 hom.
1790 5767 1878 5834 55,
1912 5777 2027 5824 not.
2071 5769 2159 5824 Η.
