4074 6402
392 328 531 393 16⁷9

390 530 585 602 ρςεύσῃ
605 530 698 583 τὸν
729 530 852 583 νοῦν
879 529 979 598 τῆς
1039 528 1316 597 ἁμαρτίας
1361 531 1390 580 ὁ
1457 528 1668 599 ἵμερος,
1737 529 1858 581 τότε
1890 527 1978 599 δὴ,

385 624 511 675 τότε
558 622 650 675 τὸν
693 620 988 688 ἐλέγχοντα
1028 618 1284 690 Ἰωάννην
1312 618 1492 673 πείθει
1523 620 1872 690 παραδοῦναι
1908 622 1975 689 τῇ

388 713 630 783 φυλακῇ.
663 711 830 774 Σύνες
853 711 914 764 τὸ
943 712 1331 783 κεκρυμμένον
1363 714 1422 766 ἐν
1444 706 1521 781 τῷ
1539 714 1845 782 αἰνίγματι.
1867 708 1982 767 Ἰω-

386 808 453 862 ἀν
468 824 556 878 φης
593 806 742 859 ἐστὶν
777 807 809 876 ἡ
850 800 944 858 τοῦ
978 806 1137 873 λόγου
1167 806 1328 877 χάρις
1384 804 1479 859 τοῦ
1531 806 1783 870 δοθέντος
1846 808 1980 878 ἡμῖν

386 896 453 955 ἐκ
487 894 647 965 Θεοῦ,
683 900 716 971 ἢ
747 900 808 951 τὸ
842 899 1083 962 συνειδὸς
1117 900 1355 952 ἑκάστου
1400 900 1815 969 ἁμαρτάνοντος
1858 900 1979 952 ἐπι-

386 994 724 1063 πλήττουσα.
749 991 972 1062 Ταύτην
1019 992 1119 1062 τὴν
1144 993 1308 1062 χάριν
1373 991 1469 1044 τοῦ
1513 990 1651 1043 Θεοῦ
1710 992 1975 1059 ἀφανίσαι

382 1086 478 1154 ἀφ’
510 1086 669 1154 ἡμῶν
703 1087 735 1155 ἡ
762 1084 1012 1154 ἁμαρτία
1041 1084 1227 1154 ζητεῖ,
1252 1083 1417 1147 ὼςᾶν
1474 1085 1578 1155 μὴ,
1604 1088 1716 1147 τοῖς
1766 1086 1833 1138 ἐκ
1880 1086 1975 1139 τοῦ

388 1175 692 1238 συνειδότος
723 1174 968 1244 ἐλέγχοις
995 1174 1329 1242 ξαινόμενοι,
1348 1173 1438 1227 διὰ
1481 1176 1771 1245 μετανοίας
1800 1178 1975 1247 ἀπορ-

389 1268 638 1339 ῥίψωμεν
688 1270 791 1338 τὴν
839 1268 1193 1333 ἐπείσακτον,
1252 1270 1350 1322 καὶ
1402 1269 1813 1340 προσλάϐοιμεν
1872 1269 1974 1339 τὴν

387 1363 685 1433 ὁμόζυγον,
721 1363 816 1416 καὶ
847 1362 1195 1431 παραινοῦσα
1222 1361 1422 1425 πείθει,
1450 1362 1527 1425 ὡς
1556 1362 1624 1415 τὰ
1659 1361 1830 1415 πολλὰ
1846 1362 1975 1424 τοὺς

387 1457 461 1525 μὴ
494 1456 790 1524 νήφοντας,
833 1455 926 1507 καὶ
946 1454 1187 1508 κλείεται
1242 1457 1270 1508 ό
1326 1453 1565 1524 ἐλέγχων
1620 1455 1677 1507 ἐν
1728 1454 1967 1524 φυλακῇ.

382 1550 576 1602 Νοοίτο
599 1548 665 1601 ἂν
692 1549 910 1617 φυλακὴ
941 1550 973 1618 ἡ
1000 1548 1113 1612 ἐξις
1141 1550 1235 1601 τοῦ
1269 1547 1466 1601 κακοῦ.
1505 1547 1831 1617 Κρύπτεται
1867 1543 1961 1600 οὖν

383 1640 412 1691 ὁ
440 1639 598 1707 λόγος
639 1638 735 1707 ἀφ’
766 1640 923 1708 ἡμῶν
960 1642 1017 1691 ἐν
1050 1638 1160 1703 ἕξει
1188 1640 1487 1708 γενομένης
1526 1641 1627 1708 τῆς
1672 1638 1969 1710 ἁμαρτίας,

378 1732 475 1785 τοῦ
504 1734 620 1795 νοὸς
644 1733 787 1802 μετά
813 1734 922 1785 τῶν
964 1731 1134 1784 αὐτοῦ
1154 1732 1498 1801 δαιτυμόνων
1533 1730 1970 1802 μεθύοντος,τῶν

378 1825 559 1877 αὐτῶν
580 1824 860 1892 λογισμῶν
887 1824 1112 1894 δηλαδὴ,
1148 1823 1467 1894 ἐξορχεῖται
1500 1823 1644 1876 κατά
1670 1824 1769 1893 τῆς
1806 1824 1965 1893 ἡμῶν

377 1916 633 1985 εὐηθείας
665 1916 697 1985 ἡ
727 1914 828 1985 τῆς
848 1914 1124 1985 ἁμαρτίας
1156 1910 1407 1984 θυγάτηρ
1445 1914 1641 1985 ἡδονὴ,
1676 1914 1952 1984 πανταχό-

378 2010 473 2063 θεν
498 2012 644 2079 ἡμᾶς
678 2010 1081 2071 ύποσαίνουσα,
1114 2010 1212 2063 καὶ
1230 2004 1393 2061 ἆθλον
1434 2006 1676 2079 ζητοῦσα
1708 2008 1960 2063 Ἰωάννου

375 2104 467 2154 τὸν
492 2102 744 2155 θάνατον.
776 2101 997 2154 Δέδοικε
1030 2101 1139 2170 γάρ
1170 2102 1272 2172 μὴ,
1304 2094 1402 2170 τῆς
1455 2098 1704 2170 φυλακῆς
1761 2100 1964 2153 ἀπολυ-

377 2196 513 2259 θεὶς,
541 2197 656 2258 τοῖς
688 2194 933 2265 ἐλέγχοις
965 2194 1215 2248 διαλύσοι
1242 2194 1333 2247 τὸν
1392 2193 1657 2264 ἀθέμιτον
1690 2191 1957 2263 θάλαμον.

377 2286 527 2337 Πίσα
552 2287 583 2354 ἡ
610 2284 820 2355 ίστορία
842 2285 930 2338 διὰ
960 2284 1167 2339 τούτων
1199 2285 1540 2340 ἐνδείκνυται
1567 2287 1581 2338 l
1622 2286 1877 2341 Ἐπειδὰν
1901 2289 1960 2341 ἐν

375 2377 491 2441 ἕξει
521 2377 617 2429 τοῦ
642 2375 818 2429 κακοῦ
847 2378 1056 2451 ποιήσῃ
1088 2378 1237 2448 ἡμᾶς
1270 2380 1299 2431 ὁ
1328 2378 1605 2443 διάϐολος,
1662 2379 1743 2432 ἔτι
1786 2380 1961 2452 δειλιᾷ

375 2470 591 2539 μήποτε
624 2468 1013 2540 ἀνανήψωμεν,
1039 2470 1136 2524 καὶ
1153 2470 1288 2540 πρὸς
1310 2472 1623 2539 ἀπόγνωσιν
1653 2473 1802 2542 ἡμᾶς
1832 2472 1960 2525 διω-

376 2561 480 2613 θεῖ.
510 2558 681 2625 Οὗτος
711 2563 820 2631 γάρ
879 2564 908 2615 ὁ
954 2563 1206 2617 Ἰωάννου
1262 2564 1424 2633 φόνος
1475 2564 1614 2630 ἐστὶ,
1661 2566 1756 2618 καὶ
1814 2565 1959 2619 οὕτω

374 2655 603 2725 Θνήσκει
634 2656 669 2725 ή
692 2656 748 2707 ἐν
775 2657 909 2723 ἡμῖν
941 2656 1104 2726 χάρις
1129 2657 1224 2709 τοῦ
1250 2657 1434 2725 λόγου,
1487 2658 1660 2710 οίονεὶ
1720 2676 1960 2730 καρατο-

376 2746 623 2816 μουμένη
657 2747 734 2817 τῷ
768 2747 914 2815 ξίφει
942 2749 1041 2818 τῆς
1072 2750 1463 2818 ἀπογνώσεως.
1495 2752 1664 2805 Ὀταν
1684 2751 1777 2804 οὖν
1800 2750 1961 2806 τοῦτο

372 2838 622 2907 γένηται,
647 2830 921 2910 ἀναχωρεῖ
943 2841 1036 2910 ἀφ’
1070 2842 1227 2911 ἡμῶν
1262 2844 1293 2913 ἡ
1350 2844 1598 2913 σωτηρία
1628 2861 1642 2875 ο
1707 2863 1725 2895 ι
1773 2846 1962 2898 Ἀκού-

374 2948 475 2993 σας
508 2932 909 3003 γὰρ,φησὶν,ὁ
975 2935 1183 3004 Ἰησοῦς
1235 2935 1607 3006 ἀνεχώρησεν.
1645 2956 1664 2989 ι
1736 2938 1827 3001 Ὠς
1890 2940 1957 2991 ἂν

372 3018 468 3075 οὖν
504 3023 578 3093 μὴ
619 3023 781 3076 τοῦτο
840 3027 1050 3095 συμϐῇ,
1119 3028 1520 3098 σπουδάσωμεν
1558 3030 1786 3099 φεύγειν
1860 3033 1960 3102 τὴν

385 3115 693 3184 Ἡρωδιάδα
726 3115 826 3186 τὴν
857 3116 1215 3187 δερματίνην,
1273 3121 1717 3191 ἐνστερνίζεσθαι
1769 3124 1826 3176 δὲ
1868 3125 1964 3178 καὶ

372 3206 563 3260 ποθεῖν
596 3208 694 3279 τὴν
720 3208 994 3278 ὀμόζυγον
1026 3209 1120 3263 τοῦ
1163 3211 1283 3273 νοὸς
1304 3211 1528 3282 ἀρετὴν,
1558 3213 1654 3283 τὴν
1682 3213 1962 3285 θυγατέρα

370 3298 467 3352 τοῦ
501 3300 778 3364 Βασιλέως
801 3300 1067 3372 Χριστοῦ,
1130 3303 1460 3371 ἐφεπόμενοι
1496 3304 1572 3373 τῷ
1613 3307 1958 3375 πατριάρχου

384 3389 637 3461 Ἀϐραάμ
670 3391 1062 3461 ὑποδείγματι,
1095 3393 1183 3458 ὃς,
1221 3392 1469 3445 ἐκϐαλὼν
1528 3396 1628 3464 τὴν
1665 3397 1962 3467 παιδίσκην

370 3483 598 3537 κατὰτὸ
641 3484 787 3541 θεῖον
819 3486 1128 3556 ἐπίταγμα,
1167 3488 1401 3555 κατέσχε
1482 3486 1583 3554 τὴν
1639 3488 1958 3558 ἐλευθέραν.

372 3576 454 3630 Οὐ
478 3578 589 3646 γάρ
613 3571 680 3647 ἦν
707 3578 864 3647 θέμις
921 3581 1162 3629 συνεῖναι
1196 3582 1262 3648 τῇ
1310 3579 1482 3646 ἀρετῇ
1518 3578 1619 3645 τὴν
1670 3579 1871 3633 κακίαν
1902 3583 1960 3635 ἐν

367 3672 439 3741 τῇ
494 3669 590 3721 τοῦ
627 3670 972 3741 πατριάρχου
1010 3670 1180 3742 ψυχῇ,
1252 3673 1393 3740 ὅπερ
1452 3673 1541 3726 διά
1593 3672 1692 3740 τῆς
1749 3673 1947 3743 δούλης

370 3764 468 3815 καὶ
508 3766 606 3832 τῆς
636 3762 931 3833 ἐλευθέρας
954 3764 983 3815 ὁ
1008 3763 1166 3831 λόγος
1201 3763 1445 3835 ᾐνίξατο.
1485 3765 1727 3836 Ἀληθῶς
1750 3767 1860 3837 γὰρ
1890 3767 1959 3820 τά

366 3854 471 3923 τῆς
498 3856 695 3918 κακίας
734 3858 1058 3927 γεννήματα
1111 3858 1174 3910 ού
1222 3858 1627 3929 κληρονομήσει
1658 3862 1798 3927 μετὰ
1849 3859 1958 3911 τῶν

368 3948 612 4015 εὐγενῶν
641 3949 890 4017 ἐγγόνων
920 3951 1021 4017 τῆς
1052 3950 1280 4019 ἀρετῆς,
1315 3951 1436 4002 ούδέ
1482 3950 1809 4020 ἐπιϐήσεται
1856 3952 1958 4020 τὴν

370 4040 572 4110 νοητὴν
603 4042 706 4109 γῆν
739 4042 843 4110 τῆς
876 4041 1237 4110 ἐπαγγελίας,
1279 4043 1346 4112 ἣν
1371 4044 1421 4094 oi
1454 4047 1652 4114 πραεῖς
1685 4045 1959 4114 κληρονο⁴

372 4133 611 4201 μήσουσι
634 4134 777 4186 κατὰ
805 4133 906 4204 τὴν
939 4133 1090 4186 θείαν
1128 4138 1335 4206 φωνήν.
1374 4135 1593 4205 Ταύτης
1645 4138 1740 4190 καὶ
1795 4140 1958 4208 ἡμεῖς

367 4223 772 4293 ἐπιϐαίνωμεν,
812 4223 909 4276 καὶ
954 4223 1062 4275 τῶν
1136 4226 1196 4277 ἐν
1246 4225 1384 4296 αὐτῇ
1469 4227 1657 4280 ἀϊδίων
1736 4227 1958 4297 ἀγαθῶν

363 4312 787 4383 ἀπολαύσαιμεν
841 4313 1162 4384 πρεσϐείαις
1222 4316 1315 4369 τοῦ
1366 4318 1611 4385 μεγάλου
1646 4321 1954 4390 προφήτου,

363 4404 705 4475 προδρόμου,
735 4406 831 4458 καὶ
859 4406 1175 4459 Βαπτιστοῦ
1218 4409 1495 4473 Ἰωάννου,
1527 4411 1623 4462 καὶ
1646 4413 1833 4480 χάριτι
1857 4412 1957 4481 τῆς

1738 327 2065 389 HOMILIA
2110 328 2294 389 LXII.

383 436 455 496 οὗ
485 442 546 495 τὸ
574 438 757 511 xei/3m
802 436 1131 502 είκονίζεται
1184 437 1465 507 φρόνημα.
1518 436 1688 490 Ὅταν
1749 437 1845 491 οὖν
1889 456 1962 490 κυε

2087 441 2230 493 enim
2314 440 2588 508 pelliceum
2648 444 3073 514 interpretamur
3125 451 3279 523 (9),

3533 343 3670 409 1070

3338 468 3431 523 per
3502 474 3664 528 quem

2085 532 2441 585 adtnnbratnr
2508 545 2688 601 terrai,
2757 552 2819 590 ac.
2851 540 3056 608 pulveri
3088 544 3359 603 involutus
3412 549 3665 607 allectus.

2086 622 2219 675 Dum
2257 624 2420 695 igitur
2448 630 2656 695 peccati
2707 644 2859 686 amor
2887 633 2941 688 in
2982 646 3220 692 mentem
3270 640 3663 710 dominabitur,

2085 724 2214 793 tunc
2250 718 2496 786 profecto
2542 730 2668 777 tunc
2722 725 3103 795 castigatorem
3130 729 3396 788 Joannem
3446 736 3500 789 in
3540 752 3667 791 cus-

2084 808 2287 863 todiam
2324 812 2440 865 dari
2473 814 2689 870 suadet.
2728 816 2969 886 Intelligo
2997 821 3125 890 quid
3161 823 3261 878 hoc
3300 824 3667 883 abscondatur

2078 898 2243 970 5,23
2271 903 2559 973 aattigmate
2586 924 2601 960 :
2632 906 2870 964 Joannes
2898 920 2981 965 est
3032 913 3189 967 nobis
3234 929 3262 967 a
3309 915 3420 970 Deo
3465 918 3668 986 imper-

2085 991 2241 1043 titum
2272 993 2471 1047 donum
2507 997 2768 1061 rationis,
2809 1014 2931 1068 quae
2974 1005 3250 1068 peccantis
3311 1009 3659 1077 uniuscujus-

2079 1097 2185 1150 que
2213 1086 2606 1140 conscientiam
2643 1089 2849 1157 plectit.
2884 1091 3034 1146 Hanc
3068 1093 3162 1148 Dei
3184 1098 3412 1165 gratiam
3444 1115 3470 1152 τι
3504 1101 3662 1155 nobis

2079 1187 2361 1244 peccatum
2413 1178 2625 1232 amoliri
2681 1185 2983 1249 contendit,
3046 1201 3113 1240 ne
3181 1190 3526 1245 conscientiae
3580 1207 3663 1245 re-

2077 1266 2533 1334 prehensionibus
2598 1272 2861 1327 stimulati
2946 1291 3043 1345 per
3114 1280 3491 1345 paenitentiam
3553 1283 3648 1351 eji-

2078 1358 2291 1412 ciamus
2322 1358 2556 1414 alienam
2593 1377 2842 1429 uxorem,
2870 1374 2924 1419 et
2960 1367 3252 1438 legitimam
3284 1373 3616 1441 accipiamus
3644 1393 3659 1429 :

2076 1460 2128 1501 et
2160 1449 2339 1505 minus
2375 1461 2632 1519 attentos,
2683 1471 2745 1509 ac
2777 1458 2991 1512 sobrios
3041 1460 3361 1531 plerumque
3388 1464 3660 1519 hortando

2076 1542 2330 1610 perpellit
2358 1559 2372 1597 :
2408 1544 2651 1615 adeoque
2679 1549 2731 1601 in
2765 1565 2985 1604 carcere
3013 1553 3314 1622 casdgator
3343 1556 3658 1611 includitur.

2080 1630 2183 1686 Per
2208 1648 2493 1691 carcerem
2541 1638 2785 1693 habitum
2822 1641 3129 1712 intelligere
3180 1647 3354 1715 possis
3404 1648 3457 1701 in
3491 1651 3635 1705 male

2078 1724 2453 1782 Absconditur
2480 1728 2645 1797 igitur
2676 1746 2706 1784 a
2743 1735 2900 1789 nobis
2933 1739 3070 1789 ratio
3104 1753 3229 1792 cum
3269 1740 3496 1796 invaluit
3526 1757 3659 1797 cou-

2000 1815 2041 1869 B
2074 1818 2306 1873 suetudo
2344 1822 2550 1889 peccati
2580 1862 2594 1886 ,
2628 1837 2862 1893 cumque
2897 1842 3049 1880 mens
3082 1844 3183 1883 una
3229 1845 3349 1885 eum
3382 1834 3498 1887 suis
3532 1850 3662 1888 con-

2074 1911 2245 1975 vivis,
2280 1912 2415 1981 ipsis
2454 1913 2665 1968 scilicet
2703 1917 3126 1984 cogitationibus
3158 1922 3423 1977 inebriata
3472 1925 3658 1990 fuerit,

2072 2003 2235 2057 saltat
2266 2004 2474 2074 peccati
2506 2004 2615 2060 lilia
2649 2007 2893 2077 voluptas
2929 2013 3175 2068 stultitiae
3201 2054 3215 2078 ,
3261 2031 3326 2071 ac
3385 2020 3656 2073 vecordiae

2074 2104 2277 2150 nostra:
2331 2106 2613 2165 tempore,
2668 2113 2733 2154 ac
2787 2102 2943 2157 nobis
3004 2106 3351 2162 adblanditnr
3400 2113 3656 2167 omnibus

2074 2190 2290 2253 modis,
2346 2201 2400 2244 et
2426 2188 2659 2246 Joannis
2686 2193 2963 2249 interitum
2990 2238 3004 2261 ,
3042 2208 3099 2251 ut
3149 2200 3428 2268 praemium
3478 2205 3656 2272 petit;

2075 2280 2229 2335 timet
2267 2281 2412 2336 enim
2450 2297 2517 2337 ne
2553 2297 2779 2340 carcere
2803 2286 2913 2355 iam
2945 2287 3171 2344 liberata
3198 2332 3213 2357 ,
3262 2293 3657 2362 obiurgationi-

2074 2374 2177 2429 bus
2222 2374 2435 2430 crebris
2481 2376 2753 2431 nefarium
2800 2381 3117 2450 coniugium
3157 2384 3401 2439 dirimat.
3438 2386 3654 2452 Quanta

2072 2482 2170 2535 per
2205 2469 2320 2522 hac
2368 2469 2866 2526 consideratiouum
2899 2476 3141 2543 suppetit
3179 2478 3357 2545 copia.
3415 2477 3515 2533 Ubi
3549 2496 3648 2537 nos

2082 2560 2148 2611 ad
2200 2560 2443 2614 habitum
2500 2562 2705 2630 peccati
2753 2563 3001 2619 diabolus
3050 2568 3161 2635 jam
3198 2568 3419 2638 adegit,
3476 2574 3653 2629 adhuc

2078 2652 2314 2718 metuit,
2360 2667 2428 2708 ne
2478 2652 2775 2723 aliquando
2805 2657 3228 2727 resipiscamus;
3265 2662 3508 2732 adeoque
3556 2680 3652 2719 nos

2073 2744 2140 2797 ad
2184 2744 2622 2814 desperationem
2656 2748 2904 2819 impellit.
2956 2748 3081 2806 Haec
3110 2752 3252 2807 enim
3283 2756 3457 2809 czcdes
3482 2755 3652 2810 Joan-

2078 2835 2162 2888 nis
2212 2846 2341 2902 est,
2396 2848 2562 2906 atque
2598 2840 2671 2893 ita
2705 2842 2757 2893 in
2793 2841 2948 2895 nobis
3003 2844 3232 2899 rationis
3262 2846 3435 2915 gratia
3486 2848 3665 2902 veluti

1991 2930 2019 2955 ⁹
2077 2931 2480 2998 desperationis
2536 2933 2720 3002 gladio
2753 2935 3078 2992 obtruncala
3111 2942 3366 2993 moritur.
3418 2941 3651 3008 Quando

2076 3022 2241 3091 igitur
2273 3023 2326 3078 id
2354 3025 2617 3085 evenerit.
2654 3027 2856 3081 recedit
2879 3043 2907 3080 a
2941 3029 3098 3083 nobis
3122 3030 3305 3085 salus:
3335 3050 3355 3083 ι
3385 3032 3649 3096 Audiens,

2075 3116 2247 3178 enim,
2288 3117 2489 3185 inquit,
2514 3115 2672 3171 Jesns
2706 3120 2958 3172 secessit.
2996 3139 3015 3172 ι
3054 3118 3132 3174 Ne
3169 3120 3333 3191 igitur
3363 3123 3465 3177 hoc
3496 3124 3651 3178 nobis

2066 3210 2369 3279 contingat,
2402 3213 2719 3265 studeamus
2770 3211 3132 3268 llerodiadem
3179 3214 3326 3268 illam
3363 3216 3647 3285 pelliceam

2066 3298 2254 3368 fugere
2284 3315 2299 3365 ;
2330 3301 2629 3368 amplexari
2667 3317 2794 3357 vero
2838 3312 2892 3355 et
2944 3304 3334 3373 concupiscere
3364 3306 3646 3377 coniugem

2064 3394 2267 3446 mentis
2295 3391 2548 3446 virtutem
2573 3433 2588 3458 ,
2618 3394 2780 3447 tiliam
2825 3395 2970 3448 illam
2998 3395 3203 3452 Christi
3265 3399 3408 3469 regis
3428 3440 3444 3465 ,
3474 3409 3528 3456 et
3554 3416 3651 3470 pa-

2067 3484 2317 3537 triarchae
2364 3486 2659 3539 Abrahami
2723 3499 3104 3543 consectemur
3155 3492 3498 3561 exemplum,
3554 3495 3649 3564 qui

2062 3589 2130 3628 ex
2170 3574 2353 3630 divino
2397 3588 2668 3645 praecepto
2732 3578 2903 3645 ejecta
2937 3580 3133 3634 ancilla
3160 3621 3176 3645 ,
3214 3582 3441 3637 retinuit
3506 3584 3643 3638 libe-

2064 3681 2199 3720 ram.
2234 3665 2419 3736 Neque
2453 3671 2596 3721 euim
2632 3670 2711 3723 las
2738 3678 2822 3723 est
2842 3686 2945 3724 una
2986 3673 3192 3726 versari
3233 3674 3284 3728 in
3312 3676 3643 3743 patriarchae

2067 3760 2248 3814 animo
2280 3774 2405 3815 eum
2444 3761 2645 3815 virtute
2695 3762 2957 3816 malitiam
2986 3802 2999 3826 ,
3057 3765 3199 3831 quod
3233 3781 3328 3835 per
3362 3769 3644 3835 ancillam,

2062 3861 2118 3906 et
2173 3852 2401 3906 liberam
2443 3851 2623 3906 innuit
2674 3867 2856 3907 sermo
2905 3854 3138 3909 divinus.
3194 3856 3273 3909 Re
3323 3858 3468 3911 enim
3518 3874 3647 3914 vera

2068 3944 2187 3997 vitii
2220 3942 2435 3997 soboles
2485 3958 2608 3998 cum
2643 3944 2892 4013 ingenuis
2924 3945 3137 4001 virtutis
3176 3946 3360 4004 liberis
3394 3965 3499 4004 non
3540 3952 3648 4006 haz—

2069 4035 2351 4098 reditabit,
2390 4050 2571 4104 neque
2604 4034 2669 4088 ad
2704 4035 3093 4106 intelligibilem
3124 4040 3504 4107 promissionis
3541 4053 3650 4096 ter-

2066 4143 2188 4180 ram
2248 4126 2464 4193 adibit,
2529 4140 2692 4196 quam
2751 4127 2906 4196 juxta
2963 4131 3382 4197 promissionem
3435 4134 3646 4190 Domini

2064 4218 2423 4288 possidebunt
2476 4218 2641 4273 mites
2676 4218 2741 4273 ⁸⁸,
2776 4219 2860 4273 Ad
2910 4220 3049 4276 hanc
3100 4237 3198 4277 nos
3228 4228 3516 4293 pervenire
3541 4267 3555 4291 ,
3591 4236 3649 4282 et

2065 4311 2417 4379 sempiternis
2454 4310 2602 4365 illius
2658 4310 2820 4366 bonis
2879 4314 3087 4381 perl‘rui
3143 4315 3419 4371 enitamur
3475 4318 3648 4375 inter-

2063 4404 2405 4459 cessionibus
2442 4404 2622 4472 magni
2662 4404 2812 4459 illius
2840 4409 3140 4475 prophetae,
3187 4412 3559 4477 praeursoris,
3591 4423 3646 4467 et

366 4498 840 4569 ὐπερφώτου,καὶ
871 4500 1188 4571 ζωαρχικῆς
1221 4500 1481 4573 Τριάδος,
1519 4502 1617 4571 τῆς
1651 4508 1708 4555 ἐν
1752 4505 1953 4572 Πατρῖ,

2068 4497 2321 4564 Baptista:
2349 4494 2576 4549 Joannis
2604 4534 2619 4559 ,
2670 4504 2723 4549 et
2753 4499 2923 4564 gratia
2965 4494 3247 4552 Trinitatis
3296 4502 3417 4555 vitae
3456 4501 3640 4570 fontis,

363 4593 467 4644 καὶ
517 4592 644 4663 Υίῷ,
691 4595 786 4646 καὶ
863 4594 1004 4664 ἁγίῳ
1064 4594 1348 4663 Πνεύματι
1384 4596 1821 4665 γνωριζομένης,
1852 4599 1951 4666 τῆς

364 4681 704 4751 ἀδιαιρέτου,
767 4684 864 4736 καὶ
930 4685 1223 4754 όμοουσίου
1252 4681 1949 4758 φύσεως,ᾖπρέπειπᾶσα

361 4774 524 4841 τιμὴ,
556 4775 652 4826 καὶ
681 4775 829 4841 δόξα,
852 4776 948 4828 καὶ
971 4776 1197 4842 αίνεσις,
1232 4779 1325 4830 καὶ
1360 4779 1835 4850 μεγαλοπρέπεια,
1859 4780 1955 4835 νῦν

364 4866 467 4918 καὶ
506 4868 613 4933 ἀεὶ,
645 4866 741 4921 καὶ
764 4868 843 4929 είς
877 4867 1003 4930 τοὺς
1033 4868 1240 4932 αἰῶνας
1269 4869 1379 4922 τῶν
1405 4870 1639 4932 αἰώνων.
1684 4872 1879 4944 Ἀμην.

940 5045 1204 5099 ὈΜΙΛΙΔ
1232 5045 1353 5100 ΞΒ’.

724 5141 831 5203 Εἰς
850 5137 958 5192 τὸν
983 5140 1315 5209 γενόμενον
1342 5142 1603 5211 αὐχμόν.

449 5230 469 5282 ι
506 5230 609 5301 Τίς·
633 5230 795 5285 δώσει
818 5233 885 5303 τῇ
908 5231 1123 5303 κεφαλῇ
1152 5248 1255 5302 μου
1286 5231 1453 5304 ὓδωρ,
1489 5234 1584 5286 καὶ
1612 5236 1727 5297 τοῖς
1753 5234 1959 5303 ὀφθαλ-

447 5352 493 5383 "
532 5350 724 5407 Matth.
756 5369 810 5418 ν,
841 5349 897 5406 4.

2060 4596 2111 4639 et
2156 4587 2334 4640 lucem
2365 4587 2678 4640 excedentis
2710 4602 2928 4641 omnem
2962 4588 3095 4656 (ιο),
3127 4606 3246 4658 qua:
3282 4593 3333 4645 in
3383 4592 3544 4649 Patre
3590 4604 3642 4649 et

2065 4689 2258 4733 sancto
2295 4677 2503 4747 Spiritu
2539 4680 2887 4748 cognoscitur
2910 4681 3073 4735 unius
3105 4682 3370 4750 indivisac,
3405 4690 3644 4741 consub-

2063 4770 2455 4839 stantialisque
2491 4779 2740 4836 natum,
2779 4772 2864 4824 cui
2906 4774 3161 4827 convenit
3212 4776 3392 4830 omnis
3444 4776 3639 4843 honor,

2065 4874 2117 4918 et
2148 4863 2341 4932 gloria,
2375 4871 2434 4917 et
2462 4863 2602 4927 laus,
2635 4874 2687 4917 et
2722 4863 3127 4933 magniﬁcentia
3170 4882 3317 4922 nunc
3352 4877 3405 4923 et
3426 4886 3643 4941 semper

2055 4968 2110 5009 et
2141 4957 2195 5009 in
2228 4954 2421 5008 satcula
2457 4953 2795 5007 sa'culorum.
2837 4959 3029 5013 Amen.

2503 5080 2517 5091 .
2591 5043 2880 5099 HOMILIA
2945 5045 3107 5102 LXII.

2210 5138 2285 5188 De
2315 5136 2554 5187 siccitate
2592 5134 2704 5203 (ll)
2735 5151 2851 5203 qua:
2898 5153 2956 5189 eo
2993 5148 3223 5207 tempore
3256 5142 3495 5211 conligit.

2130 5228 2300 5302 424
2343 5247 2361 5279 ί
2410 5224 2545 5292 Quis
2590 5227 2743 5281 dubii»
2776 5226 2943 5297 capit.
2989 5246 3111 5285 ineo
3145 5247 3360 5300 aquam,
3383 5248 3437 5287 et
3470 5235 3639 5289 oculis

1616 5424 1937 5485 Francrscx
1966 5419 2176 5484 Scorsi
2211 5425 2396 5481 notae.

450 5518 523 5589 (Il)
585 5522 866 5577 Pelliceum
920 5526 1348 5590 interpretamur.
1397 5521 1526 5578 Haec
1580 5522 1957 5594 interpretatio

374 5591 618 5646 discussa
644 5599 726 5642 est
758 5596 823 5642 ad
846 5597 993 5646 hom.
1016 5594 1108 5654 52,
1143 5605 1253 5649 net.
1286 5594 1378 5650 25.

450 5660 563 5729 (ιο)
611 5659 1131 5733 Lurem_exce_dentis
1174 5680 1398 5717 omnem.
1445 5663 1829 5733 Ὑπερφώτοδ,
1875 5663 1957 5716 sie

374 5731 589 5803 locutus
638 5730 867 5803 bona},
905 5731 970 5803 ad
1005 5744 1166 5803 quam
1189 5735 1310 5803 vide
1341 5746 1457 5790 not.
1501 5730 1670 5803 8;ibi
1706 5734 1849 5790 enim
1891 5734 1958 5787 de

376 5800 680 5864 huiusmodi
718 5799 974 5864 epithetis
999 5800 1290 5865 copiosius.

2133 5517 2247 5590 (ll)
2305 5516 2387 5590 De
2419 5514 2671 5590 siccitate.
2715 5514 2856 5590 Tres
2927 5516 3205 5590 siccitates
3260 5530 3511 5590 agrorum
3565 5517 3636 5571 ob

2059 5585 2257 5659 pluvia:
2284 5586 2546 5659 delectum
2580 5585 3177 5659 Constantitmpolitane
3229 5588 3371 5659 etin
3399 5588 3635 5639 circnm-

2062 5655 2208 5713 circa
2272 5657 2581 5721 regionibus
2648 5657 2943 5725 contigisse
2982 5655 3217 5709 Joannes
3280 5655 3634 5721 Cumpalates

2061 5739 2114 5781 et
2136 5745 2203 5781 ex
2227 5742 2291 5781 eo
2315 5726 2589 5781 Cedreuns
2610 5727 2902 5785 memoriae,
2927 5725 3228 5793 litterisque
3257 5725 3631 5791 prodiderunt.

2064 5798 2296 5851 Primam
2356 5799 2548 5863 imper.
2608 5796 2824 5860 Basilio,
2883 5795 2971 5862 qui
3008 5797 3275 5864 imperare
3326 5797 3487 5863 cmpit
3515 5806 3635 5861 post
