4074 6402
405 468 545 533 1073

1784 468 2115 531 lIOMlLIA
2155 470 2343 532 LXII.

3539 475 3683 541 1071

399 585 625 652 γέλλετο
656 585 683 639 6
730 584 887 651 Θεὸς,
920 585 970 639 εί
1011 586 1338 657 φυλάττοιεν
1384 585 1484 645 τὰς
1531 581 1722 637 ἀὑτοῦ
1756 581 1978 645 ἐντολὰς

2109 584 2323 653 plueret
2359 584 2587 641 imbrem
2642 588 2995 653 matutinum,
3028 596 3081 643 et
3110 588 3407 645 seratinum
3434 628 3452 656 ,
3506 597 3559 644 et
3596 604 3688 645 rc-

400 680 692 749 ὲπιὸρέξαι
748 679 904 735 ὑετὸν
957 680 1230 751 πρώῖμον,
1292 681 1387 733 καὶ¹
1433 678 1651 749 ὄψιμον,
1707 678 1801 731 καὶ
1859 675 1993 747 πληο

400 772 767 842 θυνθήσεσθαι
821 773 921 838 τὰς
969 773 1183 837 ἅλωνας
1246 773 1421 839 σίτου,
1469 770 1567 824 καὶ
1609 772 1735 834 τοὺς
1797 771 1994 840 ληνοὺς

395 868 567 925 οἴνου.

460 962 628 1032 Ἦμῖν
650 962 705 1015 δὲ
724 964 755 1032 ἠ
776 961 1081 1029 ἐπαγγελία
1103 960 1242 1032 αὕτη
1262 962 1341 1023 είς
1357 960 1668 1015 τούναντίον
1688 960 1992 1030 μετέστρα-

398 1069 555 1117 πται,
590 1053 791 1122 μᾶλλον
817 1054 873 1106 δὲ
907 1055 1055 1125 ἡμᾶς
1089 1055 1122 1123 ἡ
1158 1054 1254 1107 τοῦ
1294 1053 1563 1123 Ἱερεμίου
1591 1054 1805 1124 κατάρα
1858 1069 1994 1105 κατ-

396 1145 643 1216 είληφεν.
686 1148 903 1200 (Ἔστω
933 1164 1038 1212 σοι,
1067 1147 1297 1215 φησίνῶ
1331 1147 1471 1218 ὑπὲρ
1495 1148 1739 1217 κεφαλῆς
1761 1147 1992 1216 οὐρανὸς

403 1238 826 1311 χαλκοῦς,ιτὴν
877 1239 1116 1309 παντελῆ
1193 1239 1489 1309 ξηρασίαν,
1560 1241 1656 1293 καὶ
1718 1240 1991 1311 ἐπίλειψιν

394 1331 507 1383 τῶν
540 1332 747 1385 ὑδάτων
819 1331 914 1385 τοῦ
968 1331 1328 1403 ἀπειλητικοῦ
1381 1332 1543 1401 λόγου
1600 1333 1990 1404 σημαίνοντος.

399 1422 470 1475 ’11
515 1423 577 1476 οὐ
628 1422 789 1477 τοῦτο
822 1426 958 1494 ἡμῖν
1007 1423 1211 1493 ἀρτίως
1242 1424 1643 1493 πεπλήρωται;
1675 1426 1707 1495 ἡ
1747 1425 1846 1492 μὲν
1881 1423 1991 1495 γὰρ

398 1514 468 1580 γῆ
496 1515 917 1585 χαραδρωοεῖσα
950 1514 1028 1584 τῷ
1059 1514 1280 1585 αὐχμῷ,
1321 1515 1417 1568 καλ⁵
1447 1510 1560 1567 οἷον
1588 1515 1990 1569 ἁπολιθωθεῖσα

394 1605 507 1658 τῶν
553 1606 815 1675 γεωργῶν
846 1607 939 1659 τὸν
975 1608 1138 1660 πόνον
1186 1607 1519 1678 ὴμάλδυνεν.
1569 1606 1710 1660 Οὔτε
1748 1608 1857 1678 μὴν
1887 1609 1988 1678 τὴν

396 1700 590 1767 ἄροσιν
636 1701 1077 1772 παραδεχομένη,
1126 1700 1253 1756 οῦτε
1302 1701 1403 1773 τὴν
1452 1701 1730 1771 σκάφησιν
1758 1717 1773 1732 ·
1823 1703 1893 1756 τὰ
1932 1702 1988 1755 δὲ

395 1792 525 1861 λήῖα
579 1794 775 1863 μικρὸν
823 1794 1299 1866 ὲκὸλαστήσαντα,
1334 1795 1429 1847 καὶ
1476 1795 1726 1868 χρηστὰς
1766 1792 1988 1857 ἐλπίδας

397 1886 754 1955 παρασχόντα
809 1886 916 1957 πρὸ
938 1886 1032 1939 τοῦ
1061 1889 1434 1959 ὲγκυμονῆσαι
1462 1888 1554 1942 τὸν
1574 1887 1989 1958 ἄσταχυν,ἀπε-

2102 675 2383 746 plerentur
2415 692 2523 731 ara:
2554 676 2849 746 frumento,
2884 686 2937 733 et
2964 678 3252 733 torcularia
3290 679 3417 733 vino
3442 678 3507 733 ".

2177 960 2343 1018 Nobis
2371 973 2550 1019 autem
2582 964 2697 1019 htec
2721 962 3004 1033 prophetia
3027 963 3079 1015 in
3111 960 3450 1016 contrarium
3482 958 3647 1015 vertit
3668 976 3683 992 ο

2104 1052 2198 1106 sed
2228 1054 2409 1122 potius
2453 1068 2552 1108 nos
2584 1032 2836 1108 Jereniia:
2886 1054 3205 1121 imprecatio
3251 1051 3688 1121 comprehendit.

2106 1159 2128 1194 ι
2176 1141 2259 1197 Sit
2290 1143 2409 1211 tibi,
2468 1143 2667 1212 inquit,
2712 1143 2907 1199 caelum
2939 1158 3152 1197 aeneum
3185 1141 3297 1212 (12)
3327 1155 3492 1211 super
3524 1150 3689 1208 caput

2105 1244 2257 1291 tuum
2290 1235 2361 1300 '°,
2400 1252 2419 1285 ι
2454 1235 2656 1304 quibus
2685 1233 2995 1288 minacibus
3027 1232 3207 1288 verbis
3236 1230 3456 1285 siccitas
3508 1231 3690 1284 maxi-

2102 1343 2212 1393 ma,
2257 1337 2313 1382 et
2344 1342 2608 1397 aquarum
2642 1326 2875 1382 defectio
2920 1324 3101 1380 futura
3134 1325 3473 1394 signiﬁcatur
3520 1321 3689 1395 425

2100 1435 2282 1476 nonne
2314 1421 2420 1475 hoc
2485 1420 2537 1473 in
2574 1418 2732 1474 nobis
2757 1418 2935 1487 {modo
2982 1418 3307 1486 completum
3357 1414 3478 1471 est?
3518 1415 3690 1470 Terra

2105 1512 2251 1566 enim
2301 1512 2407 1566 bac
2439 1512 2692 1567 siccitate
2749 1512 2989 1577 torrida,
3033 1520 3090 1566 et
3138 1510 3301 1566 veluti
3354 1509 3691 1579 lapidcscens

2099 1619 2318 1663 onmem
2361 1604 2726 1674 agricolarum
2771 1603 3013 1659 laborem
3067 1602 3324 1657 frustrata
3357 1611 3481 1665 est,
3515 1613 3690 1668 neque

2102 1695 2407 1749 arationem
2489 1708 2663 1763 neque
2737 1694 3034 1749 fossionem
3098 1690 3414 1746 admittens.
3467 1687 3690 1758 Segetes

2098 1802 2229 1842 vero
2278 1786 2561 1858 paululum
2610 1787 2791 1857 primo
2838 1786 3211 1849 virescentes,
3256 1794 3304 1838 et
3360 1799 3484 1852 spes
3515 1783 3687 1837 bonas

2099 1882 2486 1946 ostendentes,
2538 1891 2829 1949 antequam
2888 1889 3166 1949 turgentes
3215 1877 3380 1945 spica:
3426 1878 3688 1930 lactesce-

400 1949 676 2048 Fabi‘lb‘ﬂ,
714 1979 808 2032 καὶ
841 1949 1033 2052 ᾤχετο,
1069 1949 1215 2053 μόνη-
1236 1984 1293 2036 δὲ
1326 1949 1630 2036 ’λέλειπται
1667 1949 1776 2036 “rch
1802 1949 1983 2053 άμπὲ-

2094 1985 2214 2033 rent
2241 2019 2255 2042 ,
2295 1977 2515 2032 siccata:
2570 1985 2693 2029 sunt
2725 1986 2779 2029 et
2826 1975 3127 2044 perierunt.
3165 1969 3288 2026 Sola
3322 1985 3451 2025 vero
3497 1970 3549 2023 in
3598 1968 3684 2023 vi-

394 2068 504 2121 λων
544 2070 769 2123 καὶτῶν
802 2071 986 2139 φυτῶν
1014 2074 1046 2143 ἠ
1076 2073 1404 2140 πετάλωσις,
1441 2075 1581 2144 τάχα
1606 2075 1702 2127 καὶ
1727 2075 1868 2146 αὐτὴ
1891 2076 1984 2128 τὸν

398 2163 523 2229 μετ’
558 2164 742 2231 ὀλίγον
779 2166 1073 2236 μαρασμδν
1101 2168 1526 2237 ὑπεμφαίνουσα
1554 2168 1645 2221 τὸν
1692 2168 1978 2237 ἐσόμενον.

393 2250 652 2315 Τοιοῦτος
680 2254 788 2305 τῶν
829 2256 1118 2326 ἁμαρτιῶν
1150 2260 1177 2311 6
1213 2260 1454 2329 καρπὸς,
1503 2260 1733 2314 τοιαῦτα
1773 2260 1842 2313 τά
1882 2264 1983 2331 τῆς

393 2343 599 2406 κακίας
637 2345 906 2416 γεώργια.
949 2348 1091 2401 Ἀνθ’
1115 2346 1190 2403 ὧν
1223 2351 1324 2404 οὐκ
1355 2352 1737 2421 ἐπορεύθημεν
1767 2354 1826 2406 ἐν
1864 2356 1985 2418 ταῖς

393 2434 532 2498 ὁδοῖς
560 2436 787 2506 Κυρίου,
822 2439 959 2494 ἀλλὰ
992 2442 1116 2504 ταῖς
1142 2444 1408 2513 πονηραῖς
1434 2442 1703 2515 ἐδουλώθη
1714 2462 1815 2514 μεν
1842 2446 1986 2516 πρά-

397 2524 568 2589 ξεσιν.
631 2528 879 2600 ἀλλήλων
965 2532 1311 2599 φθονοῦντες,
1372 2534 1482 2586 τῶν
1536 2534 1836 2589 ἐλαττόνων
1889 2539 1984 2591 καὶ

398 2620 747 2691 πενεστέρων
805 2624 1298 2695 κατεπαιρόμενοι,
1358 2626 1762 2696 ἐπιθυμοῦντες
1818 2646 1982 2700 κορε-

394 2710 591 2780 σθῆναι
630 2712 739 2766 τῶν
766 2713 1086 2783 ἀλλοτρίων,
1114 2716 1400 2787 χαίροντες
1428 2721 1493 2788 τῇ
1540 2719 1858 2791 δυσπραγίᾳ
1886 2722 1980 2775 τοῦ

392 2798 658 2866 γείτονος,
709 2800 972 2873 ἀλλήλους
1033 2806 1414 2869 κατεσθίοντες
1467 2810 1535 2879 τῇ
1609 2811 1976 2884 συκοφαντίᾳ,

394 2889 624 2954 ἀτόποις
670 2892 991 2963 ἐπιθυμίαις
1034 2897 1568 2970 δουλαγωγούμενοι,
1605 2901 1763 2955 ἵπποι
1813 2903 2013 2973 θηλυος

398 2987 593 3052 μανείς
630 2987 941 3055 γεγονότες,
972 2989 1001 3042 ὃ
1034 3008 1202 3060 φησιν
1233 2992 1266 3062 ἡ
1299 2992 1513 3065 Γραφὴ,
1547 2995 1642 3048 καὶ
1685 2996 1840 3051 λύκοι
1882 2998 1984 3069 ἆρ-

395 3090 593 3143 παγες,
620 3076 716 3129 καὶ
741 3080 1215 3149 μνησικακοῦντες
1262 3083 1337 3147 ὼς
1358 3085 1624 3156 κάμηλοι,
1647 3088 1750 3140 οὐκ
1764 3089 1983 3143 ἐλεοῦν-

392 3183 489 3228 τες
526 3168 656 3231 τοὺς
687 3170 949 3240 πένητας,
985 3174 1049 3226 οὑ
1076 3173 1496 3244 συμπαθοῦντες
1522 3180 1637 3241 τοῖς
1665 3180 1978 3249 πταίουσιν,

2088 2072 2234 2126 netis
2271 2079 2325 2124 et
2374 2069 2614 2123 arbustis
2674 2067 2923 2121 foliorum
2968 2064 3313 2133 operimenta
3337 2063 3526 2117 relicta
3557 2071 3686 2117 sunt

2086 2179 2207 2235 quae
2278 2164 2444 2217 etiam
2492 2162 2607 2231 ipsa
2666 2175 2971 2215 marcorem
3019 2158 3242 2225 janrjam
3298 2157 3399 2211 sibi
3445 2155 3683 2209 futurum

2084 2256 2379 2311 ostendunt
2401 2253 2567 2321 :italis
2596 2265 2675 2308 est
2698 2262 3042 2321 peccatorum
3079 2248 3306 2314 fructus,
3333 2248 3455 2303 talis
3483 2248 3685 2317 impro-

2087 2348 2280 2404 bitatis
2310 2346 2665 2417 agricultura.
2719 2343 2797 2399 Eo
2842 2344 2988 2414 quod
3040 2345 3092 2397 in
3144 2342 3246 2396 viis
3302 2339 3515 2393 Domini
3578 2355 3681 2393 non

2086 2439 2492 2495 ambulavimus
2517 2478 2532 2502 ,
2562 2440 2655 2493 sed
2690 2438 2849 2492 malis
2892 2436 3152 2506 operibus
3212 2435 3511 2505 mancipati
3575 2433 3685 2488 fui-

2090 2548 2210 2587 mus
2247 2532 2484 2586 invicem
2542 2530 2974 2596 invidentes,in
3040 2529 3258 2582 intimos
3311 2537 3366 2583 et
3418 2540 3687 2597 pauperes

2089 2629 2471 2698 Superbientes
2497 2667 2512 2693 ,
2570 2625 2769 2681 alienis
2814 2624 2975 2679 rebus
3002 2622 3260 2678 exsatiari
3296 2622 3687 2689 concupiscen-

2086 2729 2172 2776 tes
2198 2759 2212 2784 ,
2249 2719 2414 2774 rebus
2445 2718 2697 2773 adversis
2726 2715 2890 2771 vicini
2922 2716 3223 2787 gaudentes
3248 2756 3265 2781 ,
3297 2713 3434 2769 alios
3464 2713 3554 2767 alii
3591 2729 3687 2768 ca-

2086 2811 2310 2866 lumniis
2332 2811 2704 2873 comedentes,
2720 2809 2974 2864 absurdis
2992 2808 3378 2877 cupiditatibus
3400 2806 3689 2877 (15)obse-

2086 2914 2353 2976 quentes,
2384 2903 2508 2973 equi
2550 2902 2793 2957 furentes
2845 2902 2899 2957 in
2951 2900 3187 2958 feminas
3250 2900 3378 2957 facti
3432 2900 3571 2971 (14),
3624 2909 3684 2955 ut

2095 3006 2172 3059 ait
2204 3003 2489 3073 Scriptura
2531 3004 2602 3071 ⁷³,
2631 3010 2688 3056 et
2727 3000 2838 3072 lupi
2886 3013 3113 3071 rapaces
3138 3038 3153 3065 ,
3200 3008 3257 3056 et
3308 3002 3448 3056 sicut
3494 2999 3687 3058 cameli

2088 3109 2361 3151 memores
2410 3094 2730 3165 iniuriarum
2775 3092 2933 3164 (ib),
2983 3092 3126 3147 nulla
3182 3106 3308 3162 erga
3368 3106 3673 3162 pauperes,

2087 3189 2233 3244 nulla
2327 3203 2455 3258 erga
2569 3196 2867 3255 peccantes
2962 3186 3438 3240 commiseratione
3500 3185 3675 3249 tacti,

393 3259 733 3327 ἀμελοῦντες
777 3262 887 3315 τῶν
932 3264 992 3318 ὲν
1028 3266 1096 3336 τῇ
1144 3266 1448 3340 Ἐκκλησία
1478 3269 1777 3336 συνάξεων,
1807 3290 1981 3329 κατα.-

2096 3295 2282 3335 sacras
2365 3294 2597 3351 synaxes
2687 3278 2941 3334 Ecclesim
3002 3277 3376 3346 negligentes,
3455 3283 3675 3331 sanctos

394 3352 722 3421 φρονοῦντες
750 3356 859 3410 τῶν
883 3358 951 3426 ἀγ
964 3359 1079 3425 ίων,
1097 3360 1198 3423 τὰς
1230 3361 1457 3431 μνήμας
1482 3362 1668 3416 αὐτῶν
1706 3364 1780 3436 μὴ
1815 3366 1975 3420 0e66-

394 3461 573 3512 μενοι,
606 3447 906 3515 φεύγοντες
946 3450 1050 3520 τὴν
1097 3452 1731 3528 ὲξομο).όγησιν,ζιῖ›σπερ
1763 3460 1815 3510 oi
1845 3478 1979 3533 φρε-

391 3535 690 3603 νητιῶντες
724 3539 850 3602 τοὺς
869 3539 1307 3611 θεραπεύοντας.
1347 3547 1411 3598 Oi
1439 3546 1607 3618 ἱερεῖς
1638 3549 1813 3602 κακὸν
1844 3550 1978 3604 ὑπόε-

393 3630 600 3702 δειγμα
629 3635 895 3704 γεγόνασι
923 3637 1002 3709 τῷ
1032 3638 1147 3710 λαῷ
1178 3641 1515 3712 ὑϐρίζοντες,
1562 3648 1978 3718 μνησικακοῦνο

392 3741 509 3789 τες,
562 3728 967 3799 ἐχθραίνοντες,
1032 3732 1504 3801 ἐπιϐουλεύοντες,
1552 3738 1635 3800 είς
1684 3738 1984 3806 πρόσωπον

399 3819 719 3889 βλέποντες,
765 3824 869 3879 οὐκ
929 3826 1271 3898 ἐλέγχοντες,
1334 3829 1433 3882 xui.
1488 3829 1837 3900 διορθοῦντες
1888 3832 1983 3888 τὸν

393 3913 681 3981 πταίοντα,
711 3916 847 3969 ἀλλὰ
886 3920 950 3989 τῇ
981 3924 1159 3991 σιωπῇ
1191 3921 1584 3988 κοινωνοῦντες
1611 3927 1713 3992 τῆς
1740 3926 1979 3993 ἀδικίας,

390 4004 470 4068 ὡς
495 4007 523 4059 6
567 4008 797 4073 παλαιὸς
828 4012 1039 4074 ἐκεῖνος
1093 4011 1265 4071 Ἠλεί.
1300 4014 1366 4068 Oi
1417 4014 1618 4081 λαῖκοὶ,
1650 4017 1882 4086 ἀφέντες
1914 4020 1984 4073 τὰ

394 4096 605 4151 ἑαυτῶν
635 4099 867 4183 ἕκαστος
896 4106 1371 4172 περισκοπεῖν,τὰ
1396 4106 1506 4159 τῶν
1538 4108 1731 4178 ἱερέων
1763 4126 1986 4180 περιερ-

396 4190 683 4258 γάζονται,
744 4194 842 4247 καὶ
889 4194 1145 4250 δικασταί
1208 4199 1351 4252 είσιν
1406 4200 1799 4271 ἀπαραίτητοι.
1856 4197 1985 4273 'Ap’

395 4283 499 4335 οὐκ
536 4283 800 4355 ἀλήθειαν
826 4285 970 4353 λέγω
995 4302 1013 4352 ;
1046 4288 1121 4340 Οὐ
1148 4287 1357 4341 τούτων
1378 4288 1633 4360 ἔμπλεως
1658 4292 1766 4346 τῶν
1795 4292 1985 4349 κακῶν

395 4375 429 4441 ἠ
472 4374 626 4437 πόλις
666 4376 861 4446 ήμῶν;
895 4377 992 4430 καὶ
1017 4379 1079 4431 οὐ
1127 4378 1253 4432 καθ’
1284 4380 1529 4451 ἑκάστην
1555 4382 1730 4437 ταῦτα
1768 4384 1985 4455 μαρτύ-

396 4481 604 4535 ρομαι;
650 4469 753 4522 οὐκ
806 4469 1078 4524 ἐκοπίασα
1128 4470 1350 4541 κράζων
1420 4474 1516 4527 καὶ
1564 4474 1836 4529 νουθετῶν
1872 4476 1987 4531 τῶν

392 4561 577 4629 ὅρκων
603 4560 908 4630 ἀπέχεσθαι
937 4579 952 4629 ;
998 4563 1071 4616 Οὐ
1105 4563 1425 4634 προέλεγον,
1460 4565 1535 4629 ὡς
1568 4566 1632 4620 οὐ
1673 4568 1984 4639 παρόψεται

2084 3384 2545 3439 contemnentes,
2602 3387 2899 3442 eorumque
2945 3372 3236 3427 memorias
3306 3371 3529 3424 minime
3588 3383 3685 3424 eo-

2086 3465 2261 3519 lentes
2339 3465 2514 3535 (16):
2566 3465 2967 3519 confessionem
3034 3466 3268 3519 vitantes
3312 3502 3327 3529 ,
3404 3472 3457 3519 et
3524 3461 3682 3531 quasi

2085 3558 2389 3625 phrenetici
2439 3557 2682 3612 medicos
2757 3557 3106 3627 refugientes.
3163 3556 3485 3610 Sacerdotes
3549 3568 3680 3622 pra-

2086 3663 2213 3700 vum
2297 3648 2606 3717 exemplum
2678 3648 2876 3719 populo
2941 3647 3069 3701 facti
3120 3657 3250 3701 sunt
3328 3647 3678 3703 contumeliis

2089 3739 2228 3796 alios
2260 3739 2557 3795 allicientes
2585 3780 2600 3804 ,
2636 3740 2864 3811 injurias
2914 3739 3015 3793 sibi
3043 3737 3216 3793 factas
3251 3738 3511 3792 memoria
3544 3738 3683 3793 reti«

2090 3842 2321 3896 nentes,
2356 3832 2676 3887 inimicitias
2734 3838 3075 3893 exercentes,
3111 3829 3467 3895 insidiantes,
3496 3830 3679 3899 respi-

2091 3925 2303 3980 cientes
2352 3924 2407 3978 in
2438 3923 2658 3989 faciem,
2693 3938 2797 3977 non
2842 3920 3326 3992 reprehendentes,
3360 3935 3469 3974 non
3502 3919 3681 3974 corri-

2090 4028 2282 4086 gentes
2314 4024 2656 4087 peccantem,
2691 4015 2785 4071 sed
2812 4023 2871 4069 ut
2896 4023 3053 4069 vetus
3088 4013 3179 4067 ille
3215 4011 3328 4066 Heli
3358 4011 3429 4076 ",
3460 4010 3681 4066 silentio

2090 4110 2218 4166 facti
2251 4110 2548 4180 participes
2590 4108 2898 4179 iniustitiae.
2948 4105 3095 4162 Laici
3160 4122 3324 4176 porro
3369 4119 3466 4160 sua
3507 4119 3680 4159 unus-

2090 4203 2325 4274 quisque
2377 4202 2728 4258 cousiderare
2774 4202 3091 4257 amittentes
3142 4198 3485 4255 sacerdotum
3534 4195 3677 4252 facta

2091 4295 2411 4365 inquirunt,
2461 4305 2515 4349 et
2556 4295 2772 4366 judices
2823 4303 2949 4348 sunt
3005 4292 3378 4364 implacabiles
3427 4290 3562 4361 (1'7).
3596 4291 3677 4343 An

2090 4390 2381 4443 veritatem
2415 4403 2523 4442 non
2559 4387 2791 4457 loquor?
2822 4387 2938 4442 Non
2968 4387 3051 4441 his
3085 4386 3237 4456 plena
3265 4398 3349 4440 est
3381 4384 3540 4438 malis
3565 4382 3678 4453 (18)

2094 4478 2289 4533 civitas
2347 4478 2573 4532 nostra?
2613 4477 2805 4531 Nonne
2854 4476 2968 4531 lucc
2999 4474 3227 4545 singulis
3262 4474 3452 4527 diebus
3490 4472 3653 4525 admo

2095 4584 2220 4625 neo.
2248 4564 2442 4625 Nonne
2470 4568 2716 4624 laboravi
2745 4567 2990 4622 clamans
3020 4574 3075 4620 ct
3116 4566 3415 4620 admonens
3443 4573 3502 4618 ut
3536 4580 3563 4617 a
3588 4561 3678 4632 ju-

466 4716 511 4749 ‘9
560 4713 677 4772 Joel
731 4732 826 4782 ιιι,
879 4716 975 4785 25,
1009 4718 1102 4773 24.
1176 4718 1224 4751 ’θ
1274 4718 1435 4777 Deut.
1468 4736 1674 4788 xxvtn,
1705 4720 1798 4776 24.
1874 4722 1979 4777 '“J

2090 4739 2156 4777 in.
2189 4739 2243 4785 ν.
2284 4725 2340 4781 8.
2415 4726 2461 4757 ⁷³
2494 4724 2514 4778 1
2549 4722 2681 4796 ch-
2720 4740 2795 4790 11»
2820 4722 2859 4791 ΙΙ
2892 4737 3045 4792 εθίιιι.

1634 4842 1960 4905 Francisci
1993 4844 2206 4907 Scorsi
2247 4851 2437 4907 notae.

468 4968 580 5037 (-19.)
636 4965 834 5021 Caelum
868 4983 1102 5022 (armum.
1136 4966 1313 5021 Locus
1357 4976 1442 5021 est
1478 4967 1633 5021 Deut.
1666 4982 1979 5037 caputme
2018 4972 2061 5026 D
2163 4969 2275 5037 (16)
2324 4971 2526 5022 Earum
2572 4972 2855 5023 memorias
2919 4986 3020 5023 non
3073 4968 3375 5021 recolentes.
3428 4968 3504 5022 Ex
3532 4968 3674 5026 Gali.

396 5038 492 5095 Sed
521 5038 571 5090 in
602 5046 832 5108 utroque
850 5039 1145 5108 evemplari
1175 5038 1435 5106 scriptum
1456 5052 1471 5088 :
1491 5037 1556 5091 Ἦ
1593 5036 1688 5090 τοῦ
1708 5036 1979 5108 Ἰερεμίου

396 5108 634 5178 κατάρα.
685 5107 838 5174 Apud
888 5105 1176 5162 Jeremiam
1213 5105 1341 5178 vero
1377 5109 1515 5161 hanc
1544 5105 1979 5178 maledictionem

400 5194 511 5233 non
546 5176 717 5247 'lego:
752 5193 921 5245 quare
972 5186 1212 5233 erratum
1270 5176 1373 5232 hoc
1418 5178 1536 5232 loco
1595 5177 1678 5231 vel
1720 5178 1981 5233 memoria

400 5250 657 5312 dicentis,
684 5247 764 5303 vel
784 5247 1072 5302 scribentis
1112 5248 1342 5302 incuria.

473 5318 584 5385 (15)
651 5317 904 5370 Absurdis
936 5316 1332 5384 cupiditatibus.
1378 5317 1627 5381 Ἀτόποις
1656 5316 1982 5387 ἐπιθυμίαις

398 5387 911 5457 δουλαγωγούμενοι
940 5404 1003 5441 ex
1033 5387 1173 5442 Gali.
1204 5388 1469 5457 suppleviﬁ.

472 5459 583 5527 (14)
644 5458 780 5525 Equi
813 5456 1047 5524 [urentes
1071 5458 1125 5509 in
1164 5456 1406 5527 feminas.
1442 5456 1573 5513 Vide
1607 5459 1671 5510 ad
1705 5456 1854 5527 hom.
1890 5458 1978 5523 15,

397 5526 514 5582 not.
550 5530 603 5590 8,
649 5528 737 5579 ubi
794 5528 969 5580 locum
997 5526 1243 5582 Jeremim
1268 5542 1427 5595 quem
1464 5528 1641 5582 innuit
1672 5528 1760 5583 hic
1792 5526 1977 5583 Theo—

397 5598 1059 5668 pbanes,_i|lustravimns.

471 5669 584 5738 (15)
614 5665 681 5738 Et
728 5668 863 5719 sicut
893 5668 1083 5719 cameli
1114 5683 1365 5738 memores
1403 5667 1744 5732 iniuriarum.
1784 5669 1857 5723 De
1880 5669 1981 5723 hac

396 5735 756 5793 similitudine
801 5738 910 5804 agit
966 5738 1078 5806 ipse
1117 5735 1483 5805 Theophanes
1515 5754 1674 5804 supra
1710 5740 1854 5794 hom.
1886 5738 1978 5804 65,

397 5819 456 5860 nt
516 5811 619 5862 hoc
667 5809 831 5878 etiam
865 5808 935 5861 sit
974 5807 1231 5862 indicium
1265 5807 1405 5861 inter
1467 5817 1662 5862 caetera
1690 5825 1810 5878 quae
1834 5818 1981 5862 attu-

398 5879 564 5933 limus
596 5887 708 5931 not.
737 5877 785 5940 1,
812 5879 881 5933 ab
911 5878 1099 5934 eodem
1135 5886 1380 5945 auctore,
1408 5885 1459 5934 et
1483 5878 1671 5935 eodem
1704 5877 1979 5937 Iocobauc

405 5950 591 6006 itumil.
619 5948 843 6003 dictum.

2093 5040 2208 5093 haec
2258 5040 2473 5110 reposui
2502 5039 2662 5093 verba
2714 5040 2899 5092 αὐτῶν
2934 5040 3008 5110 μὴ
3048 5037 3355 5110 σείσόμενοη
3389 5038 3441 5093 in
3474 5041 3675 5110 quibus

2092 5108 2375 5164 emendavi
2396 5124 2672 5176 perperam
2699 5108 2959 5177 scriptum
2986 5108 3297 5177 σεϐόμενοι,
3329 5110 3423 5163 sed
3456 5108 3507 5162 in
3535 5110 3671 5165 Pan.

2093 5180 2315 5248 μνήμας
2376 5188 2582 5233 tantum
2644 5190 2763 5234 erat
2811 5180 3099 5235 deficiente
3143 5194 3329 5246 sensu,
3388 5180 3670 5237 verborum

2082 5249 2424 5313 sequentium
2466 5248 2704 5303 defectu.

2155 5318 2265 5389 (1'7)
2299 5317 2367 5389 Et
2390 5319 2596 5387 judice:
2621 5330 2740 5371 sunt
2770 5319 3153 5389 implacabiles.
3176 5319 3231 5374 1n
3268 5319 3326 5375 Ρ.
3351 5320 3503 5375 deest
3555 5321 3673 5377 hmc

2081 5388 2370 5443 sententia.
2402 5388 2509 5442 Sed
2552 5389 2603 5442 id
2625 5389 2764 5444 Gali.
2798 5388 3062 5458 scriptum
3080 5402 3163 5445 est
3192 5394 3290 5446 hoc
3334 5391 3533 5448 modo:
3559 5392 3672 5445 Καὶ

2080 5458 2344 5527 δικαστής
2384 5460 2530 5513 ἐστιν
2581 5461 2981 5531 ἀπαραίτητος.
3013 5464 3299 5531 quodcum
3348 5463 3667 5531 mendosum

2079 5544 2200 5583 esse
2254 5542 2529 5600 censerem
2560 5532 2772 5584 correxi
2830 5534 2922 5583 καὶ
2965 5530 3219 5582 δικασταί
3255 5532 3400 5582 εἰσιν
3423 5530 3668 5600 ἀπαραί-

2079 5613 2254 5667 τητοι.
2308 5596 2443 5650 Nam
2492 5600 2995 5666 profcctoultimum
3035 5600 3256 5655 verbum
3316 5596 3669 5667 ἁπαρέτὴτος

2079 5678 2267 5739 aperte
2300 5670 2553 5722 mendum
2576 5672 2835 5734 continet,
2868 5685 2988 5724 cum
3007 5685 3031 5720 ε
3058 5685 3154 5738 pro
3178 5687 3232 5722 αι
3259 5669 3332 5723 sit
3361 5671 3663 5739 scriptum;

2081 5738 2275 5808 deinde
2301 5752 2559 5808 numerus
2588 5740 2879 5808 singularis
2929 5740 3017 5807 qui
3052 5740 3309 5793 coiivenit
3345 5754 3451 5793 non
3478 5738 3663 5794 ’video.

2082 5807 2267 5931 lia{(18)
2307 5804 2497 5863 Nonne
2529 5810 2609 5864 his
2650 5804 2830 5865 nialis.
2879 5804 3010 5865 Vide
3060 5819 3173 5865 not.
3228 5811 3249 5864 1
3297 5809 3459 5881 hujus
3492 5809 3669 5866 homi-

2102 5896 2186 5936 131‘.
