4074 6406
372 461 506 525 ιθτὸ

1561 469 2058 532 THEOPHANIS
2097 473 2442 534 CE‘RAMEI

3485 472 3623 536 1076

369 585 630 630 nutettlls
659 578 1033 645 abstineretis;
1074 593 1177 633 non
1215 579 1438 650 przedixi
1482 580 1756 646 futurum,
1797 593 1855 637 ut
1887 583 1939 637 in

2057 583 2252 655 Κύριος
2275 584 2418 654 ὁρῶν
2449 583 2593 637 οὕτω
2616 579 3129 654 καταφρονούμενον
3163 581 3223 638 τὸ
3253 584 3410 653 ἅγιον
3442 584 3624 655 Εὐαγ-

371 685 469 724 nos
502 672 957 726 animadverteret
996 671 1276 738 Dominus,
1312 689 1432 728 cum
1459 675 1669 730 videret
1696 683 1941 730 contem-

375 761 488 829 ptui
523 762 712 816 haberi
766 778 983 816 sacrum
1019 763 1367 834 Evangelium
1400 766 1536 836 (l9),
1567 777 1620 821 et
1655 769 1940 836 rapacibus

371 854 618 907 manibus
654 855 772 907 sine
796 855 897 907 ulla
919 857 1244 922 reverentia,
1264 873 1326 912 ac
1356 867 1556 912 temere
1577 858 1942 913 contrectari?

371 943 568 1012 Recipe
603 945 770 1015 igitur
801 945 1011 1002 fructus
1046 947 1190 1004 illius
1221 951 1361 1039 agri,
1392 965 1550 1017 quem
1575 951 1659 1004 his
1686 950 1942 1017 perjuriis

366 1038 679 1104 possedisti,
712 1040 802 1108 qui
823 1055 930 1100 ,nec
953 1040 1097 1108 jacta
1126 1038 1342 1111 quidem
1381 1043 1586 1096 semina
1621 1042 1736 1111 (20)
1771 1042 1944 1096 reddit

369 1128 484 1182 tibi.
526 1129 630 1183 Sed
665 1146 838 1198 neque
865 1132 1195 1187 vindemiam
1234 1135 1326 1189 tibi
1354 1135 1542 1190 aﬂeret
1572 1137 1749 1198 vinea,
1777 1150 1939 1204 quam

365 1235 459 1286 per
485 1223 771 1275 avaritiam
825 1226 1125 1293 occupasti.
1176 1225 1306 1292 Qua:
1351 1227 1494 1280 enim
1527 1242 1623 1296 per
1659 1226 1938 1280 Miclimam

364 1311 489 1363 olim
519 1310 722 1366 Judaeis
751 1314 1138 1370 interminatus
1175 1326 1260 1370 est
1306 1317 1446 1371 Deus
1473 1358 1486 1382 ,
1521 1318 1638 1371 haec
1682 1319 1735 1369 iu
1787 1319 1941 1370 nobis

367 1402 589 1470 impleta
624 1415 748 1457 sunt
795 1422 808 1458 :
875 1423 894 1456 ι
928 1405 1006 1459 Tu
1037 1407 1330 1460 seminabis
1353 1447 1369 1470 ,
1408 1417 1462 1458 et
1495 1421 1602 1460 non
1639 1417 1844 1472 metes;
1886 1418 1940 1460 tu

365 1509 584 1560 premes
619 1495 819 1548 olivam
849 1536 866 1560 ,
900 1506 956 1549 et
997 1513 1101 1551 non
1140 1499 1359 1568 ungeris
1388 1497 1508 1551 oleo
1534 1536 1551 1562 ,
1583 1506 1637 1552 et
1663 1497 1828 1569 5,26
1862 1499 1941 1551 vi-

365 1600 492 1638 num
525 1601 630 1640 nou
661 1586 814 1642 bibes
845 1588 910 1643 ⁷³.
942 1608 963 1639 ν

438 1690 580 1758 Quid
643 1693 842 1761 igitur?
890 1694 1070 1764 inquit
1099 1734 1114 1760 ,
1156 1695 1352 1764 aliquis
1399 1705 1696 1760 ecrte,non
1752 1712 1942 1752 omnes

367 1785 599 1855 perjuri.
652 1786 768 1852 Qua
803 1787 1012 1841 ratione
1042 1803 1164 1841 cum
1210 1798 1431 1856 peccata
1485 1803 1778 1858 paucorum
1808 1790 1940 1856 sint,

366 1878 618 1930 omnibus
651 1879 1011 1934 communiter
1041 1879 1134 1933 ira:
1157 1879 1358 1934 divina
1393 1881 1724 1934 absinthium
1759 1881 1942 1949 propi-

368 1967 577 2020 natur?
611 1983 826 2037 :rquurn
859 1971 1002 2024 enim
1054 1985 1174 2025 esse
1225 1972 1510 2025 videbatur
1555 1981 1612 2024 ut
1653 1972 1789 2025 solis
1843 1973 1945 2025 im-

369 2059 555 2123 probis
584 2074 742 2126 ptena
778 2059 1132 2130 inlligeretur.
1173 2061 1368 2117 Verum
1404 2065 1476 2117 uti
1508 2063 1560 2116 in
1590 2079 1695 2119 uno
1720 2077 1949 2133 corpore

371 2149 630 2204 usuvenit
661 2160 719 2204 ut
749 2152 793 2205 si
829 2152 880 2205 in
906 2153 1086 2221 aliqua
1121 2154 1238 2223 ejus
1269 2156 1490 2209 minima
1524 2165 1676 2226 parte
1706 2157 1949 2212 humoris

369 2239 644 2295 atiluentia
697 2244 969 2308 exsistat,
1006 2254 1175 2300 totum
1229 2255 1410 2300 tamen
1443 2249 1661 2318 purgari
1723 2263 1948 2302 necesse

369 2333 464 2397 sit,
496 2332 577 2386 sic
611 2342 666 2385 et
717 2333 771 2386 in
807 2334 1002 2397 nobis;
1054 2337 1489 2404 quandoquidem
1539 2353 1734 2406 corpus
1778 2354 1945 2392 unum

369 2437 558 2475 smnus
588 2437 823 2486 onmes,
880 2433 933 2477 et
987 2425 1226 2478 membra
1279 2425 1514 2492 Christi,
1561 2429 1701 2480 male
1754 2429 1945 2482 allecto

375 2529 481 2566 una
519 2524 674 2581 parte
707 2530 899 2571 omnes
947 2519 1240 2588 participes
1275 2520 1480 2576 doloris
1525 2521 1806 2576 eﬂicimur.
1858 2522 1950 2577 Sic

377 2607 543 2662 etiam
581 2608 711 2662 olim
748 2621 1010 2676 peccante
1051 2611 1224 2665 solum
1257 2612 1366 2666 lilio
1396 2613 1576 2667 Saulis
1605 2614 1740 2684 (21),
1770 2615 1949 2684 omnis

370 2700 649 2756 exercitus
681 2717 900 2770 pinnam
933 2706 1168 2771 suscepit
1205 2704 1272 2771 ⁷⁸,
1306 2715 1359 2760 et
1390 2705 1592 2760 Davide
1624 2717 1818 2776 praeter
1848 2708 1951 2760 Do-

370 2794 503 2846 mini
539 2794 798 2862 piat-itum
832 2795 1085 2862 populum
1123 2807 1442 2851 recensente
1465 2837 1480 2860 ,
1512 2812 1804 2853 commune
1833 2798 1951 2852 exi-

369 2885 506 2942 tium
557 2885 761 2938 illatuut
814 2886 994 2940 est".
1029 2886 1120 2940 Sic
1150 2888 1312 2941 etiam
1360 2899 1708 2943 externorum
1758 2889 1952 2942 litteris

369 2975 643 3045 proditum
675 2990 818 3042 sa’pe
875 2977 1182 3034 universam
1216 2980 1491 3040 civitatem
1543 2997 1760 3048 pennam
1791 2981 1952 3038 unius

373 3071 612 3142 improbi
644 3074 998 3129 sustinuisse.
1063 3075 1272 3132 Idcirco
1300 3077 1442 3131 calix
1475 3077 1567 3131 irae
1596 3076 1808 3132 Domini
1842 3092 1956 3131 tne-

381 3180 510 3219 raco
539 3166 694 3220 nobis
723 3165 962 3222 infusum
996 3177 1118 3223 est:
1167 3187 1186 3220 ι
1223 3168 1372 3224 Calix
1401 3209 1417 3234 ,
1450 3170 1597 3226 enim
1621 3208 1638 3236 ,
1672 3171 1864 3240 inquit,
1898 3169 1952 3223 in

2043 678 2244 747 γέλιον,
2272 676 2367 730 καὶ
2400 679 2520 739 ταῖς
2563 675 2978 740 πλεονεκτικαῐς
3008 677 3199 747 χερσὶν
3233 676 3468 740 ἀναιδῶς
3531 679 3629 732 καὶ

2043 771 2427 834 ἀνυποστόλως
2481 770 2896 841 κρατούμενονς
2975 769 3189 840 Κόμιζε
3248 771 3432 823 τοίνυν
3499 772 3632 834 τοὺς

2045 865 2294 934 καρποὺς
2335 862 2429 916 τοῦ
2481 863 2657 932 ἀγροῦ
2704 860 2799 915 τοῦ
2848 860 2909 927 ἐξ
2969 863 3261 932 ἐπιορκίας
3329 862 3628 929 κτηθέντος

2049 975 2154 1024 σοι,
2191 959 2249 1022 ὃς
2287 957 2410 1010 οὐδὲ
2440 955 2854 1027 καταϐληθέντα
2881 955 3113 1026 παρέξει
3145 955 3456 1026 σπέρματα.
3486 954 3628 1006 Ἀλλ’

2046 1049 2168 1102 οὐδὲ
2223 1047 2312 1102 τὸν
2364 1047 2664 1116 ἀμπελῶνα
2717 1047 3036 1116 τρυγήσεις,
3096 1046 3157 1098 ὂν
3223 1045 3632 1114 πλεονεκτήσας

2046 1145 2403 1212 άφήρπασας.
2437 1143 2502 1194 Ἃ
2545 1142 2654 1209 γὰρ
2693 1143 2807 1203 τοῖς
2851 1141 3134 1204 Ἰουδαίοις
3179 1141 3346 1193 πάλαι
3385 1141 3474 1194 διὰ
3521 1141 3630 1193 Μι-

2048 1239 2206 1309 χαίου
2249 1238 2550 1307 ἠπείλησεν
2583 1238 2610 1288 ό
2651 1236 2805 1300 Θεὸς,
2835 1235 3006 1288 ταῦτα
3040 1235 3138 1287 νῦν
3175 1235 3536 1304 πεπλήρωται
3571 1236 3630 1284 ἐν

2044 1334 2217 1401 ἡμῖν·
2257 1347 2274 1379 ι
2316 1329 2387 1380 Σὺ
2438 1327 2705 1398 σπείρεις,
2749 1326 2844 1378 καὶ
2889 1326 2950 1378 οὐ
2985 1325 3058 1394 μὴ
3113 1327 3373 1396 ἀμήσεις,
3414 1326 3476 1376 σὺ
3515 1325 3636 1376 πιέ-

2049 1441 2161 1486 σεις
2194 1423 2400 1486 ἐλαίαν,
2441 1421 2534 1473 καὶ
2560 1421 2620 1473 οὐ
2659 1418 2734 1491 μὴ
2774 1418 2972 1490 ἀλείφῃ
3022 1418 3224 1484 ἔλαιον,
3261 1420 3354 1471 καὶ
3399 1415 3542 1471 οἶνον
3569 1418 3632 1469 οὔ

2051 1534 2127 1586 μη
2155 1532 2306 1586 mea
2348 1535 2365 1565 ι

2117 1693 2182 1747 Τί
2212 1688 2338 1757 οὗν;
2383 1692 2527 1744 εἴποι
2551 1709 2635 1754 τις
2668 1691 2819 1752 ἴσως,
2843 1687 2939 1740 καὶ
2971 1687 3081 1758 μὴν
3118 1687 3177 1740 οὐ
3202 1687 3404 1750 πάντες
3440 1687 3634 1741 πλεον-

2046 1788 2242 1849 έκται,
2299 1783 2420 1837 οὐδὲ
2472 1784 2670 1846 πάντες
2741 1785 3012 1854 ἐπίορκοι.
3077 1783 3201 1848 Πῶς
3259 1779 3392 1846 οὖν,
3428 1784 3630 1852 ὀλίγων

2050 1877 2502 1948 ἁμαρτανόντων,
2542 1878 2698 1946 κοινῇ
2754 1878 2888 1929 πᾶσι
2929 1876 3264 1946 κεκέρασται
3319 1875 3418 1942 τῆς
3461 1877 3636 1945 ὀργῆς

2050 1971 2146 2023 τοῦ
2175 1969 2314 2023 Θεοῦ
2344 1969 2407 2021 τὸ
2445 1968 2695 2037 ἁψίνθιον
2722 1986 2736 2032 ;
2787 1968 2986 2038 Ἐχρῆν
3019 1968 3127 2036 γὰρ
3173 1968 3362 2037 μόνοις
3393 1969 3506 2030 τοῖς
3537 1985 3637 2020 κα-

2050 2065 2168 2125 κοῖς
2196 2060 2556 2130 ἐπενεχθῆναι
2587 2061 2687 2129 τὴν
2719 2059 2964 2114 κόλασιν.
3003 2059 3370 2129 Ἀλλ’ὦσπερ
3401 2060 3492 2126 ὑφ’
3517 2058 3638 2122 ἐνὸς

2053 2154 2327 2225 σώματος,
2359 2154 2518 2223 εἴπερ
2546 2154 2604 2206 ὲν
2631 2154 2711 2206 ἑνὶ
2740 2152 2916 2222 μορίῳ
2953 2151 3226 2222 ῥεύματος
3275 2152 3639 2221 ὲπείσφρησις

2049 2247 2292 2316 γίνηται,
2339 2245 2401 2297 τὸ
2447 2246 2555 2298 πᾶν
2589 2242 2749 2313 σῶμα
2788 2243 2965 2295 δεῖται
2993 2244 3340 2312 καθάρσεως,
3371 2240 3514 2294 οῦτω
3542 2241 3639 2292 καὶ

2051 2339 2134 2408 ἐφ’
2165 2339 2303 2408 ἡμῖν
2328 2353 2342 2367 '
2377 2335 2568 2406 ἐπειδὴ
2595 2335 2653 2389 ἓν
2680 2335 2839 2405 σῶμά
2889 2337 3079 2404 ἐσμεν,
3116 2335 3211 2386 καὶ
3246 2333 3382 2404 μέλη
3434 2332 3638 2394 πάντες

2053 2429 2314 2502 Χριστοῦ,
2342 2428 2462 2492 ἑνὸς
2499 2429 2698 2498 μέρους
2726 2427 3104 2495 νενοσηκότος,
3125 2426 3374 2478 κοινωνοὶ
3401 2423 3503 2492 τῆς
3529 2423 3629 2474 ἀλ-

2049 2524 2272 2594 γηδόνος
2322 2522 2522 2584 πάντες
2563 2520 2849 2590 γινόμεθα.
2895 2517 3052 2572 Οὕτω
3107 2517 3240 2569 ποτὲ
3298 2515 3394 2568 τοῦ
3447 2512 3639 2577 παιδὸς

2053 2617 2225 2670 Σαοὺλ
2283 2615 2727 2686 ἁμαρτήσαντος,
2785 2612 2936 2665 ἅπαν
2977 2610 3038 2663 τὸ
3089 2608 3452 2679 στρατόπεδον
3505 2610 3641 2676 ἐμα-

2054 2709 2284 2773 στίξετυ.
2318 2709 2428 2762 Καὶ
2454 2707 2548 2759 τοῦ
2585 2705 2752 2758 Δαϐὶδ
2785 2703 2937 2772 παρὰ
2967 2707 3028 2754 τὸ
3067 2701 3260 2754 δοκοῦν
3288 2700 3364 2769 τῷ
3399 2699 3520 2769 Θεῷ
3547 2697 3640 2751 τὸν

2052 2804 2181 2857 λαὸν
2237 2801 2672 2872 ἁριθμήσαντος,
2722 2797 2911 2857 ’κοινὸς
2956 2795 3178 2866 ὄλεθρος
3242 2793 3637 2861 ἐπεισέφρησε.

2052 2895 2223 2950 Τοῦτο
2263 2894 2319 2946 δὲ
2350 2893 2498 2962 καὶὴ
2525 2891 2727 2957 ἔξωθεν
2758 2889 2979 2942 παιδεία
3019 2888 3187 2957 φησίν
3211 2903 3224 2916 ·
3255 2887 3338 2938 ὅτι
3378 2883 3642 2945 πολλάκις

2053 2989 2146 3040 καὶ
2179 2985 2445 3054 σύμπασα
2489 2984 2645 3044 πόλις
2675 2982 2796 3045 ἑνὸς
2833 2981 3026 3049 ἀνδρὸς
3073 2978 3278 3038 κακίας
3325 2977 3638 3045 ἁπήλαυσε.

2055 3080 2154 3134 Διὰ
2183 3080 2344 3131 τοῦτο
2382 3079 2482 3147 τῆς
2510 3075 2682 3144 ὀργῆς
2714 3073 2806 3126 τοῦ
2841 3070 2978 3124 Θεοῦ
3004 3072 3064 3123 τὸ
3097 3071 3362 3140 ποτήριον
3403 3066 3644 3135 κεκέραο

2057 3189 2182 3230 atat
2234 3171 2368 3241 ἡμῖν
2423 3167 2665 3237 ἄκρατον
2699 3180 2714 3194 °
2775 3183 2794 3216 ι
2842 3166 3112 3234 Ποτήριον
3161 3163 3290 3232 γὰρ,
3346 3159 3536 3231 φησὶν,
3581 3160 3641 3211 ὲν

377 3272 542 3311 manu
593 3257 806 3312 Domini
849 3260 982 3313 meri
1036 3259 1226 3328 plenus
1282 3261 1445 3316 misto
1469 3261 1536 3314 ⁷⁸.
1589 3280 1610 3313 ι
1665 3260 1828 3316 Vides
1875 3262 1952 3317 uti

2057 3264 2204 3335 χειρὶ
2254 3261 2460 3332 Κυρίου
2524 3259 2734 3329 πλῆρες
2786 3257 3131 3326 κεράσματος
3183 3254 3328 3308 οἴνου
3371 3252 3641 3320 ἀκράτου.

383 3347 575 3403 calieis
609 3349 774 3418 hujus
829 3351 972 3404 ratio
1021 3350 1172 3404 varia
1219 3351 1328 3406 sit?
1380 3351 1437 3407 Si
1468 3353 1610 3408 enim
1661 3353 1841 3407 vinum
1871 3361 1957 3406 est

379 3453 589 3492 merum
617 3477 632 3504 ,
665 3437 940 3506 quomodo
994 3439 1184 3507 plenus
1237 3440 1439 3496 misto?
1470 3443 1613 3510 quod
1659 3442 1803 3496 enim
1852 3441 1954 3495 ini-

380 3539 554 3593 stum,
585 3529 769 3597 utique
801 3545 1007 3583 merum
1040 3545 1151 3586 non
1179 3541 1304 3599 est;
1339 3533 1428 3588 hic
1457 3541 1640 3588 autem
1669 3543 1956 3597 utrumque

377 3624 617 3680 dicitur:
647 3633 702 3680 et
731 3625 914 3679 vinum
947 3635 1032 3681 est
1075 3641 1286 3682 merum
1313 3665 1328 3691 ,
1359 3630 1557 3695 'utpote
1611 3626 1958 3680 miseratione

383 3730 492 3770 non
545 3724 907 3784 temperatum
970 3727 1194 3786 propter
1224 3717 1392 3774 divini
1441 3716 1634 3787 judicii
1687 3715 1955 3785 justitiam

387 3807 653 3866 adversus
683 3822 778 3862 eos
806 3809 899 3878 qui
930 3817 1156 3878 peccant
1181 3847 1199 3875 ,
1245 3820 1301 3863 et
1349 3818 1570 3879 peccata
1621 3824 1729 3864 non
1760 3822 1959 3862 entan—

385 3903 549 3959 dant:
585 3904 802 3958 mistum
860 3917 988 3958 vero
1028 3914 1087 3958 ut
1112 3919 1175 3959 ex
1226 3905 1456 3960 diversis
1502 3906 1715 3973 pennis,
1763 3907 1960 3974 quibus

383 3991 650 4048 Dominus
687 3993 880 4048 solitus
920 4004 1005 4048 est
1037 3995 1088 4048 in
1125 4009 1220 4050 eos
1265 3996 1700 4052 animadvertere
1723 4037 1736 4060 ,
1770 3997 1858 4065 qui
1906 3997 1960 4050 in

388 4084 546 4139 malis
573 4085 876 4154 desperatis
908 4098 1215 4142 versantur.
1249 4086 1382 4142 Nam
1415 4090 1595 4150 sicuti,
1626 4089 1715 4158 qui
1744 4089 1961 4145 morbos

386 4191 678 4244 corporum
702 4192 898 4232 curare
929 4178 1102 4234 solent
1132 4217 1148 4243 ,
1175 4189 1230 4234 et
1259 4181 1652 4250 experientiam
1680 4219 1694 4243 ,
1729 4180 1960 4236 faculta-

391 4275 608 4335 temque
643 4266 893 4322 medeudi
929 4269 1096 4322 multa
1125 4267 1229 4324 sibi
1261 4269 1960 4339 exercitatione'pararunt,

389 4372 452 4411 ea
512 4358 774 4423 vulnera,
827 4374 947 4427 qua:
997 4375 1216 4417 sensum
1265 4363 1438 4432 magis
1490 4359 1960 4429 Iobstupefaciunt,

393 4449 618 4503 ferventi
672 4464 836 4517 aqua,
868 4461 922 4505 et
953 4451 1169 4506 acribus
1201 4453 1609 4508 medicamentis
1635 4459 1959 4520 expurgant,

391 4551 445 4595 et
470 4547 878 4612 suppurationis
907 4546 961 4599 in
995 4547 1127 4614 ipsis
1149 4548 1459 4604 exsistentis
1491 4546 1790 4604 erassitie'm
1828 4561 1965 4616 pra:-

387 4636 540 4686 sidiis
574 4635 642 4688 ab
672 4649 786 4689 arte
813 4637 995 4706 petitis
1018 4647 1352 4693 extenuant:
1388 4641 1466 4693 sic
1493 4640 1586 4709 qui
1609 4641 1790 4694 omnia
1817 4639 1967 4693 novit

390 4725 534 4777 Deus
570 4740 663 4779 cos
697 4727 790 4795 qui
825 4728 1085 4796 supplicia
1135 4728 1334 4783 leviora
1365 4746 1472 4784 non
1524 4733 1784 4795 sentiunt,
1819 4743 1971 4785 acer-

397 4814 641 4870 bioribus
681 4815 877 4872 onerat
917 4821 1127 4888 plagis,
1181 4822 1409 4891 quarum
1461 4823 1634 4878 satius
1665 4835 1784 4878 erat
1813 4832 1968 4881 ante-

402 4923 566 4975 quam
613 4910 974 4978 invaderent,
1007 4913 1263 4982 impetum
1305 4915 1566 4969 devitarc.
1619 4915 1759 4981 Quid
1806 4916 1971 4985 igitur

394 5003 462 5057 ad
503 5003 620 5058 haec
657 5018 776 5073 quae
829 5003 941 5073 jam
977 5007 1245 5061 advenere
1277 5007 1553 5062 dicemus?
1588 5007 1795 5062 Justum
1835 5024 1966 5064 sane

389 5093 660 5161 judicium
688 5092 787 5149 Dei
815 5113 830 5150 :
866 5109 929 5150 ac
959 5096 1137 5164 potius
1168 5096 1396 5151 multum
1434 5112 1530 5164 pro
1555 5097 1702 5166 justa
1729 5113 1822 5150 sua
1853 5099 1962 5151 ira-

395 5186 595 5240 cundia
630 5185 1058 5256 benignissimus
1087 5189 1347 5243 Dominus
1377 5190 1632 5243 diminuit
1669 5205 1877 5260 ptenze,
1911 5207 1974 5247 ae

396 5287 605 5334 tantum
641 5277 926 5350 irrogavit,
954 5289 1214 5350 quantum
1255 5281 1390 5336 satis
1417 5290 1563 5337 esset
1590 5282 1657 5336 ad
1693 5284 1974 5337 sentienda

401 5380 625 5442 peccata
663 5383 848 5429 nostra
875 5413 892 5441 ,
939 5389 1046 5430 non
1081 5383 1345 5444 quantum
1389 5390 1511 5431 eam
1537 5377 1772 5447 experiri
1803 5391 1978 5431 mere-

469 5529 518 5562 "
551 5529 714 5585 Micli.
749 5544 838 5605 vi,
871 5529 960 5584 15.
1034 5528 1083 5562 '”
1114 5527 1136 5583 Ι
1177 5529 1310 5599 Reg.
1341 5547 1492 5599 ntv,
1525 5535 1549 5588 ί
1588 5548 1742 5604 seqq.

1821 5533 1867 5564 ⁷⁸
1900 5532 1943 5586 ll
1977 5533 2108 5603 Reg.
2149 5547 2298 5598 xxiv,
2332 5532 2356 5584 1
2395 5543 2546 5599 seqq.

2075 3358 2239 3427 Ὁρᾷς
2276 3356 2394 3414 πῶς
2424 3355 2457 3423 ἡ
2503 3349 2600 3404 τοῦ
2640 3349 2907 3419 ποτηρίου
2953 3347 3147 3404 τούτου
3175 3345 3336 3415 φύσις
3365 3343 3646 3414 παρήλλα·

2059 3465 2219 3514 κται;
2256 3447 2320 3500 El
2349 3447 2460 3516 γὰρ
2497 3442 2742 3514 ἄκρατόν
2783 3444 2924 3505 ἐστι,
2960 3439 3078 3501 πῶς
3109 3439 3319 3508 πλῆρες
3362 3437 3645 3504 κεράσμα-

2057 3559 2188 3605 τος;
2220 3541 2294 3594 Τὸ
2323 3540 2431 3609 γὰρ
2471 3534 2883 3607 κεκερασμένον
2911 3533 3010 3586 οὐκ
3045 3533 3308 3602 ἄκρατον.
3366 3524 3640 3580 Ἐνταῦθα

2058 3639 2114 3692 δὲ
2155 3636 2441 3707 ἀμφότερα
2479 3633 2726 3700 λέγεται.
2756 3631 2866 3684 Καὶ
2892 3628 3132 3697 ἄκρατον
3174 3625 3272 3693 μὲν
3295 3621 3369 3683 ὡς
3392 3619 3643 3690 ἀμμιγὲς

2061 3731 2225 3784 θείων
2292 3726 2600 3796 οἰκτιρμῶν
2647 3726 2762 3786 τοῖς
2807 3722 3113 3791 ἀδιόρθωτα
3164 3718 3416 3770 πταίουσι
3458 3713 3546 3766 διὰ
3587 3710 3650 3763 τὸ

2058 3825 2159 3892 τῆς
2189 3821 2419 3890 κρίσεως
2470 3816 2712 3870 δίκαιον
2753 3810 3164 3884 κεκερασμένον
3193 3809 3271 3869 δὲ,
3313 3807 3387 3869 ὠς
3433 3807 3497 3858 ὲκ
3529 3804 3650 3858 δια-

2062 3914 2245 3984 φόρων
2287 3909 2590 3980 μαστίγων,
2625 3901 2713 3969 αἷς
2767 3903 2874 3959 οἶδε
2907 3904 3157 3967 κολάζειν
3199 3899 3331 3962 Θεὸς
3378 3899 3502 3959 τοὺς
3542 3897 3654 3948 ἁπ-

2061 4004 2442 4074 εγκωσμένους
2475 3999 2802 4069 γενομένους
2831 3999 2888 4050 ὲν
2913 3998 3122 4057 κακοῖς.
3161 3993 3370 4060 Ὄνπερ
3390 3991 3497 4060 γὰρ
3523 3986 3650 4056 τρό-

2065 4115 2169 4148 πον
2201 4096 2249 4148 οἱ
2278 4093 2375 4155 τὰς
2409 4092 2682 4161 σωμάτων
2717 4088 3126 4148 ἀνακόπτοντες
3159 4085 3370 4147 νόσους,
3419 4082 3515 4135 καὶ
3553 4077 3650 4131 τοῦ

2064 4186 2330 4241 δύνασθαι
2385 4183 2714 4254 θεραπεύειν
2769 4181 2868 4251 τὴν
2908 4181 3108 4248 πεῖραν
3157 4176 3535 4245 ὲξησκηκότες
3580 4171 3651 4224 τὰ

2062 4280 2172 4333 τῶν
2201 4275 2535 4348 τραυμάτων
2567 4272 3035 4342 δυσαισθητότερα
3079 4269 3305 4340 θερμοῖς
3353 4266 3508 4319 ὕδασι
3556 4265 3653 4315 καὶ

2071 4370 2292 4440 δριμέσι
2340 4365 2652 4436 φαρμάκοις
2699 4362 3157 4432 ἀποκαθαίρουσι,
3223 4360 3317 4414 καὶ
3364 4357 3464 4426 τῆς
3499 4354 3654 4407 ἑνοῦ-

2069 4479 2169 4530 σης
2200 4461 2381 4520 αὐτοῖς
2415 4456 2762 4526 ἀκαθαρσίας
2780 4455 2840 4508 τὸ
2865 4455 3042 4523 πάχος
3073 4449 3508 4507 άπολεπτύνουσι
3540 4449 3652 4507 τοῖς

2067 4557 2132 4607 ὲκ
2154 4553 2253 4616 τῆς
2284 4551 2482 4620 τέχνης
2510 4549 2984 4618 ἐπικουρήμασινο
3013 4543 3159 4598 οὕτω
3195 4543 3288 4597 καὶ
3319 4544 3346 4594 ὁ
3377 4541 3442 4592 τὰ
3473 4539 3654 4592 πάντα

2068 4643 2355 4710 γινώσκων
2409 4639 2539 4702 Θεὸς
2585 4640 2709 4701 τοὺς
2762 4637 3090 4705 ἀναλγήτως
3148 4634 3374 4704 ἔχοντας
3421 4633 3513 4683 ἐπὶ
3551 4629 3654 4691 τὰς

2071 4736 2272 4805 μικρὰς
2295 4733 2544 4794 κολάσεις
2585 4730 2992 4802 χαλεπωτέραις
3010 4727 3354 4797 ἐπιφορτίζει
3383 4723 3651 4792 πληγαῖς,

2069 4822 2144 4881 ὧν
2177 4826 2383 4897 βέλτιον
2422 4823 2487 4876 ἂν
2523 4824 2607 4894 εἴη
2639 4819 3026 4892 παραιτεῖσθαι
3067 4818 3172 4888 πρὸ
3198 4821 3296 4888 τῆς
3324 4817 3522 4886 πείρας
3552 4814 3656 4882 τὴν

2071 4921 2281 4990 ἔφοδον.
2307 4919 2372 4971 Τί
2401 4914 2494 4970 οὗν
2518 4917 2765 4986 εἴποιμεν
2793 4913 2932 4983 πρὸς
2956 4913 3022 4966 τὰ
3054 4912 3434 4982 ὲπερχόμενα;
3468 4906 3659 4960 δικαία

2073 5017 2109 5084 ἡ
2140 5015 2320 5082 κρίσις
2346 5008 2442 5062 τοῦ
2465 5007 2625 5074 Θεοῦ,
2667 5007 2869 5076 μᾶλλον
2902 5006 2959 5058 δὲ
2990 5005 3133 5058 κατὰ
3153 5004 3288 5058 πολὺ
3318 5003 3416 5070 τῆς
3439 4999 3658 5060 δικαίας

2076 5106 2248 5176 ὀργῆς
2285 5105 2313 5155 ὁ
2339 5101 2726 5172 φιλάνθρωπος
2757 5099 3038 5166 Δεσπότης
3067 5097 3167 5166 τὴν
3195 5095 3469 5166 τιμωρίαν
3496 5090 3658 5145 ἐκούο

2075 5213 2254 5266 φισεν,
2309 5195 2408 5263 οὐχ
2445 5193 2569 5245 ὅσον
2595 5192 2762 5260 ἐσμὲν
2798 5189 2936 5254 ἄξιοι
2985 5191 3183 5257 πεῖραν
3245 5186 3433 5240 λαϐεῖν
3474 5199 3661 5251 παρα-

2075 5285 2244 5357 σχὼν,
2289 5285 2406 5339 ἀλλ’
2455 5285 2580 5338 ὅσον
2636 5281 2894 5351 αἴσθησιν
2948 5279 3155 5342 λαϐεῖν,
3199 5272 3274 5331 ὧν
3307 5278 3658 5349 ἡμάρτομεν.

2075 5377 2276 5429 Σκόπει
2320 5375 2430 5444 γὰρ
2469 5372 2566 5426 τοῦ
2617 5370 2754 5426 Θεοῦ
2789 5370 2851 5424 τὸ
2899 5368 3291 5440 μακρόθυμον⁶
3332 5369 3658 5438 ἡμάρτομεν

2621 5528 2669 5559 ⁷⁸
2697 5525 2842 5582 Psal.
2879 5541 3062 5589 Lntv,
3094 5524 3150 5580 9.

1626 5661 1944 5723 Francisci
1977 5661 2183 5724 Scorsi
2217 5665 2406 5721 notes.

471 5781 588 5849 ('19)
644 5783 864 5835 Sacrum
894 5782 1256 5849 Evangelium.
1283 5781 1413 5836 Vide
1447 5784 1592 5837 hom.
1617 5784 1701 5846 12,
1740 5786 1967 5840 not.20.

473 5848 582 5916 (‘20)
628 5849 902 5925 Nrejacln
935 5848 1148 5925 quidem
1175 5853 1412 5925 semina.
1456 5855 1519 5904 ’Ὀ
1549 5855 1667 5906 οὐδὲ
1699 5857 1971 5925 καταϐλη·

404 5915 565 5970 θέντα
591 5920 812 5987 παρέξει
844 5915 1158 5990 σπέρματα,
1193 5937 1256 5974 ex
1299 5923 1437 5980 Gall.
1479 5925 1744 5979 restituta.

2145 5783 2256 5852 (2|)
2286 5779 2540 5837 Peccante
2573 5778 2685 5849 ﬁlio
2714 5777 2916 5836 Saulis.
2968 5773 3257 5830 Historiam
3285 5772 3430 5843 leges
3468 5768 3487 5824 l
3519 5768 3657 5841 Reg.

2075 5871 2124 5908 (Σ.
2160 5870 2269 5908 λιν.
