4074 6402
353 452 491 515 ῙΟἸἸ

1682 455 1879 517 ΗΟΜῘ
1892 456 2015 516 LIA
2054 456 2237 519 LXII.

3484 453 3611 518 1οῒ8

349 566 534 635 ἡμεῖς,
570 567 665 619 καὶ
702 567 770 621 τὰ
828 566 1047 638 στοχεῗα
1088 566 1410 633 κολάζονται
1444 582 1456 595 ·
1492 566 1785 637 πταίομεν,
1828 568 1922 621 καὶ

2036 568 2238 621 hamur.
2286 550 2583 622 Considera
2612 568 2756 624 enim
2794 566 3109 638 patientiam
3142 566 3254 621 Dei.
3288 564 3395 620 Nos
3425 580 3614 633 pecca-

348 660 677 728 τιμωρεῖται
712 661 745 730 ή
794 660 866 730 γῆ
893 678 908 693 ⁶
955 661 1160 731 φαῦλον
1220 662 1334 731 βίον
1381 660 1563 731 ζῶμεν
1602 662 1786 730 ἡμεῖς,
1828 663 1925 712 καὶ

355 751 681 818 μαστίξεται
713 752 780 806 τὰ
822 754 1006 825 ἄψυχα
1029 771 1045 787 °
1082 755 1377 827 ὑϐρίζομεν
1408 756 1501 806 τδν
1551 755 1803 821 Πλάστην
1838 753 1927 806 διὰ

350 842 461 896 τῶν
486 846 728 916 αἰσχρῶν
759 848 915 918 ἡμῶν
946 849 1220 919 πράξεων,
1256 851 1351 904 καὶ
1379 851 1593 921 δέχεται
1614 850 1711 920 τὴν
1736 847 1927 918 ποινὴν

350 932 419 986 τά
458 933 623 1003 μηδὲν
649 935 1045 1008 άμαρτήσαντα
1070 952 1085 967 ·
1114 938 1304 1009 ὥσπερ
1334 938 1399 993 ἂν
1419 938 1473 991 εἴ
1501 957 1583 1003 τις
1612 938 1705 991 τοῦ
1738 937 1928 1002 παιδὸς

353 1025 651 1092 σφαλέντος
692 1028 836 1082 κατὰ
883 1029 978 1083 τοῦ
1015 1030 1202 1084 δούλου
1246 1031 1468 1100 ἐκφέρει
1522 1032 1621 1101 τὴν
1671 1031 1925 1100 βάσανον.

349 1115 605 1171 Τοιοῦτον
663 1118 860 1190 ἔχομεν
918 1123 1124 1191 ἀγαθὸν
1172 1124 1451 1194 Δεσπότην
1491 1141 1504 1155 ·
1555 1123 1729 1187 οὕτως
1778 1124 1928 1194 ἡμᾶς

350 1208 597 1262 νουθετεί
625 1211 918 1280 ἐπανάγων
956 1216 1093 1285 πρὸς
1132 1216 1231 1283 τὴν
1264 1216 1569 1287 διόρθωσιν.
1622 1216 1734 1269 Καὶ
1763 1217 1929 1268 τείνει

356 1296 456 1365 μὲν
485 1296 544 1350 τὸ
584 1297 739 1363 τόξον
773 1302 873 1371 τῆς
904 1300 1159 1370 ἀπειλῆς,
1208 1302 1396 1373 ἐπέχει
1440 1303 1497 1355 δὲ
1547 1302 1606 1355 τὸ
1635 1302 1789 1372 βέλος
1828 1303 1931 1374 τῆς

352 1387 633 1456 ὀργῆς.οὐ
661 1390 771 1462 γὰρ
803 1390 1056 1462 βούλεται
1081 1394 1173 1448 τὸν
1198 1393 1435 1465 ψυχικὸν
1473 1395 1631 1464 ἡμῶν
1672 1393 1926 1461 θάνατον,

352 1478 492 1532 ἀλλὰ
521 1480 620 1551 τὴν
665 1482 1005 1556 ἐπιστροφὴν
1038 1485 1324 1557 ἀναμένει,
1358 1487 1453 1541 καὶ
1480 1487 1581 1557 τὴν
1616 1487 1927 1557 μετάνοιαν.

355 1570 645 1643 Γενώμεθα
674 1568 788 1639 οὖν,
821 1575 1069 1644 ἀδελφοὶ,
1093 1578 1150 1630 ὲν
1179 1578 1434 1644 αἰσθήσει
1462 1578 1558 1632 τοῦ
1582 1576 1888 1649 πρέποντος
1913 1593 1928 1609 ο

355 1662 715 1734 ἱλεωσώμεθα
764 1666 859 1721 τὸν
880 1666 1253 1739 εὖσπλαγχνον
1286 1669 1490 1739 Κύριον
1514 1686 1528 1701 ·
1560 1673 1635 1740 μὴ
1686 1672 1931 1741 χείρονες

348 1756 607 1828 ὀφθῶμεν
633 1759 744 1813 τῶν
773 1760 1096 1817 Νινευῖτιῖν.
1134 1763 1385 1827 Ἐκεῖνοι,
1413 1764 1618 1817 ἐθνικοὶ
1661 1764 1812 1829 ὄντες
1838 1766 1932 1819 καὶ

349 1849 593 1914 ἄπιστοι,
629 1850 819 1923 ἐπειδὴ
846 1852 1001 1924 παρὰ
1037 1853 1134 1907 τοῦ
1165 1855 1452 1925 προφήτου
1479 1856 1580 1925 τὴν
1619 1872 1930 1925 καταστρο-

353 1942 460 2011 φὴν
484 1942 588 2011 τῆς
618 1943 829 2008 πόλεως
877 1944 1107 2015 ἔμαθον,
1140 1947 1410 2017 τοσαύτην
1442 1948 1788 2014 ἐπεδείξαντο
1834 1966 1931 2020 με-

351 2037 598 2104 τάνοιαν,
629 2039 706 2104 ὡς
741 2042 837 2095 καὶ
865 2042 932 2095 τὰ
991 2044 1160 2113 νήπια
1190 2046 1286 2098 καὶ
1328 2045 1398 2098 τὰ
1434 2046 1611 2117 κτήνη
1642 2047 1932 2118 νηστεύειν

349 2136 693 2204 ἠνάγκασαν,
727 2139 823 2190 καὶ
851 2138 1048 2193 σποδὸν
1089 2142 1184 2194 καὶ
1242 2142 1447 2195 σάκκον
1488 2142 1929 2213 περιεϐάλλοντο,

352 2228 448 2283 καὶ
473 2228 621 2285 οὕτω
648 2230 747 2300 τῆς
768 2230 1191 2304 δικαίαςώργῆς
1212 2231 1306 2288 τοῦ
1337 2232 1475 2288 Θεοῦ
1507 2234 1929 2307 ἀπηλλάγησαν.

422 2409 799 2482 Δακρύσωμεν
849 2412 941 2466 οὖν
999 2415 1095 2468 καὶ
1151 2416 1347 2486 ἡμεῖς,
1403 2414 1932 2487 ὲξομολογησώμεθα

348 2502 584 2567 ἕκαστος
634 2506 703 2559 τὰ
755 2506 863 2561 ἴδια
897 2508 1218 2578 πταίσματα
1250 2525 1261 2538 ·
1308 2509 1757 2581 προσληψώμεθα
1789 2510 1931 2581 πρὸς

348 2594 483 2649 Θεὸν
510 2596 761 2666 μεσίτους
789 2598 915 2660 τοὺς
945 2598 1155 2666 ἁγίους,
1190 2598 1316 2662 τούς
1348 2617 1406 2652 τε
1436 2601 1631 2664 ἄλλους
1664 2602 1761 2655 καὶ
1800 2620 1933 2656 κατ-

350 2688 631 2760 εξαίρετον
676 2690 774 2761 τὴν
808 2691 1139 2760 ,ὑπέραγνον
1191 2694 1512 2756 Δέσποιναν,
1553 2696 1652 2765 τὴν
1706 2697 1930 2766 ταχεῖαν

350 2783 693 2852 προστασίαν
727 2783 823 2837 καὶ
882 2783 1098 2856 ἄμαχον
1124 2801 1136 2814 ο
1183 2785 1589 2857 προσ-πέσωμεν
1625 2787 1761 2859 αὐτῇ
1792 2788 1933 2860 μετὰ

347 2872 603 2944 δακρύων
628 2873 895 2944 δεόμενοι.

423 2964 605 3036 Κυρία
649 2966 937 3029 Δέσποινα,
964 2969 1005 3037 ὴ-
1037 2969 1129 3022 τὸν
1159 2968 1293 3025 Θεὸν
1321 2970 1495 3038 Λόγον
1534 2971 1591 3025 ὲν
1615 2974 1813 3045 γαστρί
1837 2992 1932 3029 σου

351 3058 492 3127 ὑπὲρ
524 3059 684 3127 λόγον
736 3062 1063 3131 χωρήσασα,
1099 3063 1131 3132 ἡ
1181 3064 1282 3133 τὴν
1323 3064 1486 3132 φύσιν
1535 3065 1693 3136 ἡμῶν
1734 3067 1811 3139 τῷ
1855 3068 1934 3139 σῷ

346 3150 495 3221 τόκῳ
527 3150 803 3215 θεὼσασα,
836 3154 869 3223 ἡ
905 3152 1026 3225 Θεῷ
1058 3153 1154 3208 καὶ
1196 3155 1507 3227 ἀνθρώποις
1549 3158 1629 3228 τῷ
1659 3159 1806 3232 τόκῳ
1837 3178 1933 3215 σου

2029 675 2176 725 mus,
2214 669 2262 713 et
2290 661 2559 715 elementa
2612 662 2939 719 multantur:
2995 677 3097 715 nos
3153 659 3513 722 oﬂ'endimus,
3554 664 3608 710 et

2031 765 2171 808 terra
2218 756 2438 824 punitur
2473 756 2585 827 (22)
2610 775 2623 823 ;
2653 759 2845 811 malam
2884 773 2982 813 nos
3011 758 3173 829 427
3203 757 3411 827 agimus
3452 756 3616 809 vitam

2028 854 2080 898 et
2106 847 2339 901 inanima
2360 847 2729 919 ﬁagellantur;
2758 851 3008 921 turpibus
3035 851 3234 905 nostris
3262 849 3613 911 facinoribus,

2031 935 2284 1005 injuriam
2318 938 2562 994 Creatori
2614 942 2885 1010 facimus;
2938 954 2991 999 et
3025 958 3241 1013 prenam
3289 942 3613 1010 SUSt'ipiunl,

2032 1041 2150 1093 quae
2180 1029 2314 1082 nihil
2360 1042 2759 1099 peccaverunt:
2795 1036 3017 1104 perinde
3048 1047 3103 1089 ut
3141 1035 3184 1089 si
3221 1033 3340 1103 quis
3372 1033 3479 1087 ﬁlio
3520 1033 3611 1087 dc-

2032 1115 2311 1186 linquenle
2358 1135 2573 1177 servum
2622 1125 2909 1179 tormentis
2960 1124 3177 1179 alliciat.
3222 1126 3369 1177 Adeo
3414 1124 3611 1177 bonum

2031 1208 2297 1267 habemus
2332 1214 2615 1269 Dominum
2637 1254 2652 1280 ,
2690 1217 2767 1270 ita
2805 1232 2903 1271 nos
2931 1216 3201 1279 admonet,
3223 1224 3281 1269 ut
3307 1215 3371 1269 ad
3404 1215 3612 1283 frugem

2031 1303 2227 1357 bonam
2257 1304 2526 1371 adducat;
2553 1315 2808 1361 etarcum
2833 1306 3049 1377 quidem
3079 1307 3337 1360 minarum
3364 1306 3611 1366 intendit,

2032 1398 2255 1455 cohibet
2295 1416 2427 1458 vero
2463 1402 2762 1459 iracundia:
2795 1403 2993 1471 telum;
3030 1418 3143 1458 non
3175 1403 3320 1457 enim
3351 1403 3462 1455 vult
3494 1400 3613 1454 ani-

2034 1505 2135 1545 mae
2171 1481 2371 1548 nostra:
2420 1504 2652 1549 mortem
2676 1537 2691 1559 ,
2737 1496 2830 1551 sed
2882 1495 3295 1552 conversionem
3318 1536 3333 1559 ,
3363 1503 3415 1548 ct
3443 1492 3617 1562 pinni-

2032 1580 2262 1634 tentiam
2307 1592 2611 1653 exspectat.
2648 1584 3055 1657 Resipiscamus
3085 1586 3272 1655 igitur,
3303 1583 3500 1637 fratres
3520 1623 3535 1647 ,
3563 1592 3617 1636 et

2035 1685 2154 1739 quae
2188 1687 2286 1727 nos
2304 1673 2491 1730 facere
2511 1675 2766 1744 deceant,
2790 1677 3115 1740 sentiamus,
3144 1674 3436 1745 propitium
3462 1674 3617 1728 nobis

2037 1766 2328 1823 reddamus
2347 1768 2633 1824 Dominum
2652 1771 2863 1826 viscera
2884 1770 3273 1826 misericordias
3293 1768 3615 1832 habentem;

2037 1876 2107 1914 ne
2138 1861 2354 1931 pejores
2381 1861 2637 1917 Ninivitis
2661 1864 2966 1920 videamur.
3000 1862 3077 1916 llli
3111 1862 3255 1917 enim
3287 1861 3533 1931 gentiles,
3567 1872 3621 1913 et

2034 1953 2282 2009 inﬁdeles
2312 1970 2436 2010 cum
2476 1964 2687 2019 essent.
2744 1956 2903 2011 simul
2943 1970 3005 2011 ac
3041 1971 3069 2011 a
3112 1955 3377 2025 propheta
3409 1954 3475 2007 de
3507 1967 3618 2006 suae

2036 2044 2278 2101 civitatis
2309 2047 2597 2102 eversione
2643 2054 3053 2117 cognoverunt,
3089 2046 3249 2099 talem
3288 2042 3618 2111 poenitentia:

2035 2152 2325 2207 suscepere
2343 2141 2585 2204 modum,
2603 2149 2659 2192 ut
2677 2150 2731 2193 et
2748 2140 3006 2203 infantes,
3029 2146 3081 2193 et
3097 2138 3344 2206 jumcnla
3372 2134 3619 2206 jejunarc

2036 2229 2353 2301 coegerint,
2404 2232 2722 2287 etcincrem
2756 2240 2809 2285 et
2839 2246 3056 2287 saccum
3088 2227 3404 2295 induerint,
3454 2233 3619 2295 atque

2038 2322 2111 2377 ita
2139 2337 2166 2376 a
2203 2323 2347 2392 justa
2381 2323 2474 2379 Dei
2509 2324 2746 2379 vindicta
2779 2339 2836 2379 se
2868 2323 3172 2378 liberarint.

2107 2410 2393 2469 Ploremus
2430 2412 2595 2483 igitur
2625 2422 2677 2467 et
2704 2428 2807 2468 nos
2833 2414 3186 2467 conliteamur
3202 2409 3419 2481 propria
3451 2424 3618 2463 unus-

2037 2505 2269 2571 quisque
2317 2514 2571 2573 peccata;
2630 2506 3008 2573 deprecatores
3060 2504 3123 2558 ad
3164 2503 3329 2557 Deum
3376 2512 3615 2566 sanctos,

2037 2596 2529 2665 conciliatoresque
2564 2595 2933 2664 asciscamus,
2981 2610 3103 2651 cum
3135 2594 3269 2649 alios
3294 2635 3308 2661 ,
3342 2604 3455 2649 tum
3489 2608 3618 2647 vero

2037 2700 2150 2754 prte
2183 2687 2394 2741 caeteris
2417 2687 2813 2741 sanctissimam
2844 2686 3124 2741 Dominam
3149 2686 3432 2756 eligamus;
3460 2686 3615 2739 velox

2036 2784 2091 2831 el
2132 2777 2548 2848 inexpugnabile
2581 2778 2889 2849 praesidium
2918 2777 3055 2847 (25),
3082 2776 3462 2846 provolvamur
3499 2773 3616 2844 ejus

2038 2868 2266 2937 genibus
2291 2884 2411 2924 cum
2441 2870 2697 2941 lacrymis
2733 2871 3124 2939 deprecantes:
3408 2920 3459 2943 ,

2112 2975 2337 3031 Domina
2372 2985 2581 3041 nostra,
2617 2992 2737 3046 quas
2765 2976 3001 3031 Verbum
3038 2976 3207 3030 Deum
3245 2975 3298 3029 in
3339 2985 3491 3030 utero
3524 2982 3615 3027 tuo

2039 3081 2208 3135 supra
2238 3077 2454 3122 natura:
2480 3068 2747 3122 rationem
2793 3067 2983 3137 cepisti
3013 3106 3028 3133 ,
3079 3079 3197 3136 qua:
3227 3076 3479 3120 naturam
3514 3081 3614 3119 no-

2040 3166 2210 3211 stram
2242 3156 2357 3227 (24)
2405 3166 2499 3213 tuo
2550 3167 2707 3227 partu
2739 3157 3003 3213 deiﬁcasti
3031 3195 3046 3221 ,
3085 3171 3205 3226 quae
3254 3156 3398 3211 inter
3444 3155 3612 3209 Deum

351 3242 746 3312 μεσιτεύσασα,
779 3246 1003 3317 ἐλέησον
1030 3246 1123 3299 τὸν
1160 3246 1291 3302 λαόν
1322 3265 1439 3315 σου,
1479 3251 1573 3303 καὶ
1605 3252 1705 3322 τὴν
1736 3255 1931 3326 κληρο-

2036 3258 2090 3304 et
2109 3249 2382 3305 hominem
2409 3259 2495 3303 tua
2522 3249 2674 3321 prole
2697 3258 2979 3320 sequestra
3010 3264 3091 3313 es,
3128 3248 3388 3302 miserere
3418 3247 3615 3315 populo

348 3336 547 3403 νομίαν
591 3353 723 3389 σου’
782 3336 1223 3407 σπλαγχνίσθητι
1264 3339 1359 3392 ἐπὶ
1419 3340 1594 3414 ταύτῃ
1653 3345 1719 3414 τῇ
1778 3345 1933 3399 πόλει

351 3442 473 3490 σου,
506 3430 570 3498 τῇ
603 3429 659 3479 ὲν
698 3427 774 3497 τῷ
817 3428 894 3499 σῷ
938 3430 1275 3501 καυχωμένη
1309 3430 1559 3501 ὀνόματι.
1592 3434 1934 3491 Μεσίτευσον

347 3518 493 3589 ὑπὲρ
542 3520 699 3590 ήμῶν
750 3521 858 3575 τῶν
908 3521 1146 3589 ἀναξίων
1187 3522 1391 3577 δούλων
1441 3542 1561 3593 σου,
1606 3525 1934 3593 δυσώπησον

346 3610 440 3663 τδν
477 3613 743 3682 μονογενῆ
779 3630 874 3667 σου
902 3613 1035 3666 Υῑὸν
1064 3615 1159 3669 ἐπὶ
1182 3617 1297 3678 τοῖς
1328 3616 1617 3687 ἡμετέροις
1653 3622 1935 3690 μακροθυ-

355 3702 532 3771 μῆσαι
555 3704 888 3775 πταίσμασι,
920 3706 1017 3759 καὶ
1046 3706 1210 3760 λῦσαι
1248 3706 1348 3779 τὴν
1392 3709 1517 3763 καθ’
1544 3711 1703 3781 ἡμῶν
1726 3712 1933 3785 ταύτην

347 3794 567 3850 δικαίαν
626 3797 821 3869 ὀργὴν,
880 3800 977 3852 καὶ
1038 3801 1162 3864 ταῖς
1220 3800 1482 3872 νεφέλαις
1530 3802 1786 3869 ἐπιτάξαι
1839 3808 1933 3861 τὸν

350 3886 510 3940 ὑετὸν
544 3888 900 3960 ὲπομὸρῆσαι
945 3890 1215 3961 συνήθως,
1254 3893 1350 3946 καὶ
1378 3892 1475 3946 τὸν
1506 3894 1720 3966 αὐχμὸν
1746 3896 1933 3951 διαλῦσ-

352 3993 464 4040 σαι,
499 3979 593 4032 καὶ
623 3979 724 4049 τῆς
764 3980 870 4049 γῆς
906 3980 1155 4051 δροσίσαι
1204 3981 1299 4036 τὸν
1333 3983 1611 4039 καύσωνα.
1670 3986 1800 4050 Ναὶ,
1833 3987 1933 4041 Δέ-

352 4085 548 4122 σποινα
576 4071 608 4137 ἡ
636 4070 731 4122 τοῦ
761 4070 969 4141 κόσμου
1003 4070 1313 4143 ἀντίληψις,
1368 4074 1591 4144 ἐλέησον
1627 4074 1936 4147 θηλάζοντα

352 4162 812 4233 νήπια,γέροντας
832 4163 1201 4233 κεκμηκότας.
1223 4166 1463 4236 πένητας
1476 4170 1895 4239 πεφρυγμένους
1914 4184 1933 4205 ⁸

358 4256 436 4325 μὴ
478 4257 647 4327 ἐάσῃς
682 4258 854 4327 ἡμᾶς,
877 4256 1179 4311 ἀπολέσθαι
1208 4259 1327 4321 ταῖς
1402 4259 1705 4331 ἁμαρτίαις
1750 4262 1934 4333 ἡμῶν.

363 4346 738 4418 Ἥμάρτομεν,
789 4348 1153 4420 ὴνομήσαμεν
1183 4391 1198 4412 ,
1274 4349 1367 4402 τὸν
1412 4349 1655 4420 καθαρὸν
1701 4351 1796 4405 τοῦ
1843 4353 1937 4423 βα-

353 4439 660 4508 πτίσματος
678 4439 880 4510 χιτῶνα
908 4438 1442 4511 κατερρυπώσαμεν,
1469 4440 1570 4503 τὰς
1590 4442 1939 4510 Δεσποτικὰς

352 4531 576 4592 ἐντολὰς
622 4532 969 4602 ὴθετήσαμεν
1003 4547 1017 4560 ·
1070 4529 1205 4585 ἀλλὰ
1250 4530 1353 4585 κᾶν
1383 4530 1801 4603 ὀλισθαίνωμεν,
1834 4534 1937 4587 οὐκ

352 4624 700 4693 ἐπιστάμεθα
748 4624 880 4677 Θεὸν
921 4622 1133 4695 ἕτερον,
1181 4623 1357 4694 ἀλλ’ἢ
1391 4624 1485 4677 τὸν
1518 4625 1786 4695 μονογενῆ
1837 4643 1932 4679 σου

352 4715 508 4775 Υίὸν.
544 4716 636 4768 τὸν
668 4717 765 4769 σὺν
792 4717 972 4787 Πατρὶ
1027 4716 1120 4768 καὶ
1158 4713 1297 4786 ἁγίῳ
1328 4714 1609 4787 Πνεύματι
1644 4716 1934 4787 δοξαζόμε-

350 4825 445 4863 νον
470 4810 548 4872 si;
579 4809 703 4872 τοὺς
731 4808 955 4871 αἰῶνας.
997 4806 1195 4878 Ἀμήν.

2040 3349 2133 3394 ιυο
2157 3379 2172 3403 ,
2209 3349 2266 3395 et
2297 3340 2603 3395 haareditati
2639 3350 2777 3407 tute;
2810 3339 2964 3395 ﬂecte
2993 3339 3198 3394 viscera
3231 3337 3617 3392 misericordiae

2040 3439 2145 3485 tute
2192 3445 2320 3501 erga
2370 3430 2511 3487 hanc
2538 3432 2815 3487 civitatem
2866 3432 2922 3486 in
2979 3442 3069 3486 tuo
3124 3430 3341 3485 nomine
3378 3428 3615 3499 glorian-

2045 3530 2152 3576 tem
2190 3520 2344 3593 (25);
2372 3523 2649 3578 intercede
2685 3539 2783 3594 pro
2810 3523 2963 3578 nobis
3003 3520 3238 3588 indignis
3266 3521 3440 3576 servis
3471 3521 3614 3585 tuis;

2040 3627 2232 3683 pacem
2267 3627 2529 3684 exposce,
2562 3622 2617 3667 et
2648 3628 2815 3669 exora
2849 3613 3182 3683 unigenitum
3207 3611 3407 3665 Filium
3443 3621 3615 3675 tuum,

2038 3716 2097 3759 ut
2149 3704 2351 3761 toleret
2383 3714 2603 3774 peccata
2637 3715 2851 3769 nostra,
2875 3713 2929 3758 et
2960 3704 3098 3757 hanc
3128 3711 3316 3757 contra
3348 3717 3445 3756 nos
3471 3702 3617 3770 juste

2038 3800 2366 3856 concitatam
2400 3800 2735 3856 iracundiam
2768 3808 2933 3868 ponat
2971 3818 2985 3854 :
3031 3800 3257 3868 imperet
3292 3797 3523 3853 nubibus
3558 3808 3614 3852 ut

2036 3902 2354 3948 consuetam
2406 3892 2562 3948 nobis
2613 3891 2849 3960 pluviam
2902 3890 3157 3955 mittant,
3209 3897 3264 3943 et
3308 3887 3614 3958 squalorem

2037 3985 2184 4041 hunc
2209 3984 2476 4049 eximant,
2505 3994 2563 4039 et
2591 3985 2818 4054 irrigent
2852 3992 3008 4037 terra:
3040 3982 3405 4038 adustionem.
3436 3979 3616 4034 Etiam

2038 4076 2267 4130 Domina
2298 4075 2482 4129 nmndi
2515 4074 2854 4144 recuperatio
2883 4112 2897 4139 ,
2945 4073 3211 4129 miserere
3237 4072 3497 4127 lactentes
3528 4072 3615 4125 in-

2040 4167 2220 4222 fantes
2241 4205 2256 4229 ,
2286 4181 2445 4221 senes
2494 4164 2876 4221 defatiscentes
2897 4205 2913 4230 ,
2943 4179 3208 4234 pauperes
3240 4154 3617 4228 tabescentes}

2039 4275 2107 4314 ne
2126 4260 2277 4314 sinas
2296 4258 2607 4313 nosnostris
2630 4257 2948 4313 criminibus
2974 4257 3216 4312 interire.
3234 4256 3614 4321 Peccavimus,

2040 4351 2241 4422 injuste
2258 4352 2684 4421 egimus,puram
2703 4350 2955 4420 baptismi
2979 4358 3179 4405 vestem
3203 4350 3620 4406 commaculavi.‘

2040 4458 2181 4504 mus,
2212 4441 2423 4496 Domini
2453 4449 2723 4511 praecepta
2767 4441 3233 4511 contempsimus:
3259 4456 3443 4494 verum
3488 4448 3543 4493 et
3573 4440 3620 4494 si

2040 4535 2273 4607 prolapsi
2297 4550 2506 4599 sumus,
2532 4535 2694 4588 alium
2718 4542 2896 4588 tamen
2916 4549 3019 4588 non
3036 4534 3410 4601 cognoscimus
3425 4533 3616 4595 Deum,

2040 4628 2144 4681 nisi
2181 4626 2530 4697 Unigenitum
2563 4636 2737 4693 tuum,
2778 4626 3016 4696 quicum
3048 4623 3213 4680 Patre
3239 4664 3254 4690 ,
3314 4636 3366 4679 et
3404 4622 3610 4694 Spiritu

2044 4728 2234 4773 sancto
2265 4719 2596 4789 gloriﬁcatur
2621 4717 2675 4773 in
2702 4716 2899 4774 saecula
2926 4717 3267 4773 saeculorum.
3302 4718 3495 4771 Amen.

1597 4952 1820 5015 Franci
1832 4953 1925 5017 sci
1961 4950 2174 5017 Scorsi
2209 4958 2397 5015 notas.

429 5106 540 5176 (22)
568 5105 636 5160 Et
665 5114 806 5160 terra
835 5104 1071 5176 punitur.
1146 5105 1257 5176 Kal.
1286 5105 1678 5176 etptopeiratij
1704 5104 1799 5176 γῇ.
1836 5102 1935 5176 Se-

354 5173 541 5248 quitur
574 5177 640 5248 ad
669 5173 869 5248 vocem
927 5174 1208 5248 πταίομεν
1226 5175 1279 5228 in
1305 5173 1465 5248 9³11⁷.
1495 5173 1562 5248 Et
1607 5173 1801 5248 deinde
1828 5174 1933 5227 alia

355 5243 622 5304 sententia
666 5247 853 5317 incipit
884 5243 1128 5302 ιΦαῦλον
1155 5245 1270 5316 βίον
1300 5244 1487 5317 ζῶμεν
1516 5246 1683 5317 ῂμεῑς
1711 5243 1804 5317 καὶ
1832 5260 1937 5314 μα-

356 5318 622 5382 στίζεται,
672 5314 790 5370 etei
836 5318 905 5369 At
964 5317 1016 5370 in
1064 5314 1324 5370 Panorm.
1362 5330 1428 5368 ex
1478 5314 1562 5368 his
1602 5315 1931 5367 tluabusuna

357 5390 565 5442 factaet
592 5390 854 5457 permista
879 5395 999 5442 erat
1049 5386 1326 5457 Πταίομεν
1351 5386 1516 5456 ἡμεῖς
1544 5384 1643 5438 καὶ
1667 5382 1933 5455 μαστίζε-

354 5474 445 5511 ται
468 5459 536 5510 τὰ
566 5456 771 5525 ἄψυχα.

2042 5102 2255 5178 ἄμαχον
2284 5101 2544 5178 scriptum
2572 5100 2771 5172 reperi.
3091 5164 3135 5178 _
3210 5168 3225 5178 _
3402 5165 3434 5178 Α,

2118 5164 2231 5242 (2ιὶ)
2290 5164 2422 5242 Qua}
2483 5164 2731 5242 naturam
2774 5178 3027 5242 nostram.
3056 5164 3161 5242 ⁸-Ει
3190 5168 3340 5242 _ha2c_
3364 5165 3526 5242 etiam
3553 5165 3620 5242 ad

2046 5235 2383 5311 majestatém
2408 5241 2469 5295 Β.
2493 5240 2638 5311 Virg.
2666 5240 3017 5311 pertinentia,
3055 5237 3122 5292 Ἦ
3153 5236 3249 5309 τὴν
3270 5236 3434 5305 φύσιν
3461 5235 3620 5305 ἡμῶν

2038 5313 2117 5383 τῷ
2133 5309 2220 5382 σῷ
2252 5312 2399 5382 τόκῳ
2424 5309 2707 5383 θεώσασα.
2764 5309 2895 5383 Qua:
2952 5319 3200 5364 naturam
3242 5316 3485 5383 nostra»:
3532 5314 3620 5358 tuo

2039 5374 2204 5450 partu'
2226 5374 2597 5449 sanctiﬁcat”,
2647 5374 2893 5435 restituta
2926 5394 3049 5433 sunt
3080 5395 3144 5432 ex
3160 5379 3347 5432 eodem
3369 5374 3511 5450 Gali.

2112 5453 2223 5523 (25)
2258 5445 2532 5523 Civitatem
2556 5452 2615 5523 in
2638 5463 2727 5505 luo
2750 5451 2961 5523 nomine
2988 5450 3323 5520 gloriantem.
3376 5446 3452 5523 Ob
3485 5445 3612 5498 ima-

429 5526 539 5597 (25)
586 5519 829 5597 γέιόπηρι
886 5526 1288 5595 inexpugnabile
1319 5524 1647 5597 praesidium.
1678 5521 1789 5597 Hoc
1812 5538 1931 5579 vero

2039 5519 2301 5597 girieniB.
2364 5521 2600 5597 Virginis
2655 5519 3638 5597 ἀχειροποίητον-11011.ιηθηυέιειθιη·

355 5594 586 5666 elogium
645 5596 701 5651 Β.
752 5594 1137 5665 VirginisipSa
1161 5599 1377 5666 dignum
1431 5594 1937 5666 cpiscopi_pietale,

358 5663 468 5720 noui
495 5670 613 5721 sine
654 5663 934 5734 utriusque
976 5663 1169 5733 injuria
1214 5663 1495 5729 omissum,
1577 5668 1626 5717 in
1684 5663 1937 5718 Panorm.

2042 5582 2245 5648 dictum
2302 5582 2642 5660 potissimum
2688 5582 3002 5660 arb-itrorai
3032 5588 3379 5660 Theophane,
3413 5582 3620 5660 Tauro-

2044 5666 2278 5718 menium
2305 5652 2378 5715 'in
2422 5660 2660 5730 Virginis
2708 5661 2927 5730 nomine
2959 5652 3234 5726 gl0riari‘:
3266 5656 3331 5712 de
3365 5670 3472 5726 quo
3498 5652 3620 5708 vide

360 5739 575 5794 restitui
598 5753 666 5792 ex
710 5728 962 5794 Galliubi
1009 5728 1123 5808 Τὴν
1154 5737 1380 5806 ταχεῖαν
1424 5728 1787 5807 προστασίαν,
1842 5734 1931 5788 καὶ

2045 5743 2157 5788 not.
2192 5733 2280 5802 Η,
2313 5741 2367 5788 ct
2395 5728 2635 5789 Prorem.
2659 5728 2927 5801 t,lsag.,§
2961 5729 3015 5782 5.
