4074 6434
407 466 3664 530 mw

1690 682 1862 726 ANNO
1897 682 2121 726 DOMINI
2160 685 2400 728 MCXLIII

859 868 1503 1047 NILUS
1657 861 3244 1049 DOXAPATBIUS

1795 1182 2304 1275 NOTITIA

1368 1383 1499 1446 (Cas.
1526 1382 1697 1432 Ouum.
1727 1380 1801 1429 De
1822 1377 1993 1442 script.
2026 1379 2207 1429 eccles.
2237 1385 2355 1431 tom.
2384 1379 2446 1441 ll,
2480 1392 2531 1442 p.
2554 1378 2717 1443 1180.)

487 1689 641 1744 Nilus
674 1702 771 1743 seu
808 1687 1064 1742 Nicolaus
1106 1694 1464 1756 cognomento
1511 1688 1914 1756 Doxapatrius,
1969 1683 2225 1740 Ecclesia:
2259 1684 2461 1741 Graecae
2516 1685 2750 1753 primum
2803 1684 3254 1753 archimandrita,
3315 1687 3471 1758 cujus
3526 1688 3682 1745 locus

416 1778 681 1831 natalium
718 1778 960 1831 incertus
997 1783 1160 1841 atque
1191 1775 1405 1844 ignotus
1436 1783 1541 1842 est,
1575 1773 1749 1829 factm
1783 1772 2126 1844 postmodum
2161 1773 2409 1827 notarius
2448 1771 2839 1839 patriarchalis
2869 1770 3075 1840 Magna)
3107 1772 3369 1830 Ecclesia:
3400 1777 3677 1833 Constan-

416 1865 792 1933 tinupolitanzc
827 1872 881 1917 et
905 1862 1335 1933 protoproedrus
1359 1861 1747 1933 syncellorum,
1774 1861 1935 1915 simul
1965 1860 2129 1914 etiam
2171 1860 2535 1931 nomophylax
2572 1860 2783 1930 imperii
2814 1856 3210 1916 Romanorum.
3236 1861 3395 1917 Certe
3420 1863 3680 1919 Panormi

416 1953 470 2006 in
510 1951 693 2007 Sicilia
725 1950 1037 2020 aliquandiu
1068 1949 1292 2015 vixisse,
1319 1950 1434 2019 ipse
1466 1950 1622 2004 nobis
1656 1949 1810 2005 testis
1843 1957 1949 2003 est.
1984 1948 2189 2003 Claruit
2213 1963 2363 2002 anno
2393 1946 2555 2002 1114.
2580 1946 2685 2013 Qui
2715 1963 2812 2018 per
2837 1949 3099 2018 epistolas
3124 1965 3155 2003 a
3197 1949 3431 2020 Bogerio
3478 1951 3681 2006 Sicilire

416 2057 543 2112 rege
579 2041 816 2115 monitus
851 2041 1072 2109 scripsit
1103 2039 1427 2109 opusculum
1454 2038 1530 2092 De
1562 2041 1828 2100 maiorum
1857 2038 2287 2103 patriarcharum
2308 2036 2546 2099 sedibus,
2577 2036 2720 2105 quod
2752 2046 2961 2105 postea,
2986 2050 3133 2091 anno
3169 2052 3362 2108 nempe
3398 2040 3679 2107 praedicto,

416 2128 608 2183 fusiori
644 2142 811 2197 opere
845 2136 1170 2196 prosecutus
1196 2136 1279 2181 est
1309 2143 1323 2180 :
1358 2126 1413 2180 in
1444 2142 1552 2195 quo
1586 2126 1654 2179 de
1684 2127 1926 2196 quinque
1966 2122 2425 2194 patriarchalibus
2458 2122 2694 2188 thronis,
2724 2123 2904 2193 iisque
2942 2125 3202 2194 subjectis
3233 2125 3683 2195 archiepiscopis,

418 2216 877 2284 metropolitanis,
913 2216 1209 2284 episcopis,
1249 2216 1315 2268 de
1343 2214 1789 2283 patriarchalium
1824 2213 2035 2268 sedium
2073 2211 2435 2275 institutione,
2461 2211 2653 2266 ordine
2683 2220 2740 2265 et
2768 2211 3003 2280 propriis
3035 2213 3345 2268 nominibus
3374 2213 3686 2269 luculenter

420 2306 552 2374 agit.
583 2305 661 2358 Ex
696 2306 799 2359 hac
832 2304 1296 2374 patriarchatuum
1331 2304 1549 2369 notitia,
1583 2305 1914 2372 amplissima
1960 2302 2126 2357 multa
2162 2317 2226 2356 ac
2262 2300 2524 2370 praeclara
2564 2316 2694 2356 sane
2725 2301 3027 2370 fragmenta
3060 2303 3280 2357 exhibet
3312 2302 3421 2357 Leo
3450 2304 3685 2358 Allatius

422 2394 498 2448 De
532 2394 818 2447 concordia
851 2391 1109 2446 Ecclesia
1140 2391 1430 2446 Orientalis
1462 2402 1509 2445 et
1537 2390 1917 2456 Occidentalis,
1955 2390 2050 2445 lib.
2098 2407 2151 2455 ι,
2191 2405 2346 2460 capp.
2377 2389 2433 2456 2,
2468 2389 2525 2455 8,
2553 2390 2610 2455 9,
2645 2391 2735 2456 10,
2767 2390 2859 2455 12,
2895 2391 3000 2456 14,
3036 2390 3124 2457 16,
3164 2393 3255 2457 17,
3286 2392 3379 2447 24.
3407 2392 3682 2460 lntegrum

421 2490 603 2537 autem
635 2482 833 2537 librum
866 2496 933 2534 ex
969 2481 1156 2535 codice
1185 2479 1582 2534 Bonaventura:
1612 2478 1920 2533 Wulocanii
1955 2477 2257 2532 recentiore
2290 2493 2453 2531 manu
2491 2493 2637 2533 anno
2675 2478 2809 2533 1651
2850 2478 3146 2547 descripto,
3182 2479 3371 2534 Graece
3400 2488 3456 2534 ct
3488 2478 3687 2534 Latine

422 2569 474 2622 in
509 2569 684 2624 lucem
722 2568 908 2623 emisit
930 2566 1242 2638 Stcphanus
1263 2566 1338 2620 Le
1363 2566 1540 2620 Moine
1570 2566 1753 2622 tomol
1792 2565 2070 2619 Variorum
2094 2581 2395 2632 sacrorum,
2420 2579 2545 2634 pag.
2566 2564 2696 2630 211,
2720 2566 2966 2636 Lugduni
2998 2566 3323 2621 Batavorum
3350 2582 3495 2622 anno
3521 2566 3686 2632 1685,

421 2657 568 2712 iit-4.
604 2654 834 2711 Fallitur
860 2656 1057 2710 eximie
1088 2654 1409 2709 Guillelmus
1432 2654 1611 2709 Cavus
1661 2655 1795 2709 dum
1817 2652 1977 2708 annis
2011 2666 2228 2708 centum
2255 2655 2398 2709 hunc
2425 2657 2748 2723 scriptorem
2777 2655 3138 2725 antiquiorem
3163 2672 3325 2725 quam
3351 2657 3464 2712 fere
3496 2658 3683 2723 fuerit,

425 2745 557 2799 t'acit
591 2762 605 2797 :
639 2759 891 2799 asserens
937 2742 1191 2799 ﬂeruisse
1229 2759 1373 2798 anno
1424 2742 1565 2798 1045
1595 2742 1774 2797 εωειιιί
1813 2741 2104 2796 undecimi.
2146 2743 2323 2796 Aliam
2373 2743 2654 2798 habuisset
2707 2753 2967 2811 mentem,
3020 2745 3065 2799 si
3107 2746 3376 2815 tantisper
3425 2746 3493 2800 ad
3543 2761 3686 2816 opus

432 2833 577 2887 illius
610 2834 755 2901 quod
788 2847 899 2901 prce
928 2832 1182 2887 manibus
1213 2832 1424 2897 habuit,
1459 2831 1806 2885 attendisset.
1833 2828 1947 2885 illic
1973 2831 2118 2884 enim
2150 2831 2228 2884 ait
2259 2831 2458 2885 diserte
2492 2846 2552 2885 se
2581 2833 2681 2885 hoc
2709 2832 3084 2901 composuisse
3108 2833 3451 2901 opusculum,
3486 2843 3544 2887 ut
3570 2835 3689 2903 ipse

430 2930 681 2987 testatur,
719 2920 857 2984 ἔτει,
905 2924 1105 2992 ις’χναν,
1164 2934 1257 2973 seu
1319 2933 1463 2973 anno
1512 2918 1829 2973 Graecorum
1878 2915 2599 2986 ConstantinOpolitanornm
2635 2916 2798 2981 6651,
2846 2918 2899 2974 id
2947 2929 3030 2975 est
3080 2934 3225 2974 anno
3274 2921 3478 2975 Christi
3518 2921 3686 2978 1N3.

430 3008 577 3064 Sane
608 3010 763 3065 Nilus
797 3008 1156 3079 Doxapatrius
1184 3008 1392 3063 diserte
1426 3007 1492 3060 ad
1524 3021 1724 3059 annum
1759 3004 1899 3059 1145
1926 3005 2129 3059 relatus
2155 3018 2182 3056 a
2214 3002 2412 3057 Carolo
2443 3004 2511 3056 du
2541 3002 2744 3059 Fresne
2768 3044 2783 3069 ,
2820 3005 3039 3060 domini)
3066 3006 3133 3059 du
3163 3005 3364 3076 Cange,
3405 3007 3459 3060 in
3506 3006 3692 3062 Iudice

429 3106 713 3151 auctorum
748 3111 913 3168 quem
973 3094 1255 3163 subjunxit
1301 3095 1367 3147 ad
1417 3093 1620 3148 calcem
1657 3092 1921 3146 Glossarii
1970 3091 2156 3145 inedire
2189 3099 2237 3145 et
2293 3090 2489 3158 inﬁma:
2537 3086 2859 3156 Grauitatis,
2898 3091 3005 3146 col.
3040 3090 3108 3146 57
3139 3101 3193 3146 et
3218 3092 3310 3159 58,
3354 3094 3438 3148 his
3467 3094 3689 3148 verbis:

431 3185 593 3239 Nilus
621 3183 987 3254 Dozapatrius
1017 3182 1439 3236 archimandrita
1472 3182 1537 3234 de
1575 3181 1816 3248 quinque
1846 3178 2302 3245 patriarchalibns
2334 3180 2575 3242 sedibus,
2616 3179 2771 3248 cujus
2804 3179 2928 3233 libri
2959 3190 3208 3246 excerpta
3252 3182 3404 3235 varia
3443 3182 3693 3236 describit

431 3273 536 3327 Leo
564 3271 797 3326 Allatius
828 3273 884 3324 in
914 3271 1049 3323 libro
1078 3270 1153 3323 De
1188 3283 1458 3323 consensu
1487 3268 1774 3335 utriusque
1807 3265 2040 3320 Ecclesia

2080 3308 2083 3326 ,
2119 3280 2276 3336 pagg.
2310 3265 2399 3327 15,
2433 3265 2557 3330 160,
2590 3266 2716 3331 165,
2751 3267 2872 3333 167,
2906 3267 3032 3334 175,
3070 3268 3195 3334 195,
3238 3269 3369 3334 215,
3403 3269 3529 3334 259,
3556 3270 3689 3336 255,

429 3361 557 3425 109,
592 3359 719 3425 522,
745 3358 870 3413 552.
912 3357 1055 3411 Vixit
1083 3359 1180 3410 sub
1213 3355 1437 3427 Rogerio
1466 3371 1585 3424 rege
1622 3356 1677 3408 in
1705 3353 1896 3409 Sicilia
1931 3370 2034 3407 ann

2113 3355 2270 3410 1145.
2310 3353 2498 3408 Editus
2538 3371 2703 3420 nuper
2730 3372 2764 3410 a
2796 3356 3065 3425 Stephano
3110 3356 3184 3412 Le
3216 3357 3400 3413 Moine
3442 3357 3599 3413 1685.
3632 3358 3694 3412 in

433 3452 671 3506 editione
697 3449 942 3503 omnium
976 3448 1033 3502 S.
1071 3448 1355 3502 Athanasii
1387 3446 1623 3516 Operam
1671 3444 1964 3499 Parisiensi
2001 3443 2159 3507 1698,
2210 3443 2352 3513 apud
2393 3443 2740 3506 Anissonios,
2774 3445 2915 3501 inter
2942 3444 3093 3501 Vitas
3118 3457 3175 3502 et
3204 3445 3389 3516 Elegia
3425 3446 3484 3501 S.
3514 3448 3691 3501 Atha-

435 3537 573 3591 nasii
607 3537 658 3591 in
689 3536 972 3591 Prteludiis
1018 3550 1142 3606 pag.
1174 3550 1359 3600 eum,
1399 3534 1506 3588 Τοῦ
1551 3533 1907 3603 Δοξαπάτρου
1948 3532 2039 3601 qui
2074 3548 2237 3587 manu
2273 3532 2518 3587 codicem
2564 3532 2918 3589 Basiliensem
2963 3532 3198 3605 Operam
3225 3535 3509 3590 Athanasii
3539 3535 3698 3605 cujus

438 3626 783 3682 meminimus
808 3625 1048 3694 scripsit,
1069 3624 1201 3688 ἔπος
1223 3625 1276 3679 in
1300 3623 1488 3677 Arium
1517 3622 1592 3676 De
1621 3621 1778 3676 laude
1800 3620 2082 3674 Athanasii
2108 3622 2159 3672 in
2187 3618 2373 3675 limine
2400 3619 2563 3690 hujus
2589 3621 2816 3689 codicis,
2841 3621 3048 3678 editum
3073 3638 3101 3675 a
3134 3621 3300 3678 Petro
3326 3622 3699 3678 Felckmanno

435 3715 623 3771 Graece
656 3713 795 3768 1600
827 3712 1222 3782 Heidelbergze,
1252 3721 1306 3766 et
1347 3714 1401 3766 in
1441 3711 1683 3767 editione
1713 3709 2010 3764 Parisiensi
2056 3706 2216 3763 1698.
2258 3707 2448 3762 Exstat
2488 3708 2654 3762 etiam
2699 3710 2753 3762 in
2792 3723 2895 3764 ms.
2949 3711 3139 3766 codice
3187 3708 3380 3767 Gneco
3428 3711 3700 3767 historico

440 3803 781 3859 bibliothecae
810 3801 1074 3857 Cmsarea:
1102 3800 1563 3862 Vindobonensis,
1609 3799 1731 3854 cod.
1779 3798 1869 3859 «17,
1921 3813 2072 3853 num.
2093 3796 2150 3856 2,
2184 3805 2243 3851 ut
2276 3797 2441 3851 habet
2479 3795 2671 3853 Petrus
2703 3795 3050 3859 Lambecius.
3088 3808 3219 3854 tom.
3257 3799 3373 3854 V111
3405 3798 3701 3854 Commen—

440 3892 699 3948 tariorum
765 3891 927 3960 hujus
986 3892 1356 3955 Bibliothecze,
1406 3905 1528 3959 pag.
1561 3886 1690 3953 457,
1723 3886 1806 3941 his
1849 3886 2069 3941 verbis:
2098 3884 2341 3940 Secundo
2381 3894 2435 3938 et
2476 3884 2698 3953 quidem
2753 3901 2781 3937 a
2832 3883 2926 3942 fol.
2967 3885 3091 3961 1,25,
3144 3902 3267 3958 pag.
3315 3888 3368 3954 1,
3413 3901 3585 3955 usque
3631 3885 3702 3942 ad

437 3980 534 4034 fol.
572 3980 698 4046 155,
731 3995 857 4051 pag.
898 3981 952 4043 1,
987 3978 1203 4033 Nicolai
1231 3978 1427 4032 notarii
1461 3975 1845 4045 patriarchalis
1874 3973 2087 4044 Magna?
2129 3971 2383 4026 Ecclesia:
2410 3971 3042 4053 ‘Qonstantinopolitanaz,
3087 3984 3136 4029 εἴ
3178 3976 3547 4044 protoproedri
3576 3991 3704 4043 syn-

438 4068 714 4130 cellorum,
742 4067 903 4121 simul
930 4068 1091 4120 etiam
1124 4065 1521 4136 nomOphylacis
1560 4063 1768 4132 imperii
1816 4060 2195 4126 Romanorum,
2228 4062 2533 4130 cognomine
2566 4061 2892 4130 Doxapatri,
2927 4061 3211 4132 Expositio
3246 4067 3300 4119 in
3351 4065 3412 4119 S.
3461 4064 3704 4133 Gregorii

443 4156 776 4211 Nazianzeni
815 4155 1149 4211 Tetrasticha
1180 4156 1429 4220 iambico,
1454 4166 1502 4207 et
1537 4154 1648 4206 alia
1684 4152 1797 4221 ejus
1841 4150 2101 4205 nonnulla
2151 4151 2412 4203 carmina.
2462 4149 2780 4205 lnscribitnr
2826 4167 2888 4206 ea
2940 4165 3100 4221 atque
3131 4156 3324 4224 incipit
3357 4154 3461 4208 hoc
3503 4155 3700 4208 modo:

439 4245 711 4298 Νικολάου
776 4245 879 4313 τῆς
920 4242 1554 4304 Κωνσταντινουπόλεως
1607 4240 1702 4295 τοῦ
1763 4239 1898 4293 Θεοῦ
1941 4238 2197 4318 Μεγάλης
2248 4237 2552 4306 ἐκκλησίας
2614 4239 3020 4311 πατριαρχικοῦ
3056 4242 3329 4313 νοταρίου,
3358 4243 3455 4296 καὶ
3485 4260 3702 4314 πρωτο-

444 4334 710 4405 προέδρου
776 4333 916 4393 Δόξα.
967 4334 1158 4403 πατρὶ,
1210 4333 1475 4402 ἐξήγησις
1519 4331 1628 4384 τῶν
1666 4329 2042 4400 τετΐραστίχων
2101 4327 2399 4396 ἱαμδικῶν,
2458 4328 2853 4398 παραινετικοῦ
2917 4332 2974 4384 ἐν
3034 4331 3214 4400 ἁγίοις
3271 4332 3489 4404 Πατρὸς
3542 4331 3704 4403 ἡμῶν

442 4422 750 4492 Γρηγορίου
770 4418 865 4473 τοῦ
889 4419 1179 4486 Θεολὸγου.
1206 4420 1280 4472 Τὸ
1302 4420 1635 4489 ἐπίγραμμα
1654 4417 1764 4472 τῶν
1796 4415 1995 4486 στίχων
2013 4431 2027 4445 ·
2055 4415 2361 4485 Γρηγορίου
2384 4417 2540 4479 πόνος
2571 4417 2708 4484 εἰμὶ,
2731 4418 3120 4489 τετραστιχίην
3156 4419 3213 4472 δὲ
3255 4420 3567 4490 φυλάσσων,
3594 4430 3705 4475 etc.

443 4510 562 4574 Quo
605 4508 759 4562 linito
802 4505 1077 4562 Procemio
1130 4506 1376 4576 sequitur
1434 4506 1651 4561 initium
1708 4504 1951 4573 ipsorum
2013 4501 2052 4555 T

2095 4504 2487 4557 [rustic/torum.
2544 4505 2748 4576 Γνώμη
2787 4511 2858 4559 α’.
2925 4507 3132 4577 Πρᾶξιν
3182 4509 3627 4579 προτιμήσειας,
3669 4508 3704 4578 ῆ

448 4593 708 4664 θεωρίαν,
755 4606 865 4649 etc.
896 4594 1179 4663 Expositio
1211 4605 1392 4650 autem
1426 4594 1710 4662 subjuncta
1739 4591 1927 4661 incipit
1963 4591 2048 4645 his

2099 4592 2258 4644 verbis
2288 4608 2300 4643 :
2331 4592 2531 4662 Διττῆς
2561 4591 2731 4665 οὔσης
2781 4594 2880 4665 τῆς
2914 4595 3149 4664 ἀληθοῦς
3182 4597 3527 4665 φιλοσοφίας,
3564 4600 3632 4668 ἢν
3678 4598 3708 4649 ὁ

447 4685 682 4755 Χριστὸς
740 4685 836 4738 καὶ
890 4686 940 4738 oi
984 4685 1273 4738 ἀπόστολοι
1308 4687 1439 4755 ἡμῖν
1489 4681 1944 4753 παραδεδώκασιν
1993 4681 2052 4732 ἐν
2106 4680 2484 4748 Εὐαγγελίοις,
2529 4682 2625 4734 καὶ
2678 4683 2800 4747 ταῖς
2834 4683 3049 4746 λοιπαῖς
3101 4684 3276 4755 ἱεραῖς
3334 4685 3543 4756 βίϐλοις
3595 4684 3709 4737 τῶν

451 4772 731 4843 Πράξεων,
757 4774 851 4826 καὶ
880 4772 989 4827 τῶν
1026 4773 1379 4837 Ἐπιστολῶν,
1416 4773 1639 4843 καὶτῆς
1674 4772 1773 4841 μὲν
1813 4771 2060 4839 πρακτικλ

2100 4784 2119 4831 ς
2153 4768 2338 4839 οὔσης,
2367 4770 2465 4838 τῆς
2485 4768 2543 4821 δὲ
2573 4769 2940 4841 θεωρητικῆς,
2974 4781 3078 4825 etc.
3114 4770 3272 4826 Plura
3302 4774 3368 4827 de
3404 4773 3486 4827 his
3521 4771 3709 4826 Tetra-

449 4859 628 4915 sticliis
667 4861 895 4929 aliisque
925 4862 984 4916 S.
1015 4861 1260 4932 Gregorii
1297 4851 1624 4915 Nazianzeni
1655 4859 2009 4921 carminibus,
2044 4860 2167 4915 vide
2197 4869 2346 4915 tomo
2382 4860 2444 4914 ll.
2474 4862 2708 4931 Operum
2735 4863 2911 4926 illius,
2939 4863 3168 4919 Parisiis
3200 4880 3228 4918 a
3278 4863 3567 4918 Frederico
3595 4862 3711 4917 Mo-

348 4950 352 4954 ‘
451 4947 590 5001 rello
626 4946 760 5001 1611
803 4948 992 5005 Greece
1022 4960 1075 5004 et
1110 4948 1303 5003 Latine
1335 4949 1551 5002 in—lolio
1592 4948 1909 5003 editorum:
1945 4957 1999 5002 et
2025 4948 2245 5015 quidem
2276 4950 2543 5020 imprimis
2587 4965 2713 5020 pag.
2755 4950 2883 5015 156,
2930 4952 3019 5006 ubi
3070 4954 3184 5021 ipsa
3241 4951 3327 5005 illa
3379 4951 3714 5006 Tetrasticlm

453 5045 693 5090 exstant.
729 5037 794 5089 Et
824 5038 1072 5091 columna
1113 5035 1274 5101 1405,
1328 5045 1494 5103 atque
1525 5036 1801 5104 deinceps,
1848 5036 1938 5089 ubi
1969 5034 2173 5091 Nicone
2213 5037 2575 5109 Dadybrensis
2609 5039 3036 5094 Commentarius
3069 5040 3123 5094 in
3162 5041 3342 5095 eadem
3377 5039 3713 5094 Tetrasticha

457 5125 646 5179 Latine
676 5125 983 5192 exhibetur,
1021 5141 1145 5180 cum
1177 5125 1398 5181 insertis
1425 5123 1615 5181 Jacobi
1646 5124 1784 5179 Billii
1829 5124 2068 5180 scholiis.
2101 5127 2206 5182 Sed
2245 5127 2312 5181 de
2358 5125 2565 5181 Nicolai
2617 5129 2774 5184 istius
2810 5129 3126 5195 Doxapatrii
3167 5129 3546 5197 Expositione,
3594 5143 3717 5195 quae

454 5212 508 5265 in
541 5213 791 5282 praesenti
828 5228 934 5269 ms.
972 5214 1163 5270 codice
1192 5214 1443 5270 Caesareo
1473 5222 1675 5280 exstat,
1712 5213 1857 5267 nulla
1891 5228 2114 5282 prorsus
2158 5214 2230 5267 ibt
2281 5217 2484 5269 mentio
2513 5215 2592 5281 lit,
2624 5217 2749 5286 quia
2776 5229 2833 5272 et
2859 5215 3015 5279 Billio
3063 5228 3118 5271 et
3155 5216 3388 5271 Morello
3438 5215 3713 5285 incognita

454 5298 576 5353 fuit.
607 5318 627 5351 ι
658 5298 967 5356 Bernardus
995 5302 1063 5357 de
1100 5300 1466 5366 Montfaucon,
1503 5302 1798 5357 monachus
1824 5299 2207 5357 Benedictinus
2234 5304 2672 5381 congregationis
2699 5303 2887 5359 Sancti
2924 5303 3096 5358 Mauri
3138 5304 3190 5357 in
3231 5304 3431 5369 Gallia,-
3471 5302 3717 5355 Diarium

462 5386 710 5441 Italicum
742 5404 886 5444 anno
917 5389 1055 5445 1⁸102
1094 5390 1320 5447 Parisiis
1350 5392 1492 5462 apud
1542 5390 1808 5446 Joannem
1838 5390 2075 5445 Anisson
2106 5391 2161 5445 in
2189 5390 2226 5444 4
2257 5392 2525 5447 edendum
2579 5394 2776 5463 sategit
2805 5433 2821 5457 ,
2884 5393 2936 5447 in
2977 5408 3086 5462 quo
3119 5393 3348 5462 plurima
3402 5392 3469 5446 ad
3522 5391 3719 5444 biblio-

459 5478 653 5532 thecas:
712 5477 880 5533 italiae
907 5479 1209 5548 spectantia
1240 5481 1608 5536 continentur.
1646 5480 1764 5535 Illic
1788 5492 1921 5548 ergo
1952 5480 2128 5550 capite
2182 5479 2250 5534 15
2291 5479 2536 5550 loquitur
2580 5481 2647 5536 de
2703 5481 3038 5535 monasterio
3067 5490 3124 5536 et
3161 5463 3491 5535 bibliotheca
3528 5491 3721 5530 mona~

461 5566 685 5618 chorum
722 5564 779 5619 S.
814 5566 998 5621 Basilii
1040 5566 1356 5623 Graecorum
1390 5568 1594 5624 Romae.
1629 5569 1782 5636 Quod
1813 5571 2036 5639 quidem
2071 5570 2383 5624 cmuobium
2434 5582 2783 5639 perparvom,
2816 5567 3129 5638 nulliusque
3179 5568 3414 5622 antehac
3455 5564 3720 5629 nominis,

458 5651 565 5719 jam
612 5654 793 5707 studio
835 5654 901 5708 Β.
943 5654 1118 5710 Patris
1150 5656 1299 5711 Petri
1334 5655 1605 5724 Mennitii,
1647 5658 1859 5713 ordinis
1888 5656 2366 5729 prmiecti,festiva
2397 5657 2552 5725 copia
2595 5656 2846 5711 codicum
2895 5655 3209 5712 Grtccorutn
3259 5663 3576 5711 exornatur.
3626 5651 3725 5706 |lle

460 5738 630 5802 enim,
658 5740 782 5807 quia
813 5740 865 5794 in
899 5742 1065 5797 variis
1092 5741 1194 5797 sibi
1227 5743 1499 5811 subjectis
1517 5746 1868 5801 monasteriis
1894 5744 2177 5811 Galabriae,
2219 5746 2439 5800 codices
2466 5746 2624 5811 istos,
2658 5745 2902 5799 obsoleto
2938 5758 3073 5813 pene
3121 5743 3309 5798 Graece
3354 5743 3410 5798 li.-
3432 5756 3551 5814 gnte
3580 5754 3709 5805 usu,

463 5823 640 5889 iacere
673 5825 906 5885 intactos
939 5830 1318 5900 neglectosque
1350 5841 1657 5901 acceperat,
1689 5833 1991 5890 imminenti
2030 5835 2142 5902 jam
2188 5834 2385 5891 exsilio
2416 5832 2703 5898 subduxit,
2751 5833 2916 5900 inque
2964 5832 3164 5889 Urbem
3205 5830 3401 5887 advehi
3452 5831 3504 5901 in
3557 5842 3717 5883 usum
