4074 6480
371 455 511 523 1083

1675 461 1842 524 NILI
1883 459 2360 523 DOXAPATRII

3513 459 3654 523 1084

366 574 436 630 ad
494 588 696 628 annum
739 572 898 639 1045,
947 583 1072 645 pag.
1139 571 1269 638 603,
1331 584 1495 636 quem
1546 571 1655 628 huc
1719 573 1996 638 transtuli,
2030 587 2222 627 errore
2268 581 2532 639 excepto;
2588 570 2918 626 Frctlericus
2965 567 3334 640 Spanhemius
3378 570 3430 625 in
3479 572 3654 628 Exer-

369 663 631 718 citatione
674 663 936 717 historico
976 661 1302 730 theologica,
1351 661 1429 716 De
1469 672 1723 732 perpetua
1769 663 1825 716 in
1868 661 2007 714 hunc
2048 662 2188 716 diem
2237 661 2570 716 dissensione
2618 659 2876 716 Ecclesia:
2925 654 3126 716 Graeca!
3175 669 3225 714 et
3272 660 3566 717 Orientalis
3618 678 3652 714 a

368 749 634 815 Romana,
686 759 840 820 parte
877 767 956 813 tl,
1001 766 1154 806 num.
1205 751 1300 804 2‘2.

380 948 760 962 m‘

383 949 2638 980 Μ

1022 1112 1652 1248 ΝΕΙΛΟΥ
1733 1107 2986 1250 ΔΟΞΑΠΑΤΡΙΟΥ

3313 953 3328 977 .'_
3357 951 3638 976 =3:

1927 1351 2128 1405 ΤΑΞΙΣ

816 1520 1120 1638 ΤΩΝ
1242 1523 2412 1641 ΠΑΤΡΙΑΡΧΙΚΩΝ
2529 1526 3203 1645 ΘΡΟΝΩΝ.

1155 1919 1552 2073 NILI
1661 1911 2866 2072 DOXAPATRII

1852 2181 2188 2246 NOTITIA

836 2375 1752 2493 THRONORUM
1902 2373 3230 2495 PATRIABCHALIUM.

1031 2597 1232 2663 (Steph.
1256 2598 1325 2650 Le
1369 2599 1556 2661 hicine,
1581 2597 1744 2649 Varla
1760 2609 1922 2659 sacra,
1951 2601 2074 2649 tom.
2108 2599 2147 2660 Ι,
2179 2612 2233 2662 p.
2257 2598 2369 2649 2H.
2393 2597 2554 2662 Lugd.
2583 2599 2759 2650 Batav.
2784 2599 2924 2650 1685.
2947 2599 3020 2664 4.)

383 2896 825 2955 Commentarios
845 2893 1208 2950 concinnatus
1234 2909 1263 2949 a
1287 2892 1410 2948 Nilo
1441 2893 1774 2963 Doxapatrio
1800 2892 1981 2949 archi-

2112 2891 2438 2963 Ξύγγραμμα
2472 2893 2767 2962 γενόμενον
2795 2893 2945 2963 παρὰ
2999 2891 3198 2946 Νείλου
3238 2891 3682 2965 ἀρχιμανδρίτου

458 2991 756 3053 mandrita.
807 2988 962 3058 jussu
1013 2987 1337 3043 nobilissimi
1373 2987 1555 3058 magni
1589 2987 1735 3058 regis
1761 2985 1981 3057 Bogerii

459 3085 525 3139 de
569 3085 814 3155 quinque
862 3081 1322 3153 patriarchalibus
1358 3081 1592 3143 thronis,
1642 3091 1698 3135 et
1728 3080 1833 3135 illis
1856 3080 1984 3136 sub-

453 3175 617 3245 jectis
702 3174 1301 3245 archiepiscOpatibus,
1367 3182 1426 3228 et
1489 3173 1980 3242 metropolitatibns

458 3275 516 3322 et
563 3267 659 3338 qui
724 3266 1237 3338 metropolitatibus
1285 3267 1632 3333 subduntur,
1689 3266 1983 3336 episcopis,

463 3371 518 3418 et
568 3361 898 3418 dioecesibus
926 3360 1354 3428 uniuscujusque
1383 3359 1529 3415 sedis
1579 3360 1983 3430 patriarchalis.

462 3451 530 3506 Et
551 3451 826 3520 quomodo
847 3462 903 3504 et
921 3451 1135 3520 quando
1174 3449 1520 3519 patriarchici
1543 3451 1724 3506 throni
1757 3451 1984 3506 instituti

465 3553 610 3608 sunt,
629 3552 683 3598 et
707 3541 777 3598 de
797 3557 981 3596 eorum
1015 3542 1225 3606 ordine,
1246 3552 1302 3599 et
1328 3543 1564 3613 propriis
1586 3543 1917 3609 nominibus,
1933 3551 1985 3599 et

465 3635 620 3707 cujus
654 3635 831 3690 locum
857 3641 1104 3704 teneant,
1132 3637 1491 3693 concinnatus
1530 3645 1614 3693 est
1637 3652 1780 3694 anno
1820 3636 1986 3706 6651,

471 3729 767 3784 indictione
785 3736 963 3784 sexta.

468 3904 738 3975 Perquam
795 3903 1160 3960 illustrissime
1201 3903 1424 3961 domine
1485 3905 1582 3972 mi,
1613 3903 1684 3960 de
1724 3919 1789 3961 eo
1846 3905 1988 3974 quod

399 3996 467 4054 ad
536 4011 622 4051 lue
680 3995 950 4066 scripsisti
1011 4009 1333 4065 argumento
1396 3999 1652 4051 recordor
1715 4012 1822 4061 me,
1863 4013 1988 4051 cum

400 4089 453 4141 in
507 4099 692 4143 castro
738 4086 1011 4142 Punormo
1066 4103 1245 4142 essem
1278 4129 1291 4149 ,
1321 4090 1387 4142 ad
1438 4098 1582 4142 tuam
1636 4090 1993 4156 quiaestionem

401 4179 773 4248 rescripsisse,
797 4195 902 4233 non
937 4180 1007 4233 ita
1042 4190 1222 4233 tamen
1249 4178 1390 4242 fuse,
1427 4190 1484 4234 ut
1516 4195 1660 4233 nunc
1685 4181 1990 4247 postulasti.

2156 2984 2250 3038 τοῦ
2292 2985 2672 3055 Δοξαπατρίου
2733 2986 2879 3038 κατὰ
2927 2984 3178 3038 κέλευσιν
3219 2985 3313 3038 τοῦ
3351 2986 3682 3054 εὐγενεστά-

2157 3091 2250 3128 του
2291 3074 2532 3145 μεγάλου
2554 3075 2722 3144 ρηγδς
2766 3074 3052 3145 Ῥογερίου
3085 3076 3350 3144 περὶτῶν
3376 3076 3538 3129 πέντε
3569 3091 3683 3130 πα-

2158 3168 2495 3238 τριαρχικῶν
2521 3167 2748 3238 θρόνων,
2792 3169 2886 3222 καὶ
2912 3168 3021 3221 τῶν
3063 3168 3160 3221 ὑπ’
3197 3169 3398 3232 αὐτοὺς
3429 3169 3685 3240 ἀρχιεπι-

2160 3259 2401 3324 σκοπῶν,
2432 3260 2528 3312 καὶ
2563 3260 2977 3331 μητροπόλεων,
3018 3261 3114 3313 xai.
3162 3259 3272 3312 τῶν
3305 3261 3410 3314 ὑπὸ
3443 3263 3540 3324 τὰς
3577 3279 3688 3332 μη-

2157 3352 2444 3422 τροπόλεις
2469 3351 2808 3416 ἐπισκοπῶν,
2826 3354 2920 3406 καὶ
2937 3352 3046 3406 τῶν
3065 3353 3294 3423 ἐνορίων
3313 3355 3549 3408 ἑκάστου
3573 3371 3686 3405 πα-

2162 3445 2480 3518 τριαρχικοῦ
2535 3445 2756 3514 θρόνου,
2816 3445 2914 3498 καὶ
2982 3445 3098 3508 πῶς
3158 3447 3252 3499 καὶ
3283 3446 3414 3498 πότι
3448 3445 3683 3515 συνέστη

2162 3538 2394 3602 ἕκαστος
2453 3537 2862 3609 πατριαρχικὸς
2920 3537 3134 3608 Θρόνος,
3171 3539 3266 3592 καὶ
3297 3539 3552 3609 περὶτῆς
3580 3537 3688 3591 τά·

2163 3629 2299 3696 ξεως
2324 3631 2528 3695 αὐτῶν,
2562 3631 2658 3684 καὶ
2694 3629 2805 3682 τῶν
2869 3629 3057 3684 ἰδικῶν
3105 3631 3340 3684 ἑκάστου
3375 3632 3683 3698 ὀνομάτων,

2161 3724 2252 3775 καὶ
2275 3720 2376 3774 ποῦ
2401 3721 2557 3789 λόγον
2582 3720 2862 3791 ἐπέχουσι.
2890 3721 3214 3792 Συνεγράφη
3243 3723 3300 3775 δὲ
3329 3721 3460 3786 ἔτει,
3483 3719 3684 3794 ιςχνσί,

2169 3813 2508 3876 ίνδικτιῶνος
2544 3809 2624 3878 gl.

2163 3911 2578 3976 Πανευγέστατε
2615 3907 2861 3962 Αὒθεντα
2896 3925 3020 3976 μου,
3043 3909 3179 3979 περὶ⁴
3206 3924 3273 3980 ης
3303 3926 3396 3979 μοι
3426 3908 3683 3978 ἔγραψας

2095 4001 2407 4064 ὑποθέσεως
2461 4001 2776 4072 μέμνημαι,
2800 4003 2883 4055 ὅτι
2921 4003 2978 4054 ἐν
3013 4002 3091 4071 τῷ
3128 4004 3435 4071 καστελ).ίῳ
3469 4002 3688 4074 Πανόρ-

2099 4109 2184 4162 μῳ
2208 4091 2303 4156 ὢν.
2340 4091 2559 4161 ἔγραψα
2620 4091 2756 4162 πρὸς
2788 4090 2889 4163 τὴν
2927 4092 3028 4161 σὴν
3056 4091 3366 4160 ἀντίληψιν,
3398 4090 3536 4161 πλὴν
3572 4091 3696 4160 οὐχ..

2097 4181 2240 4236 οὕτω
2290 4182 2653 4250 πλατύτερον,
2684 4179 2760 4244 ὡς
2810 4180 2906 4234 νῦν
2946 4179 3261 4253 ἠρώτησας.
3291 4181 3406 4234 Νῦν
3433 4180 3487 4232 δὲ
3519 4179 3697 4234 πολλά

401 4267 556 4324 Nunc
616 4285 744 4324 vero
775 4286 894 4338 quas
951 4286 980 4324 a
1045 4282 1096 4325 te
1150 4282 1446 4341 poscuntur
1489 4287 1517 4324 a
1550 4272 1806 4341 pleraque
1845 4283 1994 4340 sunt,

2112 4279 2209 4328 εἱσι
2233 4275 2299 4328 τὰ
2327 4248 2677 4342 ἐρωτηθέντα
2723 4273 2820 4326 καὶ⁵
2866 4248 3024 4343 χρεία
3081 4248 3416 4344 λεπτοτέρας
3449 4272 3696 4344 γραφῆς,

405 4362 756 4431 imligentque
808 4361 1104 4430 scriptione
1168 4363 1444 4417 exactiore
1525 4374 1579 4417 et
1657 4367 1994 4420 narratione.

413 4452 708 4520 Pmpterca
774 4455 920 4508 omni
982 4454 1169 4509 labore
1209 4455 1454 4524 neglecto
1493 4457 1618 4526 (hoc
1648 4459 1789 4513 enim
1816 4475 1881 4515 ex
1905 4460 2000 4514 de-

406 4546 521 4600 bito
574 4547 716 4616 quod
763 4547 1001 4617 eliugere
1052 4562 1211 4603 nemo
1245 4549 1402 4616 valet,
1451 4549 1543 4604 tibi
1600 4552 1845 4610 debetur.
1885 4563 2000 4607 toto

407 4652 629 4709 pectore
689 4656 751 4694 ac
813 4643 996 4695 animo
1058 4641 1296 4712 explere,
1355 4643 1618 4712 quidquid
1663 4660 1691 4698 a
1727 4655 1816 4698 tua
1861 4661 2000 4714 ιιι-ιε-

407 4731 626 4786 excelsa
687 4733 982 4788 eminentia
1033 4735 1166 4788 mibi
1207 4735 1522 4804 imponitur,
1575 4748 1627 4791 et
1657 4737 1998 4806 potissimum

409 4839 532 4878 cum
605 4825 777 4880 sancti
810 4824 986 4881 Patris
1043 4827 1149 4882 mei
1179 4827 1466 4896 imperium
1495 4829 1737 4899 accedat)
1761 4834 2002 4885 conabor

413 4917 653 4972 breviter
696 4916 772 4971 uti
831 4925 1041 4987 potero,
1075 4919 1371 4988 scriptione
1417 4921 1598 4989 plana,
1623 4930 1786 4990 atque
1814 4930 2002 4991 aperta

411 5010 705 5065 conmissa
770 5011 900 5065 mihi
932 5012 1113 5066 omnia
1173 5013 1541 5084 complanare.
1578 5011 1712 5069 Tale
1767 5029 1897 5070 vero
1931 5013 2004 5069 sit

414 5102 737 5173 principium

483 5193 773 5249 Veteribus
799 5191 1078 5250 historicis
1110 5205 1164 5251 et
1195 5195 1522 5268 geographis
1581 5195 2004 5267 sapientioribus

413 5286 470 5341 in
524 5296 633 5342 tres
683 5298 866 5357 partes
914 5288 1204 5366 universus
1234 5289 1381 5345 orbis
1411 5289 1616 5346 divisus
1643 5300 1725 5347 est
1745 5329 1760 5355 ,
1792 5291 2005 5359 Asiam,

414 5379 693 5436 Orientem
720 5397 933 5449 nempe,
965 5380 1261 5454 Europam,
1292 5384 1645 5446 Occidentem
1676 5389 1916 5454 scilicet,
1953 5398 2009 5444 et

417 5473 471 5528 in
531 5473 780 5547 Libyam.
842 5475 1026 5544 Quare
1083 5486 1265 5532 autem
1302 5495 1642 5552 unaquaeque
1670 5498 1796 5553 pars
1822 5483 1874 5538 id
1903 5482 2006 5538 sibi

422 5583 618 5622 nomen
675 5569 954 5634 asciverit,
984 5585 1090 5626 non
1121 5579 1201 5626 est
1239 5573 1526 5641 przesentis
1569 5575 1766 5644 negetii
1803 5575 2005 5630 dicere.

416 5659 495 5714 Ex
524 5670 763 5728 quatuor
817 5662 1002 5730 itaque
1057 5663 1366 5734 ingentibus
1405 5665 1610 5736 regnis,
1657 5681 1774 5734 quae
1799 5681 2008 5736 praeva-

417 5753 678 5808 ticinatus
704 5754 878 5809 fuerat
901 5755 1087 5811 Daniel
1109 5756 1370 5826 prOpheta
1406 5756 1514 5812 duo
1544 5757 1598 5812 in
1624 5757 1750 5813 Asia
1778 5757 2016 5816 inerunt.

428 5844 671 5900 Primum
699 5847 1118 5918 Babyloniorum
1142 5859 1197 5904 et.
1222 5849 1597 5920 Assyriorum,
1632 5859 1688 5906 et
1712 5850 2014 5918 Medorum,

430 5940 652 6003 etquod
682 5948 800 6005 post
831 5940 931 5996 hoc
965 5940 1213 5999 ultimum
1237 5952 1412 5998 ortum
1442 5944 1650 6013 habuit,
1686 5946 2014 6002 Persarum:

2101 4369 2194 4422 καὶ
2221 4368 2555 4437 διηγήσεως.
2599 4365 2697 4419 Διὰ
2736 4365 2898 4419 τοῦτο
2948 4367 3044 4418 καὶ
3073 4365 3278 4428 παντὸς
3323 4365 3490 4417 πόνου
3525 4379 3696 4417 κατα-

2102 4461 2380 4530 φρονήσας
2413 4457 2592 4532 (τοῦτο
2626 4459 2733 4530 γὰρ
2786 4460 2850 4510 ἐκ
2882 4459 3078 4530 χρέους
3125 4459 3275 4511 ἐστὶν
3315 4457 3698 4527 ἀπαραιτήτου

2101 4552 2479 4622 ὀφειλόμενον,
2530 4550 2590 4604 τὸ
2645 4549 2928 4620 ὁλοψῦχως
2985 4549 3303 4620 ἐκπληροῦν
3327 4548 3386 4602 τὸ
3413 4548 3568 4619 παρὰ
3597 4548 3702 4617 τῆς

2104 4645 2205 4715 σῆς
2268 4643 2722 4715 μεγαλυπερὸχου
2775 4643 3054 4714 ὑπεροχῆς
3117 4643 3547 4710 ἐπιταττόμενὸν
3581 4658 3699 4710 μοι,

2106 4738 2258 4809 μετὰ,
2282 4739 2374 4790 καὶ
2409 4736 2727 4809 προτροπῆς
2743 4736 2837 4789 τοῦ
2867 4735 3025 4804 ἁγίου
3061 4753 3162 4805 μου
3199 4734 3464 4805 Πατρὸς),
3500 4734 3703 4802 πειρά-

2106 4848 2272 4902 σομαι
2313 4831 2402 4885 διὰ
2433 4830 2687 4902 βραχέων
2723 4831 2850 4883 ὅσον
2885 4829 2948 4882 τὸ
2975 4827 3120 4882 κατὰ
3148 4828 3380 4898 δύναμιν
3412 4826 3504 4881 διὰ
3559 4843 3704 4896 γρα-

2105 4927 2212 4998 φῆς
2247 4924 2452 4996 σαφοῦς
2508 4925 2868 4994 παραστῆσαι
2939 4922 3123 4977 πάντα
3181 4920 3249 4975 τὰ
3286 4918 3703 4990 ἐπιτεταγμένα

2111 5037 2224 5074 ttat.
2266 5017 2531 5090 Ἀρκτέον
2566 5016 2625 5070 δέ
2669 5014 2833 5070 οὕτω.

2181 5196 2344 5268 Παρὰ
2369 5195 2486 5260 τοῖς
2517 5193 2767 5258 παλαιοῖς
2796 5194 2980 5263 σοφοῖς
3007 5193 3304 5264 ἱστορικοῖς
3337 5209 3396 5246 τε
3436 5193 3530 5246 καὶ
3561 5209 3707 5262 γεω-

2109 5289 2344 5360 γράφοις
2381 5290 2462 5352 είς
2494 5287 2623 5359 τρία
2668 5287 2814 5359 μέρη
2845 5285 3200 5358 ἡοίκουμένη
3239 5286 3391 5339 πᾶσα
3419 5285 3705 5357 διῄρηται,

2111 5382 2192 5446 εἰς
2234 5381 2443 5449 Ἀσίαν,
2482 5381 2584 5451 τὴν
2637 5379 2933 5448 Ἀνατολὴν
2990 5377 3218 5449 δηλαδὴ,
3281 5379 3361 5442 εἰς
3402 5379 3708 5448 Εὐρώπην,

2113 5476 2212 5549 τὴν
2245 5473 2410 5529 Δύσιν
2448 5473 2720 5545 δηλονότι,
2756 5472 2852 5526 καὶ
2883 5471 2964 5534 εἰς
2993 5471 3092 5542 τὴν
3145 5471 3374 5540 Λιϐύην.
3410 5468 3490 5522 Δι’
3516 5470 3582 5540 ἦν
3615 5472 3711 5524 αἰ-

2117 5571 2240 5625 τίαν
2263 5567 2437 5632 οὖτως
2465 5565 2764 5638 ὠνομάσθη
2778 5565 3014 5620 ἕκαστον
3057 5565 3248 5636 μέρος,
3280 5565 3340 5618 οὐ
3373 5563 3467 5618 τοῦ
3499 5564 3712 5636 παρόν-

2118 5681 2211 5727 τος
2236 5662 2420 5732 λέγειν
2477 5661 2701 5731 καιροῦ.
2742 5659 2809 5713 Al
2860 5655 2955 5713 οῦν
2985 5658 3255 5728 τέσσαρες
3290 5657 3527 5729 μεγάλαι
3553 5657 3712 5726 βασι-

2119 5757 2284 5820 λεῖαι,
2312 5755 2380 5818 ἃς
2414 5753 2718 5826 προείρηκε
2777 5754 3069 5824 προφήτης
3095 5749 3318 5820 Δανιὴλ,
3356 5749 3412 5801 αἱ
3464 5749 3565 5820 μὲν
3613 5747 3713 5802 δύο

2117 5849 2418 5919 γεγόνασιν
2452 5849 2510 5901 ἐν
2566 5849 2634 5918 τῇ
2682 5846 2861 5917 Ἀσίᾳ,
2920 5846 2954 5912 ἡ
3016 5845 3212 5916 πρώτη
3270 5841 3538 5917 δηλαδὴ-1]
3597 5839 3713 5894 τῶν

2121 5940 2485 5998 Βαϐυλωνίων
2539 5939 2634 5995 καὶ
2674 5937 2980 6009 Ἀσσυρίων
3010 5939 3103 5993 καὶ
3135 5934 3359 6007 Μήδων,
3400 5935 3553 6005 καὶὴ
3589 5934 3714 6005 μετ’
