4074 6402
221 457 358 523 1οἓ5

1306 441 1626 507 ΝΟΤίΤίΑ
1668 432 2421 499 ΡΑΤΠῘΑΒΟΗᾹΤΠΗΜ.

3366 407 3508 474 1036

218 567 390 640 αὐτὴν
420 565 478 624 δὲ
511 563 715 634 ὑστέρα
769 560 935 632 ἡτῶν
965 557 1221 630 Περσῶν.
1253 557 1318 612 Ai
1359 555 1414 610 δὲ
1437 553 1598 609 ἄλλαι
1629 551 1722 604 δύο
1748 552 1807 602 ἐν
1840 553 1856 603 Λ

1960 546 2120 614 :liqua
2157 545 2264 597 duo
2295 543 2347 595 in
2386 539 2622 608 Europa,
2652 533 2870 590 tertium
2892 527 3085 586 ordine
3125 524 3508 582 Macedonum,

217 665 286 730 τῇ
317 659 640 730 Εὑρὼπῃ,ή
673 655 856 726 τρίτη,
891 652 1097 723 δηλαδὴ
1130 653 1164 721 ἡ
1191 651 1301 704 τῶν
1336 647 1693 710 Μακεδόνων,
1721 644 1817 698 καὶ

222 756 258 821 ἡ
297 754 535 824 τετάρτη
601 751 694 803 καὶ
754 747 1065 810 τελευταία,
1128 745 1332 815 μείζων
1383 742 1607 796 πάντων
1643 739 1817 808 ἡτῶν

233 845 549 914 Ῥωμαίων.
609 841 872 910 Γεγόνασι
920 838 976 896 δὲ
1034 837 1128 895 καὶ
1193 838 1252 890 ἐν
1281 833 1569 902 διαφόροις
1605 830 1818 901 χώραις

226 937 484 1007 μέγισται
522 933 818 1004 βασιλεῖαι,
850 931 943 983 καὶ
971 927 1270 998 τοπαρχίαι
1327 924 1578 995 μερικαὶ,
1629 922 1707 984 ὡς
1762 920 1821 973 ἐν

221 1029 488 1098 Αἰγύπτῳ
529 1027 624 1081 καὶ
671 1027 730 1078 ἐν
771 1022 1195 1093 Ἰεροσολύμοις.
1235 1019 1334 1074 καὶ
1398 1020 1457 1070 ἐν
1505 1016 1685 1076 ἄλλοις
1707 1012 1820 1068 τισὶ

225 1124 442 1184 τόποις.
482 1120 636 1174 Ἐπεὶ
661 1118 865 1178 τοίνυν,
887 1116 979 1169 τοῦ
1011 1115 1220 1184 Κυρίου
1245 1113 1339 1167 καὶ
1371 1111 1629 1183 Σωτῆρος
1663 1107 1824 1178 ἡμῶν

241 1217 424 1287 Ἰησοῦ
463 1215 705 1286 Χριστοῦ
755 1212 1110 1281 γεννηθέντος
1156 1212 1214 1262 ὲν
1265 1208 1342 1279 τῷ
1389 1203 1824 1274 τεσσαρακοστῷ

229 1312 472 1380 δευτέρῳ
511 1309 625 1361 ἔτει
657 1307 757 1375 τῆς
785 1301 1402 1376 βασιλείαςΛύγούστου
1427 1301 1709 1371 Καίσαρος
1729 1298 1824 1352 τοῦ

232 1403 460 1475 πρώτου
494 1403 942 1472 μοναρχήσαντος
997 1399 1055 1450 ἐν
1104 1395 1320 1467 Ῥώμῃ,
1354 1395 1451 1448 καὶ
1483 1396 1663 1448 πᾶσαν
1693 1393 1830 1446 ἀπο-

231 1493 595 1566 γραψαμένου
616 1492 716 1562 τὴν
740 1490 1088 1560 οἰκουμένην,
1112 1489 1208 1541 καὶ
1235 1485 1486 1556 μετά.τὴν
1511 1484 1606 1538 τοῦ
1621 1481 1828 1554 Κυρίου

230 1593 317 1652 εἰς
349 1587 613 1656 οὐρανοὺς
641 1583 907 1653 ἀνάληψιν
937 1584 987 1636 οἱ
1049 1585 1350 1650 σοφώτατοι
1375 1578 1664 1633 ἀπόστολοι
1682 1577 1832 1631 ἄπα-

233 1700 342 1738 σαν
367 1681 743 1751 περιέδραμον
782 1678 883 1746 τὴν
913 1676 1270 1746 οἰκουμένην,
1323 1674 1422 1728 καλ⁸
1476 1672 1576 1743 τὴν
1627 1669 1831 1740 εὐσεϐῆ

233 1775 338 1829 καὶ
358 1773 623 1844 ἀληθινὴν
649 1773 834 1824 πίστιν
875 1770 956 1832 εἰς
1004 1767 1213 1838 ταύτην
1275 1765 1553 1838 ἐκήρυξαν
1583 1782 1596 1798 ·
1628 1765 1736 1819 ἔδει
1777 1763 1836 1817 δὲ

233 1869 462 1928 πάντως
494 1864 568 1935 μὴ
603 1864 768 1934 μέχρι
792 1863 892 1932 τῆς
924 1862 1104 1915 αὐτῶν
1135 1860 1322 1932 βιοτῆς
1351 1858 1418 1914 τὰ
1445 1858 1549 1924 τῆς
1587 1856 1831 1918 πίστεως

235 1955 688 2028 περιορισθῆναι,
720 1954 858 2008 ἀλλά
893 1956 1060 2023 μέχρι
1099 1949 1418 2014 συντελείας
1453 1950 1663 2022 χρόνων
1695 1947 1834 2002 αἰῶ-

237 2068 334 2112 νος
369 2049 580 2117 ταύτην
639 2045 942 2115 άκλόνητον
996 2045 1298 2113 διαμεῖναι,
1330 2043 1426 2095 καὶ
1495 2039 1837 2112 συντηρῆσαι

239 2140 402 2209 παρά
432 2147 542 2193 τῶν
567 2140 697 2202 τοὺς
727 2137 956 2192 ἐκείνων
1008 2134 1417 2206 διαδεξαμένων
1447 2133 1672 2206 θρόνους
1698 2149 1712 2165 ·
1749 2131 1840 2186 διὰ

238 2233 408 2287 τοῦτο
432 2233 532 2295 τὰς
572 2231 760 2302 χώρας
824 2230 1248 2301 περιερχόμενοι
1295 2228 1634 2290 ἐπισκόπους
1684 2225 1841 2280 καθί-

244 2342 394 2378 στων
445 2327 504 2377 ἐν
537 2323 765 2387 ταύταις
820 2323 1022 2393 ἄνδρας
1055 2322 1278 2385 ἱκανοὺς
1311 2321 1406 2375 καὶ
1453 2323 1707 2384 πιστοὺς,
1744 2317 1844 2372 καὶ

245 2419 608 2485 ἀξιοπίστους
638 2418 731 2470 ἐπὶ
756 2419 941 2470 πᾶσαν
995 2416 1278 2486 Θεοπρεπῆ
1310 2413 1617 2467 πολιτείαν.
1648 2411 1844 2466 Τοίνυν

245 2516 350 2567 καὶ
397 2515 426 2566 6
458 2513 633 2582 μέγας
684 2510 986 2574 ἀπόστολος
1038 2511 1268 2580 Πέτρος,
1350 2506 1458 2578 πρὸ
1517 2508 1628 2560 τῶν
1671 2506 1846 2559 ἄλλων

245 2607 488 2662 ἐθνικῶν
517 2607 727 2660 πόλεων
760 2604 994 2676 πρώτων
1037 2602 1456 2657 πιστευσάντων
1486 2601 1595 2654 τῶν
1623 2603 1680 2653 ὲν
1722 2601 1847 2653 Ἀν-

246 2702 470 2774 τιοχείᾳ
526 2705 591 2772 τῇ
641 2701 744 2770 τῆς
794 2700 997 2772 Κοίλης
1025 2698 1226 2768 Συρίας
1253 2696 1481 2767 δηλαδὴ,
1513 2696 1760 2766 προῆρχε
1789 2693 1846 2746 δὲ

250 2795 400 2866 αὕτη
434 2795 626 2849 πασῶν
656 2795 764 2848 τῶν
789 2796 846 2847 ὲν
881 2798 945 2865 τῇ
991 2793 1150 2863 Ἀσίᾳ
1199 2792 1296 2846 καὶ
1329 2790 1589 2860 Ἀνατολῇ
1615 2789 1848 2854 πόλεων,

263 2888 608 2960 Ἐκκλησίαν
651 2887 990 2957 πηξάμενος,
1041 2884 1292 2940 καὶ’ἁντ’
1325 2881 1495 2938 αὑτοῦ
1546 2881 1853 2935 ἐπίσκοπον

255 2984 324 3037 ὲν
355 2981 496 3051 αὐτῇ
554 2980 645 3034 τὸν
694 2979 891 3034 Εὔοδον
929 2980 1323 3050 χειροτονήσας
1375 2975 1732 3046 ἀπεδήμησεν
1771 2974 1854 3036 εἰς

267 3073 496 3146 Ῥώμην
524 3074 624 3146 τὴν
669 3072 917 3144 βασιλίδα
955 3073 1079 3126 τότε
1117 3072 1310 3125 πασῶν
1344 3069 1455 3124 τῶν
1487 3069 1724 3133 πόλεων,
1751 3067 1854 3138 τὴν

256 3167 700 3239 προκαθημένην
757 3165 946 3219 πασῶν
1004 3165 1114 3218 τῶν
1171 3167 1270 3234 τῆς
1312 3161 1583 3232 Εὐρώπης
1623 3159 1856 3226 πόλεων,

1921 644 2172 708 quartum
2206 643 2261 689 et
2311 634 2558 687 ultimum
2587 640 2645 686 et
2684 625 2928 684 omnium
2958 637 3122 692 quam
3165 619 3404 674 maxime
3431 615 3516 670 in-

1921 745 2057 798 gens
2117 729 2508 781 Ronmnorum.
2541 723 2717 778 Fuere
2743 721 2905 773 etiam
2942 716 2996 770 in
3037 713 3158 769 aliis
3200 708 3518 782 regionibus

1923 821 2160 875 maxima
2215 833 2382 890 regna
2434 825 2489 871 et
2539 809 2890 884 particularia
2947 803 3186 862 dominia
3226 799 3396 855 veluti
3458 799 3514 851 in

1923 914 2176 986 Egypto,
2212 907 2620 981 Hierosolymis,
2662 914 2714 960 et
2771 903 2892 957 aliis
2917 900 3051 956 locis
3081 916 3097 952 :
3125 902 3427 951 verumtam
3447 905 3515 944 en

1926 1005 2156 1059 Domino
2211 1012 2265 1057 et
2296 1002 2584 1056 Salvatore
2607 1007 2794 1052 nostro
2813 993 2942 1049 Jesu
2967 991 3183 1046 Christo
3229 996 3356 1040 nato
3375 996 3522 1038 anno

1927 1096 2348 1168 quadragesimo
2407 1091 2649 1148 secundo
2696 1087 2908 1159 imperii
2974 1079 3205 1152 Augusti
3260 1077 3521 1136 Caesaris,

1929 1192 2020 1260 qui
2050 1193 2256 1259 primus
2283 1187 2526 1242 omnium
2565 1193 2619 1238 et
2647 1180 2794 1237 solus
2825 1177 3110 1233 arbitrium
3146 1172 3296 1226 orbis
3335 1169 3527 1222 Roma:

1929 1281 2124 1345 tenuit,
2156 1289 2210 1334 et
2246 1279 2555 1332 universum
2601 1281 2868 1326 terrarum
2903 1259 3440 1331 orbemjtmscripsit,
3473 1265 3530 1311 et

1931 1385 2051 1446 post
2081 1373 2226 1428 illius
2283 1369 2666 1425 ascensionem
2719 1365 2773 1418 in
2811 1361 3000 1423 caelos,
3027 1371 3150 1412 cum
3171 1352 3400 1425 apostoli
3437 1367 3531 1406 sa-

1932 1464 2259 1538 pientissimi
2285 1472 2458 1518 totum
2489 1461 2678 1514 orbem
2709 1460 3116 1527 peragrassent,
3148 1462 3335 1502 veram
3358 1447 3535 1516 piam-

1933 1575 2039 1632 que
2094 1559 2255 1615 tidem
2312 1572 2411 1627 per
2463 1570 2588 1609 eum
2645 1551 3039 1622 divulgarunt;
3074 1558 3198 1600 cum
3232 1553 3362 1596 vero
3389 1545 3537 1593 esset

1937 1669 2163 1712 necesse
2209 1666 2400 1708 eorum
2434 1650 2559 1704 vitze
2609 1645 2842 1702 termino
2873 1655 2962 1698 res
2999 1637 3124 1694 ﬁdei
3157 1651 3262 1691 non
3294 1633 3538 1687 circum-

1937 1745 2122 1812 scribi,
2153 1743 2251 1799 sed
2315 1742 2382 1796 ad
2417 1736 2950 1795 consummationem
2985 1742 3158 1800 usque
3202 1723 3386 1781 saeculi
3417 1736 3539 1778 eam

1941 1838 2320 1893 inconcussam
2347 1842 2667 1903 permanere
2693 1833 2748 1881 et
2774 1823 2855 1886 sic
2889 1815 3204 1877 conservari
3232 1814 3302 1868 ab
3348 1823 3542 1867 eorum

1941 1902 2370 1989 successoribus,
2403 1929 2687 1992 propterea
2721 1915 2887 1971 urbes
2918 1911 3346 1968 circumeuntes,
3419 1902 3546 1972 epi-

1942 2039 2139 2096 scopos
2172 2023 2226 2077 in
2259 2019 2365 2075 illis
2393 2017 2673 2080 creabant,
2699 2012 2851 2066 viros
2880 2005 3210 2064 suﬂicientes
3241 2011 3296 2057 et
3327 1998 3538 2062 ﬁdeles,

1943 2129 2000 2176 et
2028 2133 2166 2189 quos
2218 2116 2343 2170 vitae
2372 2111 2681 2169 institutum
2711 2104 2954 2162 divinum
2993 2097 3220 2167 reliquis
3254 2105 3541 2149 commcn-

1945 2181 2169 2268 dabant.
2230 2207 2579 2276 Quapropter
2631 2208 2686 2255 et
2754 2208 2986 2267 magnus
3035 2187 3315 2262 apostolus
3347 2181 3548 2238 Petrus

1947 2321 2093 2372 cum,
2153 2313 2281 2357 ante
2332 2299 2469 2354 alios
2531 2292 2784 2367 gentiles,
2844 2285 3028 2358 primi,
3073 2283 3164 2354 qui
3203 2277 3550 2334 Antiochiam

1949 2371 2208 2453 tenebant
2239 2407 2358 2462 qua:
2378 2391 2432 2445 in
2456 2384 2799 2457 Coele-Syria
2830 2389 2937 2446 est,
2983 2374 3368 2437 credidissent,
3393 2371 3554 2440 (pra:-

1950 2489 2180 2546 cellebat
2222 2461 2367 2543 enim
2418 2483 2509 2538 illa
2564 2478 2790 2550 reliquis
2842 2471 3063 2530 Asianis
3083 2478 3138 2524 et
3165 2461 3546 2523 Orientalibus

1952 2581 2206 2650 urbibus)
2267 2579 2320 2632 in
2382 2591 2448 2632 ea
2499 2572 2797 2628 Eccicsiam
2835 2566 3091 2626 t‘undans,
3122 2569 3177 2616 et
3226 2559 3350 2614 loco
3381 2554 3465 2611 sui
3495 2553 3552 2608 in

1953 2679 2070 2748 ipsa
2131 2672 2316 2727 Evodo
2365 2670 2418 2724 in
2478 2655 2850 2736 episcopatum
2904 2664 3175 2727 promoto,
3224 2652 3455 2707 Romam
3489 2660 3556 2701 eo

1957 2780 2200 2839 tempore
2254 2765 2587 2833 reliquarum
2611 2758 2828 2813 urbium
2879 2752 3180 2826 principem
3211 2755 3266 2802 et
3289 2759 3400 2813 prae
3433 2740 3559 2796 aliis

1957 2834 2190 2931 Europa:
2241 2856 2470 2912 urbibus
2529 2851 2918 2920 conspicuam,
2966 2839 3340 2916 progreditur,
3375 2834 3562 2903 ibique

1960 2960 2264 3016 Ecclesiam
2309 2954 2550 3024 erigens,
2599 2949 2798 3004 Linum
2864 2942 3175 3014 episcopum
3248 2931 3556 2992 constituit.

1963 3053 2068 3108 Alii
2117 3056 2366 3114 narrant,
2422 3044 2619 3098 ibidem
2666 3039 2864 3096 Linum
2901 3034 3203 3093 invenisse,
3239 3038 3402 3082 antea
3429 3039 3458 3077 a
3492 3022 3562 3077 Ι).

1961 3143 2133 3201 Paulo
2181 3143 2233 3196 in
2267 3140 2581 3210 episcopum
2617 3139 2948 3204 promotum,
2987 3137 3221 3194 eumque
3253 3117 3563 3188 excepisse,

257 3214 435 3315 κάκεῖ
479 3214 813 3330 ’ἐκκλησίαν
848 3258 1188 3330 πηξάμενος,
1215 3214 1606 3311 καὶπδνΛῖνόν
1636 3214 1695 3308 εν
1719 3214 1856 3324 αὐτῇ

1969 3252 2089 3315 post
2110 3248 2340 3295 mortem
2369 3231 2732 3304 LiniXystnm
2763 3228 2817 3282 in
2851 3224 3169 3294 episcOpum
3196 3214 3561 3290 promovisse,

2485 3325 2532 3330 __
2880 3319 2937 3330 η
2975 3317 2991 3330 ,
3249 3325 3314 3330 ῃ
3348 3308 3398 3330 ε*
3434 3307 3532 3330 _,___

259 3353 572 3408 ἐπίσκοπον
599 3355 950 3423 καταστήσας
975 3369 986 3380 ·
1018 3351 1092 3414 ὡς
1112 3351 1169 3404 δέ
1203 3350 1347 3412 τινές
1370 3365 1555 3417 φασιν,
1590 3347 1673 3401 ὅτι
1694 3347 1863 3418 εὑρη-

262 3441 388 3506 κὼς
445 3443 539 3497 τὸν
561 3443 721 3496 Αἶνον
756 3442 858 3515 ἤδη
889 3441 1350 3513 προκαταστάντα
1387 3439 1546 3509 παρά
1572 3436 1668 3491 τοῦ
1703 3437 1863 3506 ἁγίου

264 3535 516 3597 Παύλου,
559 3535 657 3588 καὶ
703 3535 898 3589 τοῦτον
967 3534 1395 3604 ἀποδεξάμενος,
1463 3531 1602 3602 μετά
1632 3530 1865 3584 Θάνατον

264 3628 374 3682 τοῦ
404 3629 590 3694 Λίνου,
622 3628 713 3682 τὸν
758 3628 951 3681 Ξίστον
1007 3622 1308 3680 ἐπίσκοπον
1350 3626 1714 3696 κατέστησεν,
1746 3620 1868 3678 εἶτα

271 3720 405 3792 μετ’
427 3722 640 3774 ἐκεῖνον
667 3720 760 3774 τὸν
787 3721 1106 3790 Κλήμεντά.
1144 3719 1254 3771 Καὶ
1290 3716 1462 3780 οὕτως
1521 3719 1580 3770 ὲν
1605 3719 1720 3780 τοῖς
1745 3716 1868 3770 δυσὶ

275 3811 480 3883 μέρεσι
504 3809 601 3863 τοῦ
632 3811 840 3878 κόσμου
871 3813 938 3880 τῇ
984 3808 1141 3880 Ἀσίᾳ
1165 3806 1368 3879 δηλαδὴ
1398 3807 1495 3860 καὶ
1516 3807 1588 3878 τῇ
1629 3804 1870 3876 Εὐρώπῃ

273 3905 343 3953 ἐν
367 3904 490 3964 ταῖς
517 3900 885 3971 προεχούσαις
913 3899 1104 3952 πόλεσι
1135 3897 1355 3968 πρῶτος
1380 3895 1546 3959 αὐτὸς
1564 3895 1875 3963 ἐπισκοπή-

278 4010 412 4057 σας,
439 3995 536 4047 καὶ
565 3995 684 4045 ἀντ’
712 3991 881 4045 αὑτοῦ
931 3991 1127 4055 ἄλλους
1183 3989 1560 4058 καταστήσας,
1590 3986 1876 4055 ἐφρόντισε

274 4089 382 4143 καὶ
411 4086 488 4158 τῷ
517 4086 692 4156 ἑτέρῳ
713 4085 885 4157 τρίτῳ
923 4085 1078 4154 μέρει
1103 4082 1203 4152 τῆς
1234 4082 1564 4153 οἰκουμένης
1597 4083 1664 4152 τῇ
1699 4077 1878 4150 Λιϐύῃ

277 4181 702 4249 ἐγκαταστῆσαι
752 4179 875 4231 τινὰ
920 4178 1240 4230 ἐπίσκοπον.
1270 4177 1380 4228 Καὶ
1440 4175 1504 4244 δὴ
1553 4174 1618 4226 ἐκ
1658 4173 1881 4243 Ῥώμης

281 4272 502 4325 στέλλει
531 4273 610 4336 είς
659 4274 959 4340 Αἴγυπτον,
994 4271 1091 4323 καὶ
1133 4268 1554 4338 Ἀλεξάνδρειαν
1605 4267 1706 4338 τὴν
1747 4283 1884 4337 προ-

279 4364 612 4432 καθημένην
643 4365 825 4434 πάσης
860 4362 1089 4430 Λιϐύης,
1127 4361 1218 4414 τὸν
1242 4360 1546 4414 ἀπόστολον
1600 4359 1695 4412 καὶ
1719 4360 1886 4426 εὐαγ-

281 4457 550 4527 γελιστὴν
605 4456 954 4527 Μάρκον,ὂς,
994 4455 1089 4508 καὶ
1129 4455 1209 4516 εἰς
1251 4451 1660 4522 Ἀλεξάνδρειαν
1694 4451 1886 4519 ἀφικό-

291 4567 484 4619 μενος,
523 4551 620 4602 καὶ
659 4547 992 4618 Ἐκκλησίαν
1043 4546 1388 4616 πηξάμενος.
1432 4546 1617 4598 πᾶσαν
1673 4545 1886 4614 Λιϐύην

288 4644 588 4712 ἐφώτισεν.
636 4643 800 4697 Ἀλλά
863 4643 957 4696 καὶ
983 4643 1030 4695 oi
1066 4639 1246 4693 λοιποὶ
1275 4639 1564 4693 ἀπόστολοι
1607 4638 1886 4709 πανταχοῦ

293 4738 661 4808 πορευόμενοι
685 4737 779 4789 καὶ
811 4735 1184 4805 κηρύσσοντες
1237 4733 1574 4794 ἐπισκόπους
1610 4731 1892 4784 καθίστων

1968 3307 2022 3390 et
2047 3343 2172 3404 post
2195 3330 2428 3402 Syxtum
2474 3325 2833 3382 Clementem.
2880 3319 2947 3374 Et
2975 3317 3081 3372 hac
3109 3311 3319 3367 ratione
3348 3308 3401 3362 in
3430 3307 3570 3360 dua-

1972 3431 2074 3484 bus
2140 3425 2388 3495 partibus
2441 3417 2706 3482 universi,
2761 3413 2889 3468 Asia
2949 3421 3143 3478 nempe
3167 3413 3222 3459 et
3255 3401 3489 3470 Europa,
3512 3396 3570 3450 in

1971 3516 2251 3590 primariis
2309 3512 2538 3567 urbibus
2613 3507 2821 3577 primus
2893 3502 3012 3570 ipse
3061 3492 3299 3568 episcopi
3347 3501 3574 3544 munere

1976 3611 2218 3673 functus,
2274 3615 2329 3659 et
2353 3603 2436 3659 sui
2475 3602 2597 3655 loco
2643 3597 2783 3652 alios
2821 3591 3133 3652 inStituens,
3163 3587 3218 3639 in
3247 3582 3406 3639 tertia
3440 3594 3576 3651 quo-

1974 3717 2081 3772 que
2134 3669 2310 3767 parte,
2372 3693 2548 3764 Libya
2606 3700 2822 3757 nempe,
2878 3683 3113 3752 aliquem
3137 3677 3455 3747 episcopum
3487 3669 3573 3724 fa-

1976 3764 2102 3850 cere
2133 3764 2185 3846 in
2218 3791 2400 3844 animo
2423 3786 2563 3840 ﬁxit.
2596 3781 2778 3849 Quare
2808 3777 2981 3832 ROma
3009 3770 3176 3827 mittit
3196 3769 3249 3822 in
3271 3764 3572 3836 Egyptum

1977 3901 2033 3945 et
2088 3885 2498 3943 Alexandriam,
2547 3878 2815 3934 universa:
2844 3872 3026 3944 Libya:
3062 3867 3340 3924 civitatem
3370 3861 3578 3932 prima-

1978 3991 2138 4054 riam,
2198 3984 2437 4040 Marcum
2494 3977 2802 4048 apostolum
2857 3979 2913 4026 et
2976 3964 3392 4038 evangeliSIam,
3479 3959 3576 4028 qui

1983 4050 2370 4135 Alexandriam
2454 4079 2798 4141 progressus,
2873 4061 2944 4116 ibi
3032 4058 3256 4112 fundata
3312 4050 3576 4115 Ecclesia,

1984 4184 2204 4227 omnem
2240 4165 2467 4236 Libyam
2490 4156 2842 4216 illuminavit.
2872 4152 2978 4208 Sed
3014 4161 3068 4206 et
3095 4146 3290 4216 reliqui
3327 4141 3580 4214 apostoli,

1985 4273 2313 4334 quacunque
2359 4255 2668 4326 gradientes
2694 4256 2748 4305 et
2775 4243 3127 4317 Evangelium
3171 4239 3582 4302 annuntiantes,

1989 4327 2044 4412 in
2103 4327 2334 4423 singulis
2365 4345 2706 4408 civitatibus,
2755 4341 2820 4396 ad
2845 4353 2981 4410 quas
3011 4332 3296 4406 pervenire
3327 4327 3589 4395 conligis.

1991 4455 2100 4515 set,
2165 4444 2450 4515 episcopos
2479 4435 2761 4493 creabant.
2817 4430 3015 4485 Verum
3050 4423 3256 4496 primas
3297 4431 3424 4474 ante
3455 4417 3590 4470 alios

1991 4538 2312 4596 obtinebant
2363 4544 2471 4586 tres
2527 4525 2795 4598 praedicti;
2851 4523 2902 4576 in
2954 4519 3108 4582 Asia,
3143 4515 3365 4571 Oriente
3394 4523 3590 4578 netnpc

1994 4631 2272 4690 universo,
2323 4620 2740 4683 Antiochenus;
2776 4615 2830 4668 in
2861 4613 3099 4681 Europa,
3149 4605 3444 4662 Occidente
3477 4601 3589 4658 sci-

1993 4724 2140 4788 licet,
2175 4719 2493 4782 Romanus;
2525 4722 2580 4768 et
2609 4712 2660 4766 in
2699 4708 2870 4778 Libya
2899 4701 3326 4764 Alexandrinus,
3357 4694 3459 4750 sub
3481 4705 3591 4762 quo

294 4834 357 4886 ὲν
403 4832 611 4903 ἑκάστῃ
663 4829 839 4894 πόλει,
869 4790 958 4891 ἐἰς
1009 4827 1076 4898 ἢν
1120 4790 1508 4896 περιήρχοντο.
1541 4790 1692 4885 ἐως
1723 4822 1856 4877 οὖν(

1994 4829 2113 4877 erat
2165 4813 2456 4872 Palaestina
2501 4807 2724 4872 omnis;
2757 4805 2811 4860 in
2843 4818 2948 4874 qua
2999 4795 3374 4864 Hierosolyma
3407 4790 3590 4844 locum

3196 4898 3208 4903 -
3273 4881 3560 4903 ..μυη-

297 4881 346 4886 --
414 4881 611 4903 NHV"
717 4881 723 4882 κ
827 4881 838 4894 ν
938 4881 955 4891 -
1032 4881 1042 4898 ι
1197 4881 1209 4896 ι
1277 4881 1363 4896 ειη
1675 4881 1687 4885 “

297 4924 628 4993 προέχοντες
691 4918 834 4992 ἦσαν
870 4923 918 4974 οἱ
954 4919 1356 4991 προειρημένοι
1387 4920 1560 4988 τρεῖς,
1593 4918 1622 4969 6
1651 4915 1754 4986 τῆς
1802 4917 1856 4970 Ἀ

1996 4913 2255 4970 habebat.
2306 4903 2595 4962 Palaestina
2647 4911 2885 4968 namque
2914 4894 3086 4964 Libya
3130 4898 3238 4946 est.
3273 4881 3593 4952 llierosoly-

300 5015 448 5074 σίας,
498 5011 667 5081 ἤγουν
715 5011 1010 5080 Ἀνατολῆς
1028 5011 1232 5076 πάσης,
1265 5009 1293 5060 6
1337 5007 1699 5078 Ἀντιοχείας,
1729 5007 1758 5060 6
1793 5006 1894 5073 τῆς

303 5106 599 5174 Εὐρώπης,
657 5104 825 5174 ἤγουν
854 5103 954 5172 τῆς
975 5101 1214 5164 Δύσεως,
1262 5104 1292 5155 6
1335 5099 1576 5172 Ῥώμης,
1613 5102 1707 5154 καὶ
1737 5104 1766 5154 6
1791 5101 1892 5172 τῆς

301 5196 536 5265 Λιϐύης,
571 5201 598 5250 ὁ
641 5196 1074 5267 Ἀλεξανδρείας,
1129 5194 1220 5258 ὑφ’
1252 5195 1319 5264 ἢν
1354 5195 1449 5248 καὶ
1480 5195 1514 5265 ή
1551 5193 1890 5266 Παλαιστίνη

2001 5007 2105 5063 mis
2157 5015 2288 5057 vero
2339 4998 2629 5069 episcopus
2683 4999 2822 5054 erat,
2849 4986 2940 5057 qui
2994 4977 3375 5040 aDominoibi
3410 4975 3594 5030 fuerat

2003 5105 2307 5174 promotus,
2367 5093 2559 5147 beatus
2582 5087 2815 5143 Jacobus
2841 5079 3138 5154 apostolus,
3161 5078 3329 5132 frater
3357 5071 3593 5129 Domini.

2001 5173 2181 5262 Quare
2209 5197 2263 5242 et
2286 5182 2664 5252 Hierosolyma
2700 5179 2816 5250 ipsa
2848 5176 2950 5231 sub
2979 5173 3146 5245 Libya
3180 5179 3322 5227 erat.

308 5292 482 5355 πᾶσα,
512 5293 571 5342 ὲν
665 5290 733 5342 τὰ
783 5258 1132 5359 Ἱεροσόλυμα
1159 5305 1175 5320 σ
1201 5258 1298 5342 καλ
1339 5288 1371 5356 ἡ
1433 5258 1772 5359 Παλαιστίνη
1825 5258 1936 5360 γάρ
1977 5258 2156 5352 Δίϐύη
2178 5278 2351 5332 ἐστίν.
2380 5275 2471 5328 Ἐν
2505 5271 2692 5344 μέντοι
2756 5271 2872 5332 τοῖς
2903 5262 3310 5340 Ἱεροσολύμοις
3367 5258 3598 5312 ἐπίσκο-

312 5401 410 5445 τ-ος
468 5383 684 5452 ἔμεινεν
743 5385 772 5436 6
818 5385 951 5452 παρ’
1027 5348 1193 5436 αὐτοῦ
1262 5348 1371 5434 τοῦ.
1413 5351 1623 5449 Κυρίου
1674 5348 1957 5443 καταστάς
1993 5348 2242 5440 ἐκεῖσε,ό
2291 5366 2572 5442 μακάριος
2631 5361 2932 5424 ἀπόστολος
2988 5356 3250 5420 Ἰάκωϐος
3291 5354 3322 5408 6
3367 5348 3600 5418 ἀδελφό-

309 5489 454 5548 θεος.
489 5485 740 5539 Ἐτέλουν
770 5482 864 5536 οὖν
899 5481 990 5534 καὶ
1019 5481 1086 5533 τὰ
1133 5479 1488 5549 Ἱεροσόλυμα
1520 5477 1626 5532 ὑπὸ
1665 5477 1764 5548 τὴν
1798 5476 2033 5549 Λιϐύην.

385 5628 624 5695 Κατεῖχε
654 5623 754 5693 μὲν
784 5617 878 5674 οὖν
909 5622 937 5672 6
987 5617 1208 5688 Ῥώμης
1256 5619 1437 5670 πᾶσαν
1472 5616 1572 5686 τὴν
1627 5613 1901 5684 Εὐρώπην

321 5723 484 5791 μέχρι
519 5719 626 5771 τῶν
681 5715 847 5786 ὁρίων
889 5709 1119 5774 Μαζῶν,
1161 5711 1256 5761 καὶ
1318 5707 1555 5772 Γάλλων,
1595 5705 1900 5768 Ἱσπανίας,

318 5814 616 5884 Φραγγίαε,
655 5813 750 5861 καὶ
805 5806 898 5860 τοῦ
935 5801 1232 5874 Ἰλλυρικοῦ
1265 5802 1428 5871 μέχρι
1472 5799 1744 5871 Γαδείρων
1806 5797 1903 5850 καὶ

333 5906 677 5981 Ἡρακλείων
698 5901 911 5973 στηλῶν
936 5895 1195 5952 Ὠκεανιῦ
1217 5895 1353 5964 ἔχων
1388 5894 1465 5957 εἰς
1495 5891 1705 5960 δυσμὰς
1723 5889 1901 5960 ἡλίου,

2077 5605 2400 5663 Possidebat
2447 5601 2632 5668 itaque
2660 5595 2936 5652 Romanus
2963 5590 3241 5659 Europam
3279 5585 3596 5641 universam

2011 5702 2078 5758 ad
2105 5696 2344 5754 conﬁnia
2375 5707 2544 5761 usque
2566 5689 2870 5752 Mamrum,
2894 5694 2948 5740 et
2976 5681 3277 5743 Gallorum,
3307 5677 3600 5748 Hispanum,

2007 5793 2275 5856 Franciaa,
2327 5796 2380 5846 et
2436 5784 2657 5856 lllyrici,
2707 5793 2877 5849 usque
2899 5774 3222 5848 adpGadira
3243 5771 3600 5828 ctcolmnuas

2010 5886 2321 5950 Herculeas,
2377 5881 2652 5937 Oceanum
2707 5873 2881 5948 quiin
2931 5884 3187 5927 occasum
3237 5867 3371 5924 solis
3403 5866 3596 5936 vergit,
