4074 6466
463 456 600 520 108Ἱ

1765 447 1845 508 Nl
1856 448 1932 507 LI
1977 445 2450 507 DOXAPATRII

3589 440 3750 505 1088'

462 572 519 623 in
552 582 660 636 quo
696 573 822 620 sunt
882 565 1180 620 demortuae
1204 577 1359 632 aqua:
1397 569 1452 617 et
1481 559 1775 630 paludosa,
1801 569 1856 614 et
1879 559 2053 613 insuia

2171 563 2218 614 ὲν
2239 553 2282 628 ᾧ
2314 559 2422 612 είσι
2452 555 2622 628 νεκρά
2670 554 2843 610 ὕδατα
2879 554 2976 610 καὶ
3003 552 3200 626 ἰλυώδη
3223 594 3236 616 ,
3271 551 3330 606 ἐν
3374 545 3418 619 ᾦ
3453 551 3617 621 νῆσος
3645 552 3741 605 καὶ

463 671 666 726 propre
732 656 864 710 lines
915 655 1114 711 Oceani
1173 651 1484 707 hominibus
1522 650 1825 714 abundans,
1861 657 1912 702 et
1967 657 2054 704 est

461 748 892 804 Christianorum
949 747 1200 801 universa
1249 744 1561 806 multitudo,
1605 755 1780 813 usque
1839 741 1906 795 ad
1944 739 2053 794 Ba-

465 855 719 904 vennam,
743 838 1126 908 Longobardos
1150 847 1204 892 et
1223 837 1694 900 Thessalonicam,
1725 842 1778 888 et
1806 833 2051 896 Slcavos,

472 928 685 982 Abaros
741 937 796 981 et
855 926 1088 997 Scythas
1123 926 1190 980 ad
1225 925 1526 979 Danubium
1549 922 1768 976 [luvium
1795 920 2056 976 ecclesia-

2157 655 2224 710 τὰ
2257 654 2403 726 ἄκρα
2448 653 2560 706 τῶν
2591 649 2852 706 Ὠκεανοῦ
2892 649 3155 718 πελαγῶν
3210 647 3549 716 πολύανδρος
3601 644 3742 715 Χρι-

2158 745 2393 802 στιανῶν
2410 746 2636 817 ἄπειρος
2661 745 2873 816 πληθὺς
2896 745 3025 813 ἄχρι
3061 741 3377 810 Ῥαϐέννης,
3409 736 3740 808 Λαγγοίὲἀρ-

2155 839 2286 903 δων,
2322 839 2417 892 κα)⁸
2442 836 2871 906 Θεσσαλονίκης,
2896 834 3180 897 Σκλάϐων,
3208 835 3304 886 καὶ
3331 829 3603 902 Ἀϐάρων,
3646 830 3742 883 καὶ

2157 930 2381 985 Σκυθῶν
2408 929 2513 992 ἕως
2543 928 2838 982 Δανουὸίου
2867 927 3114 997 ποταμοῦ
3137 928 3236 986 τὰς
3263 924 3570 992 caruitnatus
3582 922 3742 984 τικὰς

469 1022 608 1072 stiea
663 1019 901 1072 confinia
943 1017 1210 1081 extendit,
1262 1025 1317 1070 et
1346 1015 1695 1070 Maneat-iatn.
1729 1014 1976 1067 Possidet
2002 1022 2056 1067 et

2171 1023 2462 1092 Βροθεσξας,
2490 1021 2585 1074 καὶ
2606 1019 2960 1089 Μαγκαρίας,
2989 1021 3086 1072 καὶ
3113 1019 3280 1087 μέρος
3304 1015 3414 1068 τῶν
3439 1014 3736 1084 ἐσπερίων,

463 1117 676 1180 partem
717 1111 999 1178 regionqu
1024 1107 1467 1170 occidentalium,
1513 1115 1723 1174 partem
1768 1104 1966 1158 Siciliae
2000 1113 2056 1158 et

466 1202 756 1265 Calabriae,
815 1202 867 1254 in
900 1201 1097 1268 quibus
1143 1198 1372 1268 perﬂant
1407 1199 1551 1251 venti
1599 1196 1930 1267 Septentrio,
1958 1194 2058 1248 Pa-

469 1309 622 1356 neas,
648 1291 920 1354 Cbobeus.
971 1292 1276 1362 Zephyrus,
1305 1289 1694 1352 Occidentalis,
1736 1300 1790 1342 et
1821 1287 2058 1341 Libono-

473 1395 583 1444 tus,
615 1390 667 1436 et
697 1393 865 1436 totam
894 1381 1103 1452 plagam
1136 1382 1526 1437 occidentalem
1559 1396 1730 1450 usque
1758 1381 1823 1434 ad
1845 1380 2058 1449 Byzan~

473 1472 631 1535 tium,
689 1479 744 1527 et
794 1473 1002 1526 insulas
1041 1486 1231 1527 omnes
1259 1472 1669 1542 interiacentes,
1715 1484 1906 1538 nempe
1931 1469 2063 1523 Sar-

469 1561 692 1625 diniam,
747 1563 1012 1625 Siciliam,
1040 1563 1280 1632 Cretam,
1313 1565 1599 1626 Eubmam,
1653 1572 1708 1616 et
1736 1565 1905 1630 ipsam
1949 1560 2058 1614 Ma-

463 1653 718 1720 joricam,
764 1664 818 1709 et
865 1654 1282 1725 Peloponesum,
1352 1664 1403 1710 et
1435 1653 1712 1708 Helladem
1746 1654 2057 1708 universam

471 1754 528 1799 et
552 1746 869 1814 provincias
901 1761 966 1800 ac
1027 1747 1275 1801 civitates
1303 1760 1493 1800 omnes
1523 1745 1769 1814 Europae,
1816 1760 1916 1799 nec
1950 1759 2060 1799 non

2160 1116 2256 1170 καὶ
2299 1115 2468 1184 μέρος
2496 1116 2592 1183 τῆς
2623 1112 2898 1175 Σικελίας,
2935 1112 3029 1165 καὶ
3063 1109 3408 1178 Καλαόρίας,
3439 1108 3498 1160 ἐν
3523 1103 3604 1169 οἷς
3625 1106 3742 1158 δια·

2161 1209 2420 1262 πλέουσιν
2443 1209 2494 1260 οἱ
2525 1209 2719 1277 ἄνεμοι
2752 1208 3015 1276 Ἄρκτος,
3041 1204 3312 1275 Παραίας,
3350 1200 3608 1264 Χώόεως,
3640 1199 3741 1252 Ζέ-

2161 1318 2354 1372 φυρος,
2386 1300 2635 1362 Δυτικὸς,
2666 1300 2760 1352 καὶ
2787 1299 3098 1361 Λιῦόνοτος,
3134 1297 3228 1350 καί
3254 1295 3403 1350 ἆπαν
3431 1294 3493 1346 τὸ
3522 1291 3744 1344 δυτικδν

2164 1393 2332 1465 μέρος
2357 1393 2463 1454 ἓως
2488 1393 2584 1444 τοῦ
2617 1390 2940 1455 Βυζαντίου,
2969 1394 3066 1442 καὶ
3097 1389 3196 1451 τὰς
3232 1389 3291 1440 ὲν
3335 1385 3490 1456 μέσῳ
3546 1385 3745 1454 νήσους

2161 1488 2364 1552 πάσας,
2401 1481 2513 1540 οἷον
2542 1485 2755 1556 Σαρδὼ,
2775 1485 3052 1549 Σικελίαν,
3077 1482 3326 1552 Κρήτην,
3365 1478 3618 1538 Εὔϐοιαν,
3647 1476 3747 1529 καὶ

2161 1579 2332 1651 αὐτὴν
2380 1579 2478 1649 τὴν
2532 1578 2858 1648 Μαῖόρικον.
2889 1577 2996 1630 Καὶ
3045 1577 3077 1645 ή
3111 1573 3544 1642 Πελοπόννησος,
3584 1572 3680 1623 καὶ
3713 1570 3749 1633 ἡ

2177 1671 2368 1734 Ἑλλὰς
2408 1672 2583 1733 πᾶσα,
2618 1671 2713 1723 καὶ
2751 1670 2807 1723 αἱ
2854 1669 3115 1738 ἐπαρχίαι
3177 1667 3273 1719 καὶ
3334 1663 3514 1733 χῶραι
3573 1665 3751 1716 πᾶσαι

2163 1762 2261 1832 τῆς
2289 1762 2581 1833 Εὐρώπης,
2619 1762 2715 1814 καὶ
2746 1763 2779 1831 ἡ
2819 1759 3068 1813 Ἱσπανία
3102 1756 3197 1811 καὶ
3236 1758 3290 1809 αἰ
3331 1756 3446 1809 ἄνω
3498 1753 3750 1818 Γαλλίαι,

475 1837 794 1908 Hispaniam
841 1848 896 1892 et
954 1840 1262 1907 superiores
1301 1838 1482 1904 Alpes,
1540 1847 1740 1906 etquae
1789 1837 1926 1890 ultra
1963 1837 2060 1890 has

2171 1857 2263 1910 καὶ
2315 1855 2383 1908 τὰ
2445 1857 2704 1909 ἐπέκεινα
2732 1854 2982 1907 Ἀλπεων
3004 1893 3017 1915 ,
3049 1853 3110 1905 αἴ
3129 1869 3189 1904 τε
3239 1847 3570 1920 Βρετανικαὶ
3593 1846 3754 1916 νῆσοι

471 1929 861 1993 extenduntur,
915 1938 967 1982 et
1012 1926 1217 1982 insulas
1282 1924 1621 1979 Britannicas
1647 1939 1819 1992 usque
1846 1924 1912 1977 ad
1968 1939 2060 1977 oe-

2171 1901 2263 1910 -νν-
2325 1901 2383 1908 η
2445 1901 2704 1909 --ν---ν--π
2756 1901 2972 1907 --ρ---η-
3004 1901 3017 1915 ι
3141 1901 3183 1904 τί
3242 1901 3337 1920 ην
3390 1901 3397 1902 κ
3649 1901 3661 1916 ,

2171 1947 2272 2010 ἕως
2293 1946 2386 2000 τοῦ
2416 1946 2677 2014 ἑσπερίου
2700 1944 2984 2007 Ὠκεανοῦ,
3011 1944 3106 1997 καὶ
3124 1941 3420 2013 Γαδείρων,
3455 1941 3551 1992 καὶ
3586 1939 3752 2007 Ἦραο

469 2019 790 2074 cidentalem
832 2019 1109 2074 Oceanum
1154 2030 1208 2072 et
1261 2019 1462 2073 Gadira
1486 2027 1540 2072 et
1589 2017 1875 2071 columnas
1922 2013 2064 2069 Her-

469 2112 692 2177 culeas;
755 2127 855 2166 nec
909 2127 1016 2166 non
1079 2110 1375 2165 inferiores
1439 2110 1692 2174 Gallias,
1754 2125 1873 2178 qua:
1956 2108 2063 2161 lta-

472 2201 558 2254 liae
610 2209 737 2256 sunt
774 2242 791 2268 ,
859 2201 976 2257 sive
1027 2199 1454 2267 Lombardiam,
1502 2216 1624 2270 quae
1665 2215 1808 2255 nunc
1866 2201 2063 2254 dicitur

475 2292 865 2362 Longibardia,
909 2301 963 2347 et
1005 2293 1281 2363 Apuliam,
1323 2303 1378 2347 ct
1417 2293 1750 2357 Calabriam,
1797 2302 1850 2346 et
1898 2291 2063 2347 Cam-

477 2386 694 2452 paniam
751 2399 994 2450 omnem,
1043 2384 1171 2439 item
1198 2385 1534 2454 provinciam
1569 2385 1834 2456 Byzaciaz,
1858 2385 1908 2438 iu
1946 2399 2058 2452 qua

471 2483 558 2529 est
617 2475 916 2546 Carthago,
973 2484 1029 2530 et
1080 2476 1480 2543 Mauritaniam,
1556 2485 1612 2531 et
1665 2474 1969 2538 Venetiam,
2007 2485 2062 2528 et

473 2568 800 2636 provincias,
861 2584 981 2638 quae
1029 2570 1168 2623 ultra
1213 2571 1395 2625 sinum
1441 2569 1782 2625 Adriaticum
1834 2583 1955 2623 sese
1983 2567 2062 2621 ef-

476 2657 711 2713 fundunt
761 2675 954 2731 nempe
1001 2658 1337 2715 Pannoniam
1393 2673 1447 2718 et
1515 2671 1683 2717 totum
1767 2661 2060 2732 Illyricum,

477 2750 848 2806 Macedoniam
910 2761 966 2806 et
1024 2751 1334 2819 Thraciam,
1386 2755 1438 2808 in
1473 2769 1580 2822 qua
1613 2752 2060 2824 estByzantium,

474 2851 528 2894 ct
558 2842 678 2912 Quae
726 2843 867 2898 ultra
909 2859 1028 2898 sese
1059 2845 1628 2915 extenduntregiones
1676 2844 2062 2899 occidentales.

475 2932 601 2987 Ilaec
625 2936 802 2988 omnia
829 2934 1078 2990 Romano
1109 2938 1506 2991 subdebantur.

549 3026 922 3081 Antiochenus
1007 3028 1322 3096 possidebat
1390 3029 1700 3082 universam
1777 3026 1960 3082 Asiam
2011 3035 2067 3080 et

475 3118 778 3186 Orientem,
833 3117 1146 3189 Indiamque
1171 3120 1366 3190 ipsam,
1399 3120 1449 3174 in
1480 3135 1642 3190 quam
1671 3121 1736 3173 ad
1758 3119 1872 3173 haec
1897 3133 2066 3186 usque

481 3221 729 3279 tempora
798 3210 1128 3266 catholicum
1187 3212 1448 3266 ordinans
1507 3211 2066 3282 mittitRomugyrcos

475 3312 751 3368 vocatum,
773 3309 828 3356 et
859 3301 1104 3358 Persiam
1135 3311 1191 3358 et
1220 3302 1550 3373 Babylonem
1575 3304 1660 3357 cui
1690 3317 1832 3356 nunc
1864 3316 2060 3355 nomen

476 3393 656 3464 Bagda
717 3403 822 3458 est,
845 3408 910 3448 eo
939 3395 1100 3448 etiam
1139 3394 1388 3449 mittebat
1434 3392 1806 3449 Antiochenus
1839 3393 2066 3447 catholi-

483 3501 670 3540 carum
720 3486 776 3540 in
825 3487 1013 3541 urbem
1050 3485 1400 3555 lrenupolim,
1464 3485 1810 3554 lrenupoleos
1834 3484 2065 3549 dictum,

479 3585 536 3632 et
579 3580 888 3645 Armenias,
923 3589 977 3635 et
996 3579 1314 3649 Ahasgiam.
1357 3589 1407 3634 et
1451 3579 1705 3642 lberiam,
1736 3589 1786 3633 et
1813 3577 2066 3644 Mediam,

478 3677 535 3722 et
567 3668 897 3736 Chaldaaam,
924 3678 978 3726 et
1004 3670 1301 3738 Parthiam,
1331 3681 1384 3726 et
1409 3669 1686 3736 Elamitas,
1728 3677 1782 3724 et
1820 3667 2070 3738 Μεδορο-

479 3762 721 3817 tamiam.
750 3761 926 3819 Habet
959 3764 1140 3836 itaque
1172 3763 1496 3835 metropoles
1528 3762 1808 3823 tredecim.

2170 2039 2365 2095 κλείων
2397 2038 2632 2110 στηλῶν,
2664 2039 2759 2092 καὶ
2782 2039 2838 2092 αί
2869 2039 3021 2091 κάτω
3044 2036 3298 2099 Γαλλίαι,
3344 2033 3551 2095 αἵτινές
3609 2031 3755 2084 εἰσιν

2170 2131 2494 2196 αι’ῐταλίαι,
2527 2132 2707 2202 ἡτοιή
2758 2129 3110 2199 Λομπαρδία,
3156 2127 3252 2181 καὶ
3311 2125 3471 2196 ἡνῦν
3529 2125 3562 2195 ἡ
3603 2124 3753 2190 λεγο-

2173 2224 2311 2294 μένη
2341 2221 2746 2294 Λογγιϐαρδία,
2777 2218 3170 2282 καῖ’Δπουλία,
3203 2217 3298 2270 καὶ
3349 2217 3382 2285 ἡ
3437 2212 3756 2282 Καλαὸρία,

2170 2321 2264 2369 καὶ
2298 2316 2331 2384 ὴ
2359 2313 2662 2384 Καμπανία
2699 2313 2872 2374 πᾶσα,
2937 2309 3076 2364 ἀλλὰ
3138 2311 3233 2362 καὶ
3265 2309 3298 2377 ἡ
3367 2305 3612 2376 ἐπαρχία
3644 2304 3758 2356 Βυ-

2171 2406 2388 2470 ζακίας,
2423 2405 2480 2455 ἐν
2512 2396 2603 2475 ᾖὴ
2633 2400 2988 2474 Καρθαγὲνα,
3032 2401 3130 2453 καὶ
3183 2399 3215 2469 ἡ
3251 2394 3629 2467 Μαυριτανία,
3658 2393 3760 2446 καὶ

2174 2500 2203 2568 ﬂ
2241 2497 2484 2562 Βενετία,
2545 2496 2638 2549 καὶ
2683 2495 2740 2547 αἱ
2803 2494 2980 2565 πέραν
3036 2491 3132 2546 τοῦ
3164 2487 3512 2561 Ἀδριατικοῦ
3545 2487 3757 2540 κόλπου

2173 2591 2439 2660 ὲπαρχίαι
2505 2584 2618 2642 οἷον
2669 2586 2961 2650 Παννονία,
2997 2587 3094 2638 καὶ
3155 2583 3216 2637 τὸ
3249 2581 3546 2652 Ἰλλυρικὸν
3581 2578 3720 2635 ᾶπαι
3742 2618 3757 2640 .

2169 2681 2483 2738 Μακεδονία
2536 2681 2632 2734 καὶ
2665 2681 2878 2751 Θρᾴκη,
2913 2679 3049 2732 ὅπου
3095 2677 3156 2730 τὸ
3205 2675 3524 2740 Βυζάντιον,
3559 2672 3652 2724 καὶ
3684 2670 3762 2722 τέ’.

2174 2775 2436 2828 ἐπέκεινα
2471 2774 2679 2827 Δυτικὰ
2745 2773 2964 2826 ᾶπαντα
3023 2770 3224 2839 ὁμοίως
3256 2767 3364 2823 ὑπὸ
3388 2765 3490 2836 τῆς
3527 2763 3756 2834 Ῥώμης

2171 2867 2491 2937 ἐτύγχανον.

2244 3039 2417 3094 Πάλιν
2445 3041 2472 3092 ὁ
2495 3037 2833 3108 Ἀντιοχείας
2889 3037 3146 3106 κατεῖχεν
3178 3035 3402 3088 ἃπασαν
3433 3035 3531 3101 τὴν
3561 3032 3768 3086 Ἀσίαν

2172 3135 2270 3188 καὶ
2315 3133 2633 3202 Ἀνατολὴν,
2662 3133 2833 3197 αὑτήν
2861 3147 2920 3182 τε
2951 3129 3049 3202 τὴν
3080 3129 3275 3183 Ἰνδίαν
3295 3169 3309 3193 ,
3347 3128 3483 3180 ὅπου
3524 3128 3617 3180 καὶ
3650 3125 3769 3186 ἕως

2173 3226 2270 3282 τοῦ
2309 3227 2404 3279 νῦν
2457 3225 2748 3281 καθολικδν
2780 3223 3107 3295 χειροτονῶν
3140 3221 3354 3275 στέλλει
3374 3217 3752 3288 τδνκαλούμε-

2171 3337 2261 3375 νον
2302 3318 2724 3390 Ῥωμογύρεως,
2774 3320 2866 3371 καὶ
2905 3316 3078 3388 αὐτὴν
3105 3317 3207 3386 τὴν
3259 3314 3521 3384 Περσίαν,
3557 3311 3639 3364 ἔτι
3661 3309 3770 3364 καὶ

2171 3413 2342 3484 αὐτὴν
2376 3412 2474 3482 τὴν
2524 3411 2850 3476 Βαϐυλῶνα,
2898 3410 2997 3480 τὴν
3043 3409 3138 3462 νῦν
3170 3407 3515 3477 καλουμένην
3549 3403 3765 3471 Βαγδᾶ,

2171 3504 2333 3557 κάκεῖ
2366 3503 2475 3573 γὰρ
2500 3501 2750 3555 ἔστελλεν
2781 3503 2809 3554 ὁ
2846 3499 3190 3569 Ἀντιοχείας
3243 3496 3530 3551 καθολικὺν
3551 3496 3632 3557 εἰς
3664 3494 3770 3548 ΕΞ·-

2177 3595 2529 3666 ρηνούπολιν,
2565 3593 2657 3647 τὸν
2690 3593 2986 3663 λεγόμενον
3022 3589 3495 3662 Εἱρηνουπόλεως,
3527 3586 3620 3640 καὶ
3657 3585 3768 3648 τὰς

2174 3687 2493 3756 ’Δρμενίας,
2520 3686 2956 3755 καὶἋόασγίαν,
2989 3685 3085 3738 καὶ
3109 3682 3373 3753 Ἰϐηρίαν,
3401 3682 3496 3734 καὶ
3519 3678 3771 3748 Μηδίαν,

2172 3778 2270 3832 καὶ
2293 3778 2392 3850 τὴν
2420 3777 2530 3831 τῶν
2556 3776 2866 3841 Χαλδαίων,
2896 3775 2993 3829 καὶ
3023 3773 3295 3844 Παρθίαν,
3315 3771 3413 3825 καὶ
3435 3769 3765 3839 Ἐλαμίτας,

2066 3933 2068 3935 ς
2173 3871 2267 3923 καὶ
2289 3868 2746 3937 Μεσοποταμίαν.
2790 3868 2941 3922 Ἐκεῖ
2974 3866 3068 3920 οὖν
3101 3864 3470 3936 μητροπόλεις
3516 3862 3770 3934 σήμερον

555 4050 607 4104 1.
641 4049 796 4117 Tyri,
828 4068 968 4123 quae,
993 4054 1092 4109 sub
1118 4069 1176 4109 se
1217 4055 1378 4109 habet
1415 4051 1763 4122 episcopatus
1798 4049 1886 4107 15.

555 4237 609 4291 2.
640 4236 849 4305 Tarsrs,
881 4255 1001 4310 qua:
1027 4242 1130 4297 sub
1155 4257 1215 4297 se
1245 4240 1408 4296 habet
1431 4241 1668 4310 episcop.
1697 4239 1750 4294 6.

556 4326 610 4380 Ξ.
648 4324 854 4394 Edesm,
885 4343 1004 4396 qua:
1036 4329 1138 4383 sub
1163 4343 1221 4382 se
1244 4327 1404 4382 habet
1435 4328 1674 4396 episcop.
1699 4327 1786 4381 Η.

556 4419 612 4472 4.
652 4419 901 4486 Apamea:
933 4435 1050 4488 qua:
1072 4421 1174 4476 sub
1191 4420 1356 4475 habet
1380 4420 1620 4492 episcop.
1645 4421 1700 4476 7.

557 4507 612 4559 5.
649 4505 1021 4575 Hierapoleos,
1055 4526 1176 4578 qum
1202 4511 1301 4564 sub
1333 4510 1492 4564 habet
1521 4511 1766 4580 episcop.
1802 4507 1835 4562 9

553 4597 606 4654 6.
635 4599 832 4663 Bostri,
855 4616 974 4671 quae
1004 4601 1104 4657 sub
1140 4616 1196 4655 se
1237 4602 1397 4656 habet
1426 4602 1662 4670 episcop.
1693 4599 1783 4654 20.

555 4693 607 4748 7.
631 4694 827 4750 Azarbi
853 4711 974 4765 quae
1014 4695 1116 4751 sub
1148 4710 1207 4750 se
1239 4696 1401 4751 habet
1426 4697 1668 4764 episcop.
1709 4693 1763 4749 9.

557 4788 608 4842 8.
643 4786 900 4842 Seleuciae
929 4786 1168 4853 Isauriae,
1199 4802 1318 4858 ηοω
1345 4789 1446 4843 sub
1465 4802 1522 4841 se
1545 4783 1957 4854 habetepiscop.
1978 4781 2074 4838 ει.

559 4977 615 5032 9.
651 4976 923 5044 Damasci,
955 4993 1076 5048 quae
1098 4978 1200 5034 sub
1231 4992 1291 5033 se
1321 4977 1481 5034 habet
1510 4977 1754 5047 episcop.
1790 4975 1852 5030 11

566 5068 650 5123 10.
688 5070 914 5136 Amidae,
947 5086 1066 5140 quae
1085 5070 1186 5124 sub
1206 5085 1265 5124 se
1296 5071 1459 5124 habet
1487 5068 1727 5138 episcop.
1766 5068 1822 5124 8.

566 5161 651 5216 ll.
693 5162 1072 5232 l‘lagiopolcos,
1110 5178 1229 5234 qua:
1255 5164 1356 5218 sub
1384 5178 1442 5219 se
1483 5163 1644 5217 habet
1667 5162 1909 5232 episcop.
1943 5161 1999 5218 5.

561 5351 648 5405 12.
683 5351 873 5420 Daras,
905 5369 1024 5425 quae
1053 5369 1152 5410 suo
1190 5367 1251 5409 se
1284 5353 1445 5410 habet
1471 5353 1713 5423 episcop.
1752 5349 1840 5405 10.

563 5447 649 5500 15.
680 5444 906 5512 Emesae,
930 5462 1048 5515 quae
1071 5448 1170 5502 sub
1203 5461 1261 5502 se
1292 5446 1454 5501 habet
1501 5446 1742 5515 episcop.
1768 5443 1825 5499 4.

559 5536 738 5590 Habet
769 5546 1029 5604 praeterea
1064 5546 1118 5592 et
1157 5537 1291 5591 alias
1340 5535 1692 5606 metropoles,
1727 5551 1850 5606 qua:
1881 5533 1983 5589 sub
2013 5551 2073 5590 se

490 5629 664 5683 nullos
730 5630 929 5685 habent
1015 5631 1379 5699 episcopatus,
1456 5629 1580 5685 aliis
1643 5628 2073 5697 metropolitanis

490 5724 761 5785 obnoxiae,
811 5725 864 5778 in
911 5725 1226 5794 dignitatem
1277 5723 1753 5793 metropolitanam
1805 5732 2076 5791 provecta:

492 5821 644 5872 sunt,
713 5813 1122 5884 decretumque,
1154 5829 1225 5871 ne
1251 5814 1372 5870 aliis
1419 5811 1853 5882 metropolitanis
1873 5811 2074 5867 subde-

499 5909 708 5971 rentur,
755 5905 850 5960 sed
905 5915 1109 5963 tantum
1161 5907 1321 5966 modo
1357 5906 1680 5978 patriarchae
1714 5905 2075 5971 Antiocheno,

2174 3963 2484 4031 δεκατρεῖς.

2242 4038 2316 4109 ἀ’.
2349 4053 2460 4121 Τὴν
2524 4052 2736 4122 Τύρου,
2788 4050 2912 4122 ἥτις
2964 4049 3077 4121 ἔχει
3127 4049 3217 4118 ὑφ’
3282 4046 3482 4117 ἑαυτὴν
3536 4042 3770 4097 ἐπισκύ-

2176 4163 2310 4206 πους
2341 4144 2430 4214 ιγ’.

2248 4239 2315 4310 β’.
2344 4239 2456 4309 Τὴν
2487 4239 2728 4310 Ταρσοῦ,
2757 4239 2878 4310 ἥτις
2901 4236 3014 4306 ἔχει
3045 4233 3138 4304 ὑφ’
3175 4232 3378 4304 ἑαυτὴν
3417 4240 3493 4299 ς’.

2246 4337 2316 4397 γ’.
2348 4331 2462 4402 Τὴν
2495 4331 2740 4398 Ἐδέσης,
2767 4331 2888 4402 ἥτις
2914 4329 3029 4398 ἔχει
3066 4329 3155 4396 ὑφ’
3186 4327 3388 4396 ἑαυτὴν
3419 4325 3510 4379 ια’.

2244 4421 2309 4476 δ’.
2334 4422 2444 4490 Τὴν
2471 4423 2802 4490 Ἀπαμείαν,
2835 4422 2954 4493 ἥτις
2995 4421 3108 4490 ἔχει
3141 4420 3232 4487 ὑφ’
3257 4418 3461 4488 ἑαυτὴν
3486 4414 3555 4481 ζ’.

2248 4513 2309 4568 ε’.
2350 4515 2462 4585 Τὴν
2506 4514 2880 4586 Ἰεραπόλεως,
2913 4515 3034 4583 ἥτις
3061 4512 3176 4583 ἔχει
3208 4512 3298 4580 ὑφ’
3331 4509 3534 4580 ἑαυτὴν
3571 4511 3639 4562 0'.

2101 4599 2146 4654 Ῑ)
2247 4615 2322 4674 ς’.
2349 4610 2460 4679 Τὴν
2495 4608 2777 4679 Βόστριος,
2805 4609 2928 4678 ἥτις
2962 4607 3076 4676 ἔχει
3123 4607 3213 4674 ὑφ’
3245 4606 3450 4676 ἑαυτὴν
3487 4602 3558 4658 κ’.

2251 4700 2316 4768 ζ’.
2350 4703 2461 4773 Τὴν
2487 4702 2780 4773 ’Λζάρόου,
2809 4702 2933 4772 ἥτις
2963 4699 3076 4770 ἔχει
3107 4699 3198 4769 ὑφ’
3225 4698 3429 4769 ἑαυτὴν
3462 4695 3530 4750 θ’.

2247 4801 2318 4867 η’.
2351 4796 2463 4866 Τὴν
2517 4795 2810 4858 Σελευκίας
2856 4793 3152 4863 Ὶσαυρίας,
3208 4793 3332 4864 ἥτις
3357 4791 3471 4860 ἔχει
3507 4790 3598 4860 ὑφ’
3632 4790 3771 4843 ἑαυ-

2176 4887 2277 4958 τὴν
2310 4887 2414 4942 κδ’.

2249 4978 2315 5032 0'.
2350 4978 2462 5050 Τὴν
2479 4978 2803 5049 Δαμασκοῦ,
2831 4979 2952 5049 ἥτις
2984 4977 3095 5047 ἔχει
3125 4976 3216 5046 ὑφ’
3253 4976 3458 5046 ἑαυτὴν
3497 4981 3588 5029 ια’.

2250 5069 2302 5124 ι’.
2341 5071 2452 5142 Τὴν
2482 5071 2730 5140 ’Λμίδης,
2753 5073 2880 5141 ἥτις
2932 5070 3045 5140 ἔχει
3087 5071 3176 5140 ὑφ’
3203 5069 3405 5140 ἑαυτὴν
3438 5075 3510 5139 η’.

2251 5163 2340 5218 ια’.
2385 5165 2497 5237 Τὴν
2563 5166 2793 5236 Σεργίου
2847 5164 3078 5230 πόλεως,
3132 5165 3252 5236 ἥτις
3315 5164 3427 5235 ἔχει
3487 5163 3576 5231 ὑφ’
3635 5162 3769 5216 ἑαυ-

2175 5258 2275 5328 τὴν
2306 5256 2368 5315 ε’.
3198 5249 3200 5251 “

2252 5349 2340 5420 ιβ’.
2372 5351 2484 5418 Τὴν
2506 5353 2709 5422 Δαρᾶς,
2736 5354 2860 5423 ἥτις
2913 5353 3030 5424 ἔχει
3063 5351 3154 5420 ὑφ’
3191 5353 3390 5421 ἑαυτὴν
3421 5350 3474 5405 ι’.

2251 5442 2340 5510 ιγ’.
2373 5444 2485 5513 Τὴν
2516 5445 2778 5516 Ἐμέσης,
2809 5447 2929 5516 ἥτις
2986 5446 3102 5517 ἔχει
3146 5447 3236 5516 ὑφ’
3267 5446 3468 5516 ἑαυτὴν
3490 5441 3555 5498 δ’.

2255 5539 2410 5608 Ἔχει
2431 5538 2486 5590 δὲ
2520 5540 2614 5594 καὶ
2657 5541 3025 5609 μητροπόλεις
3060 5539 3226 5603 ἄλλας
3263 5541 3297 5610 ἡ
3331 5538 3655 5607 Ἀντιόχεια,
3686 5537 3765 5610 μὴ

2179 5632 2414 5701 ἐχούσας
2473 5632 2565 5698 ὑφ’
2627 5631 2832 5694 ἑαυτὰς
2885 5631 3242 5694 ἐπισκόπους,
3294 5629 3500 5692 αἵτινές
3524 5626 3757 5681 είσιτὺν

2180 5719 2416 5789 ἀριθμὸν
2439 5719 2609 5772 ὀκτώ.
2640 5713 2812 5773 Αὗται
2837 5720 2945 5790 γὰρ
2991 5718 3293 5772 ὲπισκοπαὶ
3313 5710 3458 5790 ἦσαν
3493 5716 3766 5787 πρότερον

2183 5811 2547 5882 ὑποκείμεναι
2579 5811 2771 5873 ἄλλαις
2815 5810 3237 5884 μητροπόλεσιν,
3257 5811 3599 5882 ἐτιμήθησαν
3620 5803 3764 5860 εἶναι

2184 5906 2553 5976 μητροπόλεις
2584 5905 2678 5959 καὶ
2713 5905 2900 5973 αὑταὶ,
2935 5903 3028 5958 καὶ
3063 5903 3384 5960 ὑποκεῖσθαι
3402 5901 3524 5972 οὐχὶ
3552 5913 3759 5971 μητρο-
