4074 6420
304 327 436 391 1099

1385 321 1705 384 NOTITIA
1743 322 2495 386 PATRIABCHATUUM.

3425 330 3565 393 1030

294 447 565 512 πολίταις,
593 444 709 500 ἀλλ’
735 443 887 514 αὐτῷ
912 443 991 514 τῷ
1047 443 1365 515 πατριάρχη
1390 443 1752 514 Ἀντιοχείας,
1782 443 1878 497 καὶ

1986 453 2036 499 ει
2064 441 2518 514 quemadmodum
2552 440 2756 511 ubique
2797 441 3148 511 metropoles,
3204 458 3300 512 per
3327 460 3383 498 se
3406 435 3570 514 capnt

292 536 433 592 εἶναι
465 537 852 607 αύτοκέφαλοι,
880 537 955 599 ὡς
1011 539 1068 590 αἱ
1101 537 1290 590 λοιπαὶ
1346 535 1735 606 μητροπόλεις.
1777 534 1871 587 Διὸ

293 632 391 683 καὶ
420 630 509 683 διὰ
535 632 593 681 τὸ
619 626 761 682 εἶναι
790 631 980 699 πρώην
1032 630 1336 682 ἐπισκοπαὶ
1372 630 1474 681 οὐκ
1528 627 1747 697 ἔχουσιν
1782 624 1872 695 ὑφ’

292 724 493 784 ἑαυτὰς
542 722 901 785 ἐπισκόπους,
958 722 1034 784 ὡς
1087 723 1143 775 αἱ
1194 721 1427 773 παλαιαὶ
1484 718 1872 791 μητροπόλεις.

296 817 446 869 Εξσὶν
477 811 570 870 οὖν
602 816 656 865 αί
688 814 831 867 όκτὼ
861 815 1025 868 αὐταὶ
1057 814 1421 885 μητροπόλεις
1450 830 1465 843 ·
1494 812 1563 869 α’.
1599 810 1870 883 Βηρυτοῦ·

296 908 364 977 β’.
407 908 826 972 Ἡλιουπόλεως,
856 908 978 978 ἥτις
1039 907 1371 977 ἀπεσπάσθη
1403 907 1497 959 τοῦ
1528 906 1720 979 θρόνου
1773 907 1878 957 Act-

295 998 533 1067 μασκοῦ’
558 1004 626 1065 γ’.
654 998 1000 1059 Λαοδικείας·
1030 996 1092 1053 δ’.
1119 998 1229 1051 τῶν
1248 996 1608 1065 Σαμοσατῶν.
1627 994 1689 1049 ε’.
1716 996 1875 1066 Μαρ-

291 1086 659 1157 τυροπόλεως·
697 1084 771 1151 ς’.
798 1086 1199 1155 Μοψευεστίας·
1235 1083 1299 1149 ζ’.
1329 1085 1557 1147 Ἀδανας
1579 1101 1595 1118 ο
1629 1090 1700 1153 η’.
1727 1084 1877 1150 Πομ-

294 1180 458 1247 πηΐου
494 1178 722 1241 πόλεως.
756 1180 880 1231 Ἔτι
920 1178 1033 1248 ἔχει
1088 1181 1120 1247 ή
1149 1178 1456 1248 Ἀντιόχεια
1498 1176 1591 1229 καὶ
1617 1177 1874 1247 ἀρχιεπι-

292 1270 501 1331 σκοπὰς
533 1271 777 1339 μεγάλας
803 1269 966 1323 όκτὼ·
998 1276 1066 1324 α’.
1094 1271 1195 1340 τὴν
1232 1270 1480 1340 Βέροιανο
1516 1266 1580 1338 β’.
1606 1269 1702 1338 τὴν
1728 1267 1875 1321 Χαλ-

293 1363 502 1431 κηδόνα
530 1380 544 1391 ·
588 1370 657 1431 γ’.
691 1362 791 1435 τὴν
820 1364 1157 1431 ’Λγὰϐαλλα·
1182 1362 1245 1416 δ’.
1277 1362 1377 1432 τὴν
1424 1362 1747 1416 Σελεύκειαν
1774 1360 1876 1430 τῆς

292 1454 527 1523 Πιερίας
554 1470 569 1484 ·
605 1454 668 1507 ε’.
707 1456 805 1518 τὴν
835 1453 1207 1523 Ἀνασάρθην,
1257 1454 1380 1523 ἥτις
1433 1453 1525 1505 καὶ
1565 1451 1875 1520 Θεοδωρού-

290 1549 451 1610 πόλις
516 1546 782 1600 καλεῖται·
823 1545 894 1611 ς’.
939 1546 1039 1613 τὴν
1084 1546 1317 1599 [Idl-tow
1372 1542 1437 1609 ζ’.
1481 1542 1580 1615 τὴν
1609 1545 1648 1595 Γ
1653 1541 1872 1596 αϐολάν⁶

290 1641 365 1710 η’.
411 1640 510 1710 τὴν
569 1637 895 1707 Βαλαάμαν.
934 1639 1057 1690 Ἔτι
1116 1636 1232 1705 ἔχει
1283 1637 1380 1689 καὶ
1435 1634 1877 1706 ἀρχιεπισκοπὰς

289 1730 453 1792 λιτὰς
510 1730 603 1782 καὶ
634 1727 929 1798 ἐλευθέρας
980 1727 1167 1780 πέντεο
1200 1724 1270 1781 α’.
1303 1726 1401 1796 τὴν
1455 1725 1766 1794 Σαλαμίων·
1806 1722 1874 1793 β’.

1981 545 2188 600 εεεειιι,
2238 543 2292 589 ει
2344 534 2488 603 quod
2520 545 2647 588 ante
2702 544 2859 588 erant
2890 534 3234 604 episcopatus
3259 537 3435 591 nullos
3467 540 3571 591 sub

1983 642 2045 683 se
2093 628 2292 683 habent
2344 629 2651 697 episcopos,
2685 627 3138 696 quemadmodum
3192 632 3429 699 antiqua:
3455 645 3571 683 me—

1986 720 2254 787 tropoles;
2282 730 2336 775 et
2355 732 2478 775 sunt
2510 734 2738 774 numero
2767 729 2893 773 octo
2923 734 2937 773 :
2974 719 3025 784 l,
3058 718 3262 784 Bariti;
3304 720 3360 774 2.
3392 721 3574 773 lleliu-

1983 812 2192 882 polcos.
2220 826 2340 881 qua:
2364 827 2428 866 ex
2457 811 2651 866 throno
2672 809 2922 864 Damasci
2958 810 3195 864 abscissa
3217 822 3333 878 est;
3359 812 3411 865 5.
3439 812 3576 865 Lao-

1983 904 2173 958 diceae.
2244 904 2299 958 4.
2375 903 2807 958 Samosatornm.
2854 903 2906 957 5.
2979 902 3462 972 Martyropoleos;
3515 901 3569 956 6.

1987 996 2344 1065 Mopsuestae;
2408 996 2463 1049 7.
2524 996 2726 1050 Adame
2750 1013 2765 1061 ;
2793 995 2848 1049 8.
2880 995 3348 1064 Pompeiupnleos.
3386 996 3572 1047 Adhuc

1986 1090 2147 1145 etiam
2177 1089 2549 1143 Antiochenus
2575 1089 2737 1143 habet
2779 1088 3030 1158 ingentes
3073 1086 3573 1155 archiepiscomtus

1984 1195 2145 1238 octo:
2181 1184 2233 1237 1.
2253 1182 2528 1237 Berrmam
2548 1199 2563 1247 ;
2584 1182 2639 1235 ἓ.
2670 1182 3067 1236 Chalcedonem
3089 1222 3102 1246 ,
3133 1181 3185 1234 '5.
3219 1180 3569 1249 Agaballam;

1986 1277 2039 1329 4.
2074 1274 2378 1329 Seleuciam
2406 1272 2635 1339 Pieriae;
2689 1274 2744 1327 5.
2778 1273 3136 1326 Anasartham
3164 1287 3284 1340 qua:
3309 1280 3363 1324 et
3390 1271 3572 1324 Theo-

1986 1367 2508 1437 dorupolisfdicitur:
2536 1367 2606 1431 6;
2635 1365 2823 1420 Polton
2854 1382 2869 1431 ;
2909 1366 2961 1419 7.
2985 1364 3277 1429 Gabulam;
3309 1364 3361 1417 8.
3386 1364 3573 1417 Balaa-

1984 1473 2150 1512 mam.
2215 1457 2419 1511 Praiter
2466 1457 2565 1511 bos
2608 1460 2768 1511 habet
2804 1466 2856 1509 et
2904 1455 3038 1509 alios
3079 1456 3573 1523 archiepiscopatus

1989 1561 2176 1603 tenues
2224 1558 2277 1602 et
2321 1548 2519 1602 liberos
2553 1548 2795 1616 quinque
2830 1565 2843 1600 :
2878 1546 2925 1599 l.
2971 1546 3304 1608 Salamiant;
3352 1544 3405 1598 2.
3442 1545 3575 1597 Ber-

1987 1657 2139 1706 cum;
2181 1641 2233 1695 3.
2268 1640 2522 1705 lthason;
2556 1640 2611 1693 4.
2640 1639 2941 1708 Agathem;
2986 1639 3041 1694 5.
3090 1638 3475 1692 Barcusorum.
3510 1637 3576 1689 Et

1989 1733 2069 1786 ha:
2117 1731 2369 1786 Ecclesiae
2398 1745 2590 1784 omnes
2637 1732 2832 1783 throno
2868 1730 3208 1783 Antiochcno
3243 1728 3571 1791 subdantur,

292 1824 395 1892 τὴν
458 1821 665 1891 Βέρκον
691 1838 704 1851 ·
732 1827 803 1889 γ’.
864 1819 964 1891 τὴν
1005 1820 1210 1872 Ῥασᾶν
1242 1835 1256 1849 ο
1299 1816 1361 1872 δ’.
1395 1818 1493 1888 τὴν
1523 1816 1787 1885 Ἀγάθην·
1818 1821 1880 1870 ε’.

1986 1824 2131 1893 quod
2162 1823 2345 1892 plures
2372 1820 2683 1891 provincias
2709 1830 2763 1874 et
2790 1820 3059 1885 civitates,
3098 1820 3282 1887 utjam
3312 1818 3571 1881 diximus,

290 1913 397 1984 τὴν
426 1914 782 1984 Βαρκουσῶν.
810 1908 983 1967 Αὖται
1011 1914 1109 1983 μὲν
1132 1914 1305 1965 πᾶσαι
1333 1912 1388 1964 αἱ
1420 1910 1712 1983 ἐκκλησίαι.
1749 1910 1883 1962 ὑπό-

293 2021 516 2055 κεινται
556 2003 633 2072 τῷ
669 2003 844 2071 θρόνῳ
898 2000 1268 2070 Ἀντιοχείας,
1303 2000 1392 2053 διὰ
1437 1999 1499 2052 τὸ
1543 1999 1639 2052 καὶ
1680 1997 1882 2061 πολλὰς

292 2097 570 2166 ἐπαρχίας
598 2096 692 2148 καὶ
724 2094 910 2165 χώρας
946 2094 1092 2165 ἔχειν
1138 2093 1228 2163 ὑφ’
1260 2092 1481 2164 ἑαυτὴν,
1508 2093 1585 2155 ὡς
1623 2094 1892 2169 εἴπομεν.⁸

298 2190 447 2262 Πρὸς
493 2191 601 2260 γὰρ
644 2191 710 2260 τῇ
768 2188 1170 2243 Βαϐυλῶνικαὶ
1193 2190 1260 2259 τῇ
1289 2186 1482 2254 Ἰνδίᾳ,
1519 2184 1615 2238 καὶ
1641 2186 1708 2255 τῇ
1743 2185 1883 2253 Περ-

294 2278 415 2347 σίᾳ,
446 2277 559 2349 ἔχει
581 2278 680 2348 τὴν
707 2279 979 2347 ἐπαρχίαν
1013 2280 1113 2347 τῆς
1136 2277 1337 2346 Κοίλης
1361 2277 1582 2345 Συρίας,
1607 2275 1706 2346 τὴν
1730 2272 1882 2343 πρώ-

294 2386 424 2439 την,
462 2370 598 2423 ὅπου
625 2371 658 2438 ή
710 2370 1042 2438 Ἀντιόχεια,
1075 2370 1171 2421 καὶ
1200 2369 1300 2439 τὴν
1334 2369 1622 2438 δευτέραν,
1656 2366 1755 2419 καὶ
1783 2366 1881 2435 τὴν

296 2459 581 2523 Κιλικίαν,
618 2459 710 2511 καὶ
744 2458 842 2527 τὴν
877 2457 1174 2528 ἰσαυρίαν,
1206 2458 1304 2527 τὴν
1336 2456 1433 2510 καὶ
1483 2457 1753 2525 ἐπαρχίαν
1782 2456 1881 2506 Εὐ-

294 2551 637 2621 φρατησίας,
672 2549 769 2603 καὶ⁵
808 2549 1230 2618 Ἀγιουπόλεως,
1266 2548 1481 2618 καὶτῆς
1511 2546 1883 2615 Θεοδωριάδος

295 2643 403 2711 τῆς
429 2639 731 2710 Ὀσροηνῆς
776 2639 874 2709 τῆς
917 2638 1347 2706 Μεσοποταμίας
1383 2675 1398 2700 ,
1475 2636 1593 2706 ἦτοι
1641 2635 1880 2704 τετάρτη

310 2733 604 2805 Ἀρμενία,
640 2732 830 2786 καὶτὰ
864 2730 1122 2801 μεθόρια,
1150 2731 1247 2784 καὶ
1279 2729 1404 2792 τοὺς
1435 2729 1597 2800 ὄρους
1652 2727 1878 2799 Συρίας,

295 2825 400 2879 καὶ
425 2826 684 2896 Περσίας.
714 2825 836 2878 Ἔτι
859 2825 914 2878 δὲ
931 2826 1025 2877 καὶ
1050 2825 1245 2894 ἐτέρας
1269 2824 1541 2894 ἐπαρχίας
1559 2823 1878 2891 διαφόρους,

293 2920 396 2973 καὶ
428 2918 670 2987 κλίματα
712 2917 813 2971 οὐκ
868 2917 1045 2983 ὀλίγα.
1097 2917 1337 2987 Κατεῖχε
1372 2916 1429 2967 δὲ
1482 2915 1752 2987 πρότερον
1777 2914 1880 2976 ἕως

294 3012 399 3081 τῆς
439 3011 786 3082 Χαλκηδόνος
815 3009 916 3079 τῆς
982 3010 1254 3076 ἀντίπερα
1284 3007 1379 3060 τοῦ
1426 3008 1751 3072 Βυζαντίου,
1779 3004 1883 3073 τῆς

296 3104 401 3157 νῦν
441 3102 1095 3164 Κωνσταντινουπόλεως,
1128 3100 1229 3169 τῆς
1286 3102 1342 3152 ἐν
1401 3101 1465 3169 τῇ
1528 3094 1921 3169 Προποντίδι,’

1984 1917 2083 1970 sub
2128 1930 2186 1969 se
2240 1915 2565 1969 contineret.
2630 1910 2875 1981 Namque
2925 1923 3125 1980 praeter
3154 1910 3483 1980 Babylonem
3517 1918 3575 1965 et

1981 2005 2187 2061 Indiam
2234 2011 2289 2058 et
2322 2002 2591 2066 Persiam,
2642 2000 2804 2055 habet
2835 2003 2999 2054 etiam
3054 1999 3220 2055 leae
3251 1999 3424 2069 Syriae
3446 2014 3574 2067 pro—

1983 2094 2216 2148 vinciam
2271 2091 2529 2163 primam,
2583 2091 2638 2145 in
2691 2105 2795 2159 qua
2855 2089 3144 2145 Antiochia
3210 2090 3318 2144 sita
3381 2098 3574 2155 est,et

1984 2186 2307 2249 secundam,
2350 2194 2405 2239 et
2457 2183 2727 2245 Ciliciam.
2786 2193 2841 2237 et
2889 2183 3176 2247 Isauriam,
3209 2197 3329 2252 quae
3359 2192 3440 2235 est
3468 2183 3574 2236 Eu-

1984 2277 2272 2345 phratesia:
2319 2276 2596 2344 provincia
2653 2284 2758 2339 est,
2803 2284 2858 2328 et
2885 2273 3267 2344 Hagiupoleos,
3312 2284 3367 2329 et
3396 2274 3575 2328 Theo-

1983 2366 2224 2421 doriadis
2266 2363 2525 2420 Osroenaa
2582 2365 3006 2432 Mcsopmamim,
3040 2365 3154 2419 sive
3178 2377 3429 2432 quartam
3472 2368 3577 2418 Ar-

1986 2458 2217 2514 meniam
2279 2468 2334 2511 et
2378 2458 2610 2513 conﬁnia
2671 2457 2788 2510 loca
2849 2472 2899 2510 ει
2956 2456 3217 2511 terminos
3262 2457 3462 2523 Syriw,
3519 2465 3575 2511 ct

1982 2550 2204 2614 Persice,
2250 2565 2350 2606 nec
2396 2564 2502 2603 non
2552 2558 2609 2605 et
2637 2549 2771 2604 alias
2799 2549 3104 2617 provincias
3134 2560 3189 2603 et
3216 2548 3485 2611 diversas,
3517 2556 3575 2601 et

1983 2643 2232 2711 regiones
2299 2640 2591 2695 admodum
2668 2640 2868 2696 multas
2919 2659 2933 2695 :
2975 2640 3227 2711 illiusque
3272 2640 3571 2694 dominium

1982 2727 2381 2785 diﬂundebatur
2431 2745 2597 2799 usque
2627 2732 2693 2784 ad
2743 2728 3164 2794 Chalcedonem,
3196 2746 3317 2801 quae
3342 2733 3573 2785 adversa

1983 2831 2070 2878 est
2103 2822 2388 2893 Byzantio,
2423 2837 2567 2878 nunc
2589 2823 3086 2893 ConstantinOpoli,
3141 2826 3194 2877 in
3246 2822 3577 2891 Propontide

1983 2915 2126 2979 sitae,
2186 2915 2371 2985 inqua
2432 2917 2578 2984 quod
2632 2915 2831 2969 dicitur
2852 2916 3153 2970 Damalium
3188 2917 3453 2971 cernitur.
3491 2914 3571 2969 lbi

1984 3008 2128 3061 enim
2174 3007 2411 3062 Damalis
2460 3007 2648 3062 bucula
2695 3022 2727 3062 e
2757 3023 3029 3064 marmore
3071 3023 3234 3076 super
3263 3006 3573 3062 columnam

1983 3098 2185 3153 stabat.
2243 3097 2369 3153 Haec
2395 3099 2575 3167 itaque
2626 3097 2806 3151 omnia
2832 3100 3206 3153 Antiochenus
3235 3097 3570 3168 possidebat.

295 3200 438 3252 ὅπου
464 3197 559 3250 καὶ
594 3196 657 3249 τὸ
682 3195 975 3264 λεγόμενον
1009 3193 1282 3263 Δάμαλον.
1313 3193 1530 3246 ’Ἱστατο
1571 3194 1681 3263 γὰρ
1729 3190 1965 3263 δαμαλίς
2003 3210 2087 3256 τις
2121 3191 2443 3264 μαρμαρίνη
2498 3194 2684 3245 ἐπάνω
2729 3190 2907 3256 κίονος
2962 3193 3246 3264 ἱδρυμένη.
3304 3193 3574 3261 Κατεῖχεν

296 3290 396 3343 οὖν
435 3291 529 3341 καὶ
553 3290 581 3339 ὁ
614 3287 948 3356 Ἀντιοχείας
974 3286 1151 3339 ταῦτα
1181 3286 1385 3339 πάντα.

385 3382 550 3434 Ἀλλὰ
585 3381 681 3433 καί⁸
714 3382 741 3433 ό
788 3377 1199 3448 Ἀλεξανδρείας
1234 3380 1493 3447 κατεῖχεν
1529 3376 1751 3430 ἃπασαν
1778 3375 1879 3447 τὴν

2054 3377 2456 3432 Alexandrinus
2495 3378 2659 3432 etiam
2710 3387 2876 3432 totatn
2904 3378 3131 3450 Libyam
3191 3380 3501 3447 possidebat
3522 3389 3577 3432 et

297 3473 537 3542 Λιϐύην,
571 3475 668 3527 καὶ
699 3472 798 3539 τὴν
830 3471 1141 3535 Αἰθιοπίαν,
1171 3471 1266 3523 καὶ
1306 3470 1410 3533 ἕως
1468 3468 1874 3539 Μαρμαρικῆςο

296 3571 399 3622 καὶ
432 3567 704 3637 Ἀφρικῆς
732 3566 1073 3635 Τριπὸλεως,
1118 3566 1214 3617 καὶ
1254 3567 1438 3617 πᾶσαν
1472 3564 1571 3634 τὴν
1594 3564 1877 3631 Αἴγυπτον

297 3664 401 3715 καὶ
430 3660 601 3731 αὐτὴν
628 3661 729 3728 τὴν
781 3656 1176 3727 Παλαιστίνην,
1209 3656 1339 3711 ἔνθα
1396 3657 1465 3709 τὰ
1502 3657 1873 3727 Ἰεροσόλυμα.

300 3754 459 3825 Ἔχει
487 3750 579 3806 οὖν
619 3753 715 3806 καὶ
751 3742 907 3813 οὗτος
947 3749 1220 3821 ἐπαρχίας
1266 3749 1584 3816 διαφόρους,
1626 3749 1721 3801 καί¹
1769 3764 1878 3816 μη-

296 3846 590 3918 τροπόλεις
631 3845 918 3915 δεκατρεῖς
949 3859 964 3873 ο
1007 3843 1236 3913 πρώτην
1266 3841 1563 3911 ἐπαρχίαν,
1593 3840 1693 3911 τὴν
1729 3840 1881 3910 πρώ-

298 3955 404 4009 την
436 3936 774 4006 Σταμνίκης,
791 3930 897 4008 ἐνῇ
925 3934 1117 4004 πρώτη
1141 3934 1472 4005 μητορόπλις
1494 3935 1553 3988 τὸ
1576 3932 1881 4003 Πηλούσιον

299 4030 508 4099 ἔχουσα
559 4029 857 4099 διαφόρους
914 4028 1244 4091 ἐπισκοπὰς,
1307 4026 1405 4079 καὶ
1464 4029 1566 4097 τὴν
1616 4026 1882 4093 δευτέραν

299 4123 579 4192 ἐπαρχίαν
614 4121 966 4190 Σταμνίκης,
1015 4121 1072 4172 ἐν
1197 4118 1533 4191 μητρόπολις
1576 4118 1805 4187 δευτέρα
1850 4118 1883 4186 ἡ

301 4212 542 4281 Λεοντὼ,
564 4214 765 4283 ἔχουσα
796 4212 1094 4281 διαφόρους
1123 4210 1451 4273 ἐπισκοπὰς,
1490 4212 1585 4263 καὶ
1608 4210 1708 4279 τὴν
1735 4208 1887 4281 πρώ-

300 4329 405 4383 την
444 4310 722 4378 ἐπαρχίαν
772 4307 1077 4374 Αἰγύπτου,
1127 4306 1184 4357 ἐν
1292 4308 1385 4358 καὶ
1413 4306 1446 4373 ἡ
1478 4304 1884 4375 Ἀλεξάνδρεια,

305 4404 340 4474 ἠ
377 4400 589 4470 κεφαλὴ
613 4396 828 4462 πασῶν,
853 4395 950 4449 καὶ
990 4396 1087 4465 τὴν
1124 4394 1387 4465 δευτέραν
1415 4393 1688 4464 ἐπαρχίαν
1724 4395 1889 4461 Αίγύ-

305 4512 466 4560 πτου,
496 4494 592 4547 καὶ
628 4491 726 4563 τὴν
769 4488 1043 4560 ἐπαρχίαν
1068 4487 1392 4557 Ἀρκαδίας,
1443 4482 1556 4560 ἐνῇ
1589 4486 1747 4555 τρίτη
1786 4503 1889 4555 μη-

304 4587 562 4659 τρόπολις
636 4583 962 4653 Ὀξύρυχος,
1018 4582 1217 4651 ἔχουσα
1240 4579 1547 4639 ἐπισκοπὰς
1573 4580 1887 4647 διαφόρους,

1982 3470 2312 3539 λΕιιιίορίειη
2349 3481 2401 3525 ει
2431 3469 2833 3537 Marmaricam,
2860 3488 3034 3541 usque
3057 3474 3123 3526 ad
3156 3472 3405 3539 Tripolin
3430 3472 3579 3525 Alri-

1980 3575 2198 3622 canam,
2226 3574 2326 3614 nec
2351 3576 2454 3614 non
2484 3563 2793 3616 universam
2817 3562 3111 3631 [Egyptum
3142 3572 3195 3615 et
3221 3561 3572 3617 Palaestinam

1982 3652 2178 3721 ipsam,
2206 3652 2282 3713 .in
2335 3667 2438 3720 qua
2489 3662 2616 3709 sunt
2680 3654 3078 3724 Hierosolyma,
3107 3655 3270 3707 habet
3309 3655 3492 3721 itaque
3520 3669 3577 3707 et

1982 3744 2099 3812 ipse
2174 3744 2483 3813 provincias
2565 3745 2744 3799 varias
2790 3753 2846 3799 et
2888 3743 3217 3812 tnetropoles
3290 3742 3573 3797 tredecim.

1983 3832 2221 3888 Primam
2279 3834 2638 3902 provinciam,
2700 3836 2932 3905 primam
2991 3834 3282 3889 Stantnicaz
3345 3835 3400 3889 in
3453 3851 3565 3904 qua

1983 3928 2158 3991 prima
2213 3925 2534 3995 metropolis
2579 3936 2662 3980 est
2694 3924 2992 3989 Pelusium,
3026 3923 3206 3978 varios
3257 3924 3357 3979 sub
3385 3940 3445 3978 se
3474 3924 3574 3976 ha-

1985 4021 2122 4074 bens
2157 4019 2524 4088 episcopatus,
2551 4028 2605 4072 et
2632 4019 2925 4073 secundam
2946 4017 3295 4087 [provinciam
3332 4016 3574 4070 Stamni-

1986 4125 2063 4164 ea:
2097 4110 2149 4161 in
2211 4124 2319 4178 qua
2350 4118 2435 4163 est
2486 4109 2723 4163 secunda
2762 4109 3077 4177 metropolis
3108 4106 3341 4171 Leonto,
3368 4107 3577 4163 habens

1990 4204 2237 4258 diversos
2270 4202 2646 4273 episc0patus;
2689 4211 2743 4256 et
2769 4199 3001 4270 primam
3051 4201 3385 4269 provinciam
3411 4199 3578 4269 IEgy-

1990 4297 2089 4365 pti,
2148 4296 2333 4365 inqua
2405 4296 2734 4350 Alexandria
2775 4304 2881 4358 est,
2943 4303 3260 4348 caeterarum
3294 4301 3493 4363 caput;
3527 4300 3583 4345 et

1992 4388 2288 4439 secundam
2349 4386 2686 4455 provinciam
2714 4384 2958 4455 Egypti,
2988 4397 3039 4438 et
3099 4385 3428 4453 provinciam
3473 4387 3580 4435 Ar—

1993 4480 2183 4545 cadiae,
2225 4479 2275 4531 in
2310 4496 2415 4548 qua
2450 4479 2607 4531 tertia
2670 4487 2756 4532 est
2802 4477 3118 4545 metropolis
3148 4476 3436 4545 Oxyricus,
3480 4475 3582 4527 ha-

1995 4571 2129 4624 hens
2163 4570 2262 4623 sub
2321 4585 2378 4623 se
2412 4572 2592 4624 varios
2640 4572 3014 4638 episcopatus,
3049 4578 3102 4622 et
3131 4571 3422 4624 secundum
3459 4584 3580 4634 pro-

306 4682 402 4734 καὶ
430 4680 531 4745 τὴν
564 4677 827 4745 δευτέραν
868 4673 1147 4741 ἐπαρχίαν
1173 4671 1463 4739 Θηϐαἲδος,
1494 4672 1553 4721 ἐν
1661 4670 1882 4736 πέμπτη

1995 4662 2226 4715 vinciant
2280 4661 2595 4724 Thebaidis,
2665 4661 2719 4715 in
2784 4677 2887 4730 qua
2932 4670 3015 4715 est
3042 4660 3228 4727 quinta
3264 4659 3582 4727 metropolis

306 4735 649 4844 μητρόπολις
676 4735 1005 4835 Πτολεμαῒς,
1018 4735 1338 4835 ’ἐχουσανὺιίΐ
1357 4762 1557 4832 ἐαυτὴν
1581 4735 1882 4823 ἐπισκοπὰς

1998 4753 2311 4820 Ptolemais,
2386 4754 2594 4808 habens
2627 4754 2728 4807 sub
2754 4768 2813 4807 se
2844 4754 3187 4821 episcopatus
3235 4751 3496 4814 diversos,
3527 4759 3581 4803 ct

301 4865 623 4933 διαφόρους,
684 4862 779 4913 καὶ
849 4859 949 4927 τὴν
1011 4856 1285 4926 ἐπαρχίαν
1315 4854 1545 4922 Λιϐύης,
1592 4855 1650 4905 ἐν
1689 4847 1892 4926 ᾖαῦτη

309 4954 652 5029 μητρόπολις
676 4949 923 5022 Δαρικὼ,
954 4949 1156 5019 ἔχουσα
1198 4947 1512 5010 ἐπισκοπὰς
1551 4964 1727 5008 τινας.
1772 4946 1895 4997 Ἔτι

304 5049 423 5118 ἔχει
450 5047 644 5115 ἑτέραν
708 5042 1109 5114 μητρόπολινή
1153 5038 1558 5108 Ἀλεξάνδρεια,
1612 5038 1710 5090 καὶ
1745 5036 1895 5089 ἐϐδό-

310 5159 422 5211 μην
469 5141 567 5209 τὴν
601 5138 843 5207 Μάριατ,
894 5135 990 5186 καὶ
1044 5131 1240 5203 ὀγδόην
1293 5132 1393 5201 τὴν
1464 5131 1675 5182 Γονέσιν
1722 5131 1780 5179 ἐν
1818 5127 1895 5195 τῷ

303 5233 522 5303 ἑϐδόμῳ
588 5231 819 5301 στόματι
872 5231 964 5282 τοῦ
1001 5229 1219 5282 Νείλου.
1265 5225 1439 5278 Ἑπτὰ
1472 5224 1580 5294 γὰρ
1610 5222 1723 5292 ἔχει
1765 5220 1891 5274 στό-

310 5344 461 5398 ματα
489 5327 517 5378 ὁ
547 5323 763 5385 Νεῖλος,
798 5324 856 5373 ἐν
891 5316 972 5385 οἷς
1023 5320 1209 5381 πόλεις
1271 5319 1548 5385 διάφοροι.
1580 5308 1755 5367 Αὗται
1791 5313 1891 5382 μὲν

307 5417 403 5472 οὖν
436 5416 581 5470 ὀκτὼ
646 5415 1018 5485 μητροπόλεις
1048 5410 1487 5481 Ἀλεξανδρείας,
1543 5407 1767 5479 ἔχουσαι
1796 5403 1893 5458 καί⁸

307 5511 619 5573 ἐπισκοπὰς
675 5509 969 5579 διαφόρους
1027 5506 1117 5574 ὑφ’
1175 5505 1396 5567 ἑαυτάς.
1431 5502 1551 5555 Εἰσὶ
1586 5500 1643 5554 δὲ
1705 5501 1893 5553 λοιπαὶ

307 5606 476 5661 πέντε
530 5599 897 5675 μητροπόλεις
958 5598 1131 5667 αὐτῆς
1183 5599 1285 5651 οὐκ
1324 5596 1545 5666 ἔχουσαι
1585 5592 1891 5654 ἐπισκοπὰς

310 5697 404 5765 ὑφ’
436 5697 661 5759 ἑαυτάς.
716 5695 841 5748 Elei
873 5694 931 5747 δέ
982 5692 1148 5745 αὑταὶ
1181 5692 1214 5760 ἠ
1254 5689 1528 5759 Δαμιὰτα,
1578 5688 1611 5758 ἡ
1657 5687 1825 5751 Σάτα,
1852 5685 1886 5755 ἡ

307 5790 412 5863 τῆς
455 5790 722 5863 Ἐρυθρᾶς
755 5788 1055 5859 θαλάσσης,
1090 5784 1350 5859 ήΦαράν,
1374 5786 1467 5839 καὶ
1500 5785 1531 5854 ὴ
1564 5784 1727 5853 Ἀρη,
1748 5779 1887 5849 ὁμοῦ

1992 4844 2331 4913 provinciam
2388 4841 2588 4912 Libym,
2621 4844 2675 4895 in
2732 4858 2839 4910 qua
2862 4850 2944 4896 cst
2977 4841 3294 4909 metroltolis
3325 4840 3579 4901 Darinco,

1992 4936 2199 4990 habens
2230 4933 2517 4988 nonnullus
2540 4933 2903 5001 episcopatus.
2931 4929 3122 4984 Adhuc
3144 4931 3304 4984 habet
3334 4940 3389 4982 et
3417 4930 3579 4983 aliam

1993 5040 2317 5109 metropolin
2370 5039 2792 5101 Alexandrinus,
2851 5053 2970 5107 qua:
2998 5036 3158 5091 fuerit
3214 5036 3444 5107 septima
3473 5036 3583 5090 Ma-

1993 5134 2101 5187 riat
2148 5141 2204 5186 et
2256 5142 2506 5185 octavam
2566 5129 2843 5190 Tonesitn,
2904 5130 2957 5183 in
3016 5130 3249 5198 septimo
3308 5128 3409 5182 Nili
3443 5130 3584 5184 ostio

1998 5224 2179 5286 sitam,
2208 5234 2413 5291 septem
2451 5220 2592 5274 enim
2616 5220 2769 5273 Ostiis
2814 5218 2967 5272 Nilus
2994 5220 3045 5271 in
3079 5234 3231 5273 mare
3261 5216 3581 5283 infunditur,

2000 5311 2273 5380 inquibus
2332 5311 2493 5364 variae
2555 5310 2806 5364 civitates
2848 5310 3053 5378 jacent.
3110 5307 3402 5376 llaeitaque
3459 5322 3583 5362 octo

1999 5403 2354 5458 Alexandrini
2414 5402 2764 5471 tnetropoles,
2831 5418 2951 5472 qua:
3003 5405 3180 5456 varios
3212 5402 3313 5457 sub
3364 5416 3421 5456 se
3472 5402 3584 5471 epi-

1992 5508 2250 5563 scopatus
2310 5496 2549 5560 habent;
2594 5498 2844 5552 uuamvis
2897 5495 3006 5548 sint
3060 5505 3115 5547 ct
3173 5494 3293 5546 alia:
3345 5493 3584 5562 quinque

1992 5595 2152 5650 nullis
2206 5594 2611 5662 episcopalibus
2662 5595 3008 5663 conSpicute,
3071 5607 3265 5661 nempe
3312 5590 3581 5653 Datniata,

1990 5688 2141 5750 Sata,
2189 5687 2357 5740 maris
2388 5686 2579 5751 Rubri,
2618 5684 2852 5751 Pharan,
2882 5686 3027 5751 Are;
3057 5699 3245 5739 omnes
3284 5683 3441 5737 simul
3472 5692 3584 5736 tre-

1988 5782 2193 5837 decim.
2273 5778 2441 5835 Erant
2499 5777 2869 5835 Alexandrino
2901 5786 2955 5833 et
3013 5777 3106 5833 alii
3144 5777 3322 5832 throni
3356 5776 3583 5837 diversi.
