4074 6468
2572 219 2648 234 ’1³1

472 344 602 410 1031
1777 332 1942 395 NiL!
1988 327 2462 395 DOXAPATRII
3610 326 3747 394 1092

469 464 563 518 sed
590 467 714 531 post
747 457 933 514 Severi
963 454 1212 511 haeresim
1243 468 1273 508 a
1319 449 1632 506 Severiauis
1685 450 1877 506 sublai
1917 459 2070 516 sunt,

2177 450 2475 519 δεκατρεῖς.
2527 439 2654 516 Εἶχε
2715 443 2772 497 δὲ
2829 442 2923 497 καὶ
2950 442 3334 515 Ἀλεξάνδρεια
3403 444 3499 498 καὶ⁵
3555 445 3752 512 ἄλλους

475 552 932 624 quemadmodum
960 560 1015 606 et
1045 550 1175 603 ditio
1205 549 1382 602 omnis
1403 545 1886 616 llierosolyutitana
1918 544 2066 614 ipsa-

2177 543 2401 616 θρόνους
2424 538 2683 602 πολλοὺς,
2710 538 2845 592 ἀλλὰ
2878 538 3020 606 μετὰ
3081 537 3141 591 τὸ
3188 538 3449 606 γενέσθαι
3476 539 3577 608 τὴν
3606 539 3754 610 αἵρε-

475 663 580 716 que
639 643 1032 713 Hierosolyma,
1091 653 1390 707 omnesque
1447 638 1566 691 alia:
1594 637 1749 691 sedes
1777 650 2067 705 quaemmc

2177 650 2258 686 σιν
2293 633 2549 704 Σηϐήρου
2590 630 3038 701 καθηρπάγησαν
3067 630 3176 684 ὑπὸ
3213 631 3324 685 τῶν
3367 632 3752 703 Σηϐηριανῶν,

474 746 602 793 sunt
660 738 762 792 sub
819 731 1310 802 llicmsolymitano
1361 731 1702 798 patriarcha;
1745 742 1978 796 namque
2010 737 2066 780 nt

469 826 581 897 jam
648 822 886 878 diximus
961 824 1270 875 universam
1338 819 1684 874 Paltestinaut
1734 817 2066 888 possidebat,

478 914 684 968 etalias
751 914 1081 982 provincias.
1126 911 1315 966 Adhuc
1345 912 1586 980 possidet
1614 911 1952 980 provinciam
1983 908 2069 963 Li-

473 1007 590 1076 Ityn:
639 1005 1134 1074 Pentapolitanam,
1180 1012 1234 1058 et
1290 1002 1625 1072 provinciam
1673 998 2066 1068 Tripolitanam

471 1091 769 1148 Barbariae.
829 1092 906 1146 Ex
938 1108 1048 1162 quo
1075 1093 1163 1157 lis,
1224 1106 1344 1161 quae
1370 1092 1511 1144 inter
1571 1089 2069 1143 Alexarulrinutuet

435 1161 969 1255 itlartliagiuensem
1026 1185 1278 1246 vertitur.
1343 1182 1682 1237 dissolvitur.
1735 1181 1884 1235 Binae
1925 1184 2066 1236 enim

477 1277 721 1345 Tripoles
778 1287 946 1330 sunt:
981 1293 1088 1330 una
1142 1278 1241 1329 sub
1276 1274 1519 1338 Oriente,
1571 1285 1626 1329 et
1685 1282 1769 1329 est
1816 1275 2068 1328 decimus

480 1369 672 1422 tertius
719 1368 1063 1436 episcoiiatus
1123 1366 1250 1438 Tyri
1278 1369 1380 1420 sub
1450 1368 1726 1436 provincia
1776 1366 2071 1419 thnicize

480 1463 807 1528 maritimae;
849 1461 1024 1530 Tyrus
1075 1475 1200 1513 vero
1249 1470 1351 1524 est,
1413 1467 1474 1512 ut
1529 1467 1684 1512 antea
1731 1458 2066 1526 scripsimus,

480 1553 656 1621 prima
701 1553 1027 1606 Autioelieni
1070 1551 1405 1617 metropolis,
1456 1563 1512 1604 ct
1561 1552 1672 1606 haec
1705 1567 1808 1604 una
1838 1549 2071 1619 Tripolis

475 1653 582 1696 est.
649 1642 834 1696 Altera
895 1652 980 1697 est
1033 1644 1135 1697 sub
1179 1642 1403 1696 dioecesi
1469 1641 1814 1712 Egyptiaca,
1873 1651 2072 1710 quaeet

478 1734 680 1804 Libyca
711 1745 817 1799 est,
849 1751 967 1803 quae
995 1736 1191 1789 dicitur
1219 1734 1512 1797 Barbarie},
1546 1733 1917 1788 Alexandrino
1974 1733 2074 1787 ob-

478 1831 660 1892 noxia,
725 1843 829 1881 non
882 1829 994 1897 ipsa
1023 1827 1310 1898 primario,
1354 1841 1535 1896 neque
1579 1829 1721 1880 enim
1757 1826 2070 1894 metropolis
2102 1815 2144 1868 Β

480 1927 589 1986 cst,
621 1918 715 1974 sed
740 1920 1087 1990 episcopatus
1117 1921 1213 1974 uni
1241 1920 1586 1974 Alexandria:
1618 1920 1902 1989 metropoli
1947 1922 2074 1976 sub-

477 2013 680 2081 jectus.
731 2011 953 2065 Frustra
1024 2013 1204 2080 itaque
1253 2026 1372 2065 eam
1427 2011 1530 2064 sibi
1565 2011 1803 2065 vindicat
1847 2011 2079 2066 Cartha-

485 2105 748 2174 giuensis,
805 2104 901 2171 qui
939 2104 1248 2172 praesidenti
1276 2102 1524 2172 Europa},
1564 2101 1808 2158 Romano
1839 2104 2073 2172 scilicet,

481 2195 789 2264 subjicitur.
820 2195 885 2248 Et
914 2197 1028 2250 haec
1054 2207 1140 2249 ess
1167 2194 1544 2260 Alexandrini,
1593 2210 1684 2248 seu
1715 2194 1894 2267 Libya:
1929 2197 2080 2251 thro-

483 2289 540 2344 ni
563 2289 839 2353 dioecesis,
861 2297 916 2342 et
967 2287 1095 2340 licet
1125 2287 1411 2340 universos
1447 2284 1662 2351 Oriens,
1692 2288 1819 2342 Asia
1853 2301 2080 2343 vocare.

485 2392 594 2444 tur,
653 2381 945 2434 universus
973 2376 1237 2432 Occidens
1293 2379 1534 2447 Europa,
1567 2389 1690 2432 sunt
1721 2379 2081 2435 nihilominus

481 2475 734 2530 civitates
795 2474 1076 2543 proprium
1123 2472 1229 2527 sibi
1261 2487 1455 2526 nomen
1507 2473 1650 2527 Asiae
1709 2474 2076 2540 vindicantes;

483 2567 650 2622 veluti
711 2566 977 2636 Ephesus,
1004 2580 1128 2635 qua:
1166 2567 1220 2618 in
1280 2562 1580 2619 Thracesio
1622 2573 1721 2631 est,
1752 2577 1802 2620 et
1827 2563 2075 2636 Smyrna,

484 2671 539 2714 et
586 2660 805 2730 reliqua:
825 2659 1021 2714 ibidem
1076 2659 1257 2723 urbes,
1292 2666 1351 2712 ut
1374 2656 1514 2712 infra
1571 2672 1927 2726 exponemus.
1954 2659 2076 2714 Pari

486 2753 699 2807 ratione
741 2753 906 2806 etiam
963 2751 1016 2806 in
1041 2750 1326 2805 occidente
1389 2760 1706 2822 spectantur
1733 2751 1914 2816 urbes,
1957 2767 2078 2822 qua:

486 2847 710 2915 proprie
737 2845 966 2911 Europae
1003 2858 1199 2899 nomen
1234 2844 1336 2898 sibi
1393 2852 1688 2911 usurpant;
1740 2852 1797 2896 ut
1822 2841 2078 2898 Heraclea

487 2939 543 2990 in
577 2935 833 3000 Thracia,
862 2934 1329 3004 Constantinopoli
1390 2936 1655 3002 proxiia.
1692 2935 1783 2988 Sic
1818 2935 1982 2989 etiam
2018 2944 2075 2989 et

490 3029 544 3081 iu
606 3026 776 3098 Libya
809 3027 1100 3093 nonnulla,
1141 3026 1360 3096 proprie
1408 3026 1588 3096 Libyae
1614 3040 1806 3081 nomen
1845 3027 1948 3080 sibi
1981 3027 2078 3079 ad-

2171 726 2366 796 ὦσπερ
2393 721 2508 797 εἶχε
2543 724 2636 779 καὶ
2662 725 2762 793 τὴν
2797 724 3160 794 διακράτησιν
3201 727 3384 780 πᾶσαν
3447 725 3755 796 Ἱεροσολύ-

2178 836 2322 889 μων,
2374 818 2472 871 καὶ
2523 816 2662 870 αὐτὰ
2699 817 2767 870 τὰ
2809 815 3188 888 Ἰεροσόλυμα,
3240 818 3334 870 καὶ
3386 818 3598 881 πάντας
3628 819 3755 882 τοὺς

2173 911 2399 981 θρόνους
2450 910 2580 972 τοὺς
2639 907 2737 964 νῦν
2786 909 3081 974 τελοῦντας
3117 910 3227 963 ὑπὸ
3280 911 3382 981 τὴν
3412 911 3626 980 ἐνορίαν
3667 913 3754 964 τοῦ

2173 1004 2365 1074 θρόνου
2401 1004 2819 1075 Ἱεροσολύμων.
2875 1001 3005 1074 Εἶχε
3030 1004 3141 1074 γὰρ
3193 1004 3287 1056 καὶ
3318 1003 3486 1074 αὑτὴν
3510 1004 3608 1074 τὴν
3641 1006 3757 1056 Πα-

2171 1095 2456 1165 λαιστίνην
2499 1098 2681 1148 πᾶσαν
2725 1097 2872 1162 τότε,
2941 1094 3017 1158 ὡς
3070 1096 3413 1166 προείπομεν
3471 1099 3565 1149 καὶ
3589 1098 3760 1160 ἄλλας

2179 1187 2477 1258 ἐπαρχίας.
2519 1189 2640 1240 Ἔτι
2695 1189 2916 1256 κατέχει
2940 1187 3038 1258 τὴν
3082 1187 3349 1258 ἐπαρχίαν
3385 1188 3591 1258 Λιϐύης
3621 1193 3760 1243 Πεν-

2171 1283 2479 1344 ταπόλεως,
2515 1283 2611 1334 καὶ
2639 1283 2739 1351 τὴν
2768 1280 3042 1350 ἐπαρχίαν
3067 1279 3386 1350 Τριπόλεως
3412 1278 3761 1352 Βαρϐαρίας,

2171 1373 2314 1425 ὥστε
2343 1375 2406 1426 ἐκ
2431 1372 2625 1425 τούτου
2653 1371 2844 1424 λύεται
2880 1373 2976 1424 καὶ
3039 1371 3070 1440 ἡ
3102 1369 3440 1440 φιλονεικεία
3496 1373 3529 1441 ἡ
3590 1372 3766 1440 μέσον

2171 1466 2268 1518 τοῦ
2300 1465 2715 1534 Ἀλεξανδρείας
2779 1465 2873 1517 καὶ
2933 1463 3026 1517 τοῦ
3077 1463 3464 1535 Καρθαγένης.
3500 1465 3604 1516 Δύο
3648 1464 3766 1534 γὰρ

2174 1559 2470 1628 Τριπόλεις
2519 1561 2681 1622 εἰσιν,
2733 1559 2765 1629 ἡ
2815 1559 2912 1627 μία
2979 1557 3084 1610 ὑπὸ
3134 1558 3232 1628 τὴν
3271 1556 3586 1626 Ἀνατολὴν,
3635 1556 3768 1627 ἥτις

2173 1652 2324 1703 ἐστὶν
2355 1650 2786 1720 τρισκαιδεκάτη
2819 1651 3096 1720 ἐπισκοπὴ
3115 1649 3298 1714 Τύρου
3324 1649 3428 1702 ὑπὸ
3445 1650 3544 1719 τὴν
3576 1651 3764 1717 ἐπαρ-

2173 1746 2299 1813 χίαν
2330 1742 2587 1813 Φοινίκης
2619 1741 2918 1812 παραλίας.
2965 1740 3028 1795 'H
3064 1739 3122 1795 δέ
3151 1740 3352 1810 Τύρος,
3384 1740 3460 1803 ὡς
3479 1738 3769 1810 προεγρά-

2179 1852 2279 1905 φη,
2310 1835 2506 1906 πρώτη
2550 1835 2888 1905 μητρόπολις
2919 1832 3274 1903 Ἀντιοχείας.
3298 1831 3446 1902 Αὕτη
3473 1831 3572 1903 μὲν
3602 1830 3699 1886 οὑν
3730 1833 3770 1902 ἡ

2181 1929 2280 1998 μία
2312 1927 2596 1998 Τρίπολις.
2626 1926 2797 1996 ’Ἄλλη
2837 1925 3104 1995 Τρίπολις
3159 1924 3265 1977 ὑπὸ
3313 1923 3411 1995 τὴν
3451 1925 3772 1992 Αἰγυπτια-

2179 2019 2281 2090 κὴν
2301 2019 2568 2089 διοίκησιν
2594 2018 2692 2089 τὴν
2721 2020 2813 2072 καὶ
2847 2015 3113 2086 Λιϐυκὴν,
3149 2018 3183 2088 ὴ
3213 2015 3483 2086 λεγομένη
3501 2015 3600 2084 τῆς
3623 2014 3776 2085 Βαρ-

2179 2109 2398 2179 ϐαρίας,
2429 2110 2770 2180 ὑποκειμένη
2803 2111 2870 2180 τῇ
2905 2107 3288 2179 Ἀλεξανδρείᾳ
3318 2109 3417 2160 οὑκ
3445 2108 3583 2178 αὑτὴ
3612 2125 3774 2176 πρω-

2179 2203 2431 2268 τότυπος.
2471 2204 2546 2257 Οὐ
2596 2202 2706 2273 γάρ
2764 2204 2880 2255 ἐστι
2929 2200 3287 2272 μητρόπολις,
3328 2201 3447 2254 ἀλλ’
3482 2201 3772 2271 ἐπισκοπὴ

2180 2297 2524 2368 ὑποκειμένη
2584 2298 2683 2366 μιᾷ
2732 2296 3077 2366 μητροπόλει
3127 2296 3190 2348 ἐκ
3235 2295 3344 2348 τῶν
3373 2293 3468 2346 τοῦ
3499 2293 3773 2358 Ἀλεξαν-

2179 2391 2384 2461 δρείας.
2419 2391 2614 2458 Μάτην
2648 2387 2740 2442 οὖν
2770 2388 3032 2456 ἐπιζητεῖ
3063 2387 3270 2458 ταύτην
3304 2388 3331 2439 ὁ
3373 2385 3773 2457 Καρθαγένης,

2179 2485 2207 2536 ὁ
2263 2483 2342 2553 τῷ
2399 2482 2502 2551 τῆς
2554 2481 2830 2551 Εὐρώπης
2880 2479 3295 2551 προκαθημένῳ
3348 2478 3718 2545 ὑποκείμενος
3749 2516 3766 2538 ,

2179 2568 2291 2628 οἷον
2345 2572 2424 2640 τῷ
2474 2571 2716 2640 Ῥώμης.
2755 2569 2846 2623 Ἐν
2915 2571 3130 2630 τούτοις
3180 2573 3272 2621 καὶ
3321 2569 3389 2621 τὰ
3428 2565 3521 2619 τοῦ
3565 2567 3769 2635 Θρόνου

2179 2662 2620 2733 Ἀλεξανδρείας,
2659 2661 2780 2732 ἦτοι
2823 2658 3053 2731 Λιϐύης,
3083 2660 3224 2730 πλὴν
3275 2661 3324 2712 εί
3374 2659 3468 2711 καὶ
3500 2659 3693 2713 ἅπασα
3730 2660 3769 2729 ἡ

2181 2755 2444 2828 ’Λνατολὴ
2458 2755 2615 2808 Ἀσία
2637 2755 2904 2821 ἐκαλεῖτο,
2931 2756 3026 2808 καὶ
3051 2754 3236 2808 ἅπασα
3257 2755 3287 2823 ἡ
3314 2753 3477 2816 Δύσις
3499 2752 3773 2822 Εὐρώπη.

2192 2847 2336 2902 Ἀλλ’
2358 2849 2466 2900 είσί
2498 2865 2646 2910 τινες
2674 2847 2850 2916 χῶραι
2881 2846 3314 2916 τῆςἈνατολῆς,
3341 2846 3546 2906 αἵτινες
3576 2845 3775 2908 tame;

2180 2941 2421 3010 χρῶνται
2455 2939 2534 3008 τῷ
2573 2941 2669 3007 τῆς
2698 2939 2886 3000 Ἀσίας
2917 2939 3168 3006 ὀνόματι,
3207 2937 3280 2994 ὼς
3313 2938 3344 3004 ή
3377 2939 3670 3007 Ἐιρεσοςή
3705 2941 3775 2989 ἐν

2125 3095 2137 3104 _
2179 3033 2260 3103 τῷ
2285 3033 2609 3104 Θρᾳκησίῳ,
2643 3035 2789 3104 καὶὴ
2822 3033 3067 3104 Σμύρνα,
3099 3032 3192 3085 καὶ
3220 3034 3426 3085 ἐκεῖναι
3453 3035 3621 3086 πᾶσαι
3659 3033 3772 3083 πό-

485 3121 718 3185 ciscunt,
772 3129 830 3174 ut
889 3119 1172 3189 provincia
1217 3117 1400 3189 Libya:
1425 3117 1800 3185 Pentapoleos,
1836 3131 1894 3170 ut
1917 3133 2076 3187 supra

2181 3126 2294 3187 λεις
2329 3125 2403 3188 ὼς
2446 3123 2572 3192 ἑξῆς
2617 3124 2955 3193 δηλώσομεν.
3003 3123 3231 3193 Ὁμοίως
3283 3123 3390 3176 εἰσὶ
3445 3123 3539 3175 καὶ
3578 3124 3635 3177 ἐν
3694 3127 3772 3193 τῇ

493 3221 794 3274 innuimus.
848 3220 958 3274 Has
996 3212 1181 3273 autem
1237 3219 1508 3288 generalia
1577 3218 1802 3276 nomina.
1867 3220 2077 3288 proprie

2183 3218 2344 3270 Δύσει
2375 3218 2581 3288 χῶραι,
2620 3217 2824 3279 αἵτινες
2853 3218 3100 3288 χρῶνται
3125 3215 3200 3287 τῷ
3231 3217 3328 3285 τῆς
3352 3217 3620 3286 Εὐρώπης
3650 3215 3780 3267 ὀνό-

493 3309 596 3363 sibi
638 3325 933 3380 usurpasse
955 3312 1024 3364 ob
1059 3310 1199 3363 hanc
1225 3323 1444 3362 causam
1483 3309 1755 3374 existimo,
1780 3311 1921 3378 quod
1957 3309 2077 3364 inde

2185 3329 2338 3381 ματι,
2372 3312 2447 3374 ώς
2494 3310 2798 3380 Ἡράκλεια
2844 3312 2875 3378 ἡ
2934 3312 2990 3360 ἐν
3051 3313 3118 3380 τῇ
3184 3308 3398 3380 Θρᾴκῃ,
3459 3308 3777 3378 ήπλησίον

489 3417 832 3472 unaquaeque
867 3401 1224 3470 parsinitium
1249 3400 1348 3455 sibi
1392 3409 1603 3465 sumat,
1657 3399 1976 3470 EurOpzrum
2013 3415 2077 3454 ex

2180 3402 2596 3456 Κωνσταντίνου
2625 3402 2854 3466 πόλεως.
2899 3400 3131 3470 Ὁμοίως
3163 3410 3255 3453 καὶ
3306 3400 3400 3451 ἐπὶ
3427 3401 3524 3469 τῆς
3553 3400 3775 3469 Λιϐύης

490 3494 744 3560 Thracia,
773 3495 1034 3548 Asianum
1081 3507 1148 3549 ex
1178 3494 1474 3548 Thracesio
1510 3502 1564 3548 et
1620 3494 1733 3564 pari
1757 3493 1966 3550 ratione
1993 3493 2077 3548 Li-

2180 3495 2290 3547 είσί
2326 3512 2470 3556 τινες
2494 3494 2674 3565 χῶραι
2711 3495 2896 3556 ίδικῶς
2931 3493 3032 3561 τῆς
3061 3493 3270 3565 Λιϐύης
3301 3493 3654 3563 καλούμεναι,
3685 3490 3774 3555 ὡς

490 3589 684 3658 hycum
708 3601 771 3643 ex
801 3585 1102 3656 Peutapoii.

2178 3587 2216 3657 ἡ·
2251 3587 2492 3657 ἐπαρχία
2515 3587 2723 3656 Λιϐύης
2750 3587 3166 3649 Πενταπόλεως,
3195 3589 3272 3650 ώς
3298 3586 3770 3658 προεγρὰψαμεν.

490 3680 594 3735 Διά
621 3680 892 3745 τοῦτοδὲ,
932 3679 1009 3744 ὡς
1038 3674 1218 3750 οἶμαι,
1253 3677 1443 3742 ίδικῶς
1505 3671 1667 3734 αὗται
1702 3679 2008 3750 ἐχρήσαντο
2036 3680 2149 3742 τοῖς
2187 3681 2428 3748 γενικοῖς
2459 3679 2712 3745 ὀνόμασι,
2744 3676 2836 3730 διὰ
2868 3676 2930 3730 τὸ
2968 3677 3184 3730 ἐκεῖθεν
3211 3675 3483 3746 ἄρχεσθαι
3531 3678 3774 3731 ἕκαστον

493 3776 689 3846 μέρος,
721 3775 893 3846 ἧγουν
922 3774 982 3827 τὺ
1014 3774 1342 3845 Εὑρωπαῖον
1367 3774 1432 3830 ἐκ
1459 3775 1560 3845 τῆς
1597 3772 1849 3845 Θρᾴκης,
1903 3774 1999 3828 καὶ
2020 3775 2080 3828 τὸ
2119 3772 2369 3827 Ἀσιανὸν
2433 3774 2500 3825 ἐκ
2547 3771 2884 3842 Θρᾳκησίου,
2952 3772 3156 3841 ὁμοίως
3189 3773 3282 3823 καὶ
3332 3770 3394 3823 τὸ
3425 3770 3662 3824 Λιϐυκὸν
3697 3774 3775 3825 ἐκ

489 3873 593 3943 τῆς
619 3871 1026 3932 Πενταπόλεως.

563 3962 841 4020 Romanus
898 3977 1050 4030 vero,
1121 3961 1542 4029 Alexandrinus,
1605 3978 1839 4019 necnon
1879 3965 2073 4019 Antio-

2256 3963 2454 4032 Διῴκει
2490 3962 2546 4014 δὲ
2573 3964 2604 4032 ὴ
2652 3960 2866 4032 Ῥώμη,
2895 3961 2989 4014 καὶ
3013 3959 3415 4030 ’Λλεξόινδρεια,
3444 3961 3540 4014 καὶ
3566 3961 3598 4030 ἡ
3639 3959 3771 4012 Ἀν-

492 4057 723 4124 clienus,
781 4071 908 4111 suas
949 4058 1235 4123 ὧοεοεεεε,
1262 4057 1423 4110 modo
1449 4071 1557 4126 quo
1613 4057 1852 4112 diximus
1879 4059 2077 4128 guber-

2183 4055 2396 4124 τιόχεια
2432 4052 2530 4115 τὰς
2557 4051 2646 4121 ὑφ’
2683 4051 2887 4114 ἑαυτὰς
2916 4051 3133 4119 ἐνορίας
3159 4050 3302 4102 οὕτω
3324 4065 3338 4078 ·
3372 4049 3600 4119 μηδενὸς
3633 4049 3775 4101 τολ-

494 4151 716 4214 nabant,
772 4164 894 4203 cum
941 4148 1122 4204 nullus
1182 4148 1410 4204 auderet
1460 4147 1514 4202 in
1549 4149 1777 4204 alterius
1815 4149 2074 4204 dimccsin

2179 4148 2392 4218 μῶντος
2439 4146 2547 4198 τῶν
2613 4142 2783 4216 τριῶν
2837 4143 3196 4214 ἐπεμϐαίνειν
3239 4144 3321 4205 είς
3372 4144 3468 4205 τὰς
3509 4142 3771 4213 dumi-iv

494 4242 681 4308 pedem
709 4237 930 4304 inferre,
974 4253 1074 4294 nec
1121 4240 1178 4294 in
1213 4253 1280 4295 ea
1321 4239 1692 4295 ordinationes
1719 4240 1942 4305 habere,
1977 4256 2077 4296 nec

2177 4238 2414 4309 ἐνορίας,
2455 4238 2592 4308 μήτε
2618 4239 2966 4308 χειροτονεῖν,
2993 4235 3124 4306 μήθ’
3143 4236 3278 4296 ὅλως
3303 4235 3527 4288 διοικεῖν
3561 4237 3773 4307 ἱερατι-

496 4333 792 4403 quidquam
818 4332 963 4386 aliud
1002 4345 1219 4387 sacrum
1277 4332 1584 4402 disponere,
1616 4333 1860 4403 proprias
1881 4333 2077 4388 dioeces-

2177 4333 2271 4386 κδν
2299 4332 2624 4402 διηρέσαντο
2663 4329 2786 4384 καθ’
2816 4331 2913 4384 ἐνα
2943 4330 3042 4392 τὰς
3093 4328 3312 4400 ἐνορίας
3350 4331 3534 4384 αὐτῶν
3563 4331 3641 4394 είς
3672 4331 3769 4395 ἐξ-

497 4438 583 4479 ses
644 4423 1016 4494 unusquisque
1074 4422 1374 4478 diviserunt
1404 4424 1459 4477 in
1511 4425 1810 4492 exarchos,
1879 4435 2077 4479 metro-

2181 4422 2408 4493 ἀρχους,
2469 4424 2548 4486 είς
2604 4420 2993 4492 μητροπόλεις,
3030 4422 3111 4484 εἰς
3144 4423 3634 4492 ἀρχιεπισκόπους,
3668 4425 3768 4477 καὶ

498 4512 794 4583 politanos,
853 4511 1295 4581 archiepiscopos
1349 4521 1406 4568 et
1437 4514 1738 4584 episcopos,
1779 4528 1900 4569 cum
1936 4513 2077 4569 haud

2185 4515 2265 4577 εις
2295 4515 2670 4575 ἐπισκόπους’
2712 4515 2834 4566 ἐπεὶ
2876 4512 2987 4583 γὰρ
3034 4512 3298 4567 ἀδύνατον
3353 4510 3422 4584 ἦν
3475 4515 3660 4576 αὐτοῖς
3698 4514 3769 4568 δι’

499 4604 614 4657 ileri
643 4610 829 4673 posset
856 4613 913 4656 ut
945 4603 1043 4671 ipsi
1068 4617 1163 4672 per
1193 4602 1415 4672 seipsos
1451 4604 1725 4674 parocbiis
1758 4606 1869 4660 suis
1901 4606 2077 4660 omni-

2187 4609 2401 4663 ἑαυτῶν
2429 4609 2530 4672 τὰς
2553 4607 2739 4671 πάσας
2765 4607 2982 4676 ἐνορίας
3007 4607 3219 4661 ἑαυτῶν
3243 4607 3488 4673 διοικεῖν,
3529 4609 3623 4661 καὶ
3664 4609 3773 4679 ψη-

501 4697 601 4750 bus
626 4694 845 4750 modum
873 4695 1238 4765 imponerent,
1273 4702 1327 4750 et
1355 4694 1648 4765 seligerent
1693 4694 1998 4765 episcOpos,
2025 4705 2077 4750 et

2182 4700 2438 4771 φίζεσθαι
2469 4702 2598 4764 τοὺς
2622 4702 2982 4764 ἐπισκόπους,
3015 4701 3111 4754 καὶ
3152 4705 3512 4772 χειροτονεῖν,
3542 4703 3637 4754 καὶ
3671 4703 3766 4769 ἐξ·

499 4797 908 4853 consecrarent,
948 4799 1004 4844 et
1063 4803 1150 4843 res
1197 4797 1526 4857 quaererent,
1582 4787 1704 4856 jura
1731 4788 1999 4852 dicerent,
2029 4798 2083 4843 et

503 4879 933 4950 pervestigarent
979 4887 1200 4947 propter
1245 4864 1504 4932 itinerum
1561 4875 1718 4947 longa
1771 4876 2077 4931 interVaIla.

503 4970 791 5040 Propterea
822 4973 874 5025 in
901 4970 1351 5025 eminentioribus
1380 4968 1674 5037 provinciis
1691 4976 1745 5024 et
1771 4969 2084 5039 regionibus

503 5061 767 5114 exarchos
789 5061 1206 5124 constitueront,
1243 5058 1296 5112 in
1319 5059 1443 5112 ali-is
1471 5057 1767 5127 provinciis
1792 5073 1985 5125 unum,
2027 5059 2082 5113 in

503 5151 734 5219 singulis
796 5151 1300 5220 metropolitanum;
1357 5164 1486 5204 cum-
1551 5163 1682 5204 vero
1728 5150 1828 5204 sub
1890 5151 2079 5206 eadem

506 5243 783 5313 provincia
826 5244 1010 5297 multae
1063 5244 1312 5297 civitates
1342 5242 1472 5306 sint,
1500 5256 1667 5295 unum
1722 5242 1937 5312 quidem
1967 5257 2083 5298 ωε·-

506 5335 910 5404 tropolitanum,
938 5343 995 5389 ut
1035 5334 1146 5404 jam
1176 5334 1436 5400 diximus,
1479 5333 1531 5387 in
1595 5332 1762 5388 totius
1790 5333 2082 5403 provinciae

507 5439 883 5508 spectabiliore
929 5437 1082 5503 urbe,
1127 5437 1269 5506 quod
1323 5436 1415 5490 illa
1443 5435 1606 5491 veluti
1643 5446 1818 5491 mater
1848 5435 2081 5505 reliqua-

508 5557 624 5596 rum
657 5541 869 5596 urbium
925 5540 1068 5594 illius
1093 5539 1383 5608 provincia:
1411 5547 1574 5604 esset,
1607 5537 1835 5608 ideoque
1868 5549 1921 5592 et
1942 5553 2082 5606 pne-

509 5634 681 5689 suleut
710 5635 762 5688 in
794 5649 855 5688 ea
894 5631 1363 5702 metropolitanum
1419 5632 1839 5702 nuncupabant;
1881 5632 1934 5686 in
1963 5631 2084 5687 aliis

512 5724 788 5781 vilioribus
814 5725 1032 5780 urbibus
1057 5726 1311 5780 creabant
1349 5723 1649 5792 episcopos.
1711 5723 1767 5780 Si
1814 5740 1934 5793 qua:
1957 5739 2085 5779 vero

513 5825 692 5868 essent
741 5817 902 5873 urbes
958 5817 1011 5872 in
1067 5805 1253 5874 eadem
1308 5816 1606 5886 provincia,
1637 5825 1688 5871 et
1718 5817 2085 5886 magnitudine

2183 4796 2421 4860 ετάξειν,
2463 4795 2560 4846 καὶ
2589 4795 2863 4859 δικάζειν,
2900 4794 2998 4847 καὶ
3050 4795 3280 4865 ἐρευνᾷν
3313 4793 3402 4848 διὰ
3428 4795 3490 4847 τὸ
3513 4793 3614 4863 τῆς
3638 4795 3767 4848 ὀδοῦ

2181 4888 2322 4941 πολὺ
2361 4889 2570 4959 μῆκος·
2607 4886 2697 4940 διὰ
2749 4886 2910 4941 τοῦτο
2962 4888 3021 4939 ἐν
3078 4886 3180 4957 μὲν
3231 4887 3353 4950 ταῖς
3398 4886 3770 4958 προεχούσσις

2182 4979 2483 5050 ἐπαρχίαις
2545 4978 2639 5032 καὶ
2685 4976 2896 5048 χώραις
2940 4979 3206 5048 ἐποίησαν
3266 4978 3552 5049 ἐξάρχους,
3594 4981 3650 5032 ἐν
3707 4979 3766 5033 δέ

2181 5074 2306 5134 ταῖς
2345 5069 2542 5134 ἄλλαις
2592 5071 2892 5140 ἐπαρχίαις
2923 5072 2980 5122 ἐν
3015 5071 3116 5140 μιᾷ
3154 5069 3365 5142 ἑκάστῃ
3428 5071 3524 5124 ἐνα
3572 5089 3771 5142 μητρο-

2185 5164 2435 5235 πολίτηνο
2472 5162 2596 5215 ἐπεὶ
2646 5163 2703 5215 δέ
2748 5160 2854 5214 ὑπὸ
2913 5161 3015 5232 τὴν
3051 5161 3220 5233 αὑτὴν
3251 5162 3524 5234 ἐπαρχίαν
3571 5165 3768 5218 πολλαὶ

2184 5256 2372 5317 πόλεις
2401 5255 2568 5320 είσὶν,
2602 5254 2702 5308 ἕνα
2737 5253 2841 5324 μὲν
2863 5253 3085 5307 ἐποίουν
3123 5254 3550 5324 μητροπολίτην,
3581 5254 3656 5318 ὡς
3686 5256 3769 5308 εἷ·-

2185 5367 2371 5422 ρηται,
2407 5350 2500 5402 τὸν
2558 5351 2615 5401 ἐν
2661 5349 2729 5417 τῇ
2783 5345 3061 5416 κρείττονι
3085 5346 3242 5400 πόλει
3280 5348 3380 5418 τῆς
3433 5347 3558 5418 δλης
3587 5350 3765 5420 ἐπαρ-

2187 5444 2330 5514 χίας,
2359 5441 2447 5494 διὰ
2477 5441 2538 5493 τὸ
2573 5441 2791 5511 μητέρα
2831 5437 3038 5507 ταύτην
3079 5438 3282 5491 ὡσανεὶ
3333 5434 3474 5492 εἶναι
3526 5438 3636 5493 τῶν
3662 5439 3767 5492 ὑπὸ

2185 5535 2286 5603 τὴν
2312 5533 2481 5602 αὑτὴν
2513 5531 2787 5601 ἐπαρχίαν
2827 5529 3038 5582 πόλεων
3065 5545 3078 5558 ·
3107 5529 3195 5583 διὰ
3237 5528 3397 5582 τοῦτο
3445 5530 3541 5584 καὶ
3580 5530 3672 5583 τὸν
3707 5532 3764 5584 ἐν

2186 5629 2327 5701 αὐτῇ
2363 5625 2624 5699 ἀρχιερέα
2674 5623 3083 5696 μητροπολίτην
3121 5621 3352 5676 ἐκάλουν
3383 5640 3397 5657 ο
3435 5624 3491 5676 ἐν
3525 5621 3582 5676 δὲ
3647 5623 3765 5684 ταῖς

2185 5722 2404 5784 λοιπαῖς
2431 5723 2552 5781 ταῖς
2578 5720 2767 5789 ἥττοσι
2797 5717 3019 5769 πόλεσιν
3051 5715 3272 5769 ἐποίουν
3321 5715 3678 5776 ἐπισκόπους.
3702 5710 3762 5764 Ei

2186 5816 2243 5867 δέ
2277 5833 2422 5877 τινες
2446 5809 2589 5882 ἦσαν
2622 5812 2805 5874 πόλεις
2835 5813 2893 5863 ἐν
2920 5811 2987 5878 τῇ
3016 5808 3150 5876 αὐτῇ
3202 5806 3450 5877 ἐπαρχία
3475 5807 3568 5859 καὶ
3597 5804 3761 5859 αὐτοὶ
