4074 6402
336 302 475 369 1093

1426 301 1741 361 NOTITIA
1783 296 2534 361 PATRIARCHATUUM.

3480 303 3618 370 1094

337 422 620 492 μέγισται,
660 417 757 471 καὶ
798 415 1001 487 μικρδν
1060 414 1480 469 ἅποπίπτουσαι
1532 415 1633 485 τῆς
1672 412 1925 485 πρώτης,

2035 420 2370 478 praestantes.
2431 423 2486 466 et
2537 426 2568 467 α
2620 411 2790 482 prima
2847 411 2935 467 illa
2977 427 3165 481 parum
3196 415 3533 485 differentes,
3562 422 3617 476 in

334 514 559 568 ἐποίουν
590 511 795 574 ταύτας
834 509 1283 581 ἀρχιεπισκοπάς
1314 526 1327 540 ο
1371 509 1580 569 αἵτινες
1632 507 1733 560 οὐκ
1776 502 1924 577 εἶχον

333 605 649 667 ὲπισκοπὰς
673 605 764 674 ὑφ’
787 604 1013 666 ἑαυτάςο
1032 604 1128 657 δύο
1144 606 1252 675 γὰρ
1278 602 1646 674 μητροπόλεις
1678 599 1927 669 γίνεσθαι

338 699 399 751 ὲν
434 698 534 766 μιᾷ
558 696 800 767 ἐπαρχίᾳ
825 696 1089 765 ἀδόκιμον
1116 696 1334 766 ἐκρίθη,
1369 699 1417 749 εί
1452 696 1527 767 μή
1570 712 1674 748 που
1699 693 1928 762 ὕστερον

339 794 423 855 εἰς
449 791 742 860 βασιλικὴν
797 790 1114 861 φιλοτιμίαν
1154 790 1489 861 ἀποσπασθῇ
1538 807 1622 853 τις
1649 785 1927 856 ὲπισκοπὴ

338 882 450 933 ἀπό
505 897 653 943 τινος
695 880 1111 950 μητροπόλεως,
1179 881 1277 933 καί
1333 879 1541 949 τιμηθῇ
1592 875 1928 947 μητρόπολις

337 970 494 1040 παρὰ
527 970 621 1024 τοῦ
650 970 941 1039 βασιλέως,
982 970 1014 1040 ἦ
1048 970 1467 1041 ἀρχιεπισκοπὴ
1523 969 1615 1022 διὰ
1665 969 1767 1038 τὴν
1796 970 1928 1039 ἀρε-

334 1064 441 1134 τὴν
477 1062 573 1116 τοῦ
612 1064 756 1115 κατά
780 1064 879 1133 τὴν
916 1063 1133 1133 ἡμέραν
1155 1063 1483 1115 ἐπισκόπου.
1522 1062 1631 1115 Καὶ
1655 1060 1794 1129 αὕτη
1817 1061 1927 1129 γὰρ

337 1153 591 1206 καλεῖται
630 1150 995 1221 μητρόπολις,
1031 1153 1079 1203 εί
1128 1152 1223 1203 καὶ
1258 1150 1334 1221 μὴ
1378 1152 1495 1221 ἔχει
1540 1149 1727 1210 πόλεις
1757 1148 1928 1211 ἄλλας

337 1247 431 1315 ὑφ’
470 1244 670 1315 ἑαυτὴν
724 1247 819 1296 καὶ
870 1245 1216 1307 ὲπισκοπᾶς,
1252 1239 1327 1300 ὧν
1365 1244 1519 1297 ἔσται
1565 1240 1923 1313 μητρόπολις.

338 1339 403 1389 Οί
437 1337 534 1405 μὲν
588 1332 682 1389 οὖν
734 1335 955 1405 ἐξαρχοι
984 1336 1091 1388 τῶν
1136 1336 1419 1405 ἐπαρχιῶν
1464 1331 1613 1405 εῐχον
1653 1334 1797 1404 τάχα
1834 1332 1926 1399 ὑφ’

339 1430 568 1490 ἑαυτοὺς
618 1431 744 1489 τοὺς
779 1428 1211 1498 μητροπολίτας,
1245 1429 1340 1479 καὶ
1391 1427 1765 1497 ἐχειροτόνουν
1802 1422 1926 1476 τού-

335 1536 488 1581 τους,
512 1518 715 1586 ὁμοίως
738 1521 836 1571 καὶ
904 1522 1032 1583 τοὺς
1073 1521 1571 1591 ἀρχιεπισκόπους,
1607 1519 1701 1573 καὶ
1741 1520 1927 1571 ἐδίκαο

340 1613 435 1674 ζον
457 1612 673 1674 αὐτοὺς,
706 1613 755 1664 οξ
788 1612 844 1664 δὲ
876 1614 1279 1682 μητροπολίται
1324 1614 1450 1675 τοὺς
1484 1614 1591 1668 ὑπὸ
1612 1616 1713 1676 τὰς
1741 1611 1923 1665 αὐτῶν

339 1700 614 1769 ἐπαρχίας
636 1702 995 1766 ἐπισκόπους.
1043 1705 1105 1756 Οί
1138 1704 1196 1756 δὲ
1228 1703 1452 1774 ἔξαρχοι
1483 1690 1927 1758 ὑπέκειντοὲκα-

342 1808 468 1852 στος
494 1792 753 1862 τῇοίκείᾳ
775 1793 1010 1863 κεφαλῇ,
1038 1794 1228 1864 καὶτῷ
1248 1793 1457 1863 μείζονι
1485 1795 1680 1866 θρόνῳ.
1714 1795 1923 1857 Πάντες

338 1888 396 1941 δὲ
459 1885 626 1952 οὗτοι,
682 1888 820 1941 οἵτε
873 1888 1119 1959 ἔξαρχοι,
1155 1888 1214 1942 οἵ
1233 1907 1293 1942 τε
1324 1889 1746 1960 μητροπολίται,
1782 1888 1838 1941 οῖ
1866 1904 1926 1941 τε

341 1981 796 2049 ἀοχιεπίσκοποι,
824 1981 918 2032 καὶ
948 1981 997 2032 οί
1041 1981 1336 2035 ἐπίσκοποι
1367 1982 1662 2034 ὑπέκειντο
1681 1979 1757 2048 τῷ
1809 1978 1929 2048 μεί-

342 2071 459 2134 ζονι
486 2069 717 2131 ἕκαστος
765 2069 942 2140 θρόνῳ
972 2087 985 2101 ·
1022 2071 1118 2122 καὶ
1151 2072 1199 2123 εί
1241 2070 1630 2138 ἀπηρὲσκοντο
1658 2071 1780 2130 ταῖς
1814 2067 1929 2134 κρί-

341 2179 462 2215 σεσι
486 2163 595 2215 τῶν
621 2161 869 2232 ἐξάρχων
912 2163 964 2216 οἱ
999 2163 1458 2233 μητροπολῑταιῆ
1491 2165 1538 2216 οἰ
1565 2164 1928 2235 ἀρχιεπίσκο-

344 2270 458 2319 ποι,
488 2255 583 2306 καὶ
611 2254 723 2307 τῶν
786 2256 1206 2325 μητροπολιτῶν
1234 2258 1282 2309 οί
1313 2257 1632 2322 ἐπίσκοποι,
1693 2256 1928 2327 ἀνεκλή-

340 2364 502 2400 τευον
542 2348 591 2399 0i
625 2347 725 2417 μὲν
766 2354 847 2410 εἰς
876 2351 944 2402 τὰ
976 2349 1220 2419 μείζονα,
1253 2351 1302 2401 οἱ
1332 2350 1386 2403 δὲ
1410 2351 1700 2403 ἐπίσκοποι
1730 2354 1809 2412 εἰς
1838 2351 1929 2403 τὸν

340 2438 591 2507 ἔξαρχον,
614 2439 870 2491 κάκεῖθεν
891 2438 965 2501 ὡς
986 2436 1079 2492 τὸν
1110 2438 1333 2509 μείζονα
1350 2442 1445 2492 καὶ
1463 2441 1511 2492 εἰ
1532 2438 1692 2491 τοῦτο
1709 2438 1923 2509 ἤθελον.

340 2530 491 2592 Τέω,
524 2530 582 2582 δὲ
619 2530 695 2593 ὡς
741 2530 961 2602 ἑξαρχοι
1024 2533 1320 2586 ἐκαλοῦντο
1348 2533 1445 2586 καὶ
1478 2534 1924 2603 ἀρχιεπίσκοποι.

416 2626 641 2694 Ῥητὲον
683 2625 872 2678 λοιπὸν
907 2626 1027 2688 πῶς
1060 2626 1117 2677 αί
1140 2627 1294 2695 τρεῖς
1331 2625 1498 2679 αὐταὶ
1530 2624 1769 2695 μεγάλαι
1805 2626 1929 2678 Ἐκ-

340 2720 565 2790 κλησίαι
596 2718 826 2791 διῴκουν
851 2722 949 2783 τὰς
968 2721 1057 2788 ὑφ’
1088 2720 1291 2781 ἑαυτὰς
1351 2720 1535 2781 πάσας
1573 2717 1924 2788 Ἐκκλησίας,

339 2815 514 2883 ἣγουν
554 2815 587 2884 ή
646 2814 862 2884 Ῥώμη,
897 2816 930 2885 η
962 2812 1487 2883 Ἀλεξάνδρεια,καί
1538 2814 1572 2883 ή
1603 2812 1927 2883 Ἀντιόχεια,

341 2909 441 2962 καὶ
492 2908 609 2970 πῶς
646 2908 882 2978 ἰσότιμοι
947 2908 1139 2971 αὑταῖς
1202 2907 1463 2976 γεγόνασι
1512 2908 1607 2960 καὶ
1640 2906 1698 2960 αἰ
1740 2905 1929 2959 λοιπαὶ

340 2998 439 3052 δύο
465 2997 816 3066 Ἐκκλησίαι,
845 3000 878 3070 ἡ
921 2997 1023 3067 τῆς
1074 2998 1492 3051 Κωνσταντίνου
1532 2996 1740 3060 πόλεως
1771 2995 1866 3049 καὶ
1895 2997 1927 3066 ἡ

2033 498 2140 552 illis
2193 499 2635 570 archiepiscopos
2689 504 3115 572 constituebant,
3175 509 3268 575 qui
3325 511 3621 567 nttllossub

2031 602 2092 643 se
2137 590 2424 660 episcopos
2472 594 2765 650 habebant.
2832 594 3110 664 Siquidem
3161 602 3295 655 duos
3335 604 3387 655 in
3428 605 3618 661 eadem

2031 686 2314 753 provincia
2366 689 2813 758 metropolitanos
2858 706 2980 746 esse
3000 692 3144 746 hami
3178 696 3459 764 probatum
3502 710 3620 770 est;

2031 777 2136 830 nisi
2193 788 2380 845 postea
2452 780 2801 848 imperatoria
2892 783 3218 841 liberalitate
3280 790 3620 859 ονίςι-οῃιιιυε

2030 870 2302 939 qulspiam
2367 884 2399 924 a
2468 887 2563 926 sua
2600 874 2889 943 metropoli
2911 878 3151 945 excisus,
3193 881 3246 934 in
3305 885 3619 950 πτίττοι-0⁸η

2030 962 2350 1027 dignitatem
2397 974 2711 1033 assumptus
2749 965 2950 1031 fuerit;
3008 968 3091 1023 vel
3121 970 3618 1040 archiepiscopatus

2034 1067 2257 1123 propter
2295 1057 2559 1125 episcopi,
2587 1058 2676 1124 qui
2712 1067 2840 1111 tunc
2871 1060 3103 1118 vivebat.
3150 1067 3537 1131 praestantiam,
3563 1075 3619 1120 ct

2032 1147 2147 1201 hmc
2191 1147 2409 1215 quidem
2459 1150 2775 1216 metropolis
2811 1150 3027 1217 dicitur,
3090 1153 3215 1207 licet
3268 1155 3442 1208 nullas
3485 1156 3619 1211 alias

2032 1240 2197 1293 urbes
2236 1240 2339 1293 sub
2368 1256 2427 1296 se
2458 1241 2677 1303 habeat,
2733 1251 2826 1296 aut
2854 1243 3221 1313 episcopatus.
3246 1262 3474 1315 quorum
3507 1264 3621 1302 me-

2031 1329 2257 1393 tropolis
2291 1328 2472 1384 fuerit.
2510 1329 2742 1385 Exarclii
2776 1332 2958 1401 itaque
2980 1336 3378 1403 provinciarum
3410 1337 3514 1391 sub
3533 1354 3614 1403 se,

2029 1432 2089 1473 ut
2125 1421 2821 1492 videtur,metropolitanos
2884 1426 3173 1491 habebant,
3224 1442 3428 1497 eosque
3467 1430 3617 1481 ordi-

2031 1512 2258 1572 nabant.
2322 1513 2577 1566 similiter
2601 1524 2651 1568 et
2689 1515 3148 1585 arcliiepiscopos.
3174 1517 3372 1585 quibus
3392 1517 3515 1585 jura
3538 1519 3621 1572 di-

2032 1602 2252 1669 cebant,
2286 1605 2689 1673 metropolitani
2717 1621 2846 1662 vero
2897 1609 3144 1664 subditos
3168 1610 3268 1663 sibi
3311 1610 3365 1664 in
3393 1625 3454 1664 ea
3496 1627 3620 1677 pro-

2031 1697 2206 1751 vincia
2253 1696 2558 1767 episcOpos.
2621 1698 2857 1754 Exarcbi
2914 1717 3106 1758 omnes
3156 1704 3376 1771 preprio
3434 1704 3618 1772 capiti,

2030 1801 2083 1846 et
2135 1791 2402 1861 superiori
2463 1791 2660 1847 throno
2707 1795 2927 1848 obnoxii
2995 1806 3171 1848 erant.
3197 1794 3401 1850 Omnes
3435 1796 3619 1865 itaque

2030 1886 2086 1939 bi
2130 1883 2354 1939 exarchi
2398 1883 2827 1953 metropolitani,
2879 1884 3268 1954 archiepiscOpi
3291 1895 3347 1940 et
3374 1887 3619 1955 episcopi

2031 1975 2300 2042 superiori
2351 1975 2547 2030 throno
2603 1976 2996 2030 subdebantur.
3069 1976 3133 2031 Et
3159 1977 3203 2031 si
3252 1978 3614 2031 exarclioruzn

2026 2068 2230 2137 judicia
2294 2068 2720 2139 metropolitanis
2766 2078 2858 2124 aut
2911 2070 3361 2139 archiepiscopis,
3415 2079 3469 2123 ct
3506 2085 3623 2124 mc-

2036 2159 2485 2230 tropolitanorutn
2540 2160 2812 2229 episcopis
2843 2176 2946 2215 nou
2978 2160 3365 2227 probabantur,
3406 2162 3457 2215 lii
3498 2161 3622 2228 qni-

2031 2252 2154 2308 dem
2173 2253 2242 2307 ad
2268 2267 2519 2323 suprema
2541 2253 2904 2323 appellabant,
2926 2254 3165 2322 episcopi
3204 2254 3272 2307 ad
3300 2254 3617 2315 esarchum,

2033 2347 2291 2417 indeque,
2341 2349 2389 2402 si
2442 2346 2495 2401 id
2546 2347 2885 2411 adlibuisset,
2950 2348 3019 2401 ad
3078 2347 3377 2415 majorem:
3454 2363 3625 2417 nuper

2033 2440 2199 2495 etiam
2229 2439 2456 2495 exarchi
2480 2440 2819 2495 vocabantur
2851 2438 3266 2508 archiepiscopi.

2108 2618 2407 2675 Dicendum
2441 2628 2522 2675 est
2546 2628 2806 2691 praeterea
2835 2622 3112 2692 quomodo
3135 2622 3218 2677 lue
3259 2631 3368 2676 tres
3403 2637 3613 2692 magna

2032 2715 2310 2781 Ecclesiae,
2362 2716 2606 2772 Romana
2659 2734 2873 2787 nempe,
2938 2719 3328 2785 Alexandrina,
3353 2721 3624 2776 etAntio.

2033 2810 2208 2865 cltena
2236 2824 2428 2865 omnes
2472 2825 2591 2880 qua!
2624 2811 2725 2865 sub
2760 2825 2819 2864 sc
2850 2821 3007 2866 crant
3049 2811 3327 2866 Ecclesias
3356 2812 3626 2883 guberna-

2035 2903 2193 2964 bant,
2234 2910 2541 2971 etquanam
2572 2903 2782 2957 ratione
2815 2919 2974 2972 partes
3001 2905 3053 2958 in
3074 2904 3338 2973 dignitate
3364 2905 3481 2958 aliae
3510 2907 3627 2959 dua:

2035 2993 2279 3049 ecclesia:
2328 2992 2930 3064 Constantinopolitano
2981 3004 3035 3050 et
3096 2996 3314 3050 [Eliana
3343 2998 3456 3053 sive
3481 2998 3612 3050 Hie-

339 3091 444 3159 τῆς
495 3089 706 3152 Δίλίας,
764 3090 884 3160 ἦτοι
954 3091 1065 3142 τῶν
1132 3087 1553 3158 Ἰεροσολύμων.
1607 3086 1792 3140 Αίλίαι
1819 3085 1928 3155 γὰρ

2037 3086 2447 3158 rosolymitana,
2482 3087 2637 3143 factm
2674 3089 2803 3142 sint.
2838 3088 2980 3143 IElia
3013 3105 3243 3159 namque
3276 3092 3621 3160 postmodum

342 3183 662 3254 ἐκλήθησαν
721 3184 954 3256 ὓστερον
1007 3184 1076 3237 τὰ
1115 3182 1469 3253 Ἱεροσόλυμα
1506 3182 1572 3235 ὲκ
1608 3179 1704 3234 τοῦ
1743 3180 1927 3233 Αἰλίου

354 3276 638 3347 ’Δδριανοῦ
660 3276 755 3329 τοῦ
786 3276 1069 3346 Καίσαρος
1107 3274 1351 3345 Ῥώμης.
1374 3268 1545 3336 Οὗτος
1568 3274 1676 3344 γὰρ
1699 3272 1929 3340 ὕστερον

342 3368 509 3421 πάλιν
562 3370 681 3439 μετ’
713 3368 1151 3433 Οὐεσπασιανὸν,
1189 3371 1285 3421 καὶ
1335 3369 1495 3421 Τίτον
1544 3368 1830 3438 πορθήσας
1861 3364 1932 3417 τὰ

358 3460 710 3531 Ἱεροσόλυμα
735 3460 823 3514 διὰ
847 3460 908 3512 τὸ
931 3460 1097 3513 πάλιν
1125 3460 1414 3512 στασιάσαι
1451 3458 1578 3521 τοὺς
1612 3458 1929 3520 Ἰουδαίους,

344 3550 644 3622 θυμωθεὶς,
700 3550 899 3613 αὐτούς
950 3568 1009 3602 τε
1064 3549 1451 3619 διεσκόρπισεν
1486 3551 1566 3610 εἰς
1607 3548 1789 3600 πᾶσαν
1831 3546 1933 3615 τὴν

340 3645 696 3714 οἰκουμένην,
721 3642 941 3706 εὐώνως
976 3642 1235 3713 πωλήσας
1267 3643 1488 3705 αὐτοὺς,
1513 3642 1607 3694 καὶ
1652 3640 1745 3692 τὸν
1796 3637 1934 3691 καθ-

345 3735 446 3789 ἐνα
480 3734 795 3805 προστάξας
840 3731 1145 3788 πωλεῖσθαι
1195 3734 1283 3785 ἐπ’
1306 3732 1462 3803 ὀλίγῃ
1494 3731 1677 3802 κριθῇ,
1710 3732 1804 3783 καὶ
1832 3728 1932 3800 τὴν

342 3829 503 3882 πόλιν
561 3829 910 3897 ἀνασκάψας.
939 3829 1034 3880 καὶ
1082 3828 1174 3880 τὸν
1226 3826 1372 3892 ναὸν,
1409 3826 1797 3897 ἀνῳκοδόμησε
1834 3827 1932 3895 τὴν

341 3920 502 3973 πόλιν
530 3921 627 3974 ὲπί
665 3918 742 3989 τῴ
772 3919 888 3988 ἰδξῳ
929 3918 1187 3987 ὀνόματι,
1215 3919 1309 3971 καὶ
1366 3918 1458 3971 τὸν
1491 3918 1642 3984 ναὸν,
1677 3918 1811 3969 ὅπου
1839 3918 1936 3969 καὶ

342 4013 409 4065 τὸ
438 4013 639 4065 οίκεῖον
664 4010 883 4063 εἴδωλον
911 4011 1143 4080 ἔστησεν
1200 4012 1282 4073 είς
1332 4008 1727 4080 προσκύνησιν,
1756 4007 1818 4059 τὸ
1849 4008 1936 4060 δν-

348 4120 459 4164 τως
494 4101 772 4170 βδέλυγμα
801 4099 898 4169 τῆς
939 4099 1277 4170 ἐρημώσεως
1298 4138 1313 4163 ,
1346 4102 1441 4152 καὶ
1500 4097 1808 4167 προσέταξε
1839 4095 1935 4150 τοῦ

348 4195 543 4249 λοιποῦ
578 4194 688 4247 ἀπὸ
717 4192 813 4245 τοῦ
853 4192 993 4247 ἰδίου
1023 4192 1290 4261 ὀνόματος
1329 4193 1431 4262 τὴν
1460 4191 1619 4244 πόλιν
1649 4188 1935 4243 καλεῖσθαι

345 4288 563 4344 Αἰλίαν.

417 4383 575 4437 Μετὰ
592 4383 649 4435 δὲ
688 4380 864 4434 ταῦτα
891 4379 1128 4450 ἐτιμήθη
1163 4380 1256 4432 καί
1291 4377 1936 4451 ὁθρόνοςΊεροσολόμων

342 4476 727 4539 ἀποσπασθεὶς
760 4476 857 4544 τῆς
879 4475 1116 4545 ὲνορίας,
1135 4473 1233 4526 καὶ
1250 4473 1500 4539 ἐξουσίας
1516 4474 1935 4548 Ἀλεξανδρέων,

343 4571 443 4627 καὶ
469 4572 691 4640 γέγονεν
748 4568 1145 4637 αὐτοκέφαλος,
1174 4572 1269 4622 καὶ
1294 4569 1527 4639 κεφαλὴ,
1567 4571 1663 4623 καὶ
1696 4572 1938 4641 ἰσότιμος

342 4670 459 4729 τοῖς
483 4667 632 4736 τρισί
659 4664 896 4735 θρόνοις.
927 4662 1075 4733 Πλὴν
1097 4662 1302 4733 ἐτάχθη
1336 4663 1476 4732 μετὰ
1500 4661 1588 4716 τὸν
1606 4665 1939 4734 Ἀντιοχείας

342 4758 635 4829 τιμᾶσθαι,
661 4758 758 4811 καὶ
788 4756 1189 4827 ἀναφέρεσθαι,
1218 4756 1315 4808 καὶ
1353 4754 1651 4825 καθῆσθαι.
1698 4756 1935 4827 Ἐκλήθη

343 4852 405 4905 δὲ
438 4852 535 4903 καὶ
568 4849 920 4921 πατριάρχης
974 4849 1068 4902 καὶ
1099 4848 1263 4911 αὐτὸς
1291 4850 1320 4901 ό
1363 4849 1780 4920 Ἱεροσολύμων,
1823 4850 1938 4904 καί·

342 4962 427 4997 τοι
457 4944 724 5015 πρότερον
774 4942 1077 5005 ἐπίσκοπος
1133 4941 1210 4994 ὢν
1235 4943 1332 4995 τοῦ
1356 4943 1699 5013 Καισαρείας
1744 4946 1845 5014 τῆς
1878 4947 1937 4999 ὲν

351 5037 711 5112 Παλαιστίνῃ·
747 5040 780 5107 ἠ
821 5037 928 5109 γὰρ
956 5036 1300 5107 Παλαιστίνη
1330 5032 1442 5108 εἷχε
1475 5038 1811 5108 μητρόπολιν
1836 5039 1936 5108 τὴν

349 5132 739 5201 Καισάρειαν,
796 5130 887 5200 ὑφ’
948 5126 981 5204 ᾖ
1044 5131 1219 5184 ἐτέλει
1266 5130 1336 5184 τὰ
1392 5130 1746 5202 Ἰεροσόλυμα
1812 5132 1935 5185 ἑπι-

348 5223 527 5295 σκοπὴ
566 5223 702 5277 οὖσα
752 5225 953 5296 αὐτῆς.
1000 5220 1133 5295 Εἶχε
1174 5224 1231 5278 δὲ
1276 5223 1375 5279 καὶ
1422 5226 1616 5296 ἐτέρας
1661 5228 1939 5297 μητροπό-

348 5317 467 5380 λεις
495 5316 733 5387 ἐχούσας
753 5316 845 5386 ὑφ’
864 5318 1066 5382 ἑαυτὰς
1088 5318 1383 5388 διαφόρους
1408 5318 1737 5386 ὲπισκοπὰς,
1766 5319 1937 5391 ἧγουν

344 5409 613 5481 δευτέραν
664 5410 765 5481 τὴν
823 5409 1189 5477 Σκυθόπολιν,
1222 5411 1343 5482 ἦτοι
1372 5411 1578 5476 Βασὰν,
1614 5411 1811 5482 τρίτην
1838 5412 1936 5484 τὴν

344 5503 585 5574 Πέτραν,
617 5505 891 5576 τετάρτην
918 5504 1018 5575 τὴν
1045 5504 1313 5576 Βόστρην,
1334 5505 1754 5577 ἡτοιἈραῦίαν.
1785 5507 1936 5577 Ἔχει

343 5596 404 5649 δὲ
451 5596 546 5649 καὶ
613 5596 1029 5665 αὑτοκεφάλους
1079 5598 1392 5662 ὲπισκοπὰς
1442 5600 1807 5665 εἰκοσιπέντε,
1858 5599 1936 5670 μὴ

347 5689 583 5761 ἐχούσας
609 5690 703 5761 ὑφ’
739 5691 944 5755 ἑαυτὰς
1001 5691 1332 5759 ἔπισκοπὰς,
1380 5693 1725 5753 ὑπόκεινται,
1768 5695 1826 5748 δὲ
1858 5694 1937 5765 τῷ

349 5784 529 5857 θρόνῳ
556 5785 666 5839 τῶν
717 5784 1135 5857 Ἰεροσολύμων,
1162 5784 1232 5842 α’.
1264 5788 1363 5859 τὴν
1412 5789 1776 5855 Διοσπόλεως,
1814 5790 1934 5860 ἦτοι

2042 3197 2108 3235 ex
2172 3181 2319 3237 Elio
2363 3180 2604 3236 Adriano
2659 3182 2905 3237 Romano
2962 3180 3178 3238 Caesare
3227 3184 3366 3238 dicta
3394 3194 3496 3240 est.
3527 3183 3628 3239 llic

2048 3273 2195 3328 cnim
2246 3283 2368 3344 post
2405 3273 2824 3342 sVespasianum
2847 3284 2901 3329 et
2941 3275 3122 3331 Titum
3152 3280 3473 3347 expugnatis
3504 3279 3628 3333 ilic-

2041 3365 2334 3435 rosolymis
2355 3366 2499 3434 quod
2534 3368 2711 3419 denuo
2774 3367 2943 3422 Judaei
2988 3368 3367 3435 rebellassent,
3389 3372 3468 3423 ira
3504 3383 3627 3439 per-

2038 3460 2202 3523 citus,
2255 3462 2474 3513 eostlcni
2520 3474 2614 3528 per
2653 3475 2871 3514 omnem
2942 3472 3149 3515 terram
3206 3462 3509 3531 dissipavit,
3538 3464 3631 3516 viii

2039 3552 2219 3621 pretio
2271 3566 2365 3605 eos
2414 3552 2712 3607 divendens
2765 3568 2887 3606 cum
2937 3553 3166 3622 singulis
3191 3556 3376 3610 hordei
3406 3570 3626 3625 parvam

2038 3657 2350 3697 mensuram
2396 3642 2631 3712 pretium
2687 3643 2992 3709 statuisset,
3041 3654 3095 3699 et
3137 3659 3333 3700 eversa
3403 3648 3537 3701 urbe
3566 3662 3631 3699 ac

2041 3735 2264 3805 templo,
2322 3735 2424 3790 sub
2478 3735 2697 3803 proprio
2744 3737 2965 3790 nomine
3024 3737 3215 3789 urbem
3258 3752 3322 3791 ac
3370 3748 3628 3808 templum

2040 3826 2416 3880 reaediticarit.
2469 3826 2527 3879 In
2586 3825 2786 3893 templo
2846 3826 3123 3895 proprium
3157 3826 3535 3892 simulacrum,
3573 3847 3631 3882 ut

2041 3918 2387 3984 adoraretur,
2453 3917 2596 3987 quod
2655 3933 2790 3974 sane
2824 3920 2998 3974 fuerat
3047 3920 3378 3975 abominatio
3417 3923 3628 3975 desom—

2042 4012 2231 4071 tionis.
2270 4013 2547 4080 apposuit,
2584 4011 2815 4080 indeque
2850 4012 3154 4068 institutum
3189 4023 3247 4069 ut
3278 4016 3497 4084 proprio
3534 4032 3634 4070 no-

2044 4105 2190 4160 mine
2214 4106 2265 4160 in
2298 4115 2571 4175 posterum
2610 4107 2738 4160 urbs
2762 4104 2907 4162 IElia
2936 4120 3362 4177 nuncuparetur.

2116 4386 2311 4442 Postea
2353 4387 2579 4443 thronus
2635 4387 3162 4459 liierosolytnttanus
3216 4406 3281 4445 ex
3321 4392 3633 4448 dioecesim:

1968 4509 2015 4569 ι)
2047 4490 2316 4548 potestate
2340 4481 2695 4537 Alexandrini
2742 4483 2984 4547 avulsus,
3016 4484 3070 4537 in
3106 4484 3629 4553 dignitatemelatus,

2044 4590 2140 4645 per
2171 4589 2229 4629 se
2261 4585 2427 4644 caput
2463 4574 2694 4628 aliarum
2735 4573 3097 4628 Ecclesiarum
3135 4575 3342 4629 exstitit
3372 4584 3426 4630 et
3458 4579 3630 4633 tribus

2043 4672 2163 4726 aliis
2221 4672 2434 4727 thronis
2489 4672 2750 4727 facultate
2808 4685 2907 4739 par
2951 4672 3217 4726 sancitum
3277 4673 3630 4729 nihiloninus

2042 4770 2127 4819 est
2157 4773 2276 4833 post
2307 4764 2702 4819 Autiochenum
2754 4762 2962 4818 honore
2988 4764 3115 4828 frui,
3140 4774 3191 4817 et
3211 4765 3405 4820 referri
3432 4768 3484 4820 in
3547 4766 3633 4820 die

2040 4858 2283 4928 ptycliis,
2313 4867 2365 4912 et
2400 4859 2582 4912 sedem
2614 4872 2899 4926 occupare.
2932 4856 3250 4927 Nomenque
3270 4858 3371 4912 sibi
3402 4861 3634 4930 patriar-

2041 4951 2157 5004 chae
2187 4947 2716 5020 Hierosolymitanus
2745 4950 2950 5016 habuit,
3011 4950 3137 5005 licet
3162 4961 3319 5005 antea
3339 4953 3631 5022 episc0pus

2040 5057 2185 5102 esset
2243 5048 2344 5102 sub
2368 5046 2690 5102 Caasariensi
2743 5046 3075 5110 Palaestinae,
3108 5063 3231 5102 cum
3256 5048 3399 5104 illius
3432 5061 3634 5106 metro-

2039 5143 2178 5215 polis
2228 5142 2472 5199 Caasarea
2509 5152 2674 5211 esset,
2703 5153 2759 5200 et
2813 5142 3046 5200 Caesarae
3082 5144 3482 5218 Hierosolyma,
3513 5157 3633 5202 tan-

2043 5251 2204 5306 quam
2241 5253 2360 5307 quae
2396 5237 2663 5292 Cmsareae
2701 5237 3048 5309 episcopatus
3078 5252 3220 5308 erat,
3248 5242 3628 5296 subderentur.

2041 5329 2245 5386 Habuit
2291 5344 2421 5384 vero
2473 5340 2529 5385 et
2555 5329 2691 5384 alias
2747 5331 3074 5402 metropoles
3126 5348 3246 5402 quae
3292 5333 3474 5387 varios
3514 5335 3634 5402 epi-

2040 5430 2297 5493 scopatus
2320 5422 2420 5476 sub
2459 5435 2519 5477 se
2543 5420 2839 5488 habebant,
2872 5437 3064 5494 nempe
3080 5425 3378 5479 secundam
3399 5424 3605 5494 Scytlio

2042 5515 2202 5583 polim
2224 5516 2334 5569 sive
2353 5513 2551 5580 Basan,
2579 5515 2791 5569 tertiam
2815 5513 3054 5583 Petram,
3077 5525 3324 5585 quartam
3358 5516 3629 5581 Bostram,

2042 5608 2156 5662 sive
2192 5605 2471 5661 Arabiam.
2518 5605 2692 5662 Habet
2733 5617 2991 5676 praeterea
3023 5616 3077 5661 et
3110 5608 3629 5679 archiepiscopatus,

2044 5699 2245 5754 nemini
2268 5699 2555 5763 obnoxios,
2580 5698 2770 5770 viginti
2793 5699 3030 5768 quinque
3054 5697 3218 5753 nullis
3232 5698 3632 5768 episcopatibus

2042 5790 2276 5858 nobiles,
2332 5800 2383 5847 et
2422 5790 2516 5861 qui
2568 5789 2849 5860 subjaccnt
2890 5790 3084 5845 throno
3118 5789 3629 5860 Hierosolymitano.
