4074 6428
476 310 621 372 1035

1772 304 1938 367 NILI
1978 302 2453 365 DOXAPATRII

3599 305 3738 367 1095

470 423 526 478 1.
602 417 925 490 Diospolim,
965 416 1082 473 sive
1125 414 1553 488 Gcorgiupolim,
1604 414 1660 469 2.
1710 416 2032 471 Ascalonem

2161 415 2436 486 Γεωργίου
2471 412 2681 477 πόλεως
2706 429 2720 443 ο
2749 413 2814 484 β’.
2843 414 2942 487 τὴν
2963 413 3308 479 Ἀσκάλωνος
3338 433 3351 445 ο
3380 432 3415 485 γ
3437 454 3452 469 .
3488 415 3721 486 τὴνῚόπ

468 513 525 567 3.
550 509 814 578 Joppem;
842 508 895 562 4.
931 507 1165 573 Gazam;
1190 507 1245 562 5.
1301 506 1715 571 Anthedonem;
1761 506 1813 560 6.
1854 506 2060 561 Diocle-

471 601 813 672 tianupolim,
847 599 900 654 7.
938 597 1418 669 Eleutheropolim,
1446 598 1504 655 8.
1551 596 1854 667 Neapolim,
1884 597 1939 653 9.
1961 597 2060 653 Se-

470 696 703 759 bastem,
759 691 847 747 10.
893 690 1207 757 Jordanem,
1277 691 1365 746 11.
1406 690 1773 758 Tiberiadem,
1806 690 1893 747 l2.
1928 689 2057 745 Dio-

471 801 787 852 cmsaream,
842 786 930 840 13.
980 782 1511 854 Μκιίιιιὶιιιιιιριιιῖιιι,
1542 782 1609 837 ﬂ
1629 782 2054 854 Capetoliadem,

470 877 558 933 15.
592 876 826 947 Myrum,
864 876 954 931 16.
982 874 1312 940 Gardarum,
1336 874 1427 930 17.
1477 872 1727 940 Nazaret,
1788 873 1879 928 18.
1914 873 2058 927 Tha-

470 968 682 1021 boriutu
749 974 1012 1030 montem,
1074 962 1162 1019 19.
1190 964 1612 1034 Cyriacupolim,
1671 962 1764 1016 20.
1805 963 2053 1025 Adriani,

473 1058 564 1111 2i.
589 1056 873 1120 Gabalum,
906 1056 998 1110 22.
1049 1053 1276 1121 Elian),
1309 1053 1399 1109 25.
1438 1053 1666 1120 Pharas,
1711 1055 1803 1109 24.
1826 1054 2059 1109 Helenu-

464 1149 652 1217 polim,
711 1147 802 1202 25.
856 1149 1092 1202 Montem
1134 1147 1301 1211 Sina;
1352 1156 1406 1201 et
1428 1146 1510 1201 sic
1538 1156 1774 1216 quatuor
1830 1147 2054 1201 haecin—

462 1241 644 1312 gentia
689 1241 869 1309 capita
930 1248 1365 1308 permanserunt,
1396 1238 1697 1304 Romanus,
1738 1238 2056 1293 Alexandri-

464 1349 591 1399 nus,
623 1344 857 1401 uterque
908 1345 1047 1402 papa
1073 1339 1321 1395 vocatus,
1349 1338 1464 1385 tum
1511 1329 1900 1392 Antiochenus.
1940 1340 2052 1384 tum

463 1424 1012 1495 ilierosolymitanus,
1082 1431 1314 1492 uterque
1346 1421 1660 1492 patriarcha
1689 1432 2050 1491 nuncupatus.

467 1523 755 1578 Cotnmnni
808 1523 992 1590 utique
1038 1520 1258 1575 nomine
1310 1518 1573 1588 episc0pi,
1626 1525 1683 1572 et
1750 1517 2052 1585 pontiﬁces,

464 1614 657 1669 Patres
683 1614 1041 1679 vocabantur,
1086 1612 1200 1665 sive
1246 1609 1323 1663 illi
1364 1608 1623 1675 majores,
1646 1607 1761 1662 sive
1793 1607 2051 1663 minores.

468 1704 577 1759 Sed
645 1703 828 1774 adepti
862 1711 991 1759 sunt
1059 1708 1172 1756 tres
1200 1698 1357 1770 primi
1385 1697 1706 1768 pattiarcha:
1741 1696 1847 1753 dici
1876 1712 2049 1767 papa),

2159 519 2272 573 πης
2298 520 2313 534 ·
2342 503 2404 558 δ’.
2449 501 2548 572 τὴν
2602 502 2784 574 Γάζης
2811 521 2825 534 °
2860 503 2923 559 ε’.
2985 505 3087 573 τὴν
3150 505 3469 575 Ἀνθηδόνος
3489 524 3504 540 °
3537 514 3612 572 ς’.
3640 508 3738 577 τὴν

2160 595 2796 664 Διοκλητιανουπόλεωςο
2830 595 2897 659 ζ’.
2939 596 3039 668 τὴν
3094 596 3596 670 Ἐλευθεροπόλεως
3617 617 3631 630 ο
3664 608 3735 671 η’.

2159 687 2260 757 τὴν
2284 687 2647 750 Νεαπόλεως·
2682 686 2747 743 θ’.
2776 691 2876 758 τὴν
2924 689 3205 761 Σεσαστῆς
3235 706 3248 720 ·
3296 688 3347 745 ἰ’.
3400 691 3502 760 τὴν
3544 691 3742 761 Ἰορδά-

2160 795 2286 833 νου·
2315 786 2407 837 ια’.
2460 781 2563 852 τὴν
2606 781 2926 853 Τιϐεριάδος
2949 799 2963 812 ·
2997 781 3086 852 ιβ’.
3123 783 3225 852 τὴν
3281 784 3698 854 Διοκα.σαρείας
3722 802 3736 815 ·

2164 878 2253 941 ιγ’.
2282 872 2383 942 τὴν
2400 872 2970 943 Μαξιμιανουπόλεως
2998 889 3013 904 ⁸
3041 874 3124 929 ιδ’.
3141 875 3243 946 τὴν
3267 876 3695 940 Καπετωλιάδος
3723 893 3735 905 ·

2160 965 2242 1012 ιε’.
2285 959 2390 1030 τὴν
2416 960 2612 1031 Μύρου
2636 977 2652 992 ·
2681 958 2779 1023 ις’.
2810 961 2910 1032 τὴν
2933 961 3178 1032 Γαδάρου
3204 979 3219 993 θ
3251 960 3340 1027 ιζ’.
3370 966 3471 1033 τὴν
3495 963 3595 1030 τῆς
3625 964 3740 1017 Na-

2157 1050 2324 1121 ζαρέτ
2350 1066 2364 1080 ⁸
2401 1058 2492 1122 ιη’.
2523 1055 2623 1124 τὴν
2679 1052 2968 1124 Θαϐωρίου
3026 1052 3190 1124 ὅρους
3216 1071 3233 1088 ο
3265 1054 3353 1108 ιθν.
3390 1055 3490 1125 τὴν
3527 1057 3740 1125 Κυριαο

2156 1142 2504 1207 κουπόλεως·
2532 1143 2604 1198 κ’.
2656 1145 2758 1214 τὴν
2805 1145 3071 1216 ’Λδρίαςο
3104 1151 3212 1200 κα’.
3281 1146 3381 1216 τὴν
3439 1146 3735 1200 Γαδάλωψ

2154 1233 2258 1304 κβ’.
2288 1234 2389 1305 τὴν
2418 1236 2607 1298 Αίλίας
2636 1253 2651 1267 ·
2696 1243 2805 1305 κγ’.
2851 1237 2951 1308 τὴν
3005 1238 3191 1307 Φαρᾶς
3224 1253 3236 1266 ·
3279 1236 3381 1291 κδ’.
3431 1237 3531 1309 τὴν
3586 1238 3738 1291 Ἐλε-

2155 1328 2466 1391 νουπόλεως
2487 1343 2502 1358 ⁶
2539 1335 2642 1383 κε’.
2674 1328 2772 1400 τὴν
2794 1329 2891 1382 τοῦ
2922 1329 3082 1399 ὅρους
3134 1330 3285 1382 Σινᾶ.
3334 1331 3598 1398 Ἔμειναν
3641 1328 3736 1383 οὖν

2154 1419 2213 1472 αί
2242 1419 2512 1490 τέσσαρες
2570 1422 2808 1490 μεγάλαι
2855 1412 3016 1473 αὗται
3071 1419 3342 1487 κεφαλαὶ,
3370 1422 3398 1472 ὁ
3433 1419 3676 1491 Ῥώμης,
3708 1425 3737 1474 ὁ

2168 1509 2608 1582 Ἀλεξανδρείας,
2639 1513 2834 1575 πάπας
2870 1513 3134 1583 ἑκάτερος
3173 1511 3523 1582 ὀνομασθείς,
3561 1510 3680 1564 εἶτα
3708 1515 3737 1565 ὁ

2153 1586 2513 1674 Ἀντιοχείας,
2544 1601 2666 1658 εἶτα
2689 1607 2718 1658 ὁ
2761 1605 3180 1675 Ἰεροσολύμων,
3208 1607 3549 1677 πατριάρχαι
3601 1607 3738 1659 ἐκά-

2153 1696 2742 1769 τεροιόνομαζόμενοι.
2780 1698 2964 1769 Κοινῷ
2996 1699 3097 1770 μὲν
3129 1693 3222 1752 οὖν
3264 1699 3491 1768 ὀνόματι
3532 1698 3736 1760 πάντες

465 1807 649 1868 patres
694 1796 923 1851 scilicet.
974 1792 1118 1863 Papa
1150 1793 1295 1847 enim
1371 1798 1525 1843 notat
1570 1788 1808 1844 Patrem.
1860 1789 1966 1845 Sed
1995 1799 2040 1846 el

2155 1784 2449 1839 ἐπίσκοποι
2479 1785 2574 1839 καὶ
2600 1787 2881 1856 ἀρχιερεῖς
2911 1787 3007 1839 καὶ
3036 1786 3278 1853 πατέρες
3299 1785 3594 1841 καλοῦνται
3621 1788 3734 1839 εἴτε

462 1889 851 1956 archiepiscopi
887 1888 1166 1942 dicuntur.
1191 1885 1556 1942 Nihilominus
1588 1901 1655 1943 ex
1689 1901 1789 1942 usu
1822 1888 2048 1959 antiquo

465 1980 519 2035 id
580 1979 840 2043 obtinuit,
892 1979 1195 2034 Romanum
1260 1979 1610 2049 peculiariter
1664 1981 1768 2035 dici
1823 1980 2045 2048 Papam.

462 2070 724 2126 Similiter
756 2080 813 2125 et
865 2055 1291 2127 Alexandrinum
1345 2086 1564 2142 papam.
1646 2070 2047 2127 Antiochenam

464 2173 596 2214 vero
628 2157 1020 2229 patriarcham,
1041 2170 1374 2230 quapropter
1393 2160 1459 2214 ad
1495 2160 1638 2215 hunc
1667 2160 1810 2216 diem
1841 2160 2048 2215 Antio-

458 2252 666 2306 ehenus
696 2252 1005 2322 patriarcha
1031 2264 1374 2322 nuncupatur
1408 2253 1577 2309 totius
1645 2252 1908 2308 Orientis.
1966 2253 2045 2309 Ita

459 2344 605 2399 enim
655 2358 774 2399 mos
804 2359 872 2399 ex
902 2345 1175 2414 principio
1227 2344 1480 2400 invaluit.
1511 2344 1748 2402 Vocatus
1771 2355 1856 2402 est
1880 2347 2046 2401 etiam

457 2436 768 2507 patriarcha
808 2446 874 2495 et
900 2437 1014 2508 ipse
1034 2436 1555 2511 Hierosolymitauus
1608 2438 1735 2493 licet
1758 2439 2046 2509 episcopus

457 2537 602 2583 esset
639 2528 742 2584 sub
786 2526 1034 2586 Gmsarea
1062 2529 1116 2584 in
1168 2528 1480 2587 Palaestina.
1510 2531 1601 2585 Ait
1642 2530 1828 2600 itaque
1859 2540 2045 2586 sextus

458 2635 632 2676 canon
656 2631 860 2677 sanctae
891 2630 946 2678 et
960 2624 1313 2678 meumenicae
1335 2624 1523 2692 primae
1538 2626 1728 2696 synodi
1755 2622 1988 2680 Nicanaa
2003 2641 2041 2693 ._:

465 2731 484 2765 ι
520 2713 772 2783 Antiquae
792 2714 1215 2770 consuetudines
1238 2729 1398 2768 suum
1434 2714 1668 2769 habeant
1701 2715 1887 2779 robur,
1918 2732 2043 2786 quae

456 2814 582 2859 sunt
612 2804 667 2858 in
696 2802 954 2874 Egypto,
979 2804 1167 2877 Libya,
1207 2816 1261 2861 et
1284 2804 1586 2875 Pentapoli,
1623 2815 1680 2860 ut
1718 2808 2041 2864 Alexandri-

458 2911 559 2951 nus
611 2898 895 2968 episcopus
943 2897 1137 2953 horum
1186 2899 1426 2953 omnium
1448 2900 1645 2953 habeat
1708 2900 2035 2967 facultatem,

459 2992 894 3060 quandoquidem
946 2999 1003 3047 et
1047 2991 1328 3048 Romanus
1387 2992 1675 3063 episcopus
1730 2993 1784 3049 id
1838 2996 2036 3051 suevit.

2154 1877 2380 1949 μείζους
2403 1877 2514 1930 εἴτε
2541 1878 2763 1949 ἥττους,
2788 1877 2929 1931 ἀλλὰ
2955 1877 3345 1948 ἐκληρώσαντο
3361 1879 3408 1931 oi
3446 1878 3549 1948 μὲν
3581 1880 3734 1950 τρεῖς

2152 1968 2363 2042 πρῶτοι
2387 1973 2733 2041 πατριάρχαι
2757 1969 3015 2039 λέγεσθαι
3033 1972 3245 2034 πάπας.
3272 1972 3443 2042 ἤγουν
3464 1973 3726 2042 πατέρεςο

2150 2064 2345 2126 πάπας
2374 2061 2485 2132 γὰρ
2520 2061 2890 2134 ἑρμηνεύεται
2928 2064 3113 2135 πατήρ
3136 2080 3149 2091 ·
3176 2062 3314 2117 ἀλλὰ
3353 2065 3448 2116 καὶ
3486 2065 3734 2134 ἀρχιεπί·

2150 2155 2744 2228 σκοποιξλεχθήσονται·
2762 2157 2903 2227 πλὴν
2921 2157 3080 2228 ἔσχεν
3096 2157 3155 2222 ἐξ
3172 2157 3293 2220 ἔθος
3316 2158 3549 2211 παλαιοῦ
3577 2161 3605 2211 ὁ
3629 2160 3732 2228 μὲν

2163 2248 2384 2322 Ῥώμης
2416 2251 2603 2315 ίδικῶς
2631 2249 2923 2305 καλεῖσθαι
2957 2251 3168 2316 πάπας,
3193 2249 3397 2320 ὁμοίως
3432 2252 3529 2302 καὶ
3553 2249 3733 2318 Ἀλεξα

2148 2343 2404 2415 ανδρείας
2437 2344 2625 2404 πάπα;
2647 2360 2665 2376 ⁸
2698 2347 2727 2398 ό
2771 2344 2830 2399 δὲ
2877 2345 2972 2399 καὶ
3013 2344 3350 2415 Ἀντιοχείας
3370 2343 3726 2414 πατριάρχης

2147 2434 2547 2506 ἀναγορεύεται
2577 2436 2765 2506 πάσης
2787 2434 3224 2506 τῆςἈνατολῆς,
3257 2434 3402 2488 κατὰ
3436 2434 3500 2487 τὸ
3542 2433 3601 2499 ἐξ
3625 2436 3729 2504 ἀρ-

2149 2527 2252 2597 χῆς
2288 2530 2575 2598 κρατῆσαν
2618 2527 2761 2593 ἔθος.
2793 2528 3029 2600 Ἐκλήθη
3072 2528 3128 2581 δὲ
3170 2529 3265 2581 καὶ
3289 2528 3662 2598 πατριάρχης,
3697 2528 3727 2579 ὁ

2145 2619 2255 2674 τῶν
2296 2619 2712 2691 Ἱεροσολύμων,
2737 2620 2948 2674 καὶτοῦ
3004 2620 3271 2692 πρότερον
3318 2621 3617 2683 ἐπίσκοπος
3648 2619 3726 2671 ὢν

2149 2712 2244 2768 τοῦ
2287 2713 2632 2785 Καισαρείας
2688 2714 2791 2784 τῆς
2856 2716 2915 2767 ἐν
2967 2713 3327 2785 Παλαιστίνῃ.
3378 2714 3551 2783 Φησὶν
3575 2712 3727 2789 οὖνὸ

2145 2806 2305 2871 ἕκτος
2325 2807 2507 2861 κανὼν
2540 2807 2639 2878 τῆς
2668 2808 2728 2860 ἐν
2751 2807 2963 2878 Νικαία
2991 2807 3156 2875 ἁγίας
3207 2809 3304 2861 καὶ
3331 2806 3727 2877 οξκουμενικῆς

2147 2899 2373 2972 πρώτης
2410 2900 2656 2963 συνόδου,
2693 2920 2711 2953 ι
2749 2899 2830 2953 Τὰ
2854 2905 3061 2972 ἀρχαῖα
3093 2901 3189 2972 ἔθη
3243 2904 3520 2970 κρατείτω
3564 2901 3631 2952 τὰ
3664 2902 3724 2952 ὲν

2143 2991 2429 3064 Αἰγύπτῳ,
2477 2993 2574 3046 καὶ
2624 2992 2827 3064 Λιϐύῃ,
2888 2995 2984 3045 καὶ
3041 2993 3397 3059 Πενταπόλει,
3430 2992 3570 3046 ὥστε
3624 2993 3722 3044 τὶν

460 3082 724 3138 Similiter
752 3084 882 3138 etin
912 3083 1203 3139 Antiochia
1236 3095 1291 3139 et
1315 3084 1437 3140 aliis
1489 3086 1783 3154 provinciis
1815 3083 2039 3156 privile-

2158 3084 2573 3156 ’Δλεξανδρείας
2645 3086 2946 3139 ἐπίσκοπον
2984 3087 3203 3139 πάντων
3224 3085 3432 3140 τούτων
3451 3086 3595 3155 ἔχειν
3619 3085 3722 3155 τὴν

457 3177 542 3246 gia
595 3184 984 3231 conserventur
1039 3174 1323 3232 Ecclesiis.
1365 3196 1384 3229 ι
1441 3178 1497 3232 in
1554 3179 1866 3234 universum
1910 3195 2039 3235 vero

2144 3174 2417 3241 ἐξουσίαν,
2450 3176 2574 3229 ἐπεὶ
2609 3175 2704 3228 καὶ
2746 3173 2825 3244 τῷ
2884 3176 2942 3228 ἐν
2992 3174 3184 3246 Ῥώμῃ
3233 3175 3520 3245 ὲπισκόπῳ
3562 3175 3724 3230 τοῦτο

456 3268 586 3322 illud
630 3279 779 3337 patet
832 3269 1106 3335 omnibus,
1136 3270 1179 3323 si
1215 3269 1339 3338 quis
1381 3282 1642 3324 renuente
1700 3270 2038 3340 metropolita

454 3358 743 3431 episcopus
812 3357 986 3416 iactus
1034 3357 1224 3426 fuerit,
1303 3360 1445 3415 hunc
1510 3360 1763 3415 eumdem
1842 3376 2036 3432 inagna

454 3453 693 3525 synodus
743 3452 982 3508 decrevit
1028 3467 1134 3509 non
1193 3468 1317 3508 esse
1389 3453 1724 3524 episcopum.
1762 3455 2037 3524 Septimus

454 3550 635 3596 autem
698 3543 944 3611 ejusdem
996 3544 1187 3616 synodi
1228 3558 1400 3599 canon
1431 3546 1498 3599 de
1525 3542 1685 3599 IEliae
1722 3542 2036 3617 Hierosoly-

454 3647 665 3685 morum
697 3633 950 3704 episcopo
982 3634 1096 3690 haec
1141 3637 1303 3690 habet
1336 3650 1355 3693 ;
1384 3653 1402 3686 ι
1437 3635 1571 3690 Cum
1595 3637 1934 3691 consuetudo
1960 3637 2037 3691 in.

454 3724 710 3792 valuerit,
771 3737 827 3781 et
859 3728 1078 3783 traditio
1133 3730 1377 3798 antiqua,
1400 3726 1563 3784 Elia:
1593 3730 1907 3800 episcopum
1939 3731 2038 3785 ho-

453 3831 591 3873 nore
616 3833 757 3885 esse,
786 3819 982 3875 haheat
1009 3820 1236 3874 honoris
1279 3821 1550 3883 ordinem,
1586 3832 1802 3875 servata
1831 3834 2035 3878 metro-

454 3909 564 3975 poli
620 3911 839 3980 propria
899 3910 1185 3982 dignitate.
1252 3929 1272 3963 ι
1332 3914 1470 3980 Quid
1526 3929 1687 3982 porro
1739 3913 1841 3968 hoc
1915 3914 2035 3969 est?

453 3998 718 4065 Cmsarea,
776 4012 838 4054 ut
903 4002 1378 4071 ptmsignilicatum
1429 4015 1533 4069 εδει,
1589 4016 1706 4059 erat
1731 4003 2034 4061 Palaestinae

453 4092 788 4161 metrOpolis,
843 4103 894 4147 et
920 4093 1237 4163 possidebat
1285 4096 1659 4165 episcopatum
1707 4096 2034 4170 Hierosoly-

452 4197 688 4238 morum.
745 4181 860 4238 Iioc
917 4185 1099 4254 itaque
1154 4187 1232 4239 ait
1265 4200 1442 4241 canon
1475 4206 1488 4242 :
1517 4205 1536 4239 ι
1598 4186 1713 4244 Νοιι
1748 4200 2033 4260 prepterea

451 4273 594 4342 quod
647 4271 1017 4344 Hierosolyma
1043 4276 1098 4329 in
1130 4277 1554 4344 patriarchatum
1595 4293 1846 4350 provecta
1881 4292 2030 4347 sunt,

450 4364 542 4417 illa
593 4365 815 4434 proprio
868 4366 1073 4421 honore
1115 4367 1406 4437 minuetur,
1462 4383 1517 4426 et
1568 4387 1598 4426 a
1650 4374 1938 4442 metropoli
1972 4372 2027 4427 in

2144 3268 2373 3337 σύνηθές
2405 3270 2574 3321 ἐστιν.
2621 3265 2853 3336 Ὁμοίως
2878 3265 2936 3319 δὲ
2961 3264 3057 3319 καὶ
3084 3265 3238 3337 ,κατὰ
3258 3267 3356 3336 τὴν
3388 3266 3721 3336 Ἀντιόχειαν

2138 3363 2234 3414 καὶ
2269 3360 2330 3412 ἐν
2358 3362 2478 3423 ταῖς
2503 3358 2693 3422 ἄλλαις
2713 3358 3011 3428 ἐπαρχίαις
3047 3357 3118 3411 τὰ
3159 3358 3427 3431 πρεσϐεῖα
3447 3358 3720 3422 σώζεσθαι

2136 3456 2258 3516 ταῖς
2293 3451 2669 3521 Ἐκκλησίαις.
2698 3469 2717 3502 ι
2752 3450 3000 3505 Καθόλου
3025 3450 3080 3504 δὲ
3113 3450 3379 3522 πρόδηλον
3409 3452 3606 3516 ὲκείνο,
3632 3452 3717 3504 ὅτι

2138 3545 2193 3598 εἴ
2220 3563 2304 3609 τις
2343 3546 2513 3615 χωρὶς
2544 3544 2770 3614 γνώμης
2802 3542 2899 3596 τοῦ
2929 3543 3328 3613 μητροπολίτου
3356 3543 3567 3611 γένοιτο
3596 3544 3719 3596 ἐπί-

2138 3655 2364 3702 σκοπος,
2395 3639 2489 3691 τὸν
2513 3636 2756 3690 τοιοῦτον
2798 3637 2831 3705 ὴ
2876 3635 3087 3706 μεγάλη
3148 3635 3365 3700 σύνοδος
3412 3634 3582 3707 ὥρισε
3637 3638 3716 3708 μὴ

2140 3731 2254 3785 δεῖν
2286 3725 2428 3784 εἶναι
2449 3729 2772 3784 ἐπίσκοπον.
2803 3728 2864 3782 ὐ
2887 3728 2944 3781 δὲ
2964 3727 3189 3798 ἕϐδομος
3220 3728 3400 3782 κανὼν
3415 3729 3515 3799 τῆς
3544 3730 3718 3799 αὐτῆς

2140 3824 2363 3877 συνόδου
2391 3825 2523 3893 περὶ
2556 3822 2651 3876 τοῦ
2682 3821 2893 3885 Αίλίας,
2928 3821 3049 3891 ῆτοι
3078 3819 3672 3892 Ἰεροσολύμων,φησίν
3697 3838 3715 3853 ·

2143 3931 2162 3964 ι
2192 3911 2417 3982 Ἐπειδὴ
2450 3912 2712 3982 συνήθεια
2770 3915 3106 3981 κεκράτηκε,
3149 3913 3245 3964 καὶ
3284 3912 3582 3981 παράδοσις
3614 3913 3718 3982 ἀρ.

2137 4000 2291 4071 χαία,
2321 3996 2465 4052 ὥστε
2518 3999 2612 4051 τὸν
2648 3999 2839 4061 Δίλίας
2879 3999 3178 4053 ἐπίσκοπον
3212 4001 3501 4070 τιμᾶσθαι,
3538 4001 3716 4069 ἐχέτω

2133 4094 2235 4162 τὴν
2265 4090 2591 4146 ἀκολουθίαν
2624 4091 2724 4158 τῆς
2758 4092 2947 4161 τιμῆς,
2974 4093 3042 4162 τῇ
3093 4092 3429 4162 μητροπόλει
3466 4092 3718 4161 σωζομέ-

2135 4202 2227 4239 νου
2262 4184 2358 4238 τοῦ
2379 4185 2594 4238 ἐκείνου
2625 4184 2963 4254 ἀξιώματος.
3003 4204 3024 4236 ι
3058 4184 3124 4237 Τί
3157 4185 3216 4238 δέ
3262 4187 3379 4238 ἐστι
3413 4186 3608 4250 toﬁ-to;
3647 4187 3718 4240 Ἠ

2132 4279 2468 4348 Καισάρεια,
2491 4278 2564 4341 ὡς
2589 4278 2910 4349 δεδήλωται,
2932 4278 3262 4348 μητρόπολις
3289 4275 3355 4349 ἦν
3376 4279 3476 4348 τῆς
3509 4278 3721 4333 Παλαι-

2135 4367 2501 4443 στίνης.Είχε
2552 4372 2618 4429 ,δὲ
2651 4372 2963 4443 ἐπισκοπὴν
2985 4372 3056 4425 τὰ
3112 4370 3487 4443 Ἰεροσόλυμα.
3540 4372 3719 4426 Τοῦτο

449 4456 817 4524 episcopatum
882 4456 1116 4524 decidet,
1157 4460 1254 4515 sed
1283 4462 1386 4516 hac
1416 4462 1580 4517 etiam
1613 4464 1820 4519 ratione
1844 4478 2030 4519 mane-

2144 4461 2228 4520 οὖν
2252 4482 2421 4537 φησιν
2449 4464 2478 4516 ὁ
2529 4465 2734 4526 κανὼν,
2787 4463 2871 4517 ὅτι
2925 4482 2945 4515 ι
2976 4463 3051 4517 Ού
3106 4463 3196 4517 διὰ
3223 4462 3285 4516 τὸ
3318 4464 3571 4532 γενέσθαι
3611 4465 3716 4536 τὴν

448 4544 532 4601 bit
569 4548 880 4616 metmpolis
917 4566 931 4603 :
962 4561 1335 4609 verumtamen
1387 4554 1489 4610 sub
1544 4553 2033 4628 illerosolymitauo

449 4637 778 4706 patriarcha.
813 4639 1173 4698 Consecrabit
1207 4659 1362 4711 vero,
1385 4655 1444 4700 ιιι
1475 4659 1635 4700 antea
1676 4646 2033 4703 Caesariensis

450 4728 814 4796 patriarcham
839 4731 1410 4805 Hierosolymitanum,
1434 4748 1489 4792 et
1513 4738 1658 4792 nulla
1681 4753 1740 4793 re
1757 4741 2032 4808 ἰιιιιυνιιιιι,

448 4823 637 4878 eadem
697 4827 1014 4896 metropolis
1069 4843 1171 4884 sua
1225 4831 1460 4900 potietur
1482 4831 1779 4902 dignitate;
1828 4845 2032 4890 cumet

446 4910 1103 4984 Constantinopolitanum
1140 4917 1518 4978 Heracleensis
1564 4923 1616 4976 in
1661 4921 1891 4979 Thracia
1918 4925 2025 4979 Eu-

451 5014 594 5077 ropae
625 5006 966 5075 metropolita
1008 5008 1061 5062 in
1091 5011 1453 5078 patriarcham
1485 5020 1823 5080 promoveat,
1879 5016 2021 5083 quod

450 5089 721 5149 Heracleae
750 5096 1089 5168 episcopatus
1153 5112 1271 5154 erat
1299 5098 1637 5173 Byzantium,
1676 5113 1729 5156 et
1752 5103 1866 5173 ipse
1920 5105 2026 5162 He-

450 5181 739 5239 racleensis
786 5189 1071 5244 ordinabat
1117 5191 1476 5263 Byzantinum
1542 5193 1879 5265 episc0pum,
1932 5197 2022 5251 ubi

451 5285 635 5343 postea
688 5276 1187 5354 Constantinopolis
1245 5286 1578 5341 exaediﬁcata
1607 5295 1710 5341 est.
1748 5304 1765 5338 ι
1793 5289 2025 5358 Propter

451 5366 595 5422 hunc
628 5369 791 5440 igitur
855 5388 1117 5431 canonem
1169 5375 1546 5433 Heracleensis
1584 5389 1888 5435 consecrat.
1919 5379 2024 5434 Sed

451 5459 519 5514 de
582 5461 825 5518 hisinl‘ra
852 5466 1037 5521 statim
1061 5468 1327 5534 dicemus,
1382 5485 1507 5524 cum
1533 5471 1599 5524 de
1648 5469 1840 5526 throno
1880 5470 2025 5525 Con-

448 5554 934 5624 stantinopolitano
989 5576 1171 5616 sermo
1219 5545 1697 5634 incidet,'quando
1746 5575 1802 5620 et
1847 5565 1935 5618 ille
1970 5566 2023 5618 in

454 5643 884 5711 patriarchatum
913 5662 1192 5718 promotus
1220 5652 1311 5718 sit,
1386 5656 1400 5723 ε

2146 4559 2510 4631 Ἰερουσαλὴμ
2529 4560 2945 4630 πατριαρχείον,
2975 4555 3067 4610 διὰ
3092 4556 3255 4610 τοῦτο
3275 4556 3717 4627 ἐλαττωθήσεται

2131 4653 2323 4722 ἐκείνη
2361 4651 2465 4719 τῆς
2493 4650 2700 4713 οίκείας
2727 4650 2918 4720 τιμῆς,
2950 4649 3046 4702 καὶ
3097 4650 3376 4720 ὲπισκοπὴ
3418 4650 3717 4720 γενήσεται

2130 4743 2240 4797 ἀπὸ
2269 4742 2363 4796 τοῦ
2398 4737 2541 4794 εἶναι
2602 4740 2943 4812 μητρόπολις
2993 4738 3329 4805 ἐκπεσοῦσα,
3386 4740 3526 4794 ἀλλὰ
3556 4740 3717 4810 μένει

2130 4834 2229 4889 καὶ
2261 4833 2406 4890 οὕτω
2436 4832 2796 4903 μητρόπολις,
2829 4832 2950 4886 ἀλλ’
2976 4832 3082 4886 ὑπὸ
3119 4834 3199 4903 τῷ
3235 4834 3559 4905 πατριάρχῃ
3598 4835 3714 4888 τῶν

2140 4926 2556 4998 Ἱεροσολύμων.
2580 4926 2967 4997 Χειροτονήσει
2983 4925 3064 4991 δὲ,
3081 4925 3157 4989 ὡς
3180 4927 3277 4979 καὶ
3300 4929 3589 4999 πρότερον,
3613 4929 3717 4981 αὺ-

2128 5021 2218 5084 τὺς
2263 5020 2292 5071 ὁ
2337 5019 2677 5091 Καισαρείας
2746 5017 2839 5071 τὸν
2893 5020 3246 5091 πατριάρχην
3291 5020 3709 5091 Ἰεροσολύμων,

2128 5112 2225 5165 καὶ
2254 5110 2366 5177 ἕξει
2396 5112 2457 5164 τὸ
2477 5112 2679 5165 οἰκεῖον
2708 5110 2928 5180 ἀξίωμα
2962 5112 3102 5184 αὕτη
3127 5113 3159 5181 ή
3187 5113 3525 5182 μητρόπολις
3548 5113 3712 5165 ἀκαι-

2129 5202 2428 5271 νοτόμητος
2467 5217 2479 5231 ο
2525 5202 2651 5253 ἐπεὶ
2704 5202 2798 5254 καὶ
2858 5202 2951 5254 τὸν
2991 5203 3613 5265 Κωνσταντινουπόλεως
3678 5207 3708 5254 ὁ

2127 5294 2187 5346 ἐν
2211 5296 2279 5363 τῇ
2315 5291 2567 5364 Θρᾳκικῇ
2600 5293 2898 5363 Ἡρακλείᾳ
2930 5297 3029 5364 τῆς
3061 5294 3331 5363 Εὐρώπης
3365 5294 3706 5366 μητροπολί-

2124 5401 2226 5455 της
2251 5388 2553 5455 χειροτονεῖ
2598 5385 2968 5456 πατριάρχην.
2996 5387 3142 5437 Διότι
3171 5385 3233 5438 τὸ
3264 5385 3554 5449 Βυζάντιον
3581 5386 3707 5437 ἐπι-

2128 5477 2311 5546 σκοπὴ
2336 5471 2405 5546 ἦν
2441 5477 2534 5529 τοῦ
2577 5477 2930 5547 Ἡρακλείας,
2964 5478 3057 5532 καί
3099 5477 3262 5541 αὐτὸς
3313 5480 3342 5531 ὁ
3373 5479 3704 5548 ἹΙρακλε-ίας

2124 5571 2455 5640 ἐχειροτόνει
2503 5571 2593 5624 τὸν
2621 5570 2923 5633 Βυζαντίου
2980 5572 3282 5625 ἐπίσκοπον
3304 5574 3439 5625 ὅπου
3480 5573 3514 5643 ἡ
3547 5573 3700 5624 Κων-

2127 5657 2570 5721 σταντινούπολις
2633 5657 2858 5729 ἐκτίσθη
2916 5659 3165 5730 ὕστερον.
3228 5677 3248 5710 ι
3293 5661 3391 5712 Διὰ
3447 5663 3540 5711 τὸν
3568 5677 3699 5727 προ-

455 5737 737 5805 γραφέντα
792 5735 887 5794 οὖν
926 5743 1128 5798 κανόνα
1155 5747 1454 5816 χειροτονεί
1500 5745 1663 5802 πάλιν
1692 5746 1720 5801 ὁ
1758 5747 2087 5819 Ἡρακλείας
2122 5748 2215 5803 τὸν
2246 5749 2897 5815 Κωνσταντινουπόλεως.
2954 5750 3116 5806 Ἀλλὰ
3159 5752 3291 5821 περὶ
3341 5749 3533 5806 τούτου
3567 5751 3695 5822 ἑξῆς
