4074 6410
424 346 561 410 1031

424 566 594 626 αὐτὸς
625 558 765 615 εἶναι
807 570 1222 636 πατριαρχεῖον.

1512 353 1824 412 NOTlTlA
1869 353 2602 415 PATRIABClIATUUM.

417 472 546 522 ὅσον
625 465 781 520 οῦπω
839 467 1219 538 δηλωθήσεται
1283 469 1413 525 ὅταν
1483 473 1613 540 περὶ
1672 472 1767 526 τοῦ
1810 472 2004 542 θρόνου
2061 473 2696 534 Κωνσταντινονπόλεως

3531 347 3666 410 Ῑθλδ

2779 471 3044 540 λέξωμεν,
3113 470 3229 533 πῶς
3286 472 3517 542 ἐτιμήθη
3581 471 3677 523 καὶ

494 658 614 710 Εἰσὶ
645 657 699 709 δὲ
733 658 997 726 ὲπαρχίαι
1039 660 1182 722 τινὲς
1218 661 1275 713 αἳ
1319 662 1377 713 οὐ
1410 662 1622 714 τελοῦσι
1649 664 1751 716 ὑπὸ
1775 665 1881 717 τῶν
1915 683 2007 734 με·

2184 665 2324 718 Snnt
2373 678 2499 714 vero
2552 667 2792 729 quaniani
2826 659 3120 731 provincia:
3156 676 3276 728 quin
3319 676 3421 712 non
3447 658 3678 726 pendent

415 752 620 819 γίστων
655 749 1092 820 θρόνω·ι,ὥτπερ
1126 757 1220 806 καὶ
1261 761 1292 822 ἡ
1329 755 1490 824 νῆσος
1516 757 1764 827 Κύπρος,
1797 760 1827 827 ἦ
1859 759 2002 826 ἕμει·

418 859 509 895 νεν
565 842 937 910 αὑτοκέφαλος
1002 845 1310 909 παντελῶς,
1342 850 1434 900 καὶ
1483 850 1670 918 μηδενὶ
1698 851 1872 920 θρόνῳ
1895 849 2001 901 τῶν

424 935 700 1005 μεγίστων
727 934 1090 1006 ὑποκειμένη,
1126 937 1242 992 ἀλλ’
1273 940 1624 1008 αὑτεξούσιος
1655 940 1788 995 οὖσα
1827 943 1914 995 διὰ
1939 944 2000 996 τὸ

419 1026 713 1097 εὑρεθῆναι
743 1029 800 1080 ὲν
831 1030 969 1099 αὐτῇ
995 1031 1086 1082 τὸν
1119 1032 1418 1085 ἀπόστολον
1464 1033 1750 1104 Βαρνάϐαν
1810 1035 2001 1105 ἔχοντα

421 1123 738 1192 ὲπιστήθιον
767 1125 827 1178 τὸ
854 1127 996 1179 κατὰ
1027 1127 1253 1198 Μάρκον
1295 1129 1450 1197 ἅγιον
1495 1131 1844 1199 Εὑαγγέλιον.
1882 1131 2004 1184 Εἰσὶ

419 1215 476 1268 δὲ
511 1216 604 1269 καὶ
632 1220 690 1270 ὲν
730 1218 865 1288 αὐτῇ
899 1219 1197 1272 ὲπισκοπαὶ
1243 1222 1549 1292 δεκατρεῖς,
1592 1218 1667 1276 ὧν
1719 1224 2002 1294 προκάθη-

422 1324 514 1360 ται
550 1310 582 1377 ἡ
615 1310 885 1380 λεγομένη
919 1312 1222 1367 Κωστάντα
1245 1329 1257 1343 '
1291 1316 1345 1367 αἱ
1373 1315 1430 1368 δὲ
1461 1315 1644 1369 λοιπαὶ
1672 1316 1882 1381 Κίτιον,
1913 1316 2002 1368 ’Λ-

426 1398 654 1466 μαθοῦς,
707 1401 929 1468 Κύριον,
980 1402 1197 1470 Πάφοι,
1263 1405 1560 1476 Ἀρσενόη,
1612 1407 1782 1470 Σόλοι,
1827 1409 2002 1460 Λάπι-

421 1493 533 1553 θος,
591 1494 861 1562 Κυρηνία,
919 1493 1200 1564 Ταμασὸς,
1257 1497 1998 1568 Κύθρης,’ί’ριμιθὸς,Κάρ-

421 1597 497 1632 πα
507 1598 613 1643 σος.

504 1671 739 1737 Ὁμοίως
770 1675 834 1742 τῇ
867 1671 1078 1743 Κύπρῳ
1122 1673 1270 1724 ἐστὶν
1323 1673 1692 1744 αῦτοκέφαλος
1761 1676 1834 1744 μὴ
1873 1677 2003 1727 ὑπο-

420 1763 651 1834 κειμένη
682 1764 789 1817 τινὶ
823 1765 931 1818 τῶν
972 1767 1248 1836 μεγίστων
1297 1766 1538 1838 θρόνων,
1582 1767 1698 1820 ἀλλ’
1739 1765 1999 1832 αὐτεξού-

423 1873 536 1917 σιος
567 1857 834 1930 ἀγομένη,
869 1857 960 1910 καὶ
997 1857 1100 1910 ὑπὸ
1129 1858 1239 1910 τῶν
1274 1858 1418 1912 ἰδίων
1471 1862 1789 1914 ἐπισκόπων
1819 1878 2000 1933 χειρο-

420 1951 746 2020 τονουμένη,
805 1951 900 2004 καὶ.
965 1952 996 2020 ὴ
1055 1950 1382 2020 Βουλγαρία,
1449 1952 1523 2022 μὴ
1552 1950 1775 2018 οὖσαέξ
1829 1955 2002 2024 ἀρχῆς

2105 769 2133 805 a
2187 754 2482 820 majoribus
2533 754 2737 806 tln'on's
2765 755 3213 821 (pietnadtnmium
3254 761 3307 805 et
3365 750 3536 805 insula
3571 751 3676 808 CV-

2103 861 2233 913 prus
2266 847 2461 898 mansit
2493 846 2571 898 sui
2599 844 2733 914 juris
2764 846 3002 914 nulliun
3038 845 3470 914 patriarcharum
3523 844 3674 898 thro-

2107 948 2204 988 no’
2231 937 2491 1004 subjecta,
2537 938 2628 991 sed
2689 936 2898 990 libera:
2933 939 3071 1004 quod
3136 939 3185 990 in
3219 954 3281 991 ea
3331 946 3576 1005 repertus
3607 937 3680 988 sit

2108 1026 2382 1082 Barnabas
2433 1028 2708 1096 apostolus
2733 1030 2784 1082 in
2809 1043 3026 1098 pectore
3071 1029 3274 1083 habens
3325 1028 3674 1095 Evangelium

2104 1121 2396 1173 secundum
2423 1119 2679 1175 Marcum.
2711 1120 2846 1174 Sunt
2871 1122 2920 1174 in
2957 1122 3072 1190 iisa
3137 1122 3474 1190 episcopatus
3500 1120 3680 1173 trede-

2106 1209 2210 1262 cim
2242 1225 2468 1279 quorum
2490 1211 2691 1280 primus
2716 1223 2796 1266 est
2825 1210 3163 1277 Constantia,
3213 1213 3427 1282 reliqui,
3449 1211 3672 1268 Citium.

2103 1299 2389 1365 Amathus,
2417 1302 2659 1364 Curium,
2687 1301 2919 1373 Paphos,
2953 1305 3212 1367 Arsenoe,
3242 1303 3372 1368 Soli,
3397 1303 3673 1373 Lapithas,

2106 1393 2360 1466 Cyren‘p,
2397 1393 2680 1457 Tamasus,
2713 1395 2894 1464 Cytlm
2916 1411 2962 1456 ε,
2995 1395 3314 1463 Triuiitbus,
3347 1396 3638 1465 Carpasus.

2174 1680 2352 1748 mque
2397 1696 2459 1731 ae
2511 1680 2718 1746 (‘ypius
2761 1678 3001 1743 suijuris
3021 1688 3124 1742 est,
3163 1677 3292 1730 nulli
3333 1693 3394 1730 ex
3430 1679 3680 1732 maximis

2103 1773 2318 1826 sedibus
2364 1769 2625 1835 subjecta,
2670 1770 2761 1821 sed
2822 1769 2986 1821 libere
3044 1784 3103 1822 se
3159 1769 3486 1837 gubernans,
3547 1778 3600 1822 et
3649 1787 3679 1822 a

2105 1863 2335 1935 propriis
2369 1862 2633 1929 epist-Opis
2685 1861 3054 1915 ordinationes
3107 1860 3376 1929 accipiens
3408 1860 3676 1926 Bulgaria,

2104 1971 2224 2023 qua:
2257 1972 2283 2006 a
2317 1953 2578 2021 principio
2615 1953 2859 2022 Bulgaria
2914 1968 3018 2005 non
3054 1965 3206 2017 erat;
3257 1961 3351 2006 sed
3381 1969 3500 2005 cuin
3539 1965 3680 2021 post-

421 2043 733 2115 Βουλγαρία
758 2059 771 2074 ο
809 2043 1037 2115 ὕστερον
1063 2043 1117 2096 δὲ
1149 2044 1237 2097 διὰ
1271 2045 1330 2096 τὸ
1370 2045 1539 2114 αὐτὴν
1577 2044 1680 2098 ὑπὸ
1703 2045 1809 2097 τῶν
1837 2046 1998 2097 Βουλ-

2112 2061 2164 2100 ea
2224 2061 2252 2100 a
2305 2045 2550 2115 Bulgaris
2595 2045 2781 2098 fuisset
2823 2055 3118 2114 occupata,
3177 2044 3421 2112 Bulgaria
3479 2059 3678 2098 no-nen

420 2139 610 2206 γὰρων
642 2135 998 2207 κυριευθῆναι
1019 2135 1242 2204 λέγεται
1276 2135 1878 2206 Βουλγαρία.¹’ίῐμεινεν
1909 2131 2002 2189 οῦν

421 2231 519 2283 καὶ
552 2228 690 2299 αὐτὴ
715 2227 1086 2297 αὑτοκέφαλος
1105 2228 1195 2282 διὰ
1215 2229 1274 2281 τὸ
1303 2229 1409 2282 ὑπὸ
1445 2228 1730 2298 βασιλικῆς
1757 2227 2005 2295 ἐξουσίας

423 2321 846 2392 ἀποσπασθῆναι
881 2321 984 2391 τῆς
1021 2320 1206 2390 χειρὸς
1245 2321 1354 2374 τῶν
1384 2320 1736 2388 Βουλγόιρων,
1767 2321 1885 2391 ἦτοι
1907 2320 2000 2374 τοῦ

423 2414 689 2484 βασιλέως
711 2413 894 2485 Κύρου
925 2413 1200 2483 βασιλείου
1233 2411 1326 2464 τοῦ
1357 2412 1872 2482 Πορφυρογενήτου,
1909 2411 2002 2464 καὶ

425 2503 498 2573 μὴ
525 2502 850 2572 ἀνατεθῆναί
881 2519 1010 2554 ποτε
1056 2503 1123 2572 τῇ
1190 2499 1493 2571 Ἐκκλησία.
1542 2500 2002 2551 Κωνσταντινου-

423 2595 652 2656 πόλεως.
685 2593 776 2646 Διὸ
816 2594 912 2646 καὶ
946 2593 1053 2656 ἓως
1081 2591 1176 2645 τοῦ
1212 2591 1308 2644 νῦν
1341 2594 1370 2661 ἡ
1400 2591 1624 2661 Κύπρος
1653 2591 1747 2643 καὶ
1778 2591 1810 2661 ἡ
1838 2589 2004 2642 Βουλ-

433 2686 591 2757 γαρία
620 2687 724 2738 ὑπο
755 2685 854 2755 μὲν
879 2683 970 2737 τοῦ
1029 2683 1297 2754 βασιλέως
1353 2684 1728 2753 λαμϐάνουσιν
1777 2681 2003 2734 ἐπισκό-

423 2796 577 2842 πους.
615 2778 1065 2850 Χειροτονοῦνται
1090 2778 1146 2830 δὲ
1181 2772 1324 2831 οῦτοι
1348 2778 1451 2830 ὑπὸ
1471 2777 1578 2829 τῶν
1607 2776 1748 2829 ἰδίων
1771 2774 1996 2828 ἐπισκό-

424 2891 560 2938 πων,
601 2872 964 2944 ὼς·είρηται,
1030 2873 1122 2925 καὶ
1184 2870 1476 2925 καλοῦνται
1535 2867 1991 2940 ἀρχιεπισκοπαὶ,

424 2965 498 3028 ὡς
519 2965 901 3032 αὑτοκέφαλοι.
936 2964 1088 3034 Ἔχει
1110 2963 1168 3017 δὲ
1189 2965 1281 3016 καὶ
1307 2965 1338 3034 η
1363 2962 1670 3032 Βουλγαρία
1695 2963 2000 3024 ἐπισκοπὲις

425 3057 645 3120 πλείους
672 3057 782 3110 τῶν
843 3057 1166 3126 τριάκοντα,
1207 3048 1282 3108 ὧν
1314 3053 1697 3124 ὑπερκάθηται
1730 3053 1824 3105 καὶ
1850 3053 2005 3115 πόλις

439 3150 625 3222 Ἀχρὶς
651 3152 708 3204 ἐν
741 3150 976 3213 τούτοις.
1023 3150 1133 3202 Καὶ
1162 3149 1228 3201 τὰ
1263 3149 1393 3219 περὶ
1424 3147 1650 3201 τούτων.

499 3266 620 3319 Ὀτι
659 3265 767 3336 γὰρ
798 3266 906 3318 ἔδει
943 3264 1150 3318 τέλειον
1179 3259 1320 3318 εἶναι
1349 3264 1410 3316 τὸ
1447 3264 1609 3334 σῶμα
1638 3263 1740 3332 τῆς
1774 3261 2008 3332 Ἐκκλη-

429 3360 569 3423 σίας,
602 3354 667 3432 ἦς
701 3360 800 3430 μία
827 3359 1042 3432 κεφαλὴ
1085 3362 1112 3414 ὁ
1135 3360 1398 3428 Χριστὸς,
1439 3361 1549 3412 πᾶν
1594 3358 1651 3411 δὲ
1689 3357 1850 3427 σῶμα
1883 3361 2006 3422 ταῖς

431 3453 594 3506 πέντε
627 3455 910 3506 διοικεῖται
965 3453 1310 3523 αἰσθήσεσιν,
1357 3453 1418 3508 οὐ
1454 3452 1560 3524 μὴν
1587 3451 1846 3523 τέσσαρσι
1875 3467 1888 3481 °
1916 3452 2008 3504 διὰ

431 3548 588 3600 τοῦτο
618 3545 938 3619 ᾠκονόμησε
993 3545 1052 3600 τὸ
1083 3546 1239 3615 ἅγιον
1267 3545 1494 3616 Πνεῦμα
1550 3545 1715 3598 πέντε
1749 3542 2007 3612 γενέσθαι

431 3640 499 3694 τὰ
522 3641 910 3710 πατριαρχεία,
937 3638 1096 3693 ἅτινά
1127 3639 1266 3691 εἰσιν
1312 3637 1371 3690 ἓν
1428 3636 1588 3706 σῶμα
1629 3637 1722 3689 καὶ
1755 3635 1854 3705 μία
1883 3634 2009 3688 Ἐκ-

433 3731 659 3802 κλησία,
690 3731 1001 3803 αἰσθήσεων
1033 3731 1190 3800 λόγον
1219 3729 1530 3800 ἐπεχόντων
1567 3729 1674 3781 τῶν
1705 3729 1866 3781 πέντε
1901 3743 2007 3781 πα·

433 3825 783 3896 τριαρχείων.
817 3825 1029 3894 Ὥσπερ
1082 3825 1192 3895 γὰρ
1245 3824 1354 3876 πᾶν
1405 3823 1564 3892 σῶμα
1602 3820 1741 3885 ζῶον
1767 3821 1872 3874 ὑπὸ
1902 3820 2010 3873 τῶν

435 3917 597 3970 πέντε
665 3918 950 3970 διοικεῖται
1018 3917 1350 3987 αἰσθήσεων,
1387 3917 1434 3968 εί
1487 3917 1543 3969 δὲ
1582 3916 1762 3972 λείπει
1803 3915 1901 3984 μία
1928 3931 2011 3976 τις

434 4009 542 4062 τῶν
596 4010 933 4080 αἰσθήσεων,
968 4009 1160 4071 ἀτελές
1186 4010 1302 4062 ἐστι
1335 4008 1396 4062 τὸ
1438 4008 1596 4078 σῶμα
1631 4025 1644 4040 ⁸
1685 4007 1828 4061 οῦτω
1857 4007 2010 4076 καὶὴ

436 4099 733 4170 Ἐκκλησία
789 4100 883 4154 τοῦ
941 4101 1180 4172 Χριστοῦ
1232 4100 1292 4154 ἓν
1339 4100 1498 4170 σῶμα
1530 4094 1665 4155 οὖσα
1701 4099 1886 4153 ἅπασα
1918 4099 2013 4152 καὶ

439 4193 560 4262 μία,
590 4196 658 4264 τῇ
697 4194 776 4254 εἰς
811 4193 1046 4264 Χριστὸν
1072 4193 1164 4244 τὸν
1197 4192 1324 4244 Υίὸν
1356 4192 1449 4244 τοῦ
1482 4192 1615 4245 Θεοῦ
1642 4192 1822 4244 πίστει
1853 4192 2013 4261 ἑστη-

440 4286 694 4356 ριγμένη,
740 4285 844 4338 ὑπὸ
917 4284 1023 4337 τῶν
1077 4285 1240 4337 πέντε
1291 4285 1648 4355 πατριαρχῶν
1707 4286 2012 4348 διοικεῖται,

437 4377 627 4446 ὥσπερ
673 4377 780 4430 ὑπὸ
808 4376 1138 4447 αἰσθήσεων.
1164 4378 1323 4429 Ποῖον
1349 4377 1403 4429 δὲ
1431 4378 1824 4448 πατριαρχεῖον
1849 4374 2013 4444 τῆσδε

439 4471 600 4540 τυχὸν
649 4470 750 4539 τῆς
773 4469 1082 4538 αἰσθήσεως
1105 4469 1290 4538 ἐπέχει
1314 4468 1494 4536 λόγον,
1522 4470 1618 4522 καὶ
1650 4471 1802 4522 ποῖον
1827 4466 2011 4536 τῆσδε,

439 4562 500 4615 οὗ
526 4559 620 4614 τοῦ
649 4560 918 4630 παρόντος
940 4560 1122 4628 λέγειν
1153 4558 1374 4629 καιροῦ.

523 4679 678 4733 Ἐπεὶ
736 4677 830 4733 οἷον
897 4678 1006 4733 ἔδει
1060 4679 1220 4731 πέντε
1250 4674 1390 4730 εἶναι
1436 4675 1504 4728 τὰ
1533 4677 1898 4746 πατριαρχεῖα
1927 4674 2014 4727 διὰ

441 4768 539 4840 τὴν
592 4769 896 4840 εἰρημένην
944 4767 1148 4832 αἰτίαν,
1190 4767 1279 4820 διὰ
1343 4767 1500 4818 τοῦτο
1559 4764 1894 4834 παρεκίνησε
1955 4763 2016 4816 τὸ

444 4862 668 4934 Πνεῦμα
695 4864 756 4915 τὸ
783 4863 940 4930 ἅγιον
966 4861 1065 4933 τὴν
1107 4860 1268 4929 ἁγίαν
1303 4863 1398 4913 καὶ
1430 4858 1815 4928 οίκουμενικὴν
1835 4857 2017 4910 δευτέ-

444 4974 545 5029 ραν
575 4955 814 5021 σύνοδον,
865 4955 966 5027 τὴν
1011 4957 1069 5008 ὲν
1124 4952 1717 5014 Κωνσταντινουπόλει,
1753 4951 1851 5020 τὴν
1877 4949 2019 5002 κατὰ

445 5048 781 5103 Μακεδονίου
831 5046 926 5101 τοῦ
985 5045 1450 5115 Πνευματομάχου
1517 5043 1876 5112 συναχθεῖσαν
1927 5043 2021 5094 ἐπὶ

445 5143 541 5194 τοῦ
577 5139 843 5210 βασιλέως
871 5137 968 5192 τοῦ
1005 5137 1244 5208 μεγάλου
1273 5127 1576 5198 Θεοδοσίου,
1603 5137 1708 5187 τῶν
1739 5134 1798 5199 ἐξ
1843 5133 2021 5188 Ἱσπαο

446 5233 563 5294 νίας
603 5232 889 5299 παρόντων
951 5231 1172 5283 πάντων
1232 5229 1342 5280 τῶν
1392 5228 1713 5298 ἀρχιερέων,
1767 5228 1861 5278 καὶ
1909 5225 2018 5278 τῶν

449 5324 726 5393 μεγίστων
761 5323 965 5392 θρόνων
995 5319 1452 5391 προκαθημένων.
1495 5317 1662 5388 ἤγουν
1712 5317 1807 5368 τθῧ
1858 5317 2020 5369 nam“

456 5414 700 5480 Ῥώμης,
725 5413 1005 5480 Δαμάσου,
1056 5414 1146 5464 καὶ
1175 5411 1270 5462 τοῦ
1307 5409 1744 5479 Ἀλεξανδρείας,
1795 5411 1889 5459 καὶ
1925 5405 2018 5458 τοῦ

458 5501 873 5572 Ἰεροσολύμων,
926 5505 1020 5554 καὶ
1049 5503 1144 5554 τοῦ
1191 5501 1544 5569 Ἀντιοχείας,
1586 5500 1888 5568 προστάξαι
1932 5499 2021 5550 διὰ

449 5596 676 5657 κανόνος
707 5593 852 5664 ἔχειν
917 5594 1010 5646 καὶ
1061 5594 1159 5662 τὴν
1209 5591 1786 5646 Κωνσταντινούπολιν
1833 5589 1900 5642 τὰ
1932 5590 2021 5642 ἴσα

449 5687 716 5753 πρεσὸεἶα
776 5687 874 5755 τῆς
934 5685 1310 5758 πρεσϐυτέρας
1357 5686 1596 5755 Ῥώμης.
1653 5686 1789 5754 Φησὶ
1839 5683 2025 5750 γοῦνὸ

454 5782 633 5851 τρίτος
674 5779 855 5834 κανὼν
893 5779 991 5846 τῆς
1021 5777 1192 5846 αὐτῆς
1224 5779 1444 5830 συνόδου
1472 5780 1561 5831 τὸν
1593 5780 1692 5847 μέν
1743 5795 1824 5829 τοι
1865 5780 2024 5831 Κων-

822 5879 1092 5937 I’A'IttuL.
1123 5879 1236 5936 (in.
1281 5877 1568 5937 CXXX“.

2104 2139 2210 2192 sibi
2265 2138 2475 2194 ascivit.
2529 2136 2810 2191 Remansit
2887 2137 3070 2204 itaque
3131 2144 3185 2190 et
3244 2135 3357 2205 ipsa
3404 2135 3482 2189 sui
3516 2133 3675 2204 juris,

2105 2230 2247 2300 quod
2303 2231 2467 2284 ductu
2523 2229 2871 2298 auspicioque
2931 2228 3271 2296 imperatoris
3334 2227 3514 2281 Basilii
3554 2227 3681 2281 Por-

2107 2311 2506 2392 pbyrogenrtm,
2579 2337 2607 2374 a
2643 2320 3001 2389 Bulgaroruni
3039 2321 3284 2374 manibus
3330 2320 3522 2373 fuisset
3560 2333 3682 2373 ereo

2107 2424 2219 2482 pta,
2274 2425 2329 2468 et
2403 2429 2675 2482 nunquam
2748 2411 3004 2466 Ecclesiae
3075 2410 3684 2479 Constantinopolitana!

2108 2508 2404 2576 supposita.
2426 2505 2759 2576 Quapropter
2781 2508 2846 2559 ad
2872 2505 2984 2560 hate
3007 2519 3177 2573 usque
3207 2513 3442 2572 tempora
3472 2503 3681 2574 Cyprus

2106 2607 2160 2653 et
2225 2596 2473 2668 Bulgaria
2501 2599 2566 2652 ab
2628 2599 2950 2667 imperatore
3009 2598 3223 2666 quidem
3263 2597 3538 2666 accipiunt
3570 2597 3685 2666 epi-

2109 2704 2327 2760 scopos,
2392 2689 2714 2744 ordinantur
2758 2705 2887 2743 vero
2942 2689 2994 2742 bi
3033 2689 3260 2760 propriis
3305 2691 3593 2758 episc0pis,
3626 2700 3685 2744 ut

2109 2783 2310 2837 dictum
2345 2793 2446 2846 est,
2473 2792 2842 2851 vocanturque
2871 2783 3386 2852 archiepiscopatus,
3423 2792 3678 2852 tanquam

2108 2875 2198 2945 qui
2244 2877 2326 2929 sui
2354 2874 2493 2944 juris
2520 2885 2661 2928 sunt.
2704 2873 2874 2928 Habet
2907 2889 3034 2928 vero
3060 2875 3411 2944 Episcopatus
3433 2856 3708 2943 Bulgaria

2112 2969 2330 3040 triginta
2395 2977 2448 3022 et
2539 2966 2790 3037 amplius,
2847 2983 3077 3036 quorum
3141 2967 3431 3037 primatum
3476 2965 3685 3021 obtinet

2111 3063 2322 3116 Acbris.
2355 3061 2422 3116 Et
2448 3062 2558 3115 haec
2589 3059 2802 3130 quidem
2842 3059 2906 3114 de
2927 3058 3032 3112 his.

2186 3273 2290 3329 Sed
2314 3288 2434 3327 cum
2466 3273 2762 3343 perfectum
2790 3271 3045 3326 Ecclesia:
3091 3287 3286 3341 corpus
3309 3286 3429 3328 esse
3469 3255 3686 3342 oper-te.

2031 3384 2076 3446 ρ
2111 3367 2222 3429 bat,
2277 3365 2433 3434 cujus
2489 3380 2652 3417 unum
2712 3374 2871 3434 caput
2931 3363 3202 3430 Christus,
3279 3365 3490 3434 singula
3553 3383 3682 3424 vero

2111 3472 2335 3522 corpora
2369 3459 2605 3525 quinque
2636 3457 2886 3512 sensibus
2903 3457 3288 3525 gubernantur,
3313 3467 3366 3512 et
3395 3475 3499 3512 non
3558 3478 3687 3530 qua-

2114 3557 2255 3610 tuor,
2305 3557 2588 3616 pr0pterea
2643 3548 2714 3600 ita
2762 3546 3027 3615 disposuit
3081 3547 3314 3616 Spiritus
3355 3561 3596 3614 sanctus,
3631 3565 3689 3606 ut

2110 3640 2344 3708 quinque
2394 3649 2580 3693 essent
2631 3637 3031 3706 patriarcbatus
3090 3639 3182 3704 qui
3269 3654 3432 3694 unum
3490 3657 3686 3709 corpus

2112 3728 2371 3791 alliciunt,
2419 3736 2472 3780 et
2506 3743 2665 3780 unam
2695 3726 3017 3789 Ecclesiant,
3053 3741 3312 3781 sensuum
3350 3728 3516 3782 vicem
3548 3745 3690 3799 prm-

2112 3819 2383 3873 stantibus
2411 3820 2646 3888 quinque
2688 3818 3162 3890 patriareltatibus.
3220 3819 3686 3884 Quemadmodum

2113 3913 2256 3965 enim
2281 3927 2474 3981 corpus
2507 3913 2798 3964 animantis
2833 3925 2861 3962 a
2884 3913 3120 3980 quinque
3151 3913 3684 3980 sensilmsdirigitnr.

2113 4005 2231 4060 etsi
2267 4020 2404 4057 unus
2429 4018 2496 4056 ex
2531 4003 2614 4056 bis
2639 4002 2918 4066 defecerit,
2944 4018 3140 4071 corpus
3180 4002 3548 4071 imperfectum
3581 4015 3684 4071 est,

2116 4095 2194 4149 sic
2249 4103 2303 4149 et
2336 4093 2575 4147 Ecclesia
2620 4092 2845 4157 Christi,
2895 4085 3018 4146 cum
3046 4109 3211 4145 unum
3237 4095 3308 4146 sit
3352 4109 3690 4160 cor-posui..-

2117 4201 2294 4251 versa,
2338 4194 2392 4240 et
2445 4201 2547 4237 una
2591 4186 2641 4237 in
2673 4185 2945 4238 Christum
2979 4185 3171 4238 Filium
3201 4184 3288 4238 Dei
3321 4186 3420 4239 (ide
3455 4187 3686 4249 ﬁrmata,

2117 4294 2146 4332 a
2174 4280 2410 4347 quinque
2433 4277 2778 4346 patriarcbis,
2812 4287 3066 4347 tanquam
3091 4293 3118 4328 a
3153 4279 3391 4346 quinque
3422 4279 3687 4343 sensibus,

2123 4371 2399 4441 dirigitur.
2459 4369 2689 4434 Quinam
2742 4384 2869 4422 vero
2925 4371 3316 4435 patriarcbatus
3343 4370 3498 4438 cujus
3530 4386 3689 4424 sensu

2119 4466 2292 4518 vicem
2353 4463 2675 4529 sustineant,
2728 4473 2937 4516 nonest
2987 4462 3269 4531 pra-sentis
3327 4463 3582 4531 temporis
3611 4463 3694 4517 di-

2119 4571 2264 4611 cere.

2191 4683 2326 4738 Cum
2383 4699 2510 4736 vero
2559 4683 2795 4751 quinque
2827 4697 2948 4735 esse
3000 4681 3396 4749 patriarchatus
3440 4695 3693 4746 necessa-

2127 4775 2263 4828 rium
2317 4783 2479 4837 esset,
2511 4773 2579 4827 ob
2624 4771 2968 4838 causamjam
3001 4771 3221 4836 dictam,
3259 4785 3537 4838 propterea
3581 4786 3695 4823 mo-

2125 4865 2202 4918 vit
2247 4863 2480 4932 Spiritus
2536 4871 2754 4918 sanctus
2815 4875 3055 4916 sanetam
3089 4871 3139 4914 et
3187 4863 3573 4915 tecumenicam
3607 4877 3695 4916 se-

2124 4956 2358 5011 cundam
2389 4957 2650 5025 synodum
2678 4972 2795 5023 qua:
2813 4965 2996 5007 contra
3022 4953 3416 5018 Macedoniam,
3437 4954 3694 5021 Spiritum

2126 5061 2375 5103 sanctum
2425 5055 2862 5118 oppugnantem,
2915 5045 3016 5098 sub
3103 5046 3429 5114 imperatore
3505 5045 3697 5112 Magno

2129 5139 2437 5194 Theodosio
2500 5137 2738 5206 llispano
2810 5136 3274 5204 Constantinopoli
3335 5145 3519 5190 coacta
3591 5148 3696 5196 est,

2130 5229 2484 5300 praesentibus
2534 5228 2782 5282 omnibus
2841 5228 3182 5294 praesulibus,
3236 5239 3288 5282 et
3322 5227 3568 5280 maximis
3613 5240 3699 5277 sc-

2125 5323 2278 5375 dibus
2363 5320 2798 5388 prmsitlentiluts,
2869 5319 3097 5373 D.nnaso
3151 5320 3355 5372 Scilicet
3429 5317 3693 5379 Romano,

2125 5411 2512 5473 Alexandrino,
2571 5409 3076 5480 llierosolymitano,
3100 5422 3150 5464 et
3173 5410 3530 5470 Antioclieno,
3557 5425 3696 5476 pra:-

2126 5503 2309 5572 cipere
2365 5504 2564 5570 scripto
2612 5517 2820 5556 Conone
2896 5501 3415 5568 Constantinopolim
3493 5500 3696 5553 habere

2129 5611 2276 5662 aupta
2307 5593 2580 5664 privilegia
2639 5610 2760 5648 cum
2804 5596 3003 5648 seniori
3049 5595 3236 5645 ltoma.
3279 5593 3364 5644 Ait
3392 5593 3570 5658 itaque
3591 5601 3700 5643 ler-

2131 5689 2239 5740 tius
2270 5701 2440 5739 canon
2463 5687 2701 5749 ejusdem
2733 5687 2921 5755 synodi
2952 5701 2965 5737 :
3001 5704 3020 5736 ‹
3058 5683 3700 5752 ,Οομειίιηιίηιψοιίιιιηιισ

2131 5781 2369 5835 civitatis
2414 5787 2697 5851 episcopus
2764 5782 2959 5835 habeat
3014 5778 3289 5848 privilegia
3333 5778 3553 5833 honoris
3583 5788 3704 5845 post.
