4088 6408
433 381 563 439 illi

1726 398 1891 460 NIM
1936 403 2406 468 DOXOPATRII

3551 409 3687 474 ill?

426 496 648 560 chthne,
695 496 787 550 ‘il.
846 496 1056 561 Perme,
1119 498 1207 552 9.2.
1246 499 1689 569 Bosphorusﬂﬁ.
1720 507 2000 574 Cotradia,

2109 516 2267 586 (Ξζύη,
2314 519 2398 582 ιζ’.
2439 521 2471 588 ἡ
2507 521 2748 589 Λῆμνος.
2783 519 2874 589 ιη’.
2916 520 3149 585 Λευκάς.
3189 519 3293 575 ιϐ’.
3356 522 3388 590 ἡ
3424 522 3683 582 Μίσθειαο

424 586 518 639 ει.
548 584 758 649 (ἰθύνω,
783 586 1211 655 25.Carphatcs.
1231 588 1318 642 26.
1357 590 1541 649 Cntro.
1579 594 1669 647 97.
1702 594 1996 662 Rhizz‘eatn,

425 673 518 728 9.8.
577 674 811 739 Gotthia,
861 675 950 730 29.
1006 676 1228 746 Sygtlia,
1271 678 1357 732 50.
1404 681 1595 752 Phylli,
1641 684 1729 738 5|.
1779 686 1998 755 Egilia,

425 769 517 824 '52.
579 769 856 835 Pharsale,
916 771 1005 825 55.
1066 771 1381 836 Anchialus,
1441 776 1529 830 34.
1596 777 1859 834 lleraclei.
1914 781 2003 835 lla:

428 875 616 915 omnes
665 862 909 917 civitates
947 872 998 916 et
1045 862 1333 931 provinciae
1378 867 1572 923 throno
1612 869 2000 926 Constantino-

426 950 664 1020 politano
683 966 1130 1010 annumerantur.

497 1284 574 1339 De
604 1286 988 1357 hypothesibus
1038 1303 1164 1345 vero
1192 1300 1246 1346 et
1274 1292 1735 1363 snppositionibus
1764 1293 1998 1362 partium

425 1389 524 1430 seu
564 1378 841 1444 regionum
895 1376 1342 1447 Occidentalium,
1399 1384 1544 1437 verbi
1594 1384 1763 1453 gratia
1798 1384 2000 1449 Horme,

426 1463 836 1536 Longobardize,
868 1478 923 1525 et
946 1469 1163 1538 Siciliae,
1218 1488 1318 1544 ego
1343 1474 1482 1543 apud
1521 1484 1571 1529 te
1615 1474 1900 1537 disseram,
1937 1488 2000 1528 ea

426 1571 534 1626 qua
560 1571 658 1626 par
673 1566 755 1613 est
783 1559 1050 1627 libertate,
1082 1573 1134 1616 et
1188 1578 1308 1632 quae
1337 1565 1489 1622 decet
1516 1565 1589 1617 tui
1635 1565 2004 1620 observantis-

425 1650 623 1706 simum
674 1654 957 1710 cultorem.
999 1654 1131 1711 Cum
1160 1657 1414 1712 nimirum
1439 1658 1654 1726 quidam
1685 1673 1750 1714 ex
1781 1658 2004 1714 Oriente

423 1744 607 1814 populi
632 1743 827 1803 limites
857 1763 983 1803 suos
1006 1751 1409 1820 egrederentur,
1429 1751 1782 1821 etimperium
1803 1750 2002 1805 Roma-

429 1856 561 1896 num
611 1843 956 1911 invaderent,
1000 1848 1129 1916 quia
1201 1846 1497 1917 imperator
1544 1847 1635 1917 qui
1674 1858 1800 1902 tunc
1824 1862 2001 1902 rermu
2038 1880 2076 1933 Β

426 1934 736 2003 potiebatur
776 1951 881 1993 non
908 1948 1116 2008 poterat
1150 1940 1256 1995 illis
1302 1940 1528 1995 multum
1588 1942 1791 2012 negotii
1832 1941 2004 1996 faces-

428 2035 573 2087 sere,
608 2032 737 2080 tunc
773 2037 994 2081 exortus
1017 2037 1095 2081 est
1143 2027 1454 2083 Desiderins
1483 2038 1538 2084 et
1585 2029 1757 2085 factus
1792 2038 1879 2087 est
1910 2044 2006 2084 rex

427 2114 770 2172 Lombardiaz
820 2127 876 2172 et
931 2124 1255 2190 expugnatis
1287 2122 1536 2177 omnibus
1585 2108 1781 2177 castris
1811 2133 1866 2177 et
1911 2137 2002 2175 ca—

428 2204 599 2266 stellis
656 2220 774 2277 qua:
805 2218 961 2264 erant
994 2210 1136 2264 circa
1173 2208 1424 2275 Romam,
1465 2211 1554 2266 illa
1588 2212 1731 2266 eruit
1754 2221 1808 2267 et
1836 2211 2007 2267 fundi-

431 2305 518 2351 tus
565 2299 781 2354 evertit.
827 2299 1017 2356 Postea
1072 2316 1203 2356 vero
1255 2302 1478 2358 Romam
1508 2303 1678 2371 ipsam
1721 2317 2005 2374 aggressus

429 2398 534 2451 est,
562 2404 724 2459 quam
778 2392 877 2446 sub
925 2392 1114 2463 jugum
1144 2394 1360 2449 mittere
1391 2396 1638 2450 tentavit.
1667 2395 1799 2451 Cum
1824 2403 2001 2450 autem

427 2478 519 2548 qui
567 2489 694 2534 tunc
747 2481 931 2536 sedem
992 2483 1354 2552 pontiﬁcalem
1410 2485 1863 2555 occupabatpapa
1895 2501 2001 2540 non

428 2580 573 2626 esset
624 2586 719 2641 par
748 2582 897 2629 tanto
953 2576 1240 2643 molimini,
1288 2593 1387 2633 nec
1414 2578 1489 2634 illi
1520 2578 2004 2651 viressnliicientes

427 2674 811 2733 suppeterent,
862 2665 1066 2737 legatos
1109 2670 1175 2723 ad
1240 2666 1491 2740 Pipinum
1539 2671 1780 2728 Franciae
1823 2686 2002 2742 regem

430 2754 599 2817 misit,
626 2756 848 2827 eoquod
879 2758 1024 2815 nulla
1052 2776 1177 2831 spes
1213 2761 1492 2833 aﬂulgeret
1512 2777 1689 2832 opem,
1725 2773 1779 2819 et
1822 2764 2003 2834 copias

426 2844 720 2902 auxiliares
760 2845 830 2902 ab
894 2847 1221 2917 imperatore
1277 2850 1643 2907 Romanorum
1670 2853 1995 2921 accipiendi.

426 2934 505 2992 Ea
547 2952 679 2993 vero
708 2940 1068 3009 promissione
1114 2942 1360 3012 Pipinum
1413 2944 1728 3010 obstrinxit,
1775 2949 1918 3013 quod
1956 2948 2001 3001 si

429 3029 499 3084 ab
534 3028 628 3085 illo
695 3030 992 3087 subsidium
1044 3045 1227 3103 posset
1278 3034 1549 3102 obtinere,
1585 3036 1728 3091 illico
1754 3037 1999 3092 diadema

426 3130 482 3175 et
537 3120 806 3177 Coronam
860 3122 1047 3179 Romae
1084 3124 1159 3179 illi
1219 3135 1361 3180 esset
1428 3141 1801 3182 concessurus.
1848 3127 2001 3183 Nulla

2112 618 2177 664 κ’.
2216 614 2247 680 ὴ
2290 612 2579 682 Ιίιδαχθόη.
2610 611 2713 665 κα’.
2741 614 2772 682 ἡ
2813 614 3024 682 Πέρμη.
3046 613 3210 683 κβ’.ἡ
3244 613 3542 683 Βόσπορος.
3577 624 3686 682 κγ’.

2111 703 2143 770 ἡ
2185 703 2474 772 Κοτραδίει.
2509 705 2608 757 κδ’.
2645 707 2698 757 αἱ
2732 705 2960 772 Κόρδαι.
3004 703 3101 757 κε’.
3134 705 3165 775 ἠ
3209 703 3528 774 Κάρπαθος.
3569 707 3683 768 κζ’.

2111 793 2144 858 ἡ
2180 792 2392 861 Κοτρώ.
2444 793 2546 857 κζ’.
2583 794 2645 845 τὸ
2715 794 2954 859 Ῥύζεον.
3002 802 3108 864 κη’.
3161 797 3191 865 ἡ
3259 795 3474 849 Γοτθέα.
3519 797 3619 850 κθ¹.
3653 801 3687 866 ἡ

2113 881 2364 948 Σουγδία.
2399 881 2462 936 λ’.
2496 885 2550 936 αἱ
2579 884 2823 940 Φοῦλλοι.
2849 886 2952 938 λα’.
2994 887 3027 956 ἡ
3058 887 3272 952 Αἴγινα.
3311 886 3410 956 λβ’.
3446 888 3516 939 τὰ
3543 889 3690 960 Φάρ-

2114 974 2271 1027 σαλα.
2306 979 2407 1042 λγ’.
2461 977 2493 1046 η
2532 976 2834 1047 Ἀγχίαλος.
2890 976 2987 1031 λό.
3032 978 3125 1030 τοῦ
3164 975 3484 1049 Ἥρακλίου.
3515 976 3688 1034 Λῦται

2114 1069 2287 1121 πᾶσαι
2312 1070 2364 1121 αἱ
2403 1069 2587 1131 πόλεις
2625 1070 2720 1122 καὶ
2753 1070 3013 1140 ἐπαρχίαι
3042 1071 3135 1123 τοῦ
3168 1071 3357 1141 θρόνου
3393 1073 3690 1126 Κωνστανη

2114 1176 2257 1211 τινου
2268 1161 2495 1225 πόλεως.

2183 1298 2319 1367 Περὶ
2374 1298 2429 1352 δὲ
2492 1298 2599 1351 τῶν
2654 1298 2967 1353 ὑποθέσεων
3023 1300 3130 1353 τῶν
3192 1300 3436 1353 Δυτικῶν
3481 1300 3685 1370 μερῶν,

2111 1390 2279 1459 ἤγουν
2312 1390 2412 1459 τῆς
2459 1390 2698 1462 Ῥώμης,
2747 1395 2845 1463 τῆς
2872 1392 3297 1463 Λογγιὸαρδίας,
3341 1393 3437 1445 καὶ
3470 1394 3569 1460 τῆς
3594 1392 3689 1443 Σι-

2112 1480 2320 1545 κελίας,
2357 1483 2464 1536 ἰδοὺ
2499 1483 2770 1554 τολμηρὸς
2802 1485 2831 1537 6
2862 1484 3051 1548 δοῦλός
3111 1501 3203 1537 σου
3251 1484 3527 1553 ἀναφέρω.
3562 1483 3690 1537 ’Ὁτι

2111 1574 2255 1627 κατὰ
2323 1576 2422 1646 τῆς
2472 1577 2580 1629 τῶν
2625 1578 2913 1647 Ῥωμαίων
2980 1578 3279 1648 βασιλείας,
3313 1578 3364 1629 οἱ
3414 1576 3473 1642 ἐξ
3514 1575 3689 1647 Ἐῴας

2111 1664 2418 1731 ἐξελθόντες
2471 1669 2860 1738 ἐπεχείρησαν,
2917 1669 3003 1722 διὰ
3034 1667 3095 1721 τὸ
3161 1668 3234 1739 μὴ
3272 1670 3412 1738 πρὸς
3452 1664 3679 1729 τούτους

2110 1759 2460 1828 ἀσχολεῖσθαι
2484 1762 2574 1813 τὸν
2603 1762 2721 1814 τότε
2758 1761 2982 1832 βασιλέα
3011 1802 3024 1824 ,
3056 1762 3177 1814 τότε
3207 1761 3299 1813 καὶ
3329 1762 3356 1814 6
3383 1760 3689 1829 Δεσιδέριος

2111 1849 2386 1921 ἐπανέστη
2427 1852 2523 1904 καὶ
2576 1852 2795 1919 ἐγένετο
2834 1853 2933 1922 ρὴξ
2987 1853 3087 1923 τῆς
3124 1851 3505 1922 Λομπαρδίας,
3546 1864 3689 1918 κρα-

2107 1943 2277 2013 τήσας
2308 1942 2364 1994 δὲ
2397 1943 2491 1995 καὶ
2517 1944 2616 2012 τῆς
2640 1943 3045 2012 Λογγιϐαρδίας
3073 1944 3140 1996 τὰ
3158 1943 3390 2013 γύροθεν
3421 1942 3521 2010 τῆς
3553 1940 3689 1993 Ῥώ-

2111 2052 2220 2105 μης
2251 2035 2465 2105 κὰστρα
2500 2036 2595 2088 καὶ
2626 2035 2922 2089 καστέλλια
2946 2035 3122 2090 πάντα
3149 2034 3418 2088 καθεῖλεν.
3454 2032 3685 2085 "Extare

2106 2125 2164 2177 δὲ
2191 2125 2441 2178 καὶκατὰ
2469 2125 2571 2194 τῆς
2611 2124 2829 2197 Ῥώμης
2848 2125 3225 2196 ἐπεχείρησεν
3260 2126 3287 2177 6
3309 2122 3442 2192 γοῦν
3456 2124 3577 2176 τότε
3606 2121 3686 2174 ὢν

2106 2216 2304 2279 Πάπας
2362 2217 2436 2287 μὴ
2476 2217 2774 2287 δυνάμενος
2821 2217 2946 2285 ἄρτι
2981 2217 3230 2285 ποιῆσαι,
3259 2213 3579 2268 ἀπέστειλεν
3605 2212 3689 2274 είς

2107 2307 2200 2360 ⁸τὸν
2242 2309 2387 2380 ρἦα
2420 2309 2704 2379 Φραγγίας
2728 2309 2819 2362 τὸν
2843 2309 3073 2362 Πιπῑνον
3093 2307 3182 2361 διὰ
3211 2307 3271 2359 τὸ
3309 2307 3384 2375 μὴ
3414 2308 3561 2374 σχεῖν
3587 2302 3688 2371 τὴν

2106 2399 2216 2452 ἀπὸ
2258 2400 2351 2453 τοῦ
2416 2398 2678 2471 βασιλέως
2708 2400 2818 2453 τῶν
2893 2399 3181 2469 Ῥωμαίων
3243 2395 3534 2467 βοήθειαν’
3589 2394 3688 2445 καὶ

2109 2492 2383 2564 ὑπεσχέθη
2404 2492 2550 2562 αὐτῷ
2567 2492 2641 2556 ὡς
2657 2495 2704 2545 εί
2720 2492 2827 2563 γὰρ
2844 2492 2940 2561 τῆς
2957 2490 3122 2545 αὐτοῦ
3142 2488 3379 2560 ἐπετύχη
3407 2485 3682 2557 βοηθείας,

2108 2584 2198 2638 ἵνα
2235 2584 2382 2656 δὼσῃ
2415 2584 2565 2655 αὐτῷ
2611 2585 2830 2654 στέμμα
2860 2585 2917 2636 ὲν
2947 2586 3013 2654 τῇ
3070 2581 3279 2654 Ῥώμῃ,
3326 2581 3568 2649 Κινήσας
3589 2574 3686 2629 οὖν

2106 2677 2137 2730 6
2166 2678 2392 2740 ιίιπῖνος
2421 2676 2562 2747 μετὰ
2593 2676 2690 2730 καὶ
2723 2676 2818 2730 τοῦ
2848 2674 2966 2728 υἱοῦ
2985 2674 3150 2729 αὑτοῦ
3176 2673 3269 2727 τοῦ
3288 2670 3593 2741 Καρούλου,
3614 2667 3686 2722 τὰ

2106 2767 2207 2839 ὅρη
2236 2767 2345 2821 τῶν
2383 2768 2635 2821 Ἀλπεων
2659 2766 2972 2837 διεπέρασε.
3020 2764 3253 2836 Προνοίᾳ
3273 2764 3330 2817 δὲ
3361 2761 3497 2815 Θεοῦ
3520 2799 3533 2823 ,
3567 2758 3688 2812 διά·

2106 2875 2221 2928 γων
2254 2861 2281 2913 6
2315 2842 2626 2931 Δεσιδέριος
2682 2862 2741 2913 ὲν
2796 2858 2864 2930 τῇ
2909 2856 3301 2927 Λογγιὸαρδίᾳ,
3333 2856 3443 2907 ἀπὸ
3512 2853 3685 2922 μόνης

2106 2954 2208 3024 τῆς
2232 2952 2324 3007 τοῦ
2354 2953 2582 3006 Πιπίνου
2612 2952 2802 3022 φήμης
2836 2949 3131 3019 κατελύθη,
3168 2948 3264 3002 καὶ
3304 2945 3475 3018 χωρὶς
3520 2941 3683 2996 πολέ-

2110 3060 2214 3114 μου
2246 3043 2488 3112 φεύγων,
2530 3043 2607 3107 εἰς
2638 3043 2700 3095 τὸ
2745 3043 2982 3113 κάστρον
3021 3040 3081 3095 τὸ
3102 3040 3407 3109 Κρέμμαια
3438 3035 3680 3105 εἰσῆλθε.

2107 3133 2220 3186 Καὶ
2271 3134 2448 3186 ὀπίσω
2504 3132 2670 3187 αὐτοῦ
2729 3135 2756 3186 ὁ
2810 3134 3033 3194 Πιπῖνος
3086 3130 3470 3202 παρακαθίσας
3517 3124 3687 3179 αὑτὸν

428 3228 580 3268 mora
628 3213 850 3283 Pipinus
907 3230 1032 3271 cum
1080 3214 1277 3271 Carolo
1330 3216 1438 3271 lilio
1486 3226 1661 3272 castra
1716 3229 1917 3287 movet,
1944 3228 2001 3277 et

2113 3226 2254 3297 μετὰ
2284 3227 2500 3280 καὶτοῦ
2553 3228 2823 3296 φωσάτου
2856 3224 3056 3288 αὐτοῦ,
3090 3225 3355 3293 κατέσχεν
3394 3220 3557 3274 αὑτὸν
3588 3218 3685 3271 καὶ

424 3315 577 3371 brevi
630 3316 845 3388 Alpium
903 3319 1030 3391 juga
1084 3320 1378 3390 superavit.
1462 3317 1808 3378 Providentia
1872 3337 2004 3378 vero

427 3419 607 3473 divina
658 3419 857 3475 factum
913 3429 995 3476 est
1021 3430 1078 3476 ut
1123 3421 1348 3493 Pipinus
1382 3421 1438 3477 in
1472 3421 1842 3492 Longobardia
1876 3434 2004 3480 tunc

427 3508 629 3580 degens
683 3510 824 3565 nulla
883 3511 1069 3568 habita
1139 3528 1339 3585 pugna,
1378 3514 1601 3585 solaque
1638 3513 1808 3585 Pipini
1859 3515 2001 3571 fama

428 3601 752 3670 perterritus
814 3601 937 3674 fuga
998 3605 1102 3661 sibi
1133 3605 1457 3674 consuleret,
1505 3617 1557 3661 et
1578 3608 1626 3662 ln
1654 3621 1833 3663 arcem
1867 3606 2003 3664 Cre-

429 3707 601 3748 monae
662 3694 944 3765 reciperet.
997 3696 1281 3754 Insecutus
1329 3712 1459 3755 vero
1495 3696 1738 3770 Pipinus,
1771 3698 1917 3753 illum
1949 3709 2004 3753 et

425 3792 661 3839 castrum
712 3785 994 3844 obsidione
1035 3788 1226 3855 cinxit,
1271 3804 1380 3860 quo
1406 3800 1731 3862 expugnato,
1775 3790 1922 3845 illum
1949 3798 2001 3845 et

423 3878 664 3936 subditos
685 3880 928 3950 captivos
959 3882 1166 3941 habuit.
1205 3882 1400 3939 Statim
1418 3898 1548 3940 vero
1575 3885 1719 3939 misit
1747 3884 1999 3940 Carolum

423 3968 592 4023 filium
639 3985 794 4025 suum
847 3973 911 4026 ad
970 3987 1165 4043 papam
1210 3983 1471 4044 tanquam
1528 3976 1878 4045 prodromum
1947 3983 2002 4030 et

422 4075 837 4129 praecursorem,
870 4065 959 4135 qui
987 4066 1171 4121 omnia
1207 4066 1392 4122 Romae
1423 4075 1637 4137 pararet
1659 4076 1714 4122 et
1742 4067 2002 4136 dispone-

423 4161 507 4207 ret
537 4154 604 4209 ad
634 4155 892 4210 solemnia
929 4173 1038 4211 sua:
1090 4160 1475 4215 coronationis.
1523 4158 1775 4214 Carolum
1818 4169 1998 4215 autem

422 4244 665 4314 pontifex
729 4256 784 4303 et
837 4247 1060 4303 Romani
1115 4252 1346 4306 maxima
1377 4267 1501 4306 cum
1537 4252 1762 4307 honoris
1797 4250 2001 4323 signiﬁ-

421 4338 638 4393 catione
655 4353 978 4411 acceperunt
1008 4359 1164 4409 ;cum
1198 4359 1326 4400 vero
1347 4344 1570 4414 Pipinus
1602 4347 1716 4417 ipse
1770 4347 1997 4401 Romam

420 4430 638 4485 tandem
690 4434 1042 4501 pervenisset,
1091 4451 1262 4506 eaque
1311 4454 1406 4507 spe
1442 4452 1502 4494 se
1554 4438 1808 4509 iactaret,
1858 4437 2001 4511 quod

2108 3318 2239 3382 τοὺς
2266 3317 2358 3371 ὑπ’
2383 3318 2570 3385 αὑτὸν,
2598 3318 2694 3372 καὶ
2723 3318 2887 3381 εὐθὺς
2919 3316 3240 3370 ἀπέστειλεν
3266 3315 3344 3376 είς
3377 3313 3470 3366 τὸν
3492 3311 3683 3364 πάπαν

2104 3411 2198 3465 τὸν
2220 3413 2333 3465 υίὸν
2364 3411 2526 3465 αὐτοῦ
2577 3413 2668 3465 τὸν
2715 3411 3015 3483 Κάρουλον,
3049 3412 3125 3475 ὡς
3189 3409 3254 3463 ἂν
3286 3403 3687 3479 προοδοποιήσῃ

2106 3505 2204 3559 καὶ
2242 3507 2575 3578 οἰκονομήσῃ
2621 3504 2680 3558 τὸ
2747 3504 3048 3575 στεφθῆναι
3108 3502 3199 3555 τὸν
3248 3500 3412 3557 αὐτοῦ
3463 3499 3679 3567 πατέρα

2108 3599 2166 3650 ἐν
2199 3600 2265 3670 τῇ
2314 3598 2520 3667 Ῥάμῃ.
2560 3596 2665 3649 Καὶ
2692 3596 2780 3649 τὸν
2805 3597 2902 3665 μὲν
2936 3594 3218 3666 Κάρουλον
3258 3594 3494 3662 ἐντίμως
3520 3589 3547 3642 6
3576 3589 3683 3641 πά-

2107 3707 2213 3752 πας
2250 3692 2416 3743 καὶοὶ
2482 3692 2741 3760 Ῥωμαῖοι
2782 3689 3130 3754 ὑπεδέξαντο,
3200 3686 3447 3747 ἐλθόντος
3483 3682 3539 3736 δὲ
3583 3679 3683 3733 τοῦ

2107 3781 2336 3833 Πιπίνου
2383 3779 2520 3849 πρὸς
2547 3780 2646 3851 τὴν
2683 3777 2925 3848 Ῥώμην,
2959 3777 3051 3829 καὶ
3097 3775 3314 3846 ἔχοντος
3352 3768 3541 3824 ἐλπίδα
3584 3766 3681 3819 τοῦ

2110 3873 2429 3941 στεφθῆναι,
2463 3871 2564 3923 οὐκ
2592 3869 2878 3941 ἐπετράπη
2920 3867 3080 3921 τοῦτο
3115 3865 3370 3936 γενέσθαι
3404 3863 3556 3932 παρὰ
3582 3857 3681 3913 τοῦ

2106 3962 2266 4016 πάπα.
2297 3965 2390 4016 καὶ
2444 3964 2554 4015 τῶν
2612 3960 2922 4031 Ῥωμαίων,
2964 3961 3229 4014 εἰπόντων
3273 3954 3455 4010 αὐτῶν
3506 3950 3681 4015 αὐτῷ,

2106 4056 2392 4111 πτοεῖσθαι
2417 4054 2643 4118 τούτους
2686 4056 2885 4124 μήπως
2935 4053 3160 4125 ἰσχύσας
3200 4054 3228 4106 6
3261 4049 3517 4120 βασιλεὺς
3546 4046 3681 4098 Ῥω-

2109 4150 2308 4221 μαίων,
2340 4149 2461 4202 κατ’
2486 4149 2668 4204 αὐτῶν
2701 4149 3047 4218 ἐπιχειρήσῃ.
3074 4145 3172 4199 Διὰ
3213 4142 3374 4198 τοῦτο
3403 4140 3535 4210 γοῦν
3571 4138 3681 4192 ὲτί-

2108 4260 2290 4314 μησαν
2351 4242 2516 4295 αὑτὸν
2576 4242 2636 4296 τὸ
2693 4240 2811 4294 τότε
2857 4240 3172 4308 Πατρίκιον,
3219 4237 3454 4305 ἐντίμως
3513 4235 3570 4285 ἐν
3608 4234 3678 4302 τῇ

2116 4333 2306 4406 Ῥώμῃ
2322 4332 2731 4404 ὑποδεξάμενοι,
2747 4332 2952 4386 ἐκείνοι.
2967 4330 3264 4401 ὀμόσαντος
3300 4324 3441 4381 εἶναι
3468 4327 3677 4379 ἐκεῖνον

2102 4426 2204 4498 τὴν
2233 4428 2331 4497 τῆς
2357 4427 2689 4499 Ἐκκλησίας
2740 4426 3040 4497 ἐκδίκησιν.
3082 4420 3557 4494 ’Υποστρέψαντος
3619 4418 3682 4472 δὲ

420 4535 623 4577 corona
681 4535 824 4579 esset
850 4526 1204 4590 deeorandus,
1256 4529 1359 4583 hoc
1389 4544 1494 4584 non
1532 4529 1703 4599 potuit
1723 4528 1993 4592 obtinere,

2107 4518 2274 4573 αὑτοῦ
2305 4521 2365 4572 ὲν
2394 4522 2459 4590 τῇ
2493 4521 2744 4591 Φραγγίᾳ.
2800 4520 2895 4573 καὶ
2933 4518 3026 4572 τοῦ
3064 4518 3222 4571 πάπα
3250 4517 3679 4586 τελευτήσαντος

420 4614 793 4683 regerentibus
845 4617 943 4686 ipsi
975 4634 1108 4688 papa
1150 4629 1203 4673 et
1245 4619 1525 4688 Romanis,
1554 4637 1612 4676 se
1646 4621 1997 4679 vehementer

422 4705 592 4760 vereri
649 4721 715 4762 ne
771 4706 1140 4766 Romanorum
1189 4713 1485 4782 imperator
1517 4714 1713 4784 fugatis
1747 4715 1996 4770 hostibus

419 4791 595 4847 victor
635 4794 753 4850 illos
808 4800 1112 4854 adoriretur
1141 4810 1193 4856 et
1235 4813 1422 4857 contra
1452 4802 1570 4858 illos
1614 4819 1763 4857 arma
1817 4818 1997 4859 move-

418 4891 541 4947 l‘el;
602 4897 929 4956 qnapropter
986 4900 1112 4945 tunc
1171 4892 1451 4961 temporis,
1490 4894 1703 4960 patricii
1737 4894 1997 4964 dignitate

420 4977 567 5031 illum
630 4989 836 5033 tantum
893 4997 1090 5038 ornare
1138 4984 1456 5047 voluerunt;
1515 4996 1797 5053 [umquam
1845 4985 1992 5040 illum

416 5070 716 5127 honoriﬁce
770 5075 1124 5141 excepissent,
1181 5093 1381 5147 rexque
1436 5081 1745 5144 juramento
1802 5094 1860 5132 se
1898 5080 1995 5132 ob-

415 5161 727 5218 strinxisset
780 5179 837 5219 se
880 5165 1137 5223 Ecclesia:
1189 5169 1424 5224 futurum
1483 5179 1710 5225 tutorem
1738 5180 1792 5224 et
1821 5172 1995 5226 vindi-

421 5271 553 5310 item.
584 5256 677 5310 illo
717 5267 892 5312 autem
944 5260 1294 5317 domitionem
1331 5272 1577 5332 parante,
1622 5274 1675 5319 et
1714 5263 1767 5318 in
1822 5263 1995 5319 Fran-

415 5347 557 5399 ciam
612 5362 851 5413 reverso,
901 5352 1131 5405 moritur
1173 5353 1411 5422 pontifex
1479 5352 1777 5419 Romanus,
1832 5369 1997 5422 quoe

413 5438 553 5491 vivis
576 5438 790 5493 sublato
805 5441 941 5495 alius
973 5441 1145 5497 locum
1174 5445 1458 5514 occupavit
1483 5444 1567 5498 cui
1592 5443 1755 5500 Leoni
1797 5462 1991 5500 nomen

414 5536 549 5581 erat.
581 5527 706 5583 Post
726 5529 940 5600 aliqum]
960 5535 1215 5603 temporis
1245 5533 1604 5599 intervallum,
1625 5545 1811 5590 contra
1833 5536 1993 5589 istum

418 5634 608 5682 papam
658 5619 1067 5677 insurrexerunt
1119 5619 1378 5693 tantoque
1427 5625 1690 5679 dedecore
1723 5636 1777 5679 ct
1806 5635 1995 5679 contu-

417 5709 594 5763 tncliis
652 5711 800 5765 illum
871 5724 997 5770 sunt
1045 5720 1313 5785 prosecuti
1386 5726 1443 5771 ut
1486 5727 1539 5770 et
1577 5717 1721 5771 illum
1776 5718 1995 5770 naribus

419 5808 747 5858 truncarcnt.
786 5801 949 5858 Roma
981 5822 1106 5874 ergo
1127 5824 1374 5877 egressus
1414 5824 1535 5863 cum
1578 5810 1688 5864 suis
1710 5809 1996 5866 cardinali-

2104 4613 2291 4684 ἕτερος
2320 4612 2508 4675 πάπας
2558 4614 2751 4681 γέγονε
2779 4613 2931 4665 Λέων
2962 4610 3386 4681 ὀνομαζόμενος,
3410 4609 3507 4661 καὶ
3540 4605 3679 4677 μετὰ

2101 4705 2434 4775 παρέλευσιν
2464 4705 2657 4775 καιροῦ
2690 4721 2838 4767 τινος
2868 4704 3278 4765 ἐπαναστάντες
3318 4703 3367 4756 οἱ
3410 4700 3677 4767 Ῥωμαῖοι

2101 4796 2247 4850 κατὰ
2281 4796 2374 4849 τοῦ
2398 4798 2644 4849 τοιούτου
2675 4796 2856 4860 πάπα,
2889 4790 3144 4849 ’τοσοῦτον
3172 4794 3334 4847 αὑτὸν
3371 4791 3673 4863 ἠτίμασαν,

2100 4888 2243 4942 ὥστε
2288 4890 2385 4943 καὶ
2453 4890 2780 4960 ρινότμητον
2821 4888 3027 4945 ἔθεντο.
3059 4887 3170 4942 Καὶ
3197 4883 3432 4954 ἐξελθὼν
3453 4879 3606 4945 οὗτος
3646 4884 3675 4935 6

2103 4982 2291 5046 πάπας
2330 4982 2468 5052 μετὰ
2502 4982 2610 5035 τῶν
2653 4980 3014 5054 καρδιναλίων
3066 4979 3255 5045 αὑτοῦ,
3309 4976 3552 5048 ἀπῆλθεν
3595 4976 3676 5037 είς

2097 5074 2382 5145 Φραγγίαν
2411 5073 2549 5142 πρὸς
2579 5073 2672 5126 τὸν
2704 5073 3006 5143 Κάρουλον,
3035 5073 3112 5136 ὡς
3140 5072 3233 5126 τοῦ
3269 5071 3475 5143 πατρὸς
3509 5068 3674 5122 αὐτοῦ

2099 5165 2192 5220 τοῦ
2236 5165 2465 5218 Πιπίνου
2515 5164 2962 5236 τελευτήσαντος.
2994 5166 3104 5218 Καὶ
3149 5163 3311 5226 εὐθὺς
3336 5160 3673 5240 παρεκίνησε

2099 5257 2312 5319 τοῦτον,
2341 5260 2432 5311 καὶ
2459 5252 2591 5328 ἦλθε
2644 5258 2784 5311 κατὰ
2812 5259 2921 5310 τῶν
2964 5257 3277 5325 Ῥωμαίων.
3321 5252 3593 5310 Εἰσελθὼν
3616 5254 3675 5306 δὲ

2100 5351 2182 5411 είς
2221 5349 2322 5419 τὴν
2369 5347 2589 5420 Ῥώμην
2605 5349 2838 5418 κατέσχε
2880 5351 3005 5411 τοὺς
3039 5350 3426 5420 πρωταιτίους,
3462 5347 3558 5401 καὶ
3583 5363 3679 5399 τυ-

2101 5441 2325 5508 φλώσας
2355 5440 2555 5503 αὐτοὺς
2592 5441 2904 5511 ὲξορίστους
2932 5444 3229 5512 πεποίηκε,
3260 5442 3356 5495 καὶ
3417 5440 3555 5509 μετὰ
3613 5438 3676 5492 τὸ

2100 5532 2403 5602 ἀπαρτίσαι
2457 5532 2557 5594 τὰς
2621 5533 2868 5596 δουλείας
2928 5534 3096 5587 αὐτοῦ
3172 5535 3355 5596 πάσας
3414 5534 3553 5603 μετὰ
3577 5532 3673 5586 τοῦ

2101 5624 2413 5694 Καρούλού,
2475 5621 2597 5677 εἶπε
2653 5625 2792 5692 πρὸς
2829 5627 3014 5689 αὑτὸν,
3053 5625 3126 5689 ὼς
3158 5627 3330 5696 Εἴπερ
3359 5625 3522 5696 θέλῃς
3549 5643 3674 5678 στει

2101 5720 2303 5786 φθῆναι
2342 5717 2474 5786 παρ’
2514 5716 2671 5787 ἐμοῦ,
2718 5717 2921 5785 ὅμοσαι
2980 5720 3073 5771 καὶ
3145 5719 3532 5790 συμφώνησαι,
3598 5717 3674 5789 μὴ

2101 5811 2245 5881 ἔχειν
2279 5809 2363 5860 ἔπ’
2389 5808 2574 5871 ἀδείας
2608 5809 2687 5872 είς
2734 5811 2832 5881 τὴν
2872 5809 3087 5885 Ῥώμην
3151 5812 3291 5872 κατὰ
3344 5816 3546 5878 ταύτης
3585 5810 3673 5885 ἔρ,
