4088 6412
456 416 593 485 1119

1636 398 1956 465 JOANNIS
1995 396 2330 459 ΑΝΤῐοοΗ
2344 398 2468 457 EN!

3572 397 3711 462 1120

452 531 753 593 voluntate,
785 526 966 582 divina
992 519 1304 594 praedicatio
1336 518 1522 573 orbem
1550 524 1816 570 terrarum
1858 526 2020 567 oecu-

2126 508 2222 560 τὸν
2249 508 2437 575 λόγον
2458 488 2846 572 ,βεϐαιοῦντος
2877 505 2974 559 διὰ
3003 504 3122 559 τῶν
3136 503 3718 562 ἐπακολουθούντων

450 623 617 693 pavit,
647 632 962 688 cunctmqne
993 625 1181 685 gentes
1221 612 1448 681 imperio
1482 611 1648 679 ipsius
1679 607 1839 661 tinem
1885 620 2024 658 nun-

450 692 612 783 quam
648 710 900 765 habituro
952 706 1208 775 subjecta:
1249 712 1396 767 sunt,
1444 700 1556 754 lucc
1587 698 1862 751 moderate
1892 692 2024 746 tole-

450 818 574 857 rare
629 800 733 857 non
776 799 951 870 potuit
979 797 1203 861 invidia,
1241 810 1333 849 seu
1368 792 1582 846 invidia:
1618 799 1790 858 pater,
1831 796 2021 838 auctor

451 896 715 951 malorum
740 891 905 946 draco
935 907 950 943 :
975 889 1068 944 sed
1096 904 1214 941 cum
1242 896 1491 940 cerneret
1526 882 1820 942 hominem,
1860 893 2019 946 quem

451 1002 546 1057 per
572 984 814 1038 fraudem
843 997 873 1037 ο
908 980 1163 1051 paradiso
1193 977 1493 1046 expulerat,
1523 975 1575 1027 in
1602 972 1795 1027 caelum
1821 970 2020 1034 redire,

449 1092 688 1141 onmem,
718 1076 873 1146 juxta
898 1071 1265 1143 proverbium,
1295 1070 1524 1139 lapidem
1558 1067 1742 1130 movit,
1780 1074 2022 1117 conten-

450 1167 586 1222 dens
633 1179 920 1219 accensam
970 1161 1125 1215 iidem
1163 1160 1528 1230 exstinguere.
1562 1162 1639 1211 Ac
1680 1157 1857 1226 primo
1896 1155 2018 1223 qui-

450 1258 593 1320 dem,
668 1271 764 1327 per
827 1257 1035 1324 impura
1095 1254 1473 1309 instrumenta:
1520 1267 1615 1304 sua
1669 1251 2022 1317 imperatores

449 1345 571 1398 dico
594 1357 646 1398 et
668 1344 944 1413 prmsides,
968 1343 1056 1413 qui
1087 1343 1261 1396 adhuc
1289 1357 1397 1411 pra:
1420 1357 1605 1395 errore
1633 1342 1892 1394 servitute
1920 1355 2018 1407 op-

451 1436 623 1503 pressi
678 1436 835 1490 abeo
894 1436 1263 1491 tenebantur:
1324 1436 1509 1490 ﬁdeles
1574 1437 1769 1504 ubique
1820 1433 2024 1489 consti-

453 1535 597 1581 tutos
631 1539 946 1598 persecutus
992 1538 1095 1593 est,
1126 1545 1190 1584 ac
1221 1528 1368 1583 omni
1422 1544 1620 1599 genere
1660 1529 1846 1583 mortis
1895 1543 2025 1581 con-

450 1617 600 1673 fecit.
654 1618 861 1674 Deinde
921 1636 1045 1673 cum
1108 1620 1351 1675 divinum
1427 1622 1752 1688 praeconium
1811 1639 2020 1692 prmva-

448 1707 659 1770 luisset,
689 1709 1088 1778 inexpugnabili
1127 1710 1383 1764 nimirum
1414 1714 1531 1783 ejus
1563 1715 1651 1780 qui
1682 1716 2019 1782 persecutio-

453 1814 575 1853 nem
608 1802 912 1869 patiebatur
946 1803 1166 1867 virtute,
1191 1813 1245 1857 et
1271 1803 1415 1872 ipsos
1445 1820 1660 1874 quoque
1687 1806 1834 1860 orbis
1867 1823 2021 1876 reges

451 1900 702 1969 cepisset,
746 1916 921 1970 neque
951 1902 1028 1956 sic
1059 1918 1211 1973 spem
1243 1904 1435 1971 abjecit
1472 1905 1644 1960 malus
1675 1906 1764 1961 ille
1791 1910 2021 1974 daemon;

450 2005 635 2045 verum
668 2008 853 2047 rursus
881 2009 977 2064 per
1007 1995 1275 2061 haereses,
1318 2012 1439 2066 quae
1481 2001 1548 2052 ab
1583 1998 1698 2068 ipso
1744 2000 2025 2071 ipsiusque

449 2082 691 2151 profanis
724 2086 867 2141 vasis
902 2102 998 2155 per
1048 2096 1291 2156 tempora
1340 2100 1545 2146 exorta:
1597 2102 1744 2156 sunt,
1797 2106 2024 2151 conatus

447 2186 536 2231 est
566 2186 810 2232 evertere
860 2190 1104 2233 ετιηιιιοηι
1160 2180 1340 2235 fidem.
1377 2181 1450 2238 Ut
1495 2195 1673 2239 autem
1719 2186 1882 2240 etiam
1924 2188 2027 2243 hoc

450 2268 610 2322 modo
641 2284 670 2322 a
705 2269 909 2324 sanctis
960 2269 1214 2327 Patribus
1267 2274 1491 2337 nostris,
1539 2277 1631 2344 qui
1688 2278 2024 2348 temporibus

448 2358 566 2410 suis
608 2356 674 2410 ad
722 2358 822 2412 hoc
868 2372 1282 2428 concurrerunt,
1313 2365 1561 2428 repulsus
1605 2375 1708 2431 est,
1766 2378 2021 2438 tanquam

449 2446 697 2501 machina
752 2450 1001 2517 quaedam
1057 2465 1089 2504 ιι
1143 2468 1298 2508 muro
1343 2452 1688 2523 fortissimo,
1749 2460 2024 2528 ipsiusque

448 2538 709 2594 adversus
740 2538 897 2594 fidem
933 2540 1152 2597 frameae
1187 2543 1503 2601 defecerunt
1536 2548 1588 2602 in
1627 2548 1858 2617 tinem‘,
1915 2552 2022 2605 alia

450 2626 680 2681 incessit
725 2628 834 2683 via.
896 2628 1114 2699 Loquor
1158 2642 1337 2689 autem
1381 2636 1448 2690 de
1482 2639 1810 2693 sanctissimi
1853 2642 2025 2711 bapti-

450 2718 647 2775 smatis
698 2720 977 2777 dilatione.
1002 2721 1300 2793 ‘Fidelibus
1331 2729 1622 2796 persuasit,
1678 2739 1737 2784 nt
1783 2731 1884 2787 sub
1925 2749 2024 2788 ex-

448 2816 623 2864 trema
670 2811 793 2866 vita:
832 2827 964 2880 suae,
1021 2814 1203 2871 divino
1254 2818 1647 2887 perﬁcerentur
1679 2824 2021 2893 baptismate.

443 2902 516 2959 At
536 2905 834 2962 beatissimi
869 2906 1060 2966 Patres
1091 2912 1264 2967 nostri
1288 2916 1765 2989 apostolorumqne
1798 2936 2021 2981 succes-

444 3009 621 3062 sores,
649 2997 825 3053 intuiti
845 2999 1100 3055 damnum
1123 3001 1248 3057 inde
1276 3014 1478 3060 sanctae
1504 3007 1787 3065 catholicae
1812 3022 1867 3067 et
1888 3028 2022 3083 apo-

444 3086 647 3142 stolica:
677 3087 937 3146 Ecclesia:
963 3094 1291 3162 proveniens
1310 3135 1327 3164 ,
1350 3111 1469 3152 eam
1496 3100 1747 3156 videlicet
1769 3105 2024 3161 amittere

444 3192 573 3234 suos
608 3178 831 3247 liberos,
883 3198 979 3252 per
1041 3195 1242 3242 mortes
1300 3189 1652 3257 subitaneas,
1704 3206 1803 3263 per
1857 3196 2019 3262 bella,
2050 3195 2094 3256 C

447 3269 773 3341 naufragia,
832 3284 1167 3346 ceterosque
1215 3293 1410 3345 casus;
1471 3280 1649 3336 valido
1701 3295 1894 3339 conatu
1925 3289 2021 3344 ob-

444 3357 705 3413 stiterunt
735 3360 861 3415 huic
893 3362 1098 3418 inimici
1130 3367 1569 3423 machinamento
1611 3387 1626 3424 :
1662 3385 1728 3427 ac
1758 3388 1855 3444 per
1878 3376 2020 3431 divi-

448 3449 598 3505 nitus
632 3449 892 3519 inSpirata
935 3469 1030 3509 sua
1058 3455 1384 3514 documenta
1412 3470 1466 3515 et
1496 3462 1722 3533 scripta,
1754 3481 1786 3521 e
1823 3469 2022 3537 quibus

446 3548 571 3594 sunt
632 3540 765 3595 illud
817 3560 831 3597 :
875 3541 1095 3612 Sapiens
1143 3549 1355 3618 quidem
1410 3550 1702 3621 Salomon;
1756 3567 1812 3613 et
1864 3560 2017 3618 hoc:

446 3628 572 3686 Heri
612 3633 884 3703 splendido
934 3638 1193 3695 luminum
1230 3642 1317 3697 die
1351 3683 1368 3709 ,
1404 3654 1461 3700 et
1507 3661 1627 3717 quae
1678 3650 1746 3706 iis
1790 3666 2021 3709 consen-

448 3732 603 3779 lanea
627 3766 644 3793 ,
676 3740 864 3785 omnes
891 3744 955 3785 eo
982 3730 1345 3803 adduxerunt,
1400 3747 1461 3792 ut
1500 3739 1739 3799 infantes
1771 3745 2023 3813 baptiza-

448 3826 657 3903 rentur,
692 3826 855 3888 atque
894 3835 923 3874 a
962 3824 1281 3891 parentibus
1331 3829 1470 3893 suis,
1515 3832 1739 3903 suisque
1768 3849 1799 3888 e
1837 3836 2021 3894 divino

447 3902 773 3974 baptismate
810 3914 1251 3981 susceptoribus,
1291 3917 1433 3973 sicut
1472 3902 1816 3980 Christianos
1840 3924 2019 3994 decet,

444 3997 830 4053 educarentur.
868 3998 967 4056 Ubi
1016 4018 1142 4065 vero
1171 4007 1334 4060 etiam
1376 4008 1481 4063 hoc
1528 4014 1864 4080 propositum
1913 4032 2018 4071 non

447 4089 709 4142 successit
737 4090 950 4160 impuro
986 4092 1059 4147 illi
1094 4095 1352 4163 dxtnoni,
1389 4098 1827 4158 ChriStianorum
1858 4106 2019 4163 vitam

444 4192 737 4249 moresque
764 4185 988 4246 tentavit
1019 4200 1393 4258 corrumpere.
1431 4188 1649 4247 Sciebat
1684 4196 1829 4249 enim
1868 4196 2020 4252 frau-

445 4268 723 4335 dulentus,
771 4272 926 4327 (idem
956 4276 1073 4331 sine
1106 4278 1362 4346 operibus
1395 4295 1515 4335 esse
1545 4294 1812 4340 mortuam
1836 4287 1878 4341 '.
1912 4288 2021 4343 Sed

447 4360 521 4413 ita
552 4375 766 4429 quoque
805 4352 992 4418 sancta
1028 4364 1293 4435 Ecclesia,
1349 4385 1468 4440 quae
1502 4373 1765 4431 adversus
1816 4378 2053 4437 int‘ero-.

448 4463 567 4501 rum
620 4458 802 4520 portas
827 4453 1103 4521 praevalet,
1157 4456 1276 4525 ejus
1310 4462 1587 4529 superavit
1633 4468 1894 4534 argutias,
1930 4484 2021 4524 eo-

2134 601 2419 667 σημείων.
2463 600 2553 668 Τῷ
2597 585 2997 669 παντοδννάμῳ
3033 600 3214 652 τοίνυν
3257 598 3421 652 αὑτοῦ
3463 600 3713 670 νεύματι,

2131 689 2224 739 τοῦ
2264 688 2408 740 θείου
2446 689 2802 757 κηρύγματος
2835 689 2925 740 τόν
2957 688 3050 740 τοῦ
3089 687 3296 755 κόσμου
3329 688 3495 759 γύρον
3526 689 3711 743 διαλα-

2133 778 2341 840 ϐόντος,
2371 781 2464 830 καὶ
2497 780 2717 830 πάντων
2743 778 2849 829 τῶν
2879 778 3050 831 ἐθνῶν
3076 781 3142 847 τῇ
3174 779 3516 850 ἀτελευτήτῳ
3544 780 3714 834 αὐτοῦ

2134 866 2380 935 βασιλεία
2413 867 2816 934 ὑποταγέντων,
2850 868 2949 919 οὐκ
2982 867 3174 937 ἔμελλε
3205 867 3377 921 ταῦτα
3409 869 3600 938 πράως
3629 870 3713 921 οἵ-

2134 974 2247 1009 σειν
2278 960 2306 1008 6
2344 958 2564 1027 φθόνος,
2598 960 2714 1027 ἤτοι
2750 960 2775 1011 6
2805 957 2897 1010 τοῦ
2934 958 3129 1026 φθόνου
3162 960 3377 1028 πατὴρ.
3410 959 3438 1011 6
3472 960 3713 1030 ἀρχέκα-

2134 1068 2228 1113 κος
2259 1052 2476 1121 δράκων
2496 1068 2511 1082 -
2544 1052 2658 1103 ἀλλ’
2679 1052 2822 1120 ὁρῶν
2848 1053 2939 1105 τὸν
2969 1051 3288 1123 ἄνθρωπον,
3319 1052 3376 1105 ὃν
3410 1053 3477 1105 δι’
3497 1048 3716 1121 ἀπάτης

2134 1144 2225 1195 τοῦ
2264 1143 2594 1212 παραδείσου
2628 1143 2891 1205 ἐξέωσεν,
2926 1146 3008 1206 εἰς
3050 1145 3279 1213 οὐρανὸν
3313 1144 3729 1213 ἀνερχόμενλνγ

2132 1236 2310 1286 πάντα
2342 1233 2487 1287 λίθον
2520 1236 2770 1305 ἐκίνησε,
2803 1234 2864 1286 τὸ
2888 1232 2989 1289 τοῦ
3024 1234 3217 1303 λόγου,
3252 1232 3350 1304 τὴν
3386 1234 3713 1302 ἐξαφθεῖσαν

2128 1314 2314 1379 πίστιν
2345 1329 2678 1381 κατασϐέσαι
2712 1328 3032 1396 φιλονεικῶν
3068 1346 3083 1359 ο
3121 1328 3316 1397 πρῶτα
3348 1329 3447 1399 μὲν
3488 1328 3574 1380 διὰ
3603 1326 3712 1379 τῶν

2130 1417 2456 1488 ἀκαθάρτων
2486 1418 2650 1471 αὐτοῦ
2688 1419 2957 1490 ὀργάνων,
3008 1419 3273 1488 βασιλέων
3306 1421 3448 1488 φημὶ
3481 1420 3575 1472 καὶ
3609 1420 3713 1490 ἀρ·-

2131 1509 2354 1580 χόντων,
2382 1511 2489 1562 τῶν
2518 1509 2596 1561 ἔτι
2624 1513 2689 1581 τῇ
2724 1511 2899 1585 πλάνῃ
2935 1511 3084 1581 αὐτῷ
3112 1510 3528 1580 δεδουλωμένων
3546 1550 3560 1575 ,
3585 1514 3714 1573 τοὺς

2131 1600 2445 1670 ἁπανταχοῦ
2480 1601 2703 1664 πιστοὺς
2731 1600 2945 1655 διώκων
2963 1643 2977 1667 ,
3016 1605 3108 1655 καὶ
3136 1601 3576 1671 παντοιοτρόπως
3608 1618 3713 1653 κα-

2129 1690 2440 1758 ταφονεύων
2492 1708 2505 1722 ·
2553 1691 2748 1746 ἔπειτα
2790 1691 2883 1744 τοῦ
2939 1692 3084 1744 θείου
3135 1691 3493 1762 κηρύγματος
3540 1694 3717 1761 ὑπερ-

2133 1786 2471 1856 ισχύσαντος,
2503 1791 2567 1859 τῇ
2603 1790 2801 1860 ἀμάχῳ
2834 1788 3034 1858 δηλαδὴ
3061 1787 3151 1841 τοῦ
3186 1787 3517 1858 διωκομένου
3548 1787 3715 1840 δυνά-

2057 1867 2099 1921 B
2133 1897 2244 1950 μει,
2274 1879 2365 1932 καὶ
2393 1881 2575 1935 αὐτῶν
2599 1880 2707 1933 τῶν
2732 1881 2829 1951 τῆς
2860 1884 2962 1951 γῆς
2990 1880 3255 1951 βασιλέων
3285 1878 3729 1948 ἐπιλαϐομένου,

2128 1971 2236 2023 οἱδ⁹
2261 1972 2431 2034 οὕτως
2466 1974 2686 2041 ἀπέγνω
2719 1975 2746 2026 6
2783 1974 3018 2045 πονηρὸς
3051 1972 3263 2041 δαίμων
3295 1973 3501 2034 ἐκεῖνος
3526 1988 3541 2001 ·
3574 1970 3715 2024 ἀλλά

2129 2067 2222 2120 καὶ¹
2262 2063 2416 2127 αὖθις
2455 2066 2543 2118 διὰ
2577 2065 2672 2119 τοῦ
2711 2067 2852 2118 κατά
2895 2065 3124 2136 καιροὺς
3159 2064 3250 2116 ὑπ’
3273 2062 3440 2115 αὑτοῦ
3477 2062 3572 2115 καὶ
3604 2062 3715 2114 τῶν

2127 2158 2291 2212 αὑτοῦ
2322 2158 2564 2229 βεϐήλων
2592 2158 2802 2210 σκευῶν
2828 2157 3218 2227 ἀναφυομένων
3245 2155 3533 2225 αἱρέσεων,
3562 2155 3715 2206 ἐπει-

2132 2252 2262 2322 ρᾶτο
2292 2251 2390 2321 τὴν
2424 2251 2586 2319 ἁγίαν
2618 2250 2922 2319 ἀνατρέψαι
2957 2248 3160 2301 πίστιν.
3201 2247 3283 2308 Ὠς
3315 2246 3372 2299 δὲ
3407 2246 3502 2298 καὶ
3536 2243 3714 2307 οὕτως

2129 2344 2234 2396 ὑπὸ
2268 2344 2374 2396 τῶν
2410 2343 2582 2411 ἁγίων
2623 2344 2882 2410 Πατέρων
2923 2341 3079 2413 ἡμῶν
3113 2339 3224 2392 τῶν
3259 2342 3338 2403 είς
3376 2339 3533 2392 τοῦτο
3572 2341 3714 2392 κατά

2127 2438 2354 2506 καιροὺς
2384 2435 2812 2505 συντρεχόντων,
2842 2433 3221 2503 ἀπεκρούσθη,
3280 2432 3472 2502 ὥσπερ
3523 2449 3573 2484 τι
3610 2448 3716 2501 μη-

2127 2529 2352 2598 χάνημα
2373 2526 2589 2597 τείχους
2606 2528 2699 2596 όχυ
2711 2528 2976 2597 ρωτάτου·
2997 2528 3089 2578 καὶ
3104 2527 3159 2578 αἱ
3188 2521 3329 2576 κατά
3349 2523 3449 2591 τῆς
3477 2516 3725 2584 πίστεως

2126 2621 2370 2684 ἐξέλιπον
2413 2618 2580 2674 αὐτοῦ
2628 2621 2895 2690 ρομφαῖαι
2943 2618 3023 2680 είς
3065 2616 3255 2678 τέλος·
3307 2616 3503 2684 ἑτέραν
3547 2609 3713 2685 ἦλθεν

2124 2711 2244 2764 ὁδόν
2262 2726 2275 2741 ·
2305 2710 2447 2779 λέγω
2471 2710 2556 2781 δὴ,
2587 2710 2684 2781 τὴν
2711 2710 2806 2763 τοῦ
2835 2709 3104 2777 παναγίου
3132 2709 3515 2778 βαπτίσματος
3543 2708 3716 2776 ὺπέρ-

2127 2801 2275 2856 θεσιν
2298 2821 2309 2832 ·
2340 2804 2467 2865 τοὺς
2496 2804 2720 2864 πιστοὺς
2751 2802 3083 2865 ἀναπείθων,
3118 2803 3247 2871 περὶ
3274 2798 3344 2853 τὰ
3375 2798 3579 2871 ἐσχατὰ
3607 2817 3711 2853 που

2124 2896 2222 2965 τῆς
2254 2895 2466 2948 ἑαυτῶν
2519 2894 2666 2962 ζωῆς
2704 2893 2780 2964 τῷ
2811 2894 2940 2964 θείῳ
2968 2891 3309 2947 τελειοῦσθαι
3345 2892 3708 2963 βαπτίσματι.

2140 2985 2227 3048 Ὠς
2261 2986 2316 3038 δὲ
2349 2987 2539 3054 ἐώρων
2572 2987 2619 3038 οἱ
2652 2984 2949 3056 τρισόλϐιοι
2992 2986 3236 3057 Πατέρες
3279 2985 3439 3056 ἡμῶν
3473 2988 3568 3038 καὶ
3599 2985 3712 3039 τῶν

2126 3079 2439 3132 ἀποστόλων
2463 3078 2699 3149 διάδοχοι
2756 3080 2856 3149 τὴν
2883 3080 2947 3132 ἐκ
2970 3078 3163 3133 τούτου
3190 3081 3255 3150 τῇ
3285 3079 3417 3150 ἁγία
3441 3077 3707 3151 καθολικῇ

2127 3174 2221 3228 καὶ
2262 3173 2591 3244 ἀποστολικῇ
2630 3172 2930 3245 Ἐκκλησία
2972 3172 3266 3245 γινομένην
3310 3171 3516 3243 βλάϐην
3545 3212 3560 3236 ,
3604 3173 3704 3242 ςη-

2128 3266 2432 3338 μιουμένην
2483 3266 2655 3338 αὐτὴν
2699 3266 2943 3335 δηλονότι
2990 3265 3061 3319 τά
3110 3265 3220 3319 tam
3266 3267 3466 3327 τέκνα,
3513 3265 3600 3318 διά
3648 3283 3708 3318 τε

2124 3358 2407 3428 αἰφνιδίων
2448 3357 2715 3422 θανάτων,
2760 3357 2848 3412 διά
2892 3375 2952 3410 τε
3000 3357 3276 3427 πολέμων,
3323 3359 3602 3427 ναυαγίων
3647 3374 3711 3410 τε

2125 3448 2222 3503 καλ⁵
2250 3449 2455 3503 λοιπῶν
2483 3448 2910 3519 συμπτωμάτων
2933 3464 2946 3480 ’
2975 3446 3228 3501 ἔνστασιν
3258 3448 3489 3519 ἰσχυρὰν
3516 3448 3713 3502 ἐνεδεί-

2125 3540 2314 3608 ξαντο,
2346 3542 2440 3594 καὶ
2469 3542 2611 3595 κατὰ
2635 3539 2735 3611 τῆς
2758 3539 3015 3609 τοιαύτης
3040 3538 3131 3592 τοῦ
3163 3538 3361 3611 ἐχθροῦ
3399 3558 3712 3610 μηχανουρ-

2124 3631 2250 3701 γίας
2274 3671 2290 3699 ,
2328 3633 2423 3686 καὶ
2461 3632 2548 3686 διά
2580 3632 2687 3688 τῶν
2722 3631 3100 3685 θεοπνεύστων
3130 3631 3312 3684 αὐτῶν
3343 3630 3711 3685 διδασκαλιῶν

2123 3722 2221 3777 καὶ
2252 3722 2706 3794 συγγραμμάτων
2726 3738 2738 3750 ·
2761 3721 2818 3787 ἐξ
2849 3714 2922 3776 ὧν
2950 3724 3055 3776 εἱσι
3090 3720 3231 3793 (2"),
3260 3721 3350 3788 τὸ,
3387 3722 3576 3791 Ὀμὲν
3603 3736 3712 3777 σο-

2121 3816 2238 3886 φὸς
2261 3812 2565 3885 Σολομῶν,
2602 3814 2695 3868 καὶ
2726 3813 2819 3880 τδ,
2856 3813 3005 3879 Χθὲς
3047 3812 3122 3882 τῇ
3164 3811 3410 3883 λαμπρᾷ
3441 3812 3562 3867 τῶν
3595 3813 3717 3883 ρώ-

2122 3922 2240 3959 των
2272 3904 2483 3975 ἡμέρᾳ,
2538 3907 2633 3957 καὶ
2688 3903 2758 3956 τὰ
2801 3904 3007 3958 τούτων
3037 3905 3305 3959 ἀκόλουθα
3332 3921 3344 3933 ⁵
3378 3907 3587 3968 πάντας
3617 3905 3716 3958 ἀν-

2123 3995 2353 4051 έπεισαν
2397 3996 2623 4066 νηπίους
2652 3995 3033 4067 βαπτίζεσθαι,
3078 3998 3174 4049 καὶ
3220 3996 3311 4050 διά
3351 3997 3459 4050 τῶν
3503 3996 3710 4065 γονέων

2123 4089 2325 4155 αὐτῶν,
2354 4089 2449 4144 acati.
2476 4090 2586 4145 τῶν
2615 4092 2680 4143 ἐκ
2706 4089 2798 4142 τοῦ
2829 4089 3384 4160 θείου.βαπτίσματος
3412 4089 3711 4159 ἁναδόχων,

2124 4183 2525 4252 Χριστιανικῶς
2556 4182 2981 4253 ἀνατρέφεσθαι.
3016 4182 3103 4245 Ὠς
3132 4181 3187 4234 δὲ
3218 4183 3312 4234 καὶ
3339 4182 3432 4235 τοῦ
3460 4181 3706 4234 τοιούτου

2125 4272 2333 4329 σκοποῦ
2368 4274 2641 4346 ἀπέτυχεν
2673 4277 2699 4328 6
2737 4275 2933 4346 μιαρὸς
2968 4274 3179 4344 δαίμων
3211 4275 3439 4339 ἐκεῖνος,
3469 4274 3569 4343 τὴν
3596 4273 3710 4326 τῶν

2123 4365 2466 4438 Χριστιανῶν
2508 4366 2783 4421 πολιτείαν
2823 4367 3133 4437 διαφθεῖραι
3175 4366 3530 4420 ἐσπούδασεν.
3563 4366 3710 4433 Ἐγί-

2123 4476 2298 4512 νωσκε
2348 4459 2456 4531 γὰρ
2484 4460 2511 4513 6
2558 4458 2730 4523 δόλιος
2769 4460 2852 4513 ὅτι
2881 4461 2915 4529 ἡ
2949 4459 3130 4523 πίστις
3162 4458 3333 4530 χωρὶς
3388 4458 3496 4512 τῶν
3531 4457 3711 4527 ἔργων

450 4556 678 4611 rumque
712 4544 801 4614 qui
838 4544 906 4598 ab
938 4545 1028 4600 illo
1071 4547 1419 4617 instigantur,
1465 4569 1529 4607 ac
1555 4533 1815 4621 abjiciunt
1850 4562 2022 4627 pceni-

2126 4551 2296 4619 νεκρὰ
2324 4550 2493 4605 ἐστιν.
2524 4549 2688 4603 Ἀλλά
2717 4552 2812 4604 καὶ
2841 4548 3015 4613 οὕτως
3045 4552 3077 4621 ἡ
3105 4549 3213 4603 τῶν
3241 4550 3336 4604 τοῦ
3368 4550 3495 4622 ᾅδου
3525 4550 3710 4603 πυλῶν

454 4636 695 4689 tentiam.
734 4637 1009 4706 Siquidem
1056 4642 1229 4694 sancti
1279 4641 1467 4697 Patres
1522 4646 1715 4709 nostri,
1763 4651 2022 4717 expositis

446 4726 779 4795 ptenitentire
817 4729 1013 4792 modis,
1062 4738 1117 4785 ct
1145 4746 1428 4800 poenarum
1480 4737 1769 4804 generibus
1804 4741 1868 4794 ad
1915 4741 2018 4797 ho-

449 4819 653 4872 minum
711 4829 929 4887 peccata
983 4825 1471 4892 respondentibus,
1519 4841 1879 4898 properarunt
1925 4848 2021 4901 per

450 4910 564 4966 inec
608 4927 902 4981 repurgare
949 4914 1207 4971 Ecclesia:
1233 4932 1431 4988 corpus
1478 4928 1533 4973 el
1569 4922 1710 4976 sacri
1767 4924 2017 4995 baptismi

447 5004 677 5072 gratiam
713 5019 741 5057 a
770 5004 980 5060 deliCtis
1020 5008 1291 5073 obrutam,
1343 5011 1821 5071 iterum'lidelibus
1854 5018 2019 5071 resti-

446 5102 623 5149 tuere.
685 5094 838 5150 Unde
902 5097 1280 5166 ptenitentium
1341 5103 1531 5173 ingens
1596 5105 1890 5162 multitudo
1948 5108 2016 5162 ad

448 5186 712 5242 ecclesias
749 5188 1090 5258 confugiens,
1119 5193 1331 5261 sibique
1362 5196 1642 5264 impositas
1674 5213 1864 5268 poenas
1894 5215 2021 5255 sns-

448 5280 691 5349 cipiens,
772 5282 1111 5337 remissionis
1176 5285 1499 5341 solutionem
1562 5291 2016 5360 consequebatur.

450 5370 837 5429 Verumtamen
906 5372 1103 5429 diaboli
1165 5376 1676 5451 immunderumque
1731 5384 1821 5451 qui
1895 5399 2017 5438 cum

435 5464 569 5536 ipso
598 5476 737 5533 sunt,
759 5466 1045 5536 spirituum
1080 5468 1311 5524 violenta
1342 5471 1681 5541 improbitas,
1718 5476 1842 5529 vita:
1872 5476 2022 5544 pela-

526 5625 548 5657 δ
575 5624 722 5681 Psal.
760 5641 838 5689 ιχ,
864 5624 919 5677 7.
995 5626 1018 5659 ⁸
1046 5624 1161 5679 Jac.
1196 5640 1254 5690 tt,
1288 5625 1379 5691 20,
1408 5628 1499 5682 26.

2131 4641 2500 4712 κατισχύουσα
2556 4642 2853 4713 Ἐκκλησία
2884 4643 3015 4712 ἁγία
3044 4643 3375 4714 ὑπερίσχυσε
3404 4641 3513 4695 τῶν
3543 4642 3709 4695 αὐτοῦ

2128 4741 2512 4810 σοφισμάτων,
2555 4737 2651 4791 καὶ
2687 4737 2795 4790 τῶν
2835 4734 3117 4790 ὑπἀὐτοῦ
3162 4737 3574 4806 ἐνεργουμένων
3615 4738 3712 4790 καὶ

2125 4831 2224 4902 τὴν
2253 4830 2538 4900 μετάνοιαν
2562 4830 3045 4900 ἀπαγορευόντων.
3070 4829 3131 4881 Oi
3158 4828 3267 4899 γὰρ
3294 4826 3441 4897 ἀγιοι
3465 4829 3712 4897 Πατέρες

2127 4923 2285 4993 ἡμῶν
2324 4921 2615 4994 μετανοίας
2652 4921 2888 4991 τρόπους
2924 4919 3241 4990 ἐκθέμενοι,
3278 4921 3374 4973 καὶ
3414 4917 3710 4989 ἐπιτιμίων

2128 5016 2270 5079 ἰδέας
2307 5016 2604 5083 ἀναλόγους
2642 5017 2755 5078 τοῖς
2793 5014 2901 5068 τῶν
2934 5012 3241 5085 ἀνθρώπων
3278 5014 3706 5084 ἁμαρτήμασιν,

2126 5109 2383 5162 ἔσπευδον
2416 5108 2484 5161 δι’
2509 5107 2688 5161 αὐτῶν
2727 5105 3117 5176 ἀνακαθαίρειν
3151 5107 3213 5159 τὸ
3254 5106 3414 5175 σῶμα
3447 5105 3549 5173 τῆς
3584 5104 3708 5156 Ἐκ-

2126 5202 2388 5272 κλησὲας,
2423 5199 2519 5253 καὶ
2553 5199 2651 5270 τὴν
2690 5200 2795 5253 ὑπὸ
2827 5198 2937 5252 τῶν
2971 5198 3261 5268 ἁμαρτιῶν
3298 5196 3707 5268 συγχωσθεῖσαν

2126 5296 2285 5366 χάριν
2309 5295 2403 5349 τοῦ
2432 5294 2588 5362 ἁγίου
2618 5278 2991 5364 βαπτίσματος
3042 5294 3154 5354 τοῖς
3180 5293 3387 5353 πιστοῖς
3420 5288 3707 5343 ἀνακαλεῖ-

2128 5385 2250 5437 σθαι
2293 5383 2476 5437 πάλιν.
2504 5384 2669 5437 Ὅθεν
2711 5383 2807 5437 καὶ
2849 5383 2958 5436 τῶν
3004 5381 3406 5451 μετανοούντων
3442 5380 3492 5433 οἱ
3535 5379 3704 5447 δῆμοι

2126 5477 2244 5539 ταῖς
2276 5474 2595 5544 ἐκκλησίαις
2625 5473 3097 5543 προσφεύγοντες,
3129 5475 3225 5529 καὶ
3257 5473 3355 5538 τὰς
3388 5470 3708 5542 ἐπιτιθεμέ-

1608 5723 1794 5784 Joan.
1831 5725 2011 5804 Bapt.
2045 5727 2355 5789 Coteleris
2385 5731 2547 5791 nota?

528 5843 629 5915 (2’)
674 5846 853 5900 Rasilii
897 5849 1115 5903 bomllia
1156 5851 1253 5917 l3;
1284 5850 1447 5921 Gt‘eg.
1483 5849 1616 5906 an.
1655 5868 1737 5906 or.
1772 5854 1858 5908 40.
