4088 6414
515 277 652 342 11:3

1679 275 2006 337 JOANNIS
2043 273 2522 334 ANTtOCIlE'N'I

3632 275 3773 340 1124

508 400 889 458 consecrante,
935 399 989 445 et
1017 405 1202 445 saeros
1241 387 1477 442 faciente
1516 387 1818 443 initiatione
1845 388 2075 451 donare;

2191 389 2391 440 σασθαι
2442 389 2634 457 χάριν,
2687 385 2782 439 καὶ
2829 385 3211 457 ἀφιερωτικῆς
3261 385 3632 459 ἐπικλήσεως,
3683 386 3778 444 καὶ

511 484 963 554 quemadmodum
997 496 1224 549 tnaguus
1269 480 1558 550 Dionysius
1589 479 1712 550 (2")
1748 477 2086 533 monachalis

511 574 938 630 consecrationis
984 572 1297 642 mysterium
1351 571 1591 636 tradens,
1648 570 1902 640 illiusque
1950 585 2082 624 con-

512 665 911 734 tetttplutionem
964 663 1135 717 l‘usius
1179 662 1510 731 explanatis,
1567 662 1805 716 declarat
1841 680 1852 714 :
1887 677 1994 730 quo
2028 663 2078 714 in

512 757 630 811 loco
667 757 911 810 ordinem
942 764 996 808 et
1027 764 1226 808 statum
1256 769 1373 808 mox
1407 768 1435 806 a
1469 753 1896 808 sacerdotalibus
1920 752 2080 808 tribui

509 850 586 904 ιίε
613 849 790 914 docet,
826 857 1138 916 sequentem
1171 861 1298 900 Vero
1335 845 1659 900 ﬁdelissimae
1683 843 1848 915 plebi.

575 1116 630 1170 4.
669 1115 762 1169 Est
801 1115 964 1184 igitur
1006 1115 1260 1185 praedicta
1288 1115 1674 1169 monachorum
1715 1128 1866 1168 sacra
1897 1113 2086 1168 initia-

505 1204 603 1269 tio,
640 1215 696 1257 ut
728 1205 780 1256 in
809 1205 1130 1258 memoriam
1175 1219 1446 1268 revocent,
1487 1203 1552 1256 ad
1584 1203 1884 1272 exemplum
1911 1203 2076 1256 divini

502 1297 778 1364 baptismi,
806 1297 855 1348 in
885 1297 1378 1350 renuntiationibus
1404 1305 1456 1350 et
1477 1295 1902 1364 professionibus
1921 1292 2079 1362 longe

503 1390 892 1443 dilliciliorihus
916 1390 1192 1458 magisque
1220 1388 1651 1443 formidabilibus
1676 1388 1846 1456 posita
1873 1403 1888 1440 :
1916 1401 2076 1456 quam

504 1483 800 1536 secundum
834 1482 1124 1549 baptisma,
1161 1481 1454 1534 renovandi
1489 1480 1685 1548 prioris
1717 1479 1820 1532 vim
1849 1479 2074 1541 habens,

504 1575 670 1628 divini
707 1572 897 1628 Patres
927 1574 1098 1628 nostri
1148 1575 1582 1627 nominaverunt.
1631 1571 1742 1626 lllic
1769 1572 1932 1638 enim,
1987 1570 2076 1640 qui

503 1665 840 1734 baptizatur,
878 1667 1222 1736 pronuntiat:
1270 1664 1525 1719 Renuntio
1565 1663 1818 1728 Satante,
1869 1674 1918 1717 et
1966 1680 2078 1719 om.

502 1755 652 1808 nibus
689 1755 928 1826 operibus
977 1755 1110 1824 ejus,
1153 1765 1200 1809 et
1254 1756 1396 1809 omni
1433 1754 1598 1808 cultui
1643 1755 1780 1824 ejus,
1841 1765 1891 1810 et
1935 1756 2077 1808 omni

499 1865 702 1918 pompa!
745 1851 857 1915 eius
889 1865 908 1903 :
938 1858 986 1904 et
1013 1854 1168 1904 credo
1201 1851 1254 1904 in
1289 1868 1448 1904 unum
1486 1850 1648 1904 Deam
1685 1867 1703 1904 :
1735 1865 1961 1920 qumque
1988 1865 2075 1905 se-

499 1953 743 2011 quuntur
784 1941 928 1996 :Hic
1001 1957 1128 1996 vero
1178 1955 1374 2012 pra-ter
1419 1943 1531 2012 jam
1575 1945 1758 2009 dicta;
1813 1941 2076 2016 Renuntio

497 2033 821 2104 parentibus,
849 2034 1126 2102 fratribus,
1187 2035 1607 2104 cognationibus,
1661 2036 1868 2100 amicis,
1916 2035 2077 2104 fami-

497 2128 742 2193 iiaribus,
787 2128 1234 2198 possessionibus,
1287 2129 1664 2199 facultatibus,
1721 2129 1967 2198 inanique
2027 2140 2076 2182 et

499 2238 642 2275 route
671 2238 786 2274 cum
824 2223 1077 2288 voluptati
1108 2233 1217 2274 tum
1261 2222 1486 2291 gloriae;
1535 2231 1582 2274 et
1613 2238 1714 2274 non
1761 2221 1929 2275 solum
1964 2221 2076 2276 luet:

499 2311 719 2379 abnego,
754 2311 844 2376 sed
868 2321 915 2364 et
956 2313 1189 2379 animum
1221 2327 1407 2374 meam,
1437 2311 1597 2379 juxta
1622 2316 1928 2364 mandatum
1963 2310 2072 2365 Da-

496 2404 628 2456 mmi
673 2419 692 2456 :
729 2413 778 2456 et
818 2405 1049 2458 sustineo
1107 2419 1307 2456 omnem
1359 2405 1716 2456 austeritatem
1773 2405 2076 2458 monasticaz

497 2497 637 2559 uiue,
669 2511 731 2547 ac
765 2513 842 2548 me
870 2513 1015 2549 servo
1059 2497 1110 2548 in
1153 2496 1405 2565 puritate,
1457 2497 1760 2566 uirginitate
1790 2506 1838 2549 et
1875 2497 2072 2565 inopia,

483 2596 708 2656 'pmpter
731 2604 940 2658 regnum
967 2589 1211 2642 calorum
1245 2605 1262 2642 :
1292 2598 1568 2658 perstoque
1591 2589 1642 2641 in
1672 2589 1990 2643 monasterio
2019 2598 2068 2642 et

496 2678 602 2732 vita
640 2681 968 2740 monachica,
1001 2695 1160 2749 usque
1184 2681 1251 2730 ml
1279 2693 1570 2732 extremum
1601 2679 1824 2732 halitum
1869 2695 2037 2733 meum
2059 2719 2072 2744 ,

500 2777 554 2822 et
612 2772 914 2838 sequentia.
971 2771 1139 2824 l’urro
1205 2785 1271 2824 ex
1331 2770 1600 2824 mandatis
1655 2785 1777 2840 quae
1825 2771 2074 2837 imposita

495 2857 713 2912 fuerunt
753 2863 1097 2915 matrimonio
1133 2861 1332 2928 junctis
1362 2871 1416 2915 ct
1459 2861 1765 2926 caelitibus,
1818 2861 1943 2915 licet
1974 2866 2076 2916 hoc

496 2950 702 3006 discere
733 2954 1057 3016 accuratius,
1083 2953 1279 3008 Primis
1297 2953 1498 3024 quippe
1520 2953 1595 3006 ait
1623 2955 1809 3009 beatus
1841 2953 2070 3008 Paulus:

2113 1732 2151 1785 Β

503 3041 642 3108 Viri,
673 3043 876 3114 diligite
927 3062 1113 3098 uxores
1154 3057 1374 3112 vestras,
1412 3048 1545 3099 sicut
1595 3044 1837 3099 Christus
1887 3045 2072 3100 dilexit
2099 3065 2144 3130 ο

499 3135 812 3190 Ecclesium.
875 3135 1410 3205 illult'eres,pr0priis
1466 3139 1590 3190 riris
1650 3138 1871 3191 sub..-itte
1929 3139 2070 3203 sitis,

495 3229 627 3281 sicut
673 3227 906 3282 Εεείεδίιι
947 3229 1251 3282 Domino".
1287 3229 1347 3282 Et
1385 3243 1611 3299 rursus:
1643 3227 1943 3294 Patres,dil
1968 3231 2074 3299 gite

493 3319 636 3386 ﬁlios
661 3320 724 3374 “.
756 3319 912 3386 Filii,
937 3323 1138 3374 ebedite
1161 3319 1464 3388 parentibus
1490 3323 1669 3374 vestris
1689 3323 1739 3374 in
1760 3319 1982 3374 Domino
2005 3320 2070 3388 ¹⁸,

494 3420 549 3462 et
585 3425 705 3476 qua:
758 3413 1034 3480 (lelttCt'pS.
1085 3411 1384 3467 Coeiihihus
1434 3428 1563 3466 vero
1595 3415 1736 3467 dicta
1782 3425 1910 3468 sunt
1954 3427 2074 3482 qua:

493 3517 657 3570 supra
685 3504 966 3571 pOsuimns
1001 3524 1014 3558 ;
1053 3503 1110 3559 Si
1141 3507 1254 3573 quis
1309 3508 1444 3560 venit
1501 3509 1569 3560 ad
1600 3524 1700 3571 me,
1746 3515 1795 3560 et
1825 3523 1928 3560 non
1963 3507 2070 3560 odit

493 3603 698 3659 patrem
732 3610 911 3657 suum,
941 3609 985 3648 et
1016 3611 1258 3659 matrem.
1291 3607 1340 3652 et
1377 3615 1615 3665 uxorem,
1639 3609 1686 3652 et
1717 3598 1874 3666 ﬁlios,
1895 3599 2071 3653 adhuc

493 3699 664 3739 autem
703 3695 749 3738 et
784 3687 1014 3740 animum
1061 3705 1235 3752 suout,
1286 3707 1386 3743 nou
1421 3699 1585 3758 potest
1628 3707 1772 3744 meus
1813 3707 1926 3745 esse
1983 3691 2070 3744 di-

492 3773 722 3844 scipulus
751 3775 818 3840 η,
855 3791 978 3830 cum
1029 3778 1095 3832 iis
1135 3794 1256 3846 quae.
1309 3789 1633 3848 sequuntur.
1683 3779 1746 3834 Et
1793 3796 1912 3850 qua:
1961 3780 2071 3836 illic

492 3877 713 3934 peccata
751 3883 856 3920 non
879 3879 1024 3932 sunt,
1053 3870 1159 3924 imo
1193 3887 1290 3939 pro
1321 3873 1612 3928 virtutibus
1645 3875 1935 3939 habentur,
1984 3873 2072 3927 hic

492 3967 618 4010 Sunt
651 3959 841 4012 delicta
881 3963 1034 4014 venia
1075 3964 1336 4016 carentia.
1381 3963 1493 4018 Illic
1519 3964 1662 4019 enim
1695 3982 1708 4017 :
1746 3963 2071 4018 Houorabile

491 4046 805 4101 connubium
826 4048 870 4080 “’
893 4065 908 4113 ;
935 4051 1018 4104 hic
1042 4065 1169 4104 vero
1199 4053 1552 4117 cennubium,
1593 4055 1755 4109 totius
1788 4055 2070 4111 subversio

491 4148 592 4191 cst.
623 4137 754 4192 Nam
785 4156 888 4194 non
917 4143 1076 4197 tnodo
1107 4159 1210 4196 non
1241 4147 1474 4214 amplius
1509 4147 1950 4209 eritmonachus,
1977 4149 2067 4216 qui

492 4243 713 4283 uxorem
743 4230 980 4296 duxerit,
1026 4237 1119 4286 sed
1147 4236 1309 4286 etiam
1338 4236 1513 4304 pinnis
1543 4251 1728 4290 eorum
1771 4239 1861 4306 qui
1909 4239 2067 4294 ﬁdem

491 4332 821 4388 negaverunt
846 4325 950 4376 erit
979 4324 1266 4379 obnoxius.

2195 478 2547 548 ἱερουργικῆς
2579 477 2781 541 αὐτοὺς
2811 475 3043 542 ἀξιῶσαι
3076 478 3460 550 τελετουργίας
3490 478 3600 553 [ιιι.
3631 482 3778 534 τελε-

2193 568 2501 639 σιουργίας]
2535 569 2610 630 ὼς
2643 568 2738 620 καὶ
2768 570 2796 621 ὁ
2831 567 3006 637 μέγας
3034 569 3312 634 Διονύσιος
3340 570 3402 623 τὸ
3425 575 3522 641 τῆς
3557 589 3778 642 μοναχι-

2191 658 2292 725 xi};
2317 657 2650 720 τελειώσεως
2685 658 2988 726 μυστήριον
3019 659 3400 730 ἐκτιθέμενος,
3431 664 3525 716 καὶ
3553 662 3653 733 τὴν
3683 665 3778 716 αὑ-

2190 746 2282 798 τοῦ
2323 746 2556 816 θεωρίαν
2597 747 2938 819 πλατύτερον
2977 749 3444 821 ὲπεξηγούμενος,
3479 753 3780 822 διασαφεῖν

2189 837 2245 888 ἐν
2277 833 2358 899 οἷς
2390 839 2486 890 καὶ
2517 839 2614 907 τὴν
2648 837 2787 906 μετὰ
2817 839 2914 901 τὰς
2952 839 3238 908 ἱερατικὰς
3275 839 3438 904 εὐθὺς
3465 841 3778 905 τελειώσεις

2189 927 2342 992 τάξιν
2387 945 2446 980 τε
2495 929 2590 981 καὶ
2640 929 2830 982 στάσιν
2875 931 3086 994 τούτοις
3134 932 3552 1004 ἀπονεμηθῆναε
3602 951 3775 1006 φησι,

2186 1019 2287 1089 τὴν
2315 1019 2372 1070 δὲ
2407 1022 2547 1088 μετὰ
2575 1023 2807 1093 ταύτην,
2837 1021 2913 1093 τῷ
2943 1025 3252 1094 πιστοτάτῳ
3281 1025 3417 1094 λαῷ.

2258 1110 2321 1165 δ’.
2367 1111 2556 1165 Ἔστιν
2587 1108 2680 1166 οὖν
2712 1114 2744 1183 ἡ
2776 1111 3079 1187 δηλωθείσα
3105 1113 3214 1168 τῶν
3249 1115 3504 1185 μοναχῶν
3537 1115 3656 1185 ἱερὰ
3687 1133 3776 1168 τε·

2185 1200 2346 1275 λετὴ,
2384 1204 2459 1268 ὡς
2500 1206 2558 1257 ἐν
2596 1205 2956 1276 ὑπομνήσεως
2999 1206 3178 1278 λόγῳ,
3221 1207 3366 1260 κατὰ
3410 1207 3642 1278 μίμησιν
3679 1207 3774 1260 τοῦ

2187 1293 2332 1348 θείου
2359 1296 2754 1367 βαπτίσματος,
2781 1301 2837 1351 ὲν
2861 1301 3166 1366 ἁποταγαῖς
3191 1301 3286 1354 καὶ
3313 1303 3604 1368 συνταγαῖ,
3632 1304 3776 1354 κατὰ

2187 1386 2323 1440 πολὺ
2357 1388 2791 1461 ὲργωδεστέραις
2823 1391 2916 1445 καὶ
2949 1391 3363 1463 φοϐερωτέρους
3395 1393 3731 1464 συγκειμένη
3759 1411 3772 1424 ·

2183 1477 2376 1546 ἥντινα
2404 1479 2654 1551 δεύτερον
2689 1481 2972 1554 βάπτισμα
3006 1483 3102 1536 καὶ
3133 1483 3226 1537 τοῦ
3289 1485 3507 1555 πρώτου
3540 1485 3775 1540 ἀνακαι-

2183 1567 2424 1620 νιστικὺν
2455 1567 2598 1639 (*2‘”)
2655 1571 2704 1622 oi
2739 1569 2876 1624 θεῖοι
2913 1571 3152 1643 Πατέρες
3188 1571 3346 1644 ἡμῶν
3378 1575 3770 1644 ἐπωνόμασαν.

2197 1659 2346 1712 Ἐκεῖ
2390 1661 2490 1732 μὲν
2532 1663 2661 1732 γὰρ,
2703 1662 3153 1733 Ἀποτὰσσομαι
3200 1667 3280 1731 τῷ
3324 1663 3588 1732 Σατανᾷ,
3614 1667 3774 1738 φησὶ,

2182 1752 2282 1806 καὶ
2313 1753 2462 1806 πᾶσι
2493 1753 2618 1820 τοῖς
2645 1755 2842 1824 ἔργοις
2867 1756 3077 1822 αὑτοῦ,
3105 1757 3202 1810 καὶ
3233 1756 3402 1825 πάσῃ
3428 1757 3504 1825 τῇ
3529 1761 3778 1828 ,ἰατρείᾳ

2179 1843 2388 1905 αὑτοῦ,
2425 1845 2522 1897 καί
2565 1843 2734 1914 πάσῃ
2769 1844 2842 1914 τῇ
2881 1844 3094 1916 πομπῇ
3134 1846 3346 1912 αὐτοῦ,
3371 1848 3469 1901 καὶ
3507 1850 3772 1904 πιστεύω

2176 1937 2266 2000 εἷς
2300 1934 2410 1989 ἕνα
2451 1937 2631 1990 Θεόν’
2682 1939 2872 1994 καὶτὰ
2901 1938 3031 2010 ἑξῆς
3062 1959 3074 1972 ο
3109 1940 3345 1994 ἐνταῦθα
3391 1941 3446 2007 οὲ
3482 1942 3619 2012 πρὸς
3654 1944 3771 2005 τοῖς

2179 2027 2533 2096 εἰρημένοις·
2580 2028 3029 2100 Ἀποτάσσομαι
3076 2033 3392 2102 γονεῦσιν,
3438 2033 3722 2103 ἀδελφοῖς
3752 2071 3770 2099 ,

2178 2117 2578 2186 συγγενείαις,
2615 2121 2836 2188 φίλοις,
2871 2123 3192 2189 συνήθεσι,
3229 2122 3546 2192 κτήσεσιν,
3579 2123 3773 2190 ὑπάρ-

2180 2208 2313 2271 ξεσι
2333 2249 2348 2273 ,
2379 2205 2454 2275 τῇ
2485 2208 2636 2276 κενῇ
2666 2226 2728 2264 τε
2758 2211 2854 2264 καὶ
2879 2213 3102 2281 ματαίᾳ
3131 2213 3324 2284 ἠδονῇ
3353 2231 3416 2268 τε
3446 2215 3542 2268 καὶ
3575 2213 3728 2283 δόξῃ
3754 2233 3770 2248 ⁸

2179 2299 2273 2352 καί
2317 2300 2696 2372 ἀπαρνοῦμαι
2747 2305 2819 2358 οὐ
2853 2303 3046 2373 μόνον
3081 2305 3305 2374 ταῦτα,
3370 2307 3510 2360 ἀλλ’
3535 2307 3624 2361 ἔτι
3665 2308 3770 2362 καὶ

2177 2391 2294 2460 τὴν
2327 2393 2593 2463 ἐμαυτοῦ
2654 2393 2868 2464 ψυχήν
2897 2411 2912 2427 ο
2971 2397 3126 2450 κατὰ
3186 2395 3303 2464 τήν
3345 2397 3608 2466 ἐντολὴν
3657 2401 3768 2454 τοῦ

2177 2488 2294 2552 liv;
2306 2486 2400 2538 t'ov
2427 2502 2440 2514 ·
2466 2468 2565 2540 καί
2589 2489 2865 2556 ὑπομένω
2886 2487 3094 2544 πᾶσαν
3111 2489 3322 2558 θλῖψιν
3337 2491 3442 2546 τοῦ
3456 2491 3645 2561 uorti}.
3657 2509 3766 2557 ους

2171 2578 2340 2646 βίου,
2373 2579 2470 2632 καὶ
2493 2583 2775 2648 φυλάττω
2799 2580 3062 2650 ἐμαυτὸν
3093 2583 3163 2637 ἐν
3191 2583 3402 2652 ἁγνείᾳ
3453 2583 3552 2638 καὶ
3613 2599 3766 2654 παρ·

2179 2670 2345 2736 θενίᾳ
2371 2670 2472 2723 καί
2495 2671 2915 2741 ἀκτημοσύνῃ,
2954 2675 3050 2728 διὰ
3076 2673 3193 2742 τὴν
3261 2676 3594 2740 βασιλείαν
3641 2677 3765 2732 τῶν

2178 2759 2474 2830 οἰιρανῶν,
2515 2763 2614 2816 καὶ
2641 2765 2960 2838 παραμένω
2992 2763 3070 2832 τῷ
3112 2769 3502 2837 μοναστηρίφ
3547 2769 3645 2823 καὶ
3685 2769 3762 2839 τῇ

2177 2854 2464 2924 ἀσκήσει,
2499 2853 2613 2921 ἕως
2642 2854 2915 2924 ἐσχάτης
2949 2875 3072 2928 μου
3135 2860 3474 2928 ἀναπνοῆς,
3536 2863 3633 2914 καὶ
3690 2863 3763 2916 τὰ

2179 2943 2329 3015 ἑξῆς.
2414 2945 2526 2998 Καὶ
2623 2946 2732 2999 ἀπὸ
2813 2949 2922 3000 τῶν
2979 2951 3334 3005 ὲπιτεθεισῶν
3390 2953 3447 3006 δὲ
3507 2954 3740 3008 ἐντολῶν

2179 3038 2290 3099 τοῖς
2323 3037 2381 3088 ὲν
2430 3037 2594 3107 γάμῳ
2623 3039 2716 3090 καὶ
2745 3040 2958 3110 ἁγαμίᾳ
2995 3040 3169 3094 ἔνεστι
3196 3043 3353 3096 τοῦτο
3380 3045 3573 3114 μαθεῖν
3601 3047 3763 3115 ἀκρι-

2178 3130 2458 3203 ϐέστερον.
2487 3132 2612 3194 Τοῖς
2644 3133 2742 3200 μὲν
2769 3134 2876 3204 γάρ
2911 3136 3075 3205 φησὲν
3147 3139 3175 3190 ὁ
3211 3139 3481 3210 μακάριος
3509 3139 3758 3203 Humor

2171 3225 2238 3274 Ol
2258 3221 2501 3290 ἄνδρες,
2537 3222 2808 3290 ἀγαπᾶτε
2840 3225 2944 3291 τὰς
3003 3228 3296 3296 γυναῖκας
3331 3230 3521 3298 ὑμῶν,
3555 3229 3760 3301 ὥσπερ

2175 3317 2207 3368 d
2245 3315 2504 3382 Χριστὸς
2539 3315 2822 3384 ἠγάπησε
2862 3317 2976 3385 τὴν
3016 3321 3414 3388 Ἐκκλησίαν.
3442 3326 3510 3378 Αἱ
3549 3323 3758 3392 rura?-

2175 3423 2297 3472 κες,
2336 3407 2769 3462 ὑποτάσσεσθε
2805 3411 2928 3473 τοῖς
2961 3410 3135 3478 ἰδίοις
3185 3413 3501 3484 ἀνδράσιν,
3553 3415 3759 3486 ὥσπερ

2177 3498 2216 3566 ἠ
2269 3501 2612 3568 Ἐκκλησία
2668 3499 2752 3568 τῷ
2782 3505 3127 3572 Κιριρίῳ.Καὶ
3147 3505 3303 3570 αὖθις
3329 3525 3342 3538 ·
3371 3511 3438 3562 Ol
3481 3509 3756 3577 πατέρες,

2173 3590 2443 3660 ἀγαπᾶτε
2479 3593 2554 3646 τὰ
2591 3591 2772 3646 τέκνα
2815 3611 2829 3624 ·
2871 3595 2944 3649 τά
2992 3597 3192 3664 τέκνα,
3255 3601 3592 3654 ὑπακούετε
3633 3600 3760 3667 τοῖς

2171 3681 2462 3750 γονεῦσιν
2490 3683 2656 3752 ὑμῶν
2690 3685 2760 3738 ἐν
2795 3687 3010 3752 Κυρίῳ,
3042 3689 3136 3742 καὶ
3193 3690 3262 3744 τὰ
3295 3691 3442 3760 ἑξῆς.
3505 3693 3629 3756 Τοῖς
3698 3694 3756 3747 δὲ

2171 3773 2412 3844 ἀγάμοις
2445 3773 2516 3828 τὰ
2548 3778 2949 3849 προειρημένα.
2982 3780 3056 3834 ΕΖ
3083 3797 3169 3848 τις
3216 3782 3453 3854 ἔρχεται
3489 3789 3640 3854 πρός
3654 3803 3756 3855 με,

2172 3865 2269 3917 καὶ
2313 3867 2386 3920 οὑ
2411 3867 2583 3934 μισεῖ
2613 3869 2720 3921 τόν
2745 3868 2972 3940 πατέρα
3004 3872 3196 3928 αὐτοῦ
3227 3875 3326 3928 καὶ
3360 3877 3473 3946 τὴν
3519 3878 3758 3948 μητέρα

2169 3956 2270 4009 καὶ
2303 3955 2418 4024 τὴν
2442 3958 2700 4026 γυναῖκα
2729 3961 2924 4016 καὶτὰ
2976 3964 3182 4031 τέκνα,
3239 3967 3328 4020 ἑτι
3381 3967 3451 4022 δὲ
3499 3973 3598 4024 καὶ
3634 3970 3752 4038 τὴν

2173 4048 2396 4102 ἑαυτοῦ
2422 4051 2654 4120 ψυχὴν,
2687 4055 2758 4108 οὐ
2787 4047 3044 4110 δύναταί
3091 4077 3234 4128 μου
3263 4057 3418 4116 εἶναι
3453 4065 3750 4132 μαθητὴς,

2171 4144 2266 4194 καὶ
2298 4143 2366 4196 τὰ
2391 4143 2546 4214 ἑξῆς.
2580 4147 2692 4199 Καὶ
2722 4149 2790 4201 τὰ
2815 4151 2934 4202 ἐκεῖ
2963 4151 3326 4224 ὰναμάρτητα
3357 4157 3452 4210 καὶ
3509 4160 3568 4211 ὲν
3597 4156 3754 4222 τάξει

2169 4239 2376 4310 ἀρετῆς
2411 4243 2642 4312 κείμενα
2695 4237 2798 4298 ὧδε
2831 4249 3096 4320 ἁμαρτίαι
3157 4251 3314 4303 εἰσιν
3351 4251 3750 4318 ἀσύγγνωστοι.

2184 4329 2332 4382 Ἐκεῖ
2365 4334 2464 4400 μὲν
2524 4334 2632 4404 γάρ
2685 4338 2880 4405 Τίμιος
2911 4343 2943 4392 d
2966 4337 3152 4409 γάμος
3223 4340 3460 4394 ἐνταῦθα
3491 4341 3568 4406 δὲ,
3593 4341 3620 4392 ὁ
3653 4339 3754 4408 γά-

397 4465 417 4476 ,
495 4426 591 4480 μσς
629 4411 915 4484 ἀνατροπὴ
965 4414 1060 4468 τοῦ
1104 4417 1330 4481 παντός.
1372 4419 1446 4472 Οὐ
1507 4420 1617 4492 γάρ
1665 4421 1829 4491 μόνον
1887 4420 2072 4475 οὐκέτι
2127 4421 2282 4477 ἔσται
2313 4425 2546 4496 μοναχὸς
2596 4429 2624 4481 ὁ
2678 4431 2960 4501 γαμήσας,
3005 4432 3141 4486 ἀλλὰ
3169 4435 3263 4486 καὶ
3301 4438 3409 4498 τοῖς
3449 4434 3555 4487 τῶν
3585 4435 3754 4508 ἀρνη-

402 4538 429 4553 .
489 4502 742 4572 σαμένων
767 4505 866 4572 τὴν
898 4505 1083 4560 πίστιν
1114 4509 1414 4580 ἐπιτιμίοις
1441 4511 1763 4576 ὑπεύθυνος.

559 4593 611 4646 5.
647 4593 964 4651 Orationem
1000 4600 1325 4656 conﬁrmant
1355 4605 1444 4670 qui
1476 4619 1504 4657 a
1529 4604 1726 4660 divinis
1755 4607 2070 4676 sanctisque
2100 4619 2146 4675 Ι)

487 4682 736 4742 Patribus
767 4691 990 4756 nostris,
1030 4693 1328 4750 Athanasio
1377 4695 1598 4762 Basilio,
1624 4696 1886 4768 Nysseno,
1920 4701 2069 4755 aliis-

493 4791 592 4845 que
621 4795 806 4834 eorum
857 4791 1182 4854 temporum,
1233 4787 1363 4841 editi
1415 4798 1542 4843 sunt
1575 4791 1792 4846 ascetici
1839 4804 2002 4862 atquc
2035 4809 2064 4847 a

489 4865 598 4920 Deo
632 4868 876 4936 inspirati
911 4871 1056 4940 libri,
1089 4875 1179 4944 qui
1213 4879 1573 4932 conmmuitcr
1611 4879 1838 4946 degendi
1887 4891 1941 4934 et
1988 4883 2066 4934 vi-

485 4958 645 5011 vendi
693 4961 982 5030 rationem,
1016 4979 1341 5035 omnemque
1370 4967 1622 5024 absolute
1668 4972 2061 5025 monachorum

489 5049 650 5101 vitam
705 5061 764 5106 et
812 5053 1205 5110 institutionem
1263 5061 1633 5128 prmstituunt.
1693 5060 1798 5116 Sed
1855 5073 1908 5117 et
1967 5066 2059 5132 qui

486 5139 724 5210 primum
776 5144 829 5198 in
861 5145 1098 5218 Egypto
1137 5153 1471 5220 compositus
1495 5153 1595 5208 fuit
1627 5156 1892 5209 maximus
1925 5156 2062 5210 liber

487 5242 795 5290 sanctorum
822 5237 1022 5293 Senum
1051 5239 1249 5308 Scetis,
1277 5242 1567 5299 Thebaidis
1590 5255 1644 5300 et
1676 5245 1874 5316 Libyae,
1912 5263 2062 5301 com-

489 5326 726 5395 plectens
772 5331 962 5386 ordine
1001 5333 1340 5400 alphabetico
1392 5354 1548 5396 sacra
1584 5356 1772 5394 eormn
1809 5351 1956 5412 gesta
2003 5353 2059 5396 et

560 5473 600 5501 ³³
639 5470 836 5541 Ephcs.
867 5491 918 5539 ν,
951 5476 1042 5542 24,
1065 5479 1155 5534 9.5.
1235 5481 1280 5512 “
1313 5481 1520 5540 Coloss.
1549 5501 1625 5552 ut,
1662 5487 1752 5541 20.

1832 5488 1879 5518 ”
1905 5487 2103 5558 Ephes,
2131 5503 2208 5554 vn,
2248 5492 2299 5542 l.
2328 5493 2380 5546 4.

2249 4613 2311 4669 ε’.
2348 4613 2638 4670 Βεϐαιοῦσι
2676 4619 2765 4672 τὸν
2798 4619 2954 4688 λόγον
2986 4622 3044 4674 αἱ
3093 4621 3248 4694 παρὰ
3286 4623 3392 4675 τῶν
3446 4622 3752 4677 θεσπεσίων

2167 4705 2260 4757 καὶ
2286 4706 2459 4774 ἁγίων
2496 4711 2764 4780 [ιατέρων
2797 4713 2976 4782 ἡμῶν,
3055 4713 3398 4776 Ἀθανασίου,
3443 4715 3748 4783 Βασιλείου,

2165 4799 2261 4852 τοῦ
2301 4800 2549 4871 Νύσσης,
2582 4804 2676 4854 καὶ
2705 4803 2814 4856 τῶν
2845 4807 2968 4858 κατ’
3004 4807 3203 4870 αὐτοὺς
3235 4810 3550 4864 ἐκτεθείσαι
3572 4811 3750 4878 ἀσκη-

2163 4886 2316 4939 τικαὶ
2379 4890 2475 4940 καὶ
2513 4887 2865 4944 θεόπνευστοι
2903 4891 3097 4961 βίϐλοι,
3139 4896 3505 4965 ῥυθμίζουσαι
3556 4898 3660 4967 τήν
3687 4914 3748 4949 τε

2167 4974 2544 5044 συνδιαγωγὴν
2567 4981 2660 5029 καὶ
2678 4977 2778 5047 τὴν
2807 4980 3198 5052 συνδιαίτησιν,
3221 4984 3314 5036 καὶ
3345 4985 3527 5038 πᾶσαν
3558 4983 3751 5048 ἁπλῶς

2167 5065 2267 5135 την
2312 5066 2422 5120 τῶν
2453 5066 2698 5140 μὸναχῶν
2729 5071 2878 5142 ζωήν
2901 5089 2958 5125 τε
2985 5075 3081 5128 καὶ
3104 5075 3400 5131 πολιτείαν.
3447 5077 3606 5130 Ἀλλὰ
3638 5079 3750 5147 μὴν

2168 5161 2262 5210 καὶ
2301 5161 2332 5230 ἠ
2367 5160 2596 5232 πρώτως
2631 5166 2688 5214 ἐν
2723 5165 2986 5238 Αἰγύπτῳ
3032 5169 3350 5222 συντεθεῖσα
3399 5171 3632 5248 μεγίστη
3665 5169 3754 5238 βία

2167 5253 2291 5314 ὅλος
2319 5253 2428 5304 τῶν
2461 5255 2633 5322 ἁγίων
2663 5259 2933 5326 γερόντων
2967 5260 3064 5328 τῆς
3138 5262 3409 5332 Σκήτεως,
3475 5261 3749 5332 Θηϐαΐδος

2163 5355 2226 5396 ’τε
2265 5347 2605 5418 καὶΛιϐύης,
2625 5350 2722 5412 τὰς
2753 5351 2902 5420 ἱερὰς
2932 5353 3206 5417 πολιτείας
3232 5354 3752 5424 καὶάποφθέγματα

2462 5492 2505 5524 ¹”
2529 5492 2660 5548 Luc.
2697 5510 2806 5559 xxv,
2844 5495 2931 5550 ΞΟ.
3013 5498 3223 5552 "Hebr.
3257 5514 3376 5566 xut,
3401 5499 3456 5552 4.

1631 5611 1820 5670 Joou.
1856 5609 2031 5690 Bapt.
2073 5611 2378 5674 Coteleris
2415 5623 2606 5675 notae.

481 5710 488 5721 '
559 5709 678 5775 (2")
721 5711 866 5772 Eccl.
897 5719 1044 5773 Hier.
1073 5736 1192 5786 cap.
1223 5721 1272 5776 θ.

2242 5730 2384 5798 pr")
2463 5731 2519 5784 L.
2566 5730 2823 5801 All-alius,
2855 5733 2930 5789 De
2960 5751 3198 5792 consens.
3227 5753 3307 5804 ιιι,
3343 5736 3425 5793 l9.
