4088 6408
427 407 565 476 1131

1632 399 1955 463 IOANNIS
1995 400 2144 461 ΑΝΤ
2155 399 2471 481 ΙΟὈΗΕΝΙ

3557 398 3698 466 1132

428 524 593 579 dente
652 532 784 575 vero
830 521 1100 586 tempore.
1145 510 1438 569 admiscuit
1475 508 1730 565 inimicus
1788 510 2009 577 negotio

2113 509 2313 563 οίκείον
2345 508 2427 561 ίόν
2450 523 2463 536 ’
2490 510 2633 578 φημὶ
2655 506 2719 578 δὴ
2751 507 2850 578 τὴν
2875 509 3328 584 αἰσχροκέρδειαν
3349 513 3449 571 καὶ
3502 515 3697 572 πλεον-

424 628 584 670 suum
619 623 926 665 venenum:
985 614 1143 677 turpe
1191 604 1398 660 lucrum
1434 602 1554 657 dico
1585 610 1640 657 ct
1677 601 2000 655 avaritiam:

425 715 587 775 atque
631 699 972 758 occasionem
1004 713 1125 768 quae
1170 695 1458 751 videbatur
1490 694 1720 749 honesta
1769 692 2005 763 amplexi

425 793 759 866 posteriores
786 793 1153 859 imperatores
1194 801 1261 843 ac
1311 786 1665 858 patriarchm,
1724 800 2002 840 memora-

427 897 537 939 tam
585 879 1044 953 prazdeccssorum
1088 891 1311 933 suorum
1355 876 1809 946 dispensatricem
1844 876 2002 930 vide-

425 976 554 1031 licet
596 973 967 1033 traditionem,
995 976 1283 1039 coeperunt
1314 966 1541 1039 perfecti
1574 968 1819 1022 muneris
1846 968 2008 1021 modo

426 1070 589 1125 etiam
621 1063 951 1120 monasteria
973 1071 1029 1117 et
1081 1060 1455 1116 mendicorum
1511 1056 1786 1113 domicilia
1813 1059 1866 1111 in
1918 1058 2005 1111 in-

368 1143 677 1230 itegritate
740 1154 1103 1213 consistentia
1182 1154 1407 1208 donare.
1474 1150 1676 1206 Postea
1739 1165 2005 1217 processu

371 1242 380 1271 ί
429 1251 710 1321 temporis,
738 1250 904 1304 etiam
958 1245 1184 1314 majora,
1227 1245 1546 1311 reditusque
1609 1244 2006 1312 amplioris.At

427 1351 651 1396 sanctus
701 1337 997 1402 Sisinuius,
1051 1336 1144 1407 qui
1200 1351 1308 1390 non
1377 1346 1508 1389 ante
1559 1334 1759 1390 multos
1842 1335 2007 1388 hosce

428 1447 603 1488 annos
632 1430 945 1501 patriarcha
1002 1428 1501 1497 Constantinoriolis
1536 1426 1658 1492 fuit,
1698 1442 1821 1482 cum
1852 1426 2002 1495 ejus-

427 1525 572 1580 modi
607 1523 950 1591 iniquitatcm
996 1521 1183 1574 videre
1216 1534 1323 1573 non
1374 1520 1697 1583 sustineret,
1746 1534 2006 1573 exsurre-

426 1621 527 1686 xit,
581 1627 643 1674 ut
695 1617 927 1672 fcrtura
960 1614 1257 1678 nonnullis,
1324 1627 1556 1679 eamque
1632 1610 2003 1680 proscripsit,

427 1711 677 1780 quamvis
713 1711 950 1765 nondum
976 1708 1042 1762 ad
1072 1715 1282 1760 tantum
1319 1703 1546 1757 malitia:
1562 1716 1844 1757 excessum
1883 1716 2007 1770 per—

427 1803 683 1859 venisset.
739 1800 840 1867 Qui
869 1810 1049 1854 autem
1081 1798 1228 1852 illum
1266 1795 1545 1850 subsecuti
1571 1803 1725 1859 sunt,
1760 1794 1811 1848 id
1836 1794 2003 1865 (quod

2107 601 2278 666 εξίαν·
2307 601 2401 655 καὶ
2421 602 2676 671 ἀφορμῆς
2700 602 3063 674 εὐπροσώπου
3090 605 3168 676 τῷ
3193 606 3392 671 δοκεῖν,
3418 608 3699 681 δραξάμεο

2108 713 2188 749 νοι
2215 696 2264 750 οί
2283 695 2744 766 μεταγενέστεροι
2770 697 2879 749 τῶν
2900 696 3169 767 βασιλέων
3188 703 3282 753 καὶ
3311 703 3695 773 ποτριαρχῶν,

2106 788 2209 859 τὴν
2253 789 2557 860 εἰρημένην
2604 787 2718 843 τῶν
2767 792 2875 859 πρὸ
2923 791 3107 845 αὐτῶν
3134 792 3492 866 οἰκονομικήν
3529 796 3697 865 δῆοεν

2108 877 2344 940 ἔκδοσιν,
2377 876 2618 948 ἤρξαντο
2659 876 2877 939 τελείας
2920 877 3133 950 δωρεᾶς
3181 881 3371 952 τρόπῳ
3403 883 3697 954 δωρεῖσθαι

2109 966 2205 1020 καὶ
2222 967 2290 1020 τὰ
2321 969 2700 1037 συνιστάμενα
2722 968 2832 1021 τῶν
2858 970 3243 1040 μοναστηρίων
3268 972 3365 1024 καὶ
3382 972 3697 1043 πτωχείων.

2108 1056 2246 1114 Εἶτα
2283 1061 2568 1131 προϊόντος
2618 1060 2713 1112 τοῦ
2771 1063 2992 1131 χρόνου,
3047 1062 3144 1115 καὶ
3199 1062 3269 1116 τὰ
3319 1064 3546 1133 μείζονα
3596 1068 3697 1117 καὶ

2108 1151 2584 1223 εὐπροσοδώτερα.
2650 1152 2710 1205 ὐ
2742 1150 2799 1206 δὲ
2845 1155 2905 1206 ὲν
2955 1153 3136 1221 ἁγίοις
3186 1154 3451 1218 Σισίννιος
3485 1154 3587 1226 (9),
3633 1157 3695 1209 ού

2109 1246 2217 1316 πρὸ
2264 1245 2480 1298 πολλῶν
2535 1245 2745 1300 τούτων
2795 1246 3011 1316 χρόνων
3067 1247 3419 1319 πατριάρχης
3452 1250 3698 1318 γεγονὼς

2107 1339 2761 1401 Κωνσταντινουπόλεως,
2785 1340 2859 1409 μὴ
2879 1338 3063 1409 φέρων
3082 1340 3217 1409 ὁρᾷν
3244 1339 3342 1411 τὴν
3358 1340 3697 1410 τηλικαύτην

2108 1431 2485 1502 παρανομίαν,
2513 1431 2794 1498 διανέστη,
2824 1429 2900 1494 ὣς
2921 1447 3069 1493 τινες
3104 1430 3352 1498 λέγουσι,
3391 1432 3487 1483 καὶ
3525 1429 3699 1499 αὐτὴν

2107 1521 2470 1593 ἀπεκήρυξε,
2513 1524 2695 1577 καίτοι
2745 1522 2903 1577 οὔπω
2955 1526 3038 1587 είς
3089 1524 3363 1595 τοσαύτην
3416 1527 3698 1594 ἀκρότητα

2107 1614 2311 1674 κακίας
2368 1615 2668 1668 ἐλάσασαν.
2710 1613 2779 1669 Ol
2827 1614 2886 1667 δὲ
2939 1614 3058 1685 μετ’
3101 1614 3268 1667 αὐτὸν
3300 1614 3433 1687 (10),
3470 1615 3692 1677 τούτου,

2108 1708 2184 1770 ὡς
2218 1706 2295 1777 μὴ
2327 1704 2565 1774 ὤφελον,
2601 1707 2974 1777 ἠλογηκότες,
3004 1707 3066 1760 τὺ
3097 1707 3367 1777 πονηρὺν,
3400 1706 3498 1760 καὶ
3533 1701 3693 1769 αὖθις

2110 1800 2502 1853 ἀνενεώσαντο.
2550 1802 2727 1871 Ὅπερ
2760 1799 2855 1853 καὶ
2907 1802 3030 1853 κατ’
3071 1800 3258 1866 ὀλίγον
3297 1799 3555 1870 αὑξηθὲν,
3611 1801 3696 1862 είς

426 1895 544 1951 ﬁeri
583 1909 690 1948 non
723 1892 930 1962 debuit)
976 1888 1276 1959 aspernati,
1320 1886 1521 1942 malum
1552 1900 1739 1941 rursus
1772 1900 2004 1939 renova-

2111 1894 2206 1963 τὴν
2238 1892 2334 1946 νῦν
2367 1893 2660 1963 ὁρωμένην
2682 1893 2949 1961 κατέληξε
2985 1894 3300 1964 συμφοράν.
3332 1893 3535 1947 Οὐκέτι
3585 1895 3697 1962 γὰρ

426 1997 573 2044 runt.
631 1985 786 2053 Quod
830 1984 1089 2054 paulatim
1120 1988 1365 2046 auctum,
1424 1978 1476 2032 in
1511 1980 1651 2033 hanc
1698 1991 1820 2047 quae
1864 1992 2008 2033 nunc

425 2078 670 2135 cernitur
716 2076 877 2132 desiit
926 2072 1317 2130 calamitatem.
1376 2068 1496 2125 lam
1530 2070 1676 2123 enim
1736 2083 1842 2122 non
1900 2068 2005 2122 hoc

425 2178 520 2225 aut
568 2167 701 2223 illud
741 2165 1153 2230 monasterium,
1216 2164 1312 2218 sed
1365 2162 1550 2218 omnia
1593 2161 1754 2216 simul
1809 2163 2007 2215 donata

426 2268 592 2322 sunt;
616 2272 807 2328 parva.
833 2271 1047 2326 magna,
1077 2262 1400 2325 paupertate
1442 2253 1771 2313 laborantia,
1802 2251 1999 2322 opibus

427 2352 682 2419 referta;
752 2352 1013 2415 virorum,
1067 2348 1397 2403 mulierum:
1469 2345 1715 2415 exceptis
1779 2358 2006 2399 numero

426 2442 715 2514 perpaucis
755 2451 811 2497 et
844 2454 1036 2496 recens
1064 2440 1291 2495 structis
1324 2437 1613 2494 cmuobiis.
1652 2435 1853 2491 Verum
1885 2435 2004 2490 lucc

424 2550 646 2607 quoque
665 2535 818 2592 brevi
844 2533 986 2588 idem
1020 2532 1323 2601 patientur,
1358 2530 1642 2585 obtinente
1685 2543 1850 2596 prava
1874 2542 2008 2581 con-

428 2630 757 2695 suetudine;
799 2625 1260 2697 quemadmodum
1301 2638 1458 2692 passa
1501 2632 1632 2677 sunt
1662 2635 1782 2689 qua:
1820 2630 2009 2674 revera

420 2720 675 2786 emnobia
726 2729 854 2774 sunt
915 2731 1089 2788 eaque
1131 2726 1315 2771 vetera
1371 2722 1427 2769 et
1494 2713 1753 2768 maxima.
1802 2710 2008 2766 Donata

431 2826 612 2871 autem
660 2824 785 2871 sunt
817 2810 1171 2869 saecularibus
1218 2811 1371 2877 viris,
1406 2823 1469 2864 ac
1526 2807 1877 2862 matrimonio
1908 2821 2004 2861 co-

424 2909 664 2979 pulatis;
724 2910 995 2964 interdum
1057 2920 1185 2963 vero
1237 2903 1404 2959 etiam
1465 2900 2005 2972 gentilibus;atquc

430 3018 619 3070 unum,
654 3002 795 3058 heu!
854 3003 1067 3057 duabus
1106 2997 1378 3069 personis.
1409 2995 1543 3061 Quae
1597 3008 1774 3058 mens,
1831 2991 2010 3062 qualis

426 3094 610 3165 lingua
660 3094 864 3165 poterit
919 3093 1129 3163 tragico
1190 3098 1251 3145 ut
1299 3090 1453 3144 decet
1518 3100 1669 3140 more
1719 3082 2006 3151 complecti

2106 1987 2229 2040 τόδε
2278 1985 2341 2038 τὸ
2395 1987 2790 2056 μοναστήριον,
2833 1985 2865 2055 ἢ
2918 1986 3061 2050 τόδε,
3121 1985 3259 2040 ἀλλὰ
3309 1987 3489 2039 πάντα
3547 1986 3690 2055 ὁμοῦ

2105 2078 2465 2149 δεδώρηνται,
2507 2081 2701 2149 μικρὰ,
2750 2078 2989 2149 μεγάλα,
3033 2079 3264 2150 πτωχὰ,
3306 2077 3564 2141 πλούσια,
3600 2077 3700 2131 ἀν-

2106 2170 2281 2242 δρῷα,
2326 2173 2646 2239 γυναικεῖαο
2680 2170 2822 2240 πλὴν
2849 2170 3151 2238 ὀλιγοστῶν
3202 2169 3299 2223 καὶ⁵
3344 2169 3459 2223 τῶν
3510 2186 3701 2223 νεοσυς

2110 2266 2324 2317 στάτων
2378 2264 2769 2334 εύαριθμήτων
2820 2264 3129 2319 κοινοὸίων.
3199 2262 3364 2317 Ἀλλὰ
3407 2266 3503 2317 καὶ
3552 2265 3697 2318 αὐτὰ

2104 2355 2230 2409 ὅσον
2254 2356 2410 2409 οῦπω
2439 2358 2596 2409 τοῦτο
2629 2356 2931 2415 πείσονται.
2957 2356 3054 2411 τοῦ
3096 2357 3336 2428 πονηροῦ
3367 2356 3526 2420 ἔθους
3556 2374 3697 2427 κρα-

2104 2443 2328 2506 τοῦντος
2356 2459 2372 2475 ·
2410 2444 2664 2513 καθάπερ
2695 2446 2789 2496 καὶ
2812 2444 2883 2496 τὰ
2902 2443 3075 2507 ὅντως
3101 2444 3350 2497 κοινόόια
3372 2444 3442 2497 τὰ
3483 2445 3697 2515 ἀρχαία

2107 2536 2201 2589 καὶ
2228 2536 2470 2606 μέγιστα
2495 2537 2824 2591 πεπόνθασι.
2844 2535 3187 2607 Δεδώρηνται
3212 2536 3267 2589 δὲ
3294 2539 3578 2607 κοσμικαῖς
3602 2538 3699 2591 καὶ

2107 2625 2462 2696 ἀνδρογύνοις
2493 2625 2630 2696 (Η),
2671 2624 2845 2678 ἐνίοτε
2891 2624 2948 2676 δὲ
2995 2627 3093 2678 καὶ
3141 2626 3425 2691 ὲθνικοίς,’
3459 2627 3556 2679 καὶ
3600 2626 3699 2678 ἐπὶ

2107 2719 2253 2783 δυσὶ,
2287 2717 2413 2789 φεῦ,
2449 2718 2791 2788 προσώποις.
2829 2718 2927 2781 Τίς
2981 2716 3132 2780 νοῦς,
3175 2723 3303 2771 ποῖα
3353 2719 3411 2771 δὲ
3448 2718 3696 2787 γλῶσσα,

2104 2807 2274 2875 ἀξίως
2307 2807 2730 2877 ὲκτραγῳδῆσαι
2762 2806 2975 2877 ίσχύσει
2995 2807 3056 2859 τὸ
3086 2807 3292 2877 πλῆθος
3319 2806 3427 2860 τῶν
3456 2805 3699 2860 ὲνουσῶν

2108 2904 2177 2971 τῇ
2204 2901 2377 2971 κακίᾳ
2405 2899 2583 2970 ταύτῃ
2614 2900 2882 2969 ἀνομιῶν;
2912 2901 3064 2971 ὅμως
3092 2899 3238 2953 κατὰ
3285 2898 3345 2952 τὸ
3365 2899 3593 2953 δυνατὸν
3629 2898 3697 2949 ὲκ

2113 2991 2330 3045 πολλῶν
2376 2990 2534 3059 ὀλίγα
2585 2993 2613 3043 ὁ
2662 2991 2822 3059 λόγος
2878 2992 3110 3061 προῖὼν,
3173 2988 3459 3053 ἀποδεῖξαι
3501 2986 3700 3058 πειρά-

2110 3100 2287 3137 σεται.

428 3186 777 3257 iniquitatum
798 3201 920 3257 quae
939 3186 1067 3241 huic
1087 3181 1345 3253 nequitia:
1402 3182 1588 3236 insunt
1612 3175 2052 3231 multitudinem?
2084 3179 2337 3233 Attamen
2370 3192 2469 3247 pro
2497 3174 2639 3231 virili
2663 3192 2694 3231 e
2719 3175 2901 3230 multis
2959 3189 3130 3246 pauca
3176 3176 3471 3245 procedens
3504 3185 3688 3229 sermo

427 3280 677 3337 indicare
703 3279 1014 3335 conabitur.

500 3374 573 3430 Χ.
607 3374 805 3429 Statim
867 3386 999 3441 ergo
1057 3368 1376 3439 prooemium
1432 3364 1716 3421 animabus
1768 3363 2082 3426 exitiosaec

431 3466 766 3533 donationis,
834 3465 1047 3534 plenum
1102 3472 1190 3516 est
1249 3457 1625 3530 blasphemiae.
1706 3456 2005 3525 Imperium

430 3575 637 3625 meum,
687 3556 1034 3614 mediocritas
1090 3563 1299 3620 nostra,
1346 3555 1513 3606 donat
1573 3551 1668 3604 tibi
1726 3550 1841 3614 lali,
1902 3550 2008 3604 tale

428 3652 864 3717 monasterium;
899 3648 1109 3713 lbrsan,
1146 3645 1358 3701 Domini
1384 3653 1437 3699 et
1481 3644 1576 3700 Dei
1602 3656 1657 3700 et
1691 3643 2007 3698 Servatoris

431 3745 608 3802 nostri
659 3742 788 3800 Jcsn
822 3740 1052 3805 ChriSti,
1103 3747 1198 3793 aut
1226 3737 1594 3793 sanctissime
1642 3737 1883 3791 Domina:
1908 3748 2007 3789 no-

430 3846 559 3894 atra:
592 3836 686 3891 Dei
739 3833 1053 3896 Genitricis,
1087 3840 1179 3885 aut
1222 3830 1457 3900 alicujus
1502 3843 1533 3883 c
1573 3828 1823 3894 sanctis;
1884 3842 2006 3880 cum

430 3928 687 3986 omnibus
717 3926 933 3998 juribus
959 3933 1011 3978 et
1042 3921 1343 3993 privilegiis
1374 3921 1509 3983 suis,
1543 3917 2010 3988 possessionibus-

433 4036 543 4092 que
581 4019 684 4090 ipsi
714 4018 1000 4089 subjectis,
1038 4015 1424 4081 immobilibus,
1484 4029 1548 4067 ac
1604 4012 1832 4081 reliquis
1863 4010 2009 4065 redi-

434 4115 605 4181 tibus,
635 4113 705 4167 ad
741 4112 1032 4168 terminum
1067 4109 1193 4163 vitae
1229 4118 1370 4173 tuae;
1422 4105 1507 4158 vel
1554 4104 1608 4158 in
1642 4103 1854 4159 duabus
1878 4117 2008 4172 per-

429 4206 606 4265 sonis.
631 4203 778 4260 Bona
808 4203 995 4265 verba,
1033 4216 1069 4255 o
1092 4201 1286 4254 homo:
1307 4198 1485 4265 cogita
1517 4198 1647 4267 quid
1678 4197 1851 4262 dicas,
1877 4195 2009 4264 quid

433 4309 650 4368 scribas
700 4315 757 4362 et
812 4307 1042 4361 horrore
1073 4312 1369 4358 concutere
1426 4301 1570 4370 quod
1604 4298 1697 4371 qui
1741 4314 1798 4355 es
1845 4298 2009 4353 homo

428 4399 829 4472 corruptibilis,
876 4395 1149 4459 mortalis,
1202 4395 1382 4451 brevis
1442 4395 1583 4459 vitae,
1617 4394 1785 4447 audes
1820 4406 2012 4445 mona-

428 4493 661 4550 sterium
679 4488 1009 4561 appellatum
1037 4487 1225 4542 divino
1252 4486 1591 4554 terribilique
1624 4485 1867 4549 nomine,
1917 4491 2012 4537 aut

430 4587 654 4645 nomine
697 4592 1064 4654 supersancta:
1123 4578 1389 4652 Deiparzn,
1425 4578 1509 4634 vel
1541 4588 1858 4634 sanctorum
1914 4591 2007 4631 cu-

430 4680 669 4755 iusdam,
719 4676 904 4749 largiri
953 4675 1179 4731 homini.
1259 4674 1449 4729 Omnis
1498 4674 1588 4741 qui
1632 4671 1814 4733 donat,
1867 4670 2008 4736 quod

2190 3369 2241 3416 ι’.
2283 3362 2494 3416 Αὐτίκα
2519 3361 2651 3429 γοῦν
2681 3361 2743 3415 τὸ
2766 3360 3055 3432 προοίμιον
3077 3360 3176 3430 τῆς
3201 3359 3549 3432 ψυχοφθόρου
3589 3360 3696 3416 δω-

2120 3459 2273 3528 ρεᾶς,
2310 3456 2663 3527 βλασφημίας
2706 3455 2947 3525 ὑπάρχει
2987 3454 3300 3509 ἀνάπλεων.
3346 3454 3413 3508 Ἠ
3444 3454 3701 3524 βασιλεία

2119 3568 2243 3620 μου,
2279 3552 2311 3621 ή
2344 3551 2642 3619 μετριότης
2664 3549 2846 3619 ἡμῶν,
2876 3548 3135 3618 δωρεῖταί
3165 3564 3251 3601 σοι
3284 3547 3363 3617 τῷ
3400 3549 3555 3613 δεῖνι,
3597 3547 3700 3619 τὴν

2058 3638 2061 3641 λ
2115 3643 2262 3697 δεῖνα
2300 3643 2472 3713 μονήν
2503 3657 2519 3673 ο
2554 3640 2739 3711 τυχὸν,
2772 3638 2866 3692 τοῦ
2895 3640 3103 3710 Κυρίου
3146 3640 3243 3692 καὶ
3277 3638 3416 3693 θεοῦ
3447 3638 3544 3693 καὶ
3583 3640 3701 3692 Σω-

2116 3736 2283 3807 τῆρος
2334 3735 2495 3807 ἡμῶν
2521 3733 2701 3804 Ἰησοῦ
2738 3733 3060 3805 Χριστοῦ,ἢ
3103 3733 3205 3804 τῆς
3252 3733 3561 3804 ύπεραγίας
3595 3735 3701 3786 Δε-

2120 3830 2349 3900 σποίνης
2381 3830 2539 3899 ἡμῶν
2582 3828 2874 3893 Θεοτόκου,
2907 3828 2941 3897 ή
2990 3843 3136 3890 τινος
3168 3826 3276 3880 τῶν
3311 3828 3485 3896 ἁγίων
3507 3842 3522 3857 '
3561 3827 3705 3899 μετὰ

2117 3924 2339 3976 πάντων
2373 3923 2485 3975 τῶν
2524 3921 2750 3975 δικαίων
2781 3920 2876 3973 καὶ
2899 3920 3215 3991 προνομίων
3241 3920 3437 3991 αὐτῆς,
3468 3919 3563 3975 καί⁵
3586 3920 3699 3975 τῶν

2117 4016 2211 4068 ὑπ’
2239 4014 2415 4082 αὐτὴν
2445 4015 2769 4084 κτημάτων,
2794 4014 3073 4083 ἀκινήτων
3101 4030 3160 4066 τε
3188 4017 3284 4066 καὶ
3305 4013 3511 4067 λοιπῶν
3528 4031 3702 4085 προσ-

2115 4108 2251 4162 όδων
2297 4107 2395 4178 [σί.
2432 4104 2763 4178 προσοδίων]
2796 4105 2989 4175 αὐτῆς,
3017 4105 3114 4159 ἐπὶ
3159 4106 3273 4177 ὅρῳ
3298 4104 3447 4177 ζωῆς
3478 4123 3573 4161 σου
3607 4123 3621 4140 ο
3658 4106 3698 4178 ἢ

2116 4201 2211 4252 ἐπὶ
2241 4198 2365 4251 δυσὶ
2390 4195 2725 4269 προσώποις.
2780 4198 3072 4269 Εὐφήμει,
3108 4197 3364 4267 ἄνθρωπε
3402 4213 3416 4230 ο
3447 4199 3607 4261 σύνες
3641 4198 3699 4251 τί

2116 4288 2320 4356 λέγεις,
2361 4286 2413 4339 τί
2462 4287 2732 4358 γράφεις·
2768 4287 2863 4341 καὶ
2913 4288 3138 4360 φρίξονσ
3171 4288 3253 4341 δτι
3280 4288 3567 4360 ἄνθρωπος
3620 4288 3699 4342 ὢν

2118 4383 2361 4453 φθαρτὸς
2396 4382 2491 4436 καὶ
2521 4381 2720 4451 θνητὸς
2751 4380 2850 4435 καὶ
2886 4383 3190 4453 ἐφήμερος,
3237 4381 3447 4453 τολμᾷς
3494 4380 3592 4454 τὴν
3635 4382 3699 4434 τὸ

2120 4475 2265 4527 θεῖον
2295 4473 2394 4527 καί⁵
2428 4474 2665 4543 φοϐερὸν
2711 4472 2885 4544 ὄνομα
2930 4472 3380 4542 ἐπικεκλημὲνην
3428 4472 3618 4542 μονὴν,
3659 4472 3695 4543 ἢ

2118 4565 2220 4637 τῆς
2250 4566 2560 4638 ύπεραγίας
2587 4564 2876 4629 Θεοτόκου,
2902 4566 3099 4637 ήτινος
3125 4562 3234 4618 τῶν
3265 4565 3454 4632 ἁγίων,
3484 4562 3709 4641 ἀνθρώο.

2120 4675 2207 4729 πῳ
2237 4658 2594 4729 χαρίσασθλι.
2616 4657 2735 4720 Πᾶς
2764 4657 2793 4709 ὁ
2821 4656 3188 4727 δωρούμενος,
3223 4654 3253 4708 ὃ
3276 4657 3392 4725 ἔχει
3413 4655 3684 4724 δωρεῖται,

428 4748 596 4830 habet
644 4736 834 4837 donat:
891 4785 1000 4825 non
1034 4770 1178 4840 quod
1252 4782 1361 4831 non
1423 4767 1604 4821 habet.
1656 4763 1736 4816 'l'u
1781 4777 1914 4817 vero
1964 4760 2008 4816 si

2117 4752 2217 4821 ούχ
2250 4750 2277 4803 ὃ
2312 4751 2415 4803 οὐκ
2440 4749 2578 4820 ἔχει.
2604 4750 2677 4801 Σὺ
2709 4749 2766 4802 δὲ
2796 4750 2845 4801 εί
2879 4748 2980 4819 μὲν
3010 4748 3116 4818 φῂς
3162 4748 3411 4818 χαρίζειν
3453 4747 3483 4799 ὂ
3526 4736 3703 4817 ἔχεις,

430 4863 653 4935 quidem
677 4861 864 4934 largiri
888 4860 1025 4917 dicis
1047 4862 1192 4931 quod
1240 4857 1437 4920 habes,
1473 4864 1529 4910 et
1576 4866 1697 4925 qua:
1740 4850 1835 4907 Dei
1887 4859 2013 4905 sunt

432 4958 726 5015 arbitraris
765 4971 890 5013 esse
938 4965 1052 5020 tua,
1106 4953 1284 5024 ipsum
1339 4961 1390 5005 te
1424 4945 1562 5003 facis
1592 4948 1759 5003 etiam
1818 4944 2009 5010 Deum,

430 5059 490 5106 et
539 5058 799 5119 tanquam
851 5050 992 5104 Deus
1025 5045 1247 5117 largiris
1286 5042 1532 5113 propria,
1585 5038 1783 5108 quibus
1835 5037 1936 5100 vis,
1959 5044 2015 5091 ct

432 5147 595 5208 prout
640 5139 744 5194 vis.
797 5136 892 5193 Sin
926 5146 1110 5191 autem
1143 5132 1287 5204 quod
1310 5144 1420 5185 non
1460 5128 1649 5196 habes,
1687 5125 1818 5197 quid
1839 5123 2013 5179 facias

2121 4846 2215 4898 καὶ
2251 4844 2319 4897 σὰ
2360 4838 2502 4897 εἶναι
2534 4842 2602 4896 τὰ
2628 4841 2721 4896 τοῦ
2758 4840 2898 4893 Θεοῦ
2933 4841 3201 4911 νομίζεις,
3228 4838 3458 4910 ὁμύοεον
3499 4839 3700 4893 σαυτὸν

2121 4938 2453 5009 πεποίηκας,
2478 4935 2575 4988 καλ⁵
2600 4935 2674 4998 ὡς
2702 4935 2835 4997 Θεὸς
2888 4934 3092 5005 χαρίζῃ
3123 4936 3189 4987 τὰ
3224 4934 3355 4999 ἴδια,
3382 4927 3465 4997 οἷς
3493 4933 3700 5002 βούλει,

2120 5035 2222 5085 καὶ
2273 5031 2460 5093 καθὼς
2503 5028 2708 5099 βούλει.
2760 5028 2823 5080 Ei
2854 5027 2912 5079 δὲ
2958 5026 2987 5079 ὃ
3019 5027 3120 5079 οὐκ
3154 5027 3317 5096 ἔχεις,
3353 5028 3406 5080 τί
3437 5027 3698 5097 πράττεις

2120 5123 2301 5190 λέξον.
2337 5121 2454 5175 Οὐκ
2488 5116 2640 5185 οἶδας
2667 5120 2721 5173 τί
2761 5121 2869 5173 εἱσι
2921 5119 2993 5171 τὰ
3049 5119 3428 5190 μοναστήριας
3475 5117 3699 5188 λιμένες

1586 5261 1771 5320 Joan.
1800 5256 1979 5333 Bapt.
2017 5253 2317 5317 Cotelerii
2355 5258 2544 5314 notis.

505 5395 584 5468 (9)
602 5393 931 5468 Σισίννιος.
955 5389 1237 5468 Balsamon
1253 5387 1317 5443 ad
1343 5398 1601 5468 canonem
1621 5380 1890 5468 lasynodi’
1918 5395 2012 5468 Ψ,

430 5450 526 5523 ubi
544 5450 605 5521 e'a
622 5468 688 5519 de
705 5450 1000 5533 quaestione
1017 5462 1069 5516 in
1088 5470 1371 5533 utramque
1392 5466 1601 5533 partem
1629 5450 2011 5533 :fAifyvdm'flq

432 5521 606 5591 δεῖκαὶ
626 5521 791 5604 τόμος
816 5532 913 5587 τοῦ
943 5521 1514 5604 πατριάρχοιίὲκεῖνου
1535 5525 1728 5604 κυρίοὲ
1745 5521 2013 5604 Σισιννίου

432 5608 501 5659 τὰ
530 5606 672 5659 αὐτὰ
692 5591 1085 5673 ’διοριζόμενος
1106 5616 1121 5631 ο
1149 5591 1336 5673 [ictus
1364 5612 1567 5673 quoque
1587 5591 1662 5673 est
1682 5591 2016 5673 Patriarghag

432 5676 579 5729 illius
599 5659 815 5728 domini.
830 5659 1052 5728 Sicinnii
1068 5659 1335 5741 '(sccundi
1366 5659 1624 5723 nimirum
1649 5666 1754 5719 hoc
1773 5659 2013 5729 nomine)

434 5742 628 5800 Tantus
659 5744 840 5798 eadem
864 5745 1167 5797 decernens.

508 5815 621 5882 (tu)
655 5815 721 5865 Ol
752 5814 821 5866 δὲ
837 5815 963 5883 μετ’
995 5814 1206 5869 αὐτόν.
1232 5809 1454 5883 Occulta
1485 5806 1747 5883 suggillat
1764 5803 2014 5883 sergium

438 5874 661 5938 Sisinnii
720 5874 1111 5953 successorem,
1170 5882 1325 5952 cujus
1387 5874 1669 5936 Decretum
1734 5874 1898 5933 habes
1963 5874 2017 5928 in

2120 5375 2458 5502 galsamonis
2489 5376 2655 5432 citato
2688 5373 2828 5441 loco,
2877 5383 3041 5444 atque
3075 5373 3201 5429 inde
3244 5372 3298 5426 in
3347 5370 3476 5427 Jure
3508 5370 3700 5427 Grmco

2168 5462 2385 5502 omano.

2168 5462 2385 5503 omano.

2185 5519 2298 5589 (ll)
2347 5517 2789 5589 ’Araporurotc.
2822 5515 3077 5589 Quaedam
3111 5528 3273 5589 supra
3305 5513 3370 5589 ad
3401 5527 3454 5581 p.
3492 5511 3698 5589 ιοιηε.

2119 5585 2343 5644 Ει’νει·ο
2370 5605 2491 5644 cum
2526 5585 2579 5643 in
2614 5588 2969 5657 ἀνδρογύνοις
2998 5585 3222 5657 intelligi
3271 5587 3436 5657 etiam
3458 5654 3467 5657 _
3491 5586 3700 5650 possint

2118 5659 2375 5723 eunuchi,
2423 5652 2744 5717 effeminati".
2786 5652 3051 5719 semiviri,
3096 5652 3580 5719 ma'scnlofemium,
3620 5667 3696 5723 ac

2120 5722 2376 5785 mulieres
2425 5729 2558 5783 viris
2609 5729 2902 5795 permistaa,
2941 5726 3104 5781 malui
3145 5727 3211 5780 de
3257 5724 3577 5795 conjugihus
3616 5722 3697 5795 iu-

2121 5800 2430 5869 terpretari.
2476 5790 2893 5869 Ἀνδρογύναιος
2923 5796 3161 5865 reperies
3187 5790 3399 5865 dialogo
3430 5790 3603 5850 tertio
3633 5790 3698 5847 de

2124 5867 2383 5925 Trinitatc
2421 5870 2561 5942 apud
2603 5867 2986 5927 Athanasium.
