4088 6408
498 389 636 458 H33

494 510 713 571 πιίντως
744 525 871 571 τους
904 508 1000 579 τὴν
1030 507 1310 562 θάλασσαν
1343 506 1441 560 τοῦ
1477 506 1597 578 βίου
1632 505 1904 570 πλέοντας
1953 506 2087 558 ύπο-
2120 509 2158 563 Α
2191 505 2375 560 dicito.

492 600 780 668 δεχόμενοι
815 602 908 652 καὶ
935 598 1313 663 διασώζοντες.
1356 599 1414 653 Ὀ
1442 598 1574 668 γοῦν
1609 598 1783 652 ταῦτα
1807 600 1920 662 τοῖς
1949 599 2080 669 βιω-

493 695 668 754 τικοῖς
725 690 1114 763 χαριζόμενος,
1186 692 1342 746 οὐδὲν
1406 692 1535 748 ἄλλο
1597 695 1781 761 ποιεῖ,
1847 693 1880 764 ἢ
1952 694 2082 758 τοὺς

495 787 790 854 φραγμοὺς
841 785 949 838 τῶν
1003 785 1243 855 λιμένων
1298 785 1600 856 περιελὼν,
1650 785 1953 856 ὡδοποίησε
2002 785 2081 855 τῷ

492 875 728 930 κλύδωνι
769 877 869 946 τῆς
909 877 1212 947 θαλάσσης,
1252 877 1351 947 τὴν
1385 879 1465 941 είς
1501 878 1632 941 τοὺς
1660 877 1892 948 λιμένας
1937 878 2080 932 εἷσον

490 969 603 1022 δον·
635 973 731 1023 καὶ
764 971 950 1024 οὐκέτι
981 972 1091 1026 eici.
1119 972 1364 1042 λιμένεςο
1395 973 1491 1025 καὶ
1513 973 1742 1041 γέγονεν
1768 974 2082 1043 οἰκουμενι-

491 1061 589 1114 κδν
617 1063 677 1114 τὸ
709 1063 992 1131 ναυάγιον.

567 1149 656 1208 ια’.
700 1155 813 1206 Οὐκ
840 1151 990 1216 οἶδας
1011 1155 1065 1207 τί
1084 1156 1202 1207 ἐστι
1227 1156 1620 1225 μοναστήριον;
1649 1156 1897 1222 Πάντως,
1925 1157 2082 1225 ἅγιος

492 1239 641 1307 οἶκος
674 1246 762 1298 ἐπ’
789 1245 1015 1314 ὀνόματι
1043 1245 1283 1316 Χριστοῦ
1315 1246 1413 1299 τοῦ
1447 1247 1586 1300 Θεοῦ
1638 1247 1808 1316 τυχὸν
1856 1247 2082 1319 ίδρυμέ⁴

494 1354 606 1400 νος,
645 1338 828 1406 φέρων
868 1338 1032 1391 αὐτὸν
1070 1341 1127 1390 ἐν
1171 1342 1285 1401 τοῖς
1325 1341 1493 1410 ἱεροῖς
1533 1340 1750 1403 ἀδύτοις
1787 1341 2080 1410 ἀνιστορη-

498 1427 680 1496 μένον,
708 1429 801 1480 καὶ
832 1429 899 1480 τά
926 1428 1186 1500 θαύματα
1217 1430 1379 1483 αὑτοῦ
1400 1431 1576 1484 καὶτὰ
1607 1431 1726 1485 θεῖα
1755 1431 2077 1502 παθήματα·

493 1521 550 1574 ἐν
571 1522 650 1592 τῷ
673 1523 786 1591 ναῷ
821 1527 1010 1588 παντὶ,
1071 1524 1247 1592 βίϐλοι
1302 1526 1448 1595 ἱεραὶ
1480 1525 1575 1578 καὶ
1608 1525 1727 1580 θεῖα
1760 1524 2024 1596 κειμήλιοι
2061 1539 2074 1553 ·

493 1610 716 1662 συνοδία
755 1611 920 1677 άγία,
953 1611 1020 1664 δι’
1059 1611 1227 1664 αὑτὸν
1253 1651 1268 1675 ,
1310 1612 1553 1680 κόσμον,
1588 1613 1658 1664 τά
1691 1613 1746 1664 ἐν
1776 1612 1968 1680 κόσμῳ
2017 1627 2078 1662 τε

491 1701 587 1751 καὶ
618 1699 820 1770 ἑαυτὴν
880 1701 1327 1772 άπαρνησαμένη
1356 1739 1371 1763 ,
1405 1701 1502 1753 καὶ
1554 1699 1707 1772 αὐτῷ
1754 1697 2078 1768 κολληθεῖσα

490 1790 589 1842 καὶ
629 1791 1067 1862 προσανέχουσα,
1114 1791 1210 1845 καὶ
1263 1790 1414 1862 αὐτῷ
1455 1790 1653 1854 νυκτὸς
1710 1789 1806 1844 καὶ
1861 1791 2080 1860 ἡμέρας

1296 394 1395 454 DE
1438 391 1964 456 MONASTERIIS
2005 391 2258 452 LAICIS
2297 389 2452 451 NON
2487 371 2954 452 manemus.

3622 393 3759 460 113i

2457 502 2648 559 Nonne
2704 507 2814 560 scis
2878 507 3138 575 quidnam
3209 508 3317 563 sint
3386 513 3766 566 monasteria?

2187 593 2386 650 Portus
2432 592 2610 662 plane,
2645 595 2738 665 qui
2793 595 2847 647 in
2879 596 3002 648 vita:
3037 597 3172 650 mari
3224 598 3539 668 navigantes
3588 604 3766 655 sumi-

2187 686 2346 756 piunt
2381 696 2436 740 et
2466 693 2812 740 conservant.
2854 684 2953 752 Qui
2982 703 3110 756 ergo
3139 689 3253 741 inec
3273 693 3630 746 szecularihus
3657 685 3735 747 lar
3755 725 3769 736 -

2186 779 2348 848 gitur,
2382 778 2518 832 nihil
2578 779 2724 832 aliud
2757 779 2888 847 agit,
2941 795 3101 848 quam
3161 783 3454 852 aggeribus
3507 799 3764 855 portuum

2187 869 2436 934 sublatis,
2471 869 2618 924 viam
2656 871 2787 925 dare
2815 869 3069 926 fluctibus
3095 875 3280 936 maris,
3330 890 3434 944 qua
3473 879 3522 930 in
3575 888 3766 948 portus

2187 963 2603 1032 ingrediantur:
2639 964 2781 1019 unde
2812 979 2917 1018 non
2943 966 3176 1035 amplius
3219 977 3405 1036 portus
3437 982 3604 1038 sunt;
3638 987 3767 1026 con-

2184 1055 2452 1125 tingitque
2479 1057 2790 1111 universale
2822 1057 3187 1129 naufragium.

2256 1149 2350 1204 XI.
2384 1149 2572 1204 Nonne
2609 1150 2755 1204 nosti
2790 1152 2918 1221 quid
2946 1153 3463 1209 sitmonasterium?
3489 1155 3583 1211 Est
3607 1156 3766 1227 plane

2184 1250 2369 1295 sancta
2395 1241 2585 1296 donius
2621 1241 2673 1294 in
2713 1244 2928 1297 nomine
2959 1243 3144 1299 forsan
3181 1246 3385 1301 Christi
3417 1248 3508 1302 Dei
3546 1262 3758 1315 erecta,

2183 1345 2378 1400 gerens
2422 1346 2545 1386 eum
2605 1332 2658 1384 in
2699 1333 2870 1388 sacris
2928 1335 3105 1404 adytis
3167 1334 3484 1403 depictum,
3538 1338 3764 1406 ejusque

2183 1423 2443 1478 miracula
2495 1433 2551 1478 ct
2587 1425 2795 1480 divinas
2827 1427 3202 1495 perpessioucs
3229 1445 3242 1493 ;
3271 1428 3323 1481 in
3356 1430 3504 1483 omni
3534 1431 3759 1500 templo,

2185 1515 2308 1569 libri
2347 1516 2510 1579 sacri,
2549 1524 2604 1570 et
2635 1517 2811 1571 divina
2845 1518 3194 1587 pretiosaque
3227 1519 3506 1588 supellex;
3561 1531 3750 1575 sancta

2183 1607 2419 1661 societas
2462 1609 2744 1662 hominum
2776 1611 2864 1678 qui
2907 1611 3191 1677 mundum,
3226 1626 3289 1664 ea
3342 1612 3537 1680 quzein
3565 1615 3765 1667 mundo

2182 1709 2328 1763 sunt,
2358 1699 2618 1770 ipsosque
2647 1716 2704 1756 se
2736 1703 3146 1772 abnegaverunt
3188 1715 3411 1774 propter
3456 1705 3650 1770 Deum,
3685 1705 3766 1760 ei-

2183 1803 2286 1857 que
2331 1789 2637 1855 adhwrcnt,
2689 1793 3000 1858 attendunt,
3063 1794 3151 1848 die
3176 1805 3445 1862 nocteque
3475 1806 3766 1850 eanuntac

492 1882 700 1954 ᾄδουσα
731 1885 826 1938 καὶ
856 1885 1138 1952 ψάλλουσα
1162 1899 1176 1916 ⁸
1223 1887 1320 1940 καὶ
1350 1886 1408 1938 ἐν
1437 1884 1515 1956 τῷ
1544 1884 1658 1954 ναῷ
1696 1883 1888 1950 αὑτοῦ,
1937 1883 2080 1936 κατὰ

2185 1881 2418 1951 psallunt
2443 1897 2456 1946 ;
2480 1892 2644 1952 atque
2673 1883 2727 1937 in
2757 1884 2956 1953 templo
2982 1885 3120 1954 ejus,
3146 1884 3300 1953 juxta
3327 1884 3671 1941 Psalmistam
3695 1887 3762 1952 ⁸³,

491 1977 584 2026 τὸν
609 1975 942 2047 Ψαλμῳδὺν,
977 1977 1261 2032 ἄπαυστον
1299 1977 1538 2047 λέγουσα
1566 1976 1729 2043 δόξαν
1750 1992 1762 2005 ’
1787 1977 1882 2028 καὶ
1916 1974 2080 2046 μέσον

493 2066 667 2136 αὐτῆς
703 2067 907 2136 ἔχουσα
950 2069 1143 2122 τοῦτον
1184 2069 1298 2134 ἀεὶ,
1345 2069 1491 2122 κατὰ
1523 2067 1622 2139 τὴν
1670 2066 2081 2138 ἀψευδέστάτην

493 2158 664 2211 αὑτοῦ
690 2161 786 2213 καὶ
828 2162 979 2214 θείαν
1011 2162 1332 2234 ὑπόσχεσιν·
1359 2161 1554 2217 Ὅπου
1583 2160 1694 2231 γάρ
1723 2162 1842 2214 εισι
1893 2159 2002 2213 δύο
2040 2159 2080 2225 ἢ

492 2249 651 2318 τρεῖς
680 2251 1059 2322 συνηγμένοι
1092 2255 1183 2320 είς
1215 2253 1284 2307 τὸ
1315 2252 1465 2324 ἐμὸν
1497 2251 1705 2321 ὄνομα,
1744 2251 1928 2320 φησὶν,
1960 2249 2090 2302 ἐκεῖ

491 2347 614 2416 elui
642 2349 711 2400 ἐν
728 2348 898 2418 μέσῳ
919 2348 1139 2404 αὐτῶν.
1158 2349 1421 2422 Πρὸσοδοι
1459 2348 1554 2402 ἐπὶ
1575 2348 1782 2411 τῖύτιμις
1814 2348 1958 2416 ἱεραὶ
1988 2345 2084 2400 καὶ

492 2439 766 2511 διάφοροι,
800 2441 1163 2510 πολυτρόπως
1187 2441 1613 2511 συλλεγόμεναι,
1645 2441 1781 2510 πρὸς
1814 2439 2080 2493 σύστασιν

497 2535 594 2588 καὶ
631 2535 896 2606 διαμονὴν
921 2535 1023 2588 ’καὶ
1071 2533 1346 2605 διοίκησιν
1383 2534 1492 2588 τῶν
1523 2535 1830 2604 εἰρημένων
1861 2550 2082 2603 χρημα-

493 2625 764 2697 τίζουσαι,
794 2629 850 2681 αἱ
881 2627 1034 2699 παρὰ
1067 2628 1178 2682 τῶν
1199 2627 1485 2699 μακαρίων
1505 2628 1808 2699 κτητόρων,
1838 2629 1918 2690 είς
1953 2627 2079 2680 τοῦ·

492 2737 556 2773 το
583 2721 1000 2793 ἁφιερωθεῖσαι.
1038 2721 1229 2775 Ταῦτα
1253 2721 1434 2774 τοίνυν
1467 2722 1648 2776 πάντα
1670 2722 1736 2775 τά
1760 2721 1880 2790 ἱερά
1904 2738 1964 2773 τε
1988 2720 2082 2774 καὶ

496 2812 616 2866 θεῖα
653 2815 999 2884 μοναστήρια
1024 2813 1121 2866 καὶ
1145 2814 1272 2867 ὄντα
1304 2813 1397 2866 καὶ
1426 2812 1692 2880 λεγόμενα
1719 2853 1731 2875 ,
1756 2813 1805 2864 οἱ
1838 2814 1946 2865 ἀπὸ
1984 2813 2080 2867 τοῦ

495 2902 634 2958 Θεοῦ
677 2906 972 2976 τολμηρῶς
1019 2905 1445 2977 ἀφαιρούμενοι,
1494 2904 1588 2957 καὶ
1632 2903 1721 2959 διὰ
1751 2904 1955 2974 δωρεᾶς
1983 2905 2081 2957 ἁν-

499 2995 707 3069 θρὼπῳ
735 2995 832 3068 [αἱ.
867 2996 1201 3069 ἀνθρώπων]
1230 2995 1714 3058 καταδουλοῦντες,
1739 2995 1791 3048 τί
1825 2995 2081 3066 ἁμαρτά-

495 3106 697 3156 νουσιν;
739 3090 1069 3161 ἱεροσυλίαν,
1095 3091 1237 3161 οὐχί.
1286 3089 1344 3143 'O
1369 3090 1479 3159 γάρ
1509 3088 1786 3158 ἱερόσυλος
1807 3129 1820 3154 ,
1859 3087 2010 3153 ἅπαξ
2042 3090 2075 3159 ἢ

495 3183 556 3238 τὸ
601 3182 739 3236 πολὺ
779 3181 860 3245 δὶς
895 3183 1018 3254 ἱερά
1051 3181 1286 3251 συλῆσαι
1313 3181 1588 3251 δυνηθεὶς,
1633 3175 1752 3235 εἶτα
1783 3182 2080 3253 κρατηθεὶς

497 3276 766 3345 ἐκολάσθη
801 3276 896 3328 καὶ
927 3273 1292 3345 ἐφυλακίσθη,
1329 3275 1424 3326 καὶ
1460 3275 1740 3328 πέπαυται
1770 3274 1830 3326 τὸ
1862 3275 2029 3328 κακόν
2057 3290 2076 3308 ο

496 3367 731 3420 ἐνταῦθα
771 3367 825 3420 δὲ
869 3367 1120 3436 διηνεκὲς
1159 3366 1222 3418 τὸ
1265 3366 1460 3430 κακὸν,
1488 3365 1582 3418 καὶ
1610 3366 1671 3417 τὸ
1693 3365 2078 3436 πλημμέλημα

495 3457 574 3528 τῷ
624 3459 725 3530 βίῳ
775 3460 942 3511 παντὶ
993 3457 1648 3529 συμπαρεκτεινὸμενονο
1695 3459 1792 3512 καὶ
1838 3459 1900 3512 οὐ
1941 3460 2079 3528 μετά

497 3547 688 3616 φόϐου,
723 3547 975 3616 καθάπερ
1009 3549 1146 3610 ἐκεῖ,
1183 3547 1258 3608 ὡς
1286 3546 1593 3616 ἁμάρτημα
1619 3545 1916 3616 δρώμενον,
1941 3545 2079 3602 ἀλλὰ

500 3639 639 3711 μετὰ
691 3641 1008 3712 παρρησίας
1050 3638 1503 3711 διενεργούμενον
1555 3641 1631 3702 ὡς
1663 3639 2074 3709 ἀναμάρτητον.

497 3731 565 3783 Τί
601 3727 696 3786 οὖν
733 3733 1112 3804 κληθήσεταις
1148 3729 1467 3796 πλεονεξίας
1498 3730 1783 3800 οὔμενουν.
1819 3733 1932 3803 Τὴν
1967 3733 2078 3800 γάρ

497 3824 635 3895 πρὸς
669 3825 793 3888 τοὺς
825 3824 1154 3894 ὁμοδούλους
1183 3823 1527 3886 πλεονεξίαν,
1558 3823 1586 3874 ὁ
1607 3823 1750 3884 θεῖος
1778 3823 2079 3886 ἀπόστολος

496 3917 714 3977 Παῦλος
743 3918 1168 3988 είδωλολατρίαν
1196 3918 1457 3972 ἐκάλεσεν
1481 3935 1494 3949 ο
1513 3916 1540 3969 ὃ
1575 3916 1670 3970 καὶ
1709 3915 2029 3986 ἑρμηνεύων
2050 3917 2078 3968 ὁ

498 4007 638 4072 θεῖος
665 4008 1078 4080 Χρυσόστομος,
1112 4007 1382 4076 πολλαχοῦ
1411 4025 1469 4060 τε
1497 4008 1592 4060 καὶ
1618 4009 1676 4060 ἑν
1702 4007 1778 4077 τῷ
1806 4007 2078 4060 ὀκτωκαι-

497 4099 709 4170 δεκάτῳ
736 4101 878 4167 λόγῳ
893 4104 992 4171 τῆς
1016 4100 1152 4171 προς
1169 4097 1451 4169 Ἐφεσίους
1488 4098 1830 4166 Ἐπιστολῆς,
1855 4100 1946 4151 καὶ
1970 4101 2080 4169 χεῖ-

503 4208 595 4260 ρον
643 4192 1069 4263 εἰδωλολατρίας
1122 4189 1430 4254 ἀπέδειξεν.
1482 4189 1545 4242 El
1589 4186 1682 4242 οὖν
1724 4191 1924 4260 ἠπρδς
1953 4191 2079 4253 τοὺς

499 4282 827 4352 ὁμοδούλους
855 4281 1169 4348 πλεονεξία,
1208 4284 1597 4354 εἰδωλολατρία
1630 4284 1798 4335 ἐστίν.
1849 4282 1914 4334 Ἥ
1942 4282 2079 4353 πρὸς

496 4373 630 4426 Θεὸν
674 4375 1053 4438 διαϐαίνουσα,
1099 4377 1155 4428 τί
1197 4375 1328 4430 ἄλλο
1364 4375 1832 4446 ὀνομασθήσεται,
1891 4375 1940 4427 εί
2001 4375 2078 4445 μὴ

498 4465 747 4533 ὰσέϐεια;
782 4467 844 4520 Et
877 4467 986 4539 γὰρ
1016 4469 1044 4520 ὁ
1068 4467 1130 4521 ἓν
1168 4485 1224 4521 τι
1259 4467 1368 4520 τῶν
1409 4468 1572 4520 θείων
1613 4467 1762 4532 ἅπαξ
1812 4469 2080 4533 κοινώσας

2183 1987 2457 2042 nunquam
2529 1976 2863 2032 desinentem
2929 1978 3118 2032 dicunt
3182 1977 3456 2047 gloriam;
3527 1995 3764 2048 eumque

2181 2065 2234 2120 in
2283 2067 2462 2123 medio
2507 2068 2592 2122 sui
2649 2084 2865 2140 semper
2900 2071 3122 2138 habent,
3181 2071 3334 2139 juxta
3389 2071 3756 2127 certissimam

2182 2155 2534 2226 divinamque
2595 2157 2767 2226 ipsius
2812 2159 3277 2229 promissionem:
3327 2157 3428 2214 Ubi
3457 2162 3594 2216 enim
3634 2172 3756 2215 sunt

2181 2250 2286 2302 duo
2337 2250 2418 2304 vel
2448 2259 2553 2304 tres
2604 2254 2906 2322 congregati
2939 2254 2993 2307 in
3023 2255 3235 2308 nomine
3278 2269 3412 2318 meo,
3451 2253 3647 2324 inquit,
3682 2253 3760 2307 ibi

2181 2357 2294 2394 sum
2320 2342 2373 2394 in
2407 2341 2578 2395 medio
2606 2359 2785 2396 eorum
2825 2345 2890 2398 '°.
2945 2345 3026 2399 Ad
3059 2345 3173 2401 hzec
3203 2346 3346 2400 sacri
3401 2345 3651 2416 variique
3678 2359 3766 2401 re-

2184 2435 2356 2500 ditus,
2387 2435 2572 2492 multis
2611 2437 2785 2492 modis
2836 2437 3076 2503 collecti,
3113 2439 3180 2493 ad
3215 2437 3606 2508 praedictorum
3625 2454 3762 2494 cou—

2182 2527 2509 2593 sistentiam,
2594 2529 3038 2597 permansionem
3116 2539 3168 2586 et
3223 2531 3760 2608 administrationem

2182 2621 2378 2684 coacti,
2413 2631 2574 2687 atque
2605 2636 2634 2674 a
2685 2621 2860 2676 beatis
2910 2623 3318 2688 possessoribus
3352 2623 3420 2676 ad
3475 2626 3578 2677 hoc
3621 2636 3758 2677 eon-

2183 2707 2404 2762 seerati.
2438 2705 2562 2763 "320
2601 2723 2730 2779 ergo
2753 2712 2935 2765 omnia
2960 2725 3116 2765 sacra
3149 2713 3438 2782 divinaque
3477 2729 3596 2782 quae
3632 2723 3764 2769 sunt

2182 2800 2549 2870 dicunturque
2593 2803 2941 2867 monaSteria,
2982 2806 3073 2874 qui
3101 2821 3130 2859 a
3164 2805 3275 2860 Deo
3305 2805 3558 2860 auferunt
3593 2807 3762 2860 conii-

2181 2894 2393 2958 denter,
2425 2905 2481 2950 et
2515 2895 2721 2950 homini
2748 2912 2844 2966 per
2886 2898 3086 2952 donum
3119 2899 3437 2968 subjiciunt,
3486 2900 3762 2968 quodnam

2181 2989 2533 3044 committunt
2588 2990 2921 3060 peccatum?
2952 2990 3354 3060 Sacrilegium?
3383 2989 3760 3059 Nequaquam.

2185 3079 2498 3150 Sacrilegus
2532 3083 2675 3136 enim
2729 3091 3019 3152 postquam
3049 3082 3216 3136 semel
3265 3092 3360 3136 aut
3408 3084 3475 3136 ad
3533 3082 3761 3136 inultum

2184 3173 2265 3228 bis
2296 3189 2451 3228 sacra
2515 3175 2744 3243 prmdari
2783 3175 2981 3244 potuit,
3014 3185 3197 3244 postea
3250 3175 3681 3244 comprehensus
3705 3174 3756 3227 in

2182 3277 2457 3318 carcerem
2491 3266 2693 3320 missus
2740 3275 2823 3321 est
2848 3280 2911 3320 ac
2942 3266 3182 3334 punitus,
3225 3266 3496 3335 desiitque
3522 3264 3759 3319 malum:

2180 3356 2269 3412 hic
2303 3367 2484 3410 autem
2517 3369 2837 3428 perpetuum
2885 3369 2968 3414 est
3000 3359 3227 3425 malum,
3287 3368 3341 3412 et
3373 3359 3627 3413 delictum
3667 3373 3765 3426 per

2183 3458 2348 3505 totam
2367 3448 2532 3504 vitam
2567 3460 2879 3517 protensum
2907 3467 2922 3516 ;
2970 3464 3144 3519 neque
3175 3464 3297 3504 cum
3327 3450 3546 3516 timore,
3574 3463 3762 3518 quein-

2177 3540 2469 3593 admodum
2540 3542 2672 3606 illic,
2740 3542 2912 3596 instar
2957 3542 3166 3612 peccati
3227 3551 3614 3612 perpetratum,
3667 3543 3763 3595 sed

2180 3646 2300 3686 cum
2337 3633 2530 3688 fiducia
2579 3643 2760 3688 actum
2795 3620 3050 3704 tanquam
3080 3636 3286 3704 peccati
3338 3636 3596 3689 immune.
3641 3633 3760 3700 Quo

2181 3731 2351 3798 igitur
2382 3731 2604 3785 nomine
2662 3730 3004 3786 donabitur?
3057 3731 3360 3784 Avaritia?
3417 3729 3758 3784 Nullatenus.

2180 3823 2316 3878 Nam
2357 3837 2482 3893 erga
2523 3838 2817 3879 conservos
2861 3822 3172 3888 avaritiam,
3199 3823 3418 3877 divinus
3469 3823 3762 3891 Apostolus

2182 3915 2396 3970 vocavit
2427 3916 2689 3971 idolorum
2739 3917 3051 3971 servitutem
3078 3917 3146 3970 “.
3180 3915 3335 3981 Quod
3387 3917 3761 3984 interpretans

2180 4008 2392 4063 divinus
2446 4006 2893 4075 Chrysostomus,
2926 4007 3112 4062 multis
3162 4007 3217 4061 in
3246 4006 3401 4072 locis,
3433 4017 3490 4062 et
3514 4007 3763 4061 oratiouna

2181 4098 2388 4153 decima
2439 4107 2629 4154 octava
2682 4098 2736 4152 in
2772 4099 3068 4170 Epistulam
3107 4101 3174 4155 ad
3236 4099 3527 4171 Ephesios,
3589 4098 3759 4153 etiam

2181 4190 2482 4245 idololatria
2534 4192 2660 4260 quid
2699 4191 2850 4261 pejus
2897 4207 3020 4247 esse
3059 4191 3476 4248 demonstravit.
3521 4190 3674 4257 Quod
3714 4190 3761 4244 si

2182 4298 2306 4352 erga
2377 4297 2672 4337 conservos
2722 4284 2974 4350 avaritia,
3024 4284 3291 4339 idolorum
3353 4285 3588 4339 servitus
3627 4293 3760 4347 est;

2177 4385 2301 4438 qua:
2337 4372 2401 4424 ad
2441 4374 2606 4426 Deum
2664 4375 2932 4441 pervenit,
2965 4373 3095 4441 quid
3151 4375 3294 4429 aliud
3325 4375 3559 4439 dicetur,
3598 4389 3760 4444 quam

2185 4463 2476 4533 impietas?
2528 4465 2664 4519 Nam
2704 4469 2746 4520 si
2785 4467 2879 4522 ille
2901 4466 2989 4535 qui
3026 4481 3077 4521 e.
3112 4469 3277 4522 rebus
3311 4468 3510 4522 divinis
3562 4482 3759 4538 quam-

496 4558 529 4625 ἦ
560 4557 927 4629 καθυϐρίσας,
953 4553 1068 4614 οἷον
1093 4559 1261 4628 ἁγίαν
1287 4559 1500 4624 είκόνα,
1529 4559 1562 4629 ἢ
1593 4561 1739 4629 ἱερὸν
1767 4561 2075 4630 κειμήλιον,

2183 4551 2326 4620 piam
2369 4553 2536 4608 semel
2579 4555 2951 4624 profanaverit
2984 4565 3077 4610 aut
3106 4558 3429 4612 tractaverit
3475 4565 3765 4612 contume-

495 4649 530 4719 ἢ
560 4651 824 4720 χρήματα
861 4653 984 4723 ίερά
1027 4653 1272 4725 μερικῶς
1305 4651 1726 4721 νοσφισάμενος,
1778 4651 2076 4722 θεοστυγὴς

497 4742 592 4795 καὶ
622 4742 974 4812 κατάκριτος,
1007 4744 1096 4797 διὰ
1135 4744 1196 4798 τὸ
1224 4743 1322 4814 τὴν
1359 4741 1518 4813 ὕϐριν
1550 4743 1645 4795 ἐπὶ
1673 4743 1765 4795 τὸν
1795 4743 1928 4796 Θεὸν
1956 4743 2074 4795 διας

497 4829 727 4898 ϐαίνειν,
765 4831 956 4904 ὥσπερ
992 4832 1086 4886 καὶ
1115 4831 1217 4904 τὴν
1262 4834 1432 4904 τιμήν
1462 4849 1477 4866 ο
1523 4834 1619 4887 καὶ
1669 4833 1950 4901 βεϐαιοῦσι
1985 4833 2076 4888 τὸν

495 4919 678 4988 λόγον,
735 4922 794 4976 ὲν
837 4924 938 4992 μὲν
989 4926 1058 4995 τῇ
1113 4924 1347 4996 Παλαιᾷ,
1397 4923 1536 4993 πρὸς
1585 4927 1700 4989 τοῖς
1752 4925 1936 4989 ἄλλοις
1981 4925 2076 4978 καὶ

499 5013 680 5084 Ἀχαρ
708 5013 844 5085 (12),
889 5016 956 5069 ὲκ
996 5015 1108 5069 τῶν
1161 5016 1239 5087 τῷ
1286 5015 1407 5086 Θεῷ
1456 5017 1895 5089 ἀνατεθειμένων
1927 5018 2075 5085 ἅπαξ

495 5104 803 5172 κεκλοφὼς,
829 5105 925 5159 καὶ⁸
957 5103 1064 5160 ὑπὸ
1095 5105 1193 5159 τοῦ
1228 5104 1362 5159 λαοῦ
1390 5107 1615 5160 πανοικὶ
1640 5107 2033 5170 καταλευσθείς
2056 5123 2071 5138 ο

495 5193 554 5246 ἐν
585 5195 644 5249 δὲ
669 5199 736 5268 τῇ
768 5199 969 5270 Καινῇ,
1008 5197 1262 5264 Ἁνανίας
1284 5199 1380 5253 καὶ
1410 5198 1720 5270 Σάπφειρα,
1757 5199 1822 5252 ἐκ
1853 5199 1964 5253 τῶν
1996 5199 2074 5270 τῷ

569 5354 613 5388 ⁸³
647 5353 798 5411 Psal.
841 5372 1036 5426 uvnt,
1070 5359 1124 5414 9.
1201 5357 1247 5390 ¹⁰
1284 5355 1640 5424 Matth.xvm,
1689 5356 1782 5412 20.

1860 5358 1903 5390 ¹¹
1939 5357 2135 5429 Ephes.
2164 5374 2219 5424 v,
2263 5361 2316 5416 5.

2179 4643 2336 4711 liose,
2388 4645 2535 4701 verbi
2568 4649 2743 4717 gratia
2769 4656 3013 4703 sanctam
3047 4648 3361 4720 imaginem,
3385 4665 3603 4706 sacrum
3639 4667 3754 4716 vas,

2179 4737 2262 4791 vel
2306 4740 2562 4806 pecunias
2601 4755 2786 4795 sacras
2833 4754 2896 4795 ex
2951 4750 3106 4812 parte
3139 4743 3400 4812 rapuerit,
3427 4742 3536 4798 Deo
3561 4759 3762 4799 exosus

2180 4841 2243 4881 ac
2271 4843 2398 4883 reus
2434 4840 2534 4894 est,
2567 4846 2631 4886 eo
2663 4833 2802 4901 quod
2831 4834 3154 4890 contumelia
3197 4838 3265 4890 ad
3296 4834 3463 4888 Deum
3491 4842 3762 4902 transeat,

2181 4933 2314 4979 utet
2360 4927 2566 4982 honor:
2603 4943 3024 4999 sermonemque
3075 4931 3423 4998 conﬁrmant,
3478 4934 3532 4987 in
3581 4932 3762 4988 Veteri

2179 5018 2397 5086 quidem
2449 5021 2820 5087 Testamento,
2851 5038 2974 5078 cum
3009 5024 3132 5078 aliis
3164 5025 3326 5079 etiam
3357 5025 3558 5092 Achar,
3592 5025 3684 5094 qui
3731 5039 3762 5077 e

2182 5111 2293 5164 Deo
2325 5111 2516 5166 dicatis
2543 5114 2713 5168 semel
2770 5114 3000 5181 furatus,
3033 5131 3062 5170 a
3090 5117 3288 5187 papulo
3316 5132 3436 5172 cum
3467 5128 3574 5172 tota
3599 5116 3762 5171 domo

2181 5201 2449 5271 lapidatus
2469 5214 2550 5258 est
2571 5205 2616 5234 “
2641 5223 2655 5272 ;
2677 5206 2732 5260 in
2754 5205 2904 5262 Novo
2930 5219 3131 5277 autem,
3157 5209 3398 5266 Ananias
3419 5218 3472 5265 et
3506 5208 3760 5278 Saphira,

2430 5363 2473 5392 ²²
2507 5358 2670 5417 Josue
2703 5378 2799 5431 vn,
2829 5365 2852 5418 l
2879 5380 3032 5436 seqq.

1639 5498 1822 5560 Joan.
1858 5499 2034 5577 Bapt.
2073 5500 2371 5562 Cotelerii
2406 5511 2591 5566 nota).

568 5644 680 5714 (i2)
708 5643 907 5714 "Axap.
931 5643 1193 5700 Notabam
1210 5645 1276 5700 ad
1297 5643 1709 5699 Constitutiones
1724 5645 2061 5713 apostolicus.

494 5711 668 5786 nunc
702 5711 876 5786 locum
920 5714 1299 5786 rChrysostomi
1356 5717 1501 5770 hom.
1551 5711 1954 5786 Ξέὖνίιι-Ερίδῑ.
2004 5719 2069 5771 ad

499 5783 656 5838 llom.
693 5783 930 5838 conferri
958 5783 1116 5838 velim
1145 5799 1267 5838 cum
1315 5787 1457 5850 aliis,
1497 5786 1588 5840 lib.
1644 5785 1716 5839 De
1743 5787 2064 5852 virginitate,

495 5868 616 5923 cap.
647 5855 738 5921 ‘24,
766 5856 912 5910 hom.
944 5855 995 5923 i,
1021 5855 1084 5910 de
1117 5853 1282 5908 verbis
1315 5855 1499 5924 Isaia',
1527 5857 1672 5910 hom.
1702 5857 1752 5910 in
1782 5859 2065 5910 secundum

2181 5649 2388 5726 Domini
2437 5653 2751 5721 adventum;
2785 5660 2933 5712 hom.
2970 5656 3057 5720 12,
3108 5657 3163 5710 in
3202 5657 3352 5720 Acta,
3385 5658 3439 5724 6,
3473 5659 3526 5713 in
3578 5657 3757 5726 Epist.
3803 5656 3811 5670 ’

2179 5721 2248 5772 ad
2282 5723 2574 5808 Ενιιςδὶοες
2602 5729 2653 5795 8,
2684 5730 2752 5781 ad
2785 5727 3019 5782 leessal.
3054 5740 3214 5798 atque
3244 5744 3308 5785 ex
3341 5721 3505 5785 iis'ad
3530 5721 3759 5786 examen

2177 5807 2366 5847 I'L‘VOCtl
2379 5807 2440 5851 ΓΙ.
