4088 6408
360 345 501 411 1125

1552 346 1882 412 JOANNIS
1924 348 2401 415 ANTIOCHENI

3497 361 3634 426 1136

354 476 420 515 ex
469 461 537 514 iis
588 457 949 531 qtueipsimet
997 455 1105 511 Deo
1159 464 1620 512 consecraverant
1668 455 1933 526 sull‘nratil

2051 459 2171 531 Θεῷ
2204 462 2312 516 ὑπὸ
2351 462 2560 518 τούτων
2609 466 2789 520 αὐτῶν
2836 469 3256 542 ἁφιερωθέντων
3299 476 3637 546 vos-statin:—

361 570 423 608 ac
455 554 616 609 morti
674 551 856 608 traditi
882 549 949 606 ’³.
1004 549 1259 616 Quinimo
1285 548 1329 603 si
1367 548 1665 617 diligenter
1706 563 1945 620 perpen-

352 650 476 713 θος,
505 662 611 702 non
643 661 765 715 qua:
806 643 900 698 Dei
926 651 1086 696 erant
1117 641 1367 697 videnlur
1403 641 1482 695 illi
1536 639 1816 707 suﬁ'urati,
1843 641 1942 697 sed

355 755 477 810 qua:
541 738 607 792 ad
653 735 993 793 Christianos
1045 732 1186 789 illius
1247 732 1513 802 temporis
1575 732 1987 804 pertinebant.’

357 834 464 900 Qui
504 832 647 887 enim
691 830 919 884 ditiores
947 837 1127 893 erant,
1189 827 1501 883 vendebant
1558 829 1940 899 possessiones

357 938 505 987 suas,
537 930 599 978 et
619 922 791 993 pretia
823 919 1133 989 aﬁ‘erentcs,
1170 921 1447 991 ponebant
1490 918 1558 973 ad
1610 921 1775 990 pedes
1806 934 1942 988 apo-

355 1016 655 1081 stolorum;
705 1029 734 1068 a
790 1013 989 1084 quibus
1037 1012 1379 1068 dividebatur
1405 1012 1638 1082 singulis
1667 1010 1944 1067 Christia-

356 1110 462 1173 nis,
497 1117 655 1179 prout
678 1106 875 1178 cuique
900 1121 1035 1177 opus
1063 1117 1184 1162 erat
1206 1105 1273 1160 “.
1304 1103 1694 1161 Verumtamen
1725 1111 1780 1159 et
1833 1102 1943 1159 Deo

354 1214 407 1257 et
434 1198 803 1265 apostolorum
823 1194 1078 1269 principi,
1126 1206 1186 1252 ut
1220 1195 1314 1251 Dei
1353 1196 1623 1251 bonorum
1657 1196 1941 1252 fraudato-

352 1311 443 1352 res
492 1292 661 1349 habiti
726 1300 898 1357 sunt;
946 1289 1112 1360 idque
1159 1288 1396 1344 merito:
1453 1287 1525 1343 ob
1577 1289 1681 1343 hoc
1742 1289 1941 1359 quippe

352 1389 518 1444 etiam
580 1383 933 1441 condemnati
987 1390 1134 1439 sunt.
1195 1381 1253 1436 Si
1280 1396 1411 1452 ergo
1444 1381 1521 1435 illi
1555 1381 1647 1452 qui
1689 1382 1755 1436 de
1811 1396 1939 1452 pro-

352 1482 488 1550 priis
544 1477 961 1540 lraudaverant,
1004 1474 1177 1545 puniti
1234 1482 1361 1529 sunt
1404 1473 1551 1528 hunc
1585 1474 1638 1528 in
1676 1474 1935 1540 modum;

246 1570 251 1575 ”
351 1573 444 1643 qui
470 1571 540 1627 ab
590 1570 713 1625 aliis
743 1568 854 1624 Deo
885 1567 1096 1638 ipsique
1148 1565 1361 1621 devotis
1393 1566 1706 1621 hominibus
1741 1581 1939 1622 conse-

351 1675 525 1731 crata,
564 1677 672 1718 non
733 1660 904 1717 semel
949 1666 1158 1714 tantum
1191 1658 1294 1714 sibi
1343 1668 1636 1729 seponunt,
1708 1659 1804 1715 sed
1835 1674 1935 1729 per

349 1769 524 1817 totam
559 1759 724 1814 vitam
782 1756 1052 1826 intrepide
1098 1761 1154 1809 et
1200 1769 1325 1810 cum
1396 1755 1547 1810 omni
1599 1755 1935 1811 conﬁdentia

351 1851 664 1917 comedunt,
714 1847 973 1919 quidnam
1013 1846 1308 1916 patientur,
1347 1861 1470 1901 cum
1509 1846 1634 1917 ipsi,
1669 1855 1782 1901 tum
1839 1844 1934 1915 qui

349 1960 416 2001 ea
469 1943 577 1999 illis
609 1939 930 1998 donavere?
971 1937 1130 2006 Quali
1178 1954 1284 1994 non
1315 1938 1460 2008 digni
1494 1948 1625 1996 sunt
1677 1940 1936 1994 condem-

348 2036 593 2102 natione,
639 2033 734 2104 qui
788 2031 974 2088 omnia
1025 2030 1191 2087 simul
1236 2032 1552 2103 profanant,
1599 2030 1933 2086 contumelia

350 2129 597 2186 afﬁciunt
639 2126 869 2198 jugiter,
935 2138 1002 2180 ac
1055 2123 1439 2192 suﬁ'urantur;
1498 2139 1600 2180 nec
1655 2124 1709 2179 in
1768 2139 1934 2178 unum

348 2219 771 2286 monasterium,
812 2217 898 2274 vel
959 2217 1092 2287 duo,
1132 2217 1216 2274 vel
1272 2219 1483 2284 decem,
1538 2217 1624 2273 vel
1691 2228 1933 2284 centum,

341 2313 705 2384 petulantiam
758 2310 1046 2377 exhibent,
1074 2364 1075 2367 η
1103 2309 1199 2366 sed
1230 2310 1285 2365 in
1322 2311 1567 2367 cuncta?
1615 2310 1760 2365 Tum
1792 2311 1837 2365 si
1884 2311 1935 2365 ei

349 2409 442 2478 qui
475 2420 637 2461 unum
684 2402 859 2460 ﬁdelis
889 2402 1131 2457 animam
1177 2401 1653 2464 scandalizaverit,
1681 2399 1926 2471 expedit,

344 2498 648 2557 secundum
697 2496 794 2552 Dei
828 2508 1017 2550 vocem
1049 2493 1118 2562 ",
1154 2503 1214 2549 ut
1234 2493 1375 2550 mola
1429 2494 1669 2550 asinaria
1699 2508 1934 2561 suspen-

344 2597 517 2649 datnr
546 2593 601 2647 in
634 2589 775 2647 collo
821 2587 963 2659 ejus,
1016 2593 1073 2641 et
1123 2587 1473 2658 demergatur
1504 2588 1557 2641 in
1604 2584 1934 2656 profundum

342 2683 551 2753 maris;
598 2683 744 2755 quod
783 2696 892 2736 non
929 2686 1175 2734 meretur
1223 2678 1586 2750 supplicium,‘
1617 2678 1709 2747 qui
1769 2678 1934 2731 innu-

348 2794 557 2835 meram
611 2775 1004 2833 monachorum
1048 2772 1475 2843 monialiumque
1506 2771 1932 2839 multitudinem,

339 2887 453 2928 non
485 2869 644 2927 modo
675 2867 1013 2926 scandalizat
1047 2880 1284 2935 semper,
1338 2864 1435 2920 sed
1495 2863 1675 2934 perdit
1730 2862 1932 2933 plene;

340 2964 604 3021 homines
632 2977 795 3034 super
836 2961 1018 3033 capita
1048 2974 1239 3016 eorum
1272 2958 1562 3024 inducens,
1597 2956 1934 3026 eosdemque

340 3072 658 3129 eorumque
699 3064 896 3112 cuncta
936 3056 1044 3111 illis
1099 3053 1323 3109 tradens
1378 3052 1435 3107 in
1486 3047 1860 3106 servitutem?

417 3149 536 3205 XII.
571 3148 837 3219 Quodque
864 3147 1109 3203 omnium
1165 3145 1460 3215 pessimum
1510 3150 1594 3198 est
1626 3142 1800 3211 ipsam
1846 3153 1936 3195 ec-

345 3241 666 3298 clesiasticae
692 3239 1409 3310 disciplina:legislationem
1443 3237 1669 3290 innovat
1696 3234 1933 3291 confun-

345 3335 535 3404 ditquo
570 3333 686 3389 hate
738 3334 982 3388 vesania.
1042 3330 1138 3385 illa
1195 3331 1362 3395 enim,
1423 3338 1664 3400 utsupra
1719 3330 1933 3385 dictum

342 3428 476 3496 luit,
496 3437 630 3498 post
669 3425 963 3483 sacerdotii
989 3424 1202 3479 divinas
1240 3421 1670 3480 constitutiones
1701 3431 1757 3478 et
1796 3438 1929 3479 con-

346 3522 707 3587 secrationes,
766 3518 953 3575 statim
1014 3516 1404 3573 monachorum
1438 3514 1761 3571 collocavit
1799 3530 1932 3571 con-

344 3613 712 3672 secrationem
743 3628 808 3668 ac
840 3612 1237 3667 institutionem
1266 3594 1301 3674 ;’
1347 3609 1582 3679 indeque
1616 3608 1924 3665 ﬁdelissimi

347 3705 554 3778 populi.
608 3702 733 3759 "£0
778 3718 931 3771 vero,
982 3703 1365 3759 conturbando
1405 3701 1668 3758 Ecclesiae
1698 3717 1925 3774 corpus,

345 3795 630 3851 monachis
654 3793 1002 3865 superposuit
1034 3793 1225 3861 laicos,
1275 3791 1430 3847 laicis
1480 3792 1713 3862 subjecit
1744 3808 1932 3848 mona-

343 3889 498 3944 chos.
561 3887 737 3944 Porro
765 3886 1065 3943 Ecclesium
1108 3884 1340 3951 Christi,
1398 3900 1597 3955 corpus
1630 3886 1750 3956 ejus
1773 3900 1920 3953 esse,

343 3981 608 4052 illumque
643 3995 742 4050 pro
778 3995 842 4035 ea
888 3994 1045 4035 suum
1102 3978 1362 4035 effudisse
1391 3981 1927 4048 sanguinem,nemo

336 4070 538 4126 nescit.
571 4067 633 4124 Ei
659 4079 840 4125 autem
878 4072 969 4141 qui
1006 4069 1305 4126 Ecclesium
1361 4068 1459 4122 Dei
1491 4068 1800 4136 offenderit,
1832 4086 1927 4126 ne-

341 4175 450 4229 que
507 4160 756 4231 martyrii
829 4161 1074 4228 sanguis,
1122 4159 1278 4229 juxta
1327 4156 1711 4230 Theophorum
1772 4159 1928 4231 lgna-

344 4253 509 4317 tium,
541 4251 855 4306 adveniam
885 4251 1100 4307 suﬁicit.

414 4325 559 4399 Xill.
608 4341 704 4397 Sin
753 4351 934 4397 autem
972 4342 1231 4409 dixerint,
1257 4352 1315 4395 ut
1344 4344 1918 4417 eonsistantintegra-

343 4450 451 4507 que
504 4443 868 4505 permaneant
895 4434 1011 4488 dari
1040 4435 1372 4489 monasteria
1397 4474 1412 4498 ,
1443 4436 1588 4492 illico
1617 4438 1762 4491 clara
1798 4454 1929 4495 voce

1959 3170 2006 3236 C

2055 570 2161 620 νοι,
2212 556 2311 609 καὶ¹
2360 558 2438 628 τῷ
2494 557 2713 631 θανάτῳ
2763 564 3199 632 παραδοθέντεςο
3233 567 3439 638 μᾶλλον
3472 569 3528 624 δὲ
3558 570 3640 641 τῷ

2050 645 2444 720 ἀκριϐέστερον
2475 651 2806 718 ὲξετάζοντι,
2843 655 2903 708 οὐ
2930 657 2996 709 τὰ
3024 654 3119 710 τοῦ
3147 658 3283 711 Θεοῦ
3317 660 3522 714 ὲκεινοι
3546 662 3638 716 δο-

2052 735 2214 790 κοῦσι
2245 740 2633 810 νοσφίσασθαι,
2662 744 2799 797 ἀλλὰ
2829 746 2940 800 τῶν
2977 748 3102 802 τότε
3132 750 3504 822 Χριστιανῶν.
3544 754 3636 807 Δι-

2049 833 2398 904 επίπρασκον
2415 834 2525 905 γὰρ
2554 835 2603 888 οἱ
2633 835 3029 911 πλουσιώτεροι
3054 838 3151 905 τὰς
3182 842 3406 912 κτήσεις
3428 842 3634 911 αὐτῶν,

2049 923 2147 976 καί⁵
2174 923 2436 994 φέροντες
2475 927 2576 990 τὰς
2613 929 2807 998 τιμὰς,
2852 930 3071 985 ἐτίθουν
3112 932 3267 1003 παρά
3303 933 3431 999 τοὺς
3469 934 3637 1000 πόδας

2048 1015 2160 1070 τῶν
2197 1016 2539 1085 ἀποστόλων,
2565 1020 2659 1073 καὶ
2692 1021 2784 1074 ὑπ’
2813 1022 2994 1077 αὐτῶν
3020 1023 3279 1079 διεδίδπο
3294 1027 3514 1099 ἑκάστῳ
3527 1030 3637 1084 τῶν

2047 1107 2417 1179 Χριστιανῶν,
2444 1112 2637 1167 καθότι
2660 1113 2726 1169 ἄν
2741 1131 2827 1179 τις
2853 1115 3049 1186 χρείαν
3083 1111 3253 1189 εἶχεν.
3295 1118 3492 1190 Ὅμως
3540 1120 3638 1176 καὶ

2046 1199 2123 1270 τῷ
2163 1202 2306 1274 Θεῷ,
2351 1205 2448 1259 καὶ
2500 1206 2578 1276 τῷ
2626 1208 2914 1278 κορυφαίῳ
2944 1209 3054 1263 τῶν
3086 1210 3428 1274 ἀποστόλων,
3461 1211 3536 1275 ὡς
3567 1212 3639 1266 τά

2044 1293 2140 1347 τοῦ
2171 1294 2308 1348 Θεοῦ
2337 1301 2731 1370 νοσφισάμενοι
2761 1300 3134 1373 ἐνομίσθησαν
3161 1318 3173 1330 ·
3191 1304 3287 1356 καὶ
3321 1304 3470 1373 μάλα
3490 1303 3637 1355 εἰκό-

2045 1402 2175 1450 τωςο
2195 1386 2283 1441 διὰ
2316 1387 2427 1460 γὰρ
2461 1389 2620 1443 τοῦτο
2649 1391 2744 1445 καὶ
2772 1392 3207 1464 κατεκρίθησαν.
3238 1393 3300 1446 Ei
3318 1392 3412 1447 οὖν
3430 1395 3634 1447 ἐκεῖνοι

2045 1475 2109 1529 ὲκ
2141 1477 2250 1531 τῶν
2281 1479 2504 1535 οἰκείων
2538 1482 2938 1552 νοσφισάμενοι
2961 1523 2977 1550 ,
3010 1483 3186 1549 οὕτως
3215 1484 3597 1558 ἐκολάσθησαν
3618 1499 3632 1515 ⁸

2043 1569 2094 1621 οἱ
2120 1570 2189 1623 τὰ
2212 1571 2347 1642 παρ’
2376 1573 2582 1646 ἑτέρων
2616 1575 2695 1647 τῷ
2724 1575 2843 1647 Θεῷ
2878 1578 2976 1631 καὶ
3009 1581 3125 1643 τοῖς
3159 1577 3313 1650 αὐτῷ
3337 1580 3635 1649 ἀνακειμέ-

2043 1678 2155 1726 νοις
2184 1664 2590 1736 ἀφιερωθέντα,
2615 1667 2677 1721 οὐ
2699 1669 2863 1739 μόνον
2886 1668 3037 1737 ἅπαξ
3054 1673 3471 1745 νοσφισάμενοι,
3495 1673 3634 1728 ἀλλά

2043 1758 2133 1812 διὰ
2160 1758 2345 1829 πάσης
2381 1759 2528 1833 ζωῆς
2567 1762 2743 1827 ἀδεῶς
2783 1765 2880 1819 καὶ
2927 1765 3069 1835 μετὰ
3098 1768 3283 1838 πάσης
3314 1766 3633 1839 παρρησίας

1971 1832 2013 1888 Β
2043 1850 2452 1921 κατεσθίοντες,
2499 1854 2553 1907 τί
2586 1857 2893 1924 πείσονται,
2930 1858 3088 1913 αὐτοί
3127 1876 3190 1913 τε
3238 1860 3335 1915 καὶ
3369 1861 3419 1913 οἱ
3457 1859 3634 1914 ταῦτα

2039 1940 2256 2008 τούτοις
2287 1941 2657 2016 δωρούμενοι;
2692 1946 2861 2012 Ποίας
2894 1950 2997 2002 οὐκ
3029 1949 3173 2016 ἄξιοι
3219 1949 3631 2020 κατακρίσεως,

2038 2036 2089 2088 οἱ
2120 2034 2305 2090 πάντα
2334 2037 2473 2108 ὁμοῦ
2505 2038 2822 2105 κοινοῦντες
2854 2043 2949 2096 καὶ
2978 2042 3408 2115 καθυϐρίζοντες
3451 2043 3631 2113 διηνε-

2039 2128 2151 2193 κῶς
2182 2129 2278 2184 καὶ
2304 2131 2726 2202 νοσφιζὸμενοι,
2765 2134 2860 2188 καὶ
2894 2134 2995 2189 οὐκ
3022 2135 3105 2200 είς
3134 2134 3193 2190 ἓν
3237 2138 3628 2207 μοναστήριον,

2038 2220 2267 2292 ἢόύο,ἢ
2296 2222 2454 2291 δέκα,
2489 2225 2523 2296 ἢ
2550 2226 2779 2294 ἑκατὸν,
2813 2227 2916 2299 τὴν
2954 2229 3247 2300 παροινίαν
3277 2229 3629 2299 ἐνδεικνύμε-

2038 2331 2141 2382 νοι,
2179 2315 2298 2369 ἀλλ’
2328 2319 2409 2381 είς
2442 2318 2700 2389 ἃπαντα;
2739 2320 2837 2375 καὶ
2866 2324 2917 2376 εί
2962 2324 2992 2377 ὁ
3027 2322 3159 2393 μίαν
3214 2322 3409 2378 πιστοῦ
3448 2324 3630 2396 ψυχὴν

2040 2408 2423 2475 σκανδαλίσας,
2455 2414 2733 2487 συμφέρει
2750 2413 3082 2485 αὐτῷ,κατὰ
3105 2414 3205 2486 τὴν
3240 2414 3394 2470 θείαν
3419 2415 3625 2487 φωνὴν,

2042 2497 2211 2568 μόλον
2243 2500 2428 2555 ὁνικὸν
2461 2486 2854 2574 κρεμασθῆναι
2888 2507 2970 2569 εἰς
3005 2505 3100 2560 τὸν
3127 2505 3401 2578 τράχηλον
3435 2486 3626 2573 αὑτοῦ,

2040 2593 2136 2645 καὶ
2167 2595 2675 2667 καταποντισθῆναι
2701 2597 2760 2652 ἐν
2790 2596 2869 2668 τῷ
2917 2596 3150 2668 πελάγει
3177 2598 3277 2669 τῆς
3312 2598 3626 2668 θαλάσσης’

2037 2671 2232 2748 ὁποίας
2258 2686 2359 2739 οὐκ
2402 2686 2553 2754 ἄξιος
2584 2689 2996 2761 κατακρίσεως,
3038 2692 3069 2745 ὀ
3098 2690 3170 2744 τὰ
3212 2691 3417 2761 ἄπειρα
3445 2689 3627 2762 πλήθη

2038 2776 2151 2828 τῶν
2186 2779 2437 2848 μοναχῶν
2464 2781 2562 2835 καὶ
2596 2781 2988 2851 μοναζουσῶν,
3020 2784 3081 2837 οὐ
3132 2784 3294 2854 μόνον
3337 2783 3424 2838 ἀεὶ
3459 2800 3628 2836 σκαν-

2037 2863 2295 2933 δαλίζων,
2321 2867 2461 2922 ἀλλὰ
2490 2869 2713 2935 τελείως
2744 2871 2986 2935 auom;
3011 2886 3025 2901 ⁶
3058 2872 3383 2943 ἀνθρώπους
3406 2872 3502 2926 ἐπὶ
3528 2870 3629 2935 τὰς

2039 2955 2287 3025 κεφαλὰς
2313 2958 2494 3013 αὐτῶν
2517 2960 2879 3028 ὲπιὸιϐάζων,
2924 2963 3020 3016 καὶ
3049 2963 3405 3018 καταδουλῶν
3442 2962 3629 3025 αὐτοῖς

2041 3047 2142 3121 [αι.
2174 3049 2434 3124 τούτοι;],
2470 3052 2670 3118 αὐτούς
2711 3070 2769 3108 τε
2803 3056 2897 3109 καὶ
2929 3056 3149 3110 ἅπαντα
3187 3057 3256 3110 τά
3287 3056 3504 3125 αὐτῶν;

2114 3139 2205 3214 ιβ’.
2246 3143 2321 3197 Τὸ
2352 3143 2409 3197 δὲ
2449 3145 2671 3200 πάντων
2721 3147 3022 3218 χείριστον,
3073 3149 3241 3204 αὐτὸν
3268 3148 3366 3221 τὴν
3391 3150 3494 3220 τῆς
3531 3152 3626 3207 ὲκ-

2037 3234 2441 3306 κλησιαστικῆς
2477 3237 2738 3302 εὐταξίας
2767 3237 3134 3309 θεσμοθεσίαν
3174 3244 3491 3312 καινοτομεί
3527 3241 3625 3296 καὶ

2038 3326 2322 3398 συγχέειή
2358 3327 2529 3398 μανία
2557 3327 2722 3401 αὕτη.
2769 3329 2987 3402 Ἐκείνη
3019 3333 3153 3403 γὰρ,
3191 3330 3267 3394 ὡς
3295 3332 3506 3385 ἄνωθεν
3543 3332 3624 3387 εί-

2040 3435 2229 3492 ρηται,
2261 3419 2402 3491 μετά
2432 3420 2532 3485 τὰς
2566 3423 2666 3494 τῆς
2692 3423 2999 3494 ἱερωσύνης
3030 3423 3183 3488 θείας
3216 3425 3404 3492 τάξεις
3432 3442 3493 3479 τε
3520 3425 3617 3479 καὶ

2033 3511 2371 3577 τελειώσεις,
2399 3513 2562 3578 εὐθὺς
2596 3514 2694 3587 τὴν
2725 3515 2836 3569 τῶν
2869 3518 3122 3587 μοναχῶν
3153 3518 3373 3584 tumes
3395 3517 3624 3572 τελείω-

2036 3604 2123 3661 σίν
2148 3622 2205 3658 τε
2231 3605 2324 3660 καὶ
2350 3603 2503 3670 τάξιν
2527 3622 2541 3636 ο
2579 3606 2779 3662 ἔπειτα
2823 3611 2926 3678 τὴν
2956 3609 3054 3664 τοῦ
3103 3611 3431 3666 πιστοτάτου
3462 3608 3619 3666 λαοῦ.

2032 3697 2183 3770 Αὕτη
2235 3698 2293 3751 δὲ
2326 3699 2386 3752 τὸ
2421 3699 2583 3770 σῶμα
2626 3701 2726 3772 τῆς
2780 3702 3110 3772 Ἐκκλησίας
3147 3703 3621 3773 συνταράσσουσα,

2033 3792 2330 3846 ὲπεὸίϐασε
2349 3796 2458 3858 τοῖς
2486 3798 2741 3867 μοναχοίς
2762 3797 2890 3860 τοὺς
2916 3796 3140 3860 λαῖκούς
3159 3811 3175 3828 ⁸
3192 3798 3303 3860 τοῖς
3325 3796 3383 3849 δὲ
3411 3794 3622 3859 λαῖκιῖς

2034 3885 2274 3952 ὑπέταξε
2321 3888 2453 3949 τοὺς
2500 3888 2801 3959 μοναχούς.
2831 3889 2957 3943 Ὅτι
3006 3889 3064 3944 δὲ
3107 3891 3269 3961 σῶμα
3304 3889 3549 3961 Χριστοῦ
3585 3890 3620 3958 ἡ

2046 3978 2351 4049 Ἐκκλησία
2382 3979 2551 4034 αὐτοῦ
2582 3981 2723 4046 ἐστὶ,
2752 3981 2849 4034 καὶ
2874 3981 3017 4054 ὑπὲρ
3041 3982 3214 4053 αὐτῆς
3232 3982 3293 4036 τὸ
3324 3983 3457 4038 ἴδιον
3479 3976 3622 4055 αἷμα

2032 4071 2276 4142 ἐξέχεεν,
2334 4072 2514 4137 οὐδεὶς
2561 4073 2771 4141 ἀγνοεῖ.
2840 4075 2932 4146 Τῷ
2999 4076 3057 4129 δὲ
3103 4074 3436 4147 Ἐκκλησίαν
3481 4075 3620 4132 Θεοῦ

2039 4163 2485 4228 σκανδαλίσαντι,
2526 4165 2649 4218 οὐδὲ
2676 4167 2982 4238 μαρτυρίου
3012 4162 3176 4238 αἷμα,
3204 4167 3348 4223 κατά
3371 4169 3464 4223 τὸν
3487 4168 3624 4223 8'30-

2033 4256 2204 4326 φόρον
2251 4246 2538 4324 Ἰγνάτιον,
2571 4259 2735 4329 ἀρκεῖ
2768 4259 2849 4322 εἰς
2891 4259 3247 4332 συγχώρησιν
3278 4261 3418 4332 (15).

2107 4354 2200 4416 ιγ’.
2240 4347 2303 4401 Ei
2335 4348 2392 4402 δὲ
2429 4348 2667 4417 λέγοιεν,
2699 4351 2796 4404 ἐπὶ
2821 4353 3082 4404 συστάσει
3119 4351 3215 4405 καὶ
3244 4350 3479 4422 διαμονῆ
3510 4353 3621 4406 δω-

2037 4438 2252 4509 ρεῖσθαι
2302 4439 2371 4491 τά
2413 4440 2799 4512 μοναστήρια·
2831 4439 3034 4493 αὐτίκα
3082 4439 3251 4510 βοῶσι
3296 4440 3526 4511 λαμπρᾷ
3551 4442 3619 4512 τῇ

337 4529 679 4600 proclamant
715 4541 833 4597 qua:
863 4541 890 4581 a
920 4527 1314 4582 charisﬁcariis
1337 4543 1431 4582 seu
1456 4530 1846 4598 prmbendariis
1876 4543 1931 4586 et

2039 4534 2217 4601 φωνῇ,
2249 4530 2320 4584 τὰ
2353 4532 2459 4585 ὑπὸ
2482 4532 2593 4586 τῶν
2622 4530 3061 4604 χαριστικαρίων
3086 4532 3487 4588 καταλυθέντα”
3521 4537 3620 4587 καὶ

339 4621 708 4679 beneﬁciariis
758 4621 1038 4678 destructa
1082 4631 1236 4690 sunt,
1286 4637 1589 4692 eorumque
1620 4638 1726 4678 non
1757 4639 1927 4694 pauca

413 4778 461 4811 “
492 4778 617 4833 Act.
654 4792 708 4846 ν,
740 4777 764 4831 Ι
800 4792 952 4848 seqq.
1057 4778 1104 4808 “
1145 4775 1268 4831 Act.
1299 4792 1372 4843 tv,
1417 4778 1509 4841 54,
1556 4778 1645 4846 '55,

2034 4624 2242 4679 τούτων
2294 4625 2397 4678 οὐκ
2441 4625 2626 4694 ὀλίγα,
2676 4627 2761 4691 εἰς
2804 4625 3114 4697 προάστεια
3146 4627 3617 4698 μεταποιηθέντα.

1725 4780 1771 4812 ’⁸
1804 4779 1996 4836 Matth.
2033 4797 2192 4849 xvttt,
2224 4781 2275 4836 6.

1497 4922 1682 4983 Joan.
1714 4922 1894 5002 Bapt.
1939 4921 2250 4985 Cotelerii
2287 4929 2475 4985 notua.

417 5072 531 5145 (1'5)
568 5072 730 5128 Κατὰ
776 5071 884 5125 τὸν
926 5075 1227 5144 Θεοφόρον
1284 5074 1598 5145 Ἰγνάτιον,
1634 5074 1810 5142 ἀρκεῖ
1845 5076 1933 5142 εὶς

417 5141 759 5198 νγιγώοησιν.
781 5140 923 5197 Nihil
949 5146 1053 5198 tale
1075 5147 1268 5198 lcaitur
1290 5145 1344 5198 in
1371 5147 1613 5198 epistolis
1637 5146 1693 5198 ὃ.
1715 5145 1930 5198 lanatii.

2037 5093 2184 5143 posse
2221 5075 2395 5130 delere
2420 5076 2516 5129 Ιιοε
2538 5085 2849 5198 Βεεοαιαηι.
2877 5076 3084 5144 Quibus
3125 5079 3257 5134 satis
3291 5081 3619 5150 respondent

2037 5148 2133 5198 ista
2156 5147 2211 5198 S.
2232 5145 2516 5198 Cvnriani.
2589 5163 2614 5198 e
2632 5150 2831 5198 unitate
2843 5144 3096 5198 Erclesia?
3119 5165 3138 5198 :
3163 5146 3312 5198 Tales
3329 5153 3441 5198 (niti
3467 5160 3616 5198 exh-:1

343 5140 759 5231 ςυγχώρῃσιν.
781 5140 923 5231 l‘iihil
949 5140 1053 5231 tale
1075 5140 1268 5231 legitur
1290 5140 1350 5228 in
1371 5147 1613 5231 epistolis
1715 5140 1930 5231 Egnatii.

343 5215 453 5271 Sed
488 5232 516 5268 a
545 5214 932 5285 Chrysostomo
966 5213 1148 5269 hom.‘
1172 5216 1259 5279 ll,
1299 5217 1353 5269 in
1402 5214 1572 5281 Epist.
1608 5218 1676 5269 ad
1711 5213 1928 5285 Eplies.,

342 5286 437 5340 ubi
495 5283 691 5356 contra
735 5283 982 5356 schisma
1030 5286 1270 5351 disserit,
1329 5285 1525 5340 similia
1580 5283 1932 5356 proferuntur

341 5366 600 5424 tanquam
651 5354 749 5408 viri
791 5353 1074 5424 cujusdam
1104 5357 1313 5424 sancti,
1357 5356 1516 5424 cujus
1570 5353 1764 5410 {intueri
1818 5371 1925 5411 nou

343 5423 656 5495 apphnitur.
696 5424 863 5495 ’_Avi_;p
888 5423 947 5476 δέ
974 5442 1057 5487 τις
1086 5423 1263 5491 ἅγιος,
1291 5423 1465 5493 inquit
1497 5427 1685 5480 beatus
1711 5426 1925 5489 doctor,

342 5493 467 5548 εἶπέ
487 5513 539 5548 τι
568 5493 757 5565 δοκοῦν
779 5493 919 5548 εἶναι
944 5495 1238 5565 τολμηρὸν,
1270 5496 1406 5565 πλὴν
1425 5494 1544 5550 ἀλλ’
1565 5497 1714 5565 ὅμως
1732 5496 1930 5565 ἐφθέγ-

343 5565 494 5636 ξατο.
557 5564 735 5636 Τίγδὲ
788 5565 966 5636 τοῦτόῌ
996 5560 1179 5631 ἐστιν;
1230 5560 1375 5636 Ουδὲ
1426 5560 1730 5636 μαρτυρίου
1773 5560 1930 5635 ἀἷμα

340 5635 548 5703 ταύτην
595 5635 860 5690 δύνασθαι
908 5632 1213 5703 ἐξαλείφειν
1258 5635 1357 5704 τὴν
1416 5632 1729 5705 ἀμάρτίανς
1779 5632 1925 5690 οἱαὶι

339 5716 516 5760 autem
560 5706 638 5776 rgir
675 5708 891 5775 quidam
936 5715 1153 5759 sanctus
1198 5705 1452 5775 quiddam
1492 5706 1630 5774 quod
1680 5722 1926 5776 magnam

340 5791 452 5843 pra:
483 5789 534 5826 se
567 5774 665 5842 fert
690 5774 1015 5840 audaciam;
1046 5778 1136 5829 sed
1175 5774 1347 5829 tamen
1388 5785 1460 5828 est
1489 5777 1745 5830 elocrdus.
1771 5774 1925 5841 Quid

341 5845 437 5901 hoc
467 5855 540 5899 est
570 5846 779 5899 autem?
810 5847 955 5898 Dim
991 5862 1051 5900 ne
1086 5848 1391 5916 sanguinem
1430 5846 1638 5914 quidem
1681 5850 1923 5919 martyrii

2034 5145 2516 5220 ista_S._C_ypr_iani,
2538 5144 2614 5200 De
2632 5150 2831 5220 unitate
2843 5144 3096 5220 Etclesiaz
3119 5165 3138 5202 :
3163 5146 3312 5204 Tales
3329 5144 3441 5220 (qui
3467 5160 3618 5205 extra

2030 5214 2233 5291 Qhristi
2266 5214 2566 5291 Ecclesium
2595 5217 2943 5291 colliguntur)
2977 5218 3188 5291 etiarnsi
3220 5214 3382 5274 occisi
3408 5223 3463 5274 in
3495 5236 3620 5273 con-

2030 5284 2258 5361 fessione
2312 5284 2801 5361 uatitinis‘fueriut,
2858 5284 3198 5361 macularista
3239 5306 3334 5361 nec
3361 5293 3617 5361 sanguine

2029 5358 2284 5411 abluitur.
2324 5356 2679 5428 lnexpiabilis
2706 5370 2755 5411 et
2788 5358 2965 5428 gravis
2998 5360 3154 5428 culpa
3191 5356 3492 5425 discordiw',
3523 5377 3614 5413 nec

2028 5428 2273 5500 passione
2309 5437 2590 5497 purgatur.
2635 5427 2767 5482 Esse
2794 5427 3019 5500 imarlyr
3060 5427 3162 5483 non
3200 5440 3393 5498 potest,
3428 5433 3517 5500 qui
3560 5432 3613 5483 iu

2029 5496 2273 5551 Ecclesia
2314 5496 2425 5551 non,
2449 5509 2547 5552 est.

2097 5566 2275 5642 ζωνία
2302 5570 2633 5642 martyribus
2673 5570 2798 5642 odia
2838 5580 3154 5637 reputantur
3189 5572 3245 5624 in
3282 5572 3453 5642 ignem
3484 5586 3504 5626 :

2100 5638 2397 5708 Qistruitur
2430 5650 2635 5708 martyr
2671 5641 2824 5707 cujus
2864 5649 2944 5694 est
2982 5642 3240 5708 confessio
3279 5638 3403 5695 talis
3435 5659 3456 5696 :

2096 5706 2322 5775 Expiari
2361 5706 2691 5762 malum—nec
2728 5706 2985 5780 sanguine
3024 5706 3144 5778 fuso
3184 5716 3421 5767 docetur.

2025 5778 2467 5847 Comutodianus,
2524 5781 2775 5835 instruct.
2825 5778 2893 5835 47
2944 5798 2957 5836 :
3006 5780 3150 5838 Luca
3215 5785 3271 5837 ὃ.
3326 5782 3611 5856 Augustini

2025 5849 2189 5903 inissa
2228 5848 2392 5903 facio.

2024 5864 2189 5905 missa
2228 5864 2392 5906 ιιιειο.
