4088 6410
439 451 577 518 1137

1241 448 1341 510 DE
1382 449 1911 514 MONASTERIIS
1952 449 2206 513 LAICIS
2249 452 2407 514 NON
2447 447 2912 513 TRADENDiS.

3520 408 3523 411 ’
3568 442 3705 509 1138

437 570 722 626 Συσταθὲν
782 570 840 623 δὲ
897 570 994 623 καὶ
1048 569 1442 624 ἀνακαινισθὲν
1488 574 1641 642 παρὰ
1701 590 2024 643 χαριστικα-

2134 578 2335 626 mutata
2384 572 2439 624 in
2479 568 2762 623 suburhia.
2791 563 3206 622 Coustabilitum
3236 577 3364 620 vero
3406 563 3711 620 acinstau-

440 666 560 737 ρίου
602 662 716 734 (14)
753 664 1160 733 μοναστήριον,
1197 665 1301 717 οὑκ
1339 662 1501 732 ἴσμεν
1536 665 1585 716 εί
1613 665 1972 735 εὑρεθήσεται
2005 681 2018 695 ·

438 760 578 814 ἀλλὰ
602 759 695 811 καὶ
718 758 767 810 εξ
794 757 1180 827 εὑρεθήσεται,
1218 758 1572 827 παρανομίας
1600 758 1775 827 δῶρον
1796 757 1930 820 Θεὸς
1961 758 2022 810 οὑ

440 851 752 922 προσίεται.
788 850 941 909 Τέως
978 852 1244 919 σήμερον,
1270 849 1337 902 τὰ
1359 848 1624 920 ἐλεύθερα
1647 848 1904 903 θάλλουσι
1932 849 2026 901 καὶ

437 943 741 997 ἐπιδιδόασι
761 958 778 974 ο
803 942 870 994 τὰ
903 942 961 995 δὲ
991 941 1180 1007 δοῦλα,
1218 939 1609 995 καταλύονται.
1646 942 1718 994 Σὺ
1746 939 1804 993 δὲ
1836 939 2023 1009 ὅμοιόν

438 1056 493 1091 τι
527 1038 728 1107 λέγεις,
784 1037 863 1107 τῷ
910 1038 1305 1106 διατεινομένῳ
1345 1038 1446 1107 τὴν
1500 1036 1730 1108 διηνεκῆ
1777 1034 2025 1088 δουλείαν

439 1131 730 1202 κρείττονα
758 1126 900 1183 εἶναι
925 1131 1028 1198 τῆς
1061 1130 1404 1199 ἐλευθερίας.
1436 1130 1562 1183 Ὀτι
1589 1130 1646 1183 δὲ
1680 1131 1780 1183 οὑκ
1812 1130 1903 1182 ἐπὶ
1933 1146 2025 1181 συ-

440 1221 632 1275 στάσει
653 1222 748 1275 καὶ
769 1222 1005 1291 διαμονῇ
1036 1222 1213 1275 ταῦτα
1236 1222 1567 1292 δωροῦνται.
1598 1222 1760 1292 δῆλον
1785 1221 2020 1275 ἐκεῖθεν.

443 1314 519 1369 Οὑ
557 1314 668 1385 γὰρ
703 1315 771 1368 τὰ
814 1313 1234 1384 καταλελυμὲνα
1277 1314 1581 1385 δωροῦνται
1610 1329 1623 1343 ⁸
1654 1313 1791 1367 ἀλλὰ
1824 1312 2026 1383 μᾶλλον

439 1409 512 1461 τὰ
544 1407 943 1475 συνιστάμενα,
979 1408 1075 1459 καὶ¹
1121 1407 1326 1477 εὐθαλῆ
1368 1406 1469 1478 τὴν
1510 1407 1773 1478 πρόσοδον
1806 1406 2023 1477 ἔχοντα.

449 1500 562 1554 Καὶ
591 1503 622 1569 ἡ
659 1501 780 1564 ταῖς
818 1498 993 1563 ἐνίαις
1020 1498 1077 1551 δὲ
1104 1499 1212 1553 τῶν
1236 1498 1461 1569 δωρεῶν
1498 1500 1883 1570 προσκειμένῃ
1925 1499 2023 1570 [αί.

447 1590 818 1664 προκειμένη]
850 1593 1014 1661 χάρις
1061 1592 1216 1663 δηλοῖ
1241 1594 1401 1647 τοῦτο
1442 1594 1808 1665 σαφέστερον,
1849 1594 1907 1646 ἐν
1945 1589 2027 1657 οἷς

440 1687 582 1755 φησὶ
615 1687 716 1749 τὰς
750 1687 889 1755 μετὰ
909 1684 1008 1757 τὴν
1026 1685 1266 1757 τυπικὴν
1295 1686 1397 1755 τῆς
1425 1687 1593 1756 μονῆς
1623 1685 1801 1750 ἔξοδον
1830 1703 2025 1757 περιτ-

438 1774 703 1836 τευούσας
735 1775 1058 1844 προσόδους,
1100 1775 1519 1843 ἀποκερδαίνειν
1554 1776 2027 1845 ἁλογοπραγήτως

440 1862 533 1916 τὸν
566 1864 1005 1933 χαριστικάριον.
1063 1864 1125 1916 Ei
1158 1862 1214 1917 δὲ
1247 1863 1411 1916 πάλιν
1442 1862 1590 1931 λέγει
1634 1863 1733 1935 [αι.
1766 1861 2025 1934 λέγοιεν],

441 1955 523 2008 ὅτι
560 1955 647 2009 διὰ
669 1955 728 2008 τὸ
762 1955 1230 2022 ὲξκουσσεὺεσθαι
1266 1956 1373 2010 ἀπὸ
1400 1957 1511 2010 τῶν
1536 1957 1822 2027 ἐπηρειῶν
1861 1956 2025 2011 τοῦτο

442 2044 807 2115 πράττουσιν,
843 2045 1228 2099 ἀκουέτωσανσ
1253 2046 1314 2099 τὸ
1345 2048 1680 2117 ἐπηρεάζειν
1718 2048 1750 2118 ἢ
1796 2049 1871 2120 μὴ
1923 2052 2024 2101 ἐπ-

441 2134 858 2205 ηρεάζεινιτῆς
916 2138 1070 2207 ὑμῶν
1118 2137 1370 2202 ἐξουσίας
1415 2139 1567 2192 ἐστί’
1604 2140 1852 2193 παύσατε
1899 2142 2027 2203 τοὺς

443 2229 825 2299 ὲπηρεαστάς,
865 2230 961 2284 καὶ
1006 2231 1392 2296 ὲξκουσσάτων
1424 2233 1520 2306 [ιιι.
1568 2235 2027 2307 ὲξκουσσάτοξος]

443 2320 608 2394 χρεία
639 2320 740 2373 οὑκ
776 2320 950 2375 ἐστιν.
996 2322 1057 2375 '0
1096 2324 1206 2393 γὰρ
1264 2323 1442 2378 ταῦτα
1495 2326 1672 2393 λέγων
1711 2327 1893 2384 ἔοικεν
1929 2331 2030 2399 ἆρ-

445 2430 617 2482 χοντι,
649 2412 939 2483 ἐλεύθερον
973 2414 1185 2484 πένητα
1235 2415 1326 2469 διὰ
1370 2417 1480 2471 τῶν
1515 2419 1683 2472 αὑτοῦ
1735 2422 2027 2493 ὑπηρετῶν

446 2503 886 2574 ξενοπροσώπως
920 2505 1307 2576 ἐπηρεάζοντι,
1334 2505 1453 2562 εἶτα
1483 2505 1562 2574 είς
1585 2512 1733 2567 ἔλεον
1754 2514 1916 2584 δῆθεν
1933 2515 2027 2569 τοῦ

448 2596 685 2667 πένητος
719 2598 1019 2668 κινηθέντι,
1053 2600 1150 2653 καὶ
1195 2602 1594 2670 προστάξαντι,
1640 2606 1778 2675 μετὰ
1810 2608 2030 2661 πάντων

445 2691 555 2744 τῶν
581 2686 588 2703 ’
614 2691 929 2762 προσόντων
984 2692 1156 2762 αὐτῷ,
1211 2695 1306 2747 καὶ
1350 2695 1451 2766 τὴν
1505 2697 1826 2768 ἐλευθερίαν
1861 2701 2027 2761 αὑτοῦ

444 2787 767 2856 ἀφελέσθαι,
797 2790 890 2842 καὶ
912 2789 1103 2843 δοῦλον
1129 2784 1272 2845 εἶναι
1295 2792 1412 2845 ἀντ’
1444 2794 1738 2866 ἐλευθέρου
1779 2813 1791 2826 ⁸
1833 2799 1920 2852 ἵνα
1951 2800 2027 2871 μὴ

446 2878 855 2951 ὲπηρεάζηται,
884 2881 1040 2952 φησί.
1072 2883 1279 2953 Σκῆψις
1304 2883 1480 2938 ταῦτα
1500 2888 1596 2940 καὶ
1619 2889 1914 2957 πρόφασις,
1936 2893 2031 2946 καὶ

444 2972 546 3043 τῆς
583 2972 1041 3042 αἰσχροκερδείας
1075 2974 1532 3045 ἐπικαλύμματα.
1571 2979 1709 3032 Ποία
1744 2982 2031 3050 εὐαγγελι-

445 3066 516 3137 κὴ
547 3065 645 3118 καὶ
670 3064 790 3118 θεία
817 3065 970 3135 φωνὴ
1004 3066 1331 3134 ἐνετείλατο,
1371 3071 1500 3123 ποία
1528 3071 1865 3146 ἀποστολικὴ
1887 3092 2029 3146 παρ-

451 3159 659 3222 αίνεσις
678 3157 985 3225 διετάξατο,
1020 3161 1151 3214 ποία
1168 3162 1418 3233 πατρικὴ
1448 3163 1542 3216 καὶ
1575 3167 1831 3239 κονονικὴ
1855 3170 2033 3239 παρά-

2128 672 2309 720 ratum
2360 679 2389 719 a
2458 660 2840 718 charistieario
2891 657 3306 722 monasterium,
3351 672 3419 711 an
3475 656 3708 710 inveniri

2127 765 2287 825 queat
2338 756 2683 824 ignoramus:
2741 753 2832 807 sed
2864 751 2991 805 licet
3023 736 3378 812 inveniretur,
3407 747 3712 817 iniquitatis

2130 850 2329 904 donum
2367 863 2472 903 non
2514 846 2751 903 admittit
2790 846 2957 899 Deus.
3016 841 3215 896 Verum
3275 840 3461 906 hodie,
3496 855 3617 909 qua:
3645 841 3713 894 li-

2129 942 2257 995 hera
2300 951 2448 1004 sunt,
2519 954 2581 994 ea
2638 938 2851 1000 ﬂorent,
2910 944 2963 989 et
3005 934 3226 1003 capiunt
3263 932 3709 995 incrementum;

2129 1047 2250 1102 quae
2295 1046 2474 1096 serva,
2527 1038 2865 1085 evertuntur.
2909 1027 2989 1079 Tu
3037 1040 3165 1079 vero
3204 1021 3379 1079 simile
3419 1022 3548 1090 quid
3584 1034 3715 1089 pro-

2130 1125 2241 1179 fers
2271 1124 2341 1189 ei,
2376 1123 2467 1194 qui
2525 1122 2876 1175 contenderet
2917 1126 3228 1185 perpetuam
3294 1116 3613 1170 servitutem
3646 1112 3717 1166 li-

2129 1217 2339 1271 bertate
2371 1217 2636 1284 potiorem
2678 1228 2818 1267 esse.
2891 1211 3043 1277 Quod
3081 1224 3245 1280 porro
3287 1223 3390 1261 non
3419 1208 3485 1262 ad
3539 1206 3713 1260 stabi-

2130 1308 2410 1361 litneutum
2484 1316 2536 1359 et
2620 1304 3078 1375 perseverantiam
3159 1299 3248 1355 illa
3327 1298 3714 1365 dentur,bine

2129 1408 2371 1455 constat.
2438 1399 2554 1452 Non
2597 1397 2740 1449 enim
2790 1396 2901 1464 jam
2942 1393 3204 1447 dissoluta
3265 1392 3561 1456 donantur,
3614 1388 3715 1444 sed

2131 1490 2312 1560 potius
2358 1490 2582 1551 stantia,
2645 1498 2809 1554 atque
2859 1484 3086 1536 reditum
3149 1481 3404 1535 habentia
3465 1479 3712 1532 uberem.

2131 1581 2349 1635 Necnon
2413 1580 2739 1649 quibusdam
2799 1577 3150 1631 donationum
3188 1575 3369 1627 addita
3395 1571 3565 1641 gratia
3600 1585 3715 1624 rem

2130 1676 2371 1743 apertius
2422 1673 2689 1735 declarat,
2749 1686 2871 1724 cum
2928 1669 3147 1731 (Ιὶι-ἱιυν,
3215 1676 3275 1720 ut
3331 1666 3539 1721 reditus
3596 1672 3722 1733 post.

2132 1765 2435 1832 regularem
2495 1762 2815 1816 monasterii
2875 1775 3169 1828 expensam
3204 1758 3477 1820 residuos,
3531 1754 3719 1809 chari-

2133 1858 2391 1911 sticarius
2446 1858 2689 1911 obtinent
2740 1856 2949 1920 absque
2992 1854 3260 1906 rationum
3291 1850 3621 1905 redditione.
3651 1849 3711 1902 Si

2134 1965 2260 2003 vero
2296 1964 2481 2002 rursus
2522 1947 2785 2008 dixerint,
2852 1961 2909 2000 se
2940 1945 2991 1998 id
3023 1959 3207 2012 agere,
3256 1953 3367 1996 uta
3407 1941 3718 1996 vexationi-

2132 2045 2233 2099 bns
2265 2042 2581 2095 immunitas
2629 2047 2944 2109 praestetur,
2984 2038 3207 2091 audiant
3260 2035 3714 2105 responsionem:

2136 2137 2348 2192 Vexare
2400 2145 2491 2187 aut
2528 2149 2631 2185 non
2673 2146 2890 2197 vexare,
2942 2132 2996 2183 in
3040 2139 3216 2183 vestra
3280 2135 3545 2198 potestate
3587 2134 3714 2179 est:

2131 2226 2475 2297 comprimite
2533 2235 2840 2286 vexatores,
2896 2237 2995 2276 nec
3024 2222 3129 2275 erit
3172 2234 3308 2289 opus
3354 2218 3717 2273 immunitati-

2132 2321 2257 2374 bus.
2326 2317 2456 2371 Nam
2504 2317 2596 2385 qui
2630 2316 2742 2369 haec
2768 2315 3028 2384 loquitur,
3065 2314 3265 2368 similis
3325 2320 3408 2366 est
3474 2310 3714 2380 praesidi,

2134 2413 2227 2481 qui
2275 2411 2507 2466 liberum
2557 2423 2852 2480 pauperem
2896 2423 2994 2478 per
3033 2407 3315 2461 ministros
3370 2420 3498 2459 suos
3560 2405 3718 2473 quasi

2134 2506 2235 2562 snb
2268 2504 2372 2558 alia
2393 2517 2621 2574 persona
2652 2509 2899 2565 vexaret,
2929 2500 3127 2555 deinde
3151 2498 3217 2553 ad
3255 2497 3714 2562 misericordiam,

2135 2604 2367 2670 scilicet,
2421 2603 2676 2673 pauperis
2711 2608 2892 2655 motus
2945 2607 3111 2663 esset,
3166 2597 3535 2666 jussissetque
3591 2609 3717 2649 cum

2135 2699 2386 2756 omnibus
2418 2696 2533 2765 ejus
2550 2694 2928 2758 facultatibus,
2950 2694 3114 2748 etiam
3148 2691 3455 2745 libertatem
3488 2688 3717 2750 auferri,

2134 2799 2187 2845 et
2241 2805 2336 2857 pro
2390 2787 2561 2841 lihero
2608 2800 2825 2841 servum
2890 2784 3036 2838 illum
3112 2783 3268 2850 ﬁeri;
3355 2796 3423 2835 ne
3472 2790 3719 2843 vexetur,

2135 2884 2343 2938 diceret
2375 2899 2388 2936 :
2449 2879 2620 2935 FiCIlO
2653 2880 2755 2934 ista
2790 2888 2936 2945 sunt,
2975 2888 3029 2932 et
3078 2886 3397 2948 praetextas,
3439 2874 3721 2942 turpisque

2135 2975 2271 3030 lucri
2312 2973 2601 3029 velamina.
2629 2971 2889 3038 Quaenam
2939 2969 3252 3041 evangelica
3283 2970 3579 3038 divinaque
3609 2982 3715 3020 vox

2136 3068 2430 3132 mandavit,
2462 3065 2737 3135 quodnam
2792 3064 3167 3135 apostolorum
3210 3062 3478 3117 monitum
3510 3058 3719 3115 consti-

2140 3160 2263 3224 tuit,
2288 3160 2592 3230 qualisnam
2630 3158 2847 3213 Patrum
2880 3165 2937 3212 et
2965 3171 3235 3211 canonum
3270 3154 3492 3210 traditio
3520 3153 3717 3208 defini-

445 3252 598 3316 δοσις
655 3252 872 3323 ὥρισε,
927 3253 1061 3307 ποία
1113 3255 1373 3327 πολιτικὴ
1423 3259 1721 3328 νομοθεσία
1768 3263 1879 3315 ἀπὸ
1934 3264 2029 3316 τοῦ

2137 3253 2236 3318 vit,
2284 3268 2405 3323 quze
2453 3251 2629 3308 civilis
2663 3250 3027 3306 lexaszeculo
3080 3250 3281 3313 sanxit,
3338 3256 3396 3303 ut
3451 3246 3716 3316 templum

444 3344 645 3407 αἰῶνος
677 3343 958 3409 ἐθέσπισε,
992 3344 1122 3398 ναὸν
1164 3346 1347 3414 ἅγιον,
1385 3349 1481 3401 καὶ
1513 3353 1884 3424 μοναστήριον
1923 3357 2033 3407 δω-

445 3436 664 3508 ρεῖσθαί
701 3454 844 3503 τινι;
880 3438 1000 3492 οὐδὲ
1032 3441 1141 3508 γὰρ
1173 3440 1331 3494 αὑτοὶ
1362 3442 1413 3494 οί
1445 3442 1711 3514 Ἕλληνες
1741 3448 2031 3518 εὑρίσκον-

443 3542 535 3579 ται
563 3525 848 3580 είδωλικόν
878 3545 1001 3580 τινα
1029 3529 1158 3581 ναόν
1184 3530 1315 3584 ποτέ
1345 3548 1453 3584 τινι
1495 3532 1906 3605 δωρησάμενοι.
1958 3538 2033 3590 Τὸ

445 3614 577 3683 γοῦν
598 3616 753 3688 παρὰ
769 3615 943 3670 ταῦτα
959 3618 1269 3688 γινόμενον,
1287 3621 1374 3683 τίς
1406 3620 1473 3675 ἂν
1506 3620 1773 3693 λογισμοῦ
1802 3625 2028 3696 Κύριος,

448 3708 656 3777 ἀγαθὸν
691 3710 903 3781 καλέσῃ
937 3711 969 3781 ἢ
1013 3713 1320 3782 συμφέρον,
1370 3715 1404 3786 ἦ
1444 3716 1781 3786 οἰκονομίαν,
1816 3719 1848 3789 ἢ
1900 3738 2034 3792 προ-

450 3803 705 3874 μήθειαν,
728 3804 760 3875 ἢ
792 3805 1062 3872 ὠφέλειαν
1087 3808 1181 3860 καὶ
1213 3807 1473 3862 σύστασιν
1493 3826 1507 3841 ο
1530 3809 1647 3863 ἀλλ’
1674 3811 1796 3882 οὐχὶ
1833 3813 2032 3883 μᾶλλον

447 3896 766 3966 παράϐασιν
802 3899 898 3950 καὶ
924 3900 1233 3972 παρακοήν,
1266 3903 1362 3954 καὶ
1392 3903 1746 3974 παρανομίαν
1794 3905 2034 3977 ἐσχάτην

447 3992 548 4044 καὶ
577 3992 859 4060 ὀλεθρίαν,
888 3993 1024 4045 Εἰπὲ
1060 3994 1169 4061 γάρ
1200 4012 1323 4063 μοι,
1358 3996 1407 4048 εί
1439 3997 1466 4049 ὁ
1499 3986 1576 4067 τῷ
1607 3999 1836 4069 ἐπιγείῳ
1865 4000 2033 4054 ἀντά-

450 4099 550 4152 ρας
587 4083 821 4152 βασιλεῖ,
861 4085 955 4137 καὶ
986 4085 1055 4138 τὰ
1091 4090 1446 4158 προσήκοντα
1480 4089 1632 4159 αὑτῷ
1659 4093 1922 4163 χρήματα
1941 4097 2035 4148 καὶ

448 4174 706 4243 κτήματα
762 4176 1267 4245 σφετερισάμενος,
1335 4179 1533 4236 ἔπειτα
1591 4183 1650 4236 δὲ
1712 4187 1807 4237 καὶ
1866 4186 2032 4240 αὑτοῦ

450 4266 818 4335 στρατοπέδου
846 4264 1268 4341 [στρατόπεδον]
1300 4270 1557 4342 δυνηθεὶς
1582 4265 1918 4347 ἀποστῆσαι,
1940 4281 2035 4332 καὶ

448 4356 544 4424 ὑφ’
575 4357 772 4411 ἑαυτὸν
807 4359 1171 4428 ποιήσασθαι,
1198 4361 1387 4415 οὐκέτι
1418 4365 1541 4417 ἐστὶ
1574 4366 1762 4432 δοῦλος
1814 4374 2035 4435 πάντως

449 4449 483 4519 ἦ
517 4450 671 4518 φίλος
701 4450 797 4504 τοῦ
832 4451 1121 4522 βασιλέως,
1153 4453 1271 4507 ἀλλ’
1304 4454 1499 4525 ἐχθρὸς
1539 4459 1634 4511 καὶ
1676 4462 1939 4531 πολέμιος
1969 4481 1982 4494 ο
2008 4466 2035 4516 ὁ

447 4544 518 4597 τὰ
565 4543 644 4614 τῷ
698 4545 1015 4616 ἐπουρανίῳ
1062 4545 1281 4617 βασιλεῖ
1327 4550 1551 4620 Χριστῷ
1601 4553 1680 4623 τῷ
1720 4554 1840 4623 Θεῷ
1872 4557 2033 4625 ἡμῶν

450 4638 855 4709 ἁνατεθειμένα
895 4641 1018 4695 θεῖα
1059 4643 1157 4695 καὶ
1209 4641 1334 4714 ίερὰ
1381 4646 1722 4716 πράγματα,
1761 4643 1850 4701 οἷα
1884 4651 1928 4701 δ’
1964 4650 2030 4703 ἂν

448 4730 544 4783 καὶ
574 4727 710 4797 εἷεν,
737 4732 940 4786 κοινῶν
973 4734 1066 4787 καὶ
1098 4735 1561 4805 σφετεριζόμενος
1588 4740 1681 4791 καὶ
1718 4739 1901 4803 ἄλλοις
1925 4745 2029 4796 δω⁴

449 4824 741 4893 ροὺμενος,
775 4825 856 4879 ἔτι
888 4826 944 4879 δὲ
970 4827 1065 4880 καὶ
1096 4828 1156 4880 τὸ
1182 4827 1327 4881 θεῖον
1349 4830 1441 4881 καὶ
1480 4830 1625 4900 ἱερὸν
1650 4833 1816 4886 αὑτοῦ
1859 4852 2030 4904 στρα-

444 4916 670 4968 τόπεδον
695 4933 710 4947 ο
745 4934 819 4987 φη
829 4919 891 4985 μὶ
911 4917 996 4988 δὴ,
1021 4919 1081 4971 τὸ
1100 4918 1209 4970 τῶν
1232 4921 1486 4990 μοναχῶν
1518 4922 1614 4974 καὶ
1647 4925 2024 4993 μοναζουσῶν·
2092 4927 2098 4932 ’

445 5008 505 5060 οὑ
536 5008 699 5078 μόνον
722 5007 811 5062 διὰ
836 5008 935 5078 τῆς
963 5008 1073 5063 τῶν
1100 5009 1419 5078 ἀναγκαίων
1447 5012 1658 5078 ἐνδείας
1696 5016 1903 5079 πιέζων
1932 5019 2029 5071 καὶ

453 5099 829 5170 στενοχωρῶν,
864 5100 1004 5155 ἀλλὰ
1040 5102 1137 5154 καὶ
1165 5102 1254 5156 διὰ
1276 5102 1489 5173 δωρεᾶς
1515 5105 1828 5176 ἀνθρώποις
1858 5126 2031 5163 κατα»

390 5219 399 5223 Α
447 5193 675 5257 ὁουλῶν,
709 5195 803 5247 καὶ
829 5196 958 5249 ὅσον
978 5196 1039 5248 τὸ
1060 5196 1147 5249 ἐπ’
1175 5196 1339 5251 αὑτὸν
1366 5198 1683 5265 ἀφιστάνων
1713 5202 1910 5267 αὑτοὺς
1935 5204 2031 5257 τοῦ

448 5285 783 5356 ἐπουρανίου
814 5286 1102 5357 βασιλέως,
1145 5289 1266 5354 πῶς
1287 5289 1512 5344 δύναται
1541 5291 1682 5346 εἶναι
1712 5292 1745 5364 ἢ
1769 5293 2029 5364 λέγεσθαι

2136 3357 2393 3403 sanctum
2429 3356 2482 3401 et
2514 3343 3164 3423 monasterium‘euipiam
3203 3342 3533 3397 concedatur
3563 3339 3586 3392 ?
3616 3338 3721 3393 Ne-

2136 3454 2245 3508 que
2274 3439 2423 3493 cnim
2487 3438 2571 3492 vel
2624 3439 2722 3506 ipsi
2778 3437 3009 3507 gentiles
3060 3436 3405 3506 reperiuntur
3485 3448 3725 3503 unquam

2136 3535 2264 3590 idoli
2292 3535 2554 3603 templum
2596 3533 3094 3589 alicuitradidisse.
3148 3532 3302 3599 Quod
3336 3531 3500 3602 igitur
3520 3542 3714 3585 contra

2136 3632 2252 3686 haec
2306 3632 2383 3697 Iit,
2432 3630 2555 3699 quis
2590 3639 2771 3684 mente
2811 3628 3070 3697 praeditus
3110 3630 3309 3682 bonum
3342 3626 3721 3697 appellaverit,

2136 3734 2231 3778 aut
2254 3721 3113 3789 commodum,dispensationem,
3136 3718 3552 3788 providentiam,
3580 3717 3727 3775 utili-

2140 3827 2330 3880 tatem,
2362 3826 2415 3870 et
2446 3815 2979 3879 commodationem;
3036 3829 3098 3867 ac
3133 3828 3239 3866 non
3303 3812 3483 3882 potius
3538 3821 3721 3867 trans-

2137 3911 2494 3981 gressionem,
2520 3907 2972 3971 inobcdientiam,
3028 3906 3371 3975 iniquitatem
3411 3914 3716 3959 extremam

2138 4018 2199 4058 ac
2250 3999 2824 4072 perniciosissimam?
2880 3998 3057 4052 Eﬂare
3096 3997 3227 4052 mihi
3261 4013 3279 4052 :
3322 3997 3366 4053 si
3424 3998 3468 4051 is
3499 3995 3592 4066 qui
3624 3995 3724 4049 ad-

2136 4108 2331 4148 versus
2393 4102 2667 4147 terrenum
2693 4090 3077 4159 imperatorem
3117 4088 3429 4152 rebellavit,
3457 4088 3717 4156 pecunias

2136 4183 2621 4256 possessionesque
2656 4183 2720 4237 ad
2744 4199 2866 4237 eum
2895 4182 3231 4252 pertinentes
3256 4178 3555 4235 vindicavit
3589 4179 3721 4246 sibi,

2136 4277 2331 4331 deinde
2368 4276 2667 4329 exercitum
2703 4275 2820 4343 ejus
2852 4273 3030 4343 potuit
3061 4262 3313 4327 avertere
3342 4271 3555 4341 sibique
3577 4284 3715 4324 con-

2138 4369 2344 4434 ciliare,
2382 4385 2485 4422 non
2523 4368 2746 4421 omnino
2776 4366 3007 4435 amplius
3041 4365 3487 4435 estimperatoris
3518 4379 3713 4419 servos

2137 4462 2221 4517 vel
2264 4461 2497 4524 amicus,
2535 4460 2630 4513 sed
2686 4459 2945 4515 inimicus
2994 4468 3049 4511 et
3103 4457 3308 4521 hostis;
3362 4457 3453 4523 qui
3511 4455 3724 4509 etelesti

2140 4552 2453 4621 imperatori
2507 4550 2724 4605 Christo
2781 4549 2889 4602 Deo
2941 4559 3130 4602 nostro
3180 4548 3453 4602 dedicatas
3506 4546 3722 4601 divinas

2139 4661 2434 4713 sacrasque
2461 4660 2567 4708 res,
2619 4643 3021 4713 qualescunque
3082 4641 3185 4695 illae
3236 4650 3388 4703 sunt,
3445 4640 3719 4709 profanat,

2138 4737 2463 4803 intervertit,
2497 4737 2663 4791 donat
2699 4736 2843 4799 aliis,
2908 4742 3279 4802 praetereaque
3327 4732 3571 4786 divinum
3628 4747 3723 4785 sa-

2136 4845 2400 4898 crumque
2460 4830 2576 4899 ejus
2618 4827 2916 4883 exercitum
2959 4824 3302 4897 (monachos
3353 4832 3409 4878 et
3455 4823 3722 4879 monialcs

2140 4926 2427 4997 intell’go)
2477 4943 2582 4981 non
2651 4925 2822 4978 solum
2889 4938 2987 4993 per
3040 4937 3219 4975 rerum
3280 4920 3719 4975 necessariarum
3786 4980 3807 4984 η

2140 5019 2492 5090 indigentiam
2562 5018 2760 5087 premit
2818 5025 2872 5069 et
2924 5024 3197 5084 angustat,
3253 5014 3347 5069 sed
3411 5013 3577 5067 etiam
3628 5028 3722 5083 per

2141 5113 2341 5167 dcuum
2356 5111 2672 5167 hominibus
2694 5111 2745 5163 in
2767 5109 3085 5164 servitutem
3118 5108 3303 5173 tradit,
3347 5118 3724 5176 quantumque

2142 5205 2194 5258 in
2223 5220 2282 5259 se
2304 5213 2390 5258 est.
2433 5211 2623 5255 avocat
2663 5216 2691 5254 a
2722 5199 2927 5255 caelesti
2962 5201 3314 5270 imperatore,
3358 5213 3467 5267 qua
3505 5198 3719 5250 ratione

2141 5310 2266 5352 esse
2291 5305 2386 5351 aut
2409 5295 2514 5350 dici
2547 5304 2723 5364 potest
2768 5292 3150 5348 Christianus?
3186 5292 3278 5348 Sic
3302 5305 3433 5360 ergo
3467 5289 3723 5346 inimicus

1605 5454 1791 5515 Joan.
1830 5456 2010 5534 Bapt.
2045 5454 2346 5519 Coteierii
2377 5461 2563 5516 nota).

483 5648 493 5658 υ
524 5577 635 5659 (li)
666 5577 1161 5659 giapwtgcaplew.
1196 5580 1593 5659 Charisticarii,
1626 5589 1679 5636 et
1699 5583 2024 5659 charistica-

451 5647 566 5709 riaé,
603 5647 743 5700 infra
777 5664 791 5700 :
822 5648 1018 5716 quibus
1056 5650 1108 5702 in
1145 5652 1462 5705 beneﬁcium
1490 5663 1543 5705 et
1573 5654 1802 5719 gratiam
1838 5655 2024 5709 trade-

406 5736 415 5739 '
454 5718 652 5796 bantur
678 5718 1152 5796 acuprzebebantur
1181 5723 1543 5796 monasteria;
1578 5718 1743 5796 laici}
1793 5722 1907 5778 loca
1936 5739 2025 5779 sa-

451 5801 578 5856 cra;
608 5788 964 5851 beneliciarii,
989 5790 1366 5856 praebendarii.
1396 5790 1529 5845 Vide
1554 5801 1662 5845 tum
1688 5792 2023 5847 Glossarium

449 5855 675 5911 Joannis
719 5856 959 5920 Meursii,
992 5855 1119 5913 tum
1157 5859 1531 5916 Balsamonem
1569 5862 1635 5915 ad
1669 5878 1930 5918 canonem
1960 5865 2025 5919 l9

451 5942 524 5985 vn
558 5928 767 6001 synodi,
800 5935 854 5985 et
897 5927 991 5987 Jus
1032 5929 1551 5988 Gnaeo-Romanum
1585 5948 1637 6003 p.
1672 5932 1791 6003 H2,
1823 5933 1949 5991 25-}.
1984 5936 2028 5992 Α

2129 5583 2341 5639 Latinis
2396 5584 2791 5647 ablncomites,
2846 5580 3236 5639 abhicomites;
3291 5576 3513 5630 abbates
3564 5576 3709 5644 laici,

2130 5657 2355 5709 abhates
2390 5656 2682 5710 milites.et
2708 5654 2978 5708 abbatiaui
3005 5650 3363 5718 appellantur.
3399 5648 3454 5701 In
3482 5648 3717 5718 concilio

2130 5725 2415 5789 Mcldensi,
2445 5724 2768 5778 Antichristi
2813 5732 2868 5775 et
2904 5717 3199 5789 apocryphi
3235 5726 3496 5789 rectores.
3535 5717 3714 5789 Bedac,

2133 5794 2209 5848 De
2239 5788 2409 5860 laicis,
2450 5810 2553 5848 non
2587 5792 2838 5847 monachi
2870 5788 2963 5845 sed
2988 5789 3229 5847 abbates.
3265 5788 3521 5859 Egberto,
3549 5788 3721 5845 abba-

2133 5874 2213 5923 tcs
2241 5866 2358 5925 sine
2383 5866 2591 5923 ordine.
2621 5864 2754 5920 Aliis
2784 5863 2960 5923 aliter.
