4088 6412
344 433 487 500 1139

343 652 405 697 ιιι
433 643 549 710 Dei,
597 643 694 699 sed
732 651 790 699 ut
818 656 915 696 sua
952 648 1224 710 reputant,
1261 654 1325 694 ac
1357 639 1479 694 ideo
1507 639 1702 708 quibus
1733 639 1924 693 volunt

342 737 668 806 largiuntur,
706 720 910 791 veneno
937 734 1236 788 animarum
1262 732 1493 788 infectos
1531 732 1820 797 interimit,
1862 741 1922 786 ut

344 841 511 897 supra
537 824 869 881 declaratum
896 831 1001 879 est.
1061 824 1139 878 De
1179 822 1378 893 quibus
1403 838 1434 880 e
1476 823 1721 894 pluribus
1754 837 1924 893 pauca

346 917 490 971 dicta
520 918 649 972 sint.

300 1016 307 1063 μ
414 1007 553 1065 XIV.
590 1008 665 1066 De
697 1010 768 1065 iis
820 1023 951 1066 vero
978 1008 1069 1078 qui
1100 1007 1419 1064 donationes
1453 1008 1551 1062 has
1596 1007 1924 1077 suscipiunt.

338 1114 481 1169 quos
546 1099 884 1156 consuetudo
937 1099 1079 1154 mala
1128 1097 1541 1153 eharisticarios
1594 1098 1922 1164 nominavit,

342 1206 571 1248 necesse
597 1202 682 1248 est
703 1201 766 1248 ut
786 1191 1091 1262 loquamur.
1117 1189 1253 1246 Nam
1290 1190 1452 1247 simul
1483 1205 1546 1246 ac
1579 1191 1624 1247 is
1669 1192 1924 1261 sumpsit,

340 1283 486 1340 heu!
520 1283 931 1351 monasterium,
977 1282 1265 1339 confestim
1316 1282 1621 1353 inexpletos
1672 1282 1917 1338 avaritia:

342 1377 499 1434 sinus
538 1378 871 1447 expandens,
907 1375 1094 1432 omnia
1144 1376 1292 1430 illius
1346 1390 1412 1432 eo
1470 1376 1751 1443 recondit;
1820 1391 1925 1430 non

341 1468 507 1525 modo
559 1468 770 1535 domos,
804 1467 1089 1529 suburbia,
1140 1465 1419 1532 animalia,
1485 1466 1690 1521 reditus
1744 1466 1927 1521 omnis

346 1559 588 1630 generis,
633 1559 728 1616 sed
760 1567 813 1614 et
865 1559 1062 1629 templa
1095 1559 1254 1629 ipsa;
1298 1559 1363 1613 ad
1409 1559 1524 1614 hac
1578 1559 1927 1630 praepositum

348 1660 404 1707 et
448 1651 769 1718 monachos,
805 1665 993 1707 servos
1039 1660 1260 1717 censet;
1305 1666 1498 1707 omnes
1518 1652 1838 1722 omniaque,
1873 1661 1934 1708 ut

344 1758 435 1799 res
473 1741 616 1811 Iuris
640 1743 723 1799 sui
754 1742 953 1809 habet;
981 1757 1048 1798 ac
1073 1753 1328 1814 tanquam
1350 1746 1568 1815 propria
1617 1744 1932 1803 haereditate

347 1833 590 1891 abutitur
641 1835 845 1905 absque
897 1834 1091 1890 timore
1140 1844 1302 1906 prout
1329 1837 1488 1903 vult;
1539 1851 1639 1893 nec
1688 1852 1925 1908 unquam

1551 432 1876 494 JOANNIS
1920 430 2398 493 ANTIOCHENI

339 567 434 608 eos
468 552 560 622 qui
595 551 792 607 divinis
821 551 957 606 citra
993 550 1239 603 timorem
1286 548 1570 614 insultant,
1598 563 1773 618 caque
1803 562 1908 602 non

2036 547 2349 618 Ῐ(ριστιςιινός
2374 562 2389 612 ;

2442 544 2586 598 οὕτω
2616 544 2719 616 μὲν
2748 543 2841 599 οὖν
2869 546 2897 599 ὁ
2934 542 3131 615 ἐχθρὸς
3162 545 3290 606 τοὺς
3315 542 3423 596 τῶν
3449 541 3613 593 θείων

2026 639 2201 705 ἀδεῶς
2233 638 2736 709 κατορχουμὲνους,
2768 638 3063 692 καὶταῦτα
3083 638 3185 708 οὐχ
3203 636 3279 699 ὡς
3311 635 3471 697 Θεοῦ,
3494 633 3612 688 ἀλλ’

2025 734 2100 800 ὡς
2131 735 2239 790 ἴδια
2270 735 2688 805 λογιζομένους,
2740 735 2840 788 καὶ
2892 733 2982 788 διὰ
3023 732 3186 786 τοῦτο
3217 727 3297 795 οἷς
3328 729 3609 802 βούλονται

2025 827 2447 899 χαριζομένους,
2496 826 2747 897 ψυχικῶς
2799 824 3205 897 φαρμακεύων,
3252 824 3490 893 ἀναιρεῖ,
3531 820 3611 884 ὡς

2028 919 2456 989 προδεδήλωται.
2490 919 2629 988 Περὶ
2663 911 2739 973 ὧν
2788 919 2852 971 ὲκ
2886 916 3101 972 πολλῶν
3150 916 3310 984 ὀλίγα
3347 914 3611 986 εἰρήσθω.

2098 1009 2196 1065 1Δ’.
2221 1012 2294 1064 Hs
2305 1010 2360 1081 pi.
2382 1010 2437 1065 δὲ
2469 1009 2578 1063 τῶν
2616 1010 2714 1073 τὰς
2738 1009 2946 1080 δωρεὰς
2970 1007 3173 1072 ταύτας
3203 1005 3614 1076 λαμϐανόντων,

2027 1100 2179 1171 οὒςὴ
2208 1102 2427 1172 πονηρὰ
2475 1100 2736 1172 συνήθεια
2788 1099 3249 1172 χαριστικαρίους
3302 1098 3616 1167 ὠνόμασεν,

2030 1192 2334 1260 ἀναγκαῖον
2375 1193 2573 1246 εἰπεῖν.
2616 1192 2770 1263 Ἀμα
2800 1193 2911 1263 γὰρ
2942 1191 3021 1262 τῷ
3073 1190 3443 1263 παραλαϐεῖν,
3490 1189 3618 1257 φεῦ,

2028 1286 2132 1357 τὴν
2161 1288 2354 1356 μονὴν,
2389 1284 2596 1339 αὐτίκα
2624 1284 2753 1348 τοὺς
2780 1283 3142 1355 ἀπληρώτους
3164 1285 3266 1355 τῆς
3300 1281 3620 1348 πλεονεξίας

2041 1377 2281 1441 κόλπους
2309 1376 2673 1444 ὑφαπλώσας,
2710 1376 2894 1432 πάντα
2917 1376 3290 1446 ὲγκολποῦται
3323 1375 3394 1429 τά
3420 1374 3617 1445 αὐτῆς·

2032 1468 2094 1522 οὐ
2123 1469 2285 1540 μόνον
2312 1468 2618 1538 οἰκήματα,
2651 1466 2961 1538 προάστειά
2983 1483 3047 1521 τε
3069 1467 3166 1520 καὶ
3199 1463 3317 1530 ζῶα
3349 1465 3448 1518 καὶ
3477 1481 3621 1517 παν-

2030 1561 2186 1624 τοίας
2220 1560 2544 1631 προσόδους,
2571 1559 2709 1614 ἀλλὰ
2734 1560 2832 1612 καὶ¹
2862 1560 3027 1622 ναοὺς
3049 1557 3252 1622 αὐτούς
3276 1574 3292 1591 ο
3338 1557 3433 1611 καὶ
3481 1556 3619 1610 καθ-

2030 1657 2167 1726 ηγοῦ
2177 1669 2339 1724 μενον
2360 1653 2456 1707 καὶ
2479 1653 2837 1724 μονάζοντας,
2860 1651 3083 1715 δούλους
3107 1651 3352 1722 ἡγεῖται,
3369 1650 3463 1704 καὶ
3488 1648 3628 1702 πάν-

2030 1761 2129 1808 τας
2156 1747 2252 1799 καὶ
2281 1744 2485 1811 πάντα,
2511 1745 2587 1810 ὡς
2615 1745 2896 1817 ίδιόκτητα
2922 1746 3227 1816 πράγματα
3256 1744 3395 1815 ἔχει,
3431 1743 3527 1798 καὶ
3546 1743 3625 1806 ὡς

2032 1836 2213 1908 οίκείᾳ
2245 1836 2593 1908 κληρονομία
2618 1840 2972 1909 καταχρᾶται
2997 1836 3217 1906 ἀφόϐως
3237 1836 3314 1899 ὡς
3343 1834 3622 1907 βούλεταν

346 1926 399 1980 ei
455 1926 509 1981 in
554 1935 792 1982 mentem
849 1927 1020 1992 venit,
1076 1927 1189 1983 haec
1227 1927 1320 1984 Dei
1355 1943 1479 1984 esse
1526 1937 1693 1999 atque
1740 1944 1926 1986 sacra.

2036 1902 2315 2000 μηδέποτε
2336 1902 2444 1984 ’ἐπὶ
2478 1902 2608 1984 νοῦ-ν
2642 1929 2710 1985 λα
2721 1902 2949 2001 μϐάνων
2969 1970 2987 1996 ,
3024 1902 3120 1983 τοῦ
3152 1926 3290 1982 Θεοῦ
3321 1902 3495 1981 ταῦτα
3528 1924 3627 1980 καὶ

347 2016 557 2074 Divinis
610 2032 739 2073 vero
771 2017 986 2087 templis
1033 2032 1099 2074 ac
1154 2020 1439 2076 monachis
1472 2020 1750 2075 minimam
1799 2035 1930 2091 por-

352 2106 554 2163 tionem
588 2121 620 2163 e
649 2115 763 2164 toto
810 2108 985 2165 reditu
1014 2110 1299 2177 attribuit;
1324 2125 1446 2167 eam
1478 2111 1623 2167 velut
1652 2113 1927 2183 propriam

351 2198 781 2272 eleemosynam,
813 2208 943 2273 post.
969 2200 1167 2258 multas
1219 2202 1513 2273 petitiones
1545 2204 1612 2258 iis
1654 2208 1926 2273 praebens.

349 2290 554 2346 Omitto
588 2291 772 2348 dicere
806 2292 1130 2362 templorum
1175 2292 1413 2360 ruinam,
1450 2293 1647 2349 aedium
1704 2303 1757 2347 et
1796 2295 1931 2349 sub-

346 2381 668 2451 urhiorum;
714 2398 837 2439 cum
887 2384 1003 2455 ipse
1040 2385 1298 2455 rescipiat
1330 2399 1546 2456 semper
1585 2387 1652 2442 ad
1690 2385 1926 2443 inferen-

348 2480 477 2533 dum
527 2479 813 2545 duntaxat,
845 2494 954 2535 non
985 2479 1148 2535 etiam
1180 2481 1248 2535 ad
1288 2481 1745 2547 expendendum:
1785 2496 1929 2550 prm-

347 2570 505 2641 cipue
533 2572 578 2627 si
614 2572 671 2628 in
700 2572 894 2629 animae
947 2575 1181 2629 exitiosa
1231 2573 1525 2629 donatione
1559 2574 1678 2644 ejus
1745 2575 1927 2644 posita

350 2673 436 2718 est
471 2664 788 2720 immunitas
812 2681 840 2721 a
877 2666 1148 2722 reddenda
1203 2668 1270 2722 de
1300 2665 1776 2723 imminutionihus
1834 2682 1927 2723 ra-

352 2757 519 2812 tionc.
571 2755 871 2812 Confestim
910 2773 1040 2827 ergo
1066 2766 1245 2814 cessat
1277 2771 1341 2814 ac
1363 2759 1757 2828 exstinguitur,
1816 2775 1927 2816 non

352 2853 564 2902 tantum
602 2847 780 2903 onmis
812 2847 904 2917 qui
937 2864 965 2902 a
996 2848 1170 2904 beatis
1209 2850 1618 2918 possessoribus
1662 2852 1929 2908 constitu-

356 2946 447 2994 tus
501 2937 602 2993 fuit
656 2938 777 3009 pius
817 2954 947 3010 erga
1008 2939 1174 2995 Deum
1239 2941 1441 3006 cultus,
1498 2942 1615 2998 sive
1671 2958 1842 2999 sacrae
1878 2944 1931 2999 in

350 3029 558 3085 sanctis
588 3029 743 3086 festis
764 3034 1096 3100 gestationes
1118 3032 1410 3101 luminum,
1427 3036 1655 3090 odorum
1677 3034 1933 3106 fragran-

351 3122 458 3186 tiae,
513 3132 568 3177 et
628 3122 845 3178 laudum
893 3124 1329 3194 celebrationes;
1386 3129 1439 3181 in
1486 3127 1764 3184 nonnullis
1805 3143 1934 3184 vero

2038 2023 2161 2077 θεῖα
2217 2021 2382 2079 εἶναι.
2432 2023 2559 2087 Τοῖς
2603 2023 2662 2077 δὲ
2715 2022 2885 2086 θείοις
2919 2025 3070 2086 ναοῖς
3095 2039 3154 2076 τε
3197 2021 3294 2075 καὶ
3343 2020 3624 2092 μοναχοῖς,

2035 2117 2355 2186 ἀπόμοιράν
2393 2133 2518 2170 τινα
2558 2117 2962 2188 σμικροτάτην,
2990 2116 3056 2170 ὲκ
3083 2116 3269 2184 πάσης
3303 2114 3408 2185 τῆς
3452 2130 3628 2185 προσ-

2030 2204 2153 2258 όδου
2184 2205 2477 2274 ἀπένειμε*
2507 2207 2776 2277 κάκείνην
2801 2207 2877 2269 ὡς
2904 2206 3037 2260 ἴδιον
3054 2205 3288 2277 ψυχικὸν
3318 2204 3454 2277 (15),
3484 2203 3624 2276 μετά

2034 2296 2253 2352 πολλῶν
2296 2299 2575 2370 αἰτήσεων
2600 2299 2788 2362 αὐτοῖς
2816 2298 3223 2370 παρεχόμενος.
3258 2296 3367 2350 Ἐῶ
3392 2296 3501 2370 γὰρ
3532 2296 3627 2350 λέ-

2032 2405 2153 2458 γειν
2198 2388 2300 2459 τὴν
2358 2390 2663 2445 κατάλυσιν
2710 2389 2822 2443 τῶν
2866 2390 3035 2455 ναῶν,
3072 2389 3392 2460 οἰκημάτων
3436 2404 3498 2441 τε
3528 2387 3627 2442 καὶ

2033 2480 2398 2552 προαστείων,
2433 2482 2521 2535 ἀεὶ
2551 2484 2631 2547 είς
2657 2482 2720 2536 τὸ
2754 2481 3084 2547 εἰσοδιάζειν
3119 2479 3288 2535 αὑτοῦ
3331 2479 3628 2551 βλέποντος

2039 2574 2226 2645 μόνον,
2261 2575 2384 2646 οὐχὶ
2405 2576 2502 2629 καὶ
2525 2576 2608 2640 είς
2634 2575 2695 2629 τὸ
2715 2572 3035 2641 ὲξοδιάζειψ
3063 2574 3159 2629 καὶ
3184 2573 3388 2645 μᾶλλον
3415 2575 3463 2626 εί
3487 2572 3629 2643 πρό-

2036 2680 2217 2719 κειται
2239 2664 2298 2719 ὲν
2329 2669 2396 2736 τῇ
2426 2664 2752 2736 ψυχολέθρῳ
2779 2665 2961 2737 δωρεᾷ
3008 2663 3199 2732 αὐτοῦ,
3232 2663 3293 2718 τὸ
3325 2662 3626 2719 ἀνεύθυνον

2037 2755 2130 2808 ἐπὶ
2190 2757 2315 2820 ταῖς
2365 2756 2682 2828 μειώσεσιν.
2741 2755 2956 2809 Αὐτίκα
3014 2755 3152 2825 γοῦν
3201 2756 3483 2810 πέπαυται
3528 2754 3627 2809 καὶ

2036 2849 2278 2919 ἀπέσϐη,
2319 2852 2383 2905 οὐ
2418 2851 2584 2922 μόνον
2613 2852 2764 2905 πᾶσα
2795 2852 2829 2922 ή
2870 2850 2978 2905 ὑπὸ
3013 2850 3123 2905 τῶν
3153 2852 3445 2922 μακαρίων
3476 2870 3620 2921 κτη-

2036 2942 2217 3014 τόρων
2247 2941 2564 2995 τυπωθεῖσα
2596 2943 2681 3005 είς
2732 2941 2792 2994 τὸ
2839 2940 2984 2995 θεῖον
3036 2942 3270 3013 εὐσεϐὴς
3326 2941 3620 3014 θεραπεία,

2036 3033 2207 3105 ἤγουν
2261 3033 2318 3086 αί
2366 3033 2512 3104 ἱεραί.
2537 3033 2648 3087 τῶν
2698 3033 2872 3101 ἁγίων
2911 3033 3124 3104 ἑορτῶν
3178 3034 3619 3105 λαμπροφορίαι,

2038 3123 2262 3178 εὐωδίαι
2291 3140 2353 3178 τε
2380 3124 2475 3179 καὶ
2503 3122 2809 3192 δοξολογίαι
2830 3141 2842 3155 ’
2873 3123 2934 3177 ὲν
2964 3124 3076 3178 τισὶ
3103 3124 3182 3191 δὲ,
3216 3125 3312 3178 καὶ
3359 3125 3521 3180 αὐταὶ
3558 3127 3619 3179 al

351 3211 481 3279 ipsa:
510 3215 672 3267 etiam
731 3213 1059 3281 quotidiana:
1113 3213 1379 3270 luminum
1414 3217 1802 3283 accensiones;
1837 3218 1930 3274 sed

2038 3216 2338 3288 ἡμερήσιοι
2378 3216 2664 3286 φωταψίαι
2698 3232 2711 3249 ·
2748 3215 2831 3269 ἔτι
2863 3215 2920 3270 δὲ
2950 3216 3047 3270 καὶ
3077 3218 3134 3270 αί
3166 3216 3265 3286 τῆς
3312 3214 3622 3287 ἐλεημοσύ-

351 3308 409 3354 et
454 3299 815 3374 elcemosynm
860 3303 1292 3370 distributiones,
1323 3319 1445 3359 cum
1485 3308 1538 3360 in
1580 3305 1737 3363 festis
1787 3320 1932 3375 prae-

353 3392 592 3460 scriptas,
654 3402 765 3451 tum
812 3395 1145 3463 quotidiana:
1186 3396 1497 3467 januarum,
1560 3408 1676 3456 tum
1728 3401 1836 3459 illae
1881 3402 1934 3458 in

351 3486 962 3543 commemorationibus
990 3486 1376 3545 fundatorum:
1430 3490 1499 3547 ad
1531 3492 1645 3549 haec
1670 3509 1790 3565 quae
1817 3511 1936 3552 mo-

353 3575 546 3631 nachis
572 3576 624 3629 in
655 3577 783 3631 anni
815 3576 991 3643 festis,
1028 3587 1368 3636 mortuorum
1398 3586 1936 3641 commemorationi-

350 3668 476 3732 bus,
505 3664 751 3737 jejuniis,
778 3676 832 3721 et
856 3666 1208 3736 paschalibus
1248 3669 1437 3725 diebus
1467 3671 1749 3740 praefinita:
1804 3681 1935 3727 sunt

353 3756 765 3812 adhortationes
814 3768 870 3813 et
902 3760 1347 3827 consolationes;
1397 3761 1515 3832 ipsa
1551 3765 1689 3819 adeo
1738 3781 1929 3821 mona-

352 3847 579 3903 chorum
616 3847 876 3903 demensa
903 3850 1136 3905 maxime
1177 3855 1481 3907 necessaria
1509 3872 1524 3920 ;
1553 3863 1717 3926 atque
1738 3864 1800 3912 ut
1826 3872 1934 3914 uno

354 3936 521 3993 verbo
554 3937 852 4006 absolvam,
894 3941 1037 4009 perit
1082 3941 1334 3997 universa
1396 3943 1613 4012 pietatis
1645 3950 1786 4004 ratio
1816 3965 1936 4019 qua:

351 4042 383 4081 a
436 4028 813 4084 conditoribus
838 4031 1143 4099 excogitata
1173 4030 1348 4087 fuerat
1384 4035 1434 4088 in
1475 4036 1671 4093 divinis
1692 4040 1930 4111 templis,

354 4121 640 4178 monachis
670 4131 725 4177 et
767 4123 1291 4180 sanctimonialibus.
1347 4124 1576 4184 Reditus
1611 4143 1793 4188 autem
1842 4134 1935 4203 qui

354 4224 516 4270 antea
551 4215 605 4269 in
638 4218 756 4275 haec
802 4222 1206 4292 insumebatur,
1252 4226 1546 4283 translatus
1572 4238 1653 4285 est
1686 4232 1752 4286 ad
1781 4229 1941 4287 falla-

353 4320 471 4362 cem
499 4308 762 4365 mundum
804 4327 867 4367 ac
893 4314 1080 4368 mundi
1119 4315 1442 4385 principem.
1488 4318 1630 4373 Ante
1665 4320 1780 4375 hare
1806 4336 1937 4377 vero

354 4409 410 4454 et
458 4415 581 4456 cum
638 4402 744 4468 his,
782 4403 932 4461 illico
976 4407 1191 4462 vacavit
1240 4408 1417 4464 omnis
1473 4411 1680 4481 regula,
1738 4412 1933 4480 forma,

2042 3328 2142 3383 νης
2175 3310 2523 3382 μεταδόσεις,
2574 3310 2635 3365 αῖ
2669 3328 2731 3363 τε
2760 3310 2987 3374 signa;
3024 3309 3223 3381 ἑορτὰς
3256 3310 3620 3377 τυπωθεῖσαι,

2039 3404 2136 3457 καὶ
2169 3404 2227 3458 αί
2266 3403 2565 3474 ἡμερήσιοι
2593 3401 2705 3457 τῶν
2741 3401 3043 3468 πυλώνων,
3075 3403 3159 3456 ἔτι
3196 3403 3253 3457 δὲ
3293 3406 3390 3457 καὶ
3421 3405 3477 3457 αἱ
3511 3403 3623 3457 τῶν

2042 3493 2416 3566 μνημοσύνων
2469 3494 2581 3548 τῶν
2632 3493 2957 3565 κτητόρων’
2992 3492 3133 3563 πρὸς
3176 3494 3234 3548 δὲ
3266 3495 3360 3550 καὶ
3402 3496 3460 3549 αἱ
3508 3496 3624 3558 τοῖς

2043 3592 2299 3662 μοναχοῖς
2328 3589 2422 3643 ἐπὶ
2452 3590 2572 3651 ταῖς
2604 3588 2700 3642 τοῦ
2741 3585 2995 3643 ἐνιαυτοῦ
3041 3588 3263 3658 ἑορταῖς
3283 3626 3300 3650 ,
3336 3587 3434 3642 καὶ
3475 3605 3625 3657 μνη-

2045 3684 2324 3756 μοσύνοις,
2356 3684 2452 3738 καὶ
2495 3682 2823 3751 ἀποκρέαις,
2862 3682 2958 3735 καὶ
2987 3681 3318 3751 πασχαλίαις
3351 3681 3625 3736 τυπωθεῖ-

2039 3796 2132 3833 σαι
2168 3777 2548 3849 παρακλήσεις
2573 3790 2586 3805 ’
2620 3773 2760 3829 ἀλλά
2789 3773 2887 3827 καὶ
2926 3773 3069 3827 αὑτά
3108 3773 3177 3827 τὰ
3222 3774 3332 3827 τῶν
3368 3775 3624 3846 μοναχῶν

2039 3871 2331 3944 σιτηρέσια
2391 3868 2461 3922 τὰ
2518 3867 2938 3936 ἀναγκαιότατα
2972 3884 2987 3901 ο
3032 3867 3129 3921 acati.
3170 3867 3363 3929 ἁπλῶς
3421 3869 3622 3936 εἰπεῖν,

2038 3966 2246 4036 οἴχεται
2275 3964 2387 4026 πᾶς
2420 3960 2707 4024 εὐσεϐείας
2741 3961 2943 4032 τρόπος
2988 3960 3142 4033 παρὰ
3190 3961 3301 4014 τῶν
3341 3962 3625 4034 κτητόρων

2039 4057 2354 4127 ὲπινοηθεὶς
2412 4057 2471 4108 ὲν
2518 4057 2629 4119 τοῖς
2662 4053 2828 4117 θείοις
2873 4055 3025 4118 ναοῖς
3071 4054 3163 4107 καὶ
3201 4055 3315 4116 τοῖς
3369 4055 3624 4124 μοναχοῖς

2041 4150 2138 4205 καὶ
2166 4151 2286 4212 ταῖς
2323 4146 2683 4218 μοναστρίαις
2713 4144 2812 4218 [αι.
2846 4147 2956 4209 τοῖς
2989 4144 3425 4217 μοναστηρίοις].
3468 4146 3535 4198 Ἠ
3562 4144 3625 4197 δὲ

2039 4239 2121 4302 εἰς
2150 4236 2219 4291 τὰ
2244 4235 2473 4291 τοιαῦτα
2506 4235 2778 4306 πρότερον
2809 4233 3148 4305 ἐπιρρέουσα
3179 4232 3465 4303 πρόσοδος,
3495 4248 3625 4300 μετ-

2040 4323 2319 4396 ωχετεύθη
2347 4323 2441 4389 ἐπὶ
2483 4322 2577 4375 τὸν
2614 4321 2815 4376 πλάνον
2834 4321 3042 4392 κόσμον
3058 4321 3153 4374 καὶ
3176 4320 3621 4392 κοσμοκράτορα.

2040 4416 2157 4488 Πρδ
2182 4417 2238 4470 δὲ
2264 4415 2473 4469 τούτων
2501 4414 2594 4468 καὶ
2627 4416 2766 4484 μετὰ
2802 4412 3034 4477 τούτων,
3078 4412 3376 4483 ἐσχόλασεν
3418 4411 3626 4476 εὐθέως

352 4490 643 4563 disciplina
688 4496 1052 4554 monachalis.
1114 4497 1232 4556 Non
1266 4501 1410 4556 enim
1474 4503 1708 4574 amplius
1754 4515 1930 4562 manet

2043 4511 2151 4575 πᾶς
2186 4507 2389 4574 κανὼν,
2423 4508 2520 4562 καὶ
2546 4508 2740 4573 τύπος,
2773 4506 2867 4560 καὶ
2894 4505 3050 4571 τάξις
3083 4505 3381 4577 μοναχική.
3420 4504 3624 4557 Οὐκέτι

355 4586 634 4653 υνξεροείιί
661 4589 984 4658 auctoritas,
1021 4606 1124 4646 non
1153 4603 1349 4660 metus,
1378 4609 1485 4649 non
1511 4596 1809 4664 humilitas,
1834 4615 1930 4656 nec

2042 4602 2151 4673 γὰρ
2195 4600 2496 4673 ἡγουμένου
2520 4597 2761 4666 ἐξουσία,
2801 4598 2863 4651 οὐ
2902 4597 3097 4667 φόϐος,
3153 4597 3215 4650 οὐ
3269 4596 3624 4661 ταπείνωσις,

358 4675 509 4732 aliud
547 4694 578 4733 e
602 4679 777 4736 bonis.
833 4681 1102 4738 Cancrum
1134 4683 1286 4741 hisce
1318 4686 1474 4744 malis
1532 4699 1788 4747 contenta
1820 4708 1930 4749 non

2040 4695 2165 4751 οὔτε
2197 4714 2251 4749 τι
2297 4694 2428 4748 ἄλλο
2476 4693 2586 4747 τῶν
2635 4691 2879 4760 ἀγαθῶν.
2919 4692 3036 4744 Οὐκ
3075 4691 3327 4762 ἠρκέσθη
3358 4690 3470 4761 γὰρ
3509 4692 3625 4753 τοῖς

352 4768 457 4823 fuit
481 4769 985 4829 charisticariorum
1018 4774 1372 4847 improbitas;
1402 4780 1500 4836 sed
1531 4796 1638 4837 non
1667 4787 1930 4855 tangenda

2039 4786 2308 4851 τοιούτοις
2353 4788 2545 4848 κακοῖς
2591 4785 2624 4856 ή
2659 4783 2769 4837 τῶν
2815 4783 3258 4853 χαριστικαρίων
3299 4780 3571 4852 μοχθηρία
3604 4794 3624 4814 ο

352 4862 516 4918 etiam
555 4864 807 4936 arripuit.
838 4864 938 4922 Hei
980 4867 1113 4925 mihi
1141 4871 1156 4925 ι
1190 4870 1361 4941 ipsam
1387 4888 1603 4946 quoque
1636 4877 1827 4934 adorta
1852 4887 1937 4936 est

349 4968 568 5029 sacram
625 4956 824 5014 divinae
881 4962 1240 5029 professionis
1288 4963 1676 5024 initiationem.
1712 4970 1938 5028 Scilicet

352 5059 508 5102 sacra
567 5051 960 5108 monachorum
1018 5055 1106 5110 lex
1165 5059 1435 5127 praecipit,
1493 5071 1552 5115 ut
1580 5064 1671 5133 qui
1728 5068 1936 5123 mundo

360 5139 654 5211 m‘mdiqne
681 5141 846 5198 rebus
871 5143 983 5213 jam
1031 5149 1333 5216 renuntiat,
1365 5166 1395 5205 a
1430 5155 1753 5211 monasterii
1796 5171 1938 5225 pree-

353 5235 535 5305 posito
564 5250 629 5292 ac
664 5235 928 5296 fratribus
957 5238 1293 5311 recipiatur;
1339 5258 1437 5315 per
1481 5246 1753 5317 integrum
1805 5264 1936 5305 vero

2040 4880 2157 4937 ἀλλ’
2187 4877 2524 4949 ὲπεδράξατο
2568 4876 2663 4930 καὶ
2695 4875 2807 4929 τῶν
2846 4874 3164 4945 ἀψαύστων.
3225 4873 3623 4943 Κατετόλμησε

2043 4975 2175 5044 γὰρ,
2214 4971 2386 5042 οἴμοι,
2434 4971 2531 5024 καὶ
2582 4969 2756 5039 αὐτῆς
2795 4968 2896 5039 τῆς
2937 4968 3094 5039 ίερᾶς
3135 4964 3229 5021 τοῦ
3264 4965 3414 5020 θείου
3450 4967 3628 5033 ἐπαγ-
3726 4960 3736 4967 ’

2043 5065 2319 5136 γέλματος
2346 5060 2597 5131 τελετῆς.
2641 5060 2700 5114 Ὀ
2744 5059 2846 5132 μὲν
2896 5058 3005 5130 γὰρ
3039 5058 3188 5129 ἱερὸς
3219 5059 3333 5112 τῶν
3372 5057 3628 5129 μοναχῶν

2043 5155 2249 5227 θεσμὸς
2272 5148 2735 5223 παρακελεύεται,
2766 5149 2859 5204 τὸν
2893 5148 3019 5216 ἄρτι
3054 5148 3133 5219 τῷ
3164 5148 3360 5219 κόσμῳ
3386 5147 3481 5200 καὶ
3506 5147 3624 5208 τοῖς

2044 5252 2104 5304 ὲν
2158 5247 2354 5318 κόσμῳ
2407 5241 2883 5314 ἀποτασσόμενον,
2939 5238 3304 5310 ὑποδέχεσθαι
3338 5238 3494 5310 παρά
3528 5239 3626 5295 τοῦ

1510 5405 1695 5468 Joan.
1728 5406 1907 5486 Bapt.
1946 5404 2249 5471 Cotelerii
2277 5409 2466 5468 notes.

429 5543 875 5615 (15)Ψυχικόν.
934 5542 1050 5600 Hoc
1099 5545 1315 5615 nomine
1373 5547 1707 5603 recentiores
1755 5547 1931 5604 Graeci

355 5611 755 5687 eleemosynam
774 5615 999 5687 donant.
1030 5614 1484 5687 lnResponsione
1504 5618 1838 5673 Balsamonis
1864 5620 1930 5674 ad

357 5683 844 5758 interrogationem
890 5686 1297 5758 57:1“th
1344 5685 1592 5758 ψυχικῶν
1639 5687 1932 5742 διαδόσεων

357 5753 479 5829 ⁸ταῖς
527 5753 848 5829 ἐκκλησίαις
896 5755 1051 5829 ποιρά
1078 5757 1243 5829 τινῶν
1265 5753 1727 5829 ’προσιρερόμενα.
1761 5760 1930 5824 Quem

358 5820 538 5898 locum
567 5820 765 5898 frustra
794 5835 964 5880 tentat
983 5820 1074 5881 'vir
1095 5827 1291 5883 doctus
1320 5820 1460 5898 not's
1486 5820 1931 5898 ad'h‘ulgerftium

360 5890 719 5960 Fcrrandum,
776 5898 1081 5964 reponsude
1133 5896 1383 5973 ψυχικῶν
1431 5890 1748 5956 διαθέσεων.
1793 5899 1911 5958 Cuu

2044 5547 2329 5603 Balsamon
2360 5545 2524 5610 idem,
2552 5555 2827 5612 exponens
2852 5555 3118 5612 canpnem
3142 5539 3624 5612 Carthaginensem

2043 5618 2133 5685 84,
2170 5633 2236 5690 ex
2270 5609 2517 5690 ‘Novella
2560 5609 2899 5690 Constantini
2946 5609 3428 5690 Porphyrogeni'tae
3458 5609 3627 5690 ψυχιο

2039 5680 2143 5751 κάξ
2174 5686 2441 5747 διαδόσεις
2480 5693 2757 5752 agnoscat.
2807 5680 3299 5752 animwsulutares
3349 5698 3412 5734 ac
3465 5680 3624 5748 spiri-

2040 5750 2209 5812 tuules
2252 5750 2583 5825 largitiones.
2628 5752 2764 5825 Vide
2801 5755 2960 5825 sodgs
2988 5750 3275 5825 Georgium
3317 5753 3618 5825 Qedrenum

2040 5829 2175 5899 Reg.
2205 5818 2417 5899 ιθιΙίιῘι)Ἰ
2437 5826 2542 5882 598
2564 5823 2655 5896 D.,
2689 5824 2870 5896 ibique
2889 5821 3052 5880 Goari
3080 5818 3298 5879 Notam.
3321 5818 3619 5877 Fabrotum

2040 5897 2203 5957 etiam
2232 5897 2473 5954 consule.
