4088 6430
397 379 531 443 Illi

397 500 497 567 τῆς
542 492 711 565 μονῆς
747 485 1088 560 προεστῶτος
1119 481 1212 535 καὶ
1246 479 1352 532 τῶν
1393 473 1664 542 ἀδελφῶν,
1685 467 1979 538 δοκιμάζε-
2008 471 2050 524 Α

401 591 526 645 σθαι
576 588 631 640 δὲ
678 584 840 638 αὐτὸν
877 581 970 634 ἐπὶ
1020 575 1262 647 τριετίαν
1294 572 1448 640 ὅλην,
1480 569 1530 620 εἰ
1560 566 1784 619 δύναται
1818 559 1976 626 γενέ-

405 682 533 735 σθαι
570 675 806 750 μοναχός
835 687 850 703 ⁸
885 671 982 726 καὶ
1027 671 1076 721 εἰ
1131 666 1231 738 μὲν
1267 665 1410 732 φανῇ
1466 657 1800 726 ἐπιτήδειος,
1846 655 1980 707 ἁπο-

408 770 712 842 ιιείρεσθαι,
747 764 842 819 καὶ
867 763 943 833 τῷ
974 761 1163 831 κλήρῳ
1186 757 1294 811 τῶν
1338 751 1682 823 μοναζόντων
1709 763 1983 814 συγκατα-

409 839 663 933 λέγεσθαι
707 876 721 892 ο
777 859 826 912 εἰ
881 856 925 909 δ’
979 852 1066 930 οὒ,
1145 845 1587 919 ἐπαναστρέφειν
1635 841 1795 896 αὐτὸν
1862 839 1985 892 ὅθεν

411 929 662 1030 ἐλῆλυθε.
720 954 830 1009 Καὶ
871 929 1222 1018 ἀποκαρέντα
1270 943 1328 997 δὲ
1369 939 1584 1004 τοῦτον,
1619 938 1648 990 ὁ
1701 929 1988 1004 προεστὼς

412 1047 752 1121 παραδίδωσί
811 1060 918 1098 τινι
979 1041 1088 1096 τῶν
1157 1037 1258 1106 τὴν
1326 1029 1634 1104 ἀσκητικὴν
1696 1025 1842 1096 ζωὴν
1895 1022 1988 1076 καὶ

413 1142 620 1212 ἀρετὴν
677 1134 1136 1208 κατορθωκότων,
1173 1128 1270 1182 ἐπὶ
1299 1127 1374 1197 τῷ
1428 1121 1845 1191 στοιχειωθῆναι
1899 1115 1991 1168 ὑπ’

415 1234 585 1288 αὑτοῦ
645 1233 723 1294 είς
765 1230 865 1301 τὴν
899 1227 1100 1297 τέχνην
1151 1223 1261 1276 τῶν
1303 1218 1510 1289 τεχνῶν
1552 1215 1645 1269 καὶ
1681 1211 1994 1280 ἐπιστήμην

417 1326 528 1380 τῶν
566 1319 890 1393 ἐπιστημῶν
946 1335 960 1350 ο
1010 1317 1154 1386 φημὶ
1179 1314 1254 1386 [Eii
1297 1312 1399 1383 τὴν
1439 1307 1740 1380 μοναχικὴν
1776 1304 1994 1372 φιλοσο-

422 1418 574 1486 φίαν.
619 1414 852 1468 Κελλίου
910 1413 968 1466 δέ
1035 1407 1349 1472 ἰδιαζόντως
1405 1405 1527 1457 τότε
1585 1399 1856 1466 ἀξιοῦται,
1908 1397 1997 1448 ὅτε

421 1510 626 1580 δηλαδὴ
675 1510 869 1580 ἀρκεῖν
899 1507 1063 1560 αύτδν
1094 1501 1274 1571 ἐαυτῷ
1300 1502 1380 1563 εἰς
1413 1495 1692 1566 σωτηρίαν
1723 1491 1877 1562 παρὰ
1905 1488 1997 1541 τοῦ

427 1601 772 1671 προεστῶτος
829 1597 1176 1668 κριθήσεται.
1247 1592 1359 1645 Καὶ
1426 1588 1569 1642 οὕτω
1620 1585 1720 1656 μὲν
1775 1583 1805 1634 ὁ
1857 1579 2000 1649 ἱερὸς

427 1670 628 1764 θεσμός
681 1708 740 1745 τε
799 1691 894 1742 καὶ
949 1686 1202 1757 θεμέλιος
1264 1681 1409 1753 ἀρχή
1473 1696 1535 1731 τε
1577 1679 1672 1730 καὶ
1726 1672 1852 1745 ῥίζα
1903 1670 2002 1740 τῆς

429 1761 583 1850 θείας
627 1784 880 1847 εὺςωῖας.
920 1781 986 1834 Ἢ
1031 1779 1088 1832 δέ
1119 1776 1355 1846 ἄθεσμος
1392 1769 1649 1841 πονηρία,
1679 1767 1770 1819 τὸν
1802 1761 2004 1833 θεσμὸν
2041 1811 2080 1864 Β

431 1879 759 1951 ἀναιροῦσα,
796 1876 1128 1946 πρόσταγμα
1171 1870 1448 1939 ἔγγραφον
1486 1863 1838 1932 καταπέμπει
1869 1857 2008 1929 πρὸς

432 1975 524 2027 τὸν
559 1970 884 2042 ἡγούμενον,
917 1965 1120 2021 οὑτωσὶ
1143 1961 1422 2032 περιέχονο
1446 1957 1537 2012 τὸν
1561 1956 1709 2009 δεῖνα
1737 1952 2009 2020 ἐτάξαμεν

435 2064 676 2132 ἀδελφὸν
709 2064 788 2123 εἰς
817 2060 918 2129 τὴν
972 2055 1064 2125 ὑφ’
1113 2055 1260 2123 ἡμᾶς
1304 2050 1404 2122 [αι.
1444 2046 1566 2102 καθ’
1609 2041 1779 2116 ὑμᾶς]
1818 2041 2009 2112 μονὴν,

436 2159 531 2210 καὶ
563 2131 662 2224 [οἱ.
691 2151 815 2223 τὴν]
843 2152 1016 2212 δεῖνα,
1051 2148 1145 2200 καὶ
1173 2141 1464 2214 παράλαϐε
1508 2137 1696 2204 αὑτὸν,
1734 2131 2014 2204 καθηγού-

442 2267 595 2322 μενε,
631 2248 728 2301 καὶ
757 2244 1082 2313 ἁπόκειρον,
1115 2241 1212 2292 καὶ
1247 2238 1504 2308 πάρασχε
1527 2230 1678 2301 αὑτῷ
1711 2228 1900 2282 κελλία
1935 2227 2016 2287 είς

439 2343 650 2399 οἰκείαν
699 2338 1018 2408 καταμονὴν
1066 2333 1162 2388 καὶ
1196 2331 1504 2384 ἀνάπαυσιν
1539 2343 1552 2359 ·
1598 2321 1924 2394 λαμϐανέτω
1961 2319 2017 2371 δέ

444 2440 540 2493 καὶ
574 2435 760 2499 αὐτὸς,
789 2436 842 2487 εἴ
866 2450 920 2486 τι
953 2429 1050 2484 καὶ
1079 2427 1129 2480 οἱ
1160 2423 1342 2478 λοιποὶ⁵
1370 2420 1593 2488 ἀδελφοὶ
1625 2415 1972 2487 λαμϐάνουσι
2000 2427 2016 2442 °

446 2530 674 2600 ποίησον
706 2527 764 2580 δέ
809 2525 903 2578 καὶ
934 2523 993 2576 τὸ
1028 2516 1151 2574 ἴσον
1197 2517 1294 2586 τῆς
1321 2511 1606 2584 παρούσης
1652 2509 1810 2580 ἡμῶν
1849 2523 2021 2578 προσ-

444 2598 676 2689 τάξεως,
712 2617 809 2674 καὶ
839 2616 1024 2678 ἐπίδος
1073 2612 1154 2682 τῷ
1195 2607 1426 2678 τοιούτῳ
1458 2607 1539 2667 είς
1569 2602 1892 2672 ἀσφάλειαν.
1914 2598 2024 2652 Καὶ

452 2713 631 2768 ταῦτα
663 2708 786 2780 μὲν,
822 2707 916 2761 ἐάν
947 2721 1032 2765 τις
1066 2701 1176 2758 τῶν
1210 2693 1625 2766 εύλαὸεστέρων
1659 2693 1744 2761 εἴη
1772 2705 2024 2760 χαριστι-

451 2807 687 2877 καρίων,
724 2804 774 2856 εί
805 2802 861 2855 δέ
899 2799 1011 2852 τῶν
1039 2795 1213 2858 ἄλλως
1244 2795 1479 2863 ἐχόντων
1507 2792 1682 2848 ἐστὶν,
1718 2786 1840 2839 οὐδὲ
1863 2783 2026 2853 ψιλῆς

452 2875 819 2971 προσρήσεως
879 2892 970 2946 τὸν
1016 2889 1324 2960 ἡγούμενον
1375 2885 1560 2948 ἀξιοῖ·
1616 2879 1755 2933 ἀλλὰ
1790 2876 1926 2948 πρὸς
1968 2875 2029 2928 ὃν

453 2964 727 3058 ἐπέστη-σε
759 2985 830 3039 τὰ
857 2982 962 3052 τῆς
1008 2981 1179 3051 μονῆς
1219 2973 1572 3047 προνοεῖσθαι
1605 2969 1896 3041 ἄνθρωπον
1932 2964 2032 3018 αὐ-

453 3082 573 3145 τοῦ,
603 3057 663 3134 τό
685 3078 863 3150 ,ρηθέν
885 3071 1210 3129 ἀποστέλλει
1239 3067 1576 3140 πρόσταγμα
1603 3081 1616 3096 ·
1645 3063 1768 3117 οὑδέ
1797 3061 1846 3114 εί
1885 3057 2033 3111 ἔστιν

1180 365 1280 424 DE
1324 351 1852 422 MONASTERIIS
1889 347 2147 410 LAICIS
2189 344 2344 408 NON
2381 339 2847 404 TRADENDIS.

3516 328 3656 392 11-ίῖ

2083 463 2377 519 triennium
2417 459 2698 529 probetur,
2755 471 2822 508 an
2873 452 2988 508 ﬁeri
3014 449 3194 520 possit
3230 447 3568 512 monachus;
3601 456 3656 502 et

2079 559 2127 614 si
2152 556 2369 627 quidem
2405 554 2552 607 visus
2588 548 2748 602 fuerit
2781 546 3027 606 idoneus,
3080 539 3390 602 tondeatur,
3433 546 3490 594 et
3536 552 3659 592 coo-

2084 661 2266 723 ptetur
2300 647 2367 702 ad
2411 645 2800 700 monachorum
2849 634 3176 705 collegium;
3217 632 3299 687 sin
3354 629 3538 684 minus
3569 643 3656 682 re-

2084 746 2210 801 deat
2243 743 2384 796 unde
2431 737 2705 808 profectus
2731 741 2835 788 est.
2892 731 3012 787 Jam
3055 744 3184 784 vero
3231 736 3444 780 tonsum
3509 723 3660 778 illum

2089 835 2410 908 praepositus
2436 828 2600 886 tradit
2654 827 2870 882 cuidam
2928 836 3116 878 eorum
3179 819 3269 888 qui
3321 817 3372 871 in
3423 815 3662 876 ascetica

2089 905 2214 984 vita?
2253 934 2308 982 et
2330 927 2528 980 virtute
2565 918 2902 994 praecellunt,
2931 923 2992 970 ut
3020 915 3088 968 ab
3141 926 3206 966 eo
3236 907 3552 964 instituatur
3609 905 3664 960 in

2092 1033 2211 1078 arte
2241 1019 2437 1075 artium
2487 1031 2552 1070 ac
2609 1011 2842 1069 scientia
2893 1006 3297 1068 scientiarum;
3336 998 3664 1061 monastica,

2094 1115 2338 1182 inquam,
2392 1105 2700 1176 disciplina.
2741 1100 2894 1154 Tunc
2943 1113 3073 1152 vero
3112 1107 3365 1151 seorsum
3395 1090 3534 1146 cella
3568 1089 3670 1144 do-

2096 1217 2276 1269 natur,
2304 1201 2522 1274 quando
2549 1209 2743 1266 nempe
2766 1196 2883 1262 ipse
2919 1189 3018 1246 sibi
3056 1188 3120 1242 ad
3155 1186 3384 1242 salutem
3419 1180 3672 1238 sufficere

2099 1316 2127 1355 a
2155 1271 2409 1372 praefecto
2431 1290 2783 1363 judicabitur.
2828 1285 3007 1354 Atque
3032 1283 3106 1336 ita
3131 1278 3350 1351 quidem
3374 1290 3531 1331 sacra
3557 1271 3671 1336 lex,

2102 1393 2534 1451 fundamentum,
2575 1381 2900 1456 principium
2941 1387 2995 1434 et
3027 1375 3180 1430 radix
3221 1372 3419 1428 divina:
3473 1369 3680 1423 beatae-

2101 1503 2208 1559 que
2257 1487 2400 1541 vitaz.
2453 1485 2520 1536 At
2563 1479 2718 1536 exlex
2769 1473 2974 1530 malitia
3004 1471 3179 1540 legem
3214 1473 3492 1530 evertens,
3517 1475 3677 1516 man-

2103 1585 2288 1636 datum
2342 1578 2602 1645 scriptum
2640 1573 2706 1626 ad
2761 1571 3122 1640 hegumenum
3194 1575 3289 1617 seu
3325 1555 3680 1628 praepositum

2106 1670 2294 1732 mittit,
2343 1666 2486 1736 quod
2529 1664 2602 1718 ita
2656 1657 3079 1729 complectitur:
3117 1651 3269 1707 illum
3301 1646 3682 1704 constituimus

2110 1762 2334 1816 fratrem
2370 1759 2423 1812 in
2455 1751 2785 1810 monasterio
2822 1758 3010 1804 nostro
3037 1745 3130 1800 illo
3159 1759 3174 1808 ;
3204 1752 3256 1798 et
3287 1739 3506 1807 sescipe
3535 1749 3683 1798 eum,

2111 1851 2421 1926 praeposite,
2447 1864 2511 1902 ac
2547 1845 2802 1910 tonde,et
2833 1842 2982 1896 trade
3001 1838 3048 1892 ei
3080 1833 3318 1891 cellasiu
3342 1829 3686 1886 mansionem

2113 1916 2266 2000 suam
2315 1949 2371 1995 et
2421 1937 2708 2006 requiem:
2764 1933 2881 2003 ipse
2933 1929 3098 1984 etiam
3133 1923 3367 1993 accipiat
3427 1916 3690 1989 quidquid

2116 2037 2308 2104 reliqui
2331 2034 2527 2088 fratres
2563 2028 2833 2100 accipiunt
2870 2041 2885 2080 :
2937 2020 3100 2076 facito
3145 2027 3359 2086 quoque
3381 2007 3690 2077 exemplum

2118 2130 2342 2200 hujusce
2376 2124 2544 2179 nostri
2581 2118 2845 2180 mandati,
2879 2130 2945 2170 ac
2997 2110 3232 2182 praabelo
3273 2105 3364 2160 tali
3416 2103 3483 2156 ad
3538 2115 3696 2155 secu-

2120 2222 2361 2276 ritatem.
2409 2217 2589 2286 Atque
2621 2213 2738 2267 hazc
2771 2209 3015 2280 quidem,
3079 2203 3124 2258 si
3156 2201 3248 2256 ille
3285 2199 3427 2252 inter
3474 2191 3695 2261 religio-

2123 2318 2297 2372 siores
2361 2305 2770 2365 charisticarios
2821 2302 3000 2356 locum
3055 2302 3225 2350 tenet.
3270 2290 3407 2346 Nam
3455 2285 3504 2344 si
3551 2286 3698 2339 inter

2123 2407 2282 2462 aliter
2326 2402 2548 2458 affectos
2595 2405 2873 2455 censetur,
2901 2404 3077 2458 neque
3099 2383 3332 2456 simplici
3364 2377 3716 2437 salutatione,

2124 2503 2486 2569 hcgumenum
2520 2493 2770 2562 dignatur
2797 2506 2813 2558 ;
2845 2487 2938 2542 sed
2969 2485 3032 2537 ad
3056 2496 3179 2536 eum
3211 2490 3372 2548 quem
3416 2469 3704 2529 constituit

2125 2607 2184 2650 ut
2219 2593 2378 2648 rebus
2399 2581 3031 2652 monasteriiprovideat,
3065 2572 3345 2628 hominem
3378 2579 3558 2628 suum,
3584 2575 3704 2616 mc-

2129 2692 2396 2743 moratum
2428 2679 2593 2733 mittit
2622 2655 2972 2730 mandatum;
3019 2677 3195 2733 neque
3227 2677 3296 2715 an
3326 2659 3398 2714 sit
3439 2652 3701 2725 praeposi-

2132 2782 2214 2827 tus
2247 2739 2471 2839 cogitat.
2506 2761 2918 2819 Labefactatum
2968 2756 3135 2828 igitur
3180 2750 3324 2806 illico
3353 2753 3436 2802 est
3499 2739 3706 2813 princi-

2130 2833 2699 2934 piumIsubtractum
2744 2847 2848 2906 finit
2892 2847 3304 2902 fundamentum
3355 2835 3525 2906 divini
3569 2833 3704 2889 aedi-

2135 2925 2267 3018 licii,
2288 2925 2356 3006 ret
2389 2947 2543 3003 radix
2561 2943 2797 3001 exaruit.
2820 2935 3170 3009 Labefactato
3199 2943 3379 2986 autem
3410 2925 3728 2998 principioh

2135 3057 2357 3100 necesse
2382 3047 2464 3096 est
2497 3035 2657 3093 simul
2681 3029 2992 3088 labefactari
3028 3036 3191 3082 totum
3221 3041 3237 3091 ;
3269 3021 3534 3078 subducto
3584 3017 3710 3072 fun-

454 3109 573 3145 του,
603 3109 690 3134 τυ.
737 3109 1210 3132 ιυενυιιιυυυεηη...
1247 3109 1482 3140 ..μνη-η
1541 3109 1576 3118 ..
1651 3109 1767 3117 ,---
1801 3109 1845 3114 --

454 3109 788 3245 ήγούμενὲοὲ,
826 3163 1267 3235 καθηγούμενος.
1301 3109 1587 3226 Διέφθεῖρε
1617 3153 1717 3225 [αἱ.
1751 3146 2032 3220 διέφθορε]

2138 3139 2413 3200 damento,
2444 3132 2611 3185 etiam
2664 3124 2950 3182 aedilicium
3002 3117 3318 3174 necessario
3372 3109 3620 3176 corruit;
3657 3115 3716 3162 et.

2222 3227 2317 3245 ιε--
2367 3220 2593 3245 ---..r.......
2663 3216 2801 3245 tt...“
2837 3224 3060 3245 nnnnccn
3089 3215 3167 3245 act
3203 3203 3480 3245 nnntinant
3505 3196 3709 3245 arbori.

457 3244 589 3335 γοῦν
626 3261 947 3334 παραυτίκα
983 3261 1016 3328 ἡ
1053 3255 1238 3328 ἁρχὴ,
1274 3252 1368 3305 καὶ
1402 3247 1654 3317 ὑπεσύρη
1701 3247 1726 3298 ὁ
1779 3244 2034 3314 θεμέλιος

457 3359 559 3429 τῆς
605 3355 760 3417 θείας
811 3349 1124 3420 οἰκοδομῆς,
1173 3345 1270 3398 καὶ
1320 3344 1354 3413 ἡ
1402 3341 1526 3412 ῥίζα
1557 3340 1877 3409 ἐξήρανται.
1922 3337 2035 3404 Τῆς

461 3427 640 3522 ἀρχῆς
663 3447 728 3516 ὀὲ
757 3442 1159 3515 διαφθαρείσης
1182 3477 1197 3501 ,
1231 3435 1444 3505 ἀνάγκη
1476 3429 1942 3498 συνδιαφθαρῆναι
1975 3427 2036 3478 τὸ

463 3545 571 3596 πᾶν
593 3559 608 3572 ·
635 3540 732 3593 καὶ
759 3536 853 3591 τοῦ
887 3531 1143 3605 θεμελίου
1173 3524 1645 3585 ὑποσπασθέντος,
1694 3518 1910 3586 ἀνάγκη
1940 3515 2037 3568 καὶ

463 3636 562 3705 τὴν
608 3631 900 3699 οἰκοδομὴν
960 3618 1465 3693 συγκατενεχθῆναι
1497 3632 1510 3646 ·
1572 3616 1679 3667 καὶ·
1710 3612 1812 3680 τῆς
1877 3608 2036 3679 ῥίζης

468 3701 856 3798 ξηρανθείσης,
894 3723 1110 3790 ἀνάγκη
1155 3717 1249 3771 καὶ
1283 3713 1345 3767 τὸ
1378 3713 1628 3782 δένδρον·
1675 3709 1888 3778 ἤργησε
1929 3701 2039 3773 γὰρ

467 3822 686 3883 αὐτίκα,
717 3820 864 3871 πᾶσα
893 3816 1255 3873 θεόπνευστος
1285 3803 1609 3862 διδασκαλία
1649 3803 1756 3854 τῶν
1775 3816 2039 3870 προειρη-

473 3911 650 3980 μένων
699 3902 1006 3960 θεσπεσίων
1055 3899 1344 3969 Πατέρων,
1398 3893 1532 3963 περὶ¹
1583 3889 1890 3958 άποταγῆς,
1949 3887 2042 3940 καὶ

468 3997 773 4065 ὑποταγῆς,
813 3993 910 4046 καὶ
943 3986 1317 4056 είσαγωγικῆς
1354 3981 1772 4052 στοιχειώσεως,
1809 3977 1906 4030 καὶ
1952 3977 2044 4029 ἐκ·

471 4089 648 4155 κοπῆς
692 4084 1004 4153 θελήματος
1047 4076 1390 4132 συντεθεῖσα.
1425 4073 1645 4127 Τούτων
1694 4070 1752 4123 δὲ
1801 4068 1876 4139 μὴ
1906 4085 2045 4140 προ-

474 4176 841 4250 ὓπαρξάντων
900 4171 979 4242 τῷ
1042 4169 1276 4240 μονάσαι
1342 4165 1573 4229 θέλοντι,
1639 4162 1762 4216 οὐδέ
1812 4159 1941 4214 ἄλλο
1993 4175 2047 4211 τι

474 4273 697 4334 πάντως
721 4267 917 4338 ἕψεται
943 4263 1052 4317 τῶν
1079 4260 1244 4315 θείων
1276 4258 1372 4312 τοῦ
1405 4254 1786 4326 πνευματικοῦ
1829 4255 1925 4309 καὶ
1952 4270 2047 4322 μο-

475 4362 704 4436 ναχικοῦ
741 4361 909 4430 νόμου
949 4351 1456 4429 παραγγελμάτων.
1490 4351 1601 4421 Τῆς
1643 4350 1752 4421 γὰρ
1777 4348 1891 4403 τοῦ.
1917 4365 2052 4417 προ-

477 4457 719 4517 εστῶτος
761 4450 1018 4518 ἐξουσίας
1073 4445 1429 4518 ἀνῃρημένης
1481 4441 1586 4494 ὑπὸ
1637 4441 1736 4510 τῆς
1775 4441 2052 4509 κοσμικῆς

2142 3227 2324 3281 radice
2364 3220 2620 3284 arefacta,
2663 3216 2805 3270 idem
2837 3224 3060 3268 necesse
3089 3215 3174 3262 est
3203 3203 3480 3272 contingat
3505 3196 3709 3253 arbori.

2140 3317 2263 3372 Mox
2291 3315 2436 3371 enim
2492 3308 2725 3366 cessavit
2752 3303 2930 3360 omnis
2985 3298 3245 3356 divinitus
3279 3294 3548 3364 inspirata
3570 3302 3715 3359 pra:—

2142 3414 2411 3470 dictorum
2471 3414 2784 3461 sanctorum
2853 3398 3076 3452 Patrum
3135 3387 3419 3452 doctrina,
3475 3399 3596 3454 qua:
3650 3381 3718 3436 de

2143 3503 2572 3564 renuntiatione,
2590 3493 2922 3556 obedientia,
2941 3485 3337 3544 introductoria
3356 3478 3721 3539 institutione,

2147 3616 2208 3655 ac
2234 3597 2510 3654 escisione
2542 3587 2839 3646 voluntatis
2869 3584 3001 3654 agit.
3055 3582 3182 3636 Haec
3207 3588 3391 3634 autem
3423 3575 3477 3629 in
3509 3587 3575 3628 eo
3628 3567 3723 3639 qui

2147 3690 2501 3748 monasticam
2558 3684 2724 3739 vitam
2778 3680 2976 3734 ducere
3027 3675 3143 3730 vult
3180 3675 3228 3728 si
3283 3684 3392 3725 non
3433 3665 3721 3737 prmexstio

2148 3785 2336 3846 teriut,
2392 3792 2568 3848 neque
2617 3772 2764 3827 aliud
2818 3768 3042 3825 omnino
3098 3765 3404 3822 divinorum
3460 3753 3728 3828 spiritalis

2149 3889 2204 3935 et
2239 3847 2551 3932 monasticat
2585 3867 2722 3937 legis
2762 3871 3157 3933 praeceptorum
3203 3859 3483 3923 sequetur.
3512 3847 3724 3914 Quippe

2151 3969 2452 4041 superioris
2516 3963 2842 4019 auctoritate
2882 3970 2990 4027 per-
3032 3949 3348 4006 saecularem
3401 3946 3724 4013 potestatem

2153 4063 2386 4124 sublata,
2429 4059 2569 4113 sicut
2603 4055 2807 4110 dictum
2860 4059 2967 4112 est,
3004 4057 3059 4101 et
3095 4037 3363 4112 corporali
3395 4031 3726 4091 necessitate

2157 4173 2260 4212 non
2293 4170 2387 4224 per
2423 4153 2619 4219 ipsum,
2672 4144 2768 4201 sed
2807 4157 2903 4212 per
2931 4134 3374 4196 charisticarium
3439 4125 3728 4185 monachis

2155 4221 2404 4321 praebita,
2446 4244 2570 4314 quis
2593 4253 2778 4296 eorum
2808 4235 2884 4290 illi
2934 4232 3178 4290 attendet
3201 4229 3225 4283 ?
3247 4227 3378 4293 Quis
3406 4238 3530 4279 cum
3563 4221 3732 4274 timc-

2157 4309 2278 4398 bit?
2322 4309 2881 4405 Quis—obtemperabit
2932 4321 3204 4380 mandatis
3234 4318 3398 4386 ejus?
3453 4315 3586 4382 Quis
3625 4309 3738 4379 spi-

2161 4436 2370 4493 ritalem
2402 4440 2701 4490 cauterem,
2733 4424 2818 4480 vel
2858 4422 3178 4481 sectionem,
3237 4413 3321 4470 vel
3352 4422 3574 4481 parvam
3605 4418 3738 4460 sane

477 4547 754 4615 ἐξουσίας,
786 4543 862 4607 ὼς
894 4541 1137 4613 εἴρηται,
1171 4537 1272 4608 τῆς
1295 4497 1614 4605 σωματικῆς
1643 4497 1704 4584 τὲ
1729 4497 1918 4602 χρεία-ς
1941 4497 2045 4594 τοίς

2164 4524 2642 4600 reprehensionem
2693 4514 2996 4573 admittet?
3031 4512 3129 4567 His
3169 4522 3302 4564 vero
3331 4519 3393 4560 ac
3421 4497 3737 4571 huiusmodi

485 4640 742 4712 μοναχοῖς
773 4637 872 4706 οὐχ
897 4631 986 4688 ὑπ’
1017 4629 1206 4693 αὐτοῦ,
1228 4629 1342 4684 ἀλλ’
1375 4627 1481 4680 ὑπὸ
1513 4623 1609 4679 τοῦ
1635 4623 2055 4696 χαριστικαρίου

483 4729 892 4802 παρεχομένης,
942 4725 1029 4789 τίς
1081 4723 1263 4778 αὐτῶν
1293 4720 1373 4792 τῷ
1404 4717 1712 4792 προεστῶτι
1758 4717 2055 4790 προσέξει;

483 4825 568 4888 τίς
615 4821 1030 4891 φοϐηθήσεται;
1061 4815 1143 4880 τίς
1181 4816 1303 4878 ταῖς
1347 4812 1591 4874 ἐντολαῖς
1621 4809 1788 4863 αὐτοῦ
1830 4808 2060 4879 πειθαρ-

485 4919 664 4987 χὴσει;
697 4912 781 4973 τίς
806 4906 1180 4976 πνευματικὸν
1202 4904 1476 4974 καυτῆρα,
1506 4902 1539 4972 ἢ
1565 4900 1762 4971 τομὴν,
1788 4899 1820 4969 ἢ
1857 4896 2060 4968 μικρὰν

486 5007 622 5074 γοῦν
655 5004 982 5074 ἐπιτίμησιν
1013 4996 1413 5064 καταδέξεται;
1451 4994 1659 5048 τούτων
1711 4994 1768 5046 δὲ
1811 4992 1906 5046 καὶ
1950 4991 2062 5044 τῶν

490 5099 753 5153 τοιούτων
785 5093 1174 5164 ἀνῃρημένων,
1212 5089 1429 5157 ἀνάγκη
1469 5087 1588 5140 ἐστὶ
1623 5086 1807 5139 λοιπὸν
1831 5124 1846 5151 ,
1881 5085 2063 5138 πᾶσαν

490 5193 590 5258 τὴν
636 5187 936 5260 μοναχικὴν
969 5186 1060 5240 καὶ
1095 5182 1404 5254 ἀσκητικὴν
1436 5181 1716 5234 πολιτείαν
1765 5179 1860 5232 καὶ
1893 5177 2065 5231 κατά-

493 5301 682 5337 στασιν
723 5280 968 5351 οἴχεσθαι
1013 5275 1368 5346 πανωλεθρίᾳ
1389 5291 1402 5306 ·
1434 5274 1605 5344 μόνην
1635 5272 1734 5343 τὴν
1769 5269 2066 5343 περιϐολὴν

491 5376 566 5438 ὡς
597 5373 941 5444 προσωπεῖον
970 5369 1393 5438 περικειμένους
1433 5367 1578 5419 κατὰ
1603 5366 1695 5418 τὸν
1722 5363 1827 5428 ἔξω
1851 5363 2068 5433 ἄνθρω-

496 5484 618 5518 πον.
670 5462 834 5516 Ἀλλὰ
869 5461 964 5513 καὶ
997 5457 1136 5528 αὑτὴ
1167 5459 1199 5526 ἡ
1242 5455 1441 5521 ἔξωθεν
1479 5454 1784 5524 μόρφωσιςι
1820 5447 2072 5518 ἀπήρξα’

492 5577 556 5611 το
585 5558 684 5630 ῆδη
721 5550 1084 5622 ἀφανίζεσθαι
1105 5566 1116 5579 ·
1153 5548 1229 5611 ὡς
1261 5549 1409 5602 ἐστιν
1432 5547 1566 5616 όρᾷν
1594 5548 1675 5608 εἰς
1700 5544 1768 5598 τὰ
1796 5543 2060 5597 δεδουλω-

499 5652 638 5722 μένα
673 5645 964 5714 κοσμικοῖς
1005 5640 1372 5712 μοναστήρια.
1419 5637 1752 5710 Ἰσαρίθμιοι
1802 5637 1912 5704 γάρ
1965 5636 2073 5688 εἰσι

500 5739 690 5812 σχεδὸν
723 5739 836 5801 τοῖς
868 5733 1125 5806 μοναχοῖς
1147 5732 1198 5783 oi
1235 5731 1620 5801 ὲνταττόμενοι
1651 5729 1802 5801 παρὰ
1832 5728 1942 5781 τῶν
1980 5727 2074 5798 βα-

503 5833 696 5890 σιλέων
741 5829 832 5884 καὶ
860 5822 1296 5898 χαριστικαρίων
1324 5826 1584 5895 κοσμικοὶ
1607 5821 1830 5894 ἀδελφοὶ
1862 5823 2072 5891 ἐσωμον

2161 4622 2410 4685 sublatis,
2469 4615 2593 4670 inde
2658 4622 2881 4666 necesse
2945 4613 3050 4670 est,
3106 4615 3324 4658 omnem
3383 4591 3738 4650 monasticam
3818 4587 3821 4590 ’

2163 4711 2561 4777 asceticamque
2602 4705 2768 4759 vitam
2813 4712 2866 4755 et
2900 4695 3301 4754 institutionem
3360 4689 3542 4760 perire
3610 4685 3738 4736 fun-

2162 4806 2350 4868 ditus;
2403 4810 2565 4869 atque
2595 4794 2889 4850 monachos
2947 4791 3061 4847 solo
3117 4781 3448 4843 circumdari
3512 4777 3740 4837 amictu,

2167 4897 2338 4952 instar
2369 4895 2554 4955 larvas,
2591 4888 2888 4943 secundum
2917 4881 3245 4938 exteriorem
3303 4874 3602 4931 hominem.
3630 4867 3738 4922 Sed

2165 5006 2219 5052 et
2249 4996 2362 5065 ipsa
2397 4990 2641 5048 exterior
2695 4976 3207 5046 formatura,co°.pit
3246 4974 3357 5042 jam
3375 4980 3737 5025 evanescere:

2167 5098 2223 5143 ut
2261 5098 2484 5142 cernere
2532 5083 2690 5136 datur
2739 5078 2792 5130 in
2843 5069 3194 5128 monasteriis
3221 5079 3341 5136 quin
3391 5059 3744 5130 stecularibus

2167 5179 2428 5236 serviunt.
2490 5173 2609 5228 Non
2648 5171 2868 5226 totidem
2905 5163 3022 5220 fere
3056 5175 3120 5216 ac
3167 5155 3418 5214 monachi
3476 5160 3621 5217 sunt,
3653 5150 3744 5218 qui

2170 5276 2239 5329 ab
2285 5265 2708 5341 imperatoribus
2753 5271 2804 5317 et
2828 5255 3224 5316 charisticariis
3251 5251 3591 5308 collocantur
3636 5257 3742 5297 sae-

2171 5364 2386 5421 cularcs
2443 5359 2663 5422 fratres,
2714 5355 2859 5409 intra
2887 5349 3280 5406 monasterium
3339 5342 3650 5401 habitantes
3693 5343 3750 5388 ct

2173 5462 2326 5508 extra
2370 5448 2762 5504 monasterium
2794 5452 3096 5498 manentes.
3126 5441 3302 5507 Atque
3326 5436 3469 5490 intra
3500 5438 3747 5486 sanctam

2176 5544 2456 5599 mandram
2487 5559 2500 5607 ;
2539 5555 2572 5592 ο
2601 5553 2712 5594 rem
2749 5533 3075 5591 absurdam!
3125 5527 3416 5585 saecularcs
3478 5530 3748 5588 mactant,

2175 5647 2395 5688 carnem
2449 5629 2774 5694 comedunt,
2845 5622 3138 5691 tragmdias
3197 5627 3383 5688 agunt,
3444 5620 3750 5678 cunctaque

2178 5723 2458 5781 saecularia
2491 5722 2734 5778 instituta
2765 5722 3159 5787 persequuntur
3181 5707 3478 5780 cunLomni
3506 5705 3754 5762 licentia.

2145 5895 2148 5899 λ
2183 5820 2242 5874 Et
2269 5819 2390 5889 quis
2430 5815 2674 5888 ambigit,
2708 5813 2837 5884 quin
2888 5807 3218 5884 procedente
3242 5813 3481 5872 tempore
3507 5817 3569 5857 ac
3611 5799 3762 5854 male
