4088 6416
438 325 577 394 1113

1645 343 1974 407 JOANNIS
2014 347 2107 409 AN
2119 349 2492 410 TIOCIIENI

3572 365 3708 432 “£4

437 465 789 522 progressum
844 452 1104 522 faciente,
1158 460 1490 513 monasteria
1515 461 1732 530 penitus
1753 464 1996 520 vertenti:

2128 469 2273 522 νῖται
2327 468 2422 522 καὶ
2471 469 2820 540 ὲξωμονῖται.
2876 472 2986 526 Καὶ
3017 473 3224 528 ἔσωθεν
3253 478 3352 553 τῆς
3380 479 3542 548 ἀγίας
3577 483 3703 550 μάν-

441 545 551 597 sint
616 542 670 597 in
721 545 1000 600 smcnlaria
1075 547 1412 616 diversoria;
1464 555 1704 623 quinque
1764 556 1817 610 id
1869 556 2013 626 quod

431 637 656 703 exsequi
713 653 816 691 non
869 638 1045 708 potuit
1092 641 1430 698 miserrimus
1477 646 1853 718 Copronymus
1899 649 2013 720 (eo

429 727 573 782 enim
604 728 693 782 ille
726 729 1070 804 collimabat)
1132 748 1227 801 per
1252 727 1587 793 ortltodoxos
1641 739 1957 810 perﬁciatur
1991 741 2014 795 ?

428 820 510 873 Ita
556 835 682 890 ergo
700 822 874 880 .‘draco
917 839 1078 879 etiam
1105 841 1200 881 eos
1218 827 1309 896 qui
1342 829 1666 886 donationes
1705 831 2010 901 accipiunt,

426 909 562 978 ipsis
605 912 944 980 cupientibus
999 915 1352 971 interimitac
1416 920 1659 974 devorat.
1711 922 1885 989 Atque
1934 922 2016 976 hae

429 1009 560 1056 sunt
606 1002 820 1058 illorum
861 1006 1194 1076 iniquitates,
1245 1023 1310 1064 tte
1341 1011 1518 1066 dicam
1568 1012 1901 1083 impietates,
1949 1015 2015 1070 de

424 1093 614 1149 multis
668 1111 854 1165 pauca
921 1111 1256 1169 memorata},
1336 1119 1402 1158 ne
1458 1105 1673 1159 modum
1723 1107 2012 1161 excederet

425 1187 780 1258 eonscriptio.

2121 561 2275 631 δρας,
2302 561 2348 614 ῶ
2368 561 2470 631 τῆς
2496 563 2747 630 ἀτοπίας,
2770 566 2820 617 οί
2846 571 3107 636 κοσμικοὶ
3133 570 3423 638 σφάζουσι,
3453 590 3708 641 κρεωφα-

2123 653 2316 720 γοῦσι,
2364 656 2735 727 τραγῳδοῦσι,
2781 659 2877 712 καὶ
2922 660 3101 715 πάντα
3142 663 3209 716 τά
3240 667 3481 735 κοσμικά
3517 668 3708 737 ἐπιτη-

2120 744 2369 814 δεύματα
2396 746 2567 818 δρῶσι
2607 747 2749 816 μετὰ
2795 751 2981 820 πάσης
3011 752 3284 818 ἐξουσίας.
3343 757 3452 810 Καὶ
3475 759 3559 818 τίς
3597 760 3709 826 ἀμο

2125 837 2399 905 φιϐάλλει,
2458 840 2552 892 τοῦ
2611 841 2805 910 χρόνου
2856 845 3163 914 προϊόντος,
3219 849 3316 903 καὶ
3370 848 3464 903 τοῦ
3527 848 3703 903 κακοῦ

2122 929 2556 1000 προκόπτοντος,
2590 933 2662 1003 μὴ
2684 934 2911 999 τελείως
2942 937 3206 1006 γενέσθαι
3229 940 3299 994 τὰ
3335 943 3702 1013 μοναστήρια,

2123 1022 2367 1091 κοσμικὰ
2427 1025 2752 1094 καταγώγια
2809 1043 2824 1058 ⁸
2883 1030 2977 1082 καὶ
3036 1030 3176 1102 ὅπερ
3233 1034 3335 1086 οὑκ
3388 1034 3628 1106 ἠδυνήθη
3677 1038 3705 1089 ό

2121 1114 2437 1182 τρισάθλιος
2489 1117 2871 1191 Κοπρὼνυμος
2931 1123 3328 1193 κατορθῶσαι·
3381 1125 3544 1180 τοῦτο
3592 1128 3704 1199 γάρ

2122 1204 2319 1276 ἐκείνῳ
2363 1209 2568 1272 σκοπός
2597 1225 2610 1238 ·
2663 1210 2770 1265 ὑπὸ
2799 1212 2910 1265 τῶν
2943 1213 3244 1284 ὀρθοδόξων
3299 1217 3656 1289 πληρωθῆναι
3683 1238 3697 1276 :

426 1279 618 1346 Οὕτως
652 1285 838 1340 τοίνυν
868 1289 895 1340 ὁ
929 1267 1147 1359 δράκων
1198 1291 1298 1344 καὶ
1351 1295 1476 1354 τοὺς
1513 1293 1612 1358 τὰς
1655 1295 1866 1367 δωρεάς
1911 1267 2314 1367 λαμϐάνοντας,
2359 1304 2531 1374 ἡδέως
2568 1307 2786 1378 ἀναιρεῖ
2839 1309 2936 1361 καὶ
2976 1267 3308 1366 ,καταπίνεμ
3355 1267 3462 1366 Κάὶ
3527 1312 3704 1368 ταῦτα

415 1375 484 1429 τὰ
510 1377 692 1432 αὑτῶν
719 1380 1083 1452 ἀνομήματα,
1119 1383 1208 1436 ἴνα
1239 1385 1316 1456 μὴ
1349 1385 1492 1454 λέγω
1530 1389 1882 1461 ἀσεϐήματα,
1918 1393 1981 1444 ὲκ
2022 1393 2233 1448 πολλῶν
2266 1397 2445 1468 ὀλίγα,
2477 1401 2564 1456 διά
2599 1375 3130 1476 τὴν-πολυγραφίαν.

490 1473 607 1530 XV.
649 1475 919 1532 Caeterum
949 1493 1175 1535 necesse
1199 1489 1283 1535 est
1324 1492 1382 1537 ut
1431 1483 1719 1553 loquamur
1751 1489 1815 1543 de
1862 1488 2012 1554 abje-

415 1569 519 1624 etis
543 1580 594 1624 et
627 1569 1026 1628 miserabilibus
1055 1575 1360 1642 monachis,
1388 1575 1456 1631 de
1477 1577 1675 1646 quibus
1705 1594 1768 1634 ac
1791 1593 2012 1650 propter

415 1676 554 1732 quos
584 1676 745 1715 omne
805 1663 1044 1718 studium
1097 1665 1424 1736 intelligibili
1457 1678 1513 1722 et
1559 1669 1790 1738 spiritali
1839 1671 2006 1736 leoni,

2195 1492 2275 1550 ιε’.
2321 1498 2456 1566 Περὶ
2494 1499 2551 1552 δὲ
2574 1500 2682 1553 τῶν
2713 1502 2986 1556 ταπεινῶν
3008 1505 3102 1558 καὶ
3131 1505 3388 1560 ἐλεεινῶν
3423 1509 3699 1579 μοναχῶν,

2119 1587 2250 1656 περὶ
2289 1583 2364 1641 ὧν
2388 1593 2483 1642 καὶ
2510 1591 2578 1643 δι’
2605 1591 2699 1655 οὓς
2726 1595 2757 1664 ή
2783 1596 2933 1648 πᾶσα
2969 1597 3173 1666 σπουδὴ
3209 1597 3285 1668 τῷ
3308 1599 3484 1670 νοητῷ
3503 1601 3700 1664 λέοντι,

2117 1678 2212 1730 καὶ
2243 1680 2275 1749 ἠ
2307 1680 2608 1751 ἀκόρεστος
2648 1684 2742 1738 καὶ
2772 1686 3058 1752 ἀνένδδτος
3112 1688 3302 1756 ἔφεσις
3356 1692 3456 1762 τῆς
3523 1694 3701 1746 αὑτῶν

415 1763 470 1805 et
502 1752 805 1809 insatiabile
823 1755 1262 1828 obstinatumque
1289 1774 1475 1814 eorum
1508 1762 1832 1831 perditionis
1863 1764 1996 1818 desi-

418 1842 662 1864 A.-_,____--
823 1860 911 1864 ____
966 1863 971 1864 ,
1057 1857 1069 1864 .
1254 1860 1264 1864 -
1383 1852 1394 1863 .
1832 1855 1865 1864 ..

2114 1771 2418 1837 ἀπωλείας,
2447 1773 2516 1827 δι’
2539 1777 2605 1845 ἢν
2634 1778 2728 1831 καὶ
2763 1780 2932 1832 πᾶσαι
2973 1781 3027 1833 αί
3061 1782 3468 1853 προειρημέναι
3532 1783 3698 1836 αὑτοῦ

415 1842 664 1908 det-lum;
706 1847 775 1899 oh
817 1860 978 1915 quam
1020 1857 1075 1903 et
1109 1860 1316 1905 cuncta:
1346 1852 1467 1920 ejus
1518 1864 1676 1908 antea
1726 1855 2006 1924 explicata:

413 1935 844 1992 machinationes
870 1940 1192 2009 excogitatas
1220 1940 1459 2011 fuerunt,
1495 1961 1616 2000 cum
1641 1947 1781 2001 sicut
1802 1947 2002 2001 dictum

414 2025 552 2090 fuit,
593 2028 774 2083 videre
810 2046 915 2085 non
950 2033 1248 2090 sustineret
1288 2035 1520 2091 salutem
1555 2053 1676 2108 quae
1705 2054 1733 2091 a
1769 2037 1876 2093 Deo
1911 2056 2006 2108 per

416 2133 564 2184 Ipsos
593 2122 793 2175 mundo
823 2123 1194 2194 contingebat.
1233 2126 1365 2181 Nam
1397 2131 1580 2185 statim
1623 2147 1688 2186 ac
1741 2132 1887 2202 ipsos
1921 2133 2003 2204 ip-

411 2226 709 2281 sorumque
741 2218 1133 2272 monasterium
1179 2219 1380 2276 invasit
1417 2225 1858 2295 charisticarius,
1885 2244 2004 2283 ont-

413 2302 610 2376 nlaque
645 2308 885 2374 ipsorum
936 2325 1056 2363 cum
1092 2311 1224 2380 ipsis
1263 2313 1314 2366 in
1360 2314 1538 2370 sinum
1569 2318 1804 2386 conjecit
1851 2336 1914 2375 ac
1945 2321 1997 2374 in

409 2396 728 2450 servitutem
799 2399 1029 2467 redegit,
1099 2401 1280 2457 intuiti
1353 2408 1667 2462 monasterii
1735 2423 2000 2481 suamque

407 2487 811 2558 subactionem,
842 2495 1205 2549 succumbunt
1239 2497 1404 2552 etiam
1433 2500 1610 2566 inviti,
1644 2502 1785 2557 heu!
1830 2518 2001 2558 saecu-

408 2577 508 2631 lari
540 2581 830 2648 putentia;
860 2591 914 2637 et
950 2583 1131 2654 inopia
1169 2591 1604 2645 necessariorum
1644 2594 1843 2662 pressi,
1878 2595 2000 2651 vin-

407 2668 532 2734 ctis,
556 2672 699 2740 quod
732 2673 836 2728 dici
869 2673 1298 2740 solet,manibus
1327 2680 1706 2738 charisticario
1731 2683 2000 2741 famulan-

409 2771 536 2824 tur,
597 2761 714 2831 ejus
770 2767 1054 2835 przeceptis
1101 2769 1562 2842 saecularibusque
1627 2776 1997 2834 voluntatibus

405 2853 721 2911 obedientes
756 2858 928 2913 instar
958 2859 1390 2932 mancipiorum;
1431 2880 1607 2937 neque
1654 2883 1720 2922 an
1765 2868 1897 2938 ipsis
1927 2870 1998 2925 sit

406 2945 735 3014 przepositus
789 2950 1311 3008 animadvertentes.
1361 2955 1439 3010 Ad
1497 2961 1834 3028 hegumeuus
1898 2976 1993 3016 seu

405 3050 607 3104 praeses
634 3047 688 3094 et.
714 3041 926 3108 ductor,
963 3044 1008 3100 si
1044 3060 1182 3101 unus
1225 3061 1254 3100 e
1297 3048 1460 3119 vulgo
1507 3059 1612 3113 est,
1647 3050 1764 3121 ipse
1794 3053 1997 3124 pariter

403 3130 769 3189 charisticarii
823 3145 1096 3204 potestate
1143 3141 1434 3209 abripitur,
1489 3141 1654 3210 fitque
1686 3158 1751 3197 ac
1797 3145 1996 3199 dicitur
2024 3179 2066 3237 ο

399 3235 503 3295 pro
537 3225 763 3282 ductore
791 3229 1009 3288 ductus.
1040 3231 1195 3297 Quod
1227 3234 1270 3288 si
1305 3233 1488 3289 forsan
1524 3250 1553 3290 e
1585 3251 1811 3292 numero
1834 3236 1999 3293 fuerit

403 3314 730 3383 spiritalium
767 3328 823 3374 et
875 3322 1192 3390 proborum,
1241 3325 1462 3381 resistet
1495 3327 1712 3396 quidem
1749 3339 1812 3383 ac
1845 3329 1998 3384 oblu-

403 3408 646 3463 ctabitur
672 3411 1020 3481 aliquatenus
1046 3415 1410 3474 charisticarii
1444 3421 1751 3476 temerariis
1782 3423 1997 3479 iusulti-

404 3499 528 3566 bus,
558 3511 723 3570 atque
753 3505 923 3560 divini
951 3510 1222 3565 sermonis
1252 3509 1457 3578 ﬁstula,
1486 3514 1704 3569 monitis
1728 3515 1994 3584 pluribus,

402 3590 798 3666 frequenteque
836 3600 1238 3671 adhortatione,
1274 3611 1512 3662 attrahet
1542 3607 1607 3662 ad
1640 3625 1698 3663 se
1735 3611 1993 3678 quosdam

400 3683 629 3742 fratrum
677 3706 692 3745 :
741 3691 835 3746 sed
884 3701 938 3748 et
994 3695 1070 3750 illi
1121 3709 1406 3754 cernentes
1451 3701 1594 3769 quod
1648 3701 1848 3758 fratres
1897 3705 1991 3774 qui

401 3777 783 3838 charistieario
815 3785 1122 3856 adhaerent,
1179 3792 1638 3864 praepositumque
1679 3797 1992 3851 monasterii

402 3881 786 3943 contemnunt,
819 3880 1136 3935 nonnullum
1163 3897 1226 3937 ex
1259 3894 1413 3954 parte
1439 3901 1845 3958 c0ttsequantur
1872 3890 1994 3945 vita:

398 3964 674 4032 solatium,
734 3969 835 4038 ipsi
893 3987 1021 4028 vero
1075 3975 1487 4045 despiciantur,
1551 3981 1827 4050 palinodia
1886 3985 2027 4052 usi,-

399 4059 784 4118 charisticario
831 4064 995 4120 etiam
1041 4067 1142 4138 ipsi
1197 4070 1498 4142 adiungunt
1541 4089 1640 4140 se;
1680 4091 1708 4129 a
1741 4091 1850 4146 quo
1885 4091 1989 4132 non

398 4147 801 4219 admittuntur,
860 4156 1032 4212 donec
1084 4160 1134 4213 ei
1191 4160 1540 4217 exhibueriut
1581 4165 1688 4219 odii
1730 4169 1991 4223 adversus

395 4243 750 4311 praepositum
787 4245 1004 4317 aliquod
1035 4249 1447 4309 documentum.
1491 4257 1629 4322 Quid
1669 4273 1801 4328 ergo
1829 4259 1992 4316 faciet

398 4333 623 4390 humilis
664 4335 752 4392 ille
779 4339 1112 4408 praefectus?
1150 4344 1277 4414 quid
1333 4349 1699 4418 excogitabit?
1730 4352 1988 4419 Quaenam

394 4427 571 4484 oratio
599 4429 890 4502 explicabit
923 4448 1232 4505 supremam
1253 4438 1368 4507 ejus
1397 4439 1739 4497 aillictiouem
1775 4454 1828 4499 et
1859 4459 1989 4499 con-

2118 1867 2526 1936 μηχανουργίαι
2561 1869 2959 1940 ἐπενοήθησαν,
2982 1871 3056 1941 μὴ
3088 1873 3309 1942 φέροντι
3336 1874 3600 1945 καθορᾷν,
3625 1875 3700 1938 ὡς

2115 1955 2466 2025 προείρηται,
2497 1956 2598 2028 τὴν
2623 1958 2691 2011 δι’
2712 1960 2895 2012 αὑτῶν
2933 1963 3376 2034 προσγινόμενην
3403 1965 3481 2032 τῷ
3510 1965 3699 2032 κόσμῳ

2113 2039 2267 2109 παρά
2302 2039 2442 2093 Θεοῦ
2479 2042 2784 2113 σωτηρίαν,
2819 2045 3124 2113 ἀναγκαῖον
3160 2049 3361 2100 εἰπεῖν.
3391 2047 3545 2116 Ἀμα
3584 2048 3694 2118 γὰρ

2111 2132 2189 2201 τῷ
2224 2133 2482 2204 ἐπιϐῆναι
2507 2135 2693 2199 αὑτοῖς
2725 2136 2822 2189 καὶ
2856 2139 2920 2208 τῇ
2951 2138 3130 2191 αὑτῶν
3152 2143 3286 2210 μονῇ
3326 2139 3418 2192 τὸν
3451 2156 3698 2210 χαριστι-

2112 2229 2327 2296 κάριον,
2368 2229 2462 2281 καὶ
2495 2228 2672 2282 πάντα
2696 2229 2763 2283 τὰ
2789 2230 2973 2284 αὑτῶν
3007 2233 3103 2285 καὶ
3162 2233 3362 2296 αὐτοὺς
3410 2223 3694 2300 ὲγκολπώ-

2113 2318 2310 2371 σασθαι
2346 2319 2440 2372 καὶ
2471 2321 2939 2392 κιτακυριεῢσαι,
2980 2323 3056 2387 ὼς
3085 2323 3409 2393 δεδήλωται,
3447 2323 3693 2394 ἑωρακό-

2110 2427 2201 2474 τες
2229 2411 2328 2482 τὴν
2350 2412 2450 2481 τῆς
2474 2415 2641 2483 μονῆς
2661 2414 2756 2468 καὶ
2777 2415 2986 2468 ἑαυτῶν
3012 2415 3439 2482 καταδούλωσιν,
3475 2415 3652 2469 ὑποκὺ
3671 2442 3686 2454 -

2110 2522 2305 2557 πτουσι
2331 2505 2424 2558 καὶ
2446 2505 2520 2575 μὴ
2551 2505 2814 2571 θέλοντες,
2841 2507 2967 2576 φεῦ,
2995 2511 3059 2580 τῇ
3090 2512 3328 2580 κοσμικῇ
3355 2509 3645 2578 δυναστείᾳ
3672 2526 3686 2542 ο

2108 2596 2202 2649 καὶ
2233 2595 2338 2648 ὑπὸ
2367 2597 2467 2664 τῆς
2503 2597 2712 2662 ἐνδείας
2739 2599 2849 2654 τῶν
2872 2599 3188 2668 ἀναγκαίων
3244 2599 3566 2670 πιεζόμενοι
3599 2600 3690 2652 δε-

2106 2685 2379 2752 δεμέναις,
2410 2685 2438 2738 ὃ
2467 2686 2521 2738 δὲ
2554 2687 2807 2755 λέγεται,
2835 2691 2957 2753 ταῖς
2991 2691 3172 2762 χερσὶ,
3209 2689 3595 2762 δουλοπρεπῶς
3610 2690 3689 2760 τῷ

2107 2778 2507 2850 χαριστικαρίῳ
2567 2779 2958 2851 παρίστανται,
3041 2781 3467 2853 πειταρχοῦντες
3530 2781 3689 2852 δίκην

2105 2869 2460 2939 ἀνδραπόδων
2497 2874 2611 2934 τοῖς
2645 2873 2826 2926 αὑτῶν
2853 2873 3194 2944 διατάγμασι
3253 2875 3346 2930 καὶ
3399 2876 3688 2946 κοσμικοῐς

2105 2960 2408 3031 θελήμασιν
2444 2981 2459 2994 ο
2491 2963 2616 3016 οὑδὲ
2646 2966 2694 3016 εί
2737 2963 2887 3019 ἔστιν
2924 2967 3109 3030 αὑτοῖς
3142 2966 3424 3039 προεστὼς
3460 2968 3687 3021 ἐπιστάο

2108 3067 2280 3120 μενοι.
2321 3051 2382 3104 '0
2414 3051 2469 3105 δὲ
2501 3052 2824 3124 ἡγούμενος,
2851 3056 2900 3108 εί
2935 3055 3036 3126 μὲν
3073 3057 3182 3110 τῶν
3204 3057 3414 3111 πολλῶν
3435 3053 3516 3120 εἷς
3542 3056 3683 3123 ἐστὶ,

2106 3147 2479 3215 συναπάγεται
2549 3130 2643 3199 καὶ
2731 3147 2897 3212 αὑτὸς
2957 3152 3026 3221 τῇ
3095 3150 3190 3204 τοῦ
3257 3150 3683 3223 χαριστικαρίου

2103 3238 2345 3310 ἐξουσίᾳ,
2379 3238 2473 3293 καὶ
2514 3239 2727 3307 γίνεται
2765 3242 2864 3295 καὶ
2919 3242 3138 3312 λέγεται
3205 3244 3329 3299 ἀντὶ
3373 3244 3680 3314 ἡγουμένου

2100 3336 2388 3405 ἀγόμενος.
2424 3335 2484 3387 Ei
2517 3335 2574 3388 δὲ
2607 3334 2746 3407 τύχῃ
2788 3331 2928 3390 εἷναί
2993 3354 3076 3400 τις
3131 3336 3228 3390 τοῦ
3294 3334 3682 3406 πνευματικῶν

2099 3429 2194 3481 καὶ
2221 3426 2441 3494 λογίων,
2465 3428 2682 3498 ἀντέχει
2718 3428 2817 3498 μὲν
2855 3427 2986 3501 ἄχρι
3012 3427 3159 3492 τινὸς
3195 3429 3292 3482 καὶ⁵
3352 3427 3679 3483 ἀνθίσταται

2096 3521 2218 3584 ταῖς
2275 3519 2371 3574 τοῦ
2427 3521 2846 3592 χαριστικαρίου
2913 3521 3522 3593 παραλόγοις.ὁρμαῖς,
3582 3519 3682 3574 καὶ

2099 3614 2401 3667 ἐπισπᾶται
2442 3614 2581 3685 πρὸς
2617 3614 2812 3668 ἑαυτὸν
2836 3616 2901 3686 τῇ
2925 3614 3019 3667 τοῦ
3059 3614 3206 3668 θείου
3237 3613 3398 3682 λόγου
3430 3613 3674 3685 σύριγγι,

2094 3709 2160 3777 τῇ
2196 3705 2367 3777 πολλῇ
2400 3705 2656 3778 νουθεσίᾳ
2683 3706 2859 3777 καὶτῇ
2888 3709 3072 3779 πυκνῇ
3095 3707 3465 3778 παρακλήσει,
3501 3706 3677 3769 ἐνίους

2093 3802 2204 3856 τῶν
2229 3801 2479 3871 ἀδελφῶν
2503 3816 2520 3834 ⁸
2551 3800 2690 3854 ἀλλὰ
2717 3801 2814 3856 καὶ
2843 3800 3001 3855 αὑτοὶ
3029 3800 3262 3870 ὁρῶντες
3293 3801 3418 3864 τοὺς
3469 3797 3545 3868 τῷ
3575 3816 3678 3868 χα-

2095 3894 2424 3966 ριστικαρίῳ
2451 3895 2895 3964 προσανέχοντας
2929 3892 3216 3962 ἀδελφοὺς,
3277 3893 3372 3946 καὶ
3409 3891 3573 3946 αὑτοῦ
3609 3890 3674 3960 δὴ

2092 3984 2187 4038 τοῦ
2219 3984 2526 4056 ἡγουμένου
2558 3985 3045 4055 περιφρονοῦντας,
3107 3987 3341 4056 μερικῆς
3365 4001 3511 4048 τινος
3536 4000 3675 4054 προ-

2092 4075 2245 4140 νοίας
2293 4076 2676 4146 ἀξιουμένους,
2721 4077 2951 4140 ἑαυτοὺς
3001 4077 3058 4130 δὲ
3123 4076 3674 4148 παραϐλεπομένους,

2093 4169 2397 4241 παλινῳδίᾳ
2428 4171 2792 4240 χρησάμενοι,
2833 4169 2911 4240 τῷ
2943 4168 3347 4241 χαριστικαρίῳ
3401 4169 3496 4223 καὶ
3520 4169 3676 4222 αὑτοὶ

2093 4261 2510 4333 προστίθενται,
2547 4261 2622 4333 μὴ
2653 4261 3093 4334 παραδεχόμενοι
3147 4263 3239 4315 ὑπ’
3274 4261 3464 4328 αὑτοῦ,
3513 4263 3676 4332 ἄχρις

2091 4347 2153 4405 οὑ
2189 4353 2391 4426 δεῖγμά
2413 4371 2464 4407 τι
2489 4355 2589 4426 τῆς
2613 4355 2750 4423 πρὸς
2781 4354 2874 4408 τὸν
2899 4354 3318 4426 καθηγούμενον
3376 4355 3675 4424 ἀπεχθείας

2093 4448 2242 4519 αὑτῷ
2268 4446 2625 4519 παράσχωσι.
2655 4447 2720 4500 Τί
2745 4445 2839 4502 οὑν
2873 4448 3138 4518 ποιήσειὸ
3167 4448 3426 4509 ταπεινὸς
3462 4449 3674 4510 ἐκεῖνος

394 4520 501 4576 silii
525 4522 784 4593 inopiam,
811 4525 938 4581 dum
968 4529 1161 4598 aspicit
1198 4532 1502 4589 animarum
1541 4551 1768 4606 quarum
1804 4547 1988 4607 pastor

2101 4539 2440 4612 ἡγούμενος;
2481 4539 2536 4593 τί
2592 4539 3062 4612 διανοηθήσεται;
3119 4543 3274 4604 ποῖος
3325 4541 3673 4611 παραστήσει

394 4625 478 4668 est
509 4617 814 4683 interitum,
862 4617 1110 4678 Numinis
1158 4635 1567 4697 contemptum,
1599 4644 1760 4685 omne
1810 4631 1985 4686 sancti

393 4708 603 4766 ordinis
625 4712 946 4780 periculum,
974 4717 1405 4786 cunctaquejam
1430 4721 1570 4775 dicta
1594 4723 1936 4778 incommoda
1961 4724 1984 4778 ?

393 4797 582 4868 Neque
628 4816 760 4858 vero
789 4805 1002 4874 prolato
1048 4806 1222 4862 solum
1275 4809 1434 4865 modo
1481 4823 1706 4880 pereunt
1753 4813 1984 4869 humiles

397 4893 669 4960 monachi,
721 4896 1126 4966 sed.multiplex
1160 4911 1244 4954 est
1269 4916 1458 4957 eorum
1494 4903 1772 4960 interitus.
1820 4905 1984 4960 Namo

393 4996 500 5051 que
533 4983 583 5036 in
613 4985 778 5038 multa
803 4988 1035 5044 absurda
1068 5006 1165 5060 per
1191 4993 1540 5062 indigentiam
1595 4978 1979 5062 devolvuntur;

394 5076 814 5144 negotiatiOnem
848 5093 1120 5147 exercent,
1142 5094 1310 5139 artem
1338 5087 1680 5157 cauponiam,
1710 5104 1982 5162 omneque

395 5169 657 5225 saeculare
691 5170 1022 5239 institutum,
1071 5186 1292 5244 propter
1347 5179 1715 5236 miserabilem
1770 5198 1973 5254 corpo-

393 5279 543 5319 ream
572 5264 761 5320 vitam.
797 5263 1074 5334 Ejusmodi
1111 5278 1196 5325 est
1230 5287 1348 5341 qua:
1396 5273 1450 5327 in
1495 5275 1734 5330 virorum
1785 5292 1978 5333 mona-

394 5357 576 5412 steriis
613 5358 723 5427 agit
755 5359 1046 5430 agiturque
1076 5360 1350 5431 impietas.
1399 5365 1530 5420 Eam
1561 5380 1741 5423 autem
1769 5386 1887 5438 qua:
1923 5371 1975 5425 in

326 5435 329 5437 ’
394 5447 682 5502 mulierum
720 5452 1068 5506 monasteriis
1101 5465 1371 5519 versatur,
1426 5457 1549 5526 quis
1599 5475 1780 5514 sermo
1825 5477 1974 5517 asse-

395 5551 612 5608 quetur,
639 5541 706 5594 ob
730 5543 852 5596 mali
880 5543 1258 5598 nimietatem?
1283 5544 1415 5610 Quis
1439 5563 1542 5602 non
1568 5548 1716 5604 ﬂebit
1744 5567 1974 5610 cernens

398 5643 486 5686 res
519 5631 742 5688 horrore
799 5634 1032 5703 plenas?
1077 5635 1209 5690 Nam
1244 5653 1364 5692 cum
1417 5641 1689 5709 praedictis
1736 5644 1970 5701 virilium

399 5727 848 5781 monasteriorum
899 5729 1318 5795 calamitatibus,
1381 5731 1485 5785 alia
1546 5736 1859 5790 molestiora
1917 5739 1970 5794 in

398 5813 516 5872 istis
552 5829 904 5894 peraguntur.
939 5821 1164 5897 _Dltiora
1195 5824 1407 5884 illorum
1437 5824 1716 5898 primariis
1747 5830 1877 5891 viris
1915 5832 1967 5898 in

2090 4634 2254 4704 λόγος
2280 4631 2381 4704 τὴν
2432 4631 2885 4702 ὑπερϐάλλουσαν
2935 4633 3104 4687 αὑτοῦ
3167 4632 3367 4702 θλῖψιν,
3419 4634 3513 4684 καὶ
3573 4633 3673 4702 τὴν

2089 4726 2429 4798 ἀμηχανίαν,
2460 4724 2696 4796 ὁρῶντος
2718 4725 2817 4795 τὴν
2839 4724 2948 4778 τῶν
2971 4724 3065 4778 ὑπ’
3099 4724 3268 4778 αὑτοῦ
3298 4723 3671 4801 ποιμαινομέ-

2087 4838 2194 4874 νων
2214 4818 2404 4890 ψυχῶν
2428 4816 2732 4882 ἀπώλειαν,
2763 4816 2860 4871 καὶ
2886 4817 2986 4888 τὴν
3016 4818 3097 4880 είς
3125 4817 3190 4870 τὸ
3214 4816 3356 4872 θεῖον
3390 4817 3670 4887 καταφρό-

2086 4913 2382 4985 νησιν,τδν
2445 4909 2541 4964 τοῦ
2592 4909 2750 4978 ἁγίου
2812 4910 3100 4981 τάγματος
3154 4909 3334 4962 πάντα
3397 4909 3668 4971 κίνδυνον,

2087 5004 2181 5056 καὶ
2211 5002 2392 5056 πάντα
2424 4999 2492 5053 τὰ
2516 4999 2784 5069 εἰρημένα
2813 4998 2988 5052 ἄτοπα
3029 5016 3044 5066 ;
3073 4999 3134 5052 οὑ
3167 4999 3246 5070 τῷ
3294 4999 3569 5070 εἰρημένῳ
3609 4997 3666 5050 δὲ

2085 5094 2274 5166 τρόπῳ
2301 5094 2463 5163 μόνον
2492 5091 2818 5145 ἀπόλλυνται
2847 5093 2896 5145 οἱ
2953 5092 3204 5146 ταπεινοὶ
3257 5093 3504 5163 μοναχοὶ,
3528 5089 3668 5142 ἀλλά

2087 5186 2426 5255 πολύτροπος
2468 5184 2706 5255 ὑπάρχει
2735 5186 2762 5238 ό
2789 5185 3014 5258 ὄλεθρος
3080 5184 3282 5238 αὑτῶν.
3357 5184 3458 5245 Εἰς
3493 5181 3667 5234 πολλὰ

2081 5278 2191 5345 γάρ
2217 5277 2396 5331 ἄτοπα
2435 5274 2542 5327 ὑπὸ
2580 5276 2682 5344 τῆς
2709 5278 2919 5341 ἐνδείας
2950 5277 3320 5342 ὲκκυλίονται,
3359 5275 3666 5346 ἐμπορείαν

2082 5371 2176 5422 καὶ
2206 5368 2513 5438 καπηλείαν
2542 5370 2640 5423 καὶ⁵
2700 5369 2809 5422 πᾶν
2851 5369 3106 5441 βιωτικὸν
3155 5371 3496 5442 ἐπιτήδευμα
3534 5383 3666 5436 μετ-

2081 5458 2392 5528 ερχόμενοι,
2454 5457 2546 5510 διὰ
2602 5457 2702 5528 τὴν
2757 5457 3001 5527 ἐλεεινὴν
3034 5459 3358 5529 σωματικὴν
3404 5458 3589 5527 ζωήν·
3627 5457 3661 5526 ἡ

2083 5552 2182 5622 μὲν
2221 5548 2316 5605 οὖν
2347 5551 2427 5614 εἰς
2460 5551 2529 5603 τὰ
2590 5551 2806 5622 ἀνδρῷα
2870 5554 3206 5623 μοναστήρια
3259 5550 3560 5624 ἐνεργοῦσα
3623 5551 3658 5624 ἢ

2078 5629 2452 5714 ἐνεργουμένη
2480 5643 2731 5708 ἀσέϐεια,
2761 5645 3010 5713 τοιαύτη.
3041 5647 3153 5716 Τῆς
3186 5647 3240 5699 δὲ
3273 5650 3352 5710 είς
3375 5646 3442 5700 τά
3471 5663 3664 5714 γυναι-

2077 5740 2224 5801 κεῖα,
2257 5738 2340 5800 τίς
2372 5737 2438 5790 ἂν
2470 5737 2719 5805 ἐφίκοιτο
2768 5738 2948 5806 λόγος,
2978 5740 3066 5794 διὰ
3091 5741 3192 5811 τὴν
3232 5741 3542 5812 ὑπερϐολὴν
3559 5739 3656 5793 τοῦ

2075 5830 2284 5900 κακοῧ;
2318 5832 2414 5896 Τίς
2447 5830 2520 5905 μὴ
2550 5830 2774 5887 κλαύσει
2807 5833 2956 5906 ὁρῶν
3018 5835 3085 5890 τά
3133 5836 3338 5908 φρίκης
3367 5835 3654 5902 ἀνάπλεα;
