4088 6418
378 404 516 468 1145

1174 402 1272 463 DE
1315 376 1832 463 MONASTERIIS
1870 395 2118 458 LAICIS
2159 397 2313 459 NON
2352 392 2812 457 TltADE-NDIS.

3497 385 3637 451 11-1-6

377 518 533 574 Μετά
565 515 674 586 γὰρ
732 513 845 569 τῶν
884 513 980 568 ἐπὶ
1038 519 1152 580 τοῖς
1205 518 1472 590 ἀνδρῴοις
1533 516 1956 596 προειρημένων

2064 513 2309 582 personis
2339 511 2681 583 propriarum
2731 521 2963 561 uxorum
2995 507 3285 568 donantur,
3316 517 3478 570 super
3504 503 3638 553 dua-

375 611 584 676 γακῶν,
607 610 705 663 καὶ
733 607 871 663 ἄλλα
899 607 1264 679 χαλεπώτερα
1294 612 1386 664 ἐπὶ
1418 609 1632 673 τούτοις
1689 608 1950 680 egomt.

375 703 457 756 Τὰ
504 702 602 772 μὲν
629 701 738 768 γὰρ
770 699 1129 772 εὐπορώτερα
1169 702 1397 767 τούτων,
1429 707 1545 766 τοῖς
1573 703 1835 773 ἄρχουσιν
1872 702 1952 765 εἰς

375 795 645 866 πρόσωπα
678 792 786 845 τῶν
802 792 1022 846 οἰκείων
1057 797 1318 864 γαμετῶν
1347 795 1674 864 δωροῦνται,
1704 795 1800 846 ἐπὶ
1829 794 1954 847 δυσὶ

375 887 692 956 προσώποις
721 887 752 956 ἢ
785 889 878 941 ἐπὶ
907 881 1107 957 τρισὶν,
1131 889 1204 953 ὥς
1235 909 1368 958 φασι
1387 908 1402 924 ο
1433 892 1571 945 τὰδὲ
1601 892 1952 962 ἀπορώτερα,

374 977 750 1047 ἀπορωτέροις
788 979 882 1032 καὶ
923 981 1325 1052 ἀπορωτέραις.
1391 983 1461 1036 Οἵ
1513 1001 1658 1047 τινες
1702 984 1818 1053 ἅμα
1876 984 1955 1054 τῷ

380 1067 905 1137 παραλαϐεῖναύτὰ,
948 1072 1009 1123 ού
1077 1073 1239 1142 μόνον
1281 1077 1462 1128 πᾶσαν
1519 1076 1620 1145 τὴν
1691 1076 1955 1144 πρόσοδον

381 1161 586 1225 αὐτῶν,
621 1163 696 1224 ὠς
725 1163 863 1216 ἰδίαν
913 1165 1313 1231 ἐγκολποῦνται
1343 1167 1734 1236 κληρονομίαν,
1799 1169 1955 1236 ὀλίγα

381 1256 552 1326 τιναῆ
593 1257 750 1310 οὐδὲν
781 1261 904 1320 ταῖς
948 1261 1314 1329 μοναζούσαις
1358 1265 1693 1332 παρέχοντες
1735 1281 1748 1293 ο
1820 1263 1958 1317 ἀλλὰ

378 1348 474 1400 καὶ
513 1346 695 1412 οἴκους
723 1349 854 1403 ἔνιοι
881 1350 1086 1404 ἔσωθεν
1132 1353 1235 1422 τῆς
1286 1353 1396 1408 τῶν
1459 1356 1747 1425 παρθένων
1787 1355 1957 1425 αὐλῆς

376 1438 774 1506 ἀνεγείρουσιν,
803 1441 1030 1493 αἰωνίαν
1064 1441 1162 1512 τὴν
1191 1443 1301 1495 τῶν
1345 1445 1731 1512 μοναστηρίων
1784 1445 1961 1498 κατάσ

377 1543 562 1596 σχεσιν
593 1527 804 1591 ἑαυτοῖς
832 1532 1373 1601 πραγματευόμενοι.
1443 1534 1554 1586 Καὶ
1604 1532 1710 1586 εἰσὶ
1771 1533 1957 1587 λοιπὸν

371 1620 603 1688 ἀναμὶξ,
637 1623 897 1690 κοσμικοὶ
931 1625 1026 1676 καὶ
1041 1626 1329 1692 κοσμικαί,
1359 1625 1537 1678 δοῦλοι
1561 1627 1657 1680 καὶ
1695 1627 1955 1693 δουλίδες,

377 1707 517 1774 μετὰ
551 1708 661 1760 τῶν
694 1711 1045 1778 μοναζουσῶν
1071 1710 1342 1775 συζῶντες
1374 1713 1468 1766 καὶ
1499 1714 1959 1786 συνεκκλησιαζό·

376 1815 550 1865 μενοι.
587 1800 655 1852 Ἀ
685 1800 742 1854 δὲ
772 1803 868 1855 καὶ
891 1804 948 1855 αἱ
977 1811 1238 1858 ταπειναὶ
1282 1805 1633 1874 μονάζουσαι,
1692 1810 1798 1862 ὑπὸ
1855 1812 1955 1878 τῆς

2062 608 2162 663 bus
2193 609 2461 676 personis,
2493 616 2587 659 ant
2636 618 2797 671 super
2824 601 3020 663 tribus,
3059 608 3116 650 ttt
3161 597 3308 649 aiunt
3339 611 3354 648 :
3415 591 3640 646 minoris

2058 717 2186 754 vero
2211 701 2439 761 reditus,
2471 699 2648 752 minus
2671 694 2927 749 divitibus
2952 707 3071 744 cum
3098 689 3229 743 viris
3253 699 3364 740 tum
3401 685 3639 740 feminis.

2057 793 2158 858 Qui
2211 792 2369 847 simul
2427 799 2591 853 atque
2643 794 2991 856 acceperunt,
3045 798 3148 836 non
3198 782 3357 834 modo
3409 786 3639 832 cunctas

2059 898 2244 937 eorum
2279 881 2559 936 facultates
2585 921 2598 944 ,
2668 889 2924 946 tanquam
2959 873 3228 942 propriam
3265 869 3640 924 ha‘reditatem

2061 975 2114 1028 in
2147 976 2324 1028 sinum
2374 981 2656 1042 cegerunt,
2690 985 2858 1038 pauca
2911 965 3156 1035 qmedam
3194 973 3287 1015 aut
3338 959 3474 1014 nihil
3526 974 3644 1012 nio-

2057 1066 2296 1122 nialibns
2332 1065 2636 1132 prasbcntes
2661 1104 2676 1127 ,
2709 1075 2897 1113 verum
2933 1057 3099 1112 etiam
3171 1051 3413 1107 nonnulli
3448 1033 3674 1104 domos"

2066 1167 2354 1215 exstruunt
2387 1157 2525 1210 intra
2589 1153 2854 1223 virginum
2907 1161 3056 1219 septa
3092 1187 3106 1210 ,
3156 1155 3470 1215 perpetuam
3535 1141 3639 1194 sibi

2061 1251 2518 1306 monasteriorum
2594 1243 2990 1315 possessioacm
3064 1236 3278 1292 cﬂ‘trere
3351 1241 3639 1289 conantes.

2060 1343 2290 1412 Jamque
2340 1340 2638 1411 permistim
2687 1338 2887 1404 degunt
2933 1332 3189 1387 tnundani
3238 1340 3292 1384 et
3329 1327 3637 1388 mundana),

2063 1437 2206 1490 servi
2242 1443 2296 1488 ct
2329 1432 2562 1494 ancillte,
2601 1445 2722 1484 cum
2753 1426 3076 1480 tnonialibus
3103 1421 3474 1480 comiventes,
3512 1432 3642 1470 con-

2062 1537 2342 1584 versantes
2371 1536 2423 1580 et
2453 1523 2844 1595 colloquentes.
2891 1518 3019 1584 Qua:
3052 1528 3212 1585 porro
3274 1512 3497 1580 abiecta:
3528 1524 3644 1561 mo-

2060 1621 2232 1676 niales
2265 1619 2440 1686 in0pia
2473 1633 2651 1670 rerum
2688 1610 3121 1667 necessariarum
3155 1617 3426 1673 oppressae
3456 1609 3638 1670 agant,

2060 1713 2183 1782 quis
2215 1711 2413 1765 valebit
2437 1707 2630 1762 litteris
2665 1701 2917 1758 tradere?
2953 1700 3174 1754 Pessum
3204 1697 3244 1750 it
3278 1695 3361 1748 hic
3390 1691 3644 1746 charisti-

2061 1807 2330 1859 cariorum
2353 1797 2919 1855 etcltaristieariarum
2938 1787 3316 1850 causa,otnnis
3343 1782 3644 1838 monastica

373 1888 581 1953 ἐνδείας
611 1891 719 1944 τῶν
754 1893 1074 1960 ἀναγκαίων
1107 1895 1424 1964 πιεζόμεναι
1452 1898 1642 1966 δρῶσι,
1671 1899 1754 1960 τίς
1779 1862 1952 1968 ἰσχύεί

2070 1905 2123 1951 et
2153 1894 2429 1965 virginalis
2465 1889 2820 1952 constitutio;
2858 1884 3038 1939 omnis
3073 1881 3257 1949 regula
3291 1874 3639 1936 obedientiae,

371 1984 558 2050 γραφῇ
596 1982 931 2051 παραδοῦναι
956 2003 970 2050 ;
995 1986 1199 2054 οἴχεται
1229 1987 1510 2040 κάνταῦθα
1553 1989 1612 2053 ἐξ
1639 1990 1821 2052 αἰτίας
1845 1991 1954 2043 τῶν

373 2073 808 2141 χαριστικαρῖων
829 2077 918 2127 καὶ
937 2080 1393 2147 χαριστικαριῶνν
1410 2083 1557 2133 πᾶσα
1576 2081 1835 2150 μοναδικὴ
1856 2081 1949 2154 [αι’

377 2165 676 2252 μογαχικὴ]
691 2169 782 2222 καὶ
801 2170 1107 2242 παρθενικὴ
1123 2177 1484 2238 κατάστασις·
1508 2177 1614 2238 πᾶς
1630 2177 1812 2230 κανὼν
1833 2179 1957 2231 ὑπο·

372 2257 550 2323 ταγῆς
570 2259 666 2311 καὶ
687 2261 1078 2325 ταπεινώσεως
1107 2265 1202 2316 καὶ
1225 2266 1465 2334 ἐκκοπῆς
1489 2267 1798 2338 θελήματος
1820 2270 1956 2321 ἀπε-

375 2345 632 2410 λήλαται·
670 2353 951 2422 πανταχοῦ
980 2355 1090 2408 τῶν
1128 2360 1566 2429 χαριστικαρίων
1595 2362 1954 2427 κατεξουσια-

373 2441 596 2504 ζόντων,
625 2444 719 2497 καὶ
750 2445 857 2499 τῶν
876 2447 1239 2517 προεστώτων
1272 2454 1825 2524 καταφρονουμὲνωνο
1863 2458 1956 2509 καὶ

373 2529 483 2582 τῶν
524 2533 880 2602 μοναζουσῖν
915 2541 1035 2603 ταῖς
1063 2543 1511 2612 χαριστικαρίαις
1543 2548 1956 2616 προσκειμένων

375 2625 473 2676 καὶ
500 2624 864 2692 ὑπεικουσῶν,
889 2631 950 2683 ού
980 2634 1101 2695 ταῖς
1156 2635 1553 2703 προεστώσαις,
1599 2639 1693 2690 καὶ
1728 2657 1958 2709 χαιρου-

377 2717 489 2769 σῶν
523 2719 724 2787 μᾶλλον
745 2723 820 2785 ὼς
845 2723 912 2776 τά
939 2725 1134 2788 πολλὰ,
1171 2731 1293 2790 ταῖς
1320 2730 1584 2794 δ.ενέξεσι
1633 2733 1732 2800 τῆς
1798 2751 1958 2802 χαρι-

379 2813 671 2880 στικαρίας
728 2815 824 2868 καὶ
881 2817 984 2886 τῆς
1039 2819 1480 2891 καθηγουμένης,
1546 2823 1812 2894 διηνεκῶν
1861 2827 1958 2878 καὶ

378 2905 742 2962 ἀδιαλείπτων
771 2912 950 2965 οὐσῶν
990 2915 1048 2965 ὲν
1075 2916 1268 2978 αὐταῖς
1299 2917 1658 2986 διχοστασιῶν
1691 2920 1785 2972 καὶ
1825 2938 1958 2990 μνη-

377 2997 666 3050 σικακιῶν.
695 2999 915 3053 Τούτων
961 3002 1017 3054 δὲ
1065 3003 1241 3068 οὕτως
1303 3007 1560 3076 ἐχόντων,
1622 3009 1722 3061 ποῦ
1770 3009 1956 3063 λοιπὸν

376 3089 657 3159 σωτηρίας
697 3092 894 3164 ὲλπίς;
934 3096 1046 3150 Ποῦ
1070 3097 1132 3151 τὸ
1160 3098 1258 3168 τῆς
1289 3100 1492 3170 ἀρετῆς
1544 3102 1911 3173 ἐργαστήριον
1939 3119 1954 3169 ;

2061 1987 2405 2050 humilitatis,
2425 1981 2802 2037 exscindenda;
2824 1974 3112 2031 voluntatis
3137 1969 3492 2039 propellitur;
3516 1979 3639 2016 cum

2061 2083 2260 2149 ubique
2286 2076 2648 2134 cltaristicarii
2683 2075 3054 2132 dominentur,
3103 2075 3155 2118 ct
3191 2059 3464 2134 pra‘pOsiti
3502 2070 3638 2109 con-

2064 2181 2413 2236 temnantur;
2466 2183 2677 2224 necnon
2737 2157 3182 2220 sanctimonialcs
3247 2145 3640 2206 eharisticariis

2063 2267 2386 2321 mulieribus
2414 2263 2728 2317 adhaereant
2768 2269 2822 2312 et
2863 2251 3255 2310 obseeundeut,
3297 2261 3402 2298 non
3456 2249 3639 2293 autem

2063 2361 2130 2415 iis
2161 2376 2278 2427 (pne
2304 2356 2606 2427 praepositae
2632 2366 2818 2406 earnm
2871 2356 3026 2409 sunt;
3083 2344 3191 2396 imo
3247 2348 3304 2392 ut
3352 2333 3640 2402 plurimum

2063 2455 2312 2508 laetentur
2346 2451 2398 2504 in
2430 2443 2824 2503 charisticaria:
2863 2450 2915 2496 et
2947 2435 3248 2509 prrepositm
3275 2423 3642 2482 contentioni-

2065 2551 2183 2614 bus,
2218 2564 2350 2616 quas
2376 2549 2518 2600 inter
2547 2542 2817 2598 continua:
2861 2553 2924 2590 ac
2957 2531 3324 2587 indesinctttes
3371 2523 3642 2575 habentur

2065 2643 2434 2696 dissensiones
2469 2649 2521 2692 el
2558 2635 2886 2691 simultates.
2922 2628 3052 2694 Quae
3085 2638 3202 2676 cum
3237 2620 3310 2672 ita
3357 2616 3487 2676 sint,
3521 2609 3641 2662 nhi-

2063 2749 2185 2786 nam
2245 2734 2310 2785 de
2374 2730 2583 2798 reliquo
2649 2740 2772 2793 spes
2823 2717 3065 2776 salutis?
3124 2711 3354 2767 Ubinam
3421 2700 3643 2759 virtutis

2061 2824 2308 2879 oiiicina?
2365 2823 2452 2877 tibi
2516 2819 2701 2875 schola
2752 2830 2892 2869 verae
2949 2805 3341 2879 philosophiae,
3398 2797 3644 2862 artisque

2063 2918 2310 2973 artium?
2339 2917 2485 2970 Abiit
2517 2924 2682 2981 atque
2719 2908 2915 2978 'pcriit.
2952 2906 3027 2958 Ita
3059 2915 3188 2971 ergo
3241 2895 3498 2950 inimicus
3541 2903 3642 2943 nos

2065 3010 2404 3064 miserabiles
2455 3006 2622 3059 vitam
2676 2999 3030 3055 monasticam
3099 3001 3321 3062 agentes
3391 2985 3538 3039 viros
3589 2989 3645 3035 e-t

2068 3101 2322 3166 feminas,
2359 3097 2655 3153 secundum
2687 3095 2923 3147 animam
2959 3084 3218 3141 interﬁcit
3252 3097 3315 3134 ac
3352 3075 3546 3146 perdit.

377 3229 490 3283 Ποῦ
519 3231 580 3283 τὸ
626 3225 972 3281 διδασκάλων
1015 3228 1117 3295 τῆς
1165 3228 1404 3300 ἀληθοῦς
1465 3230 1806 3300 φιλοσοφίας,
1869 3231 1964 3284 καὶ
2003 3232 2201 3303 τέχνης
2234 3234 2344 3286 τῶν
2398 3229 2643 3301 τεχνῶν;
2705 3227 2912 3296 οἴχεται
2952 3223 3046 3277 καὶ
3114 3219 3638 3282 ἀπώλω).εν.οῦτως

375 3322 557 3375 τοίνυν
600 3321 698 3374 καὶ
725 3324 752 3374 ὁ
782 3320 978 3391 ὲχθρὸς
1008 3322 1154 3393 ἡμᾶς
1181 3322 1307 3386 τοὺς
1355 3325 1623 3391 ἐλεεινοὺς
1660 3324 1955 3409 μοναχοὺς,
1995 3325 2198 3397 ἄνδρας
2250 3344 2311 3380 τε
2377 3327 2469 3379 καὶ
2526 3323 2813 3393 γυναῖκας,
2861 3315 3111 3390 ψυχικῶς
3179 3316 3423 3384 φονεύων
3475 3313 3645 3367 ἀπόλ-

372 3413 550 3466 λύσιν.

453 3504 745 3570 ις¹.Τοῦτο
783 3504 846 3557 τὸ
905 3505 1294 3576 χαλεπώτατον
1351 3511 1448 3563 καὶ
1505 3511 1812 3583 ὑπέρογκον
1865 3518 1958 3569 καὶ

2132 3509 2274 3564 XVI.
2321 3505 2432 3560 lloc
2480 3499 2884 3573 gravissimum,
2939 3497 3291 3557 immensum,
3321 3492 3644 3562 'mnltiplex,

378 3600 722 3670 πολύτροπον
751 3600 846 3653 καὶ
876 3599 1285 3672 ἀνυπέρϐλητον
1317 3603 1509 3669 κακὸν,
1537 3605 1596 3658 τὸ
1623 3607 1802 3677 πάσης
1835 3611 1961 3662 ἀσε-

379 3693 533 3756 ϐείας
557 3693 877 3762 ἐφάμιλλον,
905 3693 966 3746 τὸ
995 3694 1176 3762 πάσης
1203 3681 1474 3766 αἱρέσεως
1539 3701 1868 3767 ἰσοστάσιον,
1914 3704 1961 3755 οἰ

378 3783 521 3835 κατὰ
544 3783 773 3851 καιροὺς
803 3782 1044 3851 βασιλεῖς
1070 3784 1166 3837 καὶ
1201 3787 1543 3856 πατριάρχαι
1567 3789 1963 3859 ἐνεργούμενον

379 3875 744 3944 καθορῶντες,
772 3872 868 3927 καὶ
911 3874 1201 3944 δυνάμενοι
1259 3877 1355 3930 καὶ
1419 3878 1670 3944 ἐξουσίαν
1745 3879 1962 3948 ἔχοντες

375 3968 692 4020 ἀναστεῖλαι
725 3969 819 4020 καὶ
852 3967 1063 4022 παῦσαι
1131 3969 1287 4033 αὐτὸ,
1348 3971 1408 4022 ού
1471 3973 1630 4040 μόνον
1677 3973 1841 4027 τοῦτο
1899 3976 1961 4026 οὐ

379 4062 648 4126 ποιοῦσιν,
691 4062 828 4113 ἀλλὰ
858 4062 954 4114 καὶ
994 4061 1399 4125 ὲπιὸεϐαιοῦσι,
1437 4063 1504 4116 δι’
1541 4060 1615 4117 ὧν
1651 4067 1746 4119 καὶ
1805 4068 1963 4120 αύτοί⁵

376 4153 444 4203 τὰ
491 4152 631 4206 αὐτὰ
660 4151 771 4205 τῶν
799 4150 906 4220 προ
935 4152 1116 4204 αὐτῶν
1144 4153 1462 4221 ἐνεργοῦσιν
1492 4171 1506 4184 ·
1545 4158 1632 4207 ἀεὶ
1661 4156 1756 4208 τοῦ
1789 4157 1960 4209 κακοῦ

375 4245 520 4297 κατά
553 4245 751 4312 γενεὰν
787 4245 882 4296 καὶ
910 4243 1109 4311 γενεὰν
1167 4243 1492 4316 προσθήκην
1546 4249 1960 4318 ἐπιδεχομένου,

377 4341 472 4390 καὶ
503 4339 627 4391 ὅσον
678 4335 832 4389 οῠπω
884 4335 1179 4406 ἀφανισμῷ
1250 4338 1441 4408 τελείῳ
1512 4341 1607 4393 τοῦ
1667 4343 1962 4412 μοναχικοῦ

355 4431 663 4500 ,τάγματος
695 4429 1242 4498 παραδοθησομένου.
1272 4431 1408 4483 Οὐδὲ
1444 4432 1554 4504 γὰρ
1605 4430 1868 4502 ἡγοῦνται
1902 4435 1964 4487 τὸ

354 4519 644 4602 γ’τοιοῦτον,
700 4520 838 4584 ὅλως
917 4518 1225 4589 ἁμάρτημα
1273 4515 1435 4573 εἶναι.
1496 4521 1608 4572 Καὶ
1667 4522 1785 4584 πῶς
1855 4521 1966 4592 ἀρα

356 4612 767 4708 ιδιορθώσονται
793 4627 808 4676 ;
835 4611 894 4663 Εἰ
917 4611 973 4662 δὲ
1003 4611 1097 4664 καί
1136 4629 1263 4664 ποτε
1291 4614 1371 4674 εἰς
1409 4613 1615 4683 μικρὰν
1660 4613 1964 4683 συναίσθη-

379 4724 464 4757 σιν
495 4705 744 4770 ἐλθωσιν,
780 4704 885 4758 ὑπό
915 4721 1062 4765 τινος
1091 4703 1201 4757 τῶν
1253 4704 1561 4774 φιλαρέτων
1605 4705 1736 4776 περί
1771 4707 1963 4759 τούτου

381 4799 955 4868 ὑπομιμνησκόμενοι,
982 4800 1095 4861 τοῖς
1126 4798 1480 4866 πρωταιτίοις
1512 4797 1741 4859 ἐκείνοις
1770 4798 1831 4850 τὸ
1853 4799 1962 4850 πᾶν

2067 3619 2129 3656 ac
2158 3596 2500 3654 intolerabile
2552 3594 2778 3656 malum,
2810 3589 2991 3644 omnis
3037 3585 3330 3656 impietatis
3365 3583 3641 3643 annulum.

2064 3693 2208 3748 omni
2267 3688 2457 3745 hzr-resi
2518 3685 2745 3754 aequale,
2796 3683 2886 3751 qui
2947 3694 3042 3749 per
3080 3689 3322 3745 tempora
3381 3675 3646 3730 exstitere

2066 3781 2426 3849 imperatores
2459 3784 2514 3828 et
2566 3772 2887 3841 patriarcha:
2936 3769 3117 3838 vigere
3165 3765 3485 3834 conspicati,
3519 3780 3642 3818 cum

2066 3881 2288 3944 possent
2319 3885 2381 3924 ex
2415 3868 2737 3921 auctoritate
2762 3862 3120 3929 comprimere
3145 3869 3196 3912 et
3224 3871 3499 3922 coercere,
3536 3869 3645 3908 non

2066 3967 2224 4020 modo
2259 3979 2361 4016 non
2398 3961 2661 4023 fecerunt,
2691 3959 2782 4011 sed
2813 3955 2974 4010 etiam
3003 3953 3366 4006 continiarunt
3388 3989 3402 4012 ,
3436 3947 3648 4017 agendo

2064 4059 2250 4113 eadem
2291 4071 2409 4126 qure
2458 4053 2890 4121 prmdecessores
2931 4048 3017 4102 sui
3071 4062 3085 4098 :
3147 4048 3281 4098 adeo
3333 4057 3390 4095 nt
3441 4041 3640 4096 malum

2065 4166 2278 4217 semper
2307 4151 2372 4201 ab
2402 4161 2558 4201 a-tate
2595 4146 2645 4196 in
2689 4154 2897 4195 a-talent
2935 4149 3282 4209 augmentum
3330 4137 3552 4205 ceperit,
3591 4143 3648 4189 et

2068 4243 2415 4296 Inoiiachit'tts
2451 4242 2585 4291 ordo
2616 4248 2823 4289 tantum
2856 4251 2960 4287 non
2999 4233 3296 4285 tradendus
3323 4229 3392 4282 sit
3423 4229 3649 4296 integrae

2067 4333 2366 4389 abolitioni.
2405 4330 2588 4400 Neque
2631 4331 2773 4382 enim
2808 4328 2908 4380 hoc
2932 4335 3178 4385 censent,
3221 4321 3490 4376 ullatenus
3529 4334 3649 4373 esse

2073 4435 2381 4495 peccatum.
2417 4422 2698 4488 Quomodo
2734 4420 2900 4489 igitur
2927 4412 3403 4472 emendabuntur?
3435 4411 3490 4465 Si
3523 4425 3649 4462 vero

2067 4516 2361 4587 aliquando
2394 4515 2447 4568 in
2480 4514 2752 4568 modicum
2782 4524 3000 4564 sensum
3039 4506 3322 4568 venerint,
3355 4503 3421 4556 ab
3466 4503 3650 4569 aliquo

2066 4625 2096 4663 e
2145 4612 2345 4664 virtute
2393 4606 2634 4675 prmditis
2686 4620 2802 4656 eam
2846 4603 2914 4652 ob
2967 4616 3077 4651 rem
3123 4595 3405 4656 admoniti,
3457 4591 3650 4660 primis

2067 4702 2174 4756 illis
2202 4701 2517 4755 auctoribus
2567 4706 2736 4751 totum
2774 4694 3077 4754 ascribunt,
3120 4705 3286 4755 seque
3317 4687 3647 4741 arbitrantur

2068 4793 2238 4860 culpa:
2263 4807 2368 4845 non
2410 4790 2642 4844 amnes:
2681 4798 2842 4855 atque
2892 4787 3142 4854 ignorant
3173 4781 3314 4850 quod
3363 4794 3429 4832 eo
3476 4777 3648 4844 magis

381 4890 776 4958 ἐπιγράφουσι,
809 4887 908 4940 καὶ
933 4888 1159 4950 ἑαυτοὺς
1183 4887 1512 4950 ἀνευθύνους
1543 4888 1962 4958 ὑπολαμϐάνου-

2067 4901 2230 4954 supra
2289 4883 2409 4937 illos
2457 4877 2854 4935 condemnandi
2913 4877 3044 4938 sint,
3117 4889 3226 4941 quo
3288 4871 3363 4924 illi
3429 4870 3646 4938 quidem

381 4995 498 5035 σιν·
534 4979 860 5046 ἀγνοοῦντες
889 4979 972 5032 ὅτι
1001 4978 1262 5033 τοσοῦτον
1294 4980 1498 5050 μᾶλλον
1528 4981 1758 5033 ἐκείνων
1797 4996 1965 5031 κατα-

379 5073 746 5145 κριθήσεσθαι
774 5072 1085 5144 μέλλουσιν,
1126 5073 1254 5124 ὅσον
1285 5073 1486 5125 ἐκεῖνοι
1523 5073 1621 5142 μὲν
1657 5075 1732 5142 μὴ
1765 5071 1963 5133 εἰδότες

379 5168 442 5220 τὸ
473 5167 531 5231 ἐξ
570 5167 1016 5235 ἀποτελέσματος
1047 5163 1144 5218 τοῦ
1176 5162 1352 5217 κακοῦ
1380 5154 1634 5234 μέγεθός,
1659 5164 1735 5227 ὡς
1761 5163 1966 5232 ἀγαθόν

381 5282 434 5317 τι
463 5261 753 5323 δοκοῦντες
789 5262 988 5324 ποιεῖν,
1021 5259 1082 5313 τὺ
1106 5258 1351 5330 πονηρὸν
1399 5259 1634 5330 ἔδρασαν
1659 5273 1674 5287 ⁸
1732 5251 1878 5311 οὗτοι
1908 5257 1965 5310 δὲ

379 5355 440 5408 τὸ
463 5354 927 5420 θεοστυγέστατον
959 5352 1314 5421 ἀποτέλεσμα
1342 5350 1642 5420 ὀφθαλμοῖς
1682 5349 1962 5420 καθορῶν-

292 5461 306 5475 ·
377 5466 492 5512 τες,
527 5447 794 5507 ἑκουσίως
825 5445 1116 5514 ἀνομοῦσι,
1152 5445 1254 5514 τὴν
1282 5444 1494 5498 οἰκείαν
1515 5441 1962 5506 καταπατοῦντες

383 5538 715 5608 συνείδησιν.
765 5537 931 5590 Ἀλλά
963 5538 1058 5590 καὶ
1083 5537 1165 5598 τίς
1189 5536 1296 5590 ἀπὸ
1327 5529 1436 5590 ’ποῦ’
1456 5537 1678 5600 αἰῶνος,
1728 5537 1836 5590 ὑπὸ
1861 5535 1964 5604 τῆς

381 5629 492 5682 τῶν
513 5627 896 5698 προλαϐόντων
923 5628 1121 5689 κακίας
1151 5627 1447 5698 ἐϐοηθήθη,
1483 5628 1577 5680 τοῦ
1611 5628 1684 5696 μὴ
1709 5631 1774 5679 τὰ
1806 5628 1966 5696 ὃμοια

386 5726 480 5776 καὶ
510 5723 726 5793 χείρονα
758 5721 987 5775 ἐκείνων
1018 5720 1348 5790 κολασθῆναι
1373 5735 1388 5785 ;
1417 5721 1468 5773 τί
1500 5721 1607 5790 γὰρ
1627 5720 1967 5788 ὠφελοῦνται

380 5816 432 5868 οἰ
458 5816 638 5880 φονεῖς
663 5813 773 5868 ἀπὸ
798 5813 892 5866 τοῦ
923 5807 1064 5866 εἶναι
1105 5812 1200 5865 τοῦ
1255 5813 1418 5883 φόνου
1482 5813 1812 5884 πρωταίτιον
1872 5811 1966 5864 τὸν
2018 5864 2022 5867 .

383 5906 549 5973 Κὰῖν,
580 5905 616 5977 ἦ
647 5907 696 5961 οἰ
728 5906 1117 5985 ἀρσενοκοῖται
1147 5904 1253 5984 ἀπὸ
1287 5904 1380 5964 τοῦ
1415 5899 1555 5961 εἶναι
1592 5903 1965 5982 πρωταιτίους

2064 4976 2368 5029 nescientes
2415 4973 2542 5026 tnali
2595 4971 2718 5025 inde
2770 4967 3142 5038 provenientis
3201 4964 3646 5031 magnitudinem,

2064 5070 2302 5139 putando
2328 5069 2526 5121 bonum
2558 5065 2686 5134 quid
2708 5079 2767 5117 se
2797 5075 2976 5128 agere,
3009 5057 3206 5111 malum
3232 5066 3645 5126 perpetrarunt;

2065 5161 2165 5230 ipsi
2225 5176 2353 5214 vero
2408 5159 2518 5213 Deo
2567 5156 2804 5210 maxime
2868 5154 3110 5207 invisum
3166 5160 3418 5205 eventum
3474 5147 3650 5200 oculis

2067 5263 2404 5324 spectantes,
2441 5259 2637 5319 sponte
2692 5248 2878 5315 inique
2942 5253 3130 5315 agunt,
3188 5258 3284 5296 sua
3333 5238 3646 5296 conculcata

2069 5345 2427 5405 conscientia.
2481 5345 2597 5404 Sed,
2642 5350 2696 5395 et
2747 5342 2871 5410 quis
2926 5341 2990 5393 ab
3036 5337 3184 5392 omni
3237 5347 3500 5402 tempore,
3551 5345 3650 5400 per

2070 5441 2488 5516 praecedentium
2543 5438 2807 5492 malitiam
2862 5434 3078 5503 adjutus
3110 5441 3213 5492 est,
3250 5440 3310 5483 ut
3360 5443 3464 5480 non
3505 5425 3645 5495 pari,

2069 5537 2179 5592 imo
2243 5532 2479 5605 graviori
2544 5529 2812 5599 supplicio
2885 5523 3238 5581 adiceretur?
3313 5521 3452 5585 Quid
3501 5521 3644 5573 enim

2069 5627 2290 5698 prodest
2343 5623 2656 5687 homicidis,
2689 5620 2914 5675 Cainnm
2966 5619 3199 5688 primum
3227 5629 3345 5669 esse
3371 5611 3646 5666 homicidii

2069 5731 2389 5782 auctorem;
2439 5726 2531 5770 aut
2571 5713 2986 5785 praediconibus,
3016 5710 3298 5764 inchoasse
3332 5707 3436 5760 hoc
3466 5707 3646 5760 scelus

2071 5809 2419 5866 Sodomitas?
2447 5807 2588 5874 Quin
2646 5806 2826 5876 potius
2855 5805 3061 5870 absque
3108 5814 3204 5868 spe
3251 5799 3422 5853 venim
3469 5797 3646 5850 delin-

2073 5909 2280 5976 quunt;
2317 5909 2498 5970 utpote
2531 5898 2618 5968 qui
2657 5907 2773 5967 post
2807 5895 3106 5955 terribilem
3141 5891 3354 5951 illorum
3387 5889 3645 5948 condem-
