4088 6454
408 369 565 431 lli?

1166 370 1490 433 JOANNIS
1528 372 2001 436 ANTIOCHENI
2035 374 2135 435 DE
2165 375 2711 449 MONASTERIIS,
2749 376 2910 437 ETC.

3569 365 3706 432 1M8

428 487 728 550 nationem,
763 485 815 540 in
848 485 1039 543 iisdem
1064 489 1378 558 persistunt.
1408 490 1487 545 Ita
1513 492 1687 562 neque
1710 492 1809 564 ipsi
1841 492 2007 548 ullum

2135 494 2241 557 ποὺς
2260 495 2601 565 Σοδομίτας;
2639 495 2690 548 εί
2726 494 2801 565 μὴ
2827 492 3033 564 μᾶλλον
3091 486 3472 563 ἀσυγχώρητέι
3523 484 3704 556 πλημ-

424 581 797 636 excusationis
827 580 1000 636 locum
1031 596 1097 638 ex
1130 597 1196 638 eo
1238 583 1513 640 habebunt
1543 586 1685 655 quod
1739 600 1847 640 non
1896 586 2006 642 sint

427 676 589 747 primi
620 683 829 732 sontes.

502 944 666 1000 XVII.
730 943 1021 1000 Peccatum
1062 945 1129 999 ad
1186 954 1440 1010 mortem,
1501 945 1759 1001 dixerunt
1816 945 2011 1001 Patres

430 1040 665 1099 illudde
685 1054 793 1109 quo
824 1039 1142 1110 ptenitcntia
1179 1055 1284 1093 non
1311 1041 1510 1109 agitur.
1541 1039 1606 1092 Et
1652 1041 1775 1108 quis
1822 1056 2010 1095 eorum

430 1133 524 1203 qui
562 1132 897 1187 monasteria
929 1133 1150 1187 tradunt
1178 1142 1273 1187 aut
1308 1132 1601 1199 accipiunt,
1637 1134 2010 1201 ptenitcutiam

432 1238 673 1292 unquam
703 1222 814 1291 egit
843 1224 913 1279 de
951 1223 1043 1277 tali
1098 1231 1358 1290 tantoque
1407 1223 1644 1286 delicto;
1693 1223 1771 1276 vel
1819 1224 2010 1277 saltem

428 1329 687 1387 peccasse
721 1329 781 1370 se
809 1329 875 1369 ea
916 1314 985 1370 de
1023 1330 1188 1369 causa
1234 1315 1569 1368 existimavit
1604 1317 1922 1383 aliquando,
1957 1326 2014 1372 ut

430 1404 754 1475 paenitentia
800 1405 1138 1471 duceretur,
1199 1420 1264 1459 ac
1314 1405 1400 1459 vel
1448 1405 1500 1459 in
1571 1406 1702 1475 ipsis
1756 1407 2015 1462 extremis

429 1496 716 1563 halitibus,
765 1497 911 1551 nudo
949 1496 1214 1552 duntaxat
1254 1511 1505 1552 sermone
1552 1497 1758 1554 diceret
1805 1498 1869 1552 ad
1905 1498 2014 1553 Do-

430 1588 640 1643 minum
678 1605 692 1641 :
730 1585 959 1643 Peccavi
994 1588 1112 1654 tibi,
1149 1589 1399 1654 Domine,
1448 1591 1513 1644 iis
1563 1590 1725 1647 rebus
1756 1594 1887 1660 'quaa
1921 1593 2014 1648 tibi

433 1682 650 1751 tuisque
682 1683 878 1736 dicatm
913 1693 1061 1748 sunt,
1094 1697 1191 1753 per
1226 1691 1391 1737 totam
1422 1683 1585 1738 vitam
1625 1700 1799 1740 meam
1843 1688 2020 1756 impu—

431 1774 632 1829 denter
661 1782 716 1829 et
743 1773 1010 1844 intrepide
1042 1776 1247 1831 abusus
1284 1792 1297 1827 :
1337 1776 1431 1830 sed
1488 1785 1565 1840 lu,
1618 1777 1869 1843 Domine,
1922 1794 2019 1847 per

2114 588 2401 659 μελοῦσινο
2423 589 2498 653 ὠς
2532 589 2671 659 μετά
2696 590 2797 662 τὴν
2826 587 3064 657 φοϐερὰν
3094 586 3323 640 ἐκείνων
3349 589 3700 644 κατάκρισιν,

2112 683 2224 745 τοῖς
2254 682 2441 746 αὐτοῖς
2485 683 2862 751 ἐπιμένοντες.
2906 680 3092 745 Οὕτως
3131 680 3253 734 οὐδὲ
3312 681 3469 734 αὐτοὶ
3510 678 3704 749 χώραν

2114 773 2411 843 ἀπολογίας
2436 774 2653 839 πάντως
2683 775 2888 842 ἕξουσι,
2913 774 3001 828 διά
3024 775 3085 826 τὸ
3120 775 3194 844 μὴ
3227 774 3488 841 γενέσθαι
3510 791 3697 842 πρωτ-

2113 866 2301 922 αίτιοι.
2974 870 2977 873 ’

2191 958 2278 1024 ιζ’.
2323 959 2632 1031 Ἀμαρτίαν
2659 961 2796 1030 πρὸς
2863 960 3096 1015 θάνατον
3144 955 3298 1013 εἷπον
3348 960 3400 1011 at
3455 958 3700 1026 Πατὲρες

2115 1052 2215 1124 τὴν
2240 1053 2631 1121 ἀμετανόητον.
2670 1054 2777 1107 Καὶ
2795 1054 2876 1115 τίς
2908 1053 3016 1105 τῶν
3048 1052 3392 1122 μοναστήρια
3416 1051 3700 1120 δωρουμέ-

2116 1163 2222 1198 νων
2257 1145 2289 1215 ἦ
2322 1146 2431 1198 τῶν
2494 1145 2891 1215 λαμϐανόντων
2957 1146 3255 1215 μετενόησέ
3316 1162 3448 1197 ποτε
3501 1144 3590 1195 ἐπὶ
3630 1146 3699 1213 τῇ

2115 1237 2345 1309 τοιαύτῃ
2375 1239 2468 1291 καὶ
2497 1239 2736 1309 τοσαύτῃ
2770 1239 3042 1309 ἁμαρτίᾳ,
3072 1240 3104 1307 ἢ
3144 1237 3249 1292 κᾶν
3280 1236 3419 1298 ὅλως
3448 1236 3703 1306 ἁμαρτῆ-

2117 1327 2209 1379 σαί
2240 1344 2370 1380 ποτε
2388 1327 2541 1397 ᾠήθη
2573 1329 2767 1380 τούτου
2803 1327 3012 1389 ἕνεκεν,
3088 1327 3176 1380 ita.
3221 1327 3558 1396 μετανοήσῃ,
3607 1325 3703 1377 καὶ

2116 1417 2221 1472 κᾶν
2255 1419 2337 1483 εἰς
2362 1421 2532 1482 asta;
2558 1421 2656 1485 τὰς
2695 1420 3019 1482 τελευταίας
3049 1417 3357 1481 ἀναπνοὰς,
3397 1418 3502 1470 κᾶν
3561 1416 3705 1486 ψλῷ

2117 1510 2264 1581 λόγῳ
2289 1512 2419 1583 είπῃ
2444 1510 2580 1582 πρὸς
2614 1512 2817 1582 Κύριον
2842 1529 2856 1542 ·
2909 1512 3192 1582 Ἥμαρτον
3238 1527 3345 1574 σοι,
3399 1512 3570 1579 Κύριε
3599 1527 3612 1539 ·
3636 1509 3709 1560 τά

2120 1621 2202 1657 σοι
2221 1605 2317 1656 καὶ
2346 1607 2462 1667 τοῖς
2491 1607 2602 1667 σοῖς
2636 1603 3039 1674 ἀνατεθειμένα
3085 1604 3415 1673 πράγματα,
3471 1600 3709 1663 ἀναιδῶς

2121 1698 2216 1750 καὶ
2248 1697 2424 1759 ἀδεῶς
2480 1698 2550 1752 δι’
2575 1699 2706 1767 ὅλης
2760 1716 2863 1767 μου
2907 1697 3009 1766 τῆς
3047 1697 3195 1765 ζωῆς
3234 1696 3570 1767 καταχρώμε
3603 1714 3662 1757 ος
3691 1711 3705 1726 ·

2122 1790 2261 1843 ἀλλά
2291 1795 2380 1854 σὺ,
2416 1792 2615 1861 Κύριε,
2641 1792 2726 1843 Erit
2752 1790 2853 1861 τὴν
2877 1789 3111 1859 ἄπειρόν
3138 1807 3233 1842 σου
3264 1791 3360 1842 καὶ
3379 1788 3713 1857 ἀνεκδιήγη-

430 1866 757 1921 immensam
780 1876 922 1921 luam
950 1878 1002 1920 et
1027 1866 1353 1923 inell'abilem
1380 1869 1701 1935 bonitatem,
1729 1871 2014 1936 miserere,

2135 1897 2213 1934 εον
2245 1882 2588 1950 ἀγαθότητα,
2625 1884 2853 1952 ἐλέησον
2883 1885 2978 1935 καὶ
3009 1880 3373 1952 συγχώρησὸν
3399 1897 3510 1950 μοι.
3538 1881 3713 1948 Ἀμε-

432 1970 499 2010 ac
528 1955 658 2010 mihi
703 1958 944 2025 ignosce.
996 1956 1215 2026 Absque
1262 1957 1584 2027 prenitentia
1632 1973 1766 2013 vero
1816 1960 1867 2012 in
1919 1960 2011 2013 tali

436 2056 691 2117 tantaque
723 2048 1000 2118 impietate
1030 2049 1291 2113 moriens,
1346 2065 1453 2118 quo
1490 2060 1647 2120 pacto
1699 2050 2019 2106 liberabitur

435 2140 646 2206 miser,
703 2139 773 2195 ab
820 2151 1025 2199 aeterno
1073 2142 1386 2212 supplicio?
1442 2158 1753 2211 quanquam
1820 2144 2019 2199 nullius

432 2232 643 2299 peccati
677 2232 905 2289 alterius
939 2235 1042 2289 sibi
1098 2236 1354 2291 conscius
1403 2236 1511 2301 sit;
1555 2237 1697 2306 quod
1748 2235 1865 2290 ﬁeri
1913 2252 2019 2290 non

435 2334 635 2392 patcst.
688 2325 952 2395 Quodque
1002 2328 1173 2397 magis
1220 2327 1562 2397 inepinatum
1611 2339 1732 2393 est;
1768 2330 1858 2398 qui
1908 2328 2022 2383 hanc

442 2414 645 2469 audent
674 2415 1015 2486 delinquere,
1047 2419 1231 2488 sicque
1264 2419 1429 2473 Deum
1476 2420 1785 2484 od‘endunt,
1828 2435 2023 2476 mOua-

437 2509 606 2562 steria
635 2509 702 2564 de
736 2525 873 2564 novo
904 2513 1298 2582 aggrediuntur
1342 2524 1707 2581 construere;
1735 2529 1836 2570 nec
1861 2517 2025 2584 pudet

439 2615 557 2666 eos,
586 2601 690 2655 alia
735 2606 1068 2659 monasteria
1099 2614 1366 2673 evertere,
1414 2616 1469 2662 et
1509 2607 1611 2662 alia
1649 2608 2021 2675 reredificare;

444 2710 627 2764 neque
665 2696 749 2751 vel
781 2698 885 2752 hoc
917 2698 1221 2769 intelligere
1258 2699 1462 2761 valent.
1495 2705 1637 2770 quod
1682 2702 1850 2772 impia
1890 2718 2026 2757 con-

442 2790 733 2844 suetudine
773 2790 1081 2857 obtinente,
1131 2794 1295 2848 etiam
1319 2810 1440 2864 quae
1473 2811 1614 2849 nunc
1640 2796 1708 2851 ab
1759 2797 1889 2863 ipsis
1920 2797 2029 2851 eri-

444 2892 670 2949 guntur,
706 2883 834 2937 licet
880 2899 987 2939 non
1037 2885 1222 2951 hodie,
1254 2897 1493 2941 attamen
1539 2903 1664 2943 cras
1715 2889 2028 2945 necessario

447 2976 823 3041 donabantur,
855 2980 1109 3035 servituti
1142 2982 1449 3045 tradentur,
1480 2983 1847 3038 destruentur.

513 3082 702 3139 XVIII.
744 3085 928 3142 Gloria
960 3088 1081 3153 tibi,
1106 3087 1334 3145 Domine
1369 3086 1494 3145 Jcsu
1524 3089 1743 3145 Christe
1765 3090 1905 3145 Deus
1932 3104 2032 3145 no-

2119 1971 2384 2039 τανόητος
2414 1970 2469 2022 δὲ
2498 1973 2591 2024 ἐπὶ
2615 1975 2680 2042 τῇ
2726 1972 2954 2043 τοιαύτῃ
2999 1971 3095 2024 καὶ
3149 1970 3456 2041 τηλικαύτῃ
3486 1967 3718 2038 ἀσεϐείᾳ

2121 2063 2435 2129 ἀποθανὼν,
2479 2064 2596 2128 πῶς
2634 2065 2973 2135 ῥυσθήσεται
3024 2067 3054 2119 ὁ
3103 2063 3291 2126 ἅθλιος
3342 2063 3442 2131 τῆς
3490 2063 3715 2116 αἰωνίου

2122 2156 2406 2221 κολάσεως
2435 2175 2449 2222 ;
2483 2157 2534 2209 εί
2564 2158 2660 2211 καὶ
2698 2157 2977 2228 μηδεμίαν
3004 2157 3175 2222 ἄλλην
3232 2156 3516 2227 ἁμαρτίαν
3534 2153 3717 2231 ὲαμτῷ

2125 2250 2465 2320 συνέγνωκεν
2484 2266 2498 2283 ⁸
2545 2254 2685 2323 ὅπερ
2715 2253 3022 2324 ἀμήχανον.
3066 2252 3140 2305 Τὸ
3167 2252 3225 2304 δὲ
3248 2248 3715 2320 παραδοξότερον,

2123 2344 2210 2396 ὅτι
2239 2344 2284 2396 oi
2316 2344 2384 2397 τὰ
2414 2343 2643 2397 τοιαῦτα
2683 2343 2995 2414 τολμῶντες
3011 2343 3382 2413 πλημμελεῖν,
3421 2342 3517 2395 καὶ
3537 2339 3717 2402 οὕτως

2124 2436 2203 2506 τῷ
2234 2436 2355 2507 Θεῷ
2378 2436 2844 2508 προσκρούοντες,
2860 2436 3107 2506 τολμῶσι
3135 2435 3484 2507 μοναστήρια
3509 2433 3573 2485 ἐκ
3590 2432 3718 2485 νέου

2125 2529 2504 2599 ἀνοικοδομεῖν
2527 2544 2544 2560 ο
2566 2529 2662 2582 καὶ
2695 2529 2797 2581 οὐκ
2834 2527 3184 2602 ἐρυθριῶσιν,
3209 2526 3345 2580 ἀλλα
3375 2525 3719 2597 μοναστήρια

2128 2620 2519 2686 καταλύοντες,
2549 2623 2644 2674 καὶ
2673 2621 2842 2691 ἕτερα
2868 2619 3358 2690 ἀνοικοδομοῦντες
3377 2637 3394 2653 ο
3422 2618 3497 2688 μὴ
3519 2619 3576 2672 δὲ
3611 2619 3718 2671 κᾶν

2128 2712 2290 2767 τοῦτο
2321 2714 2558 2767 συνιδεῖν
2578 2713 2902 2783 δυνάμενοι,
2937 2713 3023 2766 ὃτι
3045 2712 3142 2765 τοῦ
3193 2710 3495 2774 δυσσεϐοῦς
3555 2709 3721 2771 ἔθους

2129 2806 2488 2880 κρατοῦντος,
2512 2808 2607 2860 καὶ
2635 2806 2817 2860 τὰνῦν
2840 2807 2933 2859 ὑπ’
2982 2806 3164 2860 αὐτῶν
3213 2806 3636 2877 ἀνεγειρόμενα,
3666 2804 3718 2856 εί

2133 2901 2230 2957 καὶ
2266 2900 2340 2972 μὴ
2368 2902 2631 2971 σήμερον,
2661 2900 2778 2955 ἀλλ’
2799 2898 2996 2967 αὔριον
3027 2898 3182 2968 γοῦν,
3215 2899 3434 2970 ἀνάγκη
3460 2896 3719 2968 δωρηθῆ-

2133 3008 2225 3046 ναι
2250 2991 2346 3044 καὶ
2376 2989 2715 3059 δουλωθῆναι
2740 2989 2833 3043 καὶ
2857 2988 3254 3060 καταλυθῆναι.

2207 3094 2298 3168 ιη’.
2326 3096 2465 3160 Δόξα
2500 3112 2607 3162 σοι,
2638 3095 2813 3167 Κύριε
2850 3094 3028 3165 Ἰησοῦ
3061 3096 3291 3166 Χριστὲ,
3315 3094 3342 3148 ὁ
3377 3092 3511 3157 Θεὸς
3536 3091 3719 3163 ἡμῶν,

442 3184 582 3243 eler,
613 3176 783 3247 gloria
815 3178 935 3243 tibi,
964 3178 1132 3248 gloria
1160 3179 1373 3234 lenitati
1405 3189 1530 3246 tuae,
1558 3181 1731 3249 gloria
1755 3182 2030 3249 patientia!

2135 3186 2264 3253 δόξα
2288 3203 2393 3252 σοι,
2428 3185 2558 3250 δόξα
2600 3187 2666 3257 τῇ
2700 3183 3062 3256 μακροθυμίᾳ
3094 3200 3215 3247 σου,
3239 3181 3368 3249 δόξα
3415 3184 3484 3252 τῇ
3534 3179 3725 3247 ἀνεξι-

441 3276 573 3332 tua},
608 3269 781 3339 gloria
815 3269 1072 3325 iueﬂ‘abili
1107 3281 1210 3326 tua:
1234 3272 1559 3336 clementiae,
1595 3276 1888 3342 quodcum
1928 3273 2032 3329 tale

446 3370 774 3431 tantumque
840 3363 1044 3417 malum
1093 3382 1123 3417 ιι
1174 3374 1329 3419 tanto
1390 3374 1634 3435 tempore
1689 3365 1745 3420 in
1802 3366 2031 3434 imperio

446 3454 700 3510 Romano
726 3455 1277 3526 Cltristianorumque
1300 3459 1582 3529 republica
1612 3458 1943 3526 dominetur,
1968 3475 2035 3515 ac

446 3551 585 3604 citra
623 3551 902 3616 timorem,
934 3552 1044 3607 imo
1076 3568 1197 3608 cum
1232 3553 1425 3608 ﬁducia
1460 3564 1807 3625 perpetretur
1848 3570 2031 3609 coram

455 3645 634 3699 oculis
669 3646 778 3701 tuis
827 3663 935 3702 non
977 3646 1294 3717 indignatus
1327 3665 1411 3717 cs,
1450 3665 1556 3704 non
1589 3652 1663 3713 es?
1692 3651 1863 3704 iratus
1907 3666 2037 3705 cono

452 3737 654 3807 digne,
705 3755 811 3792 non
876 3739 1050 3808 plena:
1092 3740 1371 3799 abolitioui
1430 3742 1701 3797 tradidisti
1757 3758 1892 3809 nos;
1940 3742 2033 3797 sed

457 3831 639 3885 adhuc
694 3830 939 3888 susﬁnes
991 3832 1210 3902 lenique
1255 3834 1442 3889 animo
1473 3833 1697 3889 toleras.
1749 3835 1820 3890 Et
1873 3837 2037 3888 modo

451 3924 670 3990 quidem
728 3926 992 3981 adversus
1040 3943 1138 3981 nos
1193 3928 1260 3982 ad
1310 3927 1724 3995 castigationem
1780 3928 2034 3983 excitasti

451 4013 755 4073 Turcarum
812 4016 981 4072 feram
1052 4019 1541 4088 impiissimamque
1603 4028 1814 4089 gentem
1852 4059 1867 4082 ,
1918 4035 2039 4089 qua“:

453 4109 693 4165 Orientis
721 4110 929 4182 plagam
962 4113 1267 4182 prtedatur;
1300 4113 1461 4168 modo
1489 4123 1669 4167 autem
1715 4112 2040 4168 Palzinaco-

455 4219 575 4258 rum
608 4247 624 4270 ,
673 4203 1077 4281 Comauorum,
1108 4206 1561 4276 Francorumque
1585 4208 1857 4270 nationes,
1916 4222 2040 4276 qua:

455 4295 804 4351 Occidentem
831 4298 1120 4368 diripiunt.
1152 4297 1257 4353 Sed
1285 4307 1341 4353 ct
1389 4301 1675 4354 tremendo
1705 4308 2039 4361 lerrauuotu,

456 4388 716 4459 gravibus
742 4390 983 4456 casibus,
1010 4392 1279 4446 mortibus
1310 4392 1605 4457 inusitatis,
1632 4391 1901 4446 incendiis
1936 4401 2042 4445 lcr-

456 4481 613 4536 ruisli
644 4497 741 4537 nos
770 4500 783 4537 :
817 4483 1038 4538 omnino
1067 4498 1162 4551 per
1189 4483 1304 4539 haec
1332 4493 1389 4538 et
1410 4484 1609 4537 similia
1634 4484 1699 4536 ad
1735 4481 2044 4551 sensumgac

2134 3280 2309 3353 κακίᾳ
2346 3296 2464 3345 σου,
2500 3279 2630 3343 δόξα
2661 3280 2727 3349 τῇ
2763 3277 2959 3348 ἀφάτῳ
3017 3274 3405 3347 φιλανθρωπίᾳ
3460 3291 3556 3327 σου
3590 3289 3607 3305 ν
3641 3274 3728 3327 ὅτι

2133 3373 2227 3428 τοῦ
2258 3371 2505 3427 τοιούτου
2535 3373 2631 3425 καὶ
2660 3369 2983 3440 τηλικούτου
3048 3368 3245 3431 κακοῦ,
3304 3368 3398 3421 ἐπὶ
3447 3364 3729 3429 τοσούτοις

2134 3465 2352 3537 χρόνοις
2375 3466 2442 3535 τῇ
2461 3462 2745 3532 Ῥωμανίᾳ
2777 3460 2889 3535 (I6)
2924 3461 3017 3515 καὶ
3038 3463 3102 3531 τῇ
3128 3459 3238 3513 τῶν
3265 3456 3609 3530 Χριστιανῶν
3630 3472 3732 3507 πο-

2135 3557 2313 3629 λιτείᾳ
2335 3556 2837 3617 ὲνδυναστεύοντος,
2866 3552 2964 3606 καὶ
2993 3551 3353 3621 τολμωμένου
3379 3550 3596 3620 ἀφόϐως
3630 3550 3731 3603 καὶ

2139 3646 2717 3723 πεπαῤῥησιασμένως
2752 3643 2982 3698 ἐνώπιον
3007 3645 3115 3698 τῶν
3147 3644 3445 3715 ὀφθαλμῶν
3476 3643 3731 3709 σου,.οῦκ

2137 3743 2554 3816 ἠγανάκτησας,
2584 3741 2687 3793 οὐκ
2713 3738 2995 3811 ὠργίσθης
3041 3735 3232 3804 ἀξίως,
3286 3738 3385 3791 καὶ
3426 3735 3731 3806 ἀφανισμῷ

2138 3834 2496 3907 τελείῳήμᾶς
2528 3831 2857 3902 παρέδωκας
2882 3847 2899 3863 ο
2930 3831 3046 3885 ἀλλ’
3082 3829 3163 3884 ἔτι
3198 3831 3369 3904 ἀνέχῃ
3388 3830 3483 3883 καὶ
3514 3844 3731 3899 μακροο

2143 3929 2355 3998 θυμεῖς.
2386 3926 2499 3979 Καὶ
2527 3925 2624 3978 νῦν
2655 3924 2777 3994 μὲν,
2810 3923 2872 3977 τὸ
2898 3923 3007 3977 τῶν
3061 3922 3324 3992 Τούρκων
3378 3921 3572 3993 ἄγριον
3632 3919 3734 3973 xal.

2143 4018 2448 4073 ἀθεώτατον
2473 4017 2626 4080 ἔθνος
2647 4018 2778 4087 ἡμῖν
2810 4017 2890 4079 εἰς
2922 4015 3174 4070 παιδείαν
3197 4014 3451 4084 ἤγειρας,
3484 4014 3583 4084 τὴν
3627 4012 3733 4080 τῆς

2155 4112 2450 4181 Ἀνατολῆς
2484 4109 2668 4182 χώραν
2706 4109 2891 4179 ληΐζον
2912 4127 2925 4139 ·
2956 4107 3052 4162 νῦν
3094 4108 3173 4175 δὲ,
3207 4107 3277 4163 τά
3305 4107 3414 4160 τῶν
3459 4106 3734 4169 Πατζινά-

2145 4221 2258 4257 κων
2285 4202 2396 4274 (l7)
2428 4203 2526 4254 καὶ
2555 4200 2827 4271 Κομάνων
2850 4201 2945 4253 καὶ
2971 4200 3263 4269 Φράγγων,
3287 4198 3359 4254 τὰ
3384 4199 3484 4269 τῆς
3514 4199 3735 4261 Δύσεως

2144 4293 2534 4366 λεηλατοῦντα.
2575 4292 2736 4345 ’Λλλά
2768 4291 2874 4362 μὴν
2914 4291 3012 4345 καὶ
3069 4290 3279 4364 σεισμῷ
3346 4288 3585 4360 φοϐερῷ,
3638 4288 3737 4341 καὶ

2134 4384 2406 4458 Δχαλεποῖς
2443 4380 2842 4454 συμπτώμασι,
2872 4383 2967 4435 καὶ
2998 4381 3256 4445 θανάτοις
3285 4378 3573 4447 ἐξαισίοις,
3639 4377 3739 4431 καὶ

2150 4479 2501 4551 ἐμπρησμοῖς
2534 4478 2682 4550 ἡμᾶς
2701 4478 2978 4548 ἐφόϐησας
3011 4491 3026 4508 ·
3065 4478 3145 4539 είς
3181 4474 3538 4544 συναίσθησιν
3598 4472 3737 4526 πάν-

458 4575 896 4632 emendationem
931 4592 1029 4630 nos
1062 4576 1289 4632 ducens.
1316 4574 1426 4630 Nos
1461 4591 1589 4630 vero
1636 4589 1738 4629 nec
1769 4574 2031 4629 intellexi-

2149 4591 2261 4637 τως
2295 4572 2383 4625 διὰ
2405 4570 2614 4625 τούτων
2643 4570 2872 4623 καὶτῶν
2902 4566 3190 4634 τοιούτων,
3217 4568 3312 4622 καὶ
3338 4568 3418 4630 εἰς
3444 4565 3739 4637 διόρθωσιν

458 4683 603 4739 mus,
658 4685 758 4728 nec
801 4670 1188 4743 intelligimus;
1232 4669 1328 4727 sed
1375 4670 1557 4725 adhuc
1604 4667 1695 4739 qui
1752 4668 2037 4738 rejicichat

2146 4667 2319 4738 ἄγων.
2360 4666 2554 4736 Ἡμεῖς
2619 4664 2677 4718 δὲ
2716 4665 2778 4718 οὐ
2849 4664 3187 4735 συνήκαμεν,
3239 4659 3367 4716 οὔτε
3430 4660 3689 4730 συνίεμεν
3720 4673 3736 4688 ο

1622 4851 1810 4913 Joan.
1851 4851 2033 4928 Bapt.
2068 4846 2374 4913 Colelerii
2404 4853 2597 4909 nota}.

537 5021 649 5096 (16)
688 5018 771 5096 Τῇ
803 5020 1125 5096 ΪΡωμᾳνίγᾳ.
1170 5022 1229 5077 Id
1275 5032 1358 5080 est
1384 5022 1447 5096 in
1470 5020 1762 5096 boc__loco,
1786 5020 2047 5096 _imperio

462 5090 713 5148 Romano
734 5090 1022 5147 Orientali.
1055 5090 1320 5149 Romania
1365 5093 1509 5149 enim
1547 5092 1840 5161 aliquando
1871 5103 2041 5147 totum

462 5165 753 5230 imperium
785 5162 1085 5234 Romanum
1114 5164 1408 5234 signiﬁcat,
1442 5162 2042 5234 aliquandoimperium

462 5236 769 5290 Romanum
820 5232 1105 5288 orientale.
1132 5232 1303 5300 Quam
1338 5235 1407 5291 ad
1445 5248 1557 5289 rem
1611 5233 2041 5289 conﬁrmandam

463 5306 695 5377 plurima
749 5303 997 5377 exempla
1044 5304 1219 5377 colligi
1272 5314 1515 5375 possent,
1560 5305 1781 5377 jamque
1819 5304 2044 5377 colleCIa

465 5373 594 5431 sunt
624 5393 652 5430 a
677 5375 810 5429 viris
835 5373 1043 5446 d_octis._
1064 5373 1558 5446 Sic(ut'paucaex
1588 5373 1886 5430 innumeris
1915 5390 2045 5446 pro-

466 5446 662 5518 feram)
684 5446 748 5518 in
781 5444 967 5518 prima
1003 5444 1397 5518 signiﬁcatione
1439 5445 1795 5518 Epiphanius,
1820 5444 2039 5518 lueres.

467 5515 560 5580 69,
586 5515 650 5572 η(
672 5517 731 5580 2,
762 5516 895 5586 dicit
934 5515 1303 5570 Arianismum
1350 5524 1703 5586 propagatum
1756 5515 1922 5571 fuisse
1952 5532 2049 5585 per

469 5587 780 5642 universam
810 5585 1160 5656 Bomagniam,
1191 5588 1445 5656 maxime
1466 5585 1561 5655 per
1594 5586 1886 5640 orientales
1924 5602 2051 5656 par-

370 5672 371 5677 ‘
466 5667 573 5728 tes.
607 5656 678 5728 Et
706 5657 760 5728 in
790 5654 922 5728 “Vita
961 5654 1024 5728 S_.
1054 5656 1338 5728 Augustini
1369 5673 1399 5711 a
1419 5655 1670 5728 Possidio
1696 5658 1895 5727 scripta
1924 5654 2048 5728 cap.

468 5727 563 5794 30,
601 5726 825 5782 Vandali
872 5735 925 5782 et
970 5726 1157 5795 Gothi,
1205 5726 1484 5782 Romanis:
1529 5726 1823 5783 eversores
1845 5726 2053 5782 nuncu-

470 5806 693 5868 pantnr,
743 5796 1081 5868 De__secundo
1121 5808 1301 5855 autem
1348 5796 1654 5868 signiﬁcatu
1706 5796 2050 5868 manifestum

478 5865 538 5921 ﬁt
565 5867 792 5937 pcrhtrc
820 5865 1159 5959 Balsamonis
1177 5870 1243 5927 ad
1270 5865 1483 5927 cani”
1507 5868 1835 5927 Chalcedon.
1861 5887 1874 5923 :
1899 5867 2055 5929 Κατὰ
2086 5872 2089 5875 ’

2149 5021 2241 5074 τὴν
2281 5019 2529 5089 παρόντα
2552 5016 2772 5089 κανόνα,
2806 5016 2880 5079 ὡς
2903 5016 3100 5080 ἔοικεν,
3133 5013 3437 5089 ἀναγκάζει
3468 5010 3558 5089 τὸ.-
3571 5013 3740 5084 μέρος

2148 5093 2250 5162 τῆς
2288 5083 2620 5162 Ἐκκλησίας
2654 5088 2791 5162 τοὺς
2820 5083 3742 5162 Λατίνους’ἐξόῳιμυσθαι-θέλοντας

2150 5148 2416 5228 γύναῖκας
2440 5148 2626 5214 λαϐεῖν
2651 5160 2715 5212 ὲκ
2733 5148 2833 5226 τῆς
2865 5148 3439 5228 Ῥωμανίαςζύἱεθῐίθ
3455 5154 3742 5228 blatthaéus

2150 5224 2306 5287 Paris
2357 5244 2500 5284 anno
2533 5228 2672 5284 1⁸245
2708 5247 2721 5282 :
2755 5224 2837 5282 Ᾱιί
2868 5224 3125 5284 unitatem
3166 5226 3417 5281 Romana:
3460 5224 3739 5288 Ecclesiae,

2150 5311 2319 5356 totum
2366 5300 2672 5364 Romaniae,
2723 5300 2779 5354 id
2837 5312 2914 5354 est
2978 5299 3196 5355 Graecia:
3247 5298 3525 5368 imperium
3592 5312 3746 5350 revo-

2150 5390 2291 5427 care.

2229 5444 2340 5516 (l7)
2397 5441 2798 5516 Πατζὶνὰκων.
2847 5440 3120 5516 Patzinaci
3179 5453 3276 5516 seu
3328 5437 3631 5516 Patzinacm
3687 5445 3747 5490 et
3792 5437 3806 5451 '

2152 5510 2525 5578 Paizinacitse,
2585 5515 2787 5583 cogniti
2840 5512 3002 5583 satis
3030 5511 3235 5580 populi,
3291 5525 3356 5564 ex
3390 5510 3566 5583 Suiﬂda.
3606 5522 3745 5561 voce.

2154 5586 2364 5648 Δάκες,
2427 5577 2787 5639 Constantino
2847 5577 3400 5652 Porphyrogenneta,
3447 5577 3741 5652 _Cedr_eno,

2155 5647 2382 5724 aliisque
2407 5670 2586 5709 rerum
2608 5647 3334 5724 Constantinopolitanarum
3355 5647 3741 5724 scriptoribus:

2155 5726 2268 5782 Nec
2299 5718 2484 5780 minus
2523 5726 2632 5779 noti
2683 5724 2777 5793 qui
2824 5718 3127 5787 sequuntur
3162 5720 3415 5793 Comani.
3459 5718 3741 5793 ﬁotissitni

2156 5812 2290 5852 vero
2336 5796 2577 5850 omnium
2627 5785 2845 5849 Franci.
2878 5785 3068 5862 Atqui
3105 5791 3417 5861 prmcedunt
3459 5785 3622 5847 Τυιοί
3655 5787 3741 5843 vel

2159 5866 2372 5936 Turcac,
2406 5866 2631 5923 nimium
2665 5866 2801 5923 hcul
2839 5866 2954 5924 orbi
2987 5867 3364 5921 innatuerunt.
