4088 6468
327 432 470 504 1149

1057 435 1381 501 JOANNIS
1419 393 1763 502 eoa-tuam
1801 439 2168 503 NOVELL/E
2203 442 2888 504 CONSTlTUTIONES.

3480 436 3619 506 1150

322 530 445 585 ἀλλ’
473 527 552 584 ἔτι
581 529 609 581 ὁ
632 527 840 582 ἀθετῶν
859 527 1064 597 ἀθετεῖ,
1096 531 1191 585 καὶ
1219 534 1248 585 ὁ
1269 532 1488 603 ὰνομῶν
1513 533 1726 603 ἀνομεῖ.
1754 533 1824 584 Σὺ
1853 532 1930 596 δὲ,

2040 535 2233 604 rejicit,
2263 547 2316 590 et
2347 538 2435 605 qui
2471 538 2652 606 inique
2691 534 3040 604 operabatur,
3075 533 3261 605 inique
3293 533 3406 604 agit
3436 536 3506 589 “.
3536 535 3618 588 'l'u

323 621 524 694 Κύριε,
549 620 644 674 καὶ
667 621 747 674 ἔτι
780 620 938 691 φείδῃ
960 621 1140 692 ἡμῶν,
1159 622 1256 676 καὶ
1284 625 1555 693 προνοεῖς,
1587 624 1681 678 καὶ
1705 625 1928 686 διοικεῖς

325 716 390 766 ἐν
413 714 554 768 ἐλέει
584 713 678 767 καὶ
711 715 1022 784 οίκτιρμοῖς
1045 715 1146 784 τὴν
1178 715 1324 788 ζωὴν
1350 716 1532 787 ἡμῶν.
1557 717 1768 780 Ὄντως
1787 716 1929 769 κατὰ

324 808 429 879 τὴν
467 808 861 876 μεγαλωσύνην
893 825 1010 872 σου,
1045 808 1192 879 καὶὴ
1215 809 1572 880 μακροθυμία
1608 826 1726 866 σου.
1764 808 1928 862 Ἀλλὰ

325 901 556 971 φοϐοὖσί
580 918 646 972 με
669 901 728 952 αἱ
746 899 979 972 φοϐεραὶ
999 899 1098 972 [αι.
1120 901 1368 974 φρικταὶ]
1387 903 1482 956 καὶ
1501 903 1784 957 ἀδέκαστοι
1807 903 1928 972 κρί-

326 1012 446 1059 σεις
487 1013 605 1054 σου,
643 994 699 1046 al
725 993 820 1047 ἀπ’
853 993 1054 1057 αἰῶνος
1087 997 1473 1065 ὲπενεχθεῖσαι
1504 999 1616 1058 τοῖς
1645 995 1712 1048 τὰ
1744 995 1927 1066 ἀδιόρ-

325 1085 478 1139 θωτα
509 1085 831 1162 πταίσασινἶ
861 1085 938 1140 Οὐ
974 1086 1084 1157 γὰρ
1118 1086 1380 1150 πολλάκις
1430 1087 1604 1154 φιλεῖς
1661 1103 1930 1157 περιφρο-

325 1178 614 1248 νούμενος,
645 1179 739 1230 καὶ
761 1178 808 1230 εί
833 1176 953 1231 λίαν
1017 1176 1287 1250 ὑπάρχεις
1327 1177 1730 1248 φιλάνθρωπος.
1766 1178 1926 1231 Φοϐεῖ

332 1287 400 1339 με
442 1273 468 1322 ὀ
499 1270 844 1341 ἁσυμπαθῶς
905 1270 1311 1333 κατακλυσθεὶς
1383 1271 1608 1340 κόσμος.
1651 1271 1812 1323 Φοϐεῖ
1857 1287 1924 1340 με

319 1364 357 1431 ἠ
387 1361 480 1413 τοῦ
508 1361 640 1414 λαοῦ
667 1360 776 1413 τῶν
812 1360 1065 1432 Σοδόμων
1119 1361 1216 1414 σὺν
1271 1362 1339 1429 τῇ
1380 1362 1451 1431 γῇ
1510 1359 1603 1412 καὶ
1669 1358 1749 1427 τῷ
1798 1359 1923 1426 ἀέρι

321 1455 730 1524 ἀποτέφςωσις,
751 1456 783 1523 ἡ
807 1454 915 1507 τῶν
942 1452 1258 1520 Αἰγυπτίων
1281 1455 1360 1515 εἰς
1386 1453 1446 1505 τὸ
1477 1451 1799 1522 Ἐρυθραῖον
1828 1452 1924 1503 πέο

322 1546 491 1612 λαγος
543 1547 960 1609 καταπόντωσις
1003 1545 1100 1618 [αι.
1136 1544 1575 1616 καταπόντισις],
1633 1544 1730 1598 καὶ⁹
1763 1545 1795 1616 ἡ
1829 1543 1921 1596 τοῦ

325 1637 694 1706 ἠγαπημένον
750 1636 968 1708 Ἰσραὴλ
1002 1637 1089 1690 διὰ
1152 1636 1254 1706 τὴν
1321 1637 1401 1698 είς
1466 1638 1525 1688 σὲ
1573 1635 1923 1706 παρανομίαν

320 1730 567 1799 ἀποϐολή
600 1745 660 1781 τε
703 1729 797 1782 καὶ
826 1728 1128 1792 ἔκπτωσις.
1200 1729 1313 1783 Καὶ
1352 1729 1442 1783 διὰ
1490 1728 1648 1780 τοῦτο
1704 1726 1922 1798 τολμῶν

318 1819 516 1888 δέομαι
536 1836 550 1850 ’
589 1819 788 1890 Κύριε,
817 1821 1000 1874 κλῖνον
1031 1821 1091 1873 τδ
1120 1820 1214 1884 οὓς
1244 1837 1338 1873 σου
1369 1820 1464 1871 καὶ
1487 1819 1750 1873 ἄκουσον·
1777 1819 1921 1872 ἄνοι-

320 1913 424 1979 ξον
461 1912 591 1974 τοὺς
614 1912 930 1982 ὀφθαλμούς
955 1931 1072 1980 σου,
1107 1913 1202 1966 καὶ
1245 1911 1322 1965 ἴδε
1397 1912 1522 1982 ίλέῳ
1551 1929 1668 1975 ⁹σου
1712 1911 1920 1982 ὄμματι

321 2005 419 2055 ἐπὶ
464 2005 555 2056 τὸν
580 2003 709 2056 λαόν
743 2021 838 2057 σου
869 2007 962 2058 καὶ
1019 2005 1120 2077 τὴν
1160 2005 1533 2076 κληρονομίαν
1586 2021 1704 2066 σου,
1739 2005 1805 2075 ἢν
1829 2004 1920 2069 ὲξ-

324 2098 589 2168 ηγορᾶσω
617 2097 693 2168 τῷ
711 2097 877 2168 τιμίῳ
894 2115 986 2151 σου
1013 2099 1228 2168 αἵματι·
1259 2101 1354 2151 καὶ
1368 2098 1549 2151 κλῖνον
1572 2097 1671 2159 τὰς
1693 2097 1923 2166 καρδίας

326 2190 488 2259 ἡμῶν
511 2189 777 2259 βασιλέων
817 2192 961 2262 φημὶ
1011 2192 1108 2245 καὶ
1161 2191 1490 2263 ἀρχιερέων,
1537 2191 1816 2262 ἀρχόντων
1864 2207 1924 2244 τε

327 2284 429 2335 καὶ
458 2283 802 2354 ἀρχομένων,
836 2286 1121 2355 μοναστῶν
1156 2287 1251 2338 καὶ
1279 2287 1546 2357 μιγάδων,
1578 2290 1659 2350 είς
1679 2282 1925 2354 ὑπακοὴν

322 2375 434 2429 τῶν
466 2376 626 2429 θείων
662 2395 754 2430 σου
777 2381 1215 2449 προσταγμάτων
1233 2393 1246 2408 ’
1277 2381 1371 2432 καὶ
1398 2379 1474 2450 τῷ
1505 2379 1635 2450 θείῳ
1659 2397 1751 2432 σου
1773 2378 1924 2449 φόϐῳ

325 2468 657 2539 καθηλώσας
695 2474 794 2532 τὰς
826 2473 1039 2538 σάρκας
1112 2472 1300 2543 ἡμῶν.
1371 2473 1714 2538 καταξίωσον
1774 2473 1924 2542 ἡμᾶς

322 2563 554 2633 τρέμειν
588 2563 686 2616 καὶ
745 2564 1032 2631 φοϐεῖσθαι
1101 2565 1162 2618 τὸ
1234 2565 1463 2635 φρικτὸν
1517 2566 1611 2618 καὶ
1653 2567 1923 2635 πάντιμον

324 2656 503 2725 ὄνομά
535 2672 630 2707 σου
661 2673 674 2686 ·
699 2654 793 2708 τοῦ
823 2657 920 2728 [ιιι.
957 2656 1075 2729 καὶ]
1105 2657 1178 2728 μὴ
1206 2657 1546 2729 παρακούειν
1602 2657 1694 2710 τὸν
1755 2661 1923 2728 νόμον

331 2760 428 2796 σου
461 2760 474 2772 ·
515 2742 651 2794 ἀλλὰ
676 2745 797 2808 ταῖς
828 2744 1012 2812 ἁγίαις
1039 2745 1283 2808 ἐντολαῖς
1313 2745 1408 2798 καὶ
1437 2744 1776 2816 δικαιώμασί
1829 2763 1921 2798 σου

323 2833 788 2906 πειθαρχοῦντας,
817 2838 1082 2904 ἐκφυγεῖν
1113 2837 1180 2889 δι’
1225 2837 1426 2902 αὐτῶν,
1459 2838 1519 2890 οὑ
1588 2839 1749 2908 μόνον
1823 2838 1924 2908 τὴν

324 2923 738 2993 προειρημένην
822 2923 1105 2989 ἀσέϐειαν,
1160 2924 1298 2977 ἀλλὰ
1342 2927 1438 2978 καὶ
1502 2927 1684 2979 πᾶσαν
1759 2925 1925 2997 ἄλλην

322 3015 626 3086 ἁμαρτίαν,
658 3015 859 3085 πράξει
884 3019 978 3070 καὶ
1021 3017 1166 3087 λόγῳ
1189 3019 1286 3071 καὶ
1345 3018 1556 3089 διανοίᾳ.
1593 3020 1926 3090 ἐνεργουμέ-

325 3101 581 3175 νην-’ἴνα
613 3106 927 3179 εὑρεοῶμεν
985 3110 1216 3163 ἐνώπιόν
1273 3129 1366 3164 σου
1433 3112 1923 3184 εὐαρεστήσαντες,

329 3198 430 3253 καὶ
465 3202 538 3270 μὴ
580 3201 987 3272 αἰσχυνόμενοι,
1021 3204 1150 3256 ὅταν
1175 3204 1447 3266 ἀποδίδως
1490 3205 1708 3275 ἑκάστῳ
1779 3205 1922 3258 κατὰ

328 3294 399 3344 τᾶι
441 3293 578 3362 ἔργα
611 3293 801 3347 αὑτοῦ.
847 3296 938 3348 Σοὶ
981 3296 1091 3366 γὰρ
1121 3297 1323 3366 πρέπει
1372 3301 1524 3350 πάσα
1573 3299 1723 3364 δόξα,
1789 3297 1924 3369 τιμὴ

327 3385 428 3440 καὶ
459 3387 854 3458 προσκύνησις,
893 3388 991 3440 σὺν
1022 3388 1100 3460 τῷ
1165 3391 1342 3460 Πατρὶ
1402 3392 1496 3442 καὶ
1548 3390 1624 3460 τῷ
1670 3375 1926 3462 παναγίῳ

327 3480 632 3552 Πνεύματι,
668 3483 784 3547 νῦν,
827 3487 921 3538 καὶ
974 3487 1085 3552 ἀεὶ,
1131 3487 1224 3538 καὶ⁹
1261 3488 1341 3549 είς
1381 3487 1508 3549 τοὺς
1563 3489 1766 3551 αἰῶνας
1805 3487 1916 3540 τῶν

328 3573 565 3628 αἰώνων.
605 3577 803 3646 Ἀμήν.

403 3667 585 3723 "15a.
616 3684 729 3733 nt,
760 3669 814 3724 2.
891 3670 938 3700 ’⁷
971 3670 1124 3724 Psal.
1168 3687 1364 3736 exvm,
1403 3672 1523 3725 1‘20.

392 3829 580 3846 5—...—

1950 1877 1998 1936 B

2038 639 2241 696 autem,
2268 629 2517 692 Domine,
2541 630 2704 683 etiam
2735 628 2912 683 adhuc
2939 629 3118 698 parcis
3141 628 3318 692 nobis,
3343 643 3404 682 ac
3435 627 3619 696 provi-

2037 721 2152 783 des,
2185 731 2347 790 atque
2375 721 2644 791 gubernas
2670 722 2721 774 in
2757 721 3127 775 misericordia
3162 729 3216 774 et
3245 717 3618 773 miserationi-

2033 809 2134 864 bus
2165 811 2330 865 vitam
2370 821 2635 867 nostram.
2669 809 2809 865 Vere
2835 815 3134 866 secundum
3188 809 3617 879 magnitudinem

2032 912 2202 965 tuam,
2230 902 2604 970 aequanimitas
2650 909 2765 958 tua.
2818 901 3016 956 Verum
3072 918 3158 956 me
3195 909 3400 956 terrent
3433 898 3622 952 forati-

2032 995 2211 1050 danda
2247 1011 2457 1049 necnon
2495 996 2841 1065 integerrima
2871 997 3076 1067 judicia
3111 1006 3221 1059 tua,
3257 1010 3287 1050 a
3313 993 3515 1050 smeulo
3554 993 3608 1046 in

2031 1101 2124 1140 eos
2159 1086 2304 1138 illata
2333 1086 2425 1154 qui
2463 1088 2666 1155 absque
2709 1087 3051 1141 correctione
3085 1087 3450 1154 deliquerunt.
3501 1081 3616 1135 Non

2029 1176 2174 1230 enim
2210 1177 2414 1246 pateris
2446 1192 2589 1245 sa‘pe
2620 1178 2914 1242 contemni,
2943 1179 3190 1248 quamvis
3217 1177 3506 1231 admo'lum
3539 1173 3618 1227 sis

2035 1270 2298 1323 clemens.
2355 1268 2548 1324 Terret
2599 1287 2684 1326 me
2731 1271 2821 1340 qui
2872 1271 3378 1326 immisericorditer
3409 1266 3615 1321 diluvio

2029 1361 2279 1415 obtectus
2311 1361 2414 1415 fuit
2448 1362 2618 1416 orbis.
2671 1363 2750 1417 Me
2794 1363 2846 1416 in
2879 1364 3128 1417 timorem
3157 1361 3382 1431 ennjicit
3432 1359 3615 1431 populi

2028 1453 2388 1508 Sodomorum
2420 1471 2542 1508 cum
2596 1463 2740 1510 terra
2785 1465 2839 1509 et
2891 1469 3017 1510 aere
3053 1454 3444 1524 conﬂagratio;
3483 1453 3613 1507 item

2027 1545 2406 1617 Egyptiorum
2456 1548 2508 1601 in
2560 1564 2708 1603 mare
2756 1549 3004 1603 Rubrum
3059 1547 3399 1612 Submersio;
3453 1554 3618 1614 atque

2027 1639 2207 1691 dilecti
2259 1638 2480 1694 lsraelis
2536 1649 2758 1709 propter
2808 1640 3152 1710 iniquitatem
3207 1641 3490 1693 adversum
3541 1647 3616 1702 te,

2029 1731 2300 1784 abdicatio
2331 1739 2386 1785 et
2416 1731 2595 1784 ruina.
2642 1731 2936 1801 Propterea
2979 1732 3195 1802 precari
3247 1734 3468 1785 audeo:
3511 1726 3619 1783 Do:

2029 1823 2192 1888 mine,
2216 1822 2412 1877 inclina
2433 1839 2618 1876 aurem
2647 1833 2792 1876 tuam
2815 1833 2868 1879 et
2893 1825 3053 1891 audi;
3081 1823 3227 1893 aperi
3257 1822 3443 1878 oculos
3475 1829 3616 1885 tuos,

2027 1929 2088 1966 ac
2123 1913 2331 1982 respice
2366 1913 2600 1982 propitio
2624 1913 2784 1967 oculo
2823 1922 2913 1966 tuo
2960 1927 3127 1980 super
3159 1911 3416 1982 populum
3461 1919 3615 1963 tuutn

2027 2014 2081 2060 et
2110 2006 2481 2059 lmreditatem
2541 2015 2711 2071 tuam,
2753 2019 2916 2074 quam
2946 2003 3228 2056 redemisti
3255 2001 3496 2072 pretioso
3525 2011 3618 2054 tuo

2027 2099 2292 2166 sanguine
2315 2113 2328 2148 :
2355 2097 2507 2150 [lecte
2527 2096 2690 2150 corda
2711 2095 3350 2162 nostra;impcratorum,
3373 2091 3627 2160 inquam,

2026 2199 2081 2243 et
2137 2188 2497 2256 pontiticnm,
2559 2187 2862 2255 regentium
2926 2185 3136 2255 pariter
3191 2199 3256 2238 ac
3316 2193 3614 2247 rectorum,

2028 2283 2418 2336 monachorum
2447 2291 2502 2335 et
2545 2279 2840 2350 promiscui
2880 2278 3059 2348 populi
3085 2318 3100 2343 ,
3131 2277 3186 2331 in
3231 2275 3612 2331 obedientiam

2028 2377 2334 2432 divinorum
2388 2374 2772 2428 mandatorum
2836 2382 3090 2433 tuorum;
3151 2384 3216 2424 ac
3263 2369 3460 2423 timore
3521 2375 3618 2420 tuo

2029 2468 2212 2523 divino
2243 2467 2522 2534 contigeris
2555 2479 2748 2518 carnes
2779 2473 2997 2518 nostras
3026 2463 3069 2494 "’
3114 2477 3180 2516 eo
3243 2475 3345 2514 nos
3393 2474 3622 2512 munere

2028 2560 2296 2630 dignare,
2342 2569 2402 2612 ut
2459 2560 2752 2610 timeamus
2793 2570 2855 2608 ac
2909 2566 3208 2608 tremamus
3273 2549 3620 2606 formidabile

2027 2658 2286 2722 omnique
2321 2653 2685 2716 veneratione
2711 2653 2932 2722 dignum
2965 2666 3161 2704 nomen
3193 2660 3366 2716 tuum;
3401 2657 3458 2700 ut
3500 2661 3616 2701 non

2029 2745 2364 2815 negligamns
2416 2746 2587 2815 legem
2634 2755 2819 2811 tuam;
2869 2744 2963 2798 sed
3015 2743 3219 2796 sanctis
3256 2740 3526 2794 mandatis
3556 2747 3614 2792 et

2025 2845 2512 2917 justiticationibus
2540 2844 2649 2898 tuis
2672 2849 3137 2912 obtemperantes,
3173 2857 3269 2912 per
3295 2857 3358 2896 ea
3389 2838 3616 2909 effugia-

2032 2955 2153 2993 tnus
2185 2954 2288 2992 non
2337 2938 2510 2991 solum
2560 2938 2874 3006 przedictam
2927 2937 3285 3004 impietatem,
3325 2936 3420 2989 sed
3450 2934 3618 2988 etiam

2032 3047 2193 3086 omne
2221 3033 2366 3085 aliud
2400 3043 2702 3098 peccatum,
2741 3031 2886 3100 quod
2915 3026 3106 3098 'opere,
3139 3043 3415 3092 sermone,
3453 3026 3617 3095 cogi-

2031 3127 2237 3181 tatione
2265 3127 2662 3190 committitur;
2693 3138 2800 3192 quo
2845 3123 3189 3178 inveniamur
3217 3135 3400 3173 coram
3437 3128 3488 3172 te
3526 3131 3619 3170 ac-

1955 3241 1998 3298 c
2033 3217 2194 3286 cepti,
2245 3232 2343 3270 nec
2395 3217 2599 3283 pudere
2647 3213 2861 3279 sullusi,
2897 3213 3116 3282 quando
3177 3210 3370 3263 reddes
3416 3208 3620 3277 cuique

2035 3310 2336 3363 secundum
2366 3322 2528 3376 Opera
2559 3323 2678 3360 sua.
2714 3305 2790 3358 'l‘e
2833 3307 2974 3359 enim
3006 3307 3160 3358 decet
3208 3301 3388 3358 omnis
3418 3300 3614 3371 gloria,

2037 3401 2211 3453 honor
2247 3409 2302 3452 et
2337 3400 2608 3461 aduratio,
2655 3415 2776 3452 cum
2819 3398 2982 3451 Patre
3029 3396 3489 3464 sanctissimeque
3525 3403 3619 3448 tuo

2037 3490 2266 3558 Spiritu,
2300 3508 2443 3546 nunc
2488 3501 2542 3545 et
2592 3506 2812 3560 semper
2857 3501 2912 3544 et
2948 3492 2999 3543 in
3031 3490 3228 3545 sa-cula
3275 3488 3622 3542 Stcculorum.

2033 3582 2224 3635 Anien.

1471 3842 1512 3847 .._
1535 3843 1745 3849 -._.,____
1761 3845 1924 3850 ____,
1939 3845 2062 3850 ___~_
2120 3843 2228 3850 _.____
2245 3843 2546 3849 ~_,__________~
2565 3843 2692 3848 __-_,.,
2742 3831 3609 3874 ____—mm

1471 3873 3614 3896 I—*———m_ﬂ_—_—_—_——c————a

1611 4005 1784 4050 ANNO
1818 4007 2042 4052 DOMINI
2075 4008 2323 4050 MCXLHI
2336 4037 2350 4051 .

959 4170 1872 4352 JOANNIS

2023 4177 3002 4357 COMNENI

1711 4456 2262 4521 IMPERATORIS

785 4596 1580 4727 NOVELLE
1731 4603 3168 4812 COEJSTITUTIONES.

1200 4999 1311 5038 ma.
1347 5000 1562 5040 JOANNIS
1603 5002 1832 5042 COMNENI
1873 5006 2049 5045 annm
2084 5005 2253 5044 BULLA
2297 5005 2398 5044 pan
2428 5005 2661 5046 VENETIS
2689 4992 2769 5060 (1)

343 5101 558 5172 (Venia
594 5102 783 5161 Latina
814 5105 973 5176 hujus
1013 5103 1337 5176 cltrysobulti
1383 5104 1575 5173 legitur
1601 5106 1802 5159 inserta
1823 5109 2225 5250 αὸιιιιωᾶἔὲεἱε
2262 5107 2527 5163 Mnnuelis
2569 5108 2823 5164 Comneui
2856 5126 2951 5181 pro
3004 5110 3189 5164 iisdem
3233 5107 3463 5164 Venetis.
3503 5105 3632 5162 Vide

1786 5194 1816 5229 a
1890 5195 1980 5232 an.
2155 5222 2168 5235 .

1786 5194 1853 5229 aa
1890 5195 1980 5232 an.
2012 5194 2035 5233 Ἰ
2051 5194 2168 5235 Ιιόδ.

1084 5261 1161 5321 B'.

352 5355 645 5428 Ἰωάννου
670 5356 778 5410 τοῦ
806 5356 1124 5428 (intima-06
1156 5355 1233 5428 (‘2)
1268 5358 1737 5424 χρυσόὸὀυλλσν
1757 5400 1771 5424 ,
1812 5328 1922 5413 ¹δι-

412 5426 959 5496 οριζόμενονμηδέν
985 5444 1041 5480 τι
1059 5426 1332 5482 Limine/'7
1349 5429 1454 5479 τὸν
1479 5429 1783 5498 πριὶκτορα
1804 5431 1924 5485 ἀπὸ

411 5499 744 5564 ἐκκλησίας
807 5499 1191 5566 χηρευούσης
1253 5498 1362 5552 τοῦ
1430 5498 1773 5553 ἐπισκόπου
1820 5503 1927 5555 αὑ-

414 5569 524 5621 τῆς
555 5571 654 5621 (δι.

417 5572 483 5621 τῑ
577 5572 654 5621 5i.

417 5588 525 5714 ΚΞ
551 5572 604 5711 ξεί
637 5658 691 5711 δὲ
720 5659 849 5715 ἄλλο
874 5660 940 5730 τῇ
981 5659 1232 5732 βασιλείᾳ
1269 5679 1372 5731 μου
1400 5664 1922 5736 προυργιαίτερονῆ

339 5749 974 5823 περισπουδαστότερον,
1008 5749 1042 5819 ἢ
1075 5750 1136 5802 τὸ
1162 5753 1260 5814 τὰς
1306 5752 1607 5823 ἐκκλησίας
1642 5753 1926 5825 ἀνωτέρας

413 5864 492 5932 (1)
531 5865 688 5918 Anno
721 5862 880 5918 “26.

414 5936 492 6008 (2)
536 5937 686 5992 llunc
718 5936 1098 6006 Calojoanncm
1127 5945 1405 5993 vocarunt.

2033 5362 2263 5436 Joannis
2303 5365 2558 5420 Comncni
2590 5383 2751 5419 aurea
2797 5366 2966 5431 bulla,
2995 5383 3112 5436 quae
3142 5367 3355 5424 statuit,
3404 5381 3465 5416 ne
3497 5361 3626 5430 quid

2105 5435 2171 5488 ab
2206 5435 2445 5490 Ecclesia
2475 5438 2662 5490 orbata
2693 5439 2929 5506 episcOpo
2957 5435 3052 5491 suo
3081 5447 3316 5508 quwstor
3351 5435 3546 5504 exigat.

2107 5660 2262 5730 Quod
2288 5661 2469 5717 facere
2500 5663 2760 5730 maiestas
2788 5679 2908 5718 mea
2943 5662 3117 5732 majus
3143 5676 3322 5729 operae
3354 5658 3616 5729 pretium,

2033 5755 2232 5826 quidve
2255 5753 2438 5808 studio
2459 5770 2558 5809 suo
2575 5755 2790 5825 dignius
2809 5757 2999 5824 possit;
3020 5768 3180 5824 quam
3201 5761 3259 5806 ut
3278 5751 3522 5806 ecclesia:
3545 5750 3615 5805 ab

2092 5867 2169 5935 (3)
2211 5866 2370 5938 Anno
2405 5867 2540 5922 1124
2574 5867 2656 5920 vel
2697 5866 2854 5925 1159.
2888 5865 3045 5938 Apud
3091 5864 3474 5922 Leanclavium
3505 5865 3610 5922 Jus

2034 5936 2217 5995 Crch
2252 5935 2404 5993 Rom.
2441 5939 2481 6006 l,
2513 5955 2564 6006 ρ.
2601 5938 2721 5992 117.

2313 6067 2338 6092 κ.
