4088 6408
428 408 575 475 ,1151

1163 413 1485 477 JOANNIS
1522 416 1864 477 COMNENI
1919 416 2283 478 NOVELL/E
2318 412 2997 478 CONSTITUTIONES.

3574 409 3717 475 115?.

442 527 591 585 omni
614 525 809 596 injuria
834 535 890 582 et
909 526 1195 582 vexatione
1216 528 1403 583 liberae
1424 540 1738 594 serventur,
1758 537 1924 597 utque
1946 526 2027 581 ni-

2132 525 2503 598 διατηρείσθαι
2542 527 2726 597 πάσης
2748 524 3019 596 ἐπηρείας
3041 538 3100 577 τε
3128 521 3224 576 καὶ
3256 520 3575 588 κακώσεως,
3616 525 3714 577 καὶ

446 619 524 673 hil
560 634 639 673 ea:
675 617 858 674 damni
895 617 979 673 vel
1013 618 1329 675 detrimenti
1372 620 1704 676 sustineant?
1733 621 2024 690 PrOpterea

445 727 549 767 nec
580 712 655 774 id,
692 711 835 781 quod
869 711 1028 765 modo
1049 710 1116 765 ad
1149 727 1309 767 aures
1334 713 1648 768 serenitatis
1678 722 1876 768 nostra:
1903 727 2026 780 per-

444 805 616 869 venit,
641 804 1053 860 inemendatum
1082 805 1314 876 relinqui
1343 806 1533 860 voluit.
1558 805 1767 876 Quippe
1791 806 2022 860 relatum

445 897 604 953 nobis
629 907 735 964 est,
755 898 1017 968 quosdam
1041 898 1447 968 provinciarum
1470 897 1731 968 praesides
1765 896 1925 951 simul
1947 906 2029 950 at-

443 1002 552 1059 que
588 990 873 1060 pontifices
919 988 1083 1045 rebus
1121 989 1375 1044 humanis
1424 989 1782 1054 excesserint,
1812 990 2028 1043 auferre

406 1080 651 1145 'omnia,
690 1096 813 1150 qua:
852 1080 907 1135 in
933 1081 1207 1150 episcopio
1232 1080 1556 1149 reperiatur,
1588 1079 1701 1133 sive
1730 1078 1939 1147 species
1973 1085 2028 1132 et

442 1184 534 1225 res
549 1172 818 1239 quaedam,
842 1173 956 1228 sive
974 1171 1217 1241 pecuniae
1242 1185 1630 1243 nonnunquam
1659 1170 1891 1224 inventa:
1912 1168 2028 1222 fue—

447 1261 594 1329 rint;
628 1270 801 1317 morte
844 1262 1120 1332 pontiﬁcis
1158 1262 1367 1316 lucrum
1424 1277 1483 1316 se
1529 1262 1796 1329 quoddam
1840 1269 2028 1314 nactos

448 1353 850 1420 existimantes,
897 1371 1019 1409 cum
1052 1369 1243 1425 reapse
1270 1369 1379 1409 non
1421 1353 1567 1407 licita
1599 1352 1778 1407 facere
1819 1366 2027 1420 prarsu-

447 1452 625 1511 mant,
647 1454 702 1499 et
732 1459 819 1500 res
842 1444 1050 1500 alienas
1084 1454 1366 1515 usurpant.
1391 1444 1621 1512 Quidam
1647 1458 1775 1497 vero
1802 1457 1897 1511 per
1934 1456 2030 1510 ap-

446 1537 718 1605 paritores
743 1551 870 1592 suos
894 1536 1251 1592 ecclesiarum
1282 1552 1367 1591 res
1398 1536 1726 1598 auferentes,
1747 1550 1777 1588 a
1798 1546 2028 1589 conatus

449 1625 674 1682 absurdi
699 1627 857 1697 culpa
889 1628 1070 1697 specie
1096 1637 1252 1682 tenus
1285 1627 1559 1681 iuununes
1584 1640 1705 1680 sese
1728 1624 1954 1679 faciunt.

520 1811 882 1878 Quamobrem
908 1809 1163 1881 maiestas
1188 1824 1304 1863 mea
1337 1808 1547 1863 facinus
1584 1808 1689 1862 hoc
1720 1807 2024 1874 improbum

448 1918 732 1963 coercens.
777 1910 832 1957 et
878 1904 1020 1956 hanc
1065 1901 1309 1955 avaritiae
1367 1900 1603 1970 speciem
1650 1915 2025 1969 compescens,
2061 1881 2100 1935 Β

446 2010 546 2064 per
576 1993 854 2049 Novellam
903 1997 1042 2050 hanc
1072 1995 1407 2049 sanctionem
1454 1994 1665 2058 statuit,
1711 2009 1781 2048 ne
1821 1996 1942 2062 quis
1974 1995 2026 2049 in

448 2095 725 2156 posterum
779 2087 1022 2157 cujusvis
1075 2086 1367 2157 provincia:
1418 2101 1618 2155 praeses
1661 2095 1781 2155 post
1821 2086 2026 2139 obitum

449 2177 804 2246 provincialis
854 2176 1256 2247 metropolitani
1315 2177 1398 2229 vel
1451 2176 1886 2245 archiepiscopi,
1944 2176 2028 2230 vel

449 2270 716 2340 episcopi,
749 2269 1046 2338 quidquam
1097 2267 1330 2336 accipiat
1380 2266 1448 2321 de
1496 2267 1657 2321 rebus
1693 2266 2030 2321 exstantibus

451 2363 505 2416 in
547 2363 708 2416 domo
749 2359 1154 2430 metropolitani
1211 2358 1296 2413 vel
1351 2357 1749 2428 archiepiscopi
1815 2357 1898 2412 vel
1975 2357 2029 2413 in

450 2454 778 2508 suburbanis
822 2468 1033 2515 earnm,
1089 2450 1175 2505 vel
1224 2451 1477 2522 praediis,
1529 2450 1613 2505 vel
1667 2449 1883 2521 agellis,
1948 2450 2030 2505 vel

452 2546 835 2611 monasteriis;
892 2545 1005 2600 sive
1056 2545 1264 2599 nummi
1318 2543 1427 2598 sint
1471 2543 1585 2597 sive
1634 2545 1865 2612 species,
1918 2545 2031 2599 sive

451 2655 560 2704 res,
593 2639 707 2692 sive
733 2635 1014 2699 animalia,
1043 2635 1123 2687 vel
1156 2633 1282 2701 alia,
1313 2649 1433 2703 quae
1462 2634 1528 2688 ad
1574 2648 1670 2688 eos
1707 2633 1981 2701 pertinent
2014 2652 2027 2689 :

452 2731 561 2784 imo
594 2744 659 2783 ne
690 2729 772 2783 vel
813 2728 913 2797 ipsi
958 2743 1184 2797 prorsus
1217 2742 1312 2782 eas
1343 2727 1744 2794 ingrediantur,-
1774 2726 1855 2782 vel
1883 2727 2031 2796 ipso-

456 2838 573 2876 rum
627 2823 986 2891 apparitores.
1036 2820 1245 2890 Quippe
1299 2819 1702 2889 provinciarum
1753 2821 2030 2889 praesides,

454 2915 546 2982 qui
575 2929 643 2968 eo
688 2928 746 2967 se
784 2912 1097 2977 conferunt,
1122 2921 1216 2984 aut
1245 2910 1509 2981 quosdam
1541 2912 1786 2978 mittunt,
1824 2923 1877 2967 et
1912 2913 2032 2968 adi-

454 3015 608 3060 munt
641 3004 724 3059 vel
758 3019 825 3059 ex
860 3004 1156 3074 episcopali
1189 3003 1374 3070 domo,
1406 3002 1490 3057 vel
1520 3017 1587 3058 ex
1615 3003 1943 3060 suburbanis
1977 3013 2032 3060 et

458 3098 806 3153 monasteriis
835 3097 1048 3167 species
1068 3097 1353 3164 quasdam,
1376 3104 1469 3150 aut
1493 3112 1605 3161 res,
1634 3104 1727 3151 aut
1754 3113 2030 3161 nummos,

2128 618 2263 690 μηδέ
2293 618 2393 690 τὴν
2424 617 2638 671 οἱανοῦν
2673 615 2879 687 βλάϐην
2904 615 2937 687 ἢ
2965 612 3172 685 ζημίαν
3212 612 3581 682 ύφίστασθαι;
3622 614 3715 667 διὰ

2124 710 2299 765 ταῦτα
2322 710 2445 764 οὑδέ
2474 712 2535 764 τὸ
2567 708 2663 764 νῦν
2694 711 2777 773 εἰς
2820 707 2991 770 ἀκοὰς
3027 707 3126 774 τῆς
3150 708 3181 775 ή
3193 705 3310 777 μῶν
3351 705 3506 759 ἐλθὸν
3535 706 3712 776 γαλη-

2125 805 2348 874 νότητος
2377 802 2707 874 ἀδιόρθωτον
2736 800 3136 869 ἀπολειφθῆναι
3166 798 3457 869 ἠθέλησεν.
3506 799 3712 868 Ἀνηγ-

2125 894 2296 965 γέλθη
2337 895 2446 965 γάρ
2483 895 2636 966 ήμῖν,
2669 892 2744 955 ὥς
2782 908 2929 955 τινες
2962 890 3071 945 τῶν
3102 890 3247 944 κατά
3290 887 3479 959 χώρας
3511 890 3712 960 ἀρχόν-

2127 1006 2236 1041 των
2267 987 2384 1058 ἅμα
2414 987 2491 1039 τῶ
2525 982 2837 1039 ἀποὸιῶναι
2871 985 2999 1048 τοὺς
3042 983 3325 1054 ἀρχιερεῖς
3348 982 3713 1052 ἀφαιροῦνται

2128 1080 2309 1134 πάντα
2343 1078 2415 1131 τά
2449 1077 2825 1148 εὑρισκόμενα
2853 1078 2910 1129 ἐν
2939 1076 3017 1146 τῷ
3047 1076 3410 1146 ἐπισκοπείῳ,
3448 1074 3561 1127 εἴτε
3593 1074 3715 1145 εἷδη

2127 1172 2236 1226 είσί
2261 1188 2382 1225 τινα
2415 1171 2511 1224 καὶ
2546 1170 2851 1240 πράγματα
2892 1168 2926 1240 ἦ
2962 1167 3227 1231 πολλάκις
3261 1168 3526 1239 χρήματα
3551 1166 3714 1236 εὕρεο

2129 1264 2293 1331 θεῖεν,
2342 1262 2559 1335 έρμαίῳ
2611 1263 3036 1331 ἐντετυχηκέναι
3084 1261 3327 1331 οίὸμενοι
3377 1263 3445 1331 τῇ
3485 1259 3714 1330 τελευτῇ

2127 1355 2222 1411 τοῦ
2249 1354 2557 1426 ἀρχιερέως
2583 1357 2651 1427 τῇ
2678 1354 2736 1408 δέ
2766 1353 3003 1426 ἀληθείᾳ
3027 1352 3135 1406 τῶν
3169 1351 3247 1425 μὴ
3279 1354 3586 1423 ἐφειμένων
3609 1352 3713 1405 αύο

2127 1452 2242 1513 τοῖς
2280 1451 2733 1521 κατατολμῶντες
2764 1449 2858 1501 καὶ
2902 1444 3263 1517 ἐξιδιούμενοι
3307 1445 3375 1498 τά
3407 1444 3665 1514 ἀλλότρια
3696 1458 3713 1474 ⁸

2128 1542 2272 1606 τινὲς
2319 1543 2376 1596 δὲ
2425 1541 2513 1596 διὰ
2559 1542 2667 1595 τῶν
2709 1537 3197 1611 ἐξυπηρετούντων
3246 1538 3429 1601 αὐτοῖς
3488 1537 3557 1590 τὰ
3604 1536 3716 1587 τῶν

2127 1633 2437 1705 ἐκκλησιῶν
2466 1631 2866 1703 ἀφαιρούμενοι
2894 1629 3137 1693 ἐξάντεις
3164 1628 3395 1691 ἑαυτοὺς
3431 1626 3508 1696 τῷ
3535 1627 3713 1679 δοκεῖν

2116 1727 2435 1791 ¹καθιστῶσι
2466 1725 2561 1779 τοῦ
2598 1724 2806 1779 ἀτόπου
2839 1722 3036 1776 τούτου
3063 1721 3497 1792 ἐγχειρήματος.

2239 1818 2664 1874 Ἀναστέλλουσα
2720 1816 2853 1885 γοῦν
2914 1817 3015 1885 τήν
3072 1814 3333 1885 τοιαύτην
3400 1812 3716 1882 παράλογον

2132 1912 2334 1983 πρᾶξιν
2374 1914 2408 1982 ή
2447 1909 2694 1982 βασιλεία
2726 1926 2829 1981 μου
2857 1907 2951 1962 καὶ
2991 1906 3052 1961 τὸ
3093 1906 3336 1961 τοιοῦτον
3379 1906 3478 1975 τῆς
3520 1906 3718 1958 πλεον-

2131 2006 2281 2073 εξίας
2311 2003 2449 2070 εἴδος
2484 2003 2935 2076 ἀναχαιτίζουσα,
2983 2000 3281 2071 διορίζεται
3315 1998 3405 2052 διὰ
3443 1997 3537 2051 τοῦ
3570 2015 3715 2050 παο-

2130 2098 2282 2161 όντος
2321 2097 2518 2171 νεαροῦ
2551 2097 2951 2167 θεσπίσματος,
2998 2092 3207 2164 μηδένα
3252 2090 3345 2144 τοῦ
3375 2090 3569 2143 λοιποῦ
3596 2092 3717 2171 ,τῶν

2131 2190 2411 2261 ἀρχόντων
2469 2189 2704 2260 ἑκάστης
2763 2183 3034 2257 ἐπαρχίας
3098 2181 3239 2253 μετά
3302 2178 3566 2251 τελευτήν
3617 2177 3715 2232 τοῦ

2132 2283 2486 2354 ἐπαρχεώτου
2521 2278 2925 2352 μητροπολίτου
2968 2276 3002 2348 ἢ
3052 2272 3494 2349 ἀρχιεπισκόπου
3532 2271 3718 2342 ἢέπι-

2134 2370 2335 2422 σκόπου
2369 2366 2851 2439 ἀναλαμϐάνεσθαι
2889 2365 2996 2419 ἀπὸ
3020 2364 3131 2417 τῶν
3184 2363 3359 2417 ὅντων
3392 2363 3449 2414 ἐν
3495 2364 3561 2432 τῇ
3607 2378 3716 2430 μη-

2130 2461 2389 2533 τροπόλει
2422 2461 2452 2531 ἢ
2484 2462 2541 2514 ἐν
2566 2463 2631 2532 τῇ
2664 2458 3074 2530 ἀρχιεπισκοπῇ
3106 2455 3139 2527 ἢ
3169 2457 3228 2509 ἐν
3258 2456 3372 2518 τοῖς
3415 2453 3510 2507 ὑπ’
3546 2452 3717 2516 αύτάς

2132 2552 2483 2623 προαστείοις
2512 2550 2544 2621 ή
2572 2549 2795 2622 χωρίοις
2821 2549 2855 2620 ἢ
2896 2546 3164 2620 ἀγριδίοις
3189 2545 3223 2618 ἢ
3261 2543 3653 2616 μοναστηρίοις
3682 2542 3718 2613 ἢ

2132 2643 2452 2714 νομίσματα
2486 2642 2520 2714 ἢ
2557 2642 2673 2712 εἴδη
2712 2638 2837 2693 τινὰ
2871 2640 2905 2712 ἢ
2942 2637 3251 2709 πράγματα
3281 2635 3314 2707 ἢ
3343 2635 3518 2706 ζῶαῆ
3552 2632 3720 2702 ἕτερά

2131 2754 2254 2789 τινα
2303 2735 2630 2807 διαφέροντα
2684 2734 2891 2797 αὐτοῖς,
2942 2730 3082 2787 ἀλλὰ
3146 2729 3283 2801 μηδέ
3336 2728 3475 2791 ὅλως
3536 2729 3721 2781 ἐκεῖσε

2133 2824 2474 2897 εἰσέρχεσθαι
2513 2825 2651 2896 μήτε
2684 2824 2884 2887 αὐτοὺς
2911 2822 3050 2893 μήτε
3077 2823 3206 2884 τοὺς
3238 2817 3719 2888 ἐξυπηρετοῦντας

2134 2918 2341 2982 αὐτοῖς.
2392 2916 2572 2969 Ἀὐτοὶ
2622 2916 2722 2988 μὲν
2765 2916 2875 2987 γὰρ
2903 2915 2955 2967 oi
2994 2913 3104 2968 τῶν
3133 2913 3330 2985 χωρῶν
3366 2911 3627 2983 ἄρχοντες
3666 2910 3718 2961 οἱ

2132 3011 2504 3083 ἀπερχόμενοι
2531 3009 2563 3082 ἢ
2595 3006 3021 3072 ἀποστέλλοντες
3054 3024 3229 3072 τινας,
3263 3006 3358 3061 καὶ
3404 3002 3721 3074 ἀναλαμϐα-

2134 3103 2424 3176 νόμενοιῆ
2472 3103 2579 3158 ἀπὸ
2611 3101 2708 3157 τοῦ
2756 3103 3123 3156 ἐπισκοπείω
3177 3099 3210 3170 ἢ
3259 3098 3368 3153 ἀπὸ
3416 3096 3525 3150 τῶν
3582 3112 3722 3167 προ-

455 3199 551 3245 aut
613 3190 911 3257 animalia;
963 3189 1275 3272 persolvent
1345 3188 1637 3252 Ecclesiae,
1704 3190 1790 3243 cui
1844 3189 2032 3246 subest

2136 3199 2372 3253 αστείων
2404 3199 2497 3253 καὶ
2542 3195 2926 3268 μοναστηρίων
2969 3194 3087 3265 εῖδη
3114 3192 3240 3247 τινὰ
3281 3192 3314 3265 ἢ
3345 3192 3651 3289 πράγματα
3683 3188 3720 3261 ἢ

453 3283 653 3337 damno
697 3282 890 3337 affecta
921 3283 1115 3357 domus
1144 3282 1502 3353 episcopalis,
1550 3282 1634 3337 vel
1664 3283 2034 3353 archiepisco-

451 3375 612 3443 palis,
641 3374 722 3429 vel
757 3375 1196 3444 metropolitano,
1218 3388 1565 3430 nummorum
1594 3375 1759 3430 libras
1788 3392 1885 3441 xu,
1910 3391 2033 3446 quae

454 3467 590 3521 citra
657 3468 1055 3522 recusationem
1116 3467 1376 3522 Ecclesiae.
1412 3467 1799 3523 detrimentum
1861 3484 2035 3540 passae

455 3559 731 3614 nmnerari
796 3560 1035 3625 debent,
1085 3560 1190 3616 hoc
1249 3560 1367 3631 ipso
1424 3560 1669 3616 facinore
1730 3562 2033 3631 maiestatis

453 3652 617 3706 etiam
663 3659 867 3706 nostra;
917 3629 1347 3722 indignationem
1411 3653 1730 3710 suscitante.
1778 3629 1936 3722 Quod
1986 3655 2034 3711 si

454 3743 574 3812 quis
599 3759 664 3799 ex
701 3745 969 3803 ministris
1010 3761 1201 3802 eorum
1247 3746 1355 3802 tale
1398 3747 1529 3818 quid
1563 3748 1771 3813 fecerit,
1810 3750 1934 3806 licet
1977 3750 2030 3804 in

453 3837 715 3907 dignitate
744 3836 817 3894 sit
840 3838 1192 3907 constitutus,
1216 3839 1393 3911 primo
1426 3841 1645 3910 quidem
1677 3855 1779 3896 ceu
1805 3842 2035 3897 violator

451 3929 613 3984 edicti
646 3931 817 3985 nostri
849 3930 1033 4000 ﬂagris
1063 3942 1117 3988 et
1145 3941 1368 3988 tonsura
1404 3933 1797 4005 castigabitur;
1832 3934 2032 3991 deinde

453 4036 581 4076 vero
605 4026 768 4077 etiam
807 4024 988 4078 multa:
1019 4026 1238 4079 nomine
1269 4040 1615 4081 nummorum
1652 4026 1802 4080 libra:
1833 4042 1928 4083 sex
1967 4030 2034 4084 ab

454 4125 523 4165 eo
549 4113 855 4184 exigeutur.
882 4114 975 4169 Sin
1010 4116 1129 4185 ejus
1157 4118 1503 4186 episcopatus
1533 4117 1855 4173 clericorum
1882 4119 2035 4189 quis-

454 4204 600 4272 piam
632 4204 701 4258 de
733 4205 892 4258 rebus
925 4206 1172 4261 ecclesia:
1217 4207 1464 4261 nonnihil
1495 4209 1794 4279 compilare
1824 4210 2035 4279 θερί-ω-

454 4296 660 4350 bensus
710 4295 913 4359 fuerit,
948 4296 1168 4366 quando
1199 4296 1470 4367 majestati
1513 4276 1643 4353 mea:
1671 4276 2032 4371 signiﬁcatum

454 4395 563 4451 est,
621 4402 652 4441 a
708 4386 922 4443 clericis
972 4402 1079 4442 non
1130 4402 1304 4458 pauca
1360 4389 1485 4443 talia
1518 4391 1813 4459 designari,
1844 4393 2037 4447 statuit

452 4480 554 4534 hos
590 4495 808 4551 quoque
846 4490 967 4551 post
1006 4490 1317 4537 accuratam
1369 4482 1498 4538 facti
1530 4484 1930 4553 probationem,
1966 4502 2031 4541 ac

2136 3287 2454 3357 νομίσματα
2489 3286 2523 3357 ἢ
2561 3285 2678 3351 ζῶα
2701 3283 3084 3354 καταθήσουσι
3116 3280 3255 3351 πρὸς
3285 3281 3385 3350 τήν
3417 3277 3722 3349 ἐκκλησίαν

2135 3376 2170 3453 ᾗ
2198 3380 2488 3435 ὑπόκειται
2520 3381 2554 3451 ή
2584 3377 2746 3432 τοῦτο
2778 3375 3033 3430 παθοῦσα
3084 3372 3363 3444 ἐπισκοπῇ
3393 3372 3426 3442 ἢ
3457 3374 3720 3444 ἀρχιεπι-

2138 3470 2317 3543 σκοπὴ
2356 3471 2390 3543 ἢ
2435 3470 2790 3542 μητρόπολις,
2819 3466 3179 3537 νομισμάτων
3220 3464 3409 3535 λίτρας
3442 3463 3538 3533 ιβ’,
3572 3464 3724 3532 ὀφει-

2136 3561 2337 3626 λούσας
2362 3559 2715 3617 ἀποδίδοσθαι
2749 3557 3180 3630 ἀπροφασίστως
3214 3556 3351 3628 πρὸς
3378 3554 3476 3626 τήν
3506 3552 3723 3625 ζημιω-

2137 3654 2325 3709 θεῖσαν
2354 3652 2706 3724 Ἐκκλησίαν,
2729 3652 2865 3722 πρὸς
2884 3668 2963 3721 τῳ
2989 3652 3083 3704 καὶ
3106 3650 3208 3721 τήν
3224 3652 3290 3703 ἐκ
3311 3649 3411 3719 τῆς
3438 3648 3722 3720 βασιλείας

2136 3747 2296 3819 ήμῶν
2349 3744 2761 3801 ἐπισπάσασθαι
2825 3745 3231 3815 ἀγανάκτησιν.
3288 3742 3352 3796 El
3394 3742 3452 3795 δέ
3483 3759 3569 3805 τις
3612 3740 3723 3794 τῶν

2136 3840 2626 3912 ἐξυπηρετούντων
2688 3838 2874 3902 αὐτοῖς
2899 3835 3146 3891 τοιοῦτόν
3198 3853 3253 3890 τι
3317 3834 3720 3905 διαπράξεται,

2136 3934 2243 3987 κᾶν
2291 3930 2669 4003 ἀξιωματικὸς
2714 3931 2823 3999 εῐη,
2859 3929 3078 3999 πρῶτον
3128 3927 3229 3999 μὲν
3275 3927 3351 3992 ὡς
3396 3926 3723 3998 παραϐάτης

2135 4024 2231 4078 τοῦ
2273 4024 2547 4095 ἡμετέρου
2576 4022 3007 4093 προστάγματος
3050 4019 3143 4074 διά
3185 4018 3395 4090 δαρμοῦ
3448 4034 3722 4090 σωφρονιο

2138 4117 2401 4187 σθήσεται
2456 4116 2552 4169 καὶ
2603 4115 2831 4186 κουράς,
2869 4113 3064 4167 ἔπειτα
3112 4111 3170 4166 δέ
3215 4112 3310 4165 καὶ
3352 4110 3496 4181 λόγῳ
3528 4111 3724 4180 ποινῆς

2138 4207 2582 4279 ἀπαιτηθήσεται
2611 4205 2805 4276 λίτρας
2836 4204 3193 4275 νομισμάτων
3214 4203 3274 4269 ἐξ
3311 4203 3413 4275 (3).
3450 4203 3512 4255 El
3542 4202 3597 4255 δέ
3629 4204 3725 4255 καὶ

2138 4301 2248 4355 τῶν
2279 4301 2342 4352 ἐκ
2369 4300 2467 4369 τῆς
2516 4297 2778 4362 τοιαύτης
2832 4296 3147 4366 ἐπισκοπῆς
3206 4294 3489 4366 κληρικῶν
3521 4313 3607 4359 τις
3644 4296 3724 4358 ὡς

2138 4392 2472 4463 ὑφελόμενος
2520 4407 2643 4445 τινα
2698 4389 2808 4443 τῶν
2840 4388 2941 4460 τῆς
2982 4388 3319 4459 Ἐκκλησίας
3374 4388 3724 4458 πραγμάτων

2139 4485 2418 4557 φωραθείη
2468 4481 2797 4557 (τολμᾶσθαι
2841 4481 2954 4552 γάρ
3008 4481 3072 4551 δή
3120 4480 3220 4534 καὶ
3268 4478 3497 4533 τοιαῦτα
3550 4478 3726 4533 πολλὰ

450 4571 856 4641 perceptionem
883 4571 1151 4637 veritatis,
1175 4572 1345 4642 gradu
1376 4587 1474 4626 suo
1499 4573 1835 4641 spoliaudos,
1862 4574 2026 4629 veluti

2135 4576 2287 4651 παρά
2327 4577 2439 4630 τῶν
2486 4575 2769 4648 κληρικῶν
2815 4577 2848 4646 ή
2890 4573 3138 4645 βασιλεία
3188 4590 3290 4644 μου
3345 4568 3721 4642 ἀνεδιδάχθη),

451 4662 543 4730 qui
593 4662 704 4718 Deo
734 4674 1056 4719 consecrata
1105 4665 1347 4736 rapiant,
1402 4674 1457 4720 et
1509 4666 1690 4736 palam
1750 4667 2031 4737 sacrilegis

454 4756 686 4811 habendi
720 4758 850 4812 sint.
872 4756 1057 4826 Itaque
1085 4772 1193 4813 non
1220 4756 1404 4812 licebit
1429 4758 1496 4812 ab
1527 4758 1629 4813 hoc
1658 4769 1902 4830 tempore
1935 4776 2034 4816 nec

447 4845 762 4915 iudicibus,
815 4864 915 4905 nec
968 4850 1446 4918 descriptoribus,
1500 4865 1603 4905 nec
1644 4854 2030 4921 quaestoribus,

451 4956 554 4995 nec
588 4941 837 5011 ducibus,
869 4958 971 4999 nec
1001 4945 1346 5013 praetoribus,
1372 4958 1472 4997 nec
1501 4943 1899 5012 provisoribus,
1931 4958 2033 4999 nec

451 5030 596 5098 aliis,
649 5032 851 5101 quibus
905 5035 1199 5090 servitutes
1246 5033 1457 5090 fiscales
1500 5034 1722 5090 creditae
1766 5044 1926 5100 sunt,
1972 5045 2034 5090 ut

451 5133 574 5194 post
605 5123 812 5178 obitum
840 5126 1181 5194 pontificum,
1204 5125 1432 5181 omnino
1463 5126 1658 5182 domos
1686 5126 2032 5198 episcOpales

453 5216 676 5281 adeant,
707 5225 804 5270 aut
836 5230 923 5271 res
948 5232 1135 5272 earum
1173 5219 1481 5276 immobiles
1531 5229 1628 5276 aut
1674 5222 2035 5288 monasteria,

453 5309 633 5379 deque
682 5309 768 5364 his
824 5308 1127 5379 quidquam
1161 5326 1389 5382 prorsus
1426 5312 1700 5378 auferant,
1735 5328 1839 5369 nec
1873 5314 2037 5369 tlsca-

454 5401 586 5457 lium
613 5402 1033 5473 pensitationum
1063 5413 1321 5473 praetextu
1344 5406 1585 5477 subjecta
1605 5405 1820 5476 juribus
1850 5407 2035 5461 Eccle—

451 5494 549 5549 sia:
602 5496 1016 5563 ingrediantur,
1050 5504 1107 5551 et
1150 5510 1273 5565 qua;
1317 5498 1505 5553 volunt
1558 5498 1832 5554 auferant.
1886 5497 2031 5564 Quin

454 5588 620 5642 etiam
648 5589 694 5645 si
733 5589 865 5659 quid
899 5589 1403 5660 archiepiscopatus
1432 5590 1567 5647 ﬁsco
1599 5591 1816 5657 debeat,
1850 5591 2033 5647 clerici

457 5683 826 5746 arcessantur,
854 5691 919 5734 ac
948 5677 1218 5749 siquidem
1242 5678 1509 5748 liquidum
1540 5679 1872 5751 minimeque
1903 5696 2032 5735 con-

2132 4671 2431 4743 διορίζεται
2453 4669 2548 4724 καὶ
2577 4669 2805 4733 τούτους
2843 4666 2983 4738 μετὰ
3002 4667 3208 4738 ἀκριϐῆ
3232 4666 3454 4736 ἔλεγχον
3485 4666 3583 4718 καὶ
3620 4664 3723 4733 τῆς

2131 4764 2395 4835 ἀληθείας
2424 4761 2735 4832 κατάληψιν
2767 4760 2863 4814 τοῦ
2906 4761 3114 4813 οἰκείου
3149 4758 3442 4813 ἐκπίπτειν
3475 4754 3722 4829 βαθμοῦ,

2131 4859 2206 4922 ὡς
2232 4857 2303 4912 τά
2323 4857 2399 4928 τῷ
2421 4854 2542 4926 Θεῷ
2568 4853 2968 4925 ἀνατεθειμένα
2996 4852 3437 4923 ἀφαιρουμένους
3462 4851 3556 4904 καί⁵
3582 4851 3726 4918 ἱερο-

2133 4949 2326 5015 σύλους
2337 4951 2599 5019 ἄντικρυς
2614 4945 3024 5017 λογιζομένους.
3043 4944 3159 4997 Οὐκ
3178 4941 3392 5009 ἐξέσται
3409 4940 3589 4995 τοίνυν
3611 4941 3724 4993 ἀπὸ

2130 5044 2227 5098 τοῦ
2269 5042 2541 5115 παρόντος
2576 5039 2704 5093 οὔτε
2743 5039 2959 5109 κριταῖς
2991 5034 3117 5090 οὔτε
3142 5033 3555 5106 ἀναγραφεῦσιν
3595 5030 3725 5086 οὔτε

2130 5136 2474 5207 πράκτορσιν
2501 5129 2625 5186 οὔτε
2649 5115 2829 5197 δουξὶν
2845 5128 2969 5183 οὔτε
2989 5130 3319 5200 στρατηγοῖς
3342 5125 3470 5180 οὔτε
3488 5141 3725 5197 προνοη-

2133 5229 2255 5289 ταῖς
2270 5223 2394 5279 οὔτε
2428 5222 2609 5286 ἀλλοις
2634 5235 2747 5276 τισι
2772 5220 3115 5291 δημοσιακάς
3137 5217 3385 5280 δουλείας
3408 5218 3722 5286 ἐγκεχειρι-

2136 5318 2391 5388 σμένους,
2424 5316 2564 5387 μετὰ
2592 5315 2855 5386 τελευτὴν
2878 5314 2989 5366 τῶν
3014 5310 3323 5383 ἀρχιερέων
3350 5307 3725 5380 παραϐάλλειν

2138 5407 2274 5469 ὅλως
2327 5407 2440 5469 τοῖς
2492 5403 2868 5466 ἐπισκοπείοις
2909 5401 3089 5473 ῆτοῖς
3140 5396 3488 5470 διαφέρουσιν
3534 5396 3725 5458 αὐτοῖς

2139 5499 2421 5569 ἀκινήτοις
2450 5497 2482 5569 ἢ
2515 5495 2905 5567 μοναστηρίοις
2926 5494 3021 5546 καὶ
3041 5489 3395 5562 ἀφαιρεῖσθαί
3422 5507 3472 5542 τι
3507 5487 3570 5541 τὸ
3597 5487 3724 5541 σύν-

2143 5590 2264 5643 ολον
2303 5588 2363 5653 ἐξ
2406 5588 2611 5651 αὐτῶν,
2638 5584 2763 5638 οὔτε
2802 5584 2909 5655 μὴν
2945 5581 3213 5655 προφάσει
3249 5579 3601 5652 δημοσιακῶν
3629 5595 3724 5631 τε·-

2138 5678 2429 5750 λεσμάτων
2453 5675 2799 5750 εἰσέρχεσθαι
2833 5677 2913 5741 είς
2946 5674 3015 5732 τὰ
3033 5673 3133 5746 τῆς
3172 5669 3502 5741 Ἐκκλησίας
3535 5669 3723 5727 δίκαια

533 5852 613 5928 (3)
652 5852 779 5914 Hec
828 5871 1083 5933 corrupta
1137 5868 1288 5919 sunt.
1322 5860 1490 5921 Forte
1519 5861 1875 5936 νομισμάτων
1921 5861 2210 5922 delendum
2241 5869 2343 5916 est.
