4088 6406
330 356 465 422 1153
1276 372 1589 435 ΝΟΤΙΤΙΛ
1634 374 1716 436 IN
1752 376 1944 439 ISAM

1976 382 2086 442 ΠΜ
2142 383 2658 449 CATHOLICUM.
3453 401 3590 467 1154

318 472 416 523 καὶ
442 472 801 544 ἀφαιρεῖσθαι
833 476 867 530 ἃ
900 478 1206 550 βούλονται.
1249 484 1409 538 Ἀ).λᾶ
1466 489 1560 540 καὶ
1596 488 1651 543 εἴ
1676 507 1728 543 τι.
1756 491 1907 561 παρὰ

2016 502 2314 551 troversum
2343 513 2465 554 esse
2496 501 2762 571 paruerit,
2799 504 2940 574 quod
2980 519 3007 557 a
3040 515 3196 575 parte
3236 509 3485 568 ecclesia:
3533 517 3594 569 fi—

312 562 413 630 τῆς
440 564 884 641 ἀρχιεπισκοπῆς
914 578 1274 643 χρεωστεῖται
1312 579 1389 650 τῷ
1419 580 1688 652 δημοσίῳ,
1727 601 1901 652 μετα-

1982 576 2139 643 ¹εριις
2185 594 2424 658 postulat
2474 612 2487 648 :
2531 605 2587 648 ut
2623 596 2724 650 hoc
2776 599 2947 666 ipsqu
2978 600 3162 656 clerici
3203 616 3267 656 ex
3332 607 3596 666 reditibus

312 656 550 725 κλήτους
586 659 832 727 γίνεσθαι
884 667 1010 729 τοὺς
1056 667 1374 740 κληρικοὺς,
1418 674 1511 726 καὶ
1555 676 1602 726 εἰ
1635 675 1903 746 πρόδηλον

2014 679 2269 736 Ecclesia:
2313 685 2444 739 fisco
2479 697 2753 755 praestent.
2791 690 2907 744 Non
2956 700 3132 745 tamen
3185 699 3439 764 qumstori
3475 699 3590 753 lici-

312 747 409 797 καὶ
446 750 847 819 ἁναμνέίϐολον,
878 756 940 808 τὸ
978 760 1131 830 παρὰ
1161 761 1255 813 τοῦ
1301 762 1564 833 δημοσίου
1606 766 1903 836 ἐπιζητού-

2012 782 2123 825 ιυιιι
2179 784 2334 841 esto,
2406 786 2465 831 ut
2521 778 2592 831 ob
2642 780 2951 849 hujusmodi
3007 798 3223 838 causam
3278 788 3595 844 suburbana

315 855 480 903 μενον
511 844 618 896 ἀπὸ
642 847 736 899 τοῦ
770 849 971 920 μέρους
1000 855 1097 922 τῆς
1143 854 1469 926 Ἐκκλησίας
1506 860 1723 930 φανείη,
1767 861 1897 924 τοὺς

2011 866 2211 931 prmdia
2244 880 2591 938 pervagetur,
2623 884 2677 926 et
2712 890 2833 941 quae
2888 875 3015 928 velit
3049 878 3284 945 auferat,
3336 882 3425 950 qui
3462 897 3588 937 vero

311 934 609 1003 κληρικοίις
656 939 816 993 τοῦτο
844 944 950 996 ἀπὸ
978 945 1085 998 τῶν
1115 948 1215 1018 τῆς
1267 950 1569 1020 ἐκκλησίας
1615 955 1895 1027 προσόδων

1819 972 1895 1007 ων
2004 956 2381 1027 designabitur
2424 965 2666 1031 pontifex
2706 966 2959 1025 Ecclesia:
3002 972 3123 1038 jura
3174 975 3433 1029 tuebitur.

308 1031 516 1087 διδόναι
563 1036 700 1106 πρὸς
743 1040 835 1092 τὸν
875 1040 1140 1112 δημόσιον
1170 1063 1184 1076 ·
1259 1047 1334 1117 μὴ
1388 1048 1573 1117 μέντοι
1624 1051 1713 1103 ἐπ’
1757 1052 1941 1115 ἀδείας
1969 1053 2116 1125 ἔχειν
2144 1057 2235 1109 τὸν
2271 1058 2558 1131 πράκτορα
2620 1061 2707 1115 διὰ
2742 1064 2842 1134 τὴν
2867 1031 3127 1137 totalith
3158 1070 3338 1123 αἰτίαν
3356 1089 3587 1144 περιπο-
3613 1085 3633 1103 ⁸

312 1126 492 1182 λεύειν
552 1133 632 1193 εἰς
687 1133 754 1185 τὰ
817 1136 1140 1204 προάστεια,
1207 1142 1299 1193 καὶ
1364 1144 1720 1214 ἀφαιρεῖσθαι
1753 1145 1788 1200 ἆ
1820 1146 2103 1217 βούλονται
2139 1150 2236 1221 (4).
2382 1154 2439 1207 δὲ
2489 1126 3095 1230 ίπροχειρισάησόμενος.
3134 1126 3445 1235 ἀρχιερεὺςι
3474 1168 3585 1221 τῶν

310 1223 415 1292 τῆς
455 1226 784 1298 Ἐκκλησίας
810 1233 1164 1303 ἀντιλήψεται
1190 1238 1436 1293 δικαίων.

384 1309 514 1384 Εἶχε
560 1317 620 1371 τὸ
658 1323 789 1390 μηνὶ
828 1324 1122 1397 Ἀπριλλίῳ
1170 1330 1548 1401 ἑπινεμήσεως
1583 1331 1649 1403 β’,
1677 1334 1745 1388 δι’
1770 1336 1896 1406 ἐρυ-

2097 1340 2219 1396 Dat.
2252 1358 2437 1397 mense
2461 1345 2652 1414 Aprili.
2693 1348 2985 1403 indictione
3016 1353 3251 1406 secunda
3288 1355 3466 1410 rubris
3492 1358 3579 1413 lit-

310 1406 459 1476 Ορῶν
506 1413 855 1479 γραμμάτων
903 1416 1000 1468 τοῦ
1051 1421 1316 1489 κραταιοῦ
1378 1425 1471 1476 καὶ
1511 1425 1667 1493 ἁγίου
1733 1428 1892 1497 ἡμῶν

2008 1432 2141 1487 teris
2170 1437 2521 1503 prazpotentis
2553 1448 2609 1493 et
2646 1443 2999 1495 sacratissimi
3029 1444 3286 1512 principis
3327 1450 3496 1501 nostri
3528 1451 3578 1504 in

309 1496 578 1565 βασιλέως
619 1499 759 1571 [τοῦ)
811 1506 1337 1582 Πορφυρογεννήτου
1375 1517 1586 1586 Κυρίου
1639 1496 1890 1574 Ἰωάννου

1998 1519 2280 1594 Porphyra
2312 1526 2448 1587 nati.
2488 1528 2695 1584 domini
2726 1528 2952 1585 Joannis
2986 1532 3273 1601 Contneni,
3308 1551 3429 1591 cum
3470 1538 3584 1594 usi-

303 1589 403 1642 τοῦ
452 1593 765 1665 Κομνηνοῦ,
806 1600 962 1672 καὶὴ
1010 1601 1097 1655 διὰ
1132 1605 1305 1675 κηροῦ
1344 1608 1583 1677 συνήθης
1630 1612 1887 1682 σφραγίς.

930 1602 962 1672 ή
1010 1601 1097 1655 διὰ
1132 1605 1305 1675 κηροῦ
1344 1608 1583 1677 συνήθης
1630 1612 1887 1682 σφραγίς.
2001 1624 2114 1670 tato
2149 1589 2310 1672 Cerco
2338 1618 2537 1687 sigillo.

378 1746 455 1818 (ι)
497 1748 601 1803 Aut
626 1750 885 1828 βούλεται
932 1756 1242 1830 legendum,
1276 1773 1371 1818 aut
1404 1767 1562 1835 paulo
1591 1778 1714 1824 ante
1752 1770 1877 1834 τοὺς
1919 1787 1992 1844 πρ

647 1750 885 1807 Βούλεται
932 1756 1242 1830 legendum,
1276 1773 1371 1818 aut
1404 1767 1562 1835 paulo
1591 1778 1714 1824 ante
1752 1770 1877 1834 τοὺς
1919 1774 2261 1844 πράκτορας.

303 1946 2243 1989 MM

1574 2132 1750 2179 ANNO
1798 2136 2029 2181 DOMINI
2068 2140 2287 2185 MCXLV

1462 2314 2099 2501 ISAAC
2124 2324 2385 2502 US

919 2627 1365 2724 MAGNA‘I
1467 2638 2053 2729 AliMENI/E
2147 2645 2933 2744 CATHOLICUS.

1468 3100 1497 3119 ξ,
1551 2938 1555 2942 ’
1608 2987 2257 3104 ΝοΤιΤιΑ.

1021 3207 1271 3271 (Galland.
1302 3209 1541 3259 Veterum
1574 3209 1771 3261 Patrum
1810 3210 2067 3271 Biblioth"
2105 3220 2223 3266 tom.
2264 3215 2389 3274 XIV,
2428 3217 2632 3281 Prolcg.
2668 3233 2717 3283 p.
2744 3217 2851 3282 xv.)

1880 3383 1949 3401 ⁸⁵-

375 3485 636 3541 Catholici
664 3486 879 3555 {nomen
916 3500 1082 3556 penes
1124 3486 1411 3542 Armenios
1441 3486 1627 3542 titulus
1659 3496 1743 3543 est
1788 3490 2171 3556 patriarchalis
2205 3493 2323 3547 sive
2383 3492 2884 3562 archiepiscopalis,
2920 3493 3168 3564 idemque
3211 3497 3354 3555 valet
3396 3510 3559 3573 atque

291 3582 645 3634 (ecumcnicus
679 3580 730 3634 in
757 3580 989 3636 CPtanis
1012 3579 1362 3650 patriarcbis.
1404 3578 1495 3634 Sic
1535 3596 1699 3649 porro
1733 3580 1991 3650 appellari
2032 3581 2286 3633 Vitlenllﬂ'
2314 3595 2379 3633 ex
2410 3595 2475 3635 θο
2506 3581 2647 3648 quo“
2684 3580 2910 3647 ΓεῘῘίΙυῘε
2933 3582 3057 3649 ίευκ
3083 3585 3316 3641 "Willis
3340 3593 3556 3657 θρῖεεο-

292 3670 379 3738 pis
434 3670 774 3723 immineant.
822 3669 985 3724 Forte
1040 3678 1328 3738 postquam
1379 3677 1624 3738 tempore
1680 3668 1884 3738 Pelagii
1916 3678 1969 3722 et
2006 3666 2064 3721 S.
2095 3668 2347 3736 Gregorii
2392 3667 2465 3720 Μ.
2507 3665 2746 3722 Joannes
2778 3666 3065 3733 Jejunator
3106 3672 3154 3723 in
3188 3686 3287 3725 sua
3346 3678 3556 3745 synoCo

285 3756 503 3812 CPtana
554 3760 679 3812 anni
716 3758 819 3812 589
868 3757 1175 3826 lmjusmodi
1227 3756 1442 3811 titulum
1480 3772 1745 3827 usurpare
1781 3758 1969 3825 coepit.
2003 3758 2277 3813 innocenti
2321 3757 2553 3814 fortasse
2603 3761 2669 3813 de
2717 3776 2906 3825 causa,
2956 3761 3048 3813 sed
3091 3776 3281 3829 magna
3338 3765 3553 3821 illorqu

283 3847 605 3916 pontiﬁcum
663 3847 927 3916 zelotypia
957 3887 972 3910 ,
1008 3847 1311 3902 verentium
1367 3860 1434 3901 ne
1483 3846 1679 3916 aliquis
1734 3848 1981 3900 subesset
2015 3862 2208 3899 error:
2251 3846 2503 3901 videntes
2548 3849 2934 3903 Armeniorum
2986 3852 3312 3919 patriarchae
3358 3852 3409 3906 in
3452 3868 3553 3907 sua

284 3941 555 3994 sententia
591 3939 1022 4009 perseveravisse
1049 3938 1318 4005 CPtanos,
1354 3940 1616 4008 quidquid
1652 3938 1704 3991 in
1739 3935 2072 3992 contrarium
2109 3934 2456 3989 obstitissent
2487 3934 2721 3990 Romani
2758 3938 3083 4006 pontifices;
3125 3948 3185 3992 ut
3222 3955 3329 3993 non
3371 3941 3551 3994 mino-

291 4028 368 4080 ris
397 4028 677 4095 dignitatis
710 4028 761 4080 in
796 4042 895 4080 sua
925 4038 1086 4095 gente
1122 4027 1475 4089 haberentur,
1505 4024 1773 4093 simulque
1799 4025 1977 4077 minus
2008 4022 2193 4074 odioso
2229 4022 2495 4075 vocabulo
2538 4025 2611 4076 uti
2647 4025 2983 4090 viderentur,
3011 4025 3279 4079 Catholici
3311 4027 3552 4095 appella-

286 4117 489 4169 tionem
528 4127 963 4183 assumpserunt,
1005 4114 1221 4167 nemine
1255 4117 1581 4168 adversante
1612 4113 1752 4179 quod
1790 4113 1984 4165 sciam.
2022 4108 2148 4161 Fuit
2183 4110 2349 4176 igitur
2385 4110 2603 4165 Ie‘aactts
2636 4113 2702 4166 de
2743 4126 2849 4179 quo
2882 4112 3173 4181 loquimur,
3207 4129 3415 4183 magna?
3442 4116 3548 4169 ΑΓ·

281 4206 476 4257 meniae
514 4204 848 4257 Catholicus.
888 4203 936 4255 Is
968 4201 1107 4253 inter
1143 4202 1434 4253 Armenios
1485 4198 1772 4253 hacreticos
1829 4211 1989 4252 natus
2022 4207 2075 4249 et
2102 4195 2363 4251 educatus
2396 4206 2517 4260 est,
2554 4208 2715 4267 atque
2758 4200 3072 4255 Catbolicos
3106 4202 3551 4271 orthodoxosque

280 4294 350 4345 ab
385 4293 538 4346 initio
565 4290 801 4346 ludibrio
823 4290 1011 4344 habuit
1041 4288 1142 4360 (ιι).
1171 4288 1491 4342 Sacerdotio
1514 4287 1654 4340 inter
1676 4303 1803 4342 suos
1834 4289 2142 4342 cunmlatus
2165 4299 2267 4342 est.
2299 4288 2405 4344 Sed
2444 4289 2536 4343 Dei
2570 4292 2846 4359 aspirante
2868 4292 3068 4363 gratia,
3091 4292 3314 4362 disjecta
3345 4297 3549 4349 erroris

278 4380 532 4450 ealigine,
574 4380 785 4448 occepit
834 4379 1083 4433 deserere
1129 4374 1290 4431 simul
1342 4376 1708 4430 et'confutare
1740 4391 1961 4428 suorum
2013 4392 2250 4432 errores.
2295 4375 2368 4430 Ea
2416 4394 2471 4431 re
2514 4378 2717 4432 factum
2772 4393 2877 4446 est,
2905 4388 2963 4432 ut
3001 4382 3141 4449 apud
3176 4395 3371 4435 omnes
3405 4382 3548 4439 illitis

279 4468 421 4521 fama
449 4470 779 4537 vulgaretur,
809 4467 1138 4520 orthodoxos
1182 4463 1453 4525 videlicet,
1498 4464 1624 4515 dum
1676 4462 1890 4515 interim
1925 4468 2062 4531 apud
2094 4466 2377 4520 Armenios
2415 4483 2542 4521 suos
2569 4484 2739 4537 usque
2776 4468 2906 4521 adeo
2928 4470 3168 4536 graviter
3201 4467 3445 4533 offendit,
3482 4480 3543 4525 ut

276 4574 383 4611 non
418 4559 575 4611 modo
611 4556 1037 4612 sacerdotalibus
1074 4553 1272 4607 muniis
1310 4550 1753 4611 interdiceretur,
1796 4566 1983 4604 verum
2036 4552 2223 4618 etiam,
2268 4560 2539 4623 pr0posita
2590 4554 3040 4610 interfectoribus
3094 4556 3213 4624 ejus
3267 4562 3543 4623 mercede,

274 4648 480 4717 pluries
514 4657 847 4716 uitaereretur
874 4646 941 4699 ad
973 4658 1179 4698 necem.
1212 4642 1339 4695 Erat
1370 4644 1483 4695 haac
1515 4654 1722 4693 merces
1754 4641 1908 4692 venia
1946 4651 2290 4709 peccatormn
2340 4642 2671 4695 certissima.
2715 4640 2809 4695 llis
2850 4643 3091 4711 agitatus
3125 4647 3297 4701 turbis
3325 4647 3389 4699 ad
3413 4663 3542 4699 sau-

272 4718 566 4787 ctissima‘m
601 4731 941 4802 metropolim
978 4728 1222 4799 c0nfugit
1262 4729 1361 4797 (lt).
1398 4729 1472 4782 Eo
1500 4726 1719 4781 nomine
1759 4726 1989 4781 Romam
2025 4729 2247 4799 intelligi
2288 4729 2445 4783 facile
2480 4730 2783 4784 suadebunt
2812 4746 2873 4784 ea
2901 4747 3022 4798 qua:
3054 4734 3254 4801 passim
3290 4735 3447 4787 docet
3489 4744 3545 4789 et

274 4797 535 4889 luqttilu't',
567 4797 868 4874 conformia
918 4819 1091 4887 magis
1133 4797 1375 4870 moribus
1422 4813 1789 4867 Romanorum
1824 4829 1989 4883 quam
2033 4816 2368 4871 Graecorum.
2406 4817 2737 4871 Memoratur
2785 4819 3001 4874 lsaacus
3046 4832 3232 4875 noster
3288 4838 3317 4875 a
3359 4823 3544 4876 Theo-

275 4913 451 4974 riauo,
486 4910 575 4979 qui
625 4910 769 4962 circa
816 4909 881 4960 A.
929 4905 991 4960 C.
1048 4904 1187 4961 H70
1220 4903 1504 4972 scripsisse
1554 4901 1750 4967 fertur,
1784 4914 1840 4955 ut
1879 4907 2014 4958 scite
2048 4904 2432 4960 animadvertit
2470 4904 2753 4960 Fabricius
2788 4908 2880 4978 (ε).
2909 4908 3054 4964 Duas
3082 4910 3198 4979 ejus
3243 4911 3543 4965 inveCtivas

269 5014 407 5067 quas
460 4998 668 5068 primus
715 4996 907 5050 extulit
955 4993 1312 5049 Comhefisius
1359 4992 1411 5045 in
1447 4990 1688 5044 Auctarii
1724 4993 1805 5045 sui
1861 5002 2010 5045 tomo
2043 4991 2103 5046 ll.
2147 5008 2176 5046 a
2233 4993 2389 5048 nobis
2444 4995 2569 5048 inde
2625 5005 2879 5065 acceptas
2930 4994 2983 5050 in
3034 5012 3229 5065 penum
3296 5008 3540 5053 nostrum

270 5087 701 5141 transtulimus:
739 5085 940 5138 habent
975 5084 1118 5137 enim
1166 5088 1609 5150 argumentorum
1641 5090 1695 5133 et
1733 5079 2080 5144 eruditionis,
2116 5082 2257 5135 haud
2291 5083 2416 5137 alibi
2464 5083 2695 5138 fortasse
2745 5085 3109 5149 invenienda},
3152 5099 3388 5156 segetem
3434 5102 3542 5142 non

268 5178 545 5247 exiguam.
580 5176 710 5241 Qua:
741 5177 897 5230 fuerit
923 5174 1137 5229 tandem
1180 5174 1416 5227 heminis
1447 5172 1661 5227 fortuna
1695 5185 1799 5225 non
1825 5179 2060 5225 constat.
2099 5168 2231 5222 Illud
2273 5171 2650 5226 animadverto
2679 5186 2742 5225 ex
2772 5172 3026 5227 Fabricio
3050 5173 3131 5245 (ιι)
3160 5193 3172 5229 :
3208 5175 3347 5243 apud
3376 5173 3539 5227 Lam-

267 5270 484 5321 hecium
519 5266 587 5336 (ε)
636 5265 907 5318 recenseri
941 5266 1082 5317 inter
1108 5264 1307 5330 scripta
1336 5259 1613 5328 Euthymii
1642 5258 1902 5329 Zigabeni
1934 5258 2218 5325 epistolam
2258 5259 2551 5327 quamdam
2594 5261 2923 5315 invectivam
2954 5265 3219 5317 adversus
3252 5262 3540 5315 Armenios

264 5356 729 5423 Theopaschitas,
758 5353 910 5419 cujus
938 5352 1150 5405 initium
1180 5358 1282 5415 est,
1328 5348 1667 5419 Ἐπειδήπερ
1708 5348 1878 5416 Eine}

1925 5366 1959 5413 ης
2000 5349 2096 5400 καὶ
2122 5349 2438 5416 Διόσκορος.
2466 5350 2598 5403 Cum
2639 5362 2821 5404 autem
2871 5367 2899 5405 a
2937 5352 3117 5405 verbis
3152 5352 3257 5405 illis
3296 5351 3539 5404 ordiatur

262 5446 533 5502 invectiva
564 5442 736 5510 prima
772 5440 1014 5509 ejusdem
1051 5438 1357 5507 argumenti
1400 5454 1519 5504 quae
1547 5437 1732 5491 lsaaco
1767 5448 1954 5490 nostro
1983 5438 2239 5490 tribuitur
2269 5455 2283 5501 ;
2315 5441 2514 5506 quibus
2546 5439 2625 5493 fas
2653 5448 2737 5493 est
2765 5440 3011 5495 codicem
3050 5440 3204 5493 illum
3246 5437 3537 5492 Lambecio

263 5544 630 5589 memoratum
666 5532 953 5599 inspicere,
991 5528 1292 5597 dijudicare
1334 5538 1630 5596 potuerunt
1663 5528 1788 5595 quis
1829 5543 1855 5577 ιι
1898 5540 2007 5593 quo
2047 5528 2342 5593 acceperit.

337 5712 416 5779 (α)
452 5710 594 5764 mer
620 5713 682 5785 Ain
710 5707 983 5766 Invectiva
1012 5700 1078 5768 ll,
1106 5720 1252 5758 num.
1286 5703 1320 5756 2
1351 5703 1471 5757 init.
2027 5702 2106 5785 ςιι)
2131 5701 2273 5785 ἐμω.
2311 5710 2443 5785 tom.
2483 5698 2753 5785 Vllhpag.
2787 5707 2911 5761 475.

339 5772 410 5852 (1))
452 5784 582 5835 ibid.
619 5783 751 5837 Ibid.
912 5846 953 5852 __
1173 5846 1265 5852 ____
1489 5844 1522 5852 .-

2026 5777 2096 5841 (ε)
2131 5772 2285 5826 ’1“υιιι.
2328 5772 2386 5835 V,
2420 5788 2539 5826 me.
2576 5772 2692 5824 1'27.

338 5844 407 5923 (ε)
445 5853 576 5907 Bibl.
615 5854 707 5908 Gr.
743 5864 878 5909 tom.
912 5846 979 5915 Χ,
1009 5862 1131 5917 pag.
1171 5846 1288 5911 l75,
1335 5854 1459 5899 uota
1487 5844 1545 5896 ".
