4088 6438
513 404 658 471 1155

1611 396 1861 461 ISAACI
1896 396 2266 458 ΛΒΜΕΝΙᾸΞ
2309 390 2731 457 CATHOLICL

3650 384 3789 453 1256

1190 516 3780 547 W

673 695 1020 830 ΤΟΥ
1115 689 1641 826 ΟΣΙΟΥ
1737 682 2440 820 ΠΑΤΡΟΣ
2523 677 3012 813 ΗΜΩΝ
3097 668 3619 807 ΙΣΑΑΚ

1389 922 1528 978 ΤΟΥ
1561 918 1973 975 ΚᾹΘΟΛῙΚΟΥ
2001 918 2138 971 ΤΗΣ
2166 913 2502 970 ΜΕΓΑΛΗΣ
2532 910 2897 968 ΑΡΜΕΝΙΑΣ

972 1090 1344 1179 ΛΟΓΟΣ
1417 1082 2317 1176 ΣΤΗΛΙΤΕΥΤΙΚΟΣ
2393 1076 2692 1167 ΚΑΤΑ
2765 1075 3339 1166 ΑΡΜΕΝΙΩΝ

517 1276 644 1325 ΤΩΝ
691 1277 1096 1327 ΟΜΟΦΡΟΝΩΝ
1148 1272 1478 1328 ΕΥΤΥΧΟΥΣ
1530 1269 1647 1320 ΚΑΙ
1711 1265 2078 1318 ΔΙΟΣΚΟΡΟΥ
2102 1276 2117 1291 ⁹
2173 1262 2512 1313 ΤΙΜΟΘΕΟΥ
2580 1259 2907 1311 ΔῘΛΟΥΡΟΥ
2930 1268 2945 1283 ⁹
3003 1255 3255 1307 ΠΕΤΡΟΥ
3306 1254 3435 1306 ΤΟΥ
3484 1250 3795 1330 ΚΝΔΦῌΩΣ

579 1358 930 1408 ΙΟΥΛΙᾹΝΟΥ
973 1360 1101 1411 ΤΟΥ
1144 1354 1657 1416 ΔΔΙΚΔΡΝΔΣΕΩΣ,
1698 1355 1816 1403 ΚΔΙ
1861 1346 2501 1408 ΔΦΘΔΡΤΟΔΟΚΗΤΩΝ,
2531 1345 2660 1397 ΤΩΝ
2695 1341 3152 1396 ΔΣΕΒΕΣΤΔΤΩΝ
3190 1340 3306 1392 ΚΑΙ
3335 1335 3796 1389 ΧΡΙΣΤΟΜΔΧΩΝ

584 1438 946 1491 ΔΙΡΕΤΙΚΩΝ.

623 1734 1308 1894 SANCTI
1438 1728 2136 1892 PATRIS
2258 1707 2971 1888 NOSTRI
3086 1722 3715 1885 ISAACI

1637 1997 1905 2056 ΜΔΕ-ΝΕ
1943 1995 2279 2055 ARMENMS
2320 1996 2712 2066 CATHOLICI,

845 2175 1310 2270 ORATIO
1400 2171 2056 2268 INVECTIVA
2151 2173 2767 2266 ADVERSUS
2858 2175 3476 2270 ABMENIOS

531 2391 684 2437 IDEM
712 2389 1054 2435 SAPIENTES
1089 2389 1299 2443 ATQUE
1345 2386 1678 2434 EUTYCHES
1724 2387 1797 2431 AC
1835 2384 2184 2431 DIOSCORUS
2208 2383 2226 2442 ἶ
2286 2384 2647 2430 TIMOTHEUS
2702 2385 2853 2430 ITEM
2904 2385 3207 2445 ELURUS}
3262 2388 3503 2434 PETBUS
3555 2392 3808 2451 FULLO;

644 2496 950 2545 JULLANUS
975 2494 1505 2554 ALICABNASSEUS,
1542 2492 1618 2539 ET
1659 2492 2313 2549 APHTHARTODOCITE,
2348 2490 2678 2537 IMPIISSIMI
2705 2492 2781 2537 AC
2816 2492 3064 2538 CHRISTI
3093 2495 3330 2540 HOSTES
3362 2496 3698 2546 HERETICI.

1164 2790 1394 2847 CAPUT
1435 2792 1483 2845 Ῑ.

854 2884 930 2940 De
968 2884 1170 2939 duabus
1209 2885 1265 2938 in
1306 2884 1517 2939 Christo
1559 2882 1792 2937 naturis:

604 2979 650 3035 1.
679 2976 815 3033 Cum
860 2978 942 3031 sic
977 2976 1197 3038 haheat,
1242 2986 1298 3029 ιιι
1337 2975 1649 3046 Euthyches
1699 2990 1763 3029 ac
1805 2974 2121 3038 Dioscorus,

535 3071 857 3126 Timotheus
891 3083 1106 3138 quoque
1137 3064 1385 3132 IElurus,
1417 3080 1481 3120 ac
1507 3080 1695 3119 eorum
1742 3074 1906 3119 sectae
1945 3063 2123 3117 homi-

533 3178 653 3229 nes,
688 3160 1118 3216 incarnationem
1142 3156 1343 3213 Christi
1370 3147 1553 3226 specie
1577 3169 1735 3209 tenus
1759 3154 1955 3208 factam
1986 3169 2122 3221 prm-

534 3254 818 3320 dicantes,
852 3260 1013 3319 atque
1060 3252 1198 3304 adeo
1252 3264 1422 3302 unam
1465 3249 1517 3301 in
1551 3262 1618 3302 eo
1655 3258 1904 3300 naturam
1950 3244 2124 3300 Mani-

535 3347 807 3400 chaeorum
856 3344 1069 3397 insania
1120 3341 1517 3410 prmdit-antcs;
1563 3348 1889 3407 sanctosque
1936 3352 2125 3393 omnes

537 3435 726 3490 Patres
780 3435 833 3487 in
889 3431 1216 3502 praedatoria
1279 3431 1553 3502 Ephesina
1623 3430 1865 3485 secunda
1921 3428 2126 3500 synodo

538 3523 1090 3589 anathematizantes,
1141 3537 1204 3577 ac
1255 3537 1443 3578 eorum
1491 3533 1697 3576 rectam
1744 3520 1902 3575 ﬁdem
1955 3521 2126 3575 alme-

538 3623 752 3686 gantes,
778 3615 1015 3682 ideoque
1062 3629 1091 3668 a
1126 3613 1307 3668 Leone
1340 3612 1692 3668 sanctissimo
1744 3625 1879 3680 papa
1920 3609 2126 3677 Romae,

538 3718 836 3778 sanctaque
881 3705 1143 3769 Ecclesia,
1186 3720 1249 3760 ac
1273 3704 1612 3761 meumenica
1649 3700 1793 3773 apud
1830 3700 2133 3756 Chalcedo-

546 3816 668 3855 nem
706 3798 939 3871 synodo,
972 3798 1226 3869 depositi,
1273 3795 1607 3851 anathemati
1655 3793 1854 3871 subditi
1906 3792 2129 3857 fuerint,

540 3902 708 3961 utque
742 3870 912 3962 impii
946 3901 1002 3946 et
1041 3889 1348 3953 Manichtei,
1379 3887 1695 3956 Christique
1742 3870 1946 3950 hostes,
1978 3901 2006 3938 a
2039 3899 2133 3939 ca-

541 3985 743 4040 tholica
780 4000 845 4039 ac
893 3983 1191 4053 apostolica
1240 3980 1510 4046 Ecclesia,
1540 3994 1639 4051 per
1692 3978 1842 4034 orbis
1889 3976 2130 4031 universi

2146 2794 2196 2851 Α

2824 2795 3081 2849 ΚΕΦΑΛ.
3119 2795 3197 2848 A'.

2401 2882 2542 2950 Περὶ
2566 2880 2686 2936 τῶν
2714 2883 2824 2939 δύο
2857 2886 3103 2954 φύσεων
3127 2882 3246 2938 τῶν
3279 2885 3349 2939 ἐν
3383 2887 3631 2955 Χριστῷ.

2297 2977 2377 3030 A’.
2422 2975 2752 3046 Ἐπειδήπερ
2778 2976 3026 3046 Εὐτυχὴς
3062 2977 3160 3029 καὶ
3199 2977 3516 3048 Διόσκορος,
3543 2980 3812 3051 Τιμόθεος

2224 3066 2253 3118 6
2277 3064 2560 3136 Αῐλουρος,
2592 3064 2688 3118 καὶ⁷
2716 3068 2764 3119 οἱ
2797 3066 2977 3120 αὐτῶν
3025 3068 3347 3138 ὁμόφρονες,
3381 3071 3483 3137 τὴν
3530 3070 3812 3142 σάρκώσιν

2226 3155 2464 3227 Χριστοῦ
2483 3158 2540 3208 ὲν
2560 3158 2830 3230 φαντασίᾳ
2856 3157 3218 3229 κηρύξαντες,
3243 3160 3336 3213 καὶ
3365 3159 3454 3213 διὰ
3479 3159 3654 3227 τοῦτο,
3682 3163 3815 3233 μίαν

2228 3249 2393 3317 φύσιν
2420 3249 2478 3303 ὲν
2510 3249 2660 3321 αὐτῷ
2682 3251 3040 3322 Μανιχαῖκῶς
3065 3250 3582 3322 βλασφημήσαντες,
3604 3255 3816 3320 πάντας

2227 3343 2354 3404 τοὺς
2400 3342 2591 3411 ἁγίους
2640 3344 2894 3414 Πατέρας
2932 3344 3248 3417 τολμηρῶς,
3285 3346 3379 3398 καὶ
3423 3345 3635 3410 ἀσεϐῶς
3661 3348 3721 3400 ἐν
3744 3350 3813 3419 τῇ

2229 3431 2286 3482 ὲν
2333 3429 2543 3501 Ἐφέσῳ
2575 3429 2843 3501 λῃστρικῇ
2877 3431 3108 3502 δευτέρᾳ
3144 3432 3349 3501 συνόδῳ
3375 3432 3814 3505 ἀναθεματίσαν-

2229 3537 2342 3584 τες,
2375 3522 2470 3574 καὶ
2500 3521 2601 3592 τὴν
2645 3521 2942 3594 ὀρθόδοξην
2974 3523 3160 3578 πίστιν
3186 3523 3369 3579 αὐτῶν
3413 3527 3812 3597 ἀρνησάμενοι,

2231 3612 2328 3665 καὶ
2367 3612 2456 3669 διὰ
2494 3613 2654 3667 τοῦτο
2707 3613 2812 3667 ὑπὸ
2858 3614 3114 3680 Λέοντος,
3162 3615 3256 3669 τοῦ
3298 3617 3605 3685 ἀγιωτάτου
3653 3617 3816 3673 πάπα

2243 3701 2491 3776 Ῥώμης,
2528 3705 2623 3759 καὶ
2657 3704 2763 3759 ὑπὸ
2800 3705 2904 3777 τῆς
2950 3706 3115 3774 ἁγίας
3148 3705 3481 3778 Ἐκκλησίας
3512 3709 3607 3761 καὶ
3632 3709 3819 3763 οἰκου-

2237 3801 2470 3871 μενικῆς
2504 3803 2563 3854 ὲν
2606 3800 2916 3873 Χαλκηδόνι
2949 3802 3197 3868 συνόδου,
3241 3801 3689 3874 καθαιρεθέντες,
3737 3796 3817 3875 τῷ

2234 3888 2539 3960 ἀναθέματι
2562 3891 3080 3965 καθυπεϐλὴθησαν,
3117 3896 3210 3948 καὶ
3233 3894 3309 3956 ὡς
3337 3895 3555 3958 ἀσεϐεῖς
3583 3895 3673 3947 καὶ
3696 3894 3821 3949 Μα-

2233 3979 2451 4047 νιχαῖοι,
2483 3978 2578 4030 καὶ
2605 3983 2988 4050 χριστομάχοι,
3019 3980 3121 4050 τῆς
3164 3981 3458 4051 καθολικῆς
3503 3982 3600 4034 καὶ
3640 3983 3818 4036 ἀποσ-

542 4072 828 4141 episcopos
885 4070 1122 4140 ΘΧιιιιιεί,
1173 4079 1334 4138 atque
1378 4067 1572 4122 exsilio
1628 4064 1854 4133 relegati
1886 4081 1902 4119 :
1940 4078 2128 4118 eorum

2235 4070 2455 4139 τολικῆς
2495 4071 2824 4141 Ἐκκλησίας
2873 4072 3234 4145 ἐδιώχθησαν,
3291 4074 3381 4129 διὰ
3450 4076 3542 4127 τὸν
3593 4075 3694 4145 τῆς
3740 4077 3823 4128 οί-

543 4165 706 4235 impia
748 4165 1022 4233 dogmata,
1059 4162 1401 4233 negationes,
1450 4158 1845 4230 blasphemiae,
1883 4171 2128 4222 errores,

2234 4161 2507 4232 κουμένης
2542 4162 2721 4232 πάσης
2753 4163 3018 4235 ἀρχιερέα
3046 4166 3148 4235 (1),
3174 4168 3271 4220 καὶ
3298 4166 3481 4239 ὲξορίᾳ
3512 4168 3821 4240 παρεδόθη-

544 4269 602 4322 in
630 4254 904 4311 Christum
946 4269 1178 4324 pugnam
1223 4253 1582 4325 suscipientes
1608 4251 1873 4317 Armenii,
1900 4264 2129 4305 sexcen-

547 4352 619 4405 tis
649 4350 762 4403 hme
790 4346 1038 4418 partibus
1058 4349 1419 4401 adauxerunt.
1452 4335 1629 4401 Simili
1656 4361 1870 4415 quoque
1892 4344 2128 4410 ratione,

548 4454 798 4513 magnam
855 4438 1003 4493 illam
1067 4438 1411 4508 negationem
1475 4450 1540 4492 ac
1593 4437 1893 4492 terribilem
1928 4433 2130 4490 Juliani

546 4531 913 4589 Alicarnassei
963 4546 1027 4586 ac
1076 4529 1688 4600 Aphthartodoeilarum
1739 4529 1991 4585 haeresim
2044 4530 2132 4583 in-

546 4635 877 4690 staurantes,
910 4640 974 4680 ac
1020 4625 1198 4694 palam
1256 4623 1465 4679 Christi
1521 4624 1954 4678 incarnationem
1999 4620 2132 4676 abo-

547 4718 755 4783 lentes,
816 4726 1016 4789 negant
1069 4716 1387 4781 Christum,
1441 4714 1911 4773 consubstantiale
1976 4713 2131 4769 nobis

544 4825 769 4880 corpus,
803 4823 1049 4864 crassum
1080 4823 1144 4863 ac
1175 4806 1427 4872 mortale,
1453 4815 1861 4874 terrenumqne,
1893 4818 1994 4859 nec
2022 4819 2129 4859 non

550 4901 906 4971 corruptibile
930 4915 995 4955 ac
1018 4909 1282 4965 creatum,
1319 4912 1386 4955 ex
1434 4897 1604 4953 Maria
1656 4895 1872 4968 Virgine
1916 4913 2127 4953 assum-

545 4993 722 5061 psisse
741 5011 754 5045 :
775 4992 1042 5063 quinimo,
1070 5004 1268 5060 corpus
1292 5005 1399 5045 non
1427 4990 1727 5045 obnoxium
1764 4988 2125 5058 corruptioni,

546 5085 767 5151 subtile,
804 5084 1156 5154 impassibile,
1184 5082 1509 5145 immortale,
1551 5082 1894 5147 increatum;
1926 5095 2010 5146 ac,
2042 5079 2129 5134 in-

546 5173 768 5245 quiunt.
805 5174 966 5230 Visus
1005 5184 1089 5231 est
1118 5176 1303 5241 homo,
1338 5183 1398 5229 ut
1430 5173 1634 5241 voluit;
1676 5172 2132 5242 manducavitque

546 5275 607 5321 et
633 5266 786 5321 bibit.

625 5358 690 5414 ll.
729 5358 866 5414 Tum
920 5375 1111 5415 rursus
1162 5361 1305 5416 hanc
1346 5374 1566 5431 quoque
1619 5361 2024 5430 incorpoream,
2065 5375 2131 5415 ac

548 5457 799 5507 materiae
824 5463 1104 5523 expertem
1139 5467 1359 5507 carnem
1394 5455 1608 5523 penitus
1646 5462 1925 5522 negantes,
1954 5466 2129 5521 exque

552 5545 835 5601 immundo
874 5558 939 5602 ac
982 5546 1183 5603 Christi
1241 5548 1401 5603 hosm
1451 5547 1690 5617 ipsorum
1749 5547 1913 5599 corde
1962 5546 2131 5601 falsas

553 5634 760 5692 fabulas
780 5639 1278 5703 contminiscentes,
1302 5638 1549 5693 eamdem
1591 5638 1759 5705 ipsam
1785 5622 2130 5705 invisi-bilem,

553 5720 936 5790 immortalem,
978 5739 1042 5781 ae
1079 5726 1453 5795 incorruptam
1496 5738 1739 5791 carnem,
1780 5724 1835 5780 in
1881 5733 2130 5780 naturam

627 5834 704 5904 (ι)
748 5836 885 5908 Lege
915 5840 1022 5894 τῶν
1051 5817 1377 5912 ἀρχιερέων.

2238 4268 2372 4304 σανο
2403 4252 2609 4305 τούτων
2631 4253 2728 4318 τὰς
2761 4256 3038 4320 ἀσεϐείας,
3075 4258 3170 4311 καὶ
3207 4259 3485 4330 ἀρνήσεις,
3514 4260 3610 4312 καὶ
3642 4258 3818 4328 βλασο

2240 4342 2473 4413 φημίας,
2520 4343 2614 4398 καὶ
2644 4346 2987 4414 κακοδοξίας,
3020 4348 3114 4402 καὶ
3156 4351 3576 4421 χριστομαχίας,
3610 4351 3660 4403 oi
3697 4350 3827 4421 ’Δρ-

2237 4433 2413 4504 μένιοι
2440 4433 2745 4506 δεξάμενοι,
2785 4437 3203 4509 μυριαπλασίως
3236 4440 3440 4505 ταύτας
3478 4441 3823 4509 ἐπηύξησαν.

2247 4526 2522 4592 Ὡσαύτως
2550 4528 2628 4593 δὲ,
2664 4531 2757 4582 καὶ
2778 4529 2877 4600 τὴν
2910 4532 3154 4602 μεγάλην
3194 4533 3424 4605 ἄρνησιν
3456 4535 3555 4588 καὶ
3582 4535 3825 4608 φοόεράν

2237 4621 2453 4690 αἵρεσιν
2523 4621 2812 4677 Ἰουλιανοῦ
2877 4622 2973 4676 τοῦ
3040 4623 3507 4696 ’Λλικαρνασέως,
3568 4626 3663 4680 καὶ
3712 4628 3825 4680 τῶν

2246 4711 2767 4785 ’Λφθαρτοδοκητῶν
2790 4716 3263 4782 άνακαινίσαντες,
3287 4719 3382 4773 καὶ
3409 4719 3508 4789 τὴν
3540 4719 3823 4789 σάρκωσιν

2230 4803 2325 4858 τοῦ
2368 4805 2606 4874 Χριστοῦ
2657 4807 2955 4876 προφανῶς
3005 4807 3349 4875 ἀθετοῦντες,
3410 4808 3681 4879 λέγουστν,
3739 4812 3827 4882 ὅτι

2234 4894 2401 4964 σῶμα
2437 4895 2571 4965 ἡμῖν
2602 4896 2912 4965 ὀμοούσιον,
2942 4895 3094 4966 παχὺ
3132 4898 3227 4951 καὶ
3255 4900 3449 4970 θνητὸν
3489 4901 3582 4954 καὶ
3616 4902 3824 4970 χοῖκὸν,

2237 4988 2480 5060 φθαρτόν
2504 5005 2566 5041 τε
2592 4989 2688 5042 καὶ
2713 4988 2951 5055 κτιστὺν,
2987 4992 3016 5043 ὁ
3057 4991 3295 5061 Χριστὸς
3327 4994 3428 5046 οὐκ
3457 4993 3723 5047 ἀνέλαϐεν
3756 4994 3824 5047 ὲκ

2228 5080 2329 5147 τῆς
2359 5080 2636 5151 Παρθένου
2659 5082 2878 5150 Μαρίας
2903 5096 2918 5110 ⁸
2942 5080 3060 5134 ἀλλ’
3087 5083 3374 5154 ἄφθαρτον
3391 5084 3568 5155 σῶμα,
3601 5084 3822 5148 λεπτὸν,

2238 5170 2475 5236 ἀπαθὲς,
2509 5171 2805 5239 ἀθάνατον,
2841 5175 3096 5227 ἄκτιστον
3118 5191 3133 5204 ο
3173 5178 3271 5230 καὶ
3299 5174 3478 5247 ὤφθη,
3505 5175 3693 5245 φασιν,
3727 5175 3826 5229 ἄν·

2232 5264 2476 5335 θρωπος,
2509 5264 2587 5327 ὡς
2624 5265 2859 5335 ἠθέλησε
2887 5280 2902 5297 ο
2941 5266 3037 5319 καὶ
3060 5265 3260 5334 ἔφαγε,
3294 5269 3390 5321 καὶ
3420 5267 3606 5320 ἔπιεν.

2301 5354 2377 5409 Β’.
2421 5351 2553 5408 Εἶτα
2583 5355 2749 5409 πάλιν
2778 5355 2873 5409 καὶ
2897 5357 3103 5426 ταύτην
3129 5360 3229 5428 τὴν
3260 5357 3575 5427 ἀσώματον,
3601 5356 3695 5410 καὶ
3724 5355 3826 5409 ἀΰ-

2231 5444 2324 5500 λον
2352 5447 2530 5518 σάρκα
2560 5448 2843 5512 παντελῶς
2877 5449 3313 5520 ἀπαρνούμενοι,
3345 5450 3441 5503 καὶ
3472 5450 3536 5501 ὲκ
3558 5449 3656 5519 τῆς
3690 5449 3826 5499 ἑαυ-

2235 5539 2347 5593 τῶν
2384 5540 2700 5612 ἀκαθάρτου
2753 5544 2849 5595 καὶ
2901 5543 3274 5613 χριστομάχου
3314 5541 3564 5613 καρδίας,
3619 5539 3828 5609 μύθους

2236 5632 2456 5703 ψευδεῖς
2501 5634 2964 5699 ἀναπλάττοντες,
2992 5634 3245 5704 λέγουσιν
3277 5652 3293 5667 ο
3343 5636 3427 5689 ὅτι
3471 5635 3566 5688 καὶ
3611 5631 3750 5701 αὕτη
3791 5633 3828 5701 ἡ

2236 5726 2448 5798 ἀόρατη
2471 5727 2568 5783 καὶ
2601 5726 2874 5814 ἀθάνμτος
2908 5727 3069 5801 σὰρξ,
3112 5731 3192 5794 είς
3226 5729 3389 5800 φύσιν
3438 5728 3692 5798 θεότητο;
3724 5725 3830 5796 γὲ,-
