4088 6408
345 427 478 492 1157

1420 416 1713 478 ORATIO
1756 415 2051 476 CONTRA
2097 413 2514 475 ARMENIOS.

3477 413 3616 480 1158

341 557 488 613 γονε,
540 539 633 593 καὶ
676 539 776 589 οὐκ
827 532 942 606 ἔχει
985 535 1012 588 ὁ
1057 532 1290 603 Χριστος
1347 533 1404 585 ὲν
1453 529 1601 600 αὐτῷ
1652 531 1797 581 σώαν
1831 527 1931 595 τὴν

2037 523 2335 579 divinitatis
2379 525 2715 578 demutatam
2759 521 2933 588 aiunt,
2961 536 3060 579 nec
3089 523 3389 595 Christum,
3421 527 3618 585 huma-

341 631 620 704 ἡμετέραν
650 626 814 697 φύσιν
841 644 854 657 ·
885 625 946 678 οῦ
971 624 1129 695 σῶμα
1155 624 1284 693 ἡμῖν
1309 622 1596 690 ὁμοούσιον
1615 659 1630 681 ,
1661 618 1721 670 οῦ
1750 620 1927 688 σάρκα

341 726 440 779 καὶ
486 723 654 776 ὀστᾶο
687 721 750 773 οὐ
801 717 1048 788 κεφαλήν
1076 734 1089 748 ·
1124 717 1183 769 οὑ
1229 717 1422 786 χεῖρας
1473 714 1566 766 καὶ
1617 711 1787 774 πόδας
1821 725 1833 740 ⁸
1863 709 1924 762 οὗ

343 818 529 885 σχῆμα
577 810 870 883 ἀνθρώπου
898 827 912 842 ο
953 810 1090 863 ἀλλᾶ
1122 809 1347 878 γέγονεν
1380 804 1585 862 ἁπλοῦς
1621 806 1715 857 καὶ
1761 800 1929 855 ἀσύν-

341 908 515 970 θετος,
545 905 736 975 ὥσπερ
763 899 830 974 ἦν
857 902 950 955 καὶ
976 901 1079 972 πρὸ
1098 903 1194 970 τῆς
1222 919 1284 953 σα
1297 899 1569 970 ρκώσεως.
1598 900 1706 951 Κοιί
1734 896 1925 964 ὥσπερ

343 993 560 1060 σταγὼν
588 989 852 1063 μέλιτοςῆ
881 990 1036 1056 ὄξους
1070 990 1499 1060 συνανακραθὲν,
1530 988 1626 1042 καὶ
1654 1003 1928 1039 καταπον-

342 1084 522 1135 τισθὲν
554 1085 611 1135 ἐν
641 1081 868 1148 πελάγει
892 1081 993 1151 τῆς
1023 1080 1318 1151 Θαλάσσης,
1347 1081 1530 1132 οὐκέτι
1560 1079 1773 1151 δρᾶται,
1800 1076 1925 1130 οὔτε

341 1175 678 1242 ὑφίσταται*
710 1173 887 1237 οὕτως
923 1175 1056 1243 φασὶ
1101 1175 1194 1226 καὶ
1223 1175 1284 1226 τὸ
1314 1173 1475 1242 σῶμα
1509 1174 1684 1226 ἐκεῖνο
1729 1173 1788 1224 ὲν
1824 1163 1867 1239 ᾧ
1897 1172 1925 1223 ὁ

340 1267 576 1332 Χριστὸς
617 1268 693 1336 (9)
744 1266 998 1332 ἀνέλαϐε,
1041 1265 1455 1336 συνανακραθὲν
1495 1264 1592 1317 καὶ
1644 1281 1924 1316 καταπον-

341 1355 527 1408 τισθὲν
566 1357 624 1407 ὲν
682 1354 915 1422 πελάγει
970 1355 1072 1421 τῆς
1109 1353 1384 1423 θεότητος,
1422 1353 1606 1405 οὐκέτι
1638 1353 1828 1420 ὁρᾶται
1867 1353 1925 1402 ὲν

341 1451 587 1520 Χριστῷ,
633 1449 758 1501 οὔτε
796 1449 934 1502 σῶον
966 1449 1022 1502 ἐν
1049 1447 1196 1517 αὐτῷ
1230 1447 1546 1516 ὑφίσταται,
1591 1445 1715 1498 οὔτε
1762 1444 1924 1508 σώζει

341 1543 442 1610 τὴν
476 1542 670 1594 ἑαυτοῦ
709 1542 893 1610 φύσιν,
949 1539 1072 1593 οὔτε
1107 1541 1371 1608 φυλάττει
1413 1541 1515 1607 τὴν
1560 1537 1754 1591 ἑαυτοῦ
1793 1537 1923 1590 ἰδιά-

340 1651 481 1701 τητα
506 1651 519 1664 ’
551 1635 646 1685 καὶ
673 1633 764 1686 διὰ
790 1632 949 1685 τοῦτό
972 1649 1158 1702 φασιν,
1189 1631 1291 1684 οῦκ
1319 1634 1458 1685 εἰσιν
1492 1634 1550 1684 ὲν
1576 1629 1798 1701 Χριστῷ
1831 1628 1924 1681 δύο

343 1726 561 1794 φύσεις,
597 1725 846 1795 θεότητος
874 1726 966 1777 καὶ
994 1723 1440 1795 ἀνθρωπὸτητοςο
1464 1722 1599 1776 ἀλλὰ
1633 1723 1732 1790 μία
1762 1721 1923 1789 εέύσις

341 1820 439 1888 ὅλη
488 1818 586 1888 τῆς
634 1818 912 1890 θεότητος.
946 1819 1111 1872 Ὅθεν
1151 1820 1245 1872 καὶ
1289 1819 1388 1882 τὰς
1435 1816 1766 1887 παραδόσεις
1821 1818 1920 1884 τῆς

344 1910 642 1980 καθολικῆς
713 1910 1081 1981 Ἐκκλησίας,
1140 1910 1236 1964 καὶ
1289 1909 1400 1962 τῶν
1459 1908 1776 1980 μυστηρίων
1828 1908 1922 1960 τοῦ

343 2002 604 2072 Χριστοῦ,
646 2004 789 2055 κατὰ
816 2003 916 2072 τὴν
961 2003 1091 2073 μίαν
1123 2000 1308 2070 φύσιν,
1338 2001 1404 2072 ἢν
1435 2002 1492 2053 ὲν
1511 2000 1730 2071 Χριστῷ
1764 1999 1926 2070 βλασ-

343 2097 622 2166 φημοῦσι,
692 2095 873 2160 πασας
954 2094 1470 2166 μεταστρέψαντες,

340 2187 551 2252 ταύτας
598 2188 1037 2258 ὲκαινοτόμησαν
1064 2201 1077 2215 ·
1119 2188 1216 2240 καὶ
1259 2187 1359 2258 τὴν
1403 2184 1694 2239 κοινωνίαν
1726 2185 1782 2237 δὲ
1818 2185 1928 2236 τῶν

349 2283 691 2352 μυστηρίων,
721 2283 888 2352 ἤγουν
924 2283 1021 2352 τὴν
1052 2283 1242 2335 θυσίαν
1264 2282 1356 2335 τοῦ
1388 2283 1576 2350 ἄρτου,
1604 2280 1702 2348 τῆς
1728 2278 1928 2350 σαρκὸς

345 2370 445 2422 τοῦ
477 2371 738 2440 Χριστοῦ,
773 2372 833 2424 οῦ
876 2372 1032 2442 σῶμα
1063 2371 1303 2442 Χριστοῦ
1337 2371 1432 2424 τοῦ
1472 2371 1609 2423 Θεοῦ
1654 2370 1924 2440 λέγουσιν,

344 2464 421 2526 ὡς
473 2465 632 2527 αὐτὸς
675 2467 702 2518 ὁ
741 2464 977 2536 Χριστὸς
1030 2464 1293 2535 εἴρηκεν·
1341 2463 1478 2517 ἀλλὰ
1522 2463 1773 2533 θεότητα.
1818 2463 1928 2516 Καὶ

1546 2093 1926 2164 παραπλήσιον

346 2556 578 2620 ταύταις
617 2561 736 2620 ταῖς
771 2557 1123 2628 μυθολογίαις
1163 2558 1258 2612 καὶ
1304 2558 1676 2630 βλασφημίαις
1706 2558 1929 2628 ὑπερει-

347 2651 568 2719 δὸμενοι
593 2667 607 2680 ο
646 2651 848 2722 μᾶλλον
881 2651 934 2703 δὲ
978 2650 1288 2722 καλαμίνην
1324 2651 1520 2721 ῥάϐδον
1563 2651 1775 2713 ἑαυτοῖς
1798 2651 1930 2702 ὑπο-

349 2747 673 2814 στήσαντες,
714 2743 814 2813 τῇν
845 2742 1262 2813 ὲνανθρώπησιν
1309 2743 1402 2797 τοῦ
1440 2744 1764 2814 μονογενοῦς
1795 2744 1928 2798 Υίοῦ

348 2838 445 2891 τοῦ
477 2837 636 2902 Θεοῦ,
663 2838 731 2909 ἣν
763 2837 829 2890 τὰ
859 2838 1103 2904 τέσσαρα
1135 2837 1446 2906 Εύαγγέλια
1472 2838 1803 2903 δεικνύουσι,
1836 2842 1930 2894 καὶ

351 2931 554 2992 πάντες
585 2929 636 2981 οἱ
678 2927 970 2980 ἀπόστολοι
1022 2928 1160 2996 μετὰ
1193 2929 1302 2980 τῶν
1349 2929 1628 2998 θεοφόρων
1669 2929 1931 2999 Πατέρων

351 3018 742 3087 κηρύττουσιν,
774 3010 921 3069 οῦτοι
942 3016 1222 3080 παντελῶς
1255 3017 1547 3087 ἀρνοῦνται
1583 3018 1677 3072 καὶ
1705 3019 1934 3090 ἀνατρέ-

351 3130 567 3166 πουσιν.

424 3200 497 3256 ιν.
539 3200 706 3255 ’Όθεν
754 3202 936 3272 ἡμεῖς,
981 3202 1102 3272 οὐχὶ
1149 3201 1546 3274 διορθώσασθαι
1581 3204 1778 3269 αὐτοὺς
1812 3204 1933 3275 βου·
1960 3219 2003 3277 c

348 3295 565 3366 λόμενοι
606 3295 778 3349 ταῦτα
809 3298 1097 3366 γράφομεν
1122 3313 1135 3326 ο
1167 3295 1566 3366 διορθώσασθαι
1600 3299 1710 3369 γὰρ
1734 3300 1932 3361 αὐτοὺς

350 3385 613 3438 ἀδύνατον
644 3386 739 3438 καὶ
763 3388 876 3446 τοῖς
903 3385 1176 3454 ἀγγέλοις.
1212 3386 1273 3437 Ol
1301 3388 1408 3454 γὰρ
1432 3387 1580 3456 αὐτῷ
1605 3388 1679 3456 τῷ
1711 3388 1933 3458 Χριστῷ

351 3478 430 3548 τῷ
471 3477 586 3546 Υίῷ
621 3476 716 3529 τοῦ
747 3476 883 3530 Θεοῦ
929 3477 1006 3547 τῷ
1047 3479 1456 3548 σεσαρκωμένῳ
1506 3479 1647 3550 Θεῷ,
1691 3480 1786 3532 καὶ
1822 3484 1934 3544 τοῖς

352 3572 772 3639 εὖαγγελισταῖς
835 3573 930 3624 καὶ
971 3571 1294 3633 ἀποστόλοις
1336 3573 1503 3626 αὑτοῦ
1541 3573 1614 3643 μὴ
1676 3575 1936 3641 πειθόμε-

351 3683 456 3732 νοι,
497 3665 638 3734 μήτε
679 3663 1052 3728 πιστεύοντες,
1091 3665 1198 3716 τίνι
1241 3667 1412 3736 ἑτέρῳ
1446 3666 1586 3736 ἁγίῳ
1629 3665 1934 3738 διδασκάλῳ

353 3758 606 3828 ὲπιγείῳ,
643 3757 677 3826 ἢ
709 3757 1020 3830 ἐπουρανίῳ
1065 3756 1282 3826 ἀγγέλῳ
1331 3757 1777 3828 πιστεύσουσινῆ
1818 3776 1936 3812 πει-

356 3851 691 3919 σθήσονται;
758 3849 899 3902 Ἀλλ’
952 3849 1037 3903 ἴνα
1083 3849 1344 3903 ἀσέϐειαν
1395 3851 1489 3904 καὶ
1539 3852 1935 3923 χριστομαχίαν

355 3943 560 4009 αὐτῶν,
582 3943 640 4009 ἐξ
687 3942 854 3997 αὑτοῦ
883 3943 977 3997 τοῦ
1013 3943 1276 4014 Χριστοῦ,
1311 3945 1404 3996 καὶ
1443 3944 1537 3997 τοῦ
1571 3945 1932 4013 Εύαγγελίου,

357 4031 586 4086 καὶτῶν
626 4031 793 4085 αὐτοῦ
838 4032 1155 4086 ἀποστόλων
1191 4031 1533 4101 ὲλέγξαντες,
1570 4035 1695 4097 τοὺς
1731 4036 1795 4087 ἐκ
1835 4037 1935 4106 τῆς

355 4123 638 4194 ὁρθοδόξου
671 4121 904 4185 πίστεως
949 4121 1042 4174 ὑπ’
1076 4123 1258 4175 αὐτῶν
1303 4123 1388 4175 διὰ
1416 4124 1617 4188 παντὸς
1643 4125 1934 4196 πλανωμέο

355 4233 480 4279 νους
511 4217 574 4268 ὲκ
608 4215 706 4285 τῆς
734 4213 915 4268 αὐτῶν
940 4213 1196 4276 ἀσεϐείας
1225 4213 1706 4285 ὲλευθερώσωμεν.
1736 4218 1798 4270 Εἰ
1826 4218 1934 4288 γὰρ

353 4305 482 4360 οὔτε
533 4305 608 4375 τῷ
663 4305 886 4376 Χριστῷ
928 4304 1248 4357 πιστεύουσι
1293 4309 1420 4375 περὶ
1452 4308 1648 4361 ἑαυτοῦ
1699 4309 1933 4377 λέγοντι,

355 4401 480 4453 οὔτε
515 4404 626 4463 τοῖς
675 4398 1098 4467 εὐαγγελισταῖς
1141 4397 1237 4450 καὶ
1281 4400 1601 4462 ἀποστόλοις
1630 4401 1934 4468 πείθονται,

354 4497 469 4557 τοῖς
517 4492 680 4545 αὑτὸν
735 4491 1158 4562 σεσαρκωμένον
1197 4491 1321 4543 καθ’
1373 4493 1520 4560 ἡμᾶς
1553 4492 1932 4564 κηρύττουσιν,

2030 632 2155 670 nam
2192 629 2442 670 naturam
2477 617 2528 668 in
2555 616 2674 686 ipso
2703 630 2924 671 serVare
2953 615 3276 671 incolumem
3304 634 3317 670 :
3347 634 3454 673 non
3493 636 3618 676 cor-

2031 725 2129 778 pus
2161 710 2404 778 ejusdem
2435 711 2716 763 nohiscum
2769 709 3112 775 substantiae,
3150 726 3253 764 non
3293 728 3512 766 carnem
3553 728 3618 769 ac

2029 816 2176 864 ossa,
2204 817 2308 854 non
2346 808 2533 869 caput,
2570 815 2674 854 non
2721 816 2910 854 manus
2939 814 3001 852 ac
3035 801 3220 870 pedes,
3251 818 3355 856 non
3386 803 3620 858 hominis

2028 891 2276 961 ﬁguram,
2317 895 2409 944 sed
2448 891 2647 944 factum
2685 889 3011 959 simplicem,
3053 906 3118 944 ac
3148 903 3427 960 expertem
3469 909 3620 949 com-

2029 983 2351 1052 positionis,
2389 983 2660 1051 quomodo
2700 982 2934 1037 habch
2981 991 3109 1037 ante
3161 984 3613 1041 incarnationem.

2027 1075 2203 1144 Atque
2271 1085 2330 1128 ut
2376 1075 2550 1129 mellis
2612 1085 2704 1128 aut
2765 1075 2900 1128 aceti
2959 1087 3142 1144 gutta,
3204 1079 3374 1132 maris
3426 1079 3618 1148 pelago

2027 1167 2342 1229 commista,
2389 1176 2550 1234 atque
2598 1166 2650 1219 iu
2686 1181 2749 1220 eo
2783 1182 2978 1230 mersa,
3015 1183 3120 1221 non
3175 1170 3406 1238 amplius
3438 1171 3616 1224 oculis

2027 1267 2320 1337 conspicua
2387 1277 2493 1330 est,
2559 1278 2719 1321 autve
2785 1268 3037 1321 coosistit
3095 1286 3108 1321 :
3173 1269 3268 1331 ita,
3340 1269 3616 1339 inquiunt,

2026 1369 2079 1414 et
2127 1361 2270 1429 quod
2325 1360 2578 1414 Christus
2625 1362 2917 1428 assumpsit
2977 1377 3198 1430 corpus,
3237 1363 3518 1417 confusum
3554 1379 3617 1418 ac

2028 1467 2262 1505 mersum
2290 1451 2508 1504 deitatis
2539 1453 2749 1520 pelago,
2781 1451 2922 1505 haud
2960 1453 3220 1521 deinceps
3249 1455 3301 1506 in
3341 1457 3456 1523 ipso
3499 1471 3619 1509 cer-

2028 1543 2196 1607 nitur,
2235 1552 2328 1595 ant
2357 1542 2612 1597 cousiSIit
2649 1542 2960 1608 incolume;
2993 1561 3091 1598 nec
3139 1556 3320 1599 servat
3369 1557 3616 1601 naturam

2026 1649 2200 1697 suam,
2224 1643 2315 1687 aut
2336 1635 2720 1702 prolu'ictatem
2750 1635 2964 1689 retinet:
2987 1647 3148 1705 atque
3167 1639 3321 1704 adeo,
3346 1639 3614 1708 inquiunt,

2028 1739 2130 1776 non
2162 1725 2276 1776 dure
2310 1738 2433 1777 sunt
2484 1726 2532 1777 in
2569 1725 2784 1780 Christo
2815 1735 3022 1781 natum
3068 1729 3286 1783 deitatis
3316 1745 3379 1784 ac
3422 1731 3620 1784 huma-

2028 1817 2235 1877 nitatis,
2269 1818 2359 1870 sed
2398 1832 2498 1868 una
2527 1821 2818 1881 duntaxat,
2849 1827 2957 1872 tota
2986 1819 3221 1874 deitatis.
3246 1821 3424 1886 Quare
3452 1823 3619 1877 etiam

1977 1907 1997 1933 ’
2031 1907 2284 1961 Ecclesia:
2335 1908 2616 1974 catholica:
2663 1908 3008 1974 traditiones,
3056 1926 3121 1965 ac
3173 1912 3380 1966 Christi
3437 1928 3620 1967 sacra-

2029 2007 2372 2058 mentorum,
2406 2012 2500 2065 pro
2537 1996 2695 2050 unius
2741 1997 2886 2052 illius
2927 2007 3136 2053 natura:
3183 2001 3415 2065 ratione,
3453 2017 3618 2070 quam

2029 2089 2402 2156 blaspltetnatil
2435 2090 2486 2141 iu
2520 2088 2761 2155 Christo,
2813 2099 3110 2156 mutantes,
3147 2091 3397 2146 similiter
3450 2108 3622 2148 novas

2031 2180 2204 2234 moliti
2241 2192 2361 2233 sunt
2392 2196 2406 2244 ;
2445 2195 2507 2233 ac
2538 2191 3008 2235 sacramentorum
3053 2185 3514 2249 communionem,
3561 2185 3620 2238 id

2029 2287 2134 2340 est,
2168 2291 2322 2343 panis
2375 2275 2726 2339 sacrilicium,
2756 2276 2845 2345 qui
2879 2287 2962 2332 est
3007 2278 3210 2332 Christi
3262 2293 3414 2341 caro,
3445 2278 3620 2332 haud-

2028 2387 2300 2440 quaquam
2333 2371 2533 2424 Christi
2583 2369 2675 2423 [ὶιηί
2705 2386 2905 2439 corpus
2939 2370 3229 2439 appellant,
3258 2372 3333 2425 ttti
3361 2371 3619 2427 Christus

2032 2469 2146 2534 ipse
2180 2465 2338 2528 dixit,
2368 2467 2458 2519 sed
2503 2466 2757 2517 deitatem
2789 2480 2802 2516 :
2834 2465 3007 2533 iisque
3039 2464 3235 2518 falmlis
3269 2481 3332 2520 ac
3363 2465 3619 2536 blaspheo

2033 2558 2155 2611 tniis
2197 2557 2330 2619 nixi,
2381 2557 2510 2624 quin
2565 2557 2745 2624 potius
2801 2571 2899 2609 ceu
2951 2555 3311 2609 arundincum
3365 2556 3618 2611 baculum

2031 2649 2130 2702 sibi
2169 2648 2512 2712 adhibentes,
2555 2647 2815 2717 unigeniti
2860 2646 2980 2699 Filii
3025 2649 3118 2700 Dei
3150 2647 3617 2712 incarnatiOnem,

2031 2754 2191 2808 quam
2264 2749 2530 2808 quaterna
2588 2738 2879 2806 Erangclia
2933 2739 3266 2806 ostendunt,
3321 2754 3619 2809 omnesque

2033 2833 2260 2904 apostoli
2297 2848 2419 2887 cum
2449 2831 2670 2886 deiieris
2700 2831 2950 2886 Patrihus
2981 2834 3302 2902 praedicant,
3337 2833 3370 2886 ii
3398 2835 3620 2902 penitus

2035 2937 2234 2995 negant
2267 2935 2430 2994 atque
2465 2932 2740 2978 evertunt.

2111 3191 2198 3246 lli.
2242 3190 2506 3256 Quocirca
2560 3204 2684 3253 nos,
2732 3203 2838 3242 non
2875 3195 3130 3256 tanquam
3169 3187 3440 3257 corrigere
3487 3187 3618 3242 veli-

2037 3302 2189 3349 mus,
2251 3286 2323 3338 ita
2386 3283 2709 3349 scribimus;
2766 3297 2889 3335 nam
2951 3295 3050 3334 nec
3102 3281 3274 3350 angeli
3326 3282 3618 3336 emendare

2035 3381 2269 3448 possint.
2303 3377 2404 3443 Qui
2442 3376 2586 3430 enim
2619 3391 2717 3429 nec
2742 3375 2844 3444 ipsi
2885 3374 3106 3427 Christo
3138 3375 3226 3427 Dei
3276 3372 3410 3426 Filio
3438 3373 3620 3426 incar-

2037 3483 2185 3535 nato,
2239 3470 2466 3538 ejusque
2529 3468 2880 3535 evangelistis
2939 3481 3002 3520 ac
3056 3466 3317 3533 apostolis
3368 3467 3617 3531 credunt,

2036 3565 2219 3633 utique
2250 3578 2348 3615 nec
2394 3561 2488 3614 ulli
2530 3561 2620 3612 alii
2669 3569 2884 3612 terreno
2930 3559 3162 3622 doctori,
3206 3569 3368 3611 autve
3407 3557 3619 3611 ctelesti

2033 3656 2224 3726 angelo
2253 3655 2558 3715 credentes,
2593 3652 2751 3704 tidem
2779 3649 2888 3703 sint
2917 3650 3178 3712 habituri,
3210 3664 3273 3701 ac
3302 3650 3382 3703 eis
3413 3664 3620 3702 morem

2035 3747 2278 3818 gesturi:
2312 3747 2406 3798 sed
2441 3753 2496 3796 ut
2534 3756 2719 3796 eorum
2754 3741 3090 3809 impietatem
3140 3752 3205 3793 ac
3247 3739 3298 3791 in
3339 3738 3620 3792 Christum

2037 3839 2259 3892 hostiles
2303 3837 2535 3898 animos,
2591 3850 2656 3887 ex
2713 3833 2833 3900 ipso
2899 3832 3143 3894 Christo,
3194 3845 3258 3883 ac
3305 3829 3617 3898 Evangelia,

2036 3930 2261 3999 ejusque
2292 3927 2557 3997 aposmlis
2588 3934 2968 3994 coarguentes,
3017 3939 3154 3992 quos
3201 3923 3276 3977 illi
3321 3923 3387 3977 de
3432 3923 3622 3976 ortho-

2037 4025 2300 4077 doxornm
2334 4021 2533 4074 castris
2567 4019 2619 4072 in
2653 4032 2895 4072 errorem
2927 4016 3207 4085 impellere
3237 4031 3341 4070 non
3377 4025 3620 4080 cessant,

2038 4117 2107 4169 ab
2160 4128 2348 4168 eorum
2398 4113 2676 4181 impietate
2728 4107 3040 4162 liberemus.
3104 4105 3239 4161 Cum
3306 4107 3451 4161 enim
3520 4121 3624 4160 nec

2036 4210 2250 4265 Christo
2279 4209 2344 4261 de
2378 4222 2434 4261 se
2461 4205 2698 4275 loquenti
2739 4201 2986 4266 credant,
3029 4217 3127 4256 nec
3173 4199 3523 4270 evangelistis
3557 4213 3624 4254 ac

2038 4301 2298 4372 apostolis
2337 4300 2729 4368 obsequantur,
2765 4295 2856 4364 qui
2895 4309 3017 4349 eum
3063 4294 3223 4348 nobis
3261 4293 3490 4348 similem
3532 4292 3636 4347 in-'

2039 4405 2322 4447 carnatum
2359 4391 2689 4461 praedicant;
2719 4401 2819 4440 nec
2851 4385 3059 4440 sanctis
3089 4399 3153 4438 ac
3193 4384 3412 4439 tleiferis
3448 4383 3626 4438 Patri-

2040 4487 2140 4541 bus
2179 4487 2550 4554 acquiescant,
2582 4481 2670 4549 qui
2707 4479 2770 4532 iis
2806 4493 3064 4540 consone,
3101 4479 3400 4548 perfectum
3454 4476 3623 4529 Deum

356 4590 482 4639 οῦτε
506 4590 618 4648 τοῖς
648 4586 824 4653 ἁγίοις
851 4585 947 4638 καὶ
975 4584 1252 4653 θεοφόροις
1278 4584 1556 4655 Πατρὰσιν
1583 4586 1933 4654 ἀρέσκονται,

2046 4593 2108 4630 ac
2134 4578 2436 4646 perfectum
2471 4576 2763 4636 hominem,
2791 4572 2844 4624 in
2877 4570 3089 4624 duabus
3122 4568 3377 4638 perfectis
3413 4567 3626 4621 naturis

358 4682 469 4740 τοῖς
505 4676 810 4748 σσμφώνως
841 4676 1046 4729 τέλειον
1073 4676 1229 4740 Θεὸν,
1263 4676 1356 4728 καὶ
1390 4677 1594 4730 τέλειον
1627 4678 1937 4748 ἄνθρωπον,

358 4774 416 4824 ὲν
448 4771 542 4823 δύο
591 4771 826 4832 τελείαις
878 4770 1072 4838 φύσεσι
1120 4769 1210 4821 τὸν
1250 4770 1487 4839 Χριστὸν
1532 4769 1887 4838 ὁμολογοῦσιν
1921 4787 1936 4803 ·

359 4866 483 4919 οὔτε
530 4867 587 4919 δὲ
634 4868 754 4928 ταῖς
813 4865 968 4928 ἰδίαις
1017 4865 1222 4916 ἑαυτῶν
1282 4867 1686 4934 πανηγυρικαῖς
1735 4865 1941 4934 βίϐλοις

359 4959 698 5021 πιστεύουσι,
733 4956 826 5010 δύο
856 4955 1071 5025 φύσεις,
1103 4955 1197 5007 καὶ
1226 4954 1320 5007 δύο
1355 4957 1639 5024 ἐνεργείας
1667 4958 1759 5009 ἐπὶ
1803 4958 1938 5026 Χρι-

362 5052 491 5104 στοῦ
551 5050 957 5116 διδασκούσαις,
1012 5048 1195 5110 καθὼς
1252 5049 1516 5118 μυριάκις
1577 5049 1942 5119 ὑπεδείξαμεν

359 5146 545 5206 αὐτοῖς
579 5145 643 5196 ὲκ
667 5143 774 5195 τῶν
808 5142 958 5196 ἰδίων
997 5141 1176 5194 αὐτῶν
1218 5140 1459 5210 βιϐλίων,
1497 5143 1594 5194 καὶ
1626 5145 1691 5212 τῇ
1743 5143 1944 5212 Ἀρμεο

356 5237 486 5290 νίων
512 5235 774 5304 διαλέκτῳ
794 5233 1218 5303 γεγραμμένων,
1246 5232 1358 5294 πῷ,
1387 5234 1486 5285 οὐκ
1515 5233 1622 5285 εἰσὶ
1651 5233 1944 5303 προφανῶς

359 5329 741 5400 χριστομάχοι,
768 5328 878 5394 γκαί
924 5327 1240 5395 Μανιχαῖοι,
1291 5325 1420 5396 μίαν
1464 5327 1626 5396 φύσιν
1681 5328 1775 5381 καὶ
1817 5327 1945 5398 μίαν

360 5426 642 5493 ἐνέργειαν
673 5424 731 5474 ἐν
763 5420 984 5491 Χριστῷ
1015 5421 1464 5490 βλασφημοῦντες
1488 5422 1564 5492 (5)
1596 5420 1694 5493 τὴν
1724 5421 1942 5493 σάρκω-

357 5536 480 5582 σινὲ
528 5519 587 5570 Ei
617 5517 746 5587 γὰρ,
780 5517 915 5569 ἄλλα
957 5517 1054 5587 μὲν
1078 5516 1106 5567 ὁ
1134 5516 1370 5588 Χριστὸς
1403 5516 1646 5572 διδάσκει
1691 5517 1820 5588 περὶ
1849 5516 1942 5569 αῦ-

347 5612 476 5670 τοῦ,
514 5610 606 5661 καὶ
635 5611 684 5661 οἰ
735 5605 1148 5674 εὐαγγελισταὶ,
1199 5607 1292 5659 καὶ
1321 5608 1370 5658 oi.
1412 5605 1720 5667 ἀπόστολοι,
1768 5604 1862 5657 καὶ
1892 5605 1940 5656 οί

356 5707 506 5767 ἅγιοι
539 5703 778 5773 Πατέρες
798 5715 811 5729 ⁸
844 5694 999 5752 οῦτοι
1025 5698 1082 5753 δὲ
1120 5698 1288 5771 ἕτερα
1316 5698 1536 5756 ἐναντία
1569 5697 1666 5753 τοῦ
1696 5696 1953 5770 Χριστοῦ.

433 5831 508 5898 (*2)
552 5827 693 5900 Lege
727 5829 755 5883 ὃ
785 5829 1041 5898 Χριστός.

433 5904 509 5970 (ὃ)
558 5907 711 5956 Deest
743 5903 899 5971 μετὰ.

2042 4669 2316 4723 Christum
2371 4668 2732 4722 conﬁtentur:
2781 4678 2845 4717 ac
2893 4677 2992 4716 nec
3040 4661 3273 4730 prepriis
3309 4674 3495 4713 eorum
3543 4659 3624 4729 (ι)

2041 4763 2250 4817 festivis
2279 4760 2430 4814 libris
2466 4760 2699 4812 habeant
2728 4757 2907 4819 iidem,
2963 4753 3156 4823 quibus
3201 4752 3334 4804 duas
3375 4760 3624 4815 naturas,

2043 4871 2108 4909 ac
2152 4854 2284 4906 duas
2331 4854 2672 4920 operatioaes
2722 4849 2774 4900 in
2833 4846 3051 4900 Christo
3102 4842 3385 4903 docentur,
3421 4842 3498 4894 uti
3549 4857 3623 4896 ex

2047 4949 2236 5004 iisdem
2277 4947 2410 5018 ipsis
2437 4943 2590 4999 libris
2621 4943 2801 5011 lingua
2836 4937 3123 4992 Armenica
3155 4935 3395 5005 scriptis,
3427 4934 3627 4988 millies

2043 5042 2148 5096 illis
2195 5039 2577 5110 probavimus;
2628 5036 2900 5104 quomodo
2933 5047 3042 5086 non
3088 5029 3376 5099 perspicue
3418 5027 3625 5082 Christi

2044 5137 2227 5189 hostes
2251 5142 2377 5186 sunt
2405 5146 2465 5184 ac
2497 5126 2801 5188 Manichzei,
2835 5124 2926 5192 qui
2961 5137 3120 5175 unam
3152 5129 3406 5174 naturam
3440 5131 3626 5171 unam-

2042 5244 2149 5298 que
2203 5227 2576 5296 operationem
2632 5221 2682 5274 iu
2749 5218 2964 5272 Christo
3015 5224 3136 5286 post
3193 5211 3625 5280 incarnationem

2045 5318 2467 5391 blasphement?
2522 5314 2801 5384 Siquidem
2855 5311 3043 5376 enim,
3096 5308 3346 5364 Christus
3404 5303 3626 5375 quidem

2047 5419 2163 5486 ipse
2215 5416 2319 5468 alia
2373 5414 2440 5466 de
2489 5411 2692 5480 seipse,
2744 5423 2808 5462 ac
2860 5404 3204 5472 evangelista:
3256 5415 3320 5454 ac
3371 5395 3624 5467 apostoli,

2048 5509 2331 5578 sanctique
2368 5503 2555 5559 Patres
2589 5507 2821 5566 docent;
2853 5500 3104 5554 hiantem
3133 5493 3261 5556 alia,
3301 5491 3539 5552 Christo,
3572 5497 3628 5542 et

2049 5601 2397 5673 evangelistis
2467 5613 2532 5652 ac
2601 5594 2862 5666 apostolis
2928 5588 3202 5645 contraria
3235 5586 3537 5655 loquuntur
3563 5595 3627 5635 ac

2051 5695 2371 5764 praedicant,
2405 5706 2524 5762 qua:
2548 5703 2722 5759 neque
2748 5684 3025 5746 Christus,
3058 5693 3233 5749 neque
3255 5673 3624 5746 evangelistae,

2112 5823 2189 5897 (4)
2235 5823 2443 5890 Potius,
2476 5822 2719 5879 omnium
2747 5815 3003 5874 manibus
3037 5812 3201 5869 tritis.
