4088 6416
466 368 602 436 1159
1536 368 1785 430 ISAACI
1830 368 2035 428 ARME

2142 366 2204 426 ΒΕ
2240 367 2653 430 CATHOLICI
3589 370 3731 435 1160

461 501 637 559 neque
664 485 894 555 apostoli
921 485 1207 547 dixerunt;
1236 483 1363 555 quid
1384 482 1528 538 aliud
1548 483 1863 548 ostendunt,
1886 498 2035 550 quan

2155 481 2252 538 καὶ
2285 484 2395 536 τῶν
2434 483 2843 552 εὑαγγελιστῶν
2887 484 2984 538 καὶ
3031 484 3349 539 ἀποστόλων
3388 483 3612 554 λέγουσι
3640 486 3734 540 καὶ

457 593 518 632 se
547 577 749 648 liquido
782 577 1055 632 Christum
1091 591 1310 645 negare,
1345 590 1408 631 ac
1450 574 1819 643 Evangelium,
1868 574 2035 630 tacto-

2150 573 2507 645 κηρὺττουσι,
2534 577 2677 646 ἅπερ
2705 574 2829 631 οὔτε
2860 578 2888 631 ὁ
2916 577 3173 650 Χριστὸς,
3204 576 3330 631 οὔτε
3360 579 3410 632 oi
3443 580 3735 648 εὐαγγελιο

458 684 595 739 sque
639 668 1005 737 apostolorum
1059 669 1270 734 hostes,
1316 683 1383 722 ac
1432 677 1740 722 sanctorum
1777 665 2035 720 Patruini

2156 667 2282 721 σταὶ
2311 670 2404 721 καὶ
2439 669 2489 722 ei
2519 668 2809 723 ἀπόστολοι
2837 671 3094 740 εἰρήκασι
3122 685 3135 695 ·
3164 671 3219 723 τί
3239 670 3429 740 ἕτερον
3458 671 3739 726 δεικνύου-

460 783 567 828 σιν,
612 765 645 835 ἦ
693 767 775 819 ὅτι
820 764 1115 835 προφανῶς
1151 765 1385 837 ἀρνηται
1423 764 1520 818 τοῦ
1567 763 1807 836 Χριστοῦ
1867 763 1963 816 καὶ
2026 763 2122 817 τοῦ
2157 763 2515 835 Εὑαγγελίου,
2582 766 2770 837 ἐχθροί⁷
2819 766 2876 821 δὲ
2921 766 3032 822 τῶν
3083 766 3425 833 ἀποστόλων,
3478 767 3573 820 καὶ
3619 765 3736 820 τῶν

458 857 633 925 ἁγίων
665 858 915 928 πολέμιοι
941 857 1233 926 γεγόνασιν
1255 874 1271 924 ;

530 953 617 1008 IV.
661 951 852 1004 Dicant.
898 951 1079 1017 itaque
1112 951 1267 1006 nobis
1312 949 1534 1019 pessimi
1577 947 1815 1005 haeretici
1846 948 2041 1001 Arme—

455 1046 559 1107 nii,
612 1042 881 1098 tenebrosi
944 1041 1017 1094 illi
1076 1041 1221 1095 circa
1274 1041 1478 1100 lumen.
1532 1055 1659 1109 erga
1711 1038 2039 1108 sapientiam

459 1137 784 1199 insolentes,
830 1149 928 1202 pro
967 1133 1164 1203 quibus
1200 1132 1452 1188 Christus
1509 1132 1680 1200 gratis
1725 1131 2041 1185 incarnatus

457 1235 559 1291 est,
592 1228 798 1296 ingrata
832 1235 1035 1286 creata,
1065 1225 1187 1278 ntali
1217 1225 1503 1295 ﬁgmenta:
1538 1225 1815 1288 nndc,'aut
1846 1222 2043 1290 quibus

455 1334 524 1371 ex
556 1302 905 1385 cvattgclislis
952 1331 1016 1371 ac
1050 1316 1333 1384 apostolis,
1362 1314 1442 1368 vel
1495 1314 1719 1367 deiferis
1771 1312 2040 1374 Patribns,

462 1410 739 1465 it.Vt:ltl;tttt
801 1411 940 1463 hanc
1009 1408 1376 1476 negationem,
1430 1416 1489 1460 ut
1537 1405 1812 1468 Christus,
1869 1415 2044 1472 neque

456 1517 677 1556 carnem
739 1501 964 1565 haheat,
1027 1512 1204 1567 neque
1269 1512 1434 1563 ossa,
1499 1511 1678 1566 neque
1747 1496 2040 1549 humanam

457 1601 736 1655 naturam,
797 1604 973 1659 neque
1026 1589 1380 1653 voluntatem,
1423 1603 1602 1658 neque
1646 1586 2041 1654 operationem,

457 1683 756 1750 praedicent
790 1698 804 1736 :
833 1696 932 1736 nec
971 1679 1141 1735 solam
1187 1679 1515 1747 simplicem,
1550 1694 1614 1731 ac
1644 1679 1789 1732 omni
1844 1676 2039 1729 nudam

459 1754 851 1842 compositione
895 1774 1155 1827 deitatem
1180 1809 1195 1835 ,
1224 1786 1493 1839 unamque
1530 1780 1780 1823 naturam
1817 1787 1879 1825 ac
1911 1787 2041 1839 ope-

455 1866 749 1927 rationem,
782 1864 857 1917 uti
887 1862 1050 1918 etiam
1091 1871 1218 1916 ante
1249 1863 1703 1926 incarnationem,
1738 1862 1790 1915 in
1827 1864 2043 1917 Christo

455 1956 834 2025 praedicantes,
901 1953 1208 2009 horreant?
1261 1952 1300 2007 li
1353 1954 1635 2009 enimvero
1696 1955 2038 2024 itnpiclnlttm

459 2049 895 2118 redargutionem
954 2047 1233 2110 timentes,
1301 2046 1558 2101 simulate
1640 2048 1974 2116 respondent
2023 2065 2037 2102 :

453 2140 534 2195 Ita
563 2156 715 2204 vero,
749 2140 1026 2195 Christum
1059 2141 1224 2194 Deum
1258 2155 1322 2193 ac
1369 2140 1642 2194 hominem
1674 2141 1923 2194 dicimus.
1961 2139 2041 2193 Ad

453 2248 593 2303 quos
616 2233 905 2287 dicendum
933 2249 946 2285 :
980 2231 1126 2286 Bene
1150 2233 1216 2287 de
1253 2234 1406 2288 vobis
1431 2234 1651 2302 scripsit
1687 2247 1914 2302 magnus
1955 2233 2042 2286 ille

457 2325 755 2401 Gregorius
817 2322 1162 2393 Theologus:
1201 2342 1221 2376 ι
1283 2323 1401 2378 Νοη
1463 2324 1683 2380 invenio
1736 2324 2038 2392 simplicem

455 2416 832 2469 Armeniorum
886 2417 1202 2483 nationem;
1234 2417 1325 2470 sed
1365 2416 1518 2471 valde
1555 2424 1751 2469 tectam
1783 2430 1846 2469 ac
1887 2414 2041 2468 dolo-

455 2523 572 2562 3am
600 2507 701 2577 (5).
737 2525 756 2558 ο
782 2505 896 2561 lloc
919 2518 1025 2571 est,
1062 2522 1166 2562 non
1206 2517 1383 2565 rectos
1406 2525 1468 2563 ac
1493 2520 1729 2579 apertos,
1762 2510 1858 2564 sed
1883 2509 2040 2564 valde

458 2599 725 2669 malignos
759 2614 823 2654 ac
871 2600 1136 2654 occultos.
1171 2598 1453 2668 Siquidem
1505 2601 1651 2656 enim
1711 2602 1762 2655 in
1800 2602 2038 2667 Christo,

454 2708 634 2763 neque
663 2707 884 2747 carnem
941 2709 1006 2748 ac
1035 2708 1161 2748 ossa
1196 2694 1553 2759 conﬁtemini,
1587 2710 1764 2764 neque
1806 2694 2041 2749 hominis

456 2797 735 2851 naturam,
782 2799 961 2855 neque
1006 2786 1400 2854 operationem,
1444 2801 1546 2841 nec
1595 2787 1738 2842 servi
1789 2785 2038 2853 formam,

458 2892 560 2931 nec
613 2890 811 2944 corpus
870 2875 1149 2945 possibile,
1200 2891 1265 2931 ac
1329 2877 1582 2939 mortale,
1632 2876 2038 2945 ohnoxiquue

459 2968 823 3037 corruptioni,
851 2982 913 3020 ac
941 2966 1185 3038 ejusdem
1234 2967 1512 3023 nobiscum
1546 2969 1895 3036 substantiae;
1942 2970 2036 3026 sed

2220 949 2296 1004 A'.
2339 950 2668 1004 Είπάτωσαν
2694 945 2788 1004 οὖν
2824 951 2957 1021 ἡμῖν
2998 950 3050 1004 oi
3077 952 3433 1022 παμπόνηροι
3464 951 3735 1024 αἱρετικοὶ
3819 1022 3826 1027 ,

2158 1041 2437 1112 Ἀρμένιοι
2471 1059 2484 1073 ·
2526 1044 2575 1096 οί
2618 1043 2884 1096 σκοτεινοὶ⁵
2925 1043 3054 1112 περὶ
3100 1043 3162 1097 τὸ
3197 1043 3315 1112 φῶς
3338 1059 3357 1076 ο
3388 1045 3437 1097 οἱ
3472 1044 3601 1116 περὶ
3632 1045 3735 1117 τὴν

2146 1133 2342 1202 σοφίαν
2380 1133 2701 1188 ἀπαίδευτοι
2724 1151 2737 1165 ·
2769 1133 2911 1205 ὑπὲρ
2937 1128 3012 1189 ὧν
3045 1135 3282 1207 Χριστὸς
3318 1135 3528 1207 δωρεάν
3564 1138 3737 1208 ἐσαρ-

2146 1224 2300 1295 κὼθη
2329 1242 2345 1257 ο
2388 1226 2458 1281 τὰ
2514 1226 2790 1297 ἀχάριστα
2841 1228 3119 1293 κτίσματα
3149 1244 3165 1259 ·
3214 1228 3284 1281 τὰ
3342 1229 3437 1282 τοῦ
3490 1229 3733 1301 πονηροῦ

2147 1315 2486 1386 πλάσματα·
2529 1317 2716 1383 πόθεν,
2755 1317 2787 1389 ῆ
2840 1319 2905 1370 ἐκ
2959 1318 3130 1372 ποίων
3185 1319 3593 1388 εὑαγγελιστῶν
3637 1322 3735 1373 καὶ

2147 1408 2487 1470 ἀποστόλων,
2522 1408 2555 1479 ἦ
2592 1409 2870 1481 θεοφόρων
2910 1410 3174 1480 Πατέρων
3223 1411 3430 1484 ταύτην
3476 1413 3735 1483 εὑρόντες

2145 1499 2243 1571 τὴν
2268 1500 2522 1573 ἄρνησιν,
2565 1503 2703 1572 μήτε
2732 1503 2912 1574 σάρκα
2937 1504 3031 1557 καὶ
3062 1503 3220 1568 ὀστᾶ,
3257 1505 3396 1574 μήτε
3445 1504 3610 1574 φύσιν
3634 1506 3737 1581 ’ἀν-

2151 1589 2450 1661 θρωπίνην,
2490 1593 2630 1663 μήτε
2672 1592 2915 1663 θέλησιν,
2953 1595 3091 1664 μήτε
3135 1595 3424 1667 ἐνέργειαν
3464 1595 3610 1666 ἔχειν
3641 1596 3734 1650 τόν

2150 1679 2388 1749 Χριστὸν
2434 1682 2770 1753 κηρύττουσι
2796 1699 2810 1713 ³
2856 1685 3087 1754 θεότητα
3120 1686 3174 1740 δὲ
3212 1687 3382 1757 μόνην
3422 1689 3600 1758 ἁπλῆν
3634 1690 3733 1743 καὶ

2146 1767 2461 1834 ἀσύνθετον,
2488 1773 2580 1822 καὶ
2610 1773 2738 1839 μίαν
2768 1772 2932 1838 φύσιν
2955 1773 3048 1824 καὶ
3078 1774 3379 1843 ἐνέργειαν,
3401 1774 3475 1837 ὡς
3494 1773 3589 1827 καὶ
3624 1775 3731 1845 πρὸ

2143 1861 2243 1928 τῆς
2270 1864 2601 1931 σαρκώσεως
2628 1866 2684 1916 ὲν
2715 1863 2936 1933 Χριστῷ
2966 1862 3351 1934 κηρύττοντες,
3385 1866 3444 1917 οὐ
3473 1868 3733 1934 φρίττου-

2145 1970 2266 2019 σιν;
2307 1955 2368 2008 Ol
2399 1954 2455 2008 δὲ
2488 1954 2581 2007 τὸν
2623 1955 2843 2026 ἔλεγχον
2893 1955 3003 2009 τῶν
3058 1954 3323 2011 ἀσεϐειῶν
3360 1954 3729 2027 ὑφορώμενί,

2143 2049 2203 2102 ὲν
2234 2047 2523 2118 ὑποκρίσει
2556 2050 2987 2120 ἀποκρίνονται·
3029 2050 3162 2117 Ναὶ,
3224 2051 3409 2120 φασὶν,
3455 2052 3590 2106 eam
3631 2055 3731 2107 καὶ

2142 2138 2432 2211 ἄνθρωπον
2473 2140 2708 2211 λέγομεν
2737 2142 2827 2194 τὸν
2872 2142 3128 2210 Χριστόν.
3174 2142 3318 2213 Πρὸς
3353 2142 3449 2207 οὓς
3491 2145 3727 2215 ρητέονο

2142 2228 2226 2282 ὅτι
2275 2230 2456 2295 καλῶς
2487 2230 2697 2300 ἔγραψε
2751 2232 2882 2303 περὶ
2914 2232 3069 2302 ὑμῶν
3100 2235 3128 2287 ὀ
3163 2235 3334 2304 μέγας
3365 2235 3667 2306 Γρηγόριος
3698 2237 3729 2288 ὀ

2141 2319 2407 2389 Θεολόγος
2432 2337 2448 2354 ο
2481 2340 2500 2374 ι
2535 2323 2648 2393 Οὑχ
2687 2321 2894 2377 ἁπλοῦν
2919 2325 3077 2393 γένος
3112 2324 3350 2396 εὑρίσκω
3374 2326 3484 2379 τῶν
3522 2327 3729 2399 Ἀρμε-

2141 2415 2272 2468 νίων
2292 2431 2307 2445 ·
2333 2415 2467 2468 ἀλλὰ
2486 2415 2608 2469 λίαν
2629 2417 2873 2487 κρυπτόν
2903 2434 2963 2470 τε
2987 2417 3082 2470 καὶ
3107 2417 3310 2488 ὕφαλον
3339 2435 3352 2448 ’
3380 2439 3399 2471 ι
3421 2422 3724 2489 τουτέστιν,

2141 2506 2243 2557 οὑκ
2282 2504 2476 2577 ὀρθοὺς
2508 2506 2604 2560 καὶ
2638 2510 2929 2576 φανεροὺς,
2979 2508 3115 2562 ἀλλά
3159 2510 3255 2563 καὶ
3295 2511 3503 2581 σφόδρα
3549 2527 3725 2582 πονη-

2143 2599 2271 2670 ρους
2306 2598 2400 2652 καὶ
2430 2599 2719 2669 κρυφίους.
2756 2600 2817 2655 Εἰ
2842 2601 2953 2672 γὰρ
2983 2603 3118 2673 μήτε
3146 2602 3332 2674 σάρκα
3376 2607 3471 2656 και
3506 2605 3639 2658 ὀστᾶ
3663 2608 3723 2658 ἐν

2140 2688 2366 2762 Χριστῷ
2410 2690 2727 2763 ὁμολογεῖτε
2760 2707 2774 2722 ·
2815 2692 2955 2762 μήτε
3004 2693 3167 2760 φύσιν
3210 2692 3526 2764 ἀνθρώπου,
3581 2695 3722 2765 μήτε

2141 2780 2448 2851 ἐνέργειαν,
2482 2783 2623 2853 μήτε
2660 2781 2849 2834 δούλου
2887 2781 3124 2855 μορφὴν,
3169 2785 3306 2855 μήτε
3353 2785 3511 2854 σῶμα
3544 2785 3726 2855 παθη-

2140 2874 2253 2938 τὶν,
2289 2873 2382 2927 καὶ
2414 2873 2631 2944 θνητὸν,
2669 2874 2762 2927 καὶ
2796 2873 3060 2942 φθαρτὸν,
3088 2878 3183 2929 καὶ
3217 2877 3352 2946 ἡμῖν
3384 2875 3673 2946 ὀμοοὺσιον
3704 2893 3722 2908 °

2140 2966 2279 3019 ἀλλά
2311 2966 2442 3036 μίαν
2479 2966 2668 3035 φύσιν,
2701 2964 2831 3035 ὃλην
2867 2965 3119 3038 θεότητα,
3148 2968 3327 3039 ἀπλῆν
3355 2969 3451 3022 καὶ
3490 2968 3725 3023 ἀσύνθε-

458 3069 708 3113 naturam
765 3073 952 3123 unam,
1010 3064 1178 3113 totam
1239 3058 1518 3125 deitatem,
1579 3061 1906 3130 simplicem,
1973 3077 2035 3116 ac

2142 3074 2272 3112 τον·
2314 3057 2432 3122 πῶς
2481 3057 2614 3111 Θεὸν
2666 3058 2761 3110 κα)⁸
2810 3057 3103 3129 ἄνθρωπον
3143 3060 3201 3112 ὲν
3248 3060 3536 3131 ὑποκρίσει
3584 3062 3723 3132 πρὸς

455 3157 732 3219 expertem
765 3146 1175 3219 compositionis
1219 3167 1238 3207 :
1283 3151 1377 3220 qui
1420 3165 1515 3206 vos
1548 3150 1733 3220 ,Dcum
1766 3166 1830 3206 ac
1865 3152 2040 3207 homi-

458 3255 586 3296 nem
631 3241 902 3308 simulate,
940 3244 1006 3296 ad
1044 3241 1322 3296 auditores
1352 3242 1722 3310 decipiendos,
1761 3242 2037 3299 Christum

456 3333 640 3393 dicere
669 3348 775 3387 non
812 3334 1013 3402 pudet?
1061 3333 1191 3399 Quis
1220 3343 1523 3403 quantusve
1571 3335 1734 3390 homo
1766 3335 2036 3403 Christus,

455 3425 550 3494 qui
578 3441 679 3479 nec
697 3440 939 3489 carnem,
964 3440 1062 3480 nec
1089 3440 1233 3491 ossa,
1255 3441 1354 3479 nec
1377 3424 1519 3479 servi
1551 3425 1749 3479 habeat
1779 3425 2033 3494 formant;

457 3533 560 3574 nec
587 3525 838 3573 naturam
885 3517 1144 3583 hominis,
1180 3532 1282 3571 nec
1311 3516 1662 3583 voluntatem,
1698 3532 1796 3571 nec
1837 3532 2036 3588 opera-

455 3610 684 3676 tionem,
720 3623 818 3665 nec
847 3618 1031 3678 caput,
1064 3625 1165 3664 nec
1198 3625 1408 3671 manus,
1452 3622 1548 3662 nec
1581 3607 1962 3678 pedes‘lQuod
1990 3608 2035 3664 si

454 3704 636 3757 omnia
667 3704 781 3757 haec
806 3703 1082 3758 Christum
1130 3702 1331 3758 habere
1364 3700 1629 3768 fatemini,
1662 3710 1827 3771 atque
1857 3701 1909 3755 id
1941 3715 2034 3755 ve-

455 3794 638 3859 ritate,
692 3809 800 3849 non
852 3795 1213 3866 apparentia,
1266 3796 1538 3865 quomodo
1584 3809 1691 3849 non
1751 3794 2034 3863 perspicue

455 3886 593 3946 duas
631 3887 795 3943 habet
833 3899 1080 3953 naturas,
1117 3888 1356 3942 divinam
1403 3899 1567 3957 atque
1616 3888 1944 3953 humanam,
1975 3895 2035 3942 ut

454 3979 620 4032 etiam
659 3981 767 4033 duo
794 3979 1039 4043 nomina,
1070 3977 1164 4037 Dei
1212 3978 1469 4033 nimirum
1514 3992 1579 4032 ac
1609 3977 1846 4032 hominis
1888 3975 2032 4032 obti-

456 4071 584 4126 net?
615 4070 952 4142 Quapropter
981 4072 1176 4141 liquet,
1207 4086 1331 4125 cum
1385 4086 1493 4125 non
1546 4071 1683 4125 duas
1724 4079 1947 4125 naturas
1975 4070 2028 4124 in

456 4161 677 4233 Christo
703 4164 1006 4231 fateamini,
1030 4163 1196 4218 Deum
1228 4178 1324 4217 vos
1355 4178 1419 4218 ac
1447 4163 1718 4218 hominem
1748 4162 2030 4219 Christum

458 4254 641 4309 dicere
676 4270 773 4323 per
802 4255 1230 4319 simulationem,
1262 4263 1320 4307 ut
1354 4254 1633 4307 auditores
1663 4253 1971 4323 decipiatis.

535 4342 596 4398 V.
632 4342 910 4413 Siquidem
951 4358 1081 4411 ergo
1130 4342 1331 4398 Christi
1359 4357 1489 4396 caro
1530 4342 1804 4396 demutata
1857 4353 1943 4397 est
1973 4343 2027 4396 in

2144 3150 2366 3219 ἀπάτην
2406 3150 2516 3205 τῶν
2546 3150 2855 3205 ἀκουόντων
2896 3149 3173 3220 λέγοντες,
3220 3153 3321 3206 οὑκ
3360 3153 3718 3225 αἰσχύνεσθξ;

2142 3244 2394 3310 Ποταπός
2416 3244 2704 3318 ἄνθρωπός
2732 3246 2881 3299 ἐστιν
2910 3246 2938 3297 ὀ
2967 3246 3225 3316 Χριστος,
3261 3245 3337 3318 μὴ
3369 3246 3507 3316 ἔχων
3536 3246 3719 3318 σάρκα

2141 3337 2234 3389 καὶ
2275 3336 2411 3389 ὀστᾶ
2442 3338 2537 3390 καὶ
2577 3336 2792 3406 μορφὴν
2825 3334 3043 3401 δούλου,
3087 3337 3182 3389 καὶ
3220 3335 3382 3405 φύσιν
3405 3337 3719 3408 ἀνθρώπου,

2140 3429 2236 3484 καὶ
2259 3428 2502 3500 θέλησιν,
2525 3430 2619 3482 καὶ
2650 3428 2954 3500 ἐνέργειαν,
2988 3430 3081 3484 καὶ
3107 3430 3368 3502 κεφαλὴν,
3389 3431 3484 3484 καὶ
3504 3433 3721 3502 χεῖρας,

2139 3522 2236 3576 καὶ
2266 3521 2465 3587 πόδας;
2499 3518 2567 3573 Ei
2604 3520 2660 3574 δὲ
2684 3520 2862 3574 ταῦτα
2896 3520 3074 3575 πάντα
3104 3521 3419 3592 ὁμολογεῖτε
3447 3522 3593 3593 ἔχειν
3624 3521 3723 3577 τὸν

2138 3611 2377 3687 Χριστὸν
2406 3614 2465 3667 ὲν
2492 3613 2747 3684 ἀληθείᾳ,
2780 3611 2873 3666 καὶ
2916 3614 2977 3666 οὑ
3008 3613 3229 3684 δοκήσει
3258 3630 3272 3646 ⁸
3310 3615 3430 3678 πῶς
3462 3616 3564 3668 οὑκ
3601 3613 3721 3684 ἔχει

2137 3706 2438 3777 προφανῶς
2480 3705 2573 3759 δύο
2616 3705 2808 3773 φύσεις
2841 3705 2870 3757 ὀ
2903 3706 3140 3776 Χριστός
3163 3721 3180 3739 ⁸
3211 3706 3447 3773 θεότητα
3491 3708 3587 3761 καὶ
3621 3708 3721 3759 ἀν·-

2138 3796 2486 3868 θρωπότητα,
2523 3795 2713 3867 ὥσπερ
2743 3795 2858 3866 ἔχει
2888 3795 2984 3850 δύο
3011 3797 3274 3868 ὀνόματα,
3310 3796 3445 3852 Θεοῦ
3486 3798 3582 3852 καὶ
3618 3799 3717 3853 ἀν-

2138 3888 2361 3960 θρώπου
2387 3907 2402 3957 ;
2433 3889 2600 3943 Ὅθεν
2644 3887 2916 3959 πρόδηλον
2950 3889 3032 3943 ὅτι
3067 3889 3162 3944 δύο
3188 3890 3382 3961 φύσεις
3407 3891 3466 3946 ὲν
3491 3891 3717 3963 Χριστῷ

2139 3982 2216 4053 μὴ
2237 3980 2654 4051 ὁμολογοῦντες,
2679 3981 2814 4036 Θεὸν
2837 3982 2933 4035 καὶ
2958 3981 3247 4054 ἄνθρωπον
3273 3984 3365 4037 τὸν
3397 3983 3635 4054 Χριστὸν
3655 3988 3716 4039 ὲν

2136 4072 2427 4144 ὑποκρίσει
2454 4071 2592 4145 πρὸς
2615 4072 2832 4144 ἀπάτην
2853 4073 2960 4127 τῶν
2988 4075 3296 4130 ἀκουόντων
3334 4075 3542 4146 λέγετε.

2205 4339 2282 4393 E'.
2326 4338 2388 4392 Εἰ
2428 4336 2522 4396 οὑν
2557 4339 2693 4411 σάρξ
2719 4339 2815 4393 τοῦ
2859 4341 3099 4410 Χριστοῦ
3140 4343 3222 4407 είς
3260 4342 3423 4413 φύσιν
3457 4343 3716 4416 θεότητος

457 4436 676 4492 deitatis
707 4446 977 4503 naturam,
1012 4452 1076 4490 ac
1102 4434 1342 4503 ejusdem
1377 4449 1500 4490 cum
1533 4434 1735 4489 deitate
1776 4436 2029 4490 substan-

2140 4430 2328 4499 ἐτάθη,
2377 4430 2473 4483 καὶ
2523 4432 2808 4501 ὀμοούσιος
2854 4434 2921 4503 τῇ
2962 4431 3179 4502 θεότητι
3222 4436 3437 4502 γέγονε,
3472 4436 3567 4489 καὶ
3612 4438 3714 4506 μία

455 4528 545 4582 tia:
588 4527 779 4583 euecta
806 4537 910 4592 est,
952 4538 1143 4597 estque
1174 4542 1281 4582 una
1311 4527 1487 4581 deitas
1524 4525 1727 4591 Patris,
1760 4541 1824 4580 ac
1849 4526 2029 4582 carnis

455 4620 682 4687 Christi,
704 4624 851 4677 sicut
884 4622 1123 4676 haretici
1157 4622 1372 4685 docent,
1401 4634 1464 4673 ac
1491 4618 1695 4673 idcirco
1732 4634 1833 4671 una
1869 4626 1952 4672 est
1977 4619 2029 4672 in

454 4713 671 4768 Christo
708 4722 927 4780 natura,
960 4721 1069 4767 tota
1097 4710 1306 4772 deitas;
1348 4711 1536 4778 utique
1584 4707 1786 4763 Christi
1816 4722 2031 4777 quoque

453 4819 583 4861 caro
608 4805 754 4861 omni
788 4815 1028 4874 tempore
1053 4820 1117 4859 ac
1147 4803 1266 4859 loco
1298 4814 1416 4857 erat
1447 4817 1478 4855 a
1504 4799 1664 4857 Patre
1693 4801 2029 4869 inseparabi-

455 4901 544 4964 lis,
564 4903 639 4955 uti
666 4909 721 4956 et
748 4900 950 4956 Christi
980 4900 1174 4955 deitas.
1201 4898 1479 4970 Siquidem
1498 4911 1629 4967 ergo
1648 4894 1849 4951 Christi
1876 4909 2025 4959 caro,

454 5001 649 5046 natura
706 4992 924 5046 deitatis
971 4988 1184 5052 ,el‘fecta
1241 4997 1361 5052 est,
1423 4985 1696 5057 quomodo
1750 4983 2029 5038 Passionis

455 5093 696 5152 tempore
721 5081 837 5152 ejus
864 5096 992 5137 caro
1021 5098 1128 5137 non
1163 5090 1278 5134 erat
1308 5080 1361 5133 in
1395 5079 1551 5135 cmlis
1596 5075 1968 5144 inseparabilis
1998 5089 2026 5128 a

454 5173 633 5239 Patre,
676 5172 837 5242 inque
891 5170 1103 5227 inferno
1152 5188 1273 5226 cum
1326 5170 1441 5237 ejus
1476 5170 1679 5234 anima,
1717 5179 1877 5238 atque
1905 5183 2028 5221 cum

452 5266 660 5320 latrone
694 5264 747 5317 in
784 5264 1056 5334 paradiso,
1094 5263 1240 5317 nullo
1281 5265 1562 5332 utriusque
1587 5259 1687 5314 loci
1728 5257 1937 5315 defectu
1968 5272 2031 5311 ac

453 5355 836 5427 inseparabilis
871 5356 1162 5420 exsistens,
1193 5354 1271 5409 uti
1298 5364 1352 5409 et
1397 5354 1569 5410 deitas
1610 5350 1753 5405 fuit?
1786 5351 1879 5406 sed
1909 5351 2029 5420 ejus

452 5462 650 5517 corpus
697 5448 749 5502 in
783 5447 1031 5517 sepulcro
1075 5455 1344 5499 mortuum
1390 5443 1627 5512 iacebat,
1669 5458 1732 5497 ac
1767 5440 2026 5507 inanime,

452 5535 867 5607 immotumque,
913 5553 976 5591 ac
1033 5535 1523 5605 circumscriptum,
1564 5533 1779 5588 tametsi
1826 5530 2027 5586 Christi

394 5648 403 5653 ι
453 5629 626 5683 deitas
661 5631 728 5685 ab
755 5646 821 5685 eo
868 5628 1244 5699 inseparabilis
1271 5636 1409 5683 erat.
1444 5628 1576 5681 Dum
1609 5625 1753 5679 enim
1789 5623 2029 5679 haeretici

451 5716 695 5771 Armenii
730 5721 963 5786 probare
996 5721 1222 5789 possint,
1252 5719 1652 5775 sanctissimum
1694 5715 1895 5772 Christi
1933 5716 2024 5773 Dci

527 5812 604 5882 (5)
645 5810 808 5883 Οτι-ε.
854 5826 998 5869 orat.
1037 5815 1128 5869 20.

2134 4522 2327 4592 θεότης
2350 4522 2466 4576 ἐστὶ
2481 4522 2577 4576 τοῦ
2607 4524 2823 4594 Πατρδς
2853 4526 2947 4578 καὶ
2966 4526 3065 4595 τῆς
3094 4527 3297 4596 σαρκὸς
3325 4528 3420 4581 τοῦ
3447 4530 3712 4599 Χριστοῦ,

2129 4615 2205 4679 ὡς
2233 4617 2282 4668 oi
2308 4615 2577 4685 aips'rtxo‘t
2599 4614 3005 4684 δογματίζουσι,
3035 4616 3125 4669 καὶ
3144 4617 3232 4670 διὰ
3252 4618 3411 4671 τοῦτο
3428 4621 3527 4689 μία
3548 4620 3716 4690 φύσις

2130 4709 2189 4761 ὲν
2235 4706 2456 4778 Χριστῷ
2515 4706 2611 4776 ὅλη
2653 4706 2846 4776 θεότης
2880 4722 2896 4739 ·
2942 4708 3210 4779 πρόδηλον
3258 4711 3340 4763 ὅτι
3369 4712 3459 4765 καὶ⁸
3498 4712 3530 4782 ἡ
3572 4713 3715 4786 σάρξ

2128 4796 2222 4851 τοῦ
2256 4795 2517 4869 Χριστοῦ,
2558 4800 2615 4852 ὲν
2647 4800 2814 4853 παντὶ
2859 4801 3037 4869 καιρῷ
3078 4802 3173 4853 καὶ
3210 4802 3389 4873 χρόνῳ
3415 4802 3511 4856 καὶ
3532 4804 3712 4876 τόπῳ,

2128 4891 2224 4944 τοῦ
2266 4890 2480 4963 Πατρδς
2530 4889 2835 4963 ἀχώριστος
2880 4885 2971 4965 ἢν,
3021 4891 3211 4964 ὥσπερ
3250 4894 3282 4965 ἡ
3332 4892 3426 4948 τοῦ
3467 4896 3712 4966 Χριστοῦ

2130 4983 2346 5054 θεότης.
2397 4982 2461 5038 Εἰ
2491 4982 2622 5052 γοῦν
2652 4984 2686 5055 ἡ
2721 4982 2858 5053 σάρξ
2902 4982 2998 5037 τοῦ
3045 4984 3283 5053 Χριστοῦ
3320 4986 3483 5056 φύσει
3516 4987 3712 5059 θεότη-

2129 5091 2221 5139 τος
2252 5074 2446 5143 γέγονε
2470 5090 2485 5104 '
2522 5074 2641 5138 πῶς
2673 5075 2732 5128 ὲν
2766 5075 2845 5146 τῷ
2897 5076 3078 5148 καιρῷ
3115 5077 3209 5130 τοῦ
3271 5079 3479 5144 πάθους
3512 5082 3570 5134 ἐν
3620 5081 3715 5135 οὑ-

2133 5169 2312 5237 ρανοῑς
2337 5166 2436 5220 οὑκ
2462 5162 2531 5236 ἧν
2557 5166 2590 5235 ή
2620 5166 2757 5238 σάρξ
2800 5166 2966 5221 αὑτοῦ
2995 5167 3089 5222 τοῦ
3121 5168 3338 5241 Πατρὺς
3381 5171 3709 5243 ἀχώριστος,

2130 5260 2225 5311 καὶ
2268 5259 2329 5310 ἐν
2381 5259 2462 5328 τῷ
2500 5257 2601 5330 ᾅδῃ
2647 5258 2788 5330 μετὰ
2815 5261 2915 5331 τῆς
2949 5260 3128 5332 ψυχῆς
3181 5263 3374 5329 αὑτοῦ,
3417 5265 3513 5317 καὶ
3544 5268 3603 5317 ὲν
3628 5266 3711 5338 τῷ

2131 5348 2447 5421 παραδείσῳ
2479 5350 2620 5419 μετά
2643 5351 2739 5404 τοῦ
2782 5350 3005 5425 λῃστοῦ,
3035 5356 3093 5406 ἐν
3130 5353 3464 5426 ἀμφοτέροις
3492 5356 3713 5411 ἀνελλι-

2130 5440 2237 5512 πὴς
2266 5442 2361 5494 καὶ
2382 5441 2711 5511 ἁχὼριστος,
2742 5441 2931 5514 ὥσπερ
2959 5445 3108 5516 καὶὴ
3133 5445 3325 5517 θεότης
3345 5447 3666 5518 ὑπάρχουσα
3690 5467 3707 5483 ο

2129 5532 2248 5587 ἀλλ’
2274 5533 2332 5586 ὲν
2364 5535 2441 5602 τῷ
2471 5534 2630 5603 τάφῳ
2657 5534 2840 5588 ἔκειτο
2866 5536 3059 5609 νεκρὸν
3085 5537 3291 5608 ἄψυχον
3321 5541 3419 5594 και
3449 5542 3711 5612 ἀκίνητον

2131 5626 2193 5679 τὸ
2228 5626 2388 5695 σῶμα
2424 5629 2613 5693 αὑτοῦ,
2641 5631 2736 5684 καὶ
2766 5631 3165 5701 περιγραπτὸν,
3194 5633 3241 5684 εί
3273 5634 3365 5686 καὶ
3393 5632 3708 5704 ἀχώριστος

2129 5712 2198 5787 ἦν
2219 5715 2279 5783 ἐξ
2312 5718 2478 5773 αὑτοῦ
2506 5721 2539 5791 ή
2566 5719 2661 5775 τοῦ
2706 5719 2941 5805 Χριστοῦ
2983 5722 3209 5794 θεότης;
3257 5724 3382 5778 Ἐὰν
3427 5727 3536 5816 γὰρ
3567 5726 3706 5779 ἁπο-
