4088 6404
421 315 551 380 1161

1438 323 1722 385 ORATIO
1761 325 1790 384 Ι
1829 322 2129 386 CONTRA
2170 318 2584 387 ARMENIOS'.

3534 326 3671 395 1162

411 433 585 499 δεῖξαι
615 433 933 506 δυνήσονται
957 436 1006 489 οξ
1033 436 1300 506 αἱρετικοὶ
1329 432 1626 509 Ἀρμένιοι,
1649 439 1711 492 τὸ
1729 439 1992 507 πανάγιον

2100 452 2297 509 corpus
2352 446 2596 508 tempore
2648 439 2935 508 passionis,
2981 441 3414 513 inseparabiliter
3458 445 3566 502 Deo
3606 464 3671 505 ac

413 524 574 593 σῶμα
594 525 832 595 Χριστοῦ
866 525 960 581 τοῦ
986 528 1121 581 Θεοῦ
1156 531 1213 581 ὲν
1244 529 1321 600 τῷ
1355 531 1533 601 καιρῷ
1556 531 1652 585 τοῦ
1689 532 1895 595 πάθους
1936 534 1993 585 ὲν

413 618 666 686 οὐρανοῖς
694 618 1020 690 ἀχωρίστως
1057 621 1135 690 τῷ
1155 620 1277 691 Θεῷ
1311 624 1407 677 καὶ
1447 624 1623 695 Πατρὶ
1654 623 1997 692 συγκαθεζό-

426 724 591 776 μενον
616 712 756 778 μετά
777 711 877 780 τῆς
898 712 1173 781 θεότητος,
1205 714 1301 767 καὶ
1322 715 1380 766 ὲν
1399 714 1479 785 τῷ
1506 714 1684 785 τάφῳ,
1719 715 1813 767 καὶ
1838 716 1896 766 ὲν
1916 712 1993 783 τῷ

414 798 516 868 ᾄδῃ
550 800 692 869 μετὰ
727 801 824 870 τῆς
848 800 1051 871 ψυχῆς,
1078 804 1174 855 καὶ
1204 806 1262 856 ὲν
1293 804 1372 874 τῷ
1399 805 1720 876 παραδείσῳ
1739 809 1876 877 μετά
1896 811 1991 864 τοῦ

413 893 637 964 λῃστοῦ,
698 895 980 965 πανταχοῦ
1043 897 1332 967 ἀνελλιπῆ,
1389 899 1485 952 καὶ
1536 900 1843 969 ἀχώριστον
1895 905 1994 958 καὶ

414 986 745 1056 ἀδιαίρετον,
783 986 972 1057 ὥσπερ
1003 991 1092 1042 καὶ
1123 994 1187 1060 τῇ
1234 990 1447 1060 θεότητι
1486 992 1565 1061 (5)
1595 992 1763 1046 αὐτοῦ
1786 1011 1801 1027 ο
1833 994 1991 1065 εὔδη-

414 1076 505 1128 λον
528 1077 608 1128 ὅτι
638 1077 784 1147 καὶὴ
819 1078 955 1149 σὰρξ
986 1079 1151 1132 αὐτοῦ
1175 1079 1335 1148 φύσει
1368 1080 1623 1149 θεότητος
1656 1083 1866 1151 γέγονε.
1925 1087 1989 1139 Εἰ

411 1168 468 1220 δὲ
504 1170 559 1219 ἐν
582 1168 658 1238 τῷ
687 1170 843 1237 τάφῳ
876 1170 1057 1223 ἔκειτο
1092 1172 1306 1242 νεκρὸν,
1350 1172 1446 1226 καὶ
1467 1172 1673 1243 ἄψυχον
1695 1216 1710 1241 ,
1747 1176 1841 1227 καὶ
1872 1175 1992 1229 ἀκί-

414 1277 596 1327 νητον,
627 1262 721 1314 καὶ
742 1262 866 1314 οὔτε
891 1265 949 1314 ἐν
980 1263 1241 1333 οὐρανοῖς
1269 1266 1347 1334 τῷ
1370 1265 1489 1334 Θεῷ
1522 1266 1616 1318 καὶ
1648 1267 1823 1337 Πατρὶ
1846 1266 1992 1337 ἀχὼ-

417 1370 602 1425 ριστον
654 1354 1072 1420 συνεκαθέζετο,
1106 1355 1228 1408 οὔτε
1281 1359 1339 1409 ὲν
1378 1358 1455 1428 τῷ
1490 1358 1591 1430 ᾄδῃ
1644 1358 1783 1429 μετά
1814 1360 1995 1430 ψυχῆς

412 1438 500 1512 ἦν,
525 1444 650 1497 οὔτε
677 1446 735 1497 ὲν
767 1446 1082 1516 παραδείσῳ
1104 1448 1246 1514 μετὰ
1285 1447 1378 1499 τοῦ
1410 1447 1609 1518 λῃστοῦ
1643 1463 1656 1478 ·
1694 1448 1808 1501 ἀλλ’
1835 1450 1892 1499 ὲν
1915 1448 1994 1517 τῷ

413 1540 569 1608 τάφῳ
598 1540 745 1609 μόνῳ
779 1540 1156 1610 περιγραπτδν
1184 1541 1472 1594 κατέκειτο
1500 1557 1515 1572 °
1553 1540 1672 1603 πῶς
1713 1541 1815 1593 οὐκ
1852 1539 1995 1592 εἰσὶν

413 1627 558 1685 οὗτοι
582 1630 813 1700 ψεῦσται
836 1634 927 1685 καὶ
960 1632 1233 1703 αίρετικοὶ
1264 1633 1356 1684 καὶ
1380 1626 1778 1702 χριστομάχοι;

487 1719 563 1785 ς’.
608 1720 669 1773 Εἰ
721 1717 813 1775 οὖν
860 1722 996 1792 σὰρξ
1039 1720 1135 1775 τοῦ
1188 1721 1429 1790 Χριστοῦ
1480 1722 1733 1790 θεότητος
1777 1720 1989 1789 γέγονε,

2094 528 2240 584 Patri
2273 547 2375 585 una
2408 546 2532 585 cum
2575 531 2774 587 deitate
2806 532 3138 600 consedisse,
3186 546 3344 607 atque
3388 538 3440 593 in
3490 540 3671 608 sepul-

2095 634 2207 688 Cro,
2238 625 2399 695 inque
2422 623 2633 678 inferno
2661 640 2782 679 cum
2813 626 2989 682 anima
3028 642 3088 682 ac
3117 644 3237 683 eum
3271 629 3477 685 latrone
3500 633 3552 685 in
3572 648 3671 700 pa-

2097 719 2301 781 radiso,
2339 720 2483 773 nullo
2519 720 2715 789 ubique
2753 719 2988 786 defectu,
3022 736 3083 775 ac
3117 724 3480 791 inseparabile
3525 726 3669 779 indi-

2096 811 2381 878 vidueque,
2420 811 2494 864 uti
2539 821 2593 865 et
2641 814 2810 865 deitas
2857 822 2994 875 erat,
3030 811 3197 868 fuisse
3234 831 3247 867 :
3288 815 3444 883 plane
3477 816 3671 882 liquet.

2096 902 2211 971 ejus
2239 917 2453 973 quoque
2503 918 2744 969 carnem,
2792 914 2981 959 natura
3032 904 3249 959 deitatis
3288 906 3484 960 factam
3527 894 3669 963 esse.

2098 991 2191 1047 Sin
2219 1002 2397 1048 autem
2428 994 2555 1048 illud
2586 996 2836 1063 sepulcro
2890 1003 3158 1049 mortuum
3190 997 3429 1063 jacebat,
3463 1008 3518 1052 et
3549 1000 3671 1053 ina-

2097 1083 2243 1138 nime
2299 1095 2460 1154 atque
2515 1086 2824 1153 immotum;
2857 1100 2919 1141 ac
2947 1102 3122 1156 neque
3174 1087 3226 1141 in
3272 1089 3425 1142 ccelis
3469 1088 3575 1143 Deo
3606 1106 3671 1146 ac

2095 1173 2239 1228 Patri
2274 1175 2539 1230 iudivulao
2577 1192 2717 1230 nexu
2754 1178 3100 1244 coniunctum
3133 1162 3668 1253 considebat,neque

2097 1266 2149 1320 in
2183 1266 2393 1320 inferno
2424 1284 2543 1321 cum
2580 1270 2781 1334 anima,
2822 1284 2918 1324 nec
2940 1286 3062 1324 cum
3093 1270 3299 1327 latroae
3333 1273 3382 1325 in
3416 1275 3667 1339 paradiso

2095 1367 2235 1421 erat,
2266 1360 2357 1411 sed
2381 1358 3130 1429 duntaxatcircumscriptum
3160 1361 3211 1415 in
3240 1363 3487 1430 sepulcro
3518 1364 3668 1431 jace-

2097 1445 2186 1499 bat
2228 1463 2241 1501 :
2289 1450 2565 1518 quomodo
2618 1449 2705 1503 isti
2761 1450 3102 1505 mendacium
3165 1466 3228 1505 ac
3293 1453 3669 1507 luereticoruni

2095 1537 2408 1608 Christique
2438 1540 2674 1595 hostium
2712 1549 2894 1595 notam
2928 1540 3259 1613 effugerint?

2166 1715 2253 1770 Vl.
2281 1714 2558 1785 Siquidem
2589 1731 2717 1787 ergo
2746 1731 2876 1771 caro
2903 1717 3110 1774 Christi
3138 1719 3280 1775 facta
3321 1730 3400 1776 est
3430 1723 3668 1790 deitatis,

412 1813 530 1874 πῶς
559 1812 718 1875 αὐτὸς
756 1812 783 1864 ὁ
825 1813 1032 1882 Κύριος
1064 1812 1158 1865 ἐπὶ
1194 1810 1431 1882 σταυροῦ
1475 1810 1628 1879 ἔλεγε
1653 1827 1669 1843 ο
1705 1810 1813 1864 Θεέ
1850 1827 1992 1877 μου,

2101 1808 2367 1875 quomodo
2395 1807 2654 1861 Dominus
2685 1810 2798 1878 ipse
2829 1810 2880 1863 in
2912 1826 3075 1865 cruce
3103 1813 3238 1866 dixit
3275 1830 3288 1866 :
3316 1813 3455 1868 Deus
3499 1832 3670 1881 meus,

414 1903 522 1957 Θεέ
542 1922 682 1973 μου,
716 1906 818 1959 ἵνα
847 1907 903 1957 τί
918 1922 994 1973 με
1022 1903 1455 1974 ὲγκατέλιπες;
1498 1903 1626 1955 Ἐὰν
1657 1901 1767 1972 γὰρ
1798 1902 1831 1969 ἡ
1861 1900 1997 1971 σὰρξ

409 1993 507 2047 τοῦ
537 1995 774 2066 Χριστοῦ
813 1995 1068 2067 θεότητος
1115 1992 1203 2067 ἦν,
1240 2000 1334 2049 καὶ
1383 1997 1440 2048 ὲν
1479 1997 1731 2067 οὐρανοῖς
1763 1994 1856 2048 τοῦ
1886 1995 1997 2047 Ila.-

409 2089 541 2157 τρδς
598 2089 927 2158 ἀχώριστος,
982 2090 1077 2142 καὶ
1131 2088 1229 2157 μία
1283 2087 1477 2159 θεότης
1531 2081 1598 2157 ἦν
1640 2085 1734 2139 τοῦ
1785 2085 1997 2156 [ἰατρὸς

414 2180 644 2250 καὶτῆς
688 2181 890 2251 σαρκὸς
937 2179 1034 2233 τοῦ
1088 2180 1349 2252 Χριστοῦ,
1403 2182 1498 2233 καὶ
1556 2180 1589 2249 ἡ
1638 2178 1772 2249 σὰρξ
1826 2176 1991 2230 αὑτοῦ

412 2272 668 2337 θεότητος
709 2268 777 2343 ἦν
803 2274 896 2326 τοῦ
930 2273 1145 2341 Πατρὸς
1170 2271 1505 2343 ἀχὼριστος’
1545 2272 1662 2335 πῶς
1694 2273 1726 2341 ὴ
1773 2272 1871 2341 μία
1904 2270 1998 2325 καὶ

412 2363 720 2435 ἀδιαίρετος
744 2366 933 2435 θεότης
971 2358 1307 2436 διαιρεθεῖσα
1337 2364 1536 2433 ἑαυτὴν
1568 2364 1995 2431 ὲγκατὲλειπεν;

485 2457 559 2511 Z'.
613 2456 773 2510 Ἀλλά
801 2456 852 2509 τί
889 2474 1020 2526 φασι
1053 2455 1188 2528 πρὸς
1208 2455 1381 2508 ταῦτα
1411 2455 1459 2507 oi
1492 2453 1841 2524 ἀγνώμονες;
1875 2453 1996 2507 Ὅτι

420 2554 595 2606 ταῦτα
648 2553 717 2606 τὰ
782 2554 1004 2622 ῥήματα
1056 2553 1285 2606 ταπεινὰ
1308 2551 1336 2602 6
1365 2550 1601 2622 Χριστὸς
1640 2550 1722 2602 διὰ
1748 2550 1840 2602 τὸν
1872 2549 1991 2602 διά-

416 2644 571 2697 ϐολον
601 2642 807 2712 ἔλεγεν.
845 2638 931 2697 ἵνα
963 2644 1037 2714 μὴ
1070 2643 1250 2717 φεύγῃ
1277 2644 1333 2709 ἐξ
1369 2641 1560 2697 αὐτοῦ.
1582 2642 1646 2693 Ὢ
1674 2642 1770 2710 τῆς
1793 2641 1996 2694 ἀτόπου

417 2739 508 2791 καὶ
538 2736 896 2807 ἀναισχύντου
935 2737 1280 2806 ἀποκρίσεως
1312 2735 1522 2789 αύτῶνῑ
1558 2733 1857 2804 Προφανῶς
1888 2733 1997 2801 γὰρ

412 2827 506 2881 τὸν
534 2826 771 2898 Χριστὸν
799 2826 1099 2896 ὑποκριτὴν
1120 2825 1485 2894 κηρύττουσιν
1515 2839 1530 2854 ⁶
1564 2823 1703 2878 ἄλλα
1734 2823 1830 2893 μὲν
1850 2822 1998 2893 ἔχειν

417 2922 475 2972 ἐν
499 2922 563 2989 τῇ
593 2918 813 2989 καρδίᾳ,
844 2917 1010 2989 ἕτερα
1033 2918 1088 2970 δὲ
1115 2917 1204 2969 διὰ
1229 2920 1328 2988 τῆς
1356 2914 1603 2985 γλώττης
1635 2913 1994 2982 φθέγγεσθαι.

418 3014 632 3083 Ὥσπερ
657 3014 763 3083 γάρ
803 3012 978 3075 αὐτοὶ,
1033 3011 1222 3081 μεστοὶ
1258 3010 1595 3080 ὑποκρίσεως
1629 3008 1723 3059 καὶ
1755 3006 1999 3077 δολιότη-

2101 1900 2236 1953 Deus
2276 1916 2443 1964 meus,
2496 1910 2552 1953 ιιι
2612 1902 2737 1972 quid
2785 1902 3112 1973 dereliquiin
3165 1904 3335 1958 me“?
3390 1907 3670 1977 Siquidem

2095 1992 2239 2047 enim
2274 1992 2479 2048 Christi
2521 2008 2650 2047 caro
2702 1995 2917 2050 deitatis
2958 2005 3097 2061 erat,
3132 2007 3296 2065 atque
3346 1999 3399 2053 in
3434 2000 3587 2055 caelis
3640 2014 3670 2055 a

2097 2085 2257 2140 Patre
2275 2085 2534 2141 indivulsa
2561 2086 2878 2141 exsistebat.
2907 2102 3121 2158 unaque
3146 2099 3262 2143 erat
3289 2076 3461 2145 deit'as
3496 2091 3674 2147 Patris

2097 2193 2159 2233 ac
2189 2175 2369 2233 carnis
2396 2176 2621 2243 Christi,
2656 2178 2879 2247 ejusque
2913 2193 3042 2234 caro
3087 2196 3116 2234 a
3153 2181 3325 2234 Patris
3356 2178 3555 2237 deitate
3581 2186 3675 2238 in-

2094 2269 2417 2338 separabilis
2448 2280 2607 2324 erat:
2636 2272 2906 2339 quomodo
2934 2286 3040 2326 una
3076 2286 3139 2327 ac
3171 2272 3447 2327 individua
3477 2275 3671 2342 deitas,

2104 2362 2218 2430 ipsa
2250 2376 2310 2415 se
2341 2360 2509 2416 divisa
2537 2361 2902 2432 derelinquit?

2175 2465 2281 2517 ΠΙ.
2321 2465 2636 2532 Enimvero,
2665 2467 2793 2537 quid
2831 2468 2895 2522 ad
2938 2467 3052 2524 haec
3093 2471 3323 2541 improbi
3363 2474 3480 2529 illi?
3508 2473 3674 2532 Aiunt

2099 2556 2377 2623 nimirum,
2402 2557 2676 2613 Christum
2702 2560 2861 2614 verba
2894 2560 3005 2621 hac
3031 2561 3200 2617 humil
3230 2579 3258 2618 a
3286 2564 3523 2621 locutum
3555 2583 3674 2623 esse

2099 2660 2322 2720 pr0pter
2344 2650 2637 2718 diabolum,
2670 2662 2729 2708 ut
2758 2655 2822 2707 ne
2854 2654 2920 2707 ab
2952 2653 3071 2723 ipso
3101 2654 3384 2726 effugeret.
3420 2657 3463 2714 Ο
3498 2660 3675 2715 abso—

2102 2758 2222 2796 nam
2253 2758 2314 2798 ac
2346 2742 2709 2813 impudentem
2744 2744 3019 2799 hominum
3052 2742 3490 2811 responsionem!
3542 2754 3675 2811 Per-

2100 2838 2288 2903 spicue
2353 2836 2496 2889 enim
2565 2834 2838 2891 Christum
2898 2837 3273 2894 simulatorem
3334 2843 3672 2914 prmdicant,

2099 2936 2161 2980 ut
2184 2926 2285 2981 alia
2322 2929 2540 2997 quidem
2569 2929 2793 2984 haberet
2825 2930 2875 2983 in
2905 2931 3088 2996 corde,
3126 2932 3229 2985 alia
3266 2946 3445 2990 autem
3485 2936 3667 3008 lingua

2099 3018 2462 3089 eloqueretur.
2508 3020 2967 3087 Quemadmodum
2996 3022 3162 3087 enim,
3195 3025 3285 3094 qui
3320 3026 3670 3086 simulatione

413 3120 504 3165 τος
537 3105 895 3174 ὑπάρχοντες,
923 3102 1182 3164 τοιούτως
1215 3100 1311 3154 καὶ
1345 3100 1434 3153 τὸν
1458 3097 1694 3169 Χριστὸν
1725 3098 1992 3168 ὀνομάσαι

2103 3124 2166 3163 ac
2200 3110 2490 3164 dolositate
2527 3110 2668 3179 pleni
2713 3112 2997 3177 exsistant,
3032 3126 3129 3169 nec
3156 3113 3432 3169 Christum
3467 3118 3545 3172 sic
3579 3134 3672 3187 apo

414 3187 515 3251 οὐκ
559 3195 906 3266 ἐφοϐήθησαν
950 3197 997 3248 οἱ
1043 3194 1376 3264 παράνομοι.
1426 3192 1560 3254 Θεὸς
1599 3187 1693 3245 οὖν
1730 3190 1993 3245 παντοδύ-

414 3307 588 3362 ναμος
650 3289 725 3343 ὢν
780 3292 806 3341 6
844 3288 1115 3359 Χριστὸς,
1174 3290 1201 3340 6
1251 3285 1527 3355 πανταχοῦ
1580 3284 1773 3356 παρών
1813 3301 1827 3316 ·
1884 3282 1991 3336 ποῦ

414 3384 648 3453 ἠδύνατο
690 3382 721 3435 ὁ
749 3381 993 3446 διάϐολος
1053 3379 1112 3447 ἐξ
1168 3379 1334 3433 αὐτοῦ
1374 3381 1609 3448 φυγεῖν;
1658 3377 1748 3440 Ὠς
1783 3376 1893 3447 γὰρ
1927 3376 1993 3429 ἐκ

415 3480 655 3545 πάντων,
691 3478 834 3530 οὕτω
864 3476 957 3529 καὶ
989 3476 1054 3527 ὲκ
1074 3472 1299 3534 τούτων,
1331 3474 1377 3525 ol
1408 3471 1627 3535 ἀσεϐεῖς
1650 3470 1991 3540 ἐλέγχονται,

418 3571 587 3642 μηδὲν
625 3571 688 3623 ὲκ
723 3569 823 3639 τῆς
854 3566 1203 3630 διδασκαλίας
1231 3565 1339 3618 τῶν
1370 3564 1546 3634 ἁγίων
1578 3564 1715 3635 μήτε
1747 3563 1989 3631 φρονεῖν,

416 3666 556 3735 μήτε
613 3662 887 3715 διδάσκειν
923 3675 939 3690 ο
990 3656 1190 3724 ἁλλ’ὲξ
1245 3656 1457 3709 ἑαυτῶν
1512 3654 1715 3725 μύθους
1773 3651 1992 3723 ψευδεῖς

416 3752 803 3817 ἀναπλάττειν,
864 3751 951 3805 ἵνα
993 3748 1267 3817 δυνηθῶσι
1326 3746 1486 3817 μόνον
1528 3745 1626 3816 τὴν
1667 3744 1846 3811 σάρκα
1894 3739 1989 3794 τοῦ

415 3843 654 3912 Χριστοῦ
685 3843 1053 3915 ἀρνήσασθαι.
1076 3840 1224 3894 Αύτά
1258 3839 1366 3909 γὰρ
1395 3838 1466 3891 τὰ
1487 3836 1717 3891 ταπεινά
1744 3826 1988 3905 ῥήματα,

414 3935 598 3998 καθὼς
632 3936 835 3998 πάντες
883 3935 932 3987 οἱ
973 3934 1118 4002 ἅγιοι
1168 3931 1263 3985 καῖ
1308 3931 1557 3999 θεοφόροι
1594 3929 1857 3997 ΙΙατέρες,
1897 3927 1990 3977 εὑ-

414 4029 608 4099 φώνως
643 4028 701 4095 ἐξ
730 4028 886 4096 ἁγίου
917 4026 1231 4098 Πνεύματος
1251 4023 1667 4096 ἑρμηνεύονται,
1701 4020 1729 4072 ὁ
1757 4018 1991 4089 Χριστὸς

415 4122 550 4193 πρὸς
603 4122 897 4192 βεϐαίωσιν
937 4122 1032 4172 καὶ
1068 4119 1331 4172 πίσ·.ωσιν
1376 4117 1475 4185 τῆς
1529 4113 1723 4168 ἑαυτοῦ
1766 4112 1989 4181 σαρκὶνς,

412 4217 508 4267 καὶ
548 4212 894 4284 ἀνθρωπίνης
937 4211 1172 4281 φύσεως,
1220 4208 1373 4276 ἔλεγε
1405 4208 1501 4260 καὶ
1535 4208 1780 4278 ἐνήργει,
1801 4207 1895 4257 καὶ
1928 4204 1990 4256 ού

414 4306 538 4359 καθ’
588 4307 877 4373 ὑπόκρισιν
929 4304 1017 4357 διὰ
1052 4302 1143 4354 τὸν
1179 4301 1446 4355 διάϐολον.
1487 4300 1639 4352 Ἐπεὶ
1683 4296 1802 4361 πῶς
1836 4295 1991 4363 ἔλεγε

414 4397 680 4467 πρότερον
706 4413 718 4427 ·
752 4394 1013 4462 Λάζαρος
1043 4392 1324 4457 ἀπέθανε,
1358 4390 1455 4444 καὶ
1498 4390 1682 4457 χαίρω
1728 4387 1802 4440 δι’
1834 4386 1990 4456 ὑμᾶς

412 4487 513 4540 ἵνα
537 4487 930 4553 πιστεύσητε,
960 4482 1049 4536 ὅτι
1077 4483 1187 4535 οὐκ
1216 4481 1382 4548 ἤμην
1406 4478 1566 4544 ἐλεεῖς

490 4577 567 4632 η’.
615 4579 674 4631 Εἰ
708 4575 801 4631 οὖν
828 4578 921 4630 καὶ
948 4578 979 4645 ἠ
1011 4574 1148 4642 σὰρξ
1194 4570 1362 4627 αὑτοῦ
1405 4569 1567 4639 φύσει
1610 4567 1863 4636 θεότητος
1905 4562 1994 4636 ἦν,

414 4669 692 4739 πανταχοῦ
737 4667 1032 4737 ἀνελλιπὴς
1073 4669 1165 4717 καὶ
1214 4664 1517 4734 ἀχώριστος
1552 4661 1647 4713 καὶ
1688 4659 1994 4729 ἀπερίγρα-

414 4781 569 4829 πτος,
606 4762 840 4831 (Θεότής)
871 4754 938 4831 ἧν
982 4758 1075 4811 καὶ
1111 4757 1143 4826 ἠ
1177 4754 1315 4826 σὰρξ
1352 4753 1445 4805 τοῦ
1476 4751 1715 4823 Χριστοῦ
1749 4748 1845 4802 τοῦ
1885 4750 1993 4801 [Ια-

414 4854 541 4925 τρδς
568 4852 889 4923 ἀχώριστος,
926 4849 1115 4920 ὥσπερ
1152 4849 1245 4902 καὶ
1278 4850 1310 4918 ὴ
1348 4845 1538 4914 θεότης
1580 4842 1771 4908 αὐτοῦ,
1808 4841 1993 4904 καθὼς

412 4948 572 5010 αὐτὸς
620 4949 645 4999 ὁ
696 4946 905 5015 Κύριος
952 4944 1103 5012 λέγει
1155 4940 1417 5010 περὶτῆς
1462 4935 1658 4991 ἑαυτοῦ
1707 4935 1989 5006 θεότητος·

425 5038 574 5108 Ἐγὼ
620 5038 719 5091 καὶ
750 5042 782 5093 ό
818 5036 1022 5104 Πατὴρ
1056 5035 1127 5089 ἓν
1180 5035 1413 5103 ἐσμενο
1455 5020 1550 5084 καὶ
1603 5030 1764 5083 πάλιν
1794 5046 1807 5060 ·
1851 5027 1993 5097 Ἐγὼ

410 5134 480 5186 ἐν
507 5131 585 5197 τῷ
610 5132 815 5199 Πατρὶ,
853 5132 949 5183 καὶ
981 5127 1183 5196 Πατὴρ
1213 5128 1282 5181 ἐν
1322 5126 1482 5193 ἐμοί·
1522 5124 1642 5186 πῶς
1675 5121 1822 5205 λέγει
1853 5121 1994 5191 μετὰ

412 5227 513 5296 τὴν
546 5225 844 5278 ἀνάστασιν
878 5226 944 5295 τῇ
995 5222 1188 5291 Μαρίᾳ
1214 5236 1228 5251 ο
1266 5218 1360 5286 Μή
1386 5235 1507 5289 μου
1547 5217 1742 5272 ἅπτου
1776 5232 1790 5245 ·
1824 5213 1993 5268 οὔπω

412 5306 524 5390 γὰρ
552 5318 895 5384 ἀναϐέϐηκα
919 5319 1067 5386 πρὸς
1108 5315 1214 5368 τὸν
1253 5312 1479 5381 Πατέρα
1507 5327 1627 5380 μου
1652 5328 1671 5376 ;
1702 5308 1798 5362 καὶ
1828 5306 1994 5379 πάλιν

412 5416 441 5465 6
468 5412 629 5474 αὐτὸς
652 5412 765 5473 τοῖς
792 5410 1110 5483 ἀποστόλοις
1161 5399 1312 5476 μετὰ
1330 5405 1429 5477 τὴν
1465 5405 1766 5479 ἀνάστασιν
1796 5401 1946 5468 λέγει
1974 5413 1989 5429 '

420 5501 831 5575 Ψηλαφήσατε
863 5502 963 5556 καὶ
992 5488 1202 5564 εἴδετε,
1247 5488 1336 5552 ὅτι
1383 5497 1619 5567 πνεῦμα
1653 5495 1855 5565 σάρκα
1894 5491 1994 5545 καὶ

490 5618 507 5649 ί
540 5618 729 5672 Matth.
764 5633 934 5681 xxvii,
960 5615 1051 5669 46.
1128 5617 1149 5646 ¹
1175 5612 1332 5668 Joan.
1374 5628 1449 5677 τι,
1483 5611 1570 5665 14.
1610 5667 1614 5675 ν
1650 5609 1671 5641 ³
1716 5607 1875 5663 Joan.
1934 5622 1987 5669 κ,

2100 5628 2121 5655 ι.
2200 5598 2221 5631 ⁸
2248 5597 2402 5652 Joan.
2444 5608 2554 5658 xw,
2588 5590 2676 5644 10.

415 5689 506 5745 59.

490 5786 568 5856 (5)
613 5786 682 5841 ’11
716 5783 910 5851 θεότης

736 5880 1011 5943 Panos.
1060 5876 1105 5939 G
1120 5894 1179 5939 ιι.
1232 5872 1487 5935 CXXXII
1502 5916 1516 5932 .

2021 4495 2074 4555 D

2106 3201 2306 3269 pellare
2339 3217 2563 3271 nequam
2590 3204 2836 3257 homines
2867 3203 3019 3257 veriti
3050 3214 3197 3259 sunt.
3236 3205 3511 3276 Siquidem
3534 3209 3672 3280 ergo

2104 3291 2370 3359 Christus,
2418 3295 2509 3364 qui
2557 3294 2897 3362 omnipotens
2950 3305 3113 3360 esset,
3147 3298 3292 3351 omni
3353 3300 3473 3355 loco
3529 3313 3670 3369 erat,

2103 3400 2335 3453 quonam
2370 3384 2437 3439 ab
2463 3398 2526 3444 eo
2556 3385 2799 3439 diabolus
2847 3384 3033 3454 fugere
3073 3388 3289 3456 potuit?
3326 3388 3396 3445 Ut
3437 3392 3578 3448 enim
3609 3407 3674 3448 ex

2103 3475 2352 3529 onmibus
2385 3475 2529 3541 aliis,
2576 3476 2656 3531 sic
2688 3491 2901 3545 quoque
2932 3493 2997 3531 ex
3041 3479 3122 3534 his
3164 3490 3464 3550 arguuntur
3497 3484 3670 3553 impii,

2104 3566 2237 3620 nihil
2271 3570 2464 3637 sapere
2494 3576 2589 3622 aut
2618 3570 2812 3624 docere
2844 3587 2905 3623 ex
2943 3583 3252 3627 sanctorum
3289 3575 3674 3633 doctrinazsed

2101 3673 2163 3713 ex
2211 3659 2447 3730 prepriis
2493 3657 2658 3714 falsas
2704 3658 2914 3716 fabulas
2963 3664 3322 3730 comminisci,
3355 3674 3415 3718 ut
3461 3678 3672 3724 tantum

2100 3749 2300 3805 Christi
2363 3766 2582 3805 carnem
2634 3767 2829 3823 negare
2883 3751 3113 3821 possint.
3170 3752 3448 3824 Siquidem
3508 3759 3673 3814 verba

2100 3843 2215 3897 lucc
2247 3843 2490 3907 humilia,
2524 3841 2599 3896 uti
2654 3846 2865 3897 omnes
2898 3844 3074 3899 sancti
3123 3861 3186 3900 ac
3243 3846 3432 3901 deiferi
3480 3846 3673 3904 Patres

2104 3936 2369 3989 concinne
2399 3950 2425 3986 a
2465 3934 2671 4003 Spiritu
2710 3944 2899 3989 sancto
2932 3924 3382 4005 interpretantur,
3418 3952 3482 3992 eo
3515 3939 3675 3995 Chri-

2096 4016 2218 4080 ‘sms
2249 4036 2303 4079 et
2333 4026 2655 4095 loquebatur
2695 4034 2747 4079 et
2783 4027 2996 4093 agebat,
3033 4041 3139 4096 quo
3169 4041 3389 4081 carnem
3421 4016 3573 4083 suam
3610 4047 3676 4089 ac

2102 4116 2395 4170 humanam
2426 4126 2674 4168 naturam
2695 4123 2995 4180 astrueret;
3034 4132 3138 4170 non
3171 4126 3340 4186 utper
3376 4119 3679 4175 simulatio-

2101 4227 2223 4266 nem
2274 4209 2544 4265 diabolum
2578 4207 2809 4263 falleret.
2844 4207 3081 4277 Alioqui,
3111 4215 3382 4278 quomodo
3412 4213 3559 4281 prius
3580 4214 3677 4267 di-

2100 4302 2254 4358 ccbat
2285 4319 2298 4355 :
2328 4298 2567 4354 Lazarus
2608 4312 2844 4353 mortuus
2883 4310 2977 4362 est,
3008 4310 3056 4353 et
3090 4302 3288 4371 gaudeo
3316 4316 3531 4374 propter
3567 4323 3676 4376 vos,

2102 4402 2158 4446 ιιι
2187 4392 2434 4456 credatis,
2465 4391 2589 4461 quia
2622 4406 2725 4445 non
2755 4406 2897 4445 erant
2926 4390 2998 4444 ibi
3021 4392 3083 4443 ’ξ’

2182 4565 2323 4620 Vill.
2362 4564 2639 4634 Siquidem
2668 4579 2798 4633 ergo
2835 4562 3035 4620 Cbrisﬁ
3066 4581 3285 4636 quoque
3315 4566 3459 4633 caro,
3487 4579 3678 4626 natura

2105 4660 2322 4714 deitatis
2357 4667 2496 4721 erat,
2529 4656 2677 4711 nullo
2708 4659 2905 4726 ubique
2928 4655 3164 4721 defectu,
3192 4675 3254 4713 ac
3276 4658 3678 4729 inseparabilis,

2105 4750 2707 4818 incircumscriptaque,
2753 4747 2952 4802 Christi
3009 4759 3227 4819 quoque
3277 4765 3410 4806 caro
3447 4767 3475 4805 a
3515 4753 3675 4807 Patre

2102 4842 2482 4911 inseparabilis
2526 4851 2663 4905 erat,
2706 4841 3159 4910 quemadmodum
3206 4851 3262 4897 et
3308 4841 3481 4898 deitas
3519 4843 3672 4914 ejus;

2103 4934 2242 4989 sicut
2275 4933 2387 5001 ipse
2423 4930 2678 4984 Dominus
2705 4931 2769 4983 de
2802 4943 2899 4983 sua
2931 4930 3007 4983 ait
3036 4928 3238 4985 deitate
3276 4945 3291 4983 :
3327 4928 3443 5000 Ego
3475 4940 3524 4984 et
3573 4930 3680 4984 Pa-

2104 5036 2181 5079 ter
2212 5038 2372 5077 unum
2409 5036 2589 5076 sumus
2609 5020 2650 5084 ³,
2695 5029 2751 5073 et
2782 5021 2974 5074 iterum
3012 5037 3027 5075 ι
3058 5022 3168 5090 Ego
3199 5022 3253 5074 in
3288 5020 3471 5089 Patre,
3494 5031 3541 5076 et
3568 5021 3679 5075 Pa-

2105 5128 2182 5173 ter
2221 5119 2273 5168 in
2306 5127 2387 5168 me
2427 5109 2581 5167 est‘:
2611 5111 2880 5179 quomodo
2924 5119 3046 5179 post
3092 5112 3551 5167 resurrectionem
3601 5111 3679 5164 ait

2104 5211 2325 5267 Maria:
2358 5206 2483 5262 Noli
2511 5219 2593 5258 me
2631 5213 2871 5273 tangere;
2903 5203 3133 5257 nendum
3168 5204 3311 5258 enim
3363 5204 3578 5257 escendi
3607 5202 3677 5256 ad

2111 5302 2323 5356 Patrem
2348 5297 2557 5353 meum'
2589 5295 2612 5348 1
2642 5308 2705 5348 ae
2736 5296 2930 5347 iterum
2957 5296 3032 5347 ait
3066 5295 3181 5364 ipse
3222 5294 3484 5364 apostolis
3526 5304 3679 5362 ροει.

2104 5410 2264 5468 quam
2298 5387 2685 5448 resurrexisset
2718 5404 2732 5439 :
2768 5384 2993 5451 Palpate
3017 5395 3069 5439 et
3100 5386 3286 5449 videte,
3310 5388 3434 5454 quia
3459 5385 3679 5453 spiritus

2106 5488 2318 5542 Carnem
2348 5489 2395 5533 et
2433 5493 2553 5531 ossa
2583 5491 2686 5529 non
2707 5473 2884 5539 habet,
2916 5476 3049 5529 sicut
3079 5491 3161 5528 me
3190 5474 3370 5528 videtis
3402 5475 3591 5530 habere
3610 5474 3630 5503 ‘
3656 5475 3679 5526 2

2776 5590 2797 5621 ⁸
2830 5587 2983 5644 Joan.
3016 5603 3106 5654 xx,
3140 5589 3227 5645 l7.
3303 5589 3324 5621 ⁸
3356 5589 3489 5645 Luc.
3529 5604 3677 5657 xxrv,

2186 5765 2258 5836 (δ)
2299 5763 2461 5830 Grcg.
2494 5768 2641 5815 orat.
2672 5753 2741 5809 20
3022 5758 3025 5761 ‹
3076 5758 3081 5763 ρ
3205 5844 3277 5906 37
