4088 6412
366 291 415 354 εἷ
428 288 527 354 163

1448 301 1701 367 ISAACI
1735 306 2111 371 ABMENIIE
2147 307 2551 370 CATHOLICI

3502 314 3643 381 1164

362 401 667 473 Siquidem
690 402 836 461 enim
865 403 981 475 ejus
1008 419 1222 478 quoque
1250 420 1380 464 caro
1403 407 1542 465 facta
1578 411 1798 470 deitatis
1818 425 1941 471 erat

2060 416 2244 473 ὀστέα
2266 419 2377 474 οὐκ
2402 418 2529 487 ἔχει
2563 414 2757 483 καθὼς
2788 416 2894 486 ἐμὲ
2926 418 3200 486 θεωρεῖτε
3226 424 3492 492 ἔχοντας
3518 427 3648 483 Ἐὰν

386 492 563 560 palam
609 503 695 548 est
748 507 854 549 non
902 492 1070 549 fuisse
1116 509 1357 561 carnem,
1395 500 1488 552 sed
1539 500 1792 569 spiritum
1843 504 1962 559 sine

383 581 651 650 materia,
705 598 770 639 ac
829 585 1000 656 ignem
1046 596 1469 654 consumentem,
1506 594 1960 659 quemadmodum

384 673 646 732 Dominus
672 676 851 742 docet,
883 677 1090 742 dicens,
1122 678 1353 748 Spiritus
1371 690 1448 737 est
1480 681 1618 737 Deus
1640 684 1682 738 ".
1713 685 1956 742 Dicendo

381 774 565 821 autem
618 766 897 835 apostolis,
922 781 1142 824 carnem
1183 783 1242 824 se
1282 785 1347 826 ac
1381 785 1505 826 ossa
1540 772 1764 843 habere,
1790 785 1956 847 atque

382 861 435 916 in
472 859 661 930 primis
683 867 967 930 postquam
1015 863 1424 927 resurrexisset,
1456 865 1576 935 ejus
1620 881 1714 923 eos
1755 883 1959 940 negan-

362 961 461 1006 .tes
487 965 727 1018 carnem,
764 965 826 1006 ac
857 949 1060 1008 Christi
1097 956 1303 1021 hostes,
1336 959 1596 1013 ostendit.

438 1145 540 1203 ix.
577 1145 714 1202 Cum
757 1160 891 1215 ergo
929 1145 1335 1204 sanctissimum
1367 1148 1571 1205 Christi
1627 1166 1826 1221 corpus
1854 1169 1956 1207 nec

372 1249 635 1295 aeternum
667 1239 759 1302 sit,
787 1252 885 1295 nec
916 1236 1064 1293 Patri
1086 1250 1436 1307 coaeternum,
1464 1252 1553 1299 aut
1582 1244 1789 1312 pariter
1803 1259 1951 1300 sem-

358 1330 669 1402 piternum,
699 1343 797 1384 nec
820 1328 1147 1396 increatum,
1175 1345 1275 1385 nec
1302 1331 1409 1387 tale
1428 1340 1483 1385 ut
1512 1344 1745 1402 nequeat
1777 1335 1949 1390 videri

371 1424 571 1492 oculis,
600 1438 700 1479 nec
719 1423 1123 1487 circumscribi,
1162 1438 1339 1493 neque
1370 1422 1601 1493 palpari,
1656 1439 1757 1479 nec
1798 1440 1949 1496 aspe-

360 1516 532 1579 ctari,
565 1529 667 1571 nec
698 1514 945 1586 ﬁgurari,
991 1531 1090 1571 nec
1135 1516 1205 1570 sit
1237 1517 1480 1586 spiritus,
1507 1517 1598 1588 qui
1643 1516 1841 1572 coelum
1888 1534 1952 1574 ac

373 1614 579 1659 terram
622 1604 865 1674 impleat,
902 1604 977 1658 uti
1034 1603 1209 1660 deitas
1242 1623 1256 1660 :
1310 1622 1411 1661 nec
1457 1611 1528 1663 sit
1557 1611 1809 1680 simplex,
1849 1624 1949 1666 nec

358 1712 577 1757 «amns
627 1698 1043 1768 compositione,
1076 1712 1252 1767 neque
1283 1698 1488 1768 angelis
1520 1715 1587 1756 ac
1634 1700 1949 1756 hominibus

370 1790 780 1860 inaspectabiie,
830 1803 1003 1859 neque
1052 1789 1193 1859 ignis
1236 1804 1616 1847 consumens:
1677 1793 1947 1862 quomodo

370 1892 568 1936 natura
603 1880 775 1945 deitas
795 1889 899 1945 est,
938 1879 1014 1935 uti
1048 1879 1306 1948 Acephali
1335 1881 1945 1951 nttg:1nlttr?Quetnad-

370 1976 588 2027 modum
616 1973 763 2029 enim
802 1970 1041 2026 Verbum
1068 1985 1198 2025 caro
1228 1971 1434 2027 factum
1474 1982 1558 2027 est
1588 1973 1949 2029 immutabili-

365 2069 476 2125 ter,
511 2059 645 2116 nihil
696 2059 812 2129 ejus
853 2061 906 2113 in
937 2074 1157 2114 carnem
1198 2060 1468 2117 demutata
1518 2061 1720 2118 deitate
1766 2081 1779 2117 :
1813 2064 1945 2133 quin

354 2158 492 2220 φοει
533 2150 696 2205 etiam
745 2149 1171 2204 incarnationem
1222 2152 1429 2220 absque
1474 2151 1581 2206 ulla
1637 2154 1941 2208 mutatione

373 2238 515 2294 Deus
542 2239 907 2310 perseveravit
932 2256 946 2292 :
985 2237 1064 2293 sic
1087 2251 1303 2307 quoque
1326 2240 1446 2308 ejus
1473 2254 1602 2295 caro
1630 2241 1941 2297 immutabi-

350 2326 493 2382 éliter
519 2327 775 2396 nulloque
804 2327 1007 2381 amisso
1035 2326 1309 2390 deiﬁcata,
1341 2327 1760 2398 haudquaquam
1788 2330 1939 2386 exci-

364 2420 449 2476 dit
494 2433 524 2475 a
568 2429 760 2475 natura
812 2433 907 2473 sua
956 2431 1020 2471 ac
1062 2416 1416 2487 preprietate,
1455 2426 1547 2472 ant
1591 2419 1646 2472 in
1692 2430 1943 2477 naturam

356 2509 582 2566 deitatis
612 2522 874 2565 conversa
908 2517 1012 2562 est.
1060 2505 1136 2562 Ac
1186 2507 1391 2560 idcirco
1434 2504 1735 2573 Christum,
1776 2508 1941 2564 Deum

344 2616 432 2656 .ac
458 2600 730 2661 hominem
769 2598 831 2653 in
871 2598 1081 2657 duabus
1114 2599 1326 2654 naturis
1355 2611 1406 2653 et
1433 2584 1848 2668 operationibus
1878 2616 1943 2654 ac

350 2692 754 2755 «voluntatibus,
795 2690 911 2759 ejus
944 2703 1135 2744 crimes
1170 2690 1345 2745 sancti
1391 2689 1719 2746 confitentur
1779 2700 1944 2761 atque

362 2782 681 2853 praedicant.
711 2780 864 2847 Quod
894 2780 939 2834 si
980 2780 1100 2850 ejus
1139 2768 1266 2835 caro
1316 2779 1372 2834 in
1436 2791 1685 2835 naturam
1727 2780 1942 2836 deitatis

363 2877 467 2930 fuit
500 2883 723 2942 mutata,
775 2873 1115 2943 perspicuum
1163 2881 1265 2939 est,
1312 2886 1418 2927 non
1461 2888 1620 2943 posse
1660 2873 1940 2933 Christum

361 2968 470 3022 dici
490 2967 800 3038 perfectum
823 2965 1123 3031 hominem,
1143 2980 1208 3021 ac
1233 2965 1473 3035 ejusdem
1503 2966 1786 3021 nobiscum
1811 2968 1941 3023 sub-

364 3061 599 3114 statuite.

429 3153 500 3207 Χ.
542 3152 674 3207 Cum
704 3152 770 3206 de
807 3166 905 3209 sua
940 3151 1157 3221 quidem
1203 3150 1404 3204 deitate
1449 3148 1709 3206 Dominus
1744 3151 1890 3206 dicat
1924 3169 1937 3206 τ

363 3244 477 3316 Ego
501 3255 548 3299 et
583 3242 746 3297 Pater
767 3258 928 3296 unum
963 3258 1166 3307 sumus,
1206 3241 1275 3295 de
1321 3255 1486 3295 carne
1518 3249 1698 3295 autem
1730 3257 1826 3297 sua
1850 3244 1943 3298 αις

343 3346 449 3390 .cat
487 3352 502 3389 :
535 3332 693 3387 Pater
713 3349 880 3398 meus,
911 3332 1084 3401 major
1121 3348 1201 3386 me
1234 3342 1311 3385 est
1345 3330 1391 3394 ⁸,
1430 3331 1522 3385 Dei
1548 3340 1726 3386 autem
1756 3334 1941 3391 hostes

342 3422 603 3478 Armenii
627 3423 707 3487 hi,
739 3422 791 3474 in
820 3420 1069 3485 scelesta,
1105 3436 1170 3474 ac
1205 3420 1565 3487 exsecranda,
1598 3420 1941 3492 blasphema-

340 3529 466 3587 que
494 3528 680 3569 eorum
737 3513 963 3581 synodo,
993 3526 1155 3583 quam
1192 3510 1461 3577 iecerunt,
1497 3509 1552 3566 in
1600 3511 1710 3567 Deo
1750 3513 1939 3569 odibtli

338 3605 718 3670 .eorumioco,
750 3620 911 3675 quem
949 3601 1117 3657 Tiben
1145 3604 1431 3659 Armenice
1463 3614 1677 3672 vocant,
1706 3608 1761 3660 in
1799 3608 1942 3663 hunc

340 3703 579 3755 modum
629 3713 725 3769 per
764 3696 1511 3755 contentionemsanxerint
1564 3714 1581 3756 ;
1637 3717 1656 3750 ι
1701 3698 1758 3754 Si
1816 3701 1941 3769 quis

336 3793 557 3850 lzChristi
591 3806 833 3857 carnem,
863 3791 1123 3861 aequalem
1156 3788 1298 3844 Patri
1347 3790 1607 3846 deitatem
1641 3807 1748 3846 non
1786 3794 1939 3846 dixe-

340 3887 454 3952 nl‘il,
503 3886 791 3942 anathema
835 3885 941 3953 sit;
979 3903 998 3936 ι
1051 3884 1141 3954 qui
1188 3900 1295 3939 non
1347 3883 1525 3955 palam
1587 3884 1681 3940 Dei
1752 3887 1939 3943 hostes

358 3980 507 4045 sint,
563 3995 626 4034 ac
682 3996 710 4032 a
768 3988 876 4034 tota
919 3979 1080 4034 alieni
1131 3979 1571 4043 christianitate,
1610 3979 1700 4048 qui
1753 3994 1940 4049 aperte

332 4073 627 4128 .Christum
671 4087 736 4127 ac
753 4072 869 4143 ejus
891 4072 1180 4142 discipulos
1205 4072 1711 4129 anathematizent?
1741 4070 1931 4128 Videte

342 4165 562 4234 itaque,
592 4164 857 4233 Armenii,
888 4164 1192 4218 daemonum
1228 4179 1443 4229 currus,
1474 4164 1808 4234 inquantum
1833 4165 1938 4218 im-

337 4257 611 4328 “;pietatem
642 4269 705 4309 ac
739 4254 1127 4323 impudentiam
1163 4255 1398 4324 prolapsi
1437 4256 1581 4322 sitis,
1625 4265 1689 4311 ut
1734 4257 1932 4311 nedum

338 4359 599 4403 sanctam
660 4347 929 4416 synodum
984 4345 1525 4425 Chalcedoneusem,
1573 4361 1638 4401 ac
1684 4362 1806 4402 cum
1865 4362 1930 4402 ea

2063 510 2173 579 γὰρ
2200 509 2295 563 καὶ
2319 510 2351 580 ἡ
2386 508 2525 578 σὰρξ
2558 507 2727 563 αὐτοῦ
2759 510 3014 579 θεότητος
3036 512 3253 579 γέγονε,
3312 515 3541 586 εὔδηλον
3566 521 3649 575 ὅτι

2062 602 2162 655 οὐκ
2192 597 2260 671 ἦν
2286 600 2445 671 σάρξ,
2481 601 2617 655 ἀλλά
2645 600 2862 672 πνεῦμα
2894 602 3056 657 ἀῠλον
3096 607 3191 658 καὶ
3228 607 3351 675 πῦρ
3386 626 3646 665 κατανα-

2060 692 2303 759 λίσκον,
2346 691 2530 756 καθὼς
2565 693 2595 745 ὁ
2623 693 2829 763 Κύριος
2863 694 3112 749 διδάσκει
3160 696 3372 766 λέγων’
3404 705 3649 771 Πνεῦμα

2062 787 2095 838 ό
2122 785 2289 851 Θεός.
2334 785 2522 839 Εἰπὼν
2543 786 2600 842 δὲ
2632 787 2745 848 τοῖς
2775 785 3120 853 ἀποστόλοις,
3160 789 3341 860 σάρκα
3376 791 3524 861 ἔχειν
3552 796 3646 853 καὶ

2060 876 2218 941 ὀστᾶ,
2271 877 2367 929 καὶ
2422 877 2658 947 μάλιστα
2715 877 2854 947 μετά
2895 878 2995 948 τὴν
3035 879 3357 947 ἀνάστασιν,
3405 883 3644 939 δείκνυσι

2058 968 2286 1032 τούτους
2311 968 2557 1041 ἀρνητάς
2595 969 2694 1041 τῆς
2731 969 2926 1024 ἑαυτοῦ
2966 970 3169 1041 σαρκὸς
3209 974 3303 1026 καὶ
3342 980 3642 1047 χριστομά-

2059 1078 2155 1128 χου
2170 1078 2208 1121 ς.

2128 1150 2204 1208 0'.
2248 1152 2309 1205 Εί
2362 1152 2456 1206 οῦν
2510 1152 2572 1207 τὸ
2633 1154 2903 1221 πανάγιον
2971 1154 3133 1223 σῶμα
3199 1155 3461 1224 Χριστοῦ,
3515 1159 3641 1212 οὔτε

2063 1244 2301 1315 ἀναρχόν
2323 1247 2491 1309 ἐστιν,
2525 1245 2651 1299 οὔτε
2679 1247 3017 1315 συνάναρχον
3042 1246 3121 1318 τῷ
3140 1248 3335 1318 Πατρὶ.
3359 1250 3486 1305 οὔτε
3514 1269 3643 1304 συν-

2060 1334 2254 1399 αΐδιον,
2309 1333 2436 1389 οὔτε
2474 1337 2752 1401 ἀκτιστον,
2787 1335 2913 1390 οὔτε
2946 1336 3187 1403 αἰώνιον,
3217 1337 3342 1393 οὔτε
3386 1342 3639 1412 ἀόρατον,

2055 1425 2179 1479 οὔτε
2208 1427 2643 1497 ἀπερίγραπτον,
2667 1427 2791 1481 οὔτε
2811 1429 3199 1501 ξάψηλάφητον,
3220 1430 3346 1486 οὔτε
3377 1434 3638 1499 ἀθέατον,

2054 1514 2178 1570 οὔτε
2202 1517 2630 1588 ἀσχημάτιστον,
2660 1517 2788 1572 οὔτε
2806 1520 3024 1591 πνεῦμα
3046 1522 3137 1575 τὸν
3170 1522 3400 1593 οὐρανὸν
3428 1526 3522 1580 καὶ
3539 1526 3640 1597 τὴν

2054 1608 2159 1677 γῆν
2185 1607 2447 1678 πληροῦν.
2476 1609 2589 1663 ἀλλ’
2618 1611 2651 1681 ἡ
2673 1610 2861 1676 θεότης
2891 1626 2907 1641 ·
2933 1610 3057 1664 οὔτε
3077 1612 3303 1677 ἁπλοῦν,
3321 1612 3444 1667 οὕτε
3474 1617 3636 1669 ἀσύν-

2057 1698 2230 1762 θετον,
2244 1699 2370 1752 οῦτε
2389 1700 2616 1755 ἀθέατον
2633 1701 2887 1769 ἀγγέλοις
2912 1702 3007 1757 καὶ
3030 1703 3359 1774 ἀνθρώποις,
3379 1704 3502 1759 οῦτε
3522 1705 3636 1778 πῦρ

2050 1794 2449 1850 καταναλίσκον
2474 1812 2489 1828 ο
2528 1796 2646 1861 πῶς
2671 1796 2834 1867 φύσει
2862 1797 3058 1869 θεότης
3078 1801 3256 1865 ἐστὶν,
3284 1802 3358 1865 ὡς
3381 1805 3430 1856 oi
3477 1804 3634 1857 Ἀκέ-

2049 1886 2210 1955 φαλοι
2259 1887 2633 1958 φλυαροῦσινς
2672 1889 2885 1961 Ὠσπερ
2919 1892 3027 1961 γὰρ
3058 1893 3232 1961 Λόγος
3256 1894 3393 1966 σὰρξ
3418 1896 3636 1964 ἐγένετο

2048 1975 2355 2047 ἀτρέπτως,
2405 1980 2464 2032 οὑ
2505 1980 2832 2050 μεταϐαλὼν
2880 1981 2981 2053 τὴν
3025 1985 3223 2038 ἑαυτοῦ
3273 1987 3506 2059 θεότητα
3548 1989 3633 2053 είς

2051 2066 2269 2135 σάρκα’
2317 2069 2459 2123 ἀλλά
2518 2070 2652 2134 θεὸς
2713 2072 3005 2142 ἀτρέπτως
3055 2074 3295 2144 διέμεινε
3346 2079 3440 2131 καὶ
3491 2060 3634 2148 μετά

2049 2158 2362 2229 σάρκωσιν·
2395 2158 2537 2213 οὕτω
2572 2162 2666 2215 καὶ
2713 2163 2746 2233 ἡ
2784 2161 2923 2233 σὰρξ
2960 2164 3127 2219 αὐτοῦ
3164 2164 3427 2220 θεωθείσα
3462 2168 3629 2240 ἀτρέ-

2048 2262 2196 2311 πτως
2233 2250 2328 2302 καὶ
2364 2250 2788 2321 ἀμεταϐλήτως,
2823 2254 2923 2322 τῆς
2957 2253 3091 2317 ίδὶας
3118 2253 3337 2324 φύσεως
3370 2259 3465 2311 καὶ
3500 2259 3632 2312 ἰδιό-

2045 2354 2210 2406 τητος
2233 2338 2336 2391 οὐκ
2365 2339 2605 2409 ἐτράπη,
2638 2340 2763 2395 οὔτε
2803 2342 2883 2406 είς
2905 2343 3068 2412 φύσιν
3108 2345 3361 2416 θεότητος
3391 2349 3629 2418 μεταϐέ·

2048 2429 2269 2501 ϐληται.
2334 2434 2445 2488 Καὶ
2496 2434 2587 2488 διὰ
2631 2434 2814 2499 τοῦτο,
2861 2437 2994 2491 Θεὸν
3050 2440 3145 2493 καὶ
3197 2440 3486 2511 ἄνθρωπον
3534 2443 3629 2495 τὸν

2046 2523 2283 2594 Χριστὸν
2321 2526 2381 2578 ἐν
2411 2525 2505 2579 δύο
2535 2525 2734 2594 φύσεσι
2758 2528 2853 2581 καὶ
2881 2530 3192 2598 ἐνεργείαις
3216 2530 3310 2584 καὶ
3332 2531 3625 2602 θελήμασι,

2046 2617 2249 2681 πάντες
2287 2617 2338 2670 oi
2373 2618 2521 2687 ἅγιοι
2547 2619 2714 2673 αὑτοῦ
2745 2620 3074 2689 ὁμολογοῦσι
3104 2622 3199 2681 καὶ
3237 2622 3625 2695 κηρύττουσιν.

2046 2710 2109 2764 Ei
2144 2709 2201 2763 δὲ
2239 2710 2378 2783 σὰρξ
2422 2711 2591 2765 αὑτοῦ
2642 2714 2723 2775 εἰς
2758 2711 2921 2781 φύσιν
2968 2711 3224 2783 θεότητος
3277 2717 3626 2785 μετετράπη,
3714 2704 3717 2709 ’

2046 2800 2359 2871 πρόδηλον,
2426 2801 2510 2855 ὅτι
2555 2803 2583 2855 ὁ
2637 2802 2874 2873 Χριστὸς
2921 2802 3126 2867 τέλειος
3190 2803 3476 2874 ἄνθρωπος
3531 2806 3626 2860 καὶ

2042 2893 2329 2959 ὁμοούσιος
2351 2895 2487 2965 ἡμῖν
2515 2894 2577 2946 οὐ
2600 2892 2826 2948 δύναται
2863 2894 3140 2963 λέγεσθαι.

2117 3163 2171 3218 l'.
2214 3163 2349 3234 Περὶ
2379 3162 2480 3231 μὲν
2507 3162 2606 3233 τῆς
2633 3161 2800 3217 αὐτοῦ
2830 3163 3083 3235 θεότητος
3111 3162 3299 3232 λέγει·
3354 3164 3503 3234 Ἐγὼ
3525 3165 3625 3220 και

2048 3259 2080 3310 ὁ
2110 3255 2315 3324 Πατὴρ
2343 3255 2412 3310 ἒν
2443 3255 2654 3325 ἔσμεν.
2692 3255 2832 3328 Περὶ
2861 3256 2917 3309 δὲ
2949 3258 3050 3327 τῆς
3087 3258 3289 3328 σαρκὸς
3318 3257 3485 3312 αὐτοῦ
3522 3276 3623 3328 φη-

2045 3366 2129 3402 σιν
2161 3365 2174 3378 ⁸
2213 3348 2276 3401 '0
2330 3347 2533 3417 Πατήρ
2573 3364 2695 3417 μου
2739 3346 2953 3419 μείζων
2991 3350 3110 3419 μού
3152 3350 3322 3403 ἐστι’
3358 3351 3451 3404 καὶ
3474 3344 3623 3405 οὗτοι

2040 3441 2098 3495 δὲ
2128 3443 2175 3495 oi
2203 3441 2467 3512 θεομάχοι
2508 3441 2807 3511 Ἀρμένιοι,
2832 3442 2889 3493 ὲν
2918 3442 2984 3511 τῇ
3011 3442 3183 3512 μικρᾷ
3215 3442 3311 3495 καὶ
3344 3439 3615 3514 βδελυκτῇ

2042 3535 2137 3589 καὶ
2186 3534 2499 3605 βλασφήμῳ
2546 3533 2731 3587 αὐτῶν
2774 3532 3001 3604 συνόδῳ,
3041 3534 3109 3603 τῇ
3157 3533 3428 3607 γενομένῃ
3460 3536 3518 3590 ὲν
3552 3537 3622 3605 τῇ

2043 3625 2331 3695 θεοστυγεί
2379 3623 2561 3681 αὐτῶν
2604 3622 2781 3696 χώρᾳ,
2832 3626 2900 3695 τῇ
2952 3623 3263 3696 καλουμένῃ
3309 3624 3625 3697 Ἀρμενιστὶ

2042 3718 2234 3789 Τιϐὴν,
2276 3717 2572 3791 ἐριστικῶς
2611 3717 3017 3789 ἐπιγράφοντες
3047 3716 3299 3787 λέγουσιν
3324 3734 3338 3751 ο
3383 3737 3400 3770 ι
3444 3719 3514 3771 Ei
3536 3735 3623 3783 τις

2040 3810 2100 3863 οὐ
2141 3809 2290 3877 λέγει
2337 3810 2438 3881 τὴν
2478 3812 2658 3880 σάρκα
2705 3807 2801 3863 τοῦ
2858 3809 3101 3880 Χριστοῦ
3164 3810 3280 3864 ῐσον
3323 3808 3401 3880 τῷ
3446 3811 3622 3880 Πατρὶ

2043 3902 2292 3973 θεότητα,
2327 3902 2576 3973 ἀνάθεμα
2598 3901 2740 3955 ἔστω
2764 3902 2831 3971 οξ»
2868 3903 2987 3966 πῶς
3014 3902 3116 3958 οὐκ
3155 3904 3268 3957 εἰσὶ
3327 3904 3622 3975 προφανῶς

2042 3992 2303 4064 θεομάχοι
2357 3994 2454 4047 καὶ
2501 3992 2864 4064 ἀχριστίανοι,
2912 3994 3004 4047 τὸν
3047 3995 3285 4066 Χριστὸν
3327 3996 3623 4065 προςαπιῶς

2040 4084 2556 4151 ἀναθεματίζοντες,
2595 4086 2692 4139 καὶ
2736 4086 2862 4147 τοὺς
2894 4086 3145 4156 μαθητάς
3178 4086 3380 4153 αὐτοῦς
3423 4088 3620 4157 Ὀρᾶτε

2039 4173 2152 4239 οὖν,
2185 4167 2230 4228 ὦ
2272 4175 2573 4246 Ἀρμένιοι,
2616 4176 2843 4247 ἅρματα
2894 4175 3003 4228 τῶν
3043 4175 3335 4245 δαιμόνων,
3376 4179 3457 4239 είς
3486 4180 3620 4246 ὅσην

2040 4268 2299 4321 ἀσέϐειαν
2336 4270 2432 4321 καὶ
2459 4267 2852 4339 ἀναισχυντίαν
2881 4267 3231 4333 πεπτώκατε,
3267 4269 3341 4331 ὡς
3368 4270 3429 4322 οὑ
3459 4272 3622 4339 μόνον

2038 4359 2137 4429 τὴν
2169 4360 2226 4411 ὲν
2254 4357 2566 4428 Χαλκηδόνι
2604 4359 2768 4427 ἁγίαν
2797 4357 3036 4420 σύνοδον,
3068 4359 3163 4410 καὶ
3196 4358 3294 4411 σὺν
3330 4358 3468 4428 αὐτῇ
3492 4360 3620 4421 τοὺς

353 4450 577 4495 sanctos
600 4454 790 4495 omnes
814 4438 1233 4502 malediceretis,
1263 4455 1445 4493 verum
1471 4450 1526 4494 et
1568 4442 1740 4510 ipsum
1768 4440 1937 4494 Deum

2046 4453 2237 4521 ἁγίους
2298 4452 2544 4515 ἅπαντας
2590 4450 2973 4521 βλασφημεῖν,
3006 4448 3142 4501 ἀλλὰ
3189 4448 3285 4501 καὶ
3331 4449 3494 4502 αὐτὸν
3528 4448 3622 4502 τὸν

338 4533 700 4587 incarnatum
752 4531 947 4601 impie,
980 4527 1294 4586 Judxorum
1351 4545 1535 4601 more,
1588 4534 1935 4591 anathemate

332 4625 712 4681 .damnaretis.

422 4732 517 4788 XI.
547 4732 682 4787 Cum
714 4732 878 4802 igitur
915 4730 1163 4785 Christus
1212 4741 1369 4783 suum
1394 4735 1648 4781 astruens
1678 4725 1932 4783 incarna—

336 4826 554 4880 -tionetn
585 4822 785 4882 Judaeis
816 4824 961 4879 dicat
991 4841 1006 4877 :
1036 4824 1174 4886 Quid
1207 4836 1286 4874 me
1326 4820 1563 4891 qud-ritis
1615 4818 1931 4887 interﬁcere,

336 4917 612 4972 hominem
636 4917 727 4987 qui
759 4917 1025 4970 veritatem
1067 4914 1206 4968 vobis
1245 4912 1450 4964 locutus
1477 4926 1593 4965 sum
1613 4910 1676 4964 ἐἳ
1706 4925 1933 4978 magnus

357 5025 486 5064 vero
530 5010 735 5064 Paulus
795 5008 1080 5063 Timetheo
1139 5007 1414 5069 scribens,
1476 5006 1622 5061 dicat
1680 5020 1695 5058 :
1757 4999 1932 5057 Homo

344 5102 599 5158 ,Cltristus
628 5102 805 5165 Jesus,
828 5102 916 5170 qui
945 5101 1165 5165 tradidit
1198 5100 1527 5167 semetipsum
1556 5112 1655 5165 pro
1685 5094 1833 5149 nobis
1861 5096 1925 5163 ¹⁶ς

358 5211 420 5249 ae
454 5210 642 5249 rursus
677 5211 690 5247 :
732 5193 835 5247 Per
858 5195 1119 5246 hominem
1151 5208 1313 5258 mors,
1349 5201 1398 5245 et
1439 5204 1531 5259 per
1558 5188 1819 5245 hominem
1849 5202 1933 5240 re-

342 5287 703 5341 surrectionem
723 5285 945 5343 mortuis
975 5286 1015 5316 η
1052 5303 1067 5338 :
1100 5285 1151 5337 hi
1189 5293 1371 5337 autem
1413 5281 1619 5343 dicant,
1648 5293 1757 5338 non
1797 5291 1918 5339 esse

342 5378 627 5436 Christum
653 5379 945 5443 hominem,
970 5377 1063 5430 sed
1087 5376 1348 5433 duntaxat
1369 5374 1560 5438 Deum,
1594 5370 1730 5431 nihil
1749 5370 1926 5431 abun-

350 5473 576 5528 dantius
621 5474 674 5527 in
722 5486 819 5527 sua
858 5467 1131 5541 hypostasi
1180 5467 1497 5529 habentem,
1526 5479 1687 5535 quam
1730 5462 1926 5519 habeat

348 5562 549 5633 Pater;
578 5564 850 5635 quomodo
889 5577 1109 5633 prorsus
1141 5559 1438 5616 Christiani
1475 5568 1703 5629 possunt
1743 5556 1928 5627 appel-

416 5746 439 5777 ’
470 5744 630 5800 Joan.
655 5760 736 5811 ιν,
770 5745 863 5801 ει.
938 5745 960 5778 ⁸
991 5743 1126 5800 Joan
1180 5757 1288 5811 xiv,
1321 5741 1413 5800 εδ.
1494 5740 1515 5770 '
1540 5737 1696 5795 Joan.
1723 5752 1824 5804 vn,
1862 5735 1955 5792 20.

2039 4543 2462 4616 σεσαρκωμένον
2517 4542 2654 4596 Θεδν
2715 4542 2928 4605 ἀσεϐῶς
2983 4539 3402 4610 ἀναθεματίζειν
3450 4539 3528 4604 ὡς
3568 4543 3621 4595 οἱ

2049 4636 2321 4689 Ἰουδαῖοι.

2112 4728 2214 4783 IA'.
2251 4728 2312 4782 Εί
2342 4722 2437 4782 οὖν
2472 4728 2501 4780 ό
2536 4725 2779 4797 Χριστὸς
2803 4725 2903 4796 τὴν
2953 4725 3154 4780 ἑαυτοῦ
3217 4725 3495 4796 σάρκωσιν
3527 4721 3623 4793 βε-

2032 4823 2207 4882 ϐαιῶν
2231 4822 2384 4890 ἔλεγε
2417 4824 2531 4885 τοῖς
2560 4818 2837 4883 Ἰουδαίοις
2861 4835 2875 4849 ο
2920 4820 2982 4873 Τί
3001 4835 3079 4887 με
3102 4805 3623 4886 ζητεῖτε’ὰποκτεῑ-

2034 4929 2152 4977 ναι,
2177 4912 2493 4981 ἄνθρωπον
2523 4912 2591 4979 ὃς
2628 4913 2747 4977 τὴν
2791 4912 3090 4979 ἀλήθειαν
3110 4910 3254 4981 ὑμῖν
3270 4908 3624 4977 λελάληκας

2035 5006 2129 5059 καὶ
2166 5005 2377 5069 Παῦλος
2415 5006 2475 5058 δὲ
2502 5006 2529 5058 ὁ
2552 5003 2729 5075 μέγας
2764 5004 3070 5066 ἀπόστολος
3102 5003 3335 5073 γράφων
3365 4999 3623 5069 Τιμοθέῳ

2034 5096 2260 5164 ἐλεγενο
2344 5097 2694 5165 Ἀνθρωπος
2778 5095 3019 5162 Ἰησοῦς
3066 5093 3344 5163 Χριστὸς,
3404 5095 3437 5145 ό
3474 5091 3623 5156 δοὺς

2033 5187 2253 5243 ἑαυτὸν
2280 5185 2433 5253 ὑπὲρ
2453 5184 2624 5255 ἡμῶν
2646 5202 2661 5217 ·
2692 5186 2784 5240 καὶ
2814 5185 3003 5253 πάλιν,
3030 5187 3115 5239 ὅτι
3142 5185 3224 5239 Δι’
3252 5184 3566 5252 ἄνθρωπον
3587 5184 3621 5235 ό

2032 5277 2312 5344 θάνατος,
2333 5274 2433 5330 καί
2458 5275 2533 5331 δι’
2554 5276 2870 5344 ἄνθρωπον
2891 5276 3235 5342 ἀνάστασις
3258 5275 3326 5329 ἐκ
3348 5271 3577 5340 νεκρῶν
3602 5290 3618 5304 ο

2032 5364 2181 5425 οὗτοι
2212 5369 2270 5422 δὲ
2326 5369 2607 5441 λέγουσιν,
2642 5369 2730 5421 ὅτι
2761 5370 2864 5422 οὐκ
2899 5368 3051 5422 ἔστιν
3090 5368 3188 5422 ἄνθ
3200 5383 3383 5437 ρωπος
3410 5367 3436 5419 ὁ
3485 5365 3623 5430 Χρι-

2036 5463 2185 5527 στὸς,
2217 5460 2355 5515 ἀλλά
2388 5460 2521 5524 Θεὸς
2564 5460 2724 5531 μόνον
2753 5473 2771 5488 ⁸
2804 5460 2957 5514 οὐδὲν
2996 5458 3257 5533 περισσὸν
3289 5456 3428 5527 ἔχων
3465 5456 3523 5507 ὲν
3550 5456 3617 5523 τῇ

2039 5555 2147 5627 ἰδίᾳ
2174 5554 2474 5613 ὑποστάσει
2503 5551 2657 5623 παρά
2683 5552 2774 5606 τὸν
2836 5552 3088 5623 Πατέρα·
3132 5551 3249 5615 πῶς
3299 5549 3436 5611 ὅλως
3490 5545 3622 5617 Χρι-

2034 5736 2078 5767 ¹⁶
2118 5732 2298 5788 Calat.
2337 5749 2397 5801 Il,
2425 5731 2518 5787 20.
2599 5733 2639 5763 "
2681 5731 2861 5786 lCor.
2897 5744 2987 5796 xv,
3019 5727 3109 5783 2|.
