4088 6412
433 354 596 419 .4167

1461 404 1465 409 .
1524 354 1779 415 {SAACI
1815 354 2188 417 ARMENl/E
2230 354 2641 418 CATHOLIGI

3572 354 3717 424 1168

439 487 574 526 atem
625 478 836 540 negent,
866 485 929 523 ex
975 483 1039 522 eo
1076 470 1269 540 liquet.
1306 469 1440 525 Cum
1491 471 1635 525 enim
1685 469 2020 542 Evangeliutt

2141 474 2384 545 Χριστοῦ
2421 475 2724 546 σάρκωσιν,
2759 472 2917 543 δῆλον
2939 473 3212 530 ἐντεῦθεν.
3239 475 3347 530 Τοῦ
3382 476 3716 545 Εὑαγγελίου

432 566 618 628 -ιίὶοαι,
675 574 833 618 sexto
875 563 1126 630 deinceps
1173 577 1356 616 mense
1390 577 1419 616 a
1449 563 1805 632 conceptione
1855 562 2031 619 Elisao

422 661 598 722 belli,
625 657 850 713 missum
903 671 1024 711 esse
1068 655 1450 726 archangelum
1481 654 1786 710 Gabrielem
1815 657 1882 710 ad
1913 655 2030 710 Ma-

438 751 585 805 eiam
639 749 932 818 Virginem,
989 748 1081 818 qui
1133 745 1466 801 Dominicam
1517 747 1566 802 ei
1619 747 2026 817 conceptionem

446 842 723 897 nuntiaret
760 858 775 896 :
810 840 866 894 hi
907 840 1083 910 potius
1105 839 1282 894 laetam
1314 839 1578 908 ejusmodi
1610 853 1673 894 ac
1702 838 2026 893 horrendam

419 933 869 996 solemnitatem,
919 931 1262 1002 primamque
1316 932 1502 985 mundi
1556 930 1809 996 salutem,
1837 947 1900 985 ac
1931 931 2024 986 Dei

423 1024 736 1080 {ienitricis
752 1023 1029 1092 gaudium,
1055 1038 1207 1078 more
1226 1021 1534 1078 Judaeorum
1562 1032 1760 1093 negant
1783 1038 1798 1088 ;
1831 1037 1896 1076 ac
1916 1021 2028 1075 vcl-

444 1129 506 1173 ttt
531 1117 734 1173 luctum
762 1115 1142 1186 suscipientes,
1170 1115 1312 1170 nulla
1350 1129 1574 1185 prorsus
1595 1115 1805 1168 ratione
1827 1112 2022 1167 festive

431 1209 649 1277 colunt,
678 1217 774 1264 aut
798 1208 1060 1264 celebrari
1097 1208 1205 1263 ulla
1235 1207 1494 1262 memoria
1527 1206 1749 1270 habent,
1783 1220 2022 1275 evange-

415 1299 586 1354 --listis
622 1314 686 1354 ac
728 1298 986 1369 apostolis
1037 1297 1386 1352 adversantes
1433 1295 1782 1351 Hebraeorum
1811 1294 2020 1358 instar;

435 1399 504 1442 .nt
547 1405 668 1458 quae
720 1390 795 1444 illi
849 1389 1023 1445 sancti
1071 1387 1307 1458 Spiritus
1351 1385 1536 1442 afﬂatu
1562 1385 2022 1455 conscripserunt,

431 1483 549 1553 ipsi
580 1498 686 1536 non
711 1481 996 1552 recipiant.
1281 1547 1300 1559 ﬁ

515 1587 578 1642 ll.
614 1587 902 1642 Enimvero
928 1586 1057 1656 quid
1087 1585 1300 1642 scelesti
1335 1583 1702 1656 respondent?
1726 1581 2020 1652 Haudqua-

427 1695 608 1751 ~quam
640 1680 916 1735 Dominica
965 1681 1306 1734 attnuntiatio
1339 1678 1532 1733 Martio
1559 1691 1744 1732 mense
1773 1674 2019 1745 contigit,

437 1789 615 1844 caque
647 1773 853 1827 ratione
879 1787 985 1826 non
1017 1771 1350 1826 celebramus
1376 1771 1570 1840 ipsam.
1600 1767 1646 1823 Ο
1674 1767 1896 1822 multam
1924 1766 2023 1821 ho-

2133 567 2408 633 λέγοντος,
2466 565 2550 618 ὅτι
2588 564 2666 634 τῷ
2705 564 2852 635 ἕκτῳ
2905 567 3039 635 μηνὶ
3092 565 3203 619 ἀπὸ
3265 566 3367 636 τῆς
3393 566 3715 638 συλλήψεως

2145 656 2451 722 Ἐλισάϐετ,
2490 656 2774 725 ἀπεστάλη
2792 657 2819 708 6
2836 657 3178 726 ἀρχάγγελος
3197 657 3440 730 Γαϐριὴλ
3460 661 3597 730 πρὸς
3619 659 3719 728 τὴν

2132 744 2418 815 Παρθένον
2443 745 2683 816 Μαρίαν,
2719 745 3224 816 εὐαγγελιζόμενος
3252 747 3390 818 αὐτῇ
3456 747 3556 817 τὴν
3621 747 3717 800 τοῦ

2131 839 2342 908 Κυρίου
2374 835 2640 907 σύλληψιν
2669 852 2684 868 ·
2713 832 2865 890 οὗτοι
2890 835 2992 906 τὴν
3020 837 3278 909 τοιαύτην
3331 838 3565 911 φαιδρὰν
3624 838 3721 892 καὶ

2132 928 2372 1000 φρικτὴν
2400 929 2621 1000 ἑορτὴν,
2648 930 2746 982 καὶ
2770 928 2998 999 πρώτην
3032 928 3130 982 τοῦ
3159 930 3369 1000 κόσμου
3416 932 3719 1001 σωτηρίαν,

2131 1021 2227 1074 καὶ
2256 1021 2359 1090 τῆς
2389 1021 2656 1074 Θεοτόκου
2685 1020 2887 1092 χαρὰν,
2920 1020 3214 1091 ἀρνοῦνται
3261 1023 3465 1092 μᾶλλον
3527 1013 3720 1094 ὥσπερ

2139 1113 2414 1178 Ἰουδαῖοι,
2440 1112 2696 1184 καθάπερ
2727 1114 2926 1178 πένθος
2964 1115 3140 1186 αὐτὴν
3191 1115 3496 1186 δεχόμενοι,
3553 1116 3716 1169 οὐδα-

2130 1203 2248 1274 μῶς
2271 1204 2380 1258 οὐδ’
2411 1205 2549 1269 ὅλως
2587 1205 2758 1276 αὐτὴν
2782 1206 3140 1278 ἑορτάζουσιν
3191 1207 3221 1278 ἢ
3283 1209 3717 1279 μνημονεύουσι,

2125 1297 2241 1358 τοῖς
2268 1295 2686 1364 εὖαγγελισταῖς
2721 1298 2817 1350 καὶ
2851 1299 3200 1364 ἀποστόλοις,
3246 1300 3437 1370 ὥσπερ
3470 1300 3712 1369 Ἑϐραῖοι

2125 1385 2520 1455 διαμαχόμενοι
2548 1403 2561 1417 ·
2595 1386 2684 1441 ἵνα
2729 1386 2876 1458 ἅπερ
2913 1389 3114 1442 ἐκεῖνοι
3144 1389 3203 1453 ἐξ
3261 1389 3419 1456 ἁγίου
3458 1387 3716 1458 Πνεῦμα-

2122 1491 2215 1535 τος
2243 1475 2671 1546 συνεγράψαντο,
2704 1472 2850 1532 οὗτοι
2888 1478 2950 1532 οὐ
2993 1480 3432 1550 παραδέχωνται.

2201 1561 2275 1619 B'.
2299 1564 2461 1618 Ἀλλά
2479 1568 2532 1618 τί
2561 1583 2728 1633 φασιν
2747 1569 2794 1620 οί
2814 1566 3098 1637 βδελυκτοί
3118 1587 3132 1634 ;
3161 1570 3275 1623 Οὐκ
3304 1571 3360 1621 ὲν
3381 1568 3458 1638 τῷ
3485 1569 3717 1639 Μαρτίῳ

2129 1657 2262 1727 μηνί⁵
2292 1657 2320 1708 6
2352 1657 2753 1727 εὖαγγελισμδς
2774 1659 2988 1727 γέγονε,
3026 1662 3120 1715 καὶ
3157 1661 3246 1714 διά
3268 1661 3432 1715 τοῦτο
3461 1661 3560 1731 οὐχ
3588 1663 3716 1731 ἐορ-

2125 1747 2361 1818 τάζομεν
2400 1749 2586 1801 αὐτόν.
2627 1750 2691 1801 Ὦ
2720 1751 2819 1820 τῆς
2857 1751 3058 1822 πολλῆς
3084 1753 3265 1806 αὐτῶν
3299 1754 3710 1824 ἀναισχυντίας.

441 1829 648 1919 minutn
679 1863 1062 1932 impudentiam
1087 1863 1100 1916 ί
1139 1829 1423 1918 Mendaces
1462 1876 1526 1916 ac
1553 1864 1873 1916 seductores
1897 1873 2020 1912 san-

2127 1839 2382 1904 Ψεύστας
2413 1841 2508 1895 καὶ
2541 1841 2782 1906 πλάνους
2815 1844 3030 1897 ποιοῦσι
3062 1845 3272 1908 πάντας
3318 1845 3445 1905 τοὺς
3496 1844 3708 1911 ἁγίους.

441 1970 563 2015 ctos
609 1972 798 2013 omnes
848 1955 1070 2012 faciunt.
1107 1954 1260 2011 Unde
1313 1968 1477 2024 porro
1510 1953 1801 2022 contigisse
1855 1950 2023 2020 liquet

444 2050 640 2106 Martio
674 2063 858 2103 mense
884 2046 981 2101 Dei
1015 2045 1310 2102 Genitricis
1341 2043 1852 2099 annuntiatiunem?
1876 2040 2020 2096 Sane

425 2146 522 2200 σεῖο
557 2142 917 2204 remhahere,
946 2149 1006 2192 ut
1043 2138 1269 2207 Deipara
1307 2136 1498 2190 Martio
1532 2150 1718 2190 mense
1752 2147 2021 2202 concepe-

444 2237 514 2291 rit
553 2233 686 2304 (ιι),
720 2231 869 2286 testis
901 2240 987 2285 est
1015 2230 1278 2283 Eusebius
1308 2227 1599 2296 Pamphili,
1633 2226 1714 2280 vir
1741 2225 2019 2280 studiosus

429 2342 509 2381 .ac
557 2323 984 2388 scientissimus,
1040 2319 1422 2375 ecclesiastica:
1467 2318 1706 2373 historia:
1763 2318 2020 2386 scriptor,

445 2420 590 2472 inter
613 2415 805 2470 Patres
823 2411 1256 2483 antiquissimus,
1285 2427 1425 2465 unus
1449 2425 1480 2465 e
1509 2409 1768 2466 trecentis
1792 2410 1897 2464 illis
1927 2412 2024 2466 de-

424 2523 562 2562 cem
597 2515 651 2559 et
690 2513 816 2560 octo
845 2502 1051 2558 sanctis
1108 2500 1362 2556 Patribus
1401 2500 1638 2556 Nicaenaa
1667 2501 1880 2570 synodi,
1915 2501 2021 2555 Pa-

435 2611 585 2656 trum
641 2595 1112 2666 eloquentissimus
1153 2608 1218 2648 ac
1267 2592 1622 2648 doctissimus
1650 2610 1664 2647 :
1693 2593 2025 2650 Athanasius

300 2744 327 2767 ,
426 2708 660 2765 quoque
683 2693 773 2747 ille
803 2705 1036 2760 magnus
1059 2688 1490 2753 Alexandrinus,
1517 2702 1582 2742 ac
1611 2699 1837 2744 sanctus
1857 2686 2026 2743 Joan-

434 2803 542 2842 nes
595 2786 1035 2856 Chrysostomus,
1083 2795 1384 2850 omnesque
1425 2778 1617 2835 deiferi
1670 2778 1882 2844 Patres,
1926 2780 2020 2849 qui

434 2881 628 2935 dicunt
671 2886 912 2934 sanctam
970 2874 1251 2944 Dciparam
1308 2872 1556 2928 vicesima
1612 2875 1800 2942 quinta
1841 2871 2022 2928 Martii

433 2973 618 3025 lanata
650 2967 838 3023 nuntia
865 2965 1134 3040 Gabrielis
1187 2977 1284 3018 ore
1328 2965 1627 3032 accepisse,
1659 2977 1762 3033 qua
1796 2964 1896 3032 ipsi
1932 2978 2022 3016 ra-

432 3063 610 3127 ιιὶειιιρ,
658 3075 724 3114 ac
773 3060 1095 3115 decesseres
1131 3070 1161 3110 a
1197 3055 1401 3110 sanctis
1449 3054 1710 3124 apostolis
1762 3054 2019 3108 traditum

443 3154 784 3221 accepissent
813 3168 828 3205 :
861 3166 926 3204 eo
953 3149 1120 3219 quod,
1163 3147 1431 3215 inquiunt,
1462 3145 1552 3200 illa
1585 3145 1674 3199 die
1699 3145 1868 3198 Adam
1904 3143 2018 3197 lue-

441 3255 528 3300 rat
555 3261 584 3297 a
621 3242 728 3297 Duo
755 3259 782 3294 a
809 3239 1077 3312 principio
1100 3240 1346 3294 conditus
1381 3259 1393 3292 :
1419 3251 1539 3305 quae
1562 3247 1644 3291 est
1675 3236 1853 3305 primo
1874 3236 2020 3291 edita

437 3337 688 3407 ejusdem
743 3334 948 3388 mensis
997 3333 1136 3395 dies,
1171 3346 1332 3400 quem
1362 3329 1574 3385 Hebraei
1609 3329 1881 3397 appellant
1928 3327 2022 3384 ΝΞ-

441 3443 560 3488 san,
597 3441 662 3481 ac
688 3424 890 3479 nostris
936 3423 1133 3477 dicitur
1162 3421 1413 3476 Martius.
1463 3439 1481 3472 ι
1516 3421 1592 3475 Ea
1618 3421 1762 3475 enim
1797 3421 1906 3487 die,
1941 3420 2020 3475 in-

440 3521 636 3588 quiunt
684 3515 946 3570 Eusebius
984 3528 1049 3568 ac
1107 3522 1330 3567 sanctus
1376 3511 1732 3572 Athanasius,
1763 3509 2020 3564 conditus

441 3610 540 3665 fuit
570 3608 767 3674 Adam,
802 3605 1102 3672 eademque
1132 3601 1223 3657 Dei
1253 3600 1424 3656 Filius
1450 3617 1514 3656 ac
1547 3599 1779 3656 Verbum
1811 3601 1864 3655 in
1893 3599 2023 3655 Vir—

440 3701 581 3772 ginis
613 3708 767 3752 utero
812 3693 1100 3757 habitavit,
1138 3705 1201 3745 ac
1233 3689 1446 3744 demunt
1483 3690 1534 3743 itt
1575 3703 1662 3753 ea,
1700 3690 1871 3758 prima
1911 3691 2020 3744 Do-

439 3791 664 3855 minica,
697 3787 927 3857 contigit
964 3784 1191 3851 Pascha,
1220 3780 1534 3852 Christique
1583 3781 1917 3838 resurrectio
1947 3795 2019 3836 ex

420 3885 690 3942 'tnortuis.
727 3901 748 3934 ι
861 3923 864 3926 .

489 3991 602 4046 ςιιι.
641 3991 738 4047 Sin
769 3997 947 4044 autem
983 3985 1146 4042 etiam
1189 3983 1423 4039 universi
1451 3983 1624 4038 sancti
1661 3982 2019 4048 mentiuntur,

442 4098 544 4141 nec
571 4080 908 4138 annuntiatio
943 4077 1084 4133 facta
1131 4087 1213 4132 est
1247 4089 1432 4131 mense
1462 4071 1655 4128 Martio
1688 4087 1832 4143 :par
1879 4081 2020 4139 erat,

442 4187 501 4231 ut
537 4189 604 4230 ne
644 4174 720 4228 illi
754 4171 975 4226 omnino
1025 4179 1309 4238 negarent,
1341 4181 1406 4221 ac
1449 4164 1668 4220 silentio
1718 4165 2019 4226 traderent,

441 4267 538 4325 sed
565 4265 903 4322 celebrarent
929 4261 1008 4317 vel
1041 4258 1338 4331 Aprili,\vel
1366 4257 1530 4321 Maio,
1552 4255 1634 4311 vel
1655 4255 1766 4310 alio
1809 4267 2018 4319 mense,

441 4373 551 4431 quo
598 4357 678 4413 sic
722 4354 1070 4426 perspicuum
1112 4361 1282 4416 esset,
1339 4363 1448 4403 non
1487 4347 1614 4417 quia
1657 4355 1879 4417 negent,
1927 4341 2023 4398 sed

442 4454 573 4524 quia
634 4463 819 4506 mense
871 4445 1066 4501 Martio
1119 4452 1349 4516 negent,
1392 4441 1595 4496 ideirco
1643 4454 1751 4494 non
1777 4452 1900 4494 eam
1934 4451 2026 4490 αι.

2130 1933 2253 1986 Ὅτι
2279 1933 2334 1986 δὲ
2382 1935 2613 2005 Μαρτίῳ
2651 1937 2782 2006 μηνὶ
2820 1939 2848 1989 6
2883 1937 3296 2007 εὐαγγελισμὸς
3322 1937 3421 2007 τῆς
3444 1936 3710 1990 Θεοτόκου

2125 2026 2341 2095 γέγονε,
2377 2027 2544 2081 πόθεν
2566 2029 2758 2098 δῆλον;
2799 2029 2922 2083 Ὅτι
2954 2036 3096 2084 κατά
3122 2032 3367 2102 Μάρτιον
3411 2032 3556 2102 μῆνα
3585 2048 3711 2084 συν-

2127 2121 2321 2174 έλαϐεν
2355 2124 2386 2192 ὴ
2418 2123 2703 2188 Θεοτόκος,
2740 2125 2953 2194 μάρτυς
3003 2124 3265 2189 Εὐσέϐιος
3319 2127 3347 2178 6
3401 2125 3711 2194 ΙΙαμφίλιος

2127 2212 2441 2283 φιλομαθὴς
2471 2215 2567 2268 καὶ
2623 2214 2958 2286 πολυῖστωρ,
3011 2216 3040 2268 6
3082 2215 3182 2285 τῆς
3241 2215 3712 2285 ὲκκλησιαστικῆς

2128 2301 2374 2372 ίστορίας
2404 2304 2776 2374 συγγραφεὺς,
2809 2305 2836 2354 6
2868 2306 3223 2376 ἀρχαιότερος
3253 2303 3361 2359 τῶν
3389 2306 3562 2374 ἁγίων
3598 2304 3713 2356 Πα-

2124 2393 2322 2465 τέρων,
2356 2390 2436 2458 εἷς
2467 2393 2542 2448 ὣν
2561 2396 2668 2450 τῶν
2685 2402 2789 2467 τιη’
2811 2397 2983 2465 ἁγίων
3011 2398 3269 2468 Πατέρων
3299 2397 3398 2468 τῆς
3426 2397 3481 2449 ἐν
3504 2397 3713 2468 Νικαέᾳ

2124 2486 2351 2557 πρώτης
2381 2487 2629 2553 συνόδου,
2669 2490 2698 2541 6
2721 2488 2941 2543 πάντων
2970 2487 3080 2542 τῶν
3133 2489 3395 2560 Πατέρων
3451 2487 3711 2556 λογιώτε-

2127 2596 2219 2652 ρος
2245 2581 2340 2634 καὶ
2370 2580 2874 2653 πολυμαθέστερος.
2933 2580 3045 2634 Καὶ
3116 2579 3437 2643 Ἀθανάσιος
3469 2581 3496 2632 6
3534 2579 3711 2649 μέγας

2137 2672 2572 2744 Ἀλεξανδρείας,
2605 2673 2701 2727 καὶ
2725 2674 2751 2725 6
2774 2672 2931 2741 ἀγιος
2967 2670 3223 2743 Ἰωάννης
3241 2673 3270 2724 6
3296 2671 3706 2741 Χρυσόστομος,

2123 2765 2219 2820 καὶ
2248 2765 2449 2828 πάντες
2473 2765 2526 2818 οί
2549 2765 2800 2836 θεοφόροι
2829 2763 3092 2833 Πατέρες,
3122 2765 3188 2832 τῇ
3228 2767 3306 2815 κε’
3335 2760 3427 2814 τοῦ
3460 2759 3706 2831 Μαρτίου

2125 2859 2296 2930 μηνὸς
2339 2857 2588 2926 λέγοντες
2619 2856 3082 2925 εὐαγγελισθῆναι
3105 2854 3203 2924 τὴν
3233 2854 3497 2906 Θεοτόκον
3525 2855 3589 2905 ὲκ
3611 2851 3706 2905 τοῦ

2123 2948 2389 3019 Γαϐριὴλ,
2425 2947 2610 3011 καθὼς
2642 2948 2822 3014 αὐτοὶ,
2857 2947 2953 3000 καὶ
2985 2947 3035 2999 οί
3067 2946 3196 3016 πρὶν
3225 2945 3429 3010 αὐτῶν,
3485 2946 3551 2997 ὲκ
3597 2943 3708 2996 τῶν

2123 3041 2295 3109 ἁγίων
2327 3041 2646 3093 ἀποστόλων
2671 3039 2986 3110 παρέλαϐον
3015 3055 3027 3068 ·
3067 3038 3159 3091 διὰ
3209 3037 3271 3090 τὸ
3333 3036 3552 3106 ἐκείνην
3605 3035 3708 3103 τὴν

2124 3131 2364 3203 ἡμέραν,
2435 3135 2591 3200 φασὶ,
2649 3131 2740 3184 τὸν
2813 3131 2990 3200 Ἀδὰμ
3050 3131 3156 3184 ὑπὸ
3213 3128 3348 3183 Θεοῦ
3393 3127 3708 3197 πλασθῆναι

2128 3221 2390 3296 ἐξβιρχῆς
2416 3238 2428 3250 ·
2462 3221 2726 3292 ἦτιςὲστὶ
2755 3223 3162 3293 πρωτόκτιστος
3201 3220 3383 3292 ἡμέρα
3413 3221 3508 3273 τοῦ
3537 3219 3706 3272 αὑτοῦ

2125 3315 2316 3387 μηνὸς,
2348 3315 2480 3386 παρ’
2542 3315 2817 3391 Ἑϐραίοις
2875 3316 3173 3386 λεγομένου
3229 3315 3423 3379 Νισάν,
3484 3313 3542 3377 ὅς
3589 3316 3705 3366 ἐστι

2123 3413 2254 3483 παρ’
2279 3415 2412 3481 ἡμῖν
2445 3411 2716 3482 Μάρτιος.
2761 3431 2780 3464 ι
2832 3411 2920 3465 Ἐν
2951 3412 3091 3482 αὐτῇ
3123 3411 3233 3481 γὰρ
3264 3414 3333 3482 τῇ
3363 3410 3549 3480 ἡμέρα
3597 3427 3706 3478 φη·-

2123 3505 2211 3558 σὶν
2236 3503 2265 3556 6
2297 3503 2582 3570 Εὐσέϐιος,
2608 3504 2703 3556 καὶ
2732 3503 2760 3556 6
2813 3504 2969 3571 ἆγιος
3029 3502 3367 3568 Ἀθανάσιος,
3417 3500 3506 3555 τὸν
3535 3502 3707 3569 Ἀδὰμ

2122 3596 2433 3667 πλασθῆναι
2462 3615 2475 3626 ⁸
2515 3597 2612 3651 καὶ
2640 3598 2698 3648 ὲν
2723 3596 2886 3667 αὐτῇ,
2910 3598 2979 3667 τῇ
3013 3595 3214 3666 γαστρὶ
3266 3594 3365 3663 τῆς
3422 3594 3704 3664 Παρθένου

2121 3687 2404 3758 ἐνοικῆσαι
2433 3686 2525 3741 τὸν
2553 3686 2646 3742 τοῦ
2696 3686 2833 3740 Θεοῦ
2880 3687 3007 3740 Υίὸν
3061 3688 3157 3740 καὶ
3215 3685 3424 3754 Λόγον·
3501 3687 3595 3738 καὶ
3646 3687 3705 3738 ἐν

2121 3779 2260 3850 αὐτῇ
2291 3777 2574 3848 γεγονέναι
2604 3782 2672 3851 τῇ
2703 3778 2896 3852 πρώτῃ
2930 3781 3187 3852 Κυριακῇ
3219 3779 3432 3849 Πάσχα,
3472 3778 3566 3832 καὶ
3612 3781 3705 3831 τὶν

2121 3871 2362 3943 Χριστὸν
2393 3871 2696 3943 ἐγερθῆναι
2731 3873 2798 3926 ὲκ
2822 3871 3060 3942 νεκρῶν.

2191 3959 2269 4019 Γ¹.
2300 3963 2364 4016 Εἰ
2386 3963 2444 4018 δὲ
2470 3962 2566 4017 καὶ
2597 3963 2798 4024 πάντες
2818 3963 2867 4016 οί
2927 3963 3073 4032 ἅγιοι
3129 3962 3441 4033 ψεύδονται,
3501 3961 3596 4015 καὶ
3641 3961 3702 4015 οὐ

2122 4056 2356 4128 Μαρτίῳ
2387 4056 2566 4128 μηνὶὸ
2618 4055 3021 4126 εὐαγγελισμὸς
3051 4055 3277 4125 γέγονεν
3299 4071 3315 4088 ο
3359 4053 3470 4108 ἔδει
3500 4054 3703 4118 αὐτοὺς

2127 4150 2204 4222 μὴ
2229 4148 2516 4213 παντελῶς
2550 4149 2718 4205 αὐτὸν
2745 4148 3165 4219 ἀρνεῖσθαι,καὶ
3187 4151 3314 4219 σιγῇ
3340 4147 3702 4217 παραδοῦναι,

2124 4243 2242 4300 ἀλλ’
2273 4242 2554 4312 ἑορτάζειν
2576 4242 2789 4313 αὑτὸνῆ
2841 4243 3162 4314 Ἀπριλλίῳ,
3189 4244 3223 4314 ἢ
3251 4244 3437 4313 Μαΐῳ,
3468 4241 3500 4313 ἢ
3525 4241 3702 4311 ἑτέρῳ

2124 4335 2279 4405 μηνὶ,
2300 4332 2390 4387 ἵνα
2416 4331 2591 4399 οὕτως
2613 4332 2908 4399 ἐδείκνυτο,
2934 4335 3018 4387 ὅτι
3045 4335 3144 4387 οὐκ
3199 4333 3526 4403 ἀρνούμενοι
3573 4332 3705 4384 ταύ-

2123 4441 2226 4496 την
2252 4426 2488 4498 Μαρτίῳ
2521 4425 2677 4497 μηνὶ,
2708 4425 2801 4480 διὰ
2825 4424 2986 4479 τοῦτο
3011 4426 3111 4495 οὐχ
3128 4425 3505 4497 ἑορτάζουσιν.
3538 4425 3701 4477 Ἀλλά

436 4512 674 4600 ichnre.
741 4539 1030 4594 Enimvet'o
1093 4512 1452 4604 ita'quoque
1511 4530 1772 4586 habentes
1802 4566 1818 4591 .
1887 4525 2019 4580 nihil

2126 4518 2222 4570 καὶ
2233 4515 2376 4570 οὕτω
2393 4516 2864 4584 ποιοῦντες,οὒδὲν
2879 4512 3043 4588 ἦττον
3061 4515 3343 4582 ἀσεϐοῦσι,
3362 4515 3489 4577 τοὺς
3507 4515 3701 4583 ἁγίους

379 4623 385 4631 ’
425 4635 629 4693 minus
679 4631 826 4702 impii
872 4637 1028 4692 sunt.
1061 4628 1166 4698 qui
1206 4625 1416 4681 sanctis
1462 4637 1525 4676 ae
1568 4637 1602 4676 a
1655 4619 1762 4674 Deo
1815 4616 2023 4673 albatos

2119 4606 2218 4661 καὶ
2245 4605 2539 4677 θεοφόρους
2566 4607 2816 4678 Πατέρας
2835 4605 3075 4675 ψεύστας
3099 4606 3193 4660 καὶ
3207 4605 3445 4664 πλάνους
3459 4605 3697 4674 ἔχοντες,

437 4727 656 4786 Patres.
690 4723 976 4778 mendaces
1001 4735 1065 4774 ac
1093 4722 1412 4774 seductores
1438 4713 1775 4776 existiment,
1800 4724 2020 4766 eorum-

2125 4700 2334 4764 καὶτὰς
2359 4699 2752 4764 θεοπνεύστους
2780 4699 2962 4753 αὐτῶν
2995 4699 3348 4764 διδασκαλίας
3373 4699 3594 4770 ψευδεῖς
3616 4698 3703 4751 λο-

419 4809 553 4892 aque
599 4813 861 4872 divinitus
910 4812 1228 4882 inspiratam
1271 4806 1595 4870 doctrinam,
1627 4803 1821 4860 falsam
1863 4816 2022 4872 repu-

445 4919 586 4972 tent,
616 4917 778 4975 atque
823 4918 907 4970 ea,
936 4916 1076 4973 quas
1125 4902 1225 4970 ipsi
1257 4897 1468 4955 fabulas
1493 4897 2010 4960 comminiscuntur,

441 4997 712 5054 firmiores
767 4993 1025 5047 habeant.
1055 4989 1416 5058 Quamobrem
1452 4988 1634 5057 palam
1677 4985 1918 5040 haeretici
1949 4999 2016 5039 ac

439 5082 989 5155 impii-inveniuntur,
1010 5083 1104 5149 qui
1131 5080 1340 5136 sanctis
1357 5077 1618 5134 zPatribus
1637 5093 1741 5132 non
1768 5079 2014 5143 credant,

435 5179 592 5250 juxta
623 5176 767 5246 quod
807 5174 883 5228 nit
912 5174 1094 5228 divina
1136 5173 1416 5243 Scriptura
1447 5189 1462 5226 :
1508 5170 1712 5240 Impius
1746 5170 1888 5223 enim
1915 5177 2014 5234 est,

427 5274 529 5345 qui
559 5265 950 5324 Itonot'a-bilium
978 5265 1168 5334 facient
1200 5281 1304 5318 non
1336 5274 1600 5319 reveretur
1630 5263 1696 5318 ¹⁸.
1726 5260 1880 5317 Nunc
1912 5278 2017 5316 au-

444 5375 576 5428 tem,
609 5375 730 5416 cum
775 5372 874 5413 nec
923 5355 1141 5420 Martio,
1174 5371 1274 5411 nec
1304 5355 1498 5426 Aprili,
1532 5371 1632 5410 nec
1685 5356 1794 5410 alio
1834 5367 2020 5408 mense

436 5452 640 5510 (cetum
682 5455 783 5508 hoc
809 5451 1106 5515 celebrent,
1144 5462 1242 5503 nec
1287 5447 1439 5518 juxta
1481 5447 1829 5516 Evangelium
1863 5455 2018 5500 sexto

433 5547 697 5618 deinceps
729 5558 915 5601 mense
950 5557 982 5597 a
1024 5539 1378 5611 conceptione
1405 5539 1685 5595 Elizabeth
1737 5538 2014 5604 recolant;

509 5684 560 5718 "
590 5686 716 5754 Sep.
751 5699 815 5749 ιι,
845 5681 930 5739 10.

497 5799 628 5865 ΔΜ)
653 5798 855 5855 Confer
890 5781 1136 5856 Combel‘.
1169 5798 1221 5854 in
1248 5807 1373 5854 nota
1407 5796 1475 5853 ad
1509 5803 1646 5854 hunc
1675 5797 1870 5854 locum.

2115 4790 2416 4863 γιξόμενοι,
2449 4795 2546 4846 καὶ
2574 4793 2674 4856 τάς
2696 4792 2906 4846 ἑαυτῶν
2955 4792 3286 4862 μυθολογίας
3341 4791 3701 4862 βεϐαιοτέρας

2113 4885 2214 4954 τῆς
2243 4884 2595 4948 διδασκαλίας
2617 4884 2726 4938 τῶν
2769 4885 2941 4952 ἁγὶων
2971 4884 3206 4954 ἔχοντες.
3247 4885 3411 4938 Ὅθεν
3439 4888 3531 4938 καὶ
3562 4901 3701 4953 προ-

2123 4979 2308 5048 φανῶς
2337 4979 2608 5049 αίρετικοὶ
2635 4979 2725 5032 καὶ
2753 4978 2971 5042 ἀσεϐεῖς
3001 4981 3372 5050 εὑρίσκονται,
3393 4983 3506 5041 τοῖς
3524 4979 3701 5046 ἁγίοις

2124 5072 2373 5141 Πατράσι
2401 5070 2476 5140 μὴ
2502 5070 2838 5140 πειθόμενοι,
2872 5070 3130 5141 κατάτὴν
3149 5071 3301 5123 θείαν
3326 5071 3548 5141 Γραφὴν
3600 5071 3701 5139 τὴν

2124 5163 2407 5231 λέγουσανο
2440 5164 2682 5231 Ἀσεϐὴς
2699 5162 2809 5231 γάρ
2833 5164 3026 5229 ἐστιν,
3051 5164 3114 5226 ὃς
3129 5166 3240 5216 οὐκ
3258 5163 3484 5232 ᾐδέσθη
3511 5163 3698 5231 πρόσο

2117 5270 2283 5309 ωπον
2337 5255 2612 5325 ἐντίμων.
2697 5255 2814 5310 Νῦν
2881 5256 2968 5321 δὲ,
3026 5257 3168 5326 μήτε
3233 5255 3490 5326 Μαρτίῳ,
3557 5256 3699 5324 μήτε

2129 5345 2446 5416 Ἀπριλλίῳ,
2471 5347 2608 5418 μήτε
2642 5349 2699 5400 ὲν
2728 5347 2902 5416 ἑτέρῳ
2935 5347 3066 5417 μηνὶ
3099 5347 3304 5417 ταύτην
3325 5346 3698 5418 ἑορτάζοντες,

2120 5441 2259 5510 μήτε
2282 5440 2423 5492 κατά
2451 5440 2512 5492 τὸ
2542 5439 2873 5508 Εὑαγγέλιον
2906 5441 3015 5493 ἀπὸ
3047 5443 3145 5511 τῆς
3205 5439 3522 5510 συλλήψεως
3563 5438 3702 5492 Ἐλι-

2120 5530 2482 5604 σάϐετ,.ἓκτῳ
2510 5530 2643 5604 μηνὶ
2675 5531 2768 5586 τὸν
2789 5532 3193 5605 εὐαγγελισμδν
3219 5532 3529 5601 ποιοῦντες,
3561 5531 3696 5604 πρό-
