4088 6408
396 388 539 456 1169

1459 406 1748 469 ORATIO
1794 407 1816 466 Ι
1861 407 2164 468 CONTRA
2206 412 2624 474 ARMENIOS.

3514 406 3661 471 11Ἱῦ

391 507 545 575 δηλοί
572 508 711 562 εἰσιν
740 511 826 565 ὅτι
857 510 1276 587 Εὑαγγελισμδν
1309 521 1409 588 τῆς
1436 520 1727 584 Θεοτὸκου,
1766 521 1885 590 μεθ’
1910 514 1972 574 οῦ

2089 522 2250 591 palam
2277 535 2381 587 cst,
2415 541 2615 593 negare
2645 540 2740 580 ens
2780 527 3023 596 Deipara:
3046 526 3551 587 Annuntiationem,
3591 539 3655 578 ae

396 602 490 652 καὶ
512 600 612 671 τὴν
653 602 912 673 γέννησιν
944 607 1038 660 τοῦ
1072 610 1336 679 Χριστοῦ,
1372 613 1468 666 καὶ
1490 612 1593 683 τὴν
1651 614 1933 684 σάρκωσιν
1958 631 1972 645 ο

394 693 491 744 καὶ
518 692 607 747 διὰ
641 695 799 749 τοῦτο
825 701 955 769 μίαν
1000 702 1162 768 φύσιν
1211 707 1270 756 ὲν
1332 705 1483 776 αὐτῷ
1535 705 1975 776 βλασφημοῦσιν.

397 783 459 835 El
485 788 594 857 γὰρ
618 787 910 857 ψεύδονται
943 793 1045 862 μὲν
1080 796 1131 846 οἰ
1162 795 1316 864 ἅγιοι
1348 798 1620 868 Πατέρες,
1664 799 1757 852 τὸν
1810 799 1976 868 εύαγ·

396 877 902 954 γελισμδνΜαρτίῳ
926 886 1179 953 λέγοντες
1227 890 1582 959 γεγενῆσθαι,
1622 892 1729 944 ἔδει
1778 892 1979 956 αὐτοὺς

396 970 828 1043 ἁκριϐολογῆσαι
889 979 984 1030 καὶ
1034 980 1237 1049 εὑρεῖν,
1330 982 1459 1036 πότε
1526 983 1626 1055 μὲν
1684 985 1979 1039 συνέλαϐεν

410 1060 691 1117 Ἐλισάϐετ
728 1066 760 1133 ἡ
795 1067 935 1139 γυνὴ
968 1070 1267 1141 Ζαχαρίου,
1308 1076 1403 1128 καὶ
1436 1077 1575 1146 ποίῳ
1648 1079 1817 1148 μηνί·
1884 1077 1980 1130 καὶ

399 1151 459 1216 ἐξ
485 1154 694 1208 ἐκείνου
731 1157 1037 1230 ἀριθμῆσαι
1094 1165 1268 1234 μῆνας
1307 1166 1386 1230 ἒξ,
1430 1168 1523 1220 καὶ
1551 1173 1642 1220 τὸν
1686 1170 1980 1237 εὐαγγελι-

400 1247 539 1312 σμὸν
561 1248 660 1316 τῆς
688 1252 952 1307 Θεοτόκου
987 1256 1272 1325 ἑορτάσαι,
1310 1260 1494 1327 καθὼς
1516 1262 1576 1316 τὸ
1640 1264 1980 1333 Εὑαγγέλιον

400 1341 865 1409 παρακελεύεται.

948 1442 1345 1501 ΚΕΦΑΛΑΙΟΝ
1375 1447 1447 1502 Γ’.

680 1530 821 1599 Περὶ
871 1532 984 1601 τῆς
1014 1537 1274 1605 Χριστοῦ
1309 1542 1694 1611 Γεννήσεως.

471 1611 607 1672 Εἶτα
642 1622 805 1675 πάλιν
838 1625 947 1677 ἀπὸ
1012 1627 1109 1680 τοῦ
1165 1630 1611 1705 Εὐαγγελισμοῦ,
1671 1638 1978 1709 ἀριθμῆσαι

402 1710 579 1776 μῆνας
604 1711 669 1775 θ’,
716 1713 858 1768 οὕτω
883 1717 1166 1789 ἑορτάζειν
1203 1723 1399 1789 αὐτοὺς
1429 1727 1528 1796 τὴν
1589 1728 1685 1783 τοῦ
1738 1732 1977 1801 Χριστοῦ

398 1802 683 1874 Γέννησιν.
714 1807 832 1861 Νῦν
859 1810 916 1864 δὲ
944 1813 1082 1882 μετά
1115 1814 1226 1888 (12)
1259 1817 1358 1887 τὴν
1384 1819 1649 1891 σύλληψιν
1692 1824 1977 1880 Ἐλισάϐετ

402 1897 857 1988 μνημονευόντων
890 1903 1090 1973 αὐτῶν,
1119 1908 1258 1978 μήτε
1291 1911 1369 1980 τῷ
1394 1911 1539 1982 ἕκτῳ
1586 1916 1719 1983 μηνὶ
1748 1915 1857 1969 ἀπὸ
1877 1917 1977 1988 τῆς

406 1985 724 2080 συλλήψεως
744 1992 835 2045 τὸν
864 1994 1279 2071 Εύαγγελισμὸν
1313 2003 1409 2072 τῆς
1467 2005 1733 2061 Θεοτὸκου
1786 1985 1981 2080 ἑορτα-

401 2078 629 2172 ξῦξτων,
667 2083 805 2153 μήτε
840 2087 977 2155 μετὰ
1012 2089 1192 2160 μῆνας
1223 2092 1268 2145 θ’
1288 2095 1381 2147 τοῦ
1412 2078 1860 2169 Εὐαγγελισμοῦ,
1882 2101 1980 2172 τὴν

397 2168 492 2221 τοῦ
536 2171 775 2240 Χριστοῦ
797 2176 1064 2248 Γέννησιν
1089 2186 1598 2254 πανηγυριζόντων,
1636 2188 1667 2259 ἤ
1696 2168 1982 2245 ἐκτελοῦν-

397 2277 509 2356 των
544 2263 644 2333 τὴν
676 2267 1028 2341 παγκόσμιον
1078 2275 1174 2328 καὶ
1207 2279 1452 2349 μεγάλην
1508 2282 1603 2334 καὶ
1658 2282 1981 2356 θαυμαστὴν

400 2354 598 2427 ἑορτὴν
630 2358 726 2412 καὶ
778 2364 1140 2430 πανένδοξονο
1171 2370 1373 2439 μᾶλλον
1417 2373 1497 2437 δὲ,
1559 2354 1984 2446 σκυθρωπάζον-

401 2463 512 2499 των
538 2449 721 2505 αὐτῶν
751 2456 847 2507 καὶ
879 2455 1217 2529 θλιϐομένων
1274 2464 1330 2516 ὲν
1373 2465 1510 2536 αὐτῇ
1568 2469 1634 2537 τῇ
1687 2469 1819 2539 ἁγίᾳ
1887 2471 1981 2524 καὶ

401 2540 604 2635 φαιδρᾷ
630 2545 816 2618 ἑορτῇ,
841 2548 916 2613 ὡς
932 2551 984 2603 οἱ
1028 2551 1293 2623 Ἰουδαῖοι,
1328 2559 1385 2610 ὲν
1412 2561 1546 2629 ῥιπῇ
1603 2561 1887 2633 ὀφθαλμοῦ
1912 2567 1978 2635 τῇ

399 2639 440 2685 ε’
470 2634 679 2707 ἑσπέρᾳ
702 2638 796 2692 τοῦ
841 2640 1174 2715 Ἰανουαρίου
1221 2650 1413 2718 μηνὸς,
1447 2653 1546 2722 οὐχ
1585 2634 1979 2723 ἑορτάζοντεςὲ

400 2726 587 2794 ἄπαγε
617 2745 631 2758 ο
658 2736 1045 2800 φανταστικῶς
1092 2739 1185 2791 καὶ
1237 2742 1496 2812 ἀμυδρῶς
1548 2746 1981 2817 μνημονεύοντες

400 2818 499 2871 τοῦ
527 2836 588 2873 τε
619 2822 1055 2897 εύαγγελισμοῦ,
1092 2832 1185 2884 καὶ
1224 2833 1323 2903 τῆς
1357 2835 1690 2908 Γεννήσεως,
1734 2840 1831 2893 καὶ⁵
1887 2841 1982 2895 τοῦ

405 2911 743 2984 βαπτισμοῦ,
802 2918 940 2989 πρὸς
998 2920 1219 2993 ἀπάτην
1269 2926 1380 2980 τῶν
1439 2929 1781 2984 ἀκουόντων·
1832 2933 1984 3000 ἐλέγ-

404 3019 590 3071 χονται
619 3009 913 3077 προφανῶς
948 3013 1006 3063 ὲν
1039 3012 1265 3084 δοκήσει
1296 3017 1394 3071 καὶ
1445 3022 1721 3093 φαντασίᾳ
1776 3025 1984 3097 κηρύτ-

401 3112 592 3159 τοντες
625 3098 897 3171 ἑκατέραν
933 3104 1149 3175 ἑορτὴν,
1183 3108 1279 3161 καὶ
1335 3110 1434 3163 οὐκ
1493 3113 1552 3165 ἐν
1597 3112 1827 3187 ἀληθείᾳ
1868 3117 1983 3171 ’τὸν

2076 629 2200 668 cum
2242 631 2325 681 ea,
2368 616 2574 673 Christi
2609 618 2956 675 Nativitatetn
3001 636 3063 674 ac
3088 619 3552 682 lncarnationem;
3598 626 3653 671 et

2076 707 2279 762 idcirco
2312 726 2470 765 unam
2503 712 2559 765 in
2587 712 2676 768 illo
2710 721 2957 768 naturam
2989 713 3389 782 blaspltemare.
3414 710 3483 766 Ut
3510 710 3657 764 enim

2075 800 2267 856 Patres
2295 806 2575 860 mendacio
2609 804 2818 871 fallant,
2841 807 2932 876 qui
2962 822 3147 862 mense
3180 806 3375 859 Martio
3407 810 3663 857 astruant

2079 894 2370 964 contigisse
2408 897 2906 962 Annuntiationetn,
2942 896 3243 952 debuerant
3283 896 3381 965 ipsi
3417 907 3651 950 accura-

2080 986 2186 1040 tius
2215 1003 2458 1053 quaerere
2520 1005 2583 1042 ac
2617 989 2878 1053 invenire,
2911 989 3252 1060 quandonatn
3285 987 3502 1040 tandem
3546 985 3659 1038 Eliv

2078 1078 2264 1131 sabeth
2337 1077 2613 1134 Zachariae
2668 1096 2806 1134 uxor
2857 1080 3233 1148 concepisset,
3292 1092 3357 1132 ae
3414 1092 3666 1149 quonam

2080 1182 2285 1232 mense,
2312 1178 2474 1237 atque
2499 1170 2568 1224 ab
2593 1185 2657 1223 eo
2682 1169 2936 1240 deinceps
2970 1185 3184 1225 menses
3213 1183 3374 1223 senos
3406 1168 3656 1221 dinumer

2080 1275 2222 1318 rare.
2270 1261 2458 1329 sicque
2503 1260 2593 1314 Dei
2624 1259 2915 1316 C‘enitricis
2950 1261 3435 1317 Annnntiationen:
3455 1302 3469 1325 ,
3500 1259 3671 1330 juxta.

2078 1351 2222 1421 quod
2252 1348 2604 1422 Evangelium
2636 1351 2813 1422 jubet,
2847 1351 3148 1407 celebrare.

2694 1442 2924 1498 CAPUT
2950 1442 3041 1501 1⁵11.

2548 1536 2624 1591 De
2654 1536 2852 1592 Christi
2875 1535 3196 1591 Nativilate.

2152 1626 2193 1685 Ι.
2218 1628 2353 1683 Tum
2370 1642 2560 1684 rursus
2586 1631 2651 1683 ab
2668 1629 3116 1695 Annuntiatione,
3139 1627 3437 1684 numeratis
3466 1641 3675 1679 novetrr

2081 1721 2377 1784 mensibus,
2410 1720 2733 1776 celebranda
2778 1733 2895 1777 erat
2931 1720 3135 1779 Christi
3160 1720 3449 1775 Nativitas.
3502 1717 3665 1772 Nunc

2082 1822 2284 1878 autem,
2315 1826 2438 1867 cum
2471 1826 2646 1883 neque
2667 1814 3013 1869 meminerint
3057 1813 3431 1883 conceptionis
3484 1809 3659 1866 Eﬁsa-

2081 1904 2231 1971 belli,
2262 1920 2359 1961 nec
2395 1914 2549 1961 sexto
2585 1919 2770 1962 mense
2807 1906 2873 1960 ab
2926 1906 3044 1975 ejus
3098 1904 3459 1975 conceptione
3511 1902 3658 1956 cele-

2081 1997 2240 2052 brent
2295 1995 2386 2052 Dei
2447 1996 2743 2051 Gcnitricis
2796 1996 3316 2059 Annuntiationem,
3382 2008 3483 2048 nec
3539 1999 3680 2061 post-

2082 2102 2274 2143 novem
2308 2103 2523 2142 menses
2552 2088 2621 2143 ab
2656 2087 3084 2143 Annuntiutione
3143 2086 3346 2142 Christi
3394 2084 3661 2140 Nativita-

2082 2182 2190 2227 tem
2220 2173 2410 2229 festam
2443 2185 2631 2246 agant,
2662 2186 2758 2231 aut
2812 2176 2996 2231 mundi
3047 2175 3240 2239 tutius,
3300 2185 3682 2245 magnamque-

2081 2279 2145 2320 ac
2168 2266 2500 2335 mirabilem,
2530 2268 2801 2338 planeque
2830 2267 3093 2325 illustrem
3119 2267 3516 2322 solemnitatem
3564 2278 3661 2318 co-

2082 2358 2195 2414 lant
2238 2379 2252 2415 :
2288 2360 2417 2429 quin
2463 2361 2641 2431 potius
2690 2360 3002 2416 Judazorum
3042 2375 3221 2425 more,
3248 2359 3427 2414 moesti
3471 2372 3533 2411 ac
3565 2356 3663 2410 tri-

2081 2461 2193 2506 stes
2226 2464 2417 2506 sancta
2453 2452 2565 2521 ipsa
2604 2468 2666 2508 ac
2708 2452 2824 2508 laeta
2873 2451 3193 2515 festivitate,
3228 2451 3280 2504 in
3330 2450 3436 2504 ictu
3492 2446 3677 2512 oculi,

2081 2542 2168 2596 die
2194 2542 2228 2597 5
2254 2540 2499 2597 Januarii
2533 2554 2973 2612 vesperascente,
3018 2557 3125 2598 non
3183 2541 3375 2594 festive
3436 2538 3659 2607 quidem

2081 2633 2379 2699 celebrent,
2414 2634 2584 2689 absill
2621 2634 2713 2689 sed
2745 2635 2889 2689 velut
2915 2635 3095 2704 specie
3122 2642 3276 2687 tenus
3308 2647 3371 2685 ac
3404 2629 3665 2690 obscure,

2083 2741 2205 2781 cum
2234 2727 2745 2793 Annuntiationem,
2796 2736 2907 2781 tum
2942 2725 3291 2780 Nativitatem
3344 2738 3408 2776 ac
3450 2719 3667 2790 Baptis-

2084 2833 2229 2871 tnum
2268 2819 2533 2884 recolunt,
2573 2837 2680 2889 quo
2713 2821 2783 2874 ita
2811 2820 3086 2876 auditores
3128 2818 3402 2888 decipiant
3441 2834 3453 2869 :
3510 2814 3666 2883 plane

2085 2919 2426 2979 arguuntur,
2497 2914 2810 2982 apparentia
2883 2923 3094 2968 tantum
3166 2926 3231 2966 ac
3288 2909 3433 2965 inani
3487 2908 3667 2978 specie

2086 3017 2378 3075 utramque
2407 3004 2616 3074 jactare
2647 3006 3041 3071 celebritatem,
3078 3021 3186 3061 non
3228 3006 3458 3061 veritate
3503 3001 3666 3057 Chri-

2086 3109 2232 3153 stum
2260 3099 2603 3153 incarnatum
2633 3099 2951 3168 praedicare.
2986 3098 3231 3168 Hincqne
3266 3100 3442 3168 palam
3491 3096 3667 3149 Evan.

405 3188 645 3259 Χριστὸν
677 3194 1032 3266 σαρκωθῆναι
1067 3201 1436 3269 κηρύττοντες
1471 3222 1485 3238 ο
1524 3206 1582 3273 ἐξ
1622 3199 1698 3261 ὧν
1743 3211 1838 3263 καὶ
1881 3211 1982 3281 ἀρφ

2089 3192 2286 3261 geliunt
2320 3201 2583 3261 negantes
2612 3191 2983 3257 inveniuntur,
3009 3206 3073 3247 ac
3128 3191 3223 3246 Dei
3268 3187 3674 3245 lncarnationis

406 3290 569 3353 νητσὶ
595 3287 696 3357 μὲν
723 3288 818 3342 τοῦ
885 3291 1223 3361 Εὖαγγελίου
1274 3298 1558 3369 προδήλως
1616 3302 1985 3374 εὑρίσκονται,

402 3379 497 3432 καὶ
520 3380 705 3453 ἐχθροί⁸
726 3383 824 3453 τῆς
855 3386 951 3439 τοῦ
980 3387 1114 3441 Θεοῦ
1139 3392 1491 3462 σαρκώσεως,
1549 3396 1643 3450 καὶ
1680 3396 1791 3450 τῶν
1816 3398 1988 3467 ἁγίων

406 3472 671 3544 Πατέρων
700 3476 972 3547 πολέμιοι.
1005 3482 1114 3535 Καὶ
1147 3483 1318 3537 ταῦτα
1350 3485 1450 3555 μὲν
1486 3487 1623 3556 πρὸς
1684 3489 1987 3560 ἀπόδειξιν,

407 3565 494 3620 ὃτι
526 3567 586 3620 ὲν
613 3571 889 3642 φαντασίᾳ
934 3573 1028 3626 τὸν
1061 3575 1299 3645 Χριστὸν
1348 3579 1704 3648 σαρκωθῆναι
1746 3581 1989 3651 λέγουσι,

406 3660 503 3712 καὶ
540 3660 630 3714 διὰ
658 3662 816 3718 τοῦτο
869 3667 998 3737 μίαν
1033 3668 1196 3738 φύσιν
1228 3671 1285 3723 ὲν
1324 3672 1474 3743 αὐτῷ
1498 3673 1843 3747 βλασφημεῖν
1890 3678 1991 3732 οὐκ

408 3752 783 3824 αἰσχύνονται.
1164 3762 1169 3765 ’

927 3880 1327 3949 ΚΕΦΑΛΑΙΟΝ
1351 3887 1428 3940 A'.

570 4032 573 4033 ν
623 3969 760 4038 Περὶ
797 3970 915 4025 τῶν
948 3974 1058 4027 δύο
1086 3976 1333 4044 φύσεων
1362 3978 1472 4033 τοῦ
1503 3979 1795 4049 Χριστοῦ.

480 4059 561 4114 A'.
598 4062 661 4113 Ei
685 4064 793 4132 γὰρ
823 4064 882 4117 ὲν
911 4065 1145 4139 ἀληθείᾳ
1180 4068 1316 4133 Θεὸς
1350 4072 1449 4125 καὶ
1499 4073 1788 4144 ἄνθρωπός
1845 4075 1996 4129 ἐστιν

410 4152 440 4203 ὁ
466 4152 722 4221 Χριστὸς,
751 4155 1041 4224 ὀμοούσιος
1068 4158 1146 4229 τῷ
1171 4160 1290 4230 Θεῷ
1319 4163 1415 4215 καὶ
1472 4164 1648 4236 Πατρὶ
1710 4167 1847 4220 κατὰ
1894 4168 1996 4238 τὴν

413 4242 647 4311 θεότητα
681 4261 695 4275 ’
728 4247 824 4300 καὶ
862 4249 1152 4319 ὀμοούσιος
1216 4253 1511 4325 ἄνθρωπος
1568 4259 1682 4331 (15)
1734 4261 1877 4313 κατὰ
1934 4263 1997 4315 τὸ

2093 3285 2301 3350 hostes,
2335 3294 2760 3355 sanctorumque
2789 3285 3009 3339 Patrum
3045 3284 3260 3355 placitis
3292 3285 3670 3338 adversantes.

2089 3372 2157 3428 Et
2188 3375 2305 3429 haec
2338 3376 2578 3444 quidem,
2614 3376 2722 3446 quo'
2750 3392 2844 3431 eos
2874 3377 3019 3431 inani
3059 3374 3336 3431 Christum
3362 3374 3541 3444 specie
3584 3371 3671 3424 in-

2090 3477 2369 3522 carnatum
2394 3468 2577 3523 dicere
2603 3470 2915 3538 probemus,
2947 3485 3010 3524 ac
3039 3469 3247 3525 idcirco
3303 3484 3408 3523 non
3471 3467 3682 3538 pudere:

2092 3571 2253 3612 unam
2278 3557 2331 3611 in
2360 3557 2479 3627 ipso
2504 3566 2753 3615 naturam
2786 3558 3187 3630 blaspltcmare.

2705 3882 2937 3938 CAPUT
2961 3880 3051 3936 IV‘.

2489 3977 2566 4031 De
2591 3976 2798 4030 duabus
2821 3975 3017 4030 Christi
3046 3975 3279 4028 naturis.

2169 4074 2208 4129 I.
2236 4072 2517 4144 Siquidem
2540 4074 2688 4128 enim
2712 4072 2960 4129 Christus
2978 4086 3111 4125 vere
3136 4066 3374 4137 Deuslesl
3404 4081 3467 4120 ac
3494 4067 3677 4127 homo;

2097 4170 2342 4240 ejusdem
2366 4184 2489 4224 cum
2517 4167 2627 4222 Deo
2658 4183 2721 4221 ac
2742 4166 2905 4223 Patre
2934 4163 3254 4221 substantiae
3284 4161 3429 4234 quod
3471 4167 3682 4230 spectat

2099 4265 2166 4317 ad
2198 4262 2486 4327 deitatem,
2533 4274 2598 4314 ac
2617 4258 2867 4330 ejusdem
2909 4257 3233 4313 substantiae
3296 4272 3418 4311 cum
3446 4253 3685 4309 homini-

416 4334 579 4405 σῶμα
605 4354 618 4369 ⁸
654 4337 768 4403 πῶς
791 4340 891 4393 ούκ
927 4340 1040 4413 ἔχει
1070 4344 1165 4398 δύο
1197 4345 1392 4415 φύσεις
1450 4352 1748 4420 προφανῶς
1821 4356 1879 4408 ὲν
1930 4358 1986 4427 τῇ

2102 4354 2223 4418 bus,
2245 4354 2389 4423 quod
2446 4362 2656 4422 spectat
2687 4352 2754 4407 ad
2807 4366 3057 4421 corpus:
3119 4350 3212 4420 qui
3270 4364 3377 4402 non
3423 4347 3556 4401 duas
3617 4345 3683 4398 Ii-

418 4428 519 4499 μιᾷ
543 4430 711 4484 αὑτοῦ
745 4432 1086 4503 ὑποστάσεις
1120 4436 1254 4491 Ἐὰν
1279 4439 1389 4511 γάρ
1423 4443 1473 4493 οἱ
1490 4443 1776 4514 ἄνθρωποι
1829 4449 1986 4518 ἡμεῖς

2102 4446 2266 4513 quido
2320 4453 2544 4498 naturas
2608 4443 2807 4498 habeat
2853 4443 2908 4496 in
2954 4457 3065 4496 una
3100 4456 3197 4493 sua
3247 4436 3561 4508 hyposlasi?
3613 4433 3684 4489 Ut.

414 4523 694 4593 ὀμοούσιοί
724 4527 895 4597 ἐσμεν
927 4528 1006 4598 τῷ
1030 4529 1154 4600 θεῷ
1185 4532 1280 4585 καὶ
1307 4532 1487 4603 Πατρὶ
1541 4536 1710 4604 φύσιν
1742 4537 1986 4609 θεότητος

2101 4536 2246 4590 enim
2280 4549 2379 4590 nos
2410 4533 2661 4589 homines
2684 4533 2924 4600 ejusdem
2956 4547 3082 4585 eum
3122 4528 3230 4583 Deo
3265 4542 3331 4582 ac
3359 4527 3521 4580 Patre
3555 4524 3687 4580 sub-

414 4615 654 4685 ἔχοντες,
697 4618 793 4673 καὶ
840 4622 869 4672 ὁ
915 4620 1049 4685 Θεὸς
1124 4622 1217 4676 καὶ
1274 4623 1468 4696 Πατὴρ
1527 4627 1819 4693 όμοούσιος
1871 4630 1986 4699 ἠμῖς

2104 4628 2323 4684 stantia:
2378 4626 2579 4689 simus,
2620 4622 2839 4678 deitatis
2901 4630 3153 4676 naturam
3196 4620 3493 4684 habentes;
3542 4615 3686 4671 Deus

416 4710 657 4781 ὑπάρχει
679 4727 691 4741 ⁸
719 4711 812 4766 καὶ
845 4712 1007 4767 τοῦτο
1039 4715 1324 4779 ἀποδεῖξαι
1359 4717 1406 4770 οἱ
1451 4716 1671 4783 ἀσεϐεῖς
1730 4719 1986 4789 αίρετικο¹

2102 4734 2325 4789 quoque
2374 4734 2441 4774 ac
2499 4718 2659 4774 Pater
2720 4713 2962 4783 ejusdem
3019 4714 3303 4769 nobiscum
3360 4708 3687 4767 substantia:

414 4790 760 4877 δυνήσονταῖ,
780 4810 961 4873 καλῶς
988 4808 1096 4880 ἄρα
1132 4813 1261 4881 μίαν
1292 4811 1454 4881 φύσιν
1508 4814 1569 4865 ὲν
1630 4814 1852 4886 Χριστῷ
1902 4832 2004 4886 κη-

420 4900 730 4970 ρύττοντες,
757 4905 833 4965 ὼς
858 4905 1160 4974 ὁμοουσίων
1188 4904 1538 4976 ὅντωνὴμῶν
1580 4907 1659 4979 τῷ
1720 4906 1842 4977 Θεῷ
1902 4910 1999 4961 καὶ

417 4995 615 5064 Πατρὶ,
644 4995 744 5049 καὶ
775 4994 1030 5066 θεότητος
1057 4996 1220 5065 φύσιν
1260 4998 1499 5067 ἑχόντων
1542 4999 1730 5068 ἡμῶν
1774 5001 1871 5053 καὶ
1902 5001 1998 5053 τοῦ

420 5087 633 5157 Πατρδς
673 5089 969 5158 ὁμοουσίου
1002 5090 1368 5158 ὑπάρχοντος.
1407 5092 1472 5143 El.
1503 5092 1560 5145 δὲ
1593 5090 1754 5144 τοῦτο
1801 5091 1999 5156 ἀσεϐές

415 5180 534 5233 ἐστι
592 5180 792 5249 λέγειν,
826 5181 857 5253 ἢ
890 5182 1114 5247 ἐννοεῖν,
1146 5183 1232 5238 διὰ
1267 5183 1360 5237 τοῦ
1389 5179 1528 5237 εἶναι
1550 5184 1643 5237 τὸν
1676 5183 1811 5237 Θεὸν
1836 5183 2000 5238 ἀθέα-

414 5288 531 5335 τον,
558 5274 815 5344 ἀόρατον,
852 5276 1285 5347 ἀσχημάτιστον,
1324 5276 1552 5339 ἁπλοῦν,
1578 5277 1671 5329 καὶ
1702 5276 1997 5344 ἀθάνατον,

416 5364 513 5418 καὶ
535 5365 1083 5437 ἀπερίγραπτον,κα“ι
1110 5369 1421 5441 ὰχὼρητον,
1456 5370 1553 5423 καὶ
1579 5371 1997 5439 ἀκατάληπτον·

417 5457 533 5528 ἔχει
562 5457 617 5512 δὲ
649 5461 745 5514 καὶ
787 5462 812 5514 ὁ
842 5463 1079 5532 Χριστὸς
1112 5463 1282 5517 ταῦτα
1309 5463 1486 5516 πάντα
1515 5463 1657 5516 κατὰ
1682 5463 1782 5533 τὴν
1808 5463 2000 5517 οὐσίαν

418 5552 517 5620 τῆς
547 5553 748 5607 ἑαυτοῦ
778 5554 1055 5625 θεότητος,
1086 5555 1160 5620 ὡς
1185 5556 1319 5619 Θεὸς
1369 5555 1599 5626 ἀληθὴς,
1671 5556 1766 5608 καὶ
1824 5556 2000 5624 ﬂat-cpi

418 5646 710 5720 ὁμοούσιος
740 5664 752 5675 ·
802 5646 920 5702 ἔστι
959 5648 1014 5701 δὲ
1046 5648 1210 5703 πάλιν
1241 5650 1407 5704 καὶέν
1433 5649 1665 5720 ἀληθεία
1688 5647 1997 5719 ἄνθρωπος,

499 5835 608 5906 (li)
638 5836 811 5908 Μήτι.

2104 4812 2324 4868 exsistit
2357 4826 2372 4866 :
2400 4811 2559 4881 idque
2585 4810 2734 4879 impii
2760 4805 3002 4862 haeretici
3040 4806 3423 4860 demonstrare
3448 4802 3683 4870 possint,

2103 4906 2197 4975 qui
2235 4904 2372 4960 belle
2393 4919 2555 4957 uuam
2586 4903 2639 4956 in
2672 4902 2891 4956 Christo
2923 4909 3174 4953 naturam
3207 4896 3535 4964 praedicent;
3567 4904 3687 4949 tan-

2107 5012 2270 5068 quam
2299 5012 2417 5064 nos,
2443 4996 2685 5067 ejusdem
2707 5008 2834 5049 cum
2855 4992 2964 5047 Deo
2990 5006 3057 5046 ac
3080 4990 3243 5045 Patre
3268 4987 3588 5045 substantiae
3612 4988 3689 5041 si-

2108 5104 2250 5156 mus,
2270 5101 2336 5143 ac
2354 5086 2652 5143 habeamus
2673 5085 2895 5141 deitatis
2912 5093 3200 5150 naturam;
3227 5081 3476 5154 Deusqne
3494 5096 3556 5135 ae
3588 5079 3687 5133 Pa-

2108 5196 2187 5238 ter
2210 5183 2454 5254 ejusdem
2475 5184 2760 5238 nobiscum
2790 5179 3370 5237 exsistatsubstantite.
3395 5177 3487 5233 Sin
3509 5185 3687 5231 autem

2108 5275 2332 5344 impium
2370 5273 2472 5328 hoc
2497 5274 2643 5328 dictu
2682 5279 2787 5339 est;
2819 5278 2911 5326 aut
2945 5272 3205 5342 cogitatu,
3246 5279 3530 5341 propterea
3559 5267 3684 5336 quia

2112 5352 2254 5421 Deus
2287 5364 2698 5434 inaspectabilis
2730 5366 2825 5430 sit,
2867 5364 3177 5429 invisibilis,
3232 5363 3403 5432 ﬁgura
3458 5374 3683 5423 vacans,

2109 5458 2362 5527 simplex,
2411 5456 2757 5521 immortalis,
2826 5456 3355 5523 incircumscriptus,
3410 5453 3502 5523 qui
3564 5453 3685 5521 capi

2111 5567 2216 5604 non
2272 5550 2442 5618 possit
2483 5565 2547 5603 ac
2584 5549 2967 5617 comprehendi
3004 5566 3017 5601 :
3058 5562 3291 5615 cumque
3349 5561 3474 5602 vero
3529 5544 3690 5599 Chri-

2112 5656 2229 5698 stus
2263 5642 2514 5698 universa
2541 5642 2656 5696 hate
2684 5642 2877 5697 habeat
2906 5657 3003 5711 pro
3038 5658 3150 5698 suae
3187 5640 3408 5697 deitatis
3433 5639 3691 5695 substant-

2192 5832 2302 5902 (ιδ)
2335 5831 2494 5890 Forte
2527 5830 2857 5901 ἀνθρώποις.
