4088 6420
375 367 510 434 1175

1440 377 1692 438 ISAACI
1735 377 2110 440 ARMENUE
2148 380 2557 446 CATHOLICI

3486 392 3620 462 H76

435 487 526 544 ΙΙΙ.
562 487 668 553 Qui
713 507 844 546 vero
890 493 1178 550 Armenios
1220 510 1327 552 non
1355 498 1536 565 pudet,
1579 497 1632 552 in
1683 513 1797 552 sure
1848 512 1929 553 ue-

2118 501 2193 555 l".
2228 502 2356 569 Πῶς
2405 505 2465 560 δὲ
2515 505 2616 561 οὐκ
2669 509 3022 577 αίσχύνονται
3071 513 3120 565 ol
3183 513 3488 585 Ἀρμένιοι,
3525 521 3620 574 τὸν

371 584 606 654 gatiouis
656 596 848 658 testem
895 585 1341 657 Chrysostomum
1387 592 1706 658 producere,
1776 604 1936 660 quem

370 676 506 732 duas
537 689 757 734 naturas
783 693 849 735 ac
900 679 1036 734 duas
1066 681 1406 749 operatiouss
1441 684 1496 737 in
1529 682 1749 740 Cbrlsto
1801 698 1938 754 prae-

367 768 660 832 dicantem,
689 785 794 824 una
825 785 946 827 cum
978 773 1183 826 sanctis
1205 772 1478 829 universis
1505 773 1682 842 palam
1711 776 1940 832 anathe~

366 859 801 922 matizentISed
823 872 876 917 et
897 861 1104 920 Christi
1135 867 1382 933 sudores,
1431 880 1569 936 quos
1607 869 1934 942 Chrysosto-

367 965 487 1005 mus
548 966 765 1022 semper
815 968 882 1010 ac
950 957 1150 1027 ublque
1204 971 1627 1028 commemorat,
1690 977 1756 1018 ac
1812 979 1935 1019 cum

361 1042 550 1110 primis
575 1043 815 1103 Mattbtei
847 1045 1196 1122 Evangelium
1238 1066 1514 1122 exponens
1559 1054 1697 1126 (ΞΟ),
1763 1055 1937 1113 baud-

362 1150 632 1205 quaquam
658 1139 816 1199 veriti
839 1151 968 1197 sunt
989 1155 1324 1213 expungere.
1355 1160 1420 1200 ac
1459 1147 1687 1202 omnino
1711 1162 1931 1218 negare.
1967 1171 1988 1178 -

357 1227 510 1292 Quod
556 1245 719 1301 porro
747 1233 907 1299 calix.
935 1250 1096 1307 quem
1135 1237 1387 1298 Christus
1417 1240 1680 1308 apostolis
1721 1241 1932 1302 tribuit,

361 1319 541 1375 tinum
613 1323 840 1380 haberet
891 1336 946 1382 et
1008 1341 1243 1399 aquam,
1297 1339 1466 1386 testes
1532 1343 1658 1386 sunt
1717 1345 1934 1390 sanctus

354 1412 634 1478 apostolus
693 1415 948 1476 Jacobus'
980 1423 1070 1480 ille
1130 1424 1339 1481 Domini
1374 1427 1563 1491 frater,
1591 1445 1656 1484 ac
1720 1429 1933 1486 Marcus

355 1503 709 1574 evangelista,
749 1522 871 1563 cum
911 1513 982 1566 ita
1038 1513 1198 1570 ambo
1249 1515 1307 1571 in
1368 1519 1485 1573 suis
1526 1516 1786 1589 Liturgiis
1849 1519 1933 1573 di-

356 1601 531 1646 cunt:
568 1592 825 1654 Similiter
851 1613 1128 1672 postquam
1193 1607 1434 1670 sanavit,
1483 1609 1743 1676 accipiens
1799 1609 1932 1664 cali-

355 1699 488 1748 cem,
528 1697 580 1740 et
596 1692 912 1754 permiscens
944 1711 1007 1748 ex
1037 1697 1152 1752 vino
1177 1709 1227 1753 et
1281 1716 1440 1768 aqua,
1486 1703 1691 1770 gratias
1742 1721 1926 1772 agens,

354 1789 416 1826 ac
441 1774 742 1834 benedicens
767 1782 909 1836 dedit
939 1787 1216 1854 discipulis
1238 1792 1349 1843 suis
1377 1793 1554 1850 dicens
1593 1803 1637 1845 :'
1671 1790 1842 1850 Bibit:
1864 1812 1930 1850 ea:

354 1880 413 1931 eo
449 1884 626 1924 omnes
657 1888 676 1925 :
715 1873 801 1927 ltic
842 1885 921 1931 est
949 1881 1165 1951 sanguis
1190 1898 1357 1948 meus,
1389 1886 1479 1953 qui
1509 1902 1604 1953 pro
1657 1889 1798 1943 vobis
1851 1889 1930 1958 ef-

352 1958 624 2026 fundatur.
659 1964 829 2023 Plane
857 1985 963 2038 qua
993 1974 1205 2030 ratione
1228 1979 1452 2047 sanguis
1494 1979 1610 2048 ejus
1647 1981 1931 2039 eﬂ'unden-

353 2053 452 2147 dus
478 2065 618 2121 erat,
649 2073 710 2113 ea
749 2077 969 2135 quoque
1021 2077 1279 2139 tanquam
1333 2086 1500 2134 verax
1559 2089 1623 2132 ac
1669 2077 1930 2147 praescius

351 2142 572 2201 calicem
602 2149 770 2206 dedit.

2044 591 2456 664 Χρυσόστομον,
2501 597 2561 651 ὃν
2614 598 2828 663 ἀσεϐῶς
2872 602 3011 670 μετὰ
3062 603 3281 658 πάντων
3306 608 3418 659 τῶν
3444 608 3619 676 ἁγίων

2044 687 2341 755 προφανῶς
2372 689 2862 760 ἀναθεματίζουσι,
2879 693 2974 748 δύο
3004 696 3199 765 φύσεις
3220 699 3316 750 καὶ
3337 700 3620 768 ἐνεργείας

2043 779 2136 831 ἰπὶ
2168 781 2405 847 Χριστοῦ
2436 783 2802 852 κηρύττοντα,
2857 787 3115 859 μάρτυρα
3153 789 3479 858 προϐάλλειν
3517 792 3619 860 τῆς

2043 871 2257 926 ἑαυτῶν
2302 873 2618 946 ἀρνήσεωςς
2656 878 2766 930 Καὶ
2813 882 2939 942 τοὺς
2991 879 3222 950 ἱδρῶτας
3267 881 3323 934 δὲ
3352 883 3446 935 τοῦ
3479 883 3618 951 Χρι-

2043 960 2198 1026 στοῦ,
2225 961 2318 1026 οὓς
2359 967 2386 1015 ό
2414 965 2806 1037 Χρυσόστομος
2859 969 3192 1041 μνημονεύει
3242 972 3477 1025 πάντοτε
3524 972 3618 1024 καὶ

2042 1053 2346 1124 πανταχοῦ,
2380 1055 2614 1122 μάλιστα
2642 1057 2700 1110 δὲ
2737 1060 2815 1121 είς
2845 1059 2945 1129 τὴν
2985 1062 3285 1131 ἑρμηνείαν
3339 1061 3435 1114 τοῦ
3477 1063 3618 1115 κατὰ

2039 1144 2319 1199 Ματθαῖον
2367 1147 2729 1216 Εὐαγγελίου,
2781 1150 3074 1220 ἁναλεῖψαι
3116 1153 3218 1206 οὐκ
3268 1152 3617 1223 ἐφοϐήθησαν

2037 1237 2136 1291 καὶ
2194 1239 2477 1304 παντελῶς
2525 1241 2892 1328 ἀρνήσασθαι.
2940 1245 3064 1299 ’Ότι
3117 1245 3230 1316 γὰρ
3277 1247 3540 1316 ποτήριον
3587 1244 3616 1298 ὅ

2035 1324 2279 1396 Χριστὸς
2335 1333 2451 1394 τοῖς
2492 1333 2814 1398 ἀποστόλοις
2853 1324 3113 1402 δέδωκεν,
3159 1332 3303 1390 οἶνον
3343 1337 3438 1390 καὶ
3470 1336 3616 1406 ὕδωρ

2035 1412 2176 1488 εἶχε,
2234 1420 2452 1490 μάρτυς
2503 1423 2531 1475 ό
2574 1422 2731 1490 ἅγιος
2779 1424 3080 1485 ἀπόστολος
3109 1424 3370 1489 Ἰάκωϐος
3399 1427 3428 1478 ὁ
3462 1425 3618 1478 aest.

2035 1509 2252 1580 φόθεος,
2293 1513 2390 1565 καὶ
2440 1514 2670 1584 Μάρκος
2713 1517 2741 1568 ό
2792 1516 3210 1585 εὐαγγελιστὴς,
3249 1519 3308 1570 ὲν
3333 1519 3452 1579 ταῖς
3488 1519 3615 1570 Λει-

2033 1608 2317 1675 τουργίαις
2349 1610 2604 1681 ἑκάτεροι
2631 1610 2777 1665 οὕτω
2801 1612 3053 1685 λέγοντες
3079 1629 3094 1643 ο
3131 1612 3436 1678 Ὡσαύτως
3459 1613 3616 1681 μετὰ

2033 1699 2102 1753 τὸ
2140 1701 2490 1770 δειπνῆσαι,
2513 1703 2717 1758 λαϐὼν
2754 1705 3068 1774 ποτήριον,
3108 1707 3207 1760 καὶ
3249 1704 3513 1773 κεράσας
3544 1705 3613 1768 ἐξ

2034 1793 2206 1848 οἴνου
2230 1795 2328 1848 καὶ
2347 1796 2589 1864 ὕδατος,
2631 1798 3108 1868 εὐχαριστήσας,
3134 1799 3232 1852 καί
3265 1797 3613 1866 εὐλογήσας

2031 1885 2219 1940 ἔδωκε
2251 1887 2380 1953 τοῖς
2403 1890 2703 1958 μαθηταῖς
2726 1889 2917 1944 αὑτοῦ
2947 1891 3135 1945 εἰπών
3156 1904 3170 1920 ο
3195 1891 3367 1944 Hiera
3406 1890 3474 1953 ἐξ
3505 1892 3614 1943 αὐ-

2032 1978 2140 2033 τοῦ
2173 1978 2398 2047 πάντες
2432 1998 2445 2011 ·
2481 1981 2663 2035 τοῦτό
2689 1984 2821 2037 ἐστι
2869 1984 2935 2036 τὸ
2978 1979 3122 2052 αἷμά
3164 2000 3282 2050 μου
3303 2024 3317 2044 ,
3351 1983 3415 2035 τὸ
3455 1980 3612 2048 ὑπὲρ

2029 2071 2199 2141 ὑμῶν
2227 2073 2661 2144 ἐκχυνόμενον.
2688 2077 2914 2139 Πάντως
2932 2074 3040 2146 γὰρ
3069 2070 3212 2128 οῐνον
3235 2072 3351 2144 (19)
3383 2073 3612 2142 ἔμελλεν

2030 2164 2328 2236 ἐκχυθῆναι
2375 2165 2438 2219 τὺ
2487 2164 2630 2236 αἷμα
2663 2167 2854 2232 αὐτοῦ,
2900 2168 3076 2231 οὕτως
3117 2169 3190 2231 ὡς
3222 2165 3466 2237 ἀψευδὴς
3514 2165 3612 2218 καὶ
3688 2201 3692 2204 ι

1927 2287 1930 2290 ~
2033 2258 2416 2328 προγνώστης,
2452 2261 2547 2312 καὶ
2576 2261 2636 2312 τὸ
2672 2262 2933 2332 ποτήριον
2967 2261 3126 2314 έδιδε.

423 2326 515 2384 ιν.
549 2330 725 2388 Testis
751 2347 965 2406 quoque
1012 2354 1238 2411 magnus
1279 2341 1509 2400 Basilius
1540 2346 1629 2402 ubi
1655 2347 1928 2418 liturgiam

351 2422 595 2490 exponit,
627 2425 722 2480 sed
751 2435 807 2482 et
854 2428 1320 2504 Carthaginiensis
1364 2436 1419 2491 in
1448 2435 1631 2494 Africa
1686 2441 1930 2510 synodus

351 2513 703 2572 ducentorum
734 2519 918 2576 decem
966 2538 1030 2578 ac
1086 2536 1289 2592 septem
1339 2529 1616 2586 beatorum
1673 2531 1926 2599 Patrum,

351 2619 472 2670 quae
502 2607 734 2664 Arcadio
763 2625 826 2668 ac
861 2609 1104 2670 Honorio
1132 2615 1314 2688 Magni
1349 2618 1639 2688 Theodosii
1671 2622 1794 2677 ﬁliis
1820 2623 1930 2678 Au-

350 2695 524 2763 gustis
579 2711 906 2772 congregata
945 2714 1049 2770 est,
1106 2709 1230 2763 dum
1257 2709 1308 2763 in
1351 2710 1417 2764 iis
1443 2713 1746 2768 canouibus
1788 2725 1928 2784 Quos

348 2789 520 2847 edidit
549 2809 563 2846 :
607 2810 625 2844 ι
659 2792 730 2849 Ut
759 2812 826 2852 ne
855 2797 999 2856 aliud
1031 2801 1330 2872 quidquam
1363 2805 1415 2858 in
1439 2807 1614 2862 sacris
1639 2808 1923 2876 oﬂ'eratur,

349 2897 514 2951 quam
547 2899 609 2940 ea
638 2887 814 2942 solum
843 2904 963 2959 quae
1005 2890 1272 2950 Dominus
1313 2899 1532 2955 tradidit
1587 2900 1739 2972 (2|);
1801 2921 1820 2955 ι
1870 2911 1930 2958 ut

347 2977 510 3045 nihil,
541 2978 788 3050 inquam,
823 2993 1024 3054 prater
1048 3001 1242 3056 panem
1280 3000 1336 3045 et
1374 2993 1558 3047 viuum
1614 3009 1754 3064 aqua
1783 3018 1794 3026 -
1823 2997 1926 3051 mi-

350 3079 520 3138 stum,
551 3073 819 3130 decernit.
851 3077 1006 3133 Sicut
1027 3095 1160 3151 ergo
1203 3097 1398 3152 aquam
1427 3099 1492 3139 ac
1548 3087 1732 3141 vinum
1779 3103 1930 3144 com-

2100 2354 2173 2406 A'.
2205 2353 2496 2423 Μαρτυρεῖ
2527 2355 2624 2406 καὶ
2664 2354 2838 2424 μέγας
2871 2354 3149 2418 Βασίλειος
3175 2356 3232 2408 ὲν
3252 2359 3319 2426 τῇ
3344 2352 3613 2424 ἑρμηνείᾳ

2029 2443 2131 2513 τῆς
2182 2445 2534 2517 λειτουργίας
2577 2463 2591 2478 ·
2651 2450 2746 2500 καὶ
2799 2448 2832 2518 ἡ
2891 2449 2949 2500 ὲν
3010 2448 3338 2518 Καρταγένῃ
3394 2446 3451 2500 δὲ
3505 2444 3612 2512 τῆς

2042 2537 2329 2610 Ἀφρικῆς,
2365 2540 2458 2593 ἐπὶ
2501 2538 2791 2610 Ἀρκαδίου
2833 2541 2930 2595 καὶ
2982 2540 3244 2612 Ὃνωρίου
3291 2540 3399 2593 τῶν
3451 2538 3609 2608 βασι-

2029 2630 2167 2684 λέων
2192 2631 2287 2684 καὶ
2319 2632 2451 2686 υίῶν
2473 2632 2760 2685 Θεοδοσίου
2805 2632 2900 2686 τοῦ
2944 2631 3201 2701 Μεγάλου
3251 2628 3609 2692 συνελθοῦσα,
3693 2699 3700 2706 .

2028 2725 2138 2778 τῶν
2200 2725 2302 2790 σις’
2359 2725 2652 2796 μακαρίων
2710 2726 2972 2796 Πατέρων
3027 2726 3281 2789 σύνοδος,
3338 2723 3612 2794 μαρτυρεῖ

2030 2821 2112 2882 sl;
2145 2820 2272 2882 τοὺς
2323 2820 2557 2883 κανόνας
2604 2821 2774 2890 αὐτῆς
2804 2819 3038 2888 λέγουσα
3081 2819 3291 2881 οὕτως·
3331 2835 3350 2868 ι
3391 2818 3509 2870 Ἵνα
3549 2817 3610 2866 ὲν

2029 2914 2141 2975 τοῖς
2195 2911 2374 2979 ἁγίοις
2425 2912 2596 2983 μηδὲν
2646 2911 2812 2966 πλέον
2865 2912 3210 2983 προσάγειν,
3243 2911 3293 2962 εί
3331 2909 3406 2979 μὴ
3444 2908 3608 2978 μόνον

2029 3003 2168 3073 ὅπερ
2200 3004 2228 3055 ό
2263 3002 2470 3073 Κύριος
2522 3001 2811 3072 παρέδωκε
2845 3017 2860 3035 ο
2909 3019 2927 3053 s
2973 3001 3254 3054 τουτέστιν
3293 2998 3459 3068 ἄρτον
3512 2996 3610 3048 καὶ

2029 3091 2172 3148 οῐνον
2222 3095 2320 3149 καὶ
2366 3095 2560 3159 ὓδατος
2593 3095 2708 3166 (2‘2)
2763 3097 3129 3166 μεμιγμένον.
3168 3089 3380 3146 Οὐκοῦν
3414 3088 3606 3158 ὥσπερ

346 3163 660 3231 miscentes,
695 3169 768 3222 ita
802 3171 1108 3228 sumimus‘:
1144 3189 1244 3230 nec
1271 3175 1340 3231 ab
1373 3177 1607 3232 invicem
1637 3179 1817 3234 viuum
1869 3190 1920 3235 et

2032 3187 2092 3240 τὸ
2126 3186 2273 3259 ὕδωρ
2301 3190 2396 3242 καὶ
2425 3188 2517 3242 τὸν
2549 3163 2698 3241 οἶνον
2742 3163 3039 3258 κιρνῶντες
3061 3224 3076 3250 ,
3114 3184 3290 3248 οὕτως
3326 3183 3608 3254 μεταλαμ-

348 3272 546 3327 aquam
579 3274 921 3330 separamus,
958 3275 1053 3320 aut
1083 3268 1316 3322 seorsim
1352 3268 1582 3323 alterum
1627 3272 1695 3325 ah
1753 3272 1926 3326 altera

349 3349 580 3406 facimus
600 3393 615 3414 ,
643 3354 738 3410 sed
771 3356 825 3410 in
857 3371 965 3412 uno
996 3360 1413 3417 commiscentes
1465 3362 1655 3430 calice,
1712 3366 1926 3420 sacriﬁ-

347 3442 435 3497 cio
454 3437 770 3502 offerimus:
815 3448 894 3503 sic
920 3457 972 3504 et
1000 3452 1134 3506 duas
1165 3452 1364 3509 Christi
1401 3461 1642 3517 naturas,
1704 3456 1922 3511 deitatis

348 3547 415 3586 ac
445 3537 648 3604 carnis,
683 3537 735 3592 in
772 3554 873 3593 una
911 3555 1140 3610 persona
1191 3559 1412 3614 unaque
1442 3546 1717 3616 ltypostasi
1764 3548 1929 3604 conﬁ-

349 3633 547 3693 temur,
601 3645 703 3686 nec
764 3632 874 3688 ullo
927 3636 1089 3691 modo
1139 3638 1281 3691 inter
1329 3652 1390 3692 se
1437 3653 1778 3706 separamus,
1844 3640 1922 3695 uti

345 3720 546 3777 Christi
575 3725 873 3782 adversarii
901 3736 1216 3798 nugantur:
1253 3729 1331 3783 uti
1377 3730 1537 3800 plane
1589 3741 1644 3785 et
1693 3732 1790 3796 illi,
1842 3732 1925 3787 vi-

347 3829 476 3867 num
507 3817 773 3872 duntaxat
825 3820 1099 3875 sacriﬁcio
1137 3821 1447 3890 oﬁ‘erentes,
1474 3823 1642 3879 solam
1679 3824 1732 3878 in
1768 3824 1925 3880 Chri-

345 3914 436 3960 sto
469 3906 724 3964 deitatem
767 3911 1083 3981 praedicant,
1112 3915 1338 3986 ejusque
1368 3917 1798 3973 incarnationem
1833 3931 1925 3973 ne-

346 4007 497 4068 gant.

927 4206 1158 4263 CAPUT
1190 4208 1304 4262 VII.

767 4297 841 4351 De
870 4313 1005 4364 pane
1061 4308 1107 4352 et
1146 4313 1333 4366 azyma
1372 4299 1508 4368 (2'5).

416 4387 458 4444 Ι.
486 4386 601 4455 Qua
637 4388 800 4443 etiam
835 4391 1045 4447 ratione
1072 4406 1268 4460 panem
1304 4407 1552 4463 azymum
1615 4392 1921 4449 Judzcorum

2029 3282 2288 3350 ϐάνομεν,
2327 3282 2389 3336 οὐ
2427 3281 2757 3355 χωρίζοντες
2782 3281 2877 3335 ἀπ’
2905 3279 3152 3350 ἀλλήλων
3183 3277 3278 3331 τὸν
3319 3272 3463 3330 οἶνον
3509 3274 3607 3327 καὶ

2029 3376 2089 3429 τὸ
2119 3375 2287 3447 ὕδωρ,
2313 3376 2440 3430 οὐδὲ
2489 3375 2836 3448 διῃρημένως
2867 3374 3007 3427 αὐτὰ
3039 3373 3412 3443 προσάγοντες
3438 3409 3452 3432 ,
3487 3365 3606 3420 ἀλλ’

2030 3468 2112 3520 ἑνὶ
2155 3468 2406 3539 ποτηρίῳ
2456 3467 2747 3538 μιγνύντες
2803 3467 3195 3536 προσφέρομεν
3251 3463 3332 3526 είς
3383 3460 3602 3523 Θυσίαν,

2028 3563 2174 3617 οὕτω
2208 3562 2302 3614 καὶ
2330 3561 2428 3624 τὰς
2460 3558 2503 3631 β’
2534 3559 2728 3629 φύσεις
2757 3559 2856 3628 τῆς
2892 3558 3144 3626 Θεότητος
3164 3556 3257 3609 καὶ
3283 3555 3381 3624 τῆς
3402 3552 3608 3624 σαρκὸς

2027 3653 2121 3709 τοῦ
2153 3651 2415 3724 Χριστοῦ,
2446 3653 2524 3716 είς
2554 3651 2613 3704 ἓν
2648 3651 2941 3720 πρόσωπον
2965 3649 3335 3720 ὁμολογοῦμεν
3357 3647 3451 3700 καὶ
3475 3644 3606 3714 μίαν

2030 3746 2353 3811 ὑπόστασιν,
2407 3745 2467 3798 οὐ
2514 3742 2842 3814 χωρίζοντες
2876 3727 3046 3804 αὗτὰς
3087 3741 3182 3793 ἀπ’
3225 3737 3495 3824 ἀλλήλων,
3527 3735 3610 3797 ὡς

2028 3839 2078 3890 οἱ
2105 3837 2466 3908 χριστομάχοι
2519 3835 2864 3904 φλυαροῦσιν
2899 3850 2912 3863 ·
2959 3832 3148 3901 ὥσπερ
3198 3829 3291 3884 οὖν
3333 3829 3604 3892 κάκεῖνοι,

2028 3927 2174 3983 οἶνον
2208 3929 2370 3999 μόνον
2393 3929 2478 3991 είς
2509 3927 2700 3980 θυσίαν
2728 3927 3100 3996 προσάγοντες
3123 3963 3138 3986 ,
3171 3922 3406 3994 θεότητα
3435 3920 3608 3991 μόνην

2029 4023 2088 4074 ἐν
2117 4019 2344 4090 Χριστῷ
2390 4017 2769 4090 κηρύττουσι,
2820 4017 2917 4089 τὴν
2967 4017 3246 4087 σάρκωσιν
3281 4011 3448 4067 αὑτοῦ
3499 4013 3606 4083 ἀρα

2029 4113 2300 4184 νούμενοι.

2563 4202 2964 4260 ΚΕΦΑΔΑΙΟΝ
3005 4203 3081 4256 Ζ’.

2281 4297 2422 4368 Περὶ
2453 4296 2558 4353 τοῦ
2581 4297 2766 4366 ἄρτου
2804 4295 2901 4350 καὶ
2938 4294 3045 4349 τοῦ
3079 4290 3322 4362 ἀζύμου.

2100 4389 2180 4448 A'.
2227 4392 2442 4462 ’Ὠσπερ
2469 4384 2562 4445 οὖν
2592 4389 2690 4443 καὶ
2720 4387 2813 4442 τὸν
2842 4387 3005 4458 ἄρτον
3037 4385 3247 4454 ἄζυμον
3296 4382 3610 4448 Ἰουδαϊκῶς

341 4493 496 4536 more
531 4479 823 4540 oﬁ‘erentes
860 4482 1004 4538 nulla
1065 4487 1268 4539 unione
1319 4485 1667 4541 commistum
1701 4501 1717 4540 :
1761 4485 1924 4540 unius

2032 4483 2427 4552 προσάγοντες,
2475 4481 2711 4552 ἄμικτον
2757 4479 2870 4533 ἀπὸ
2905 4479 3086 4548 πάσης
3127 4475 3397 4541 ἑνώσεως,
3443 4475 3610 4528 πάλιν

343 4589 534 4629 rursus
558 4583 802 4641 naturae,
832 4576 1024 4642 solius,
1057 4574 1297 4645 inquam,
1330 4577 1543 4631 deitatis
1601 4577 1918 4647 mysterium

339 4663 573 4720 faciunt.
613 4663 893 4736 Siquidem
925 4667 1069 4722 enim
1104 4667 1178 4722 illi
1227 4682 1446 4739 quoque
1507 4665 1743 4723 oﬁ'eruut
1790 4683 1922 4735 azy-

341 4773 512 4822 mum.
551 4759 679 4830 quid
711 4776 820 4830 pne
866 4758 1068 4816 Iudaeis
1123 4762 1401 4831 amplioris
1449 4762 1691 4832 mysterii
1751 4762 1923 4816 conli-

343 4850 559 4905 tentur?
619 4850 709 4906 Uti
736 4853 878 4906 enim
928 4851 1099 4907 Judaei
1158 4841 1387 4922 quidem
1433 4853 1921 4918 circumciduntur,

341 4955 442 4994 nos
474 4948 654 4995 autem
687 4943 1060 5014 baptizamur;
1089 4960 1153 5000 ac
1181 4945 1321 4999 sicut
1367 4945 1444 4999 illi
1511 4944 1728 5001 Patrem
1785 4947 1922 4999 duu-

345 5039 495 5084 taxat
524 5028 691 5085 Deum
725 5033 1071 5098 conﬁtentur,
1107 5049 1204 5090 nos
1235 5050 1363 5090 vero
1405 5049 1511 5088 una
1564 5051 1687 5090 cum
1736 5034 1920 5101 Patre,

342 5120 538 5175 Filium
557 5135 772 5192 quoque
811 5139 876 5178 ac
904 5124 1166 5192 Spiritum
1188 5136 1472 5190 sanctum;
1507 5126 1581 5178 uti
1617 5125 1689 5179 illi
1720 5140 1917 5195 agnum

342 5215 721 5279 immolabant,
757 5215 849 5286 qui
881 5215 1099 5284 quidem
1127 5229 1250 5272 erat
1299 5217 1504 5278 Christi
1577 5218 1770 5287 ﬁgura,
1823 5231 1925 5272 nos

343 5315 524 5362 autem
586 5307 812 5364 minime
864 5311 977 5380 jam
1038 5325 1236 5378 agnum
1285 5309 1650 5376 immolamus,
1708 5309 1801 5379 qui
1845 5317 1929 5364 est

345 5399 540 5469 ﬁgura,
574 5402 667 5457 sed
696 5399 974 5457 Christum
1017 5399 1211 5470 ipsum,
1266 5404 1356 5471 qui
1417 5412 1498 5457 est
1552 5403 1798 5457 veritas:
1851 5400 1932 5456 sic

415 5555 529 5626 (I9)
560 5557 699 5627 Lege
727 5552 857 5610 οἷον.

417 5629 529 5694 (20)
561 5627 758 5683 Houtil.
793 5629 883 5686 δι.
917 5628 968 5682 itt
998 5627 1186 5683 Matth.

416 5697 527 5766 (‘2!)
563 5699 748 5754 Graeca
781 5700 1030 5754 collectio
1063 5696 1205 5751 οῐνον
1241 5699 1419 5752 ὕδατι.

418 5767 531 5832 (9'2)
568 5768 752 5821 Graeca
781 5767 915 5824 Coll.
951 5785 1071 5824 can.
1097 5770 1186 5832 57,
1218 5771 1402 5824 Latina
1440 5770 1528 5824 24.

419 5836 530 5907 (τό)
565 5836 958 5906 Cougrueutias
983 5856 1116 5908 quas
1153 5841 1238 5896 hic
1273 5839 1446 5908 ταυτί,
1485 5845 1561 5901 sic
1590 5845 1768 5902 valere
1803 5859 1923 5915 pos-

2033 4575 2166 4642 μιᾶς
2201 4575 2438 4643 φύσεως,
2494 4572 2750 4642 θεότητος
2809 4569 2976 4640 μόνης
3011 4566 3231 4620 ποιοῦσι
3284 4566 3606 4635 μυστήριον.

2028 4667 2092 4720 Εἰ
2122 4665 2230 4737 γὰρ
2256 4665 2466 4735 ἄζυμον
2499 4664 2558 4718 δὲ
2592 4664 2688 4716 καὶ
2724 4655 2895 4723 οὗτοι,
2923 4661 2976 4712 τί
3004 4659 3394 4730 περισσότερον
3412 4657 3609 4724 ὁμολο-

2029 4757 2188 4828 γοῦσι
2223 4758 2558 4826 μυστήριονς
2585 4755 2799 4824 ’Ὠσπερ
2825 4753 2936 4822 γὰρ
2981 4751 3226 4822 Ἰουδαῖοι
3250 4750 3612 4820 περιτέμνονο

2027 4870 2139 4916 ται,
2166 4851 2328 4919 ἡμεῖς
2360 4847 2418 4901 δὲ
2456 4844 2838 4918 βαπτιζόμεθα
2869 4859 2881 4874 ·
2914 4845 3010 4897 καὶ
3055 4841 3247 4912 ὥσπερ
3277 4843 3478 4895 ἐκεῖνοι
3517 4840 3611 4892 τὸν

2031 4943 2254 5012 Πατέρα
2289 4940 2453 5009 μόνον
2484 4937 2620 4990 Θεὸν
2651 4934 3014 5006 ὁμολογοῦσιν
3044 4946 3058 4961 °
3089 4936 3253 5003 ἡμεῖς
3289 4933 3348 4987 δὲ
3398 4932 3496 4985 σὺν
3530 4929 3611 5000 τῷ

2026 5034 2226 5103 Πατρὶ,
2258 5032 2350 5085 τὸν
2383 5030 2512 5084 Υίὸν
2545 5031 2640 5083 καὶ
2691 5029 2752 5082 τὸ
2793 5028 3024 5096 Πνεῦμα
3070 5027 3131 5080 τὸ
3177 5025 3333 5093 ἅγιον
3371 5041 3384 5055 ’
3420 5023 3612 5092 ὥσπερ

2027 5126 2190 5179 ἔθυον
2218 5127 2420 5178 ἐκεῖνοι
2452 5123 2751 5194 πρόϐατον,
2817 5121 2880 5176 τὸ
2919 5120 2978 5173 δὲ
3025 5117 3303 5190 πρόϐατον
3336 5117 3508 5179 τύπος
3543 5111 3612 5183 ἦν

2026 5215 2121 5271 τοῦ
2152 5216 2438 5283 Χριστοῦο
2493 5216 2656 5286 ἡμεῖς
2706 5213 2786 5279 δὲ,
2838 5212 3028 5265 οὐκέτι
3071 5209 3278 5279 θύομεν
3333 5206 3612 5276 πρόϐατον

2027 5311 2203 5379 ὅσπερ
2228 5309 2345 5362 ἐστι
2399 5306 2571 5370 τύπος
2603 5321 2618 5336 °
2691 5305 2827 5358 ἀλλὰ
2897 5304 2989 5358 τὸν
3037 5302 3275 5374 Χριστὸν
3312 5300 3476 5353 αὑτὸν
3510 5299 3614 5367 τὴν

2027 5401 2292 5472 ἀλήθειαν
2324 5415 2338 5430 ⁸
2368 5397 2545 5464 οὕτως
2594 5399 2717 5452 οὐδὲ
2757 5398 2923 5468 ἄρτον
2977 5395 3188 5465 ἄζυμον
3237 5393 3480 5463 θύομεν,
3534 5391 3613 5453 ὡς

2035 5567 2162 5615 sunt
2188 5573 2288 5628 pro
2323 5556 2633 5612 Graecorum
2676 5537 3186 5628 consuetud_ine,_'ut
3201 5551 3446 5628 Latinam
3483 5549 3618 5604 nihil

2036 5623 2353 5683 inﬁrmem:
2400 5628 2687 5695 plurimum
2731 5628 2868 5677 vero
2914 5625 3121 5680 roboris
3175 5623 3372 5695 habent
3423 5628 3615 5695 contra

2033 5699 2340 5764 Armenios,
2377 5692 2470 5768 qui
2520 5698 2573 5752 in
2603 5711 2714 5752 suae
2763 5695 3033 5751 haereseos
3073 5692 3374 5766 symbolum
3410 5692 3617 5762 azymis

2033 5771 2344 5826 utebantur.
