4088 6408
349 411 483 477 ιιι-ι

1410 410 1697 474 ORATIO
1736 416 1764 475 Ι
1803 414 2104 478 CONTRA
2145 419 2565 483 ARMENIOS.

3457 417 3595 480 1178

347 530 547 582 ἐκεῖνοι
582 525 790 591 ἀτελῶς
812 542 827 559 ⁸
853 527 1026 600 ὅσπερ
1053 527 1170 583 ἐστὶ
1222 528 1393 594 τύπος
1431 531 1593 600 μόνον
1616 572 1631 598 ,
1664 531 1760 586 καὶ
1787 529 1916 583 σκιὰ

2034 546 2195 600 teque
2216 548 2465 605 azymum
2499 548 2712 603 panem,
2739 534 2815 587 uti
2846 533 2923 587 illi
2967 532 3282 599 imperfecte
3312 535 3591 588 sacrilica-

344 620 439 671 τοῦ
474 619 749 690 ἡμετέρου
795 618 964 689 ἄρτου
995 636 1011 653 ·
1060 620 1177 674 ἀλλ’
1212 622 1377 690 ἄρτον
1409 621 1615 675 τέλειον
1650 635 1667 653 ⁶
1702 620 1910 674 τέλειον

349 707 639 779 ἄνθρωπον
676 709 935 779 Χριστὸν,
965 710 1058 762 τδν
1082 710 1501 782 σεσαρκωμὲνον
1526 710 1679 774 Θεὸν,
1709 711 1796 763 διὰ
1817 711 1914 765 τοῦ

346 800 553 853 τελείου
584 801 776 870 ἄρτου,
805 803 897 855 καὶ
935 801 1055 873 (24)
1090 802 1184 855 τοῦ
1220 802 1474 873 σώματος
1501 802 1668 856 αὑτοῦ
1706 802 1914 874 κηρύτ-

346 908 553 958 τοντες.
606 894 817 964 Ὠσπερ
873 896 983 966 γὰρ
1034 897 1234 949 ἐκεῖνοι
1274 896 1372 949 ἕνα
1426 896 1521 949 καὶ
1578 895 1742 964 μόνον
1771 893 1917 966 εἶχον

346 984 475 1037 ναὸν
502 987 564 1036 ἑν
607 984 971 1058 Ἰερουσαλήμ
998 1005 1013 1020 ο
1048 989 1211 1057 ἡμεῖς
1237 987 1293 1041 δὲ
1324 987 1554 1048 πολλοὺς
1579 989 1722 1042 κατὰ
1746 988 1917 1042 τόπον

347 1074 759 1146 ἀναριθμήτους
792 1092 807 1105 ·
835 1079 930 1130 καὶ
961 1078 1151 1149 ὥσπερ
1183 1080 1380 1133 ἑκετνοι
1410 1079 1471 1131 τὸ
1498 1080 1690 1149 Πάσχα
1726 1082 1783 1133 ἑν
1820 1079 1919 1133 Ἱε-

351 1168 637 1238 ρουσαλὴμ
690 1168 852 1238 μόνον
896 1170 1114 1225 ἐτέλουν
1136 1189 1150 1203 ·
1196 1174 1362 1244 ἡμεῖς
1390 1173 1445 1226 δὲ
1490 1175 1546 1226 ἑν
1579 1173 1732 1245 πάσῃ
1764 1175 1918 1228 πόλει

348 1263 687 1333 ἑορτάζομεν
710 1281 723 1295 ο
750 1267 845 1317 καὶ
876 1265 1064 1335 ῶσπερ
1109 1268 1309 1320 ἐκεῖνοι
1336 1267 1398 1319 τὺ
1439 1267 1634 1338 Πάσχα
1671 1271 1738 1339 τῇ
1795 1285 1920 1321 τεσ-

351 1357 825 1429 σαρεσκαιδεκάτῃ
858 1360 956 1428 τῆς
1003 1359 1234 1430 σελήνης
1283 1360 1668 1431 ἑορτάζουσιν,
1699 1363 1758 1415 ἑν
1852 1361 1920 1415 ἃν

348 1450 529 1520 ἡμέρᾳ
568 1452 884 1522 καταντήσῃ
922 1468 936 1481 ·
970 1454 1131 1521 ἡμεῖς
1164 1453 1242 1517 δὲ,
1286 1454 1343 1506 ἑν
1385 1456 1637 1525 κυριακῇ
1662 1454 1916 1520 πάντοτε,

352 1542 529 1595 πάντα
582 1544 976 1614 περισσότερον
1025 1546 1157 1615 παρ’
1206 1545 1451 1607 ἐκείνους
1494 1544 1710 1615 ἔχοντες
1736 1563 1749 1576 ·
1776 1546 1921 1600 οὕτω

352 1634 513 1702 δῆλον
539 1636 622 1689 ὅτι
647 1638 743 1690 καὶ
774 1639 802 1690 6
832 1638 996 1709 ἄρτος
1027 1638 1129 1707 τῆς
1166 1637 1355 1702 θυσίας
1401 1638 1558 1708 ήμῶν
1600 1640 1919 1710 περισσότεο

353 1741 445 1795 ρος
480 1726 688 1794 ὀφείλει
722 1723 882 1793 εἶναι,
918 1728 1017 1780 καὶ
1045 1727 1377 1799 τελειότερον
1396 1729 1537 1798 ὑπὲρ
1559 1730 1667 1781 τῶν
1693 1728 1921 1798 ἀζύμων

350 1817 461 1871 τῶν
505 1819 838 1881 Ἰουδαϊκῶν,
875 1820 1058 1883 καθώς
1093 1838 1259 1889 φησιν
1290 1824 1317 1874 6
1350 1821 1507 1889 ἅγιος
1538 1821 1750 1885 Παῦλος
1774 1863 1787 1886 ,
1827 1822 1921 1875 καὶ

352 1910 657 1980 Γρηγόριος
692 1910 957 1980 Θεολόγος
984 1929 998 1943 ⁸
1040 1930 1058 1963 ι
1092 1913 1172 1966 Τά
1204 1914 1411 1984 ἀρχαῖα
1448 1914 1730 1985 παρῆλθεν
1756 1930 1771 1945 °
1808 1915 1919 1969 ἰδοὺ

350 2002 459 2069 γὰρ
488 2000 678 2067 γέγονε
709 2002 775 2055 τὰ
806 2002 986 2057 πάντα
1016 2003 1201 2056 καινά.
1236 2021 1255 2055 ι

421 2093 559 2146 ΤΟΥ
587 2094 1120 2148 ΧΡΥΣΟΣΤΟΜΟΥ.
1155 2094 1230 2149 B’.
1282 2096 1563 2159 Ὡσαύτως
1602 2096 1697 2149 καὶ
1728 2097 1755 2149 6
1783 2096 1925 2162 θεῖος

349 2187 737 2257 Χρυσόστομος
767 2190 1019 2260 περὶτῆς
1056 2190 1299 2253 Παλαιᾶς
1330 2207 1493 2259 φησιν
1537 2207 1552 2222 ο
1597 2210 1616 2242 ι
1670 2192 1821 2246 Ἑκεί
1864 2195 1926 2248 τὸ

350 2279 610 2350 γράμμα,
644 2273 747 2332 ὧδε
782 2283 842 2333 τὸ
882 2281 1104 2351 πνεῦμα
1133 2297 1147 2313 '
1187 2284 1306 2335 ἐκεῖ
1349 2284 1382 2352 ὴ
1438 2282 1705 2349 κιϐωτὸς,
1748 2279 1850 2338 ὧδε
1892 2289 1925 2357 ή

353 2370 624 2440 παρθένος
650 2383 667 2401 ⁶
697 2372 813 2425 ἐκεῖ
840 2372 1031 2443 ῥάϐδος
1072 2373 1308 2445 Ἀαρὼν,
1341 2367 1444 2428 ὦδε
1472 2379 1499 2430 6
1533 2379 1791 2449 σταυρός·
1812 2380 1929 2432 ἐκεῖ

349 2464 419 2515 τά
449 2464 654 2533 ἄζυμα,
693 2458 793 2518 ὧδε
826 2469 852 2519 6
886 2467 1053 2537 ἄρτος
1085 2484 1099 2499 ·
1134 2469 1253 2521 ἐκεῖ
1277 2471 1304 2522 6
1336 2469 1531 2540 ἀμνὸς,
1582 2463 1685 2524 ὧδε
1719 2472 1746 2523 6
1784 2472 1924 2539 Χρι-

356 2555 501 2617 στός.
546 2556 707 2610 Ἀλλὰ
738 2558 791 2609 τί
822 2576 990 2626 φασιν
1037 2560 1085 2612 oi
1120 2560 1402 2626 ἄπειθείς;
1440 2562 1563 2615 Ὅτι
1601 2563 1628 2615 6
1671 2562 1836 2633 ἄρτος
1868 2564 1927 2617 ὃν

323 2649 592 2717 ,Χριστὶς
638 2648 872 2702 δέδωκεν
922 2650 1131 2721 ἄζυμος
1180 2646 1270 2722 ἦν,
1320 2654 1406 2707 διὰ
1432 2655 1590 2709 τοῦτο
1624 2657 1719 2710 καὶ
1765 2658 1929 2727 ἡμεῖς

354 2737 542 2806 ἄζυμα
573 2740 962 2808 προσφέρομεν
1000 2741 1078 2804 είς
1120 2740 1333 2794 θυσίαν.
1378 2742 1549 2795 Παντί
1577 2759 1639 2795 τε
1669 2743 1763 2796 καὶ
1795 2760 1926 2797 παν-

352 2828 525 2899 ταχοῦ
559 2830 636 2899 τῷ
670 2830 893 2903 Χριστῷ
920 2831 1333 2902 ἐναντιούμενοι
1362 2833 1411 2886 oi
1434 2834 1664 2897 ἀνόσιοι.
1704 2836 1931 2899 καὶτοῖς

354 2922 536 2990 λόγοις
568 2922 768 2989 αὐτῶν,
798 2925 888 2977 καὶ
918 2926 1032 2986 τοῖς
1067 2925 1273 2996 ἔργοις,
1312 2926 1493 2989 καθὼς
1524 2928 1927 2995 ἀποδέδεικται,

353 3014 451 3066 νῦν
483 3013 574 3066 τὸν
600 3016 838 3084 Χριστὸν
871 3019 968 3086 τῆς
992 3016 1204 3070 ἑαυτῶν
1235 3018 1490 3081 ἀσεόείας
1521 3021 1616 3074 καὶ
1647 3020 1931 3093 ἀρνήσεως

2020 639 2161 689 mus,
2186 628 2277 694 qui
2306 637 2390 683 est
2417 636 2624 680 tantum
2659 628 2829 696 tigura
2862 640 2925 680 ac
2950 626 3140 679 umbra
3175 626 3329 692 panis
3384 626 3589 692 nostri;

2019 713 2113 768 sed
2147 715 2441 784 perfectum
2475 732 2689 787 panem,
2724 716 3022 785 perfectum
3086 718 3355 770 hominem
3401 716 3591 770 Chris‘

2021 812 2131 858 tum
2192 806 2361 860 Deum
2418 809 2780 869 incarnatum,
2840 808 3062 878 perfecti
3110 809 3268 877 panis
3319 810 3590 879 symbolo,

2021 912 2129 952 una
2158 912 2279 953 cum
2311 914 2537 968 corpore
2559 904 2934 968 praedicantes.
2967 900 3101 953 Nam
3132 901 3271 955 sicut
3294 901 3366 953 illi
3426 917 3589 954 unum

2020 992 2284 1044 duntaxat
2312 989 2698 1062 Hierosolymis
2723 992 2995 1046 habebant
3024 991 3302 1059 templum,
3330 990 3428 1044 nos
3489 1006 3589 1044 au-

2022 1093 2126 1135 tem
2156 1082 2304 1148 plura
2336 1083 2423 1138 hic
2457 1082 2567 1136 illic
2598 1083 3045 1150 innumerabilia;
3081 1100 3142 1138 ac
3182 1087 3321 1138 sicut
3351 1083 3426 1136 illi
3459 1082 3589 1135 Hie-

2024 1172 2310 1242 rosolymis
2341 1174 2511 1227 solum
2534 1172 2743 1229 Pascha
2775 1174 3144 1239 celebrabant,
3189 1190 3284 1229 nos
3327 1184 3505 1228 autem
3538 1174 3590 1226 in

2020 1265 2167 1318 omni
2199 1265 2534 1320 celebramus
2562 1266 2733 1333 urbe;
2761 1277 2923 1335 atque
2958 1277 3014 1319 ut
3043 1267 3116 1320 illi
3148 1266 3420 1320 celebrant
3468 1266 3593 1319 luna

2021 1369 2219 1429 quarta
2246 1358 2479 1425 decima,
2507 1375 2826 1430 quacunque
2856 1360 3067 1414 tandem
3118 1359 3205 1412 illa
3264 1359 3350 1413 die
3400 1374 3595 1413 occur-
3646 1422 3647 1425 η

2024 1460 2154 1506 rat:
2190 1464 2291 1505 nos
2318 1458 2496 1505 autem
2532 1463 2748 1517 semper
2792 1449 3065 1502 Dominica
3108 1449 3217 1511 die,
3251 1447 3431 1499 omnia
3486 1458 3596 1513 prae

2023 1541 2127 1596 illis
2157 1540 2421 1610 ampliora
2446 1539 2707 1594 habentes
2742 1556 2754 1591 :
2794 1538 2863 1592 ita
2892 1537 3078 1607 liquet,
3112 1551 3207 1604 par
3236 1550 3379 1597 esse,
3409 1542 3467 1587 ut
3497 1549 3596 1586 nov

2022 1632 2121 1685 stri
2175 1645 2388 1700 quoque
2432 1631 2681 1685 sacriﬁcii
2717 1630 2872 1700 panis
2914 1635 3153 1697 praestet,
3197 1642 3259 1681 ac
3310 1624 3598 1693 perfectior

2025 1724 2095 1780 sit
2133 1727 2337 1795 azymis
2382 1723 2717 1787 Judaaorum,
2752 1722 3204 1790 quemadmodum
3249 1720 3324 1772 ait
3378 1726 3599 1771 sanctus

1956 1859 1997 1913 Β
2028 1814 2226 1870 Paulus
2272 1830 2338 1870 ac
2387 1814 2681 1885 Gregorius
2736 1812 3085 1881 Theologus:
3133 1810 3320 1865 Vetera
3373 1807 3602 1862 transie-

2031 1916 2161 1963 runt
2188 1925 2341 1967 :ecce
2376 1924 2505 1961 nova
2537 1906 2680 1976 facta
2705 1914 2826 1960 sunt
2858 1905 3056 1957 omnia.

2100 2095 2612 2154 CHRYSOSTOMI.
2631 2095 2695 2150 ll.
2725 2094 2848 2151 Pari
2871 2107 3084 2162 quoque
3102 2092 3329 2153 ratione,
3362 2088 3601 2143 admira-

2027 2191 2152 2247 bilis
2181 2190 2268 2244 ille
2297 2186 2818 2260 Chrysoslomusita
2861 2184 3021 2238 habet
3075 2183 3142 2237 de
3188 2180 3367 2235 Veteri
3410 2179 3601 2234 Testa-

2032 2291 2253 2337 mento:
2301 2300 2318 2332 ι
2360 2280 2470 2334 Illic
2502 2279 2705 2341 littera,
2746 2277 2837 2331 hic
2871 2274 3095 2342 spiritus
3135 2289 3149 2326 :
3185 2272 3293 2325 illic
3333 2285 3482 2333 arca,
3511 2267 3600 2321 hic

2030 2374 2221 2441 virgo:
2255 2372 2365 2426 illic
2395 2372 2540 2435 virga
2567 2369 2764 2427 Aaron,
2800 2368 2887 2421 hic
2910 2380 3039 2419 crux
3069 2381 3082 2417 :
3114 2363 3221 2416 illic
3249 2377 3457 2430 azyma,
3515 2359 3600 2413 hic

2031 2465 2189 2537 panis
2223 2482 2238 2521 :
2270 2464 2378 2518 illic
2408 2476 2601 2532 agnus,
2631 2459 2717 2513 hic
2740 2457 3008 2512 Christus.
3048 2473 3065 2506 ι
3106 2453 3417 2515 Enimvero,
3471 2449 3601 2519 quid

2031 2560 2184 2614 aiunt
2225 2552 2533 2611 increduli?
2584 2552 2807 2619 Nempe,
2863 2563 3054 2618 panem
3126 2561 3285 2614 quem
3352 2542 3603 2597 Christus

2035 2652 2180 2707 dedit
2209 2662 2459 2717 azymum
2490 2645 2698 2700 fuisse:
2733 2656 2796 2699 ac
2826 2643 3026 2696 idcirco
3057 2653 3244 2709 azyma
3268 2636 3325 2690 in
3387 2632 3603 2688 sacrifi-

2032 2744 2118 2798 cio
2162 2740 2378 2795 otl'erre.
2426 2738 2587 2807 Ergo,
2648 2737 2737 2804 qui
2783 2746 2998 2802 semper
3031 2747 3094 2784 ac
3146 2730 3344 2795 ubique
3384 2723 3605 2780 Christo

2034 2835 2420 2901 adversamini,
2444 2833 2591 2902 impii
2617 2832 2889 2893 homines,
2913 2826 3092 2881 verbis
3110 2824 3313 2895 pariter
3344 2835 3407 2875 ac
3449 2819 3606 2873 iactis

2035 2927 2255 2991 vestris,
2285 2925 2361 2979 uti
2387 2923 2673 2995 probatum
2705 2919 2829 2984 fuit,
2874 2916 3151 2971 Christum
3214 2925 3358 2966 nunc
3402 2916 3605 2961 vestrae

2035 3019 2327 3091 impietatis
2358 3031 2421 3071 ac
2460 3013 2759 3083 negationis
2806 3018 2995 3065 testem
3050 2998 3387 3075 producitis?
3442 2999 3597 3061 Esto,

361 3105 619 3177 μάρτυρα
676 3106 1047 3179 προϐάλλετες
1113 3110 1316 3175 Ἔστω,
1359 3112 1442 3164 ὅτι
1502 3111 1531 3163 6
1590 3088 1864 3183 &p'c'o¢'6v
1904 3113 1930 3164 6

2038 3088 2201 3167 fuerit
2230 3123 2389 3181 quem
2415 3105 2666 3161 Christus
2696 3101 2842 3156 dedit
2872 3112 3087 3167 panem,
3148 3106 3389 3163 azymus.
3439 3088 3608 3156 Equi-

357 3199 594 3269 Χριστὸς
627 3201 891 3264 δέδωκεν,
933 3202 1144 3272 ἄζυμον
1189 3199 1259 3275 ἦν
1288 3221 1302 3236 ο
1333 3205 1361 3258 6
1397 3202 1497 3275 μὲν
1546 3202 1639 3259 οὖν
1690 3203 1927 3276 Χριστὸς

2040 3206 2160 3261 dem
2190 3202 2299 3270 ille,
2335 3200 2404 3257 ob
2435 3197 2711 3270 angustias
2743 3192 3025 3263 temporis.
3054 3198 3114 3244 ut
3141 3201 3208 3241 ne
3247 3192 3453 3240 tantum
3512 3194 3608 3235 sa-

356 3290 502 3343 κατὰ
545 3294 907 3362 στενοχωρίαν
940 3292 1033 3346 τοῦ
1071 3295 1264 3365 καιροῦ
1289 3337 1304 3361 ,
1338 3296 1426 3349 ἵνα
1478 3297 1552 3368 μὴ
1585 3298 1930 3367 άπαράδοτον

2040 3299 2166 3353 lutis
2200 3294 2517 3367 mysterium
2551 3291 2619 3345 ab
2645 3304 2710 3345 eo
2741 3304 2843 3341 non
2878 3286 3132 3339 traditum
3184 3278 3607 3346 relinqueretur,

355 3382 695 3455 καταλειφθῇ
722 3383 782 3436 τὸ
806 3383 1128 3455 τηλικοῦτον
1159 3386 1292 3456 παρ’
1327 3387 1495 3441 αὑτοῦ
1526 3388 1627 3457 τῆς
1654 3390 1931 3461 σωτηρίας

359 3478 687 3547 μυστήριον,
717 3478 903 3547 ἐπειδὴ
924 3478 1060 3547 αὐτῇ
1080 3481 1144 3549 τῇ
1178 3477 1297 3550 ῶρᾳ
1323 3484 1438 3542 τοῖς
1474 3481 1753 3544 Ἰουδαίοις
1787 3499 1932 3555 παρ-

356 3567 579 3632 εδίδοτο,
627 3561 740 3620 οἷον
775 3568 938 3638 ἄρτον
988 3570 1130 3622 κατὰ
1160 3569 1258 3640 τὴν
1313 3569 1463 3640 ὥραν
1510 3572 1729 3643 ἐκείνην
1779 3568 1931 3644 εὗρε,

358 3660 643 3733 παρέδωκε
680 3678 694 3693 ·
730 3661 814 3714 ἵνα
849 3661 923 3732 μὴ
955 3663 1235 3743 παντελῶς
1266 3664 1619 3736 ἀποστερήσῃ
1652 3666 1809 3734 ἡμᾶς
1837 3667 1936 3735 τῆς

358 3754 695 3824 τηλικαύτης
730 3755 1007 3826 σωτηρίας
1029 3796 1043 3817 ,
1079 3749 1149 3828 ἦς
1177 3757 1325 3824 ἡμᾶς
1372 3758 1668 3828 ἐχαρίσατο
1702 3759 1807 3823 ἕως
1839 3758 1934 3813 ⁸τοῖ’)

360 3847 583 3909 αἰῶνος,
612 3846 672 3899 τὸ
705 3848 972 3915 πανάγιον
999 3847 1095 3899 καὶ
1125 3846 1240 3918 (ἳό)
1275 3847 1540 3912 ζωοποιδν
1580 3849 1745 3903 αὐτοῦ
1776 3850 1937 3918 σῶμα

358 3937 679 4009 καταξιώσῃ
711 3940 860 4009 ἡμᾶς
893 3938 1121 4002 ἐσθίειν,
1153 3940 1245 3992 καὶ
1268 3940 1337 3992 δι’
1362 3939 1529 3993 αὐτοῦ
1553 3940 1936 4005 ζωοποιείσθαι

357 4033 533 4101 ἡμᾶς,
567 4031 663 4084 κα)⁸
697 4030 1103 4099 συγκοινωνοὺς
1140 4031 1311 4085 αὐτοῦ
1344 4033 1626 4097 γενέσθαι,
1661 4032 1777 4086 ἀλλ’
1817 4035 1939 4088 οὐδὲ

360 4123 603 4194 ἔπρεπεν
627 4124 791 4176 αὐτὸν
819 4122 942 4175 τότε
973 4125 1138 4192 ἄρτον
1160 4125 1363 4177 τέλειον
1390 4126 1482 4178 ἐπὶ
1516 4128 1707 4195 χεῖρας
1732 4126 1940 4192 λαϐεῖν,

360 4217 449 4269 διὰ
483 4215 544 4268 τὸ
581 4210 724 4270 εἶναι
771 4214 870 4277 τὰς
922 4215 1138 4284 ἡμέρας
1170 4213 1383 4278 ἐκείνας
1410 4217 1520 4268 τῶν
1553 4217 1805 4287 ἀζύμων,
1853 4218 1940 4272 ἵνα

366 4307 443 4377 μὴ
496 4305 774 4375 πρόφασιν
804 4304 879 4373 δῷ
915 4307 1029 4367 τοῖς
1071 4304 1351 4367 Ἰουδαίοις
1392 4312 1726 4376 κατηγορεῖν
1771 4308 1940 4361 αὑτοῦ

363 4394 438 4457 ὡς
471 4393 746 4453 ἀντιθέου,
775 4393 868 4447 καὶ
892 4394 982 4446 τὸν
1018 4392 1182 4463 νόμον
1214 4391 1600 4456 καταλύοντος.
1627 4394 1864 4459 Τούτους
1886 4396 1941 4449 δὲ

363 4488 493 4550 τοὺς
520 4488 928 4555 χριστομάχους
962 4485 1046 4548 τίς
1081 4487 1108 4537 δ
1143 4485 1579 4552 καταναγκάζων
1632 4487 1941 4552 Ἰουδαϊκῶς

366 4577 703 4647 προσφέρειν
731 4577 964 4646 ἄζυμον,
1017 4577 1112 4629 καὶ
1158 4576 1221 4627 ού
1278 4574 1484 4630 τέλειον
1540 4578 1725 4645 ἄρτον,
1778 4580 1939 4650 εἰπερ

363 4672 573 4747 τέλειον
598 4670 889 4738 ἄνθρωπον
924 4669 1088 4722 αὐτὸν
1129 4666 1484 4738 κηρύττουσι,
1525 4669 1617 4723 τὸν
1652 4687 1939 4741 σεσαρκω-

369 4764 534 4833 μένον
571 4761 743 4824 Θεόνς
773 4762 999 4823 Πάντως
1026 4761 1135 4830 γὰρ
1164 4759 1353 4829 ὥσπερ
1387 4759 1710 4831 κωλυόμεθα
1742 4777 1940 4832 συννη-

368 4856 735 4917 στεῦσαιτοῖς
778 4853 1080 4915 Ἰουδαίοις,
1116 4852 1211 4904 καὶ
1254 4852 1316 4904 τὸ
1363 4850 1553 4922 Πάσχα
1594 4851 1713 4921 μετ’
1761 4853 1941 4907 αὐτῶν

368 4947 672 5017 ἑορτάζειν,
720 4947 819 4998 καὶ
866 4943 1335 5015 περιτέμνεσθαι,
1393 4945 1490 4997 καὶ
1543 4944 1603 4997 τὸ
1662 4944 1942 5003 Σάϐϐατον

368 5041 583 5108 ἀργεῖν,
611 5037 703 5091 καὶ
725 5037 948 5106 χοιρίων
970 5035 1148 5107 κρεῶν
1180 5034 1481 5104 ἀπέχεσθαι
1507 5049 1521 5064 ⁸
1546 5033 1690 5087 οὕτω
1740 5037 1946 5092 κωλυό-

375 5132 519 5203 μεθα
550 5132 645 5185 καὶ
666 5131 728 5183 τὺ
751 5132 963 5201 ἄζυμον
996 5126 1337 5197 προσφέρειν
1356 5126 1443 5189 είς
1475 5125 1690 5181 θυσίαν.

441 5226 517 5279 l".
556 5224 764 5284 Ἀλλως
795 5238 853 5275 τε
888 5222 945 5275 δὲ
979 5220 1085 5292 πρὸ
1116 5219 1215 5289 τῆς
1248 5219 1445 5289 ἑορτῆς
1488 5217 1583 5273 τοῦ
1617 5219 1808 5290 Πάσχα
1853 5217 1948 5273 καὶ

371 5317 483 5372 τῶν
515 5316 569 5370 'A
580 5316 766 5383 ζύμων
790 5314 1013 5381 γέγονεν
1030 5313 1057 5365 6
1073 5313 1307 5375 δεῖπνος,
1339 5310 1431 5364 καὶ
1446 5310 1611 5381 ἄρτον
1634 5311 1951 5380 ἐδείπνησεν

373 5413 402 5464 ὁ
431 5409 665 5479 Χριστὸς
697 5405 835 5476 μετὰ
860 5404 967 5457 τῶν
997 5402 1272 5473 μαθητῶν,
1302 5400 1486 5463 καθώς
1517 5416 1680 5469 φησιν
1704 5399 1733 5451 6
1762 5398 1951 5452 Θεολύ-

374 5520 472 5571 γος
501 5502 752 5569 Ἰωάννης
772 5514 786 5528 '
816 5497 911 5551 καὶ
939 5499 966 5549 ὁ
995 5495 1193 5557 Ἰούδας
1230 5492 1439 5566 [μετὰ]
1473 5492 1605 5562 (26)
1632 5491 1730 5561 τὴν
1759 5490 1953 5561 προδο-

378 5596 502 5650 σίαν
535 5594 671 5665 μετὰ
700 5589 793 5644 τοῦ
824 5590 988 5660 ἄρτου
1018 5588 1261 5658 ἐποίησε.
1292 5588 1370 5657 Τῇ
1403 5585 1511 5657 γὰρ
1546 5591 1615 5655 ιγ’
1639 5583 1820 5657 ήμέρᾳ
1850 5583 1951 5654 τῆς

450 5732 564 5803 (‘26)
594 5733 733 5803 Lege
761 5732 919 5802 μετά.

452 5800 564 5867 (‘25)
598 5800 880 5857 Forte’xai.
909 5800 990 5853 τό.

452 5813 542 5867 (25
599 5813 756 5857 b‘orte
784 5813 880 5856 και
909 5813 990 5853 το.

452 5813 564 5945 (26;
599 5872 753 5929 Forte
787 5872 924 5943 μετὰ
954 5871 1121 5941 ἄρτου
1157 5862 1408 5933 ἐξελθών.

2036 3406 2101 3445 eo
2124 3388 2266 3457 quod
2294 3388 2481 3442 eadem
2516 3384 2648 3438 hora
2678 3379 2882 3436 Iudaeis
2912 3375 3210 3431 tradendus
3249 3378 3414 3433 esset,
3475 3380 3612 3434 qua-

2036 3480 2141 3535 lem
2175 3492 2367 3549 panem
2394 3490 2489 3546 pro
2524 3484 2765 3540 tempore
2795 3468 3021 3534 invenit,
3052 3465 3212 3519 talem
3252 3459 3515 3513 tradidit:
3553 3465 3611 3509 ut

2039 3586 2105 3625 ne
2128 3547 2349 3624 omnino
2379 3573 2522 3620 tanta
2556 3578 2654 3617 nos
2681 3561 2856 3615 salute
2885 3558 3145 3626 privaret,
3178 3568 3339 3623 quam
3364 3550 3515 3604 nobis
3546 3547 3612 3600 ad

2040 3674 2213 3729 usque
2240 3656 2419 3712 seaculi
2453 3654 2610 3707 tinem
2639 3649 2866 3719 largitus
2895 3655 3001 3710 est,
3034 3659 3097 3698 ac
3122 3642 3430 3712 dignatione
3482 3653 3613 3691 sau-

2039 3751 2344 3808 ctissimum
2373 3760 2534 3803 suum
2583 3756 2779 3812 corpus
2829 3736 3263 3793 manducandum
3325 3730 3612 3800 praeberet,

2040 3861 2103 3901 ac
2128 3859 2223 3916 per
2244 3842 2374 3896 illud
2404 3837 2730 3899 viviﬁcaret,
2759 3833 2953 3902 suique
2990 3826 3408 3898 comparticipes
3465 3822 3612 3875 l‘ace-

2041 3915 2145 3992 ret.
2174 3937 2242 3989 At
2276 3946 2451 4001 neque
2473 3929 2719 3989 decebat,
2755 3935 2812 3978 ut
2874 3923 2926 3976 id
2980 3919 3240 3987 temporis
3298 3915 3598 3984 perfectum

2042 4044 2230 4101 panem
2265 4028 2317 4080 in
2344 4019 2851 4085 manusacciperet.
2880 4030 2946 4070 eo
2988 4012 3131 4082 quod
3184 4010 3299 4062 dies
3346 4005 3421 4059 illi
3486 4017 3614 4072 azy.

2043 4136 2252 4177 morum
2285 4124 2467 4173 essent
2500 4122 2558 4168 ut
2588 4126 2653 4166 ne
2682 4107 2889 4164 ludatis
2918 4118 3104 4159 ansam
3138 4101 3402 4170 prmheret
3449 4109 3613 4148 accu-

2045 4212 2200 4267 sandi
2255 4209 2399 4262 velut
2444 4204 2691 4273 impium,
2753 4214 2817 4253 ac
2882 4196 3178 4250 solventem
3234 4190 3456 4258 legem:
3510 4185 3613 4238 hos

2047 4315 2228 4360 autem
2252 4298 2457 4357 Christi
2497 4299 2683 4350 hostes
2712 4293 2963 4362 quisnam
2995 4284 3159 4354 cogit,
3194 4291 3253 4335 ut
3306 4279 3613 4335 .ludteorum

2047 4412 2197 4454 more
2225 4406 2471 4463 azymum
2504 4387 2758 4447 otferant,
2790 4390 2847 4436 et
2890 4394 2994 4434 nou
3052 4374 3350 4445 perfectum
3395 4383 3615 4437 panem,

2050 4462 2315 4557 siquidem
2364 4478 2661 4549 perfectum
2725 4471 3000 4526 hominem
3056 4466 3222 4518 Deum
3273 4462 3615 4513 incarnatum

2049 4576 2387 4651 praedicanti
2448 4572 2615 4626 Plane
2668 4566 2812 4621 enim
2870 4561 2950 4616 uti
3004 4567 3253 4611 vetamur
3316 4569 3417 4605 una
3493 4565 3615 4601 cum

2048 4644 2540 4738 .iudmisjejunare,
2575 4676 2636 4716 ac
2662 4673 2784 4715 cum
2833 4655 2912 4710 eis
2956 4649 3232 4705 celebrare
3285 4644 3515 4701 Pascha,
3565 4650 3620 4692 et

2050 4735 2390 4823 circumcidi,
2420 4773 2482 4809 ac
2517 4753 2759 4808 Sabbato
2790 4759 3005 4803 vacare,
3034 4752 3197 4807 atque
3220 4754 3247 4787 a
3269 4735 3443 4788 suillis
3497 4747 3615 4784 car-

2052 4858 2211 4912 nibus
2235 4852 2511 4908 :ibStinere
2542 4867 2555 4901 :
2582 4849 2657 4901 ita
2688 4846 2849 4902 etiam
2879 4838 3226 4913 prohibemur
3254 4842 3501 4897 azymum
3560 4828 3613 4876 in

2052 4947 2324 5007 sacriticio
2345 4945 2561 5000 offerre.

2132 5212 2223 5267 111.
2266 5208 2483 5277 Alioqui
2528 5215 2706 5259 autem
2739 5201 2853 5270 (27)
2885 5205 3105 5269 peracta
3140 5196 3242 5249 fuit
3295 5207 3451 5248 creua
3504 5200 3627 5243 ante

2063 5308 2260 5361 festum
2296 5302 2522 5357 Pascha:
2572 5314 2635 5352 ac
2671 5297 3021 5366 Azymorum,
3060 5292 3221 5358 inque
3264 5302 3324 5340 ea
3377 5283 3625 5338 Christus

2062 5414 2183 5452 cum
2244 5394 2523 5462 discipulis
2577 5403 2770 5459 panem
2822 5385 3079 5449 comedit,
3128 5381 3205 5433 uti
3255 5377 3489 5432 Joannes
3536 5374 3625 5424 ille

2060 5490 2369 5558 Theologus
2399 5485 2551 5538 dicit.
2594 5482 2764 5537 Judas
2797 5478 2909 5551 (28)
2964 5489 3179 5545 quoque
3211 5470 3452 5540 (accepto
3486 5481 3623 5558 pane

2057 5557 2333 5652 egressus)
2395 5575 2553 5645 panis
2600 5567 2932 5627 adminiculo
2983 5562 3238 5634 prodidit.
3279 5558 3413 5613 Nam
3466 5557 3625 5609 tertia

2131 5717 2241 5790 (9.7)
2270 5718 2347 5790 It_a
2385 5715 2497 5790 iere
2528 5711 2896 5790 Graecitnquos
2930 5718 3115 5759 recens
3153 5706 3371 5755 secutus
3410 5702 3495 5752 est
3522 5693 3621 5749 Pe-

2059 5782 2252 5853 tavius,
2290 5786 2501 5840 Ration.
2537 5794 2692 5849 temp.
2726 5782 2817 5853 lib_.
2848 5792 2918 5831 Vl.

2129 5838 2252 5929 (θέῖ
2274 5838 2474 5913 Conier
2496 5838 2753 5921 Theoph.
2797 5849 2849 5902 in
2883 5861 2931 5901 c.
2973 5858 3095 5899 τινι
3128 5838 3320 5896 Matth.
