4088 6408
478 394 616 462 11Ἱ9

1544 400 1798 461 ISAACI
1839 398 2213 460 ΑΒΜΕΝΙΛΞ
2252 398 2664 461 CATHOLICI

3594 399 3733 465 1180

474 514 684 569 decima
711 510 797 567 die
828 512 969 567 lunae
994 510 1096 565 fuit
1125 510 1394 566 celebrata
1415 523 1596 575 caena,
1624 511 1676 565 id
1713 519 1822 575 est,
1849 527 2043 578 magna

2152 509 2379 580 σελήνης
2414 510 2632 579 ἐγένετο
2664 510 2691 562 ό
2721 510 2960 573 δεῖπνος.
2998 510 3168 581 ἧγουν
3198 512 3264 582 τῇ
3301 510 3513 581 μεγάλῃ
3551 518 3611 576 ε’,
3640 511 3738 565 καὶ

474 604 663 675 quinta
698 602 855 669 feria,
892 605 1081 674 sicque
1116 603 1217 657 fuit
1250 604 1506 658 lermenti
1540 619 1673 659 usus
1704 624 1718 659 :
1756 605 1843 660 die
1868 615 2047 658 autem

476 709 672 766 quarta
721 698 939 752 decima.
982 712 1045 751 ac
1081 698 1269 766 quinta
1318 697 1531 752 decima
1588 697 1808 753 fuerunt
1841 698 2049 753 Pascha

476 806 540 843 ac
574 790 690 843 dies
742 791 1095 857 Azymorum.

548 880 637 936 ιν.
680 880 813 946 Quei
873 897 976 933 non
1030 896 1223 950 magna
1278 882 1395 938 hare
1447 883 1802 952 improbitas,
1868 892 1923 938 ut
1982 899 2047 939 ex

477 984 626 1039 parte
653 973 871 1036 quidem
901 988 929 1026 a
963 971 1164 1027 Judmis
1200 974 1466 1041 resiliaut,
1504 975 1558 1028 in
1593 975 1717 1029 aliis
1758 986 1936 1030 autem
1969 975 2052 1031 eis

479 1064 780 1117 nniautur?
814 1062 1265 1132 Haudquaquam,
1304 1066 1553 1135 inquiunt
1583 1084 1597 1120 :
1639 1065 1733 1120 sed
1770 1066 2052 1121 offerimus

477 1156 529 1205 iu
569 1153 837 1205 sacriﬁcio
861 1168 1075 1223 azyma,
1102 1156 1558 1223 quemadmodum
1585 1155 1863 1214 Christus.
1887 1158 2047 1225 Ergo,

474 1245 742 1312 siquidem
795 1260 861 1298 ea
914 1244 1111 1309 solum,
1174 1261 1293 1315 quae
1328 1262 1357 1300 a
1400 1246 1623 1301 Christo
1676 1256 1803 1302 sunt
1854 1248 2050 1302 tradita

476 1348 660 1390 tenere
697 1336 858 1390 vultis
887 1353 951 1391 ac
984 1338 1228 1405 credere,
1288 1355 1469 1408 opera;
1514 1342 1744 1409 pretium
1794 1342 2049 1410 deinceps

476 1429 742 1491 habeatis,
774 1438 833 1484 ut
861 1430 1299 1485 Chrisniauorum
1356 1433 1612 1501 mysteria
1647 1435 1893 1503 negetis;
1928 1450 2051 1503 quas

474 1520 681 1586 omnia,
718 1536 1028 1589 quanquam
1068 1534 1195 1576 tunc
1237 1523 1495 1579 Christus
1543 1538 1639 1593 per
1669 1527 1907 1593 seipsum
1942 1541 2046 1579 non

476 1611 719 1672 tradidit,
759 1616 1101 1680 postmodum
1148 1624 1324 1669 tamen
1351 1630 1450 1684 per
1495 1617 1766 1685 apostolos
1808 1633 1939 1672 suos
1986 1632 2051 1672 ac

477 1711 698 1757 sanctos
726 1703 938 1765 Patres.
965 1707 1086 1774 ejus
1123 1707 1307 1776 utique
1342 1707 1554 1763 albatos
1596 1708 1801 1778 Spiritu
1834 1719 2046 1776 sancto,

476 1793 764 1854 ordinavit,
791 1810 911 1863 quae
954 1798 1172 1863 quidem
1194 1797 1445 1867 quisquis
1467 1814 1572 1853 non
1602 1801 1814 1871 recipit,
1847 1801 2043 1855 nedum

480 1887 697 1937 minime
724 1885 1071 1942 Christianus
1098 1901 1203 1954 est,
1227 1906 1419 1945 verum
1456 1891 1621 1946 etiam
1657 1894 1804 1947 omni
1843 1893 2049 1949 inﬁdeli

476 1976 745 2031 inﬁdelior
776 1980 1012 2034 exsistit.

1060 2090 1291 2145 CAPUT
1338 2090 1464 2148 VIII.

473 2174 553 2230 De
602 2177 667 2230 iis
728 2193 843 2245 qum
901 2178 1143 2234 Christus
1198 2182 1405 2250 quidem
1456 2202 1560 2238 non
1619 2187 1836 2242 tradidit
1868 2227 1883 2252 ,
1960 2188 2052 2243 sed

972 2252 1196 2319 apostoli
1241 2271 1302 2305 ac
1344 2252 1553 2309 Patres.

548 2335 591 2392 l.
648 2338 900 2394 Christus
957 2343 1176 2411 triginta
1233 2360 1497 2400 annorum
1552 2348 1862 2417 baptizatus
1914 2361 2049 2407 est:

476 2442 609 2495 ergo
651 2446 747 2482 nec
779 2432 855 2485 illi
892 2449 1219 2504 quemquam
1283 2447 1410 2492 ante
1460 2455 1662 2495 annum
1712 2442 2047 2498 tricesimum

478 2520 902 2590 baptizaverint.
952 2525 1203 2582 Christus
1239 2529 1509 2600 baptismo
1561 2536 1842 2601 intinctus,
1878 2538 2052 2594 haud-

474 2626 748 2679 quaquam
787 2624 984 2670 unctus
1003 2626 1085 2671 est
1115 2631 1411 2689 unguento,
1433 2634 1524 2677 aut
1540 2625 1659 2679 oleo
1678 2628 2049 2701 sanctiﬁcata;

476 2714 577 2752 nec
610 2716 739 2770 ergo
770 2702 844 2755 illi
875 2718 1150 2774 unguento
1183 2722 1576 2780 perungantur,
1601 2726 1695 2770 aut
1718 2733 1877 2774 sacro
1906 2723 2070 2792 olen.,

477 2790 728 2847 Christus
762 2810 865 2848 non
909 2795 1010 2851 fuit
1066 2800 1371 2868 baptizatus
1426 2805 1479 2859 in
1532 2808 1779 2876 piscina,
1846 2813 1941 2868 sed
1991 2815 2048 2870 in

478 2882 677 2951 ﬂuvio;
711 2903 810 2942 nec
840 2904 969 2959 ergo
1004 2892 1079 2945 illi
1116 2894 1167 2946 iu
1197 2895 1401 2962 piscina
1440 2900 1860 2966 baptizaverint.
1885 2906 2049 2963 Chri-

483 2987 600 3031 stus
642 2978 969 3047 baptismum
1005 2998 1364 3054 suscepturus
1404 3007 1511 3046 non
1545 2996 1799 3052 recitavit
1826 3004 2051 3070 symbo-

475 3068 584 3121 lmn
631 3071 750 3125 fidei
800 3081 1168 3131 trecentorum
1219 3079 1407 3136 decem
1472 3094 1528 3139 et
1564 3098 1689 3141 octo
1734 3068 2049 3147 sanctorum

471 3156 694 3265 lintrum
732 3179 746 3230 ;
786 3180 885 3221 nec
917 3167 1101 3239 itnque
1148 3169 1218 3224 illi
1250 3174 1899 3241 proﬁteantur.Christus
1928 3199 2047 3241 cum
2076 3204 2120 3265 ο

476 3251 838 3321 baptizandus
870 3268 1035 3321 esset,
1078 3276 1185 3314 nun
1221 3272 1307 3316 est
1339 3279 1637 3321 conversus
1670 3270 1737 3323 ad
1780 3269 2048 3328 Occiden-

479 3354 612 3408 tem,
650 3360 748 3399 uec
774 3362 839 3402 eo
870 3351 978 3403 situ
1010 3353 1414 3409 abrenuntiavit
1456 3358 1693 3427 diabolo,
1719 3376 1783 3417 ac
1813 3379 1935 3418 eum
1968 3366 2051 3420 in-

475 3436 741 3503 sumavit;
797 3453 972 3508 neque
1028 3443 1232 3496 iterum
1295 3447 1359 3499 ad
1398 3446 1674 3505 Orientem
1733 3468 2048 3523 conversus,

478 3525 657 3581 foedus
693 3546 814 3583 cum
844 3530 952 3583 Deo
976 3534 1199 3604 pepigit,
1226 3538 1425 3607 quippe
1450 3541 1544 3609 qui
1578 3542 1691 3612 ipse
1718 3545 1862 3601 Deus
1894 3562 2052 3603 verus

474 3628 657 3671 esset:
688 3635 817 3688 ergo
850 3638 948 3675 nec
990 3624 1091 3692 ipsi
1145 3641 1255 3680 rem
1291 3627 1581 3696 ejusmodi,
1619 3635 1683 3690 iis
1714 3637 1806 3704 qui
1841 3639 1910 3693 ab
1939 3640 2048 3696 illis

476 3713 842 3780 liaptizautur,
884 3713 1116 3772 faciant.
1141 3718 1397 3777 Christus
1423 3734 1708 3795 postquam
1740 3731 2051 3800 baptizatus

474 3800 614 3864 fuit,
660 3818 1003 3874 nequaquam
1062 3823 1219 3863 suum
1279 3826 1482 3880 corpus
1547 3819 1818 3887 sumpsit;
1874 3837 2051 3891 neque

474 3908 603 3961 ergo
626 3894 697 3947 illi
732 3909 972 3951 sumant.
1006 3899 1280 3966 Christus,
1304 3918 1332 3956 a
1368 3906 1656 3974 baptismo,
1688 3914 2051 3982 quadraginta

476 3987 740 4044 duntaxat
772 3991 891 4046 dies
912 3992 1201 4061 jejunavit,
1237 3999 1580 4069 obtinuitque
1609 4002 1697 4055 illa
1734 4007 1959 4061 traditio
1982 4009 2049 4063 ad

476 4093 647 4149 usque
685 4096 888 4137 annum
939 4088 1297 4142 centesimum
1332 4091 1688 4160 vicesimum;
1728 4112 1825 4151 nos
1868 4109 2048 4155 tamen

475 4170 867 4239 quinquaginta
902 4173 1020 4227 dies
1074 4175 1294 4231 Pascha
1347 4181 1625 4248 proximos
1646 4183 1975 4252 jejunamus.

546 4258 610 4313 11.
652 4259 903 4316 Christus
935 4265 1193 4319 sacriﬁcii
1246 4269 1406 4336 panis
1441 4275 1760 4340 mySterium
1790 4292 1896 4331 non
1938 4288 2041 4333 tra-

475 4350 611 4405 didit
662 4352 714 4406 in
748 4353 1003 4419 ecclesia,
1050 4357 1144 4411 sed
1195 4359 1248 4411 in
1298 4362 1577 4416 communi
1631 4365 1817 4431 domo,
1873 4385 1935 4424 ac
1990 4371 2046 4426 in

476 4459 659 4497 mensa
695 4448 969 4500 communi
1015 4448 1253 4515 sedens;
1286 4465 1414 4521 ergo
1471 4469 1571 4509 nec
1624 4456 1698 4508 illi
1748 4460 1903 4526 panis
1949 4462 2047 4516 ho-

2152 600 2294 653 οὕτω
2324 601 2546 668 γέγονεν
2574 603 2605 669 ἡ
2640 600 2796 669 ἄρσις
2827 603 2925 671 τῆς
2955 600 3167 671 ζύμης·
3198 604 3292 657 xui
3318 606 3383 675 τῇ
3426 604 3487 657 ιδ’
3524 605 3620 658 xui
3670 610 3736 657 ιε’

2152 691 2399 761 ἐγένοντο
2427 691 2487 745 τὸ
2518 692 2705 764 Πάσχα
2734 693 2831 746 καὶ
2854 693 2923 746 τὰ
2951 692 3194 765 Ἀζυμα.

2222 872 2297 929 Δ’.
2340 874 2465 937 Πῶς
2490 874 2675 928 οὐκέτι
2707 874 3043 944 παρανομία,
3073 876 3128 928 ἐν
3156 874 3315 945 μέρει
3346 873 3445 945 μὶν
3470 873 3529 939 ἐξ
3556 874 3741 928 αὐτῶν

2151 967 2512 1036 ἀποφεύγειν,
2549 970 2607 1020 ὲν
2658 968 2839 1038 ἄλλοις
2869 968 2925 1022 δὲ
2961 967 3231 1036 ἑνωθῆναι
3261 970 3371 1031 τοῖς
3408 967 3730 1032 Ἰουδαίοις-ς

2153 1061 2311 1131 Οὐχὶ,
2329 1060 2512 1130 φασίν·
2539 1060 2721 1129 ἄζυμα
2735 1061 2793 1114 δὲ
2820 1061 3205 1129 προσφέρομεν
3225 1060 3305 1123 είς
3329 1060 3520 1113 θυσίαν
3540 1059 3735 1130 ὥσπερ

2150 1150 2179 1204 ὀ
2204 1151 2457 1219 Χριστός.
2482 1150 2716 1214 Οὐκοῦν,
2743 1152 2792 1203 εί
2813 1152 2884 1203 τά
2909 1149 3314 1220 παραδιδόμενα
3337 1149 3444 1203 ὑπὸ
3469 1148 3734 1220 Χριστοῦ,

2150 1242 2324 1295 ταῦτα
2359 1242 2496 1311 μόνα
2522 1246 2742 1314 κρατεῖν
2775 1243 2867 1297 xui
2900 1241 3177 1297 πιστεύειν
3210 1240 3501 1313 βούλεσθε,
3533 1242 3738 1312 πρέπει

2150 1335 2337 1388 λοιπὸν
2361 1336 2509 1404 ἡμᾶς
2535 1335 2813 1405 ἀρνεῖσθαι
2838 1334 2904 1387 τά
2928 1334 3037 1387 τῶν
3060 1335 3405 1404 Χριστιανῶν
3434 1336 3735 1404 μυστήρια,

2153 1428 2297 1497 άπερ
2326 1428 2540 1481 ἅπαντα
2569 1429 2619 1480 εί
2652 1429 2744 1481 xui
2772 1431 2799 1481 ὀ
2828 1428 3061 1501 Χριστὸς
3086 1429 3208 1481 τότε
3240 1426 3337 1497 μὲν
3362 1427 3431 1480 δι’
3448 1428 3642 1481 ἑαυτοῦ
3672 1429 3735 1481 ού

2152 1519 2468 1589 παρέδωκεν
2496 1559 2511 1583 ,
2549 1519 2664 1572 ἀλλ’
2691 1518 2918 1589 ὕστερον
2952 1520 3041 1573 διὰ
3074 1520 3183 1572 τῶν
3218 1518 3381 1572 αὐτοῦ
3416 1519 3737 1574 ἀποστόλων

2151 1609 2243 1663 xui
2274 1609 2382 1661 τῶν
2416 1609 2587 1678 ἁγίων
2619 1610 2897 1676 Πατάρων,
2930 1609 3018 1663 διὰ
3047 1608 3140 1663 τοῦ
3175 1609 3331 1678 ἀγίου
3368 1610 3531 1664 αὑτοῦ
3568 1611 3741 1663 Πνεύ-

2154 1718 2325 1772 ματος
2358 1701 2579 1763 πάντως
2611 1703 2893 1769 διετάξατο
2915 1718 2926 1731 ·
2965 1703 3110 1775 άπερ
3142 1703 3171 1756 ὁ
3208 1703 3282 1775 μὴ
3316 1703 3638 1774 δεχόμενος,
3675 1703 3737 1756 ού

2155 1791 2313 1860 μόνον
2346 1794 2671 1863 Χριστιανὸς
2705 1795 2806 1847 οὐκ
2839 1793 3017 1861 ἐστιν,
3055 1794 3192 1849 ἀλλὰ
3228 1795 3323 1848 καὶ
3354 1794 3575 1848 πάντων
3607 1794 3740 1848 ἀπί-

2154 1902 2293 1939 στων
2321 1887 2703 1958 ἀπιστότερος.

2683 2085 3078 2139 ΚΕΦᾹΛΑΙΟΝ
3120 2088 3200 2141 H’.

2153 2180 2289 2247 Περι
2335 2171 2423 2231 ὧν
2463 2180 2496 2231 ὁ
2539 2178 2794 2245 Χριστὸς
2831 2178 2949 2247 μὲν
2988 2181 3060 2233 οὐ
3103 2180 3474 2249 παρέδωκεν,
3518 2183 3654 2236 ἀλλ’
3682 2183 3740 2237 οι

2509 2249 2843 2302 ἀπόστολοι
2880 2249 2979 2303 καί
3012 2253 3068 2304 οι
3102 2252 3384 2320 Πατέρες.

2221 2344 2299 2394 A'.
2348 2340 2407 2394 '0
2437 2341 2672 2411 Χριστὸς
2702 2342 3134 2411 τριακονταετὴς
3168 2343 3476 2415 ἐϐαπτίσθη
3497 2360 3511 2374 ο
3539 2344 3738 2399 οὐκοῦν

2152 2432 2306 2487 αὐτοὶ
2348 2433 2451 2497 ἕως
2492 2433 2791 2502 τριάκοντα
2832 2433 2971 2487 ἑτῶν
3019 2433 3227 2505 μηδένα
3268 2435 3631 2505 βαπτίσωσιν.
3672 2437 3736 2491 '0

2151 2526 2389 2597 Χριστὸς
2422 2523 2746 2593 βαπτισθεὶς
2780 2523 2955 2595 μύρον
2997 2524 3101 2578 οὐκ
3128 2525 3377 2596 ὲχρίσθη,
3407 2525 3530 2580 οὗτε
3578 2530 3739 2597 ήγιαο

2153 2622 2351 2689 σμένον
2382 2618 2590 2672 ἔλαιον·
2629 2617 2824 2671 οὐκοῦν
2860 2617 2983 2689 μηδ’
3008 2617 3447 2689 αὐτοὶχρισθῶσι
3485 2619 3661 2691 μύρῳ,
3697 2620 3733 2690 ἢ

2153 2713 2294 2784 ἁγίῳ
2329 2712 2511 2783 ἐλαίῳ.
2541 2713 2600 2765 '0
2635 2712 2871 2783 Χριστὸς
2902 2713 2961 2765 ὲν
2988 2711 3349 2784 κολυμϐήθρᾳ
3381 2712 3483 2766 οὐκ
3516 2713 3741 2767 ἐϐαπτῖ-

2154 2805 2293 2875 σθη,
2346 2804 2462 2858 ἀλλ’
2492 2805 2552 2858 ὲν
2600 2804 2832 2876 ποταμῷ
2862 2820 2877 2835 ·
2928 2804 3051 2875 μηδ’
3079 2804 3233 2858 αὐτοὶ
3276 2806 3335 2859 έν
3377 2805 3740 2876 κολυμϐήθρᾳ

2155 2898 2511 2968 βαπτίσωσιν.
2550 2898 2609 2950 '0
2656 2897 2890 2968 Χριστὸς
2933 2898 2995 2950 τὸ
3044 2896 3316 2967 σύμϐολον
3358 2899 3459 2969 τῆς
3504 2898 3743 2963 πίστεως

2152 2989 2259 3044 τῶν
2298 2987 2404 3061 τιη¹
2450 2990 2623 3058 ἁγίων
2676 2990 2937 3059 Πστέρων
2986 2989 3087 3043 οὐκ
3125 2984 3248 3043 εῐπε
3290 2991 3500 3059 μέλλων
3542 2991 3743 3060 βαπτι-

2154 3082 2386 3152 σθῆναι·
2428 3081 2550 3151 μηδ’
2583 3081 2738 3134 αὐτοὶ
2773 3080 3203 3152 ὁμολογήσωσιν.
3242 3083 3299 3135 '0
3333 3083 3569 3154 Χριστὸς
3607 3082 3743 3152 μέλ-

2153 3176 2261 3231 λων
2301 3176 2665 3248 βαπτισθῆναι
2705 3177 2840 3243 πρὸς
2880 3175 3091 3245 δυσμὰς
3134 3178 3236 3230 οὐκ
3276 3177 3606 3248 ἀπεστράφη
3645 3181 3742 3233 xui

2152 3266 2465 3333 ἀπετάξατο
2499 3268 2577 3337 τῷ
2621 3266 2857 3337 διαϐόλῳ
2879 3306 2894 3330 ,
2938 3266 3035 3319 καὶ
3078 3267 3341 3335 ἐνέφυσεν
3380 3267 3542 3321 αὐτόν
3570 3267 3739 3323 ὀὔτε

2151 3359 2315 3413 πάλιν
2358 3358 2495 3428 πρὸς
2537 3359 2806 3420 ἀνατολὰς
2848 3358 3098 3429 ἐστράφη
3146 3359 3244 3412 xui
3290 3360 3620 3426 συνετάξατο
3660 3361 3741 3432 τῷ

2151 3450 2304 3520 Θεῷο
2344 3450 2507 3513 αὐτὸς
2545 3448 2654 3520 γὰρ
2690 3445 2758 3520 ἦν
2793 3452 2820 3502 ὁ
2862 3448 3118 3519 ἀληθινὸς
3161 3448 3328 3512 Θεός·
3371 3450 3570 3505 οὐκοῦν
3609 3452 3739 3523 μηδ’

2152 3538 2306 3595 αὐτοὶ
2334 3542 2501 3596 ταὺτὸ
2530 3542 2658 3604 τοὺς
2692 3540 2783 3595 ὑπ’
2806 3540 2986 3594 αὐτῶν
3020 3540 3458 3612 βαπτιζομένους
3491 3544 3734 3612 ποιήσωο

2155 3650 2258 3688 σιν.
2299 3634 2356 3687 '0
2392 3634 2627 3704 Χριστὸς
2660 3632 2983 3703 βαπτισθεὶς
3019 3632 3114 3686 τοῦ
3152 3634 3351 3687 ἑαυτοῦ
3390 3635 3639 3706 σώματος
3671 3638 3733 3689 οὐ

2154 3723 2438 3794 μετέλαϐε,
2474 3724 2598 3794 μηδ’
2623 3725 2773 3777 αὐτοὶ
2806 3723 3211 3795 μεταλάϐωσιν.
3240 3725 3300 3779 'O
3331 3726 3568 3797 Χριστὸς
3600 3728 3742 3789 μετά

2149 3816 2246 3869 τοῦ
2293 3816 2658 3887 βαπτισθῆναι
2698 3818 3027 3887 ὲνήστευσεν
3068 3818 3282 3887 ἡμέρας
3324 3821 3738 3888 τεσσαράκοντα

2151 3908 2248 3961 xui
2277 3909 2454 3977 μόνον,
2482 3909 2576 3961 xui
2604 3908 2797 3977 μέχρις
2836 3906 2920 3979 ρκ’
2955 3907 3099 3961 ἑτῶν
3121 3909 3155 3978 ἠ
3182 3910 3408 3980 τοιαύτη
3443 3910 3738 3981 παράδοσις

2153 3999 2498 4070 κεκράτηκεν
2516 4012 2531 4028 ο
2560 3995 2852 4067 άλλῖάιμεῖς
2878 3996 3046 4065 ἐγγὺς
3070 3995 3178 4051 τοῦν
3198 3997 3408 4067 Πάσχα,
3436 3997 3653 4070 ἡμέρας
3672 3995 3739 4054 ν’.

2231 4267 2291 4320 '0
2322 4265 2558 4336 Χριστὸς
2586 4266 2647 4320 τὸ
2680 4268 2979 4338 μυστήριον
3006 4269 3107 4338 τῆς
3140 4268 3332 4333 θυσίας
3361 4266 3454 4322 τοῦ
3484 4268 3649 4338 ἄρτου
3678 4267 3739 4320 ὲν

2150 4358 2416 4429 ἐκκλησίᾳ
2467 4357 2528 4410 ού
2579 4358 2921 4427 παρέδωκεν,
2968 4358 3086 4412 ἀλλ’
3115 4364 3170 4413 ἐν
3214 4360 3350 4431 οἴκῳ
3399 4359 3594 4427 κοινῷ,
3642 4359 3739 4415 καὶ

2150 4453 2400 4526 τραπέζᾳ
2442 4456 2598 4524 κοινῇ
2647 4454 3011 4523 καθεζόμενος
3037 4470 3050 4485 ’
3096 4454 3292 4508 οὐκοῦν
3338 4456 3461 4525 μηδ’
3484 4456 3637 4507 αὐτοὶ
3680 4456 3742 4507 ὲν

473 4536 632 4589 stiam
692 4538 744 4590 in
798 4538 1045 4596 ecclesiis
1112 4543 1567 4601 sacriﬁcaverint.
1615 4546 1866 4605 Christus
1927 4563 2049 4621 post

2156 4546 2473 4617 ἐκκλησίαις
2518 4547 2921 4616 ίερουργήσωσι
2955 4546 3056 4616 τὴν
3092 4546 3287 4601 θυσίαν
3320 4547 3412 4600 τοῦ
3453 4548 3641 4616 ἄρτου.
3678 4546 3739 4600 '0

474 4644 710 4692 umnam,
746 4644 809 4683 ac
844 4630 933 4685 ubi
977 4633 1234 4701 discipuli
1269 4639 1496 4692 saturati
1544 4650 1752 4707 essent,
1805 4651 1914 4697 tum
1954 4645 2048 4700 de-

476 4735 621 4772 mum
670 4720 753 4774 sui
806 4724 1054 4792 corporis
1121 4731 1509 4783 communione
1562 4746 1659 4787 eos
1716 4734 2044 4804 impertivit;

473 4828 603 4881 ergo
628 4823 682 4865 et
712 4816 811 4881 ipsi
846 4819 995 4885 prius
1028 4822 1317 4875 comedant
1348 4838 1542 4879 carnes
1587 4840 1651 4879 ac
1705 4837 2041 4896 saturentur,

473 4912 696 4971 tumque
760 4910 1141 4977 mysteriorum
1218 4916 1652 4983 communiome
1725 4921 2043 4989 percipiant.

472 4995 742 5059 Christus,
796 5013 1101 5070 qttauquam
1140 5003 1241 5059 fuit
1291 5020 1387 5073 pro
1431 5008 1587 5064 nobis
1629 5009 1823 5065 afﬁxus
1870 5012 2044 5081 cruci,

477 5088 618 5141 haud
654 5099 831 5142 tamen
881 5107 1101 5149 crucem
1154 5097 1366 5152 adorari
1413 5103 1734 5169 constituit;
1770 5119 1903 5172 ergo
1944 5121 2044 5162 nec

475 5179 581 5248 ipsi
615 5194 832 5234 crucem
887 5185 1137 5240 adorent.
1186 5188 1330 5243 Crux
1389 5191 1570 5260 lignea
1604 5205 1724 5249 erat
1757 5213 1771 5249 :
1802 5211 1933 5267 ergo
1968 5196 2044 5251 illi

476 5287 576 5326 nec
605 5288 850 5337 auream,
874 5290 971 5329 nec
995 5290 1331 5348 argenteam,
1351 5283 1675 5347 lerreatnve,
1699 5296 1791 5340 aut
1823 5302 2044 5354 aeream,

475 5365 559 5418 vel
614 5364 878 5432 lapideam
933 5384 1153 5424 crucem
1204 5378 1572 5434 adoraverint.
1623 5377 1875 5433 Christus
1937 5395 2045 5434 non

474 5455 649 5510 induit
678 5460 1144 5529 superhuntrrale,
1181 5479 1281 5519 nec
1332 5469 1596 5533 orarium,
1644 5485 1747 5524 nec
1798 5471 2048 5540 manipu-

474 5546 609 5613 lum,
643 5565 743 5604 nec
797 5554 1063 5620 casulam,
1099 5572 1277 5626 neque
1327 5561 1579 5629 penulam
1606 5578 1621 5615 :
1647 5576 1779 5632 ergo
1816 5578 1914 5617 nec
1947 5563 2046 5633 ipsi

474 5654 539 5693 ea
572 5642 820 5702 induant.
866 5644 1118 5705 Christus
1170 5650 1347 5709 Missa:
1397 5669 1609 5725 preces,
1670 5670 1735 5713 ac
1762 5670 2045 5713 sacrorum

550 5816 665 5889 (‘29)
695 5820 854 5878 Deest
888 5827 1220 5894 μετέδωκεν.

2154 4641 2387 4711 Χριστὸς
2436 4640 2575 4710 μετὰ
2619 4640 2679 4693 τὸ
2724 4640 3013 4710 δειπνῆσαι
3062 4641 3156 4693 xui
3199 4639 3569 4711 χορτασθῆναι
3610 4642 3739 4704 τοὺς

2157 4731 2408 4803 μαθητὰς
2437 4731 2626 4793 αὐτοῦ,
2655 4732 2778 4785 τότε
2803 4731 2898 4785 τοῦ
2932 4732 3061 4786 ἰδίου
3088 4734 3341 4802 σώματος
3370 4733 3480 4803 (29)
3502 4749 3515 4764 ’
3544 4731 3741 4785 οὐκοῦν

2152 4825 2246 4879 καὶ
2280 4824 2433 4877 αὐτοὶ
2467 4823 2682 4894 πρῶτον
2719 4825 3052 4893 φαγέτωσαν
3086 4826 3225 4895 κρέα
3248 4865 3262 4887 .
3298 4827 3391 4879 xui
3425 4826 3737 4897 χορτασθή-

2153 4933 2370 4995 τωσίιν,
2409 4916 2505 4970 xui
2541 4916 2662 4969 τότε
2707 4917 3125 4987 κοινωνήτωσαν
3157 4917 3267 4971 τῶν
3305 4918 3642 4988 μυστηρίων.
3678 4916 3739 4970 '0

2153 5009 2416 5075 Χριστὸς,
2448 5010 2496 5060 εί
2528 5008 2622 5061 xui
2655 5008 2797 5078 ὑπὲρ
2828 5008 2987 5079 ἡμῶν
3018 5006 3336 5080 ἑσταυρὼθη
3360 5048 3375 5073 ,
3410 5009 3545 5063 ἀλλὰ
3576 5025 3742 5062 σταυ-

2156 5102 2249 5173 ρὸν
2293 5102 2719 5171 προσκυνεῖσθαι
2760 5104 2821 5154 οὐ
2868 5101 3189 5167 διετάξατο,
3238 5101 3314 5165 ὡς
3363 5103 3634 5173 μαρτυρεῖ
3675 5102 3740 5154 τὸ

2152 5192 2485 5264 Εὐαγγέλιον
2516 5211 2529 5225 '
2564 5193 2762 5247 οὐκοῦν
2797 5194 2921 5265 μηδ’
2950 5196 3104 5250 αὐτοὶ
3150 5196 3386 5265 σταυρὸν
3420 5194 3737 5264 προσκυνή-

2148 5303 2353 5340 τωσαν.
2396 5287 2456 5340 '0
2491 5286 2723 5355 σταυρὸς
2756 5286 2918 5353 ξύλου
2945 5281 3047 5356 ἦν·
3081 5286 3277 5341 οὐκοῦν
3310 5289 3445 5358 μήτε
3474 5286 3735 5358 χρυσοῦν,

2153 5375 2288 5447 μήτε
2315 5375 2614 5447 ἀργυροῦν,
2647 5378 2783 5447 μήτε
2813 5376 3086 5447 σιδηροῦν,
3114 5377 3147 5447 ἢ
3177 5376 3435 5447 χαλκοῦν.
3462 5378 3494 5449 ἢ
3528 5376 3735 5431 λίθινον

2151 5468 2385 5539 σταυρὸν
2398 5470 2900 5539 προσκυνείτωσαν.
2930 5469 2989 5521 '0
3016 5471 3249 5541 Χριστὸς
3275 5471 3611 5541 ὠμοφύριον,
3640 5472 3739 5526 xui

2151 5562 2562 5633 ἑπιτραχήλιον,
2589 5564 2684 5615 xui
2713 5564 3011 5634 στιχάριον,
3042 5565 3138 5618 xui
3162 5564 3446 5635 φελὼνιον,
3478 5568 3571 5619 xui
3602 5584 3741 5634 μαν-

2149 5655 2291 5722 δὶον,
2328 5654 2390 5709 ού
2428 5653 2783 5727 περιεϐάλετο
2807 5670 2821 5685 ο
2860 5656 2984 5728 μηδ’
3012 5655 3166 5712 αὐτοὶ
3198 5655 3373 5711 ταῦτα
3409 5656 3738 5729 περιϐαλλέ-
