4088 6406
311 400 446 466 1181

1371 398 1658 459 ORATIO
1692 397 1720 457 Ι
1760 396 2061 458 CONTRA
2104 397 2370 458 ARMEN
2382 398 2517 461 [03.

3436 394 3574 461 1182

307 517 543 571 σθωσαν.
574 512 636 568 '0
668 511 906 584 Χριστὸς
935 509 1034 574 τὰς
1067 507 1232 580 εὐχάς
1261 509 1359 578 τῆς
1394 507 1765 580 λειτουργίας,
1800 508 1895 561 καὶ

2004 506 2501 577 Theophaniorum,
2545 519 2610 584 ac
2640 506 2876 577 reliquas
2914 520 3123 571 omnes.
3174 509 3320 567 omni
3356 514 3573 581 negotio

303 611 415 666 τῶν
440 609 612 680 ἀγίων
639 607 984 676 Θεοφανὲων,
1016 606 1113 660 καὶ⁵
1138 605 1236 668 τὰς
1265 604 1461 667 λοιπὰς
1489 604 1670 667 πάσας
1699 603 1890 673 εὐχάς,

304 702 505 764 παντὸς
548 699 876 771 πράγματος
918 700 1010 752 καὶ
1052 698 1275 769 ἀπάσης
1317 699 1468 767 ὧρας
1511 698 1613 750 οὐκ
1660 696 1887 768 είρηκε’

308 790 434 859 μηδ’
457 790 613 843 αὐτοὶ
644 788 851 851 ταύτας
883 788 1214 857 λεγέτωσαν,
1245 788 1279 860 ἢ
1320 789 1424 842 ὑπὸ
1454 788 1565 841 τῶν
1597 788 1770 856 ἁγίων
1804 787 1896 840 εύ-

305 880 417 952 χῶν
446 878 897 948 ἁγιασθήτωσαν.

389 973 449 1024 '0
490 971 727 1042 Χριστὸς
767 971 1144 1041 πατριάρχας,
1187 973 1283 1024 καὶ
1326 969 1763 1040 μητροπολίτας,
1798 967 1896 1024 καὶ

307 1063 675 1127 ἐπισκόπους,
714 1061 809 1117 καὶ
855 1062 1291 1133 πρεσϐυτέρους,
1328 1063 1423 1116 καὶ
1462 1062 1765 1124 διακόνους,
1803 1062 1897 1115 καὶ

311 1153 598 1222 μοναχοὺς.
629 1153 732 1206 οὐκ
760 1154 1195 1223 ἐχειροτόνησεν,
1230 1155 1356 1207 οὔτε
1387 1153 1488 1217 τὰς
1516 1153 1683 1223 εὐχὰς
1713 1153 1896 1205 αὐτῶν

306 1242 522 1310 εἴρηκε.
553 1242 695 1311 Μηδ⁹
715 1242 870 1296 αὐτοὶ
900 1244 1443 1313 χειροτονείσθωσαν,
1472 1244 1505 1314 ἢ
1537 1244 1642 1296 ὑπὸ
1668 1242 1776 1297 τῶν
1808 1245 1897 1296 εύ-

306 1332 421 1401 χῶν
455 1332 930 1403 εύλογηθήτωσαν.
973 1336 1031 1388 '0
1075 1336 1313 1404 Χριστὸς
1354 1336 1651 1405 ἐκκλησίας
1688 1335 1897 1389 οἰκοδο-

310 1425 564 1494 μεῖσθαι,
616 1428 713 1480 ttal.
762 1427 923 1495 ἁγίας
971 1429 1256 1498 τραπέζας
1308 1431 1747 1494 κατασκευάσαι,
1803 1432 1900 1484 καὶ

310 1515 469 1587 μύρῳ
503 1517 830 1587 χρισθῆναι,
868 1519 961 1571 καὶ
1002 1519 1228 1590 μυρίαις
1261 1521 1450 1590 εὐχαῖς
1480 1521 1803 1589 άγιάζεσθαι
1836 1521 1897 1574 οὐ

305 1606 611 1673 διετάξατο,
658 1610 781 1662 οὐδὲ
827 1611 1130 1681 πεποίηκε’
1185 1611 1313 1681 μηδ’
1335 1612 1487 1665 αὐτοὶ
1533 1612 1693 1665 τοῦτο
1740 1615 1897 1682 ποιή-

310 1716 503 1761 σαντες
535 1698 674 1772 (50).
705 1701 764 1755 Ὀ
797 1703 1036 1772 Χριστὸς
1058 1705 1294 1774 τετράδα
1326 1705 1422 1758 καὶ
1454 1704 1811 1775 παρασκευὴν
1835 1705 1896 1757 ού

307 1794 680 1859 νενήστευκε·
740 1795 862 1864 μηδ’
899 1794 1058 1848 αὐτοὶ
1109 1795 1501 1866 νηστεύσωσιν.
1555 1796 1613 1850 '0
1662 1795 1901 1867 Χριστὸς

308 1886 452 1938 κατὰ
481 1885 581 1948 τὰς
610 1887 877 1951 ἀνατολὰς
908 1887 1313 1958 προσεύχεσθαι
1342 1889 1404 1942 ού
1436 1887 1740 1953 διετάξατο,
1771 1889 1896 1959 μηδ’

308 1979 467 2032 αὐτοὶ
510 1981 652 2034 κατὰ
690 1981 791 2042 τὰς
834 1982 1108 2045 ἀνατολάς
1150 1982 1666 2052 προσευχέσθωσαν.
1710 1982 1898 2036 Ταῦτα

309 2069 420 2137 γάρ
453 2072 630 2125 πάντα
667 2074 763 2125 καὶ
798 2072 1024 2127 πλείονα
1058 2073 1266 2128 τούτων
1299 2075 1651 2145 Χριστιανῶν
1686 2093 1895 2145 μυστη-

313 2163 445 2231 ρίων
476 2163 605 2216 ὄντα
626 2204 641 2228 ,
669 2163 737 2217 δι’
760 2157 836 2218 ὧν
863 2166 1025 2236 ἡμεῖς
1055 2166 1401 2237 άγιαζόμεθα
1420 2206 1434 2231 ,
1468 2167 1565 2221 καὶ
1595 2168 1778 2220 πιστοὶ
1804 2183 1900 2235 γε-

308 2256 537 2324 νόμεθα,
567 2258 595 2309 ὁ
631 2258 867 2327 Χριστὸς
901 2258 971 2312 δι’
993 2259 1188 2313 ἑαυτοῦ
1222 2260 1283 2313 ού
1321 2260 1663 2330 παρέδωκεν,
1696 2260 1839 2329 ἅπερ
1869 2259 1898 2312 ὁ

312 2345 650 2416 ἀρνούμενος
674 2349 770 2401 καὶ
796 2347 1007 2402 ἀθετῶν
1032 2350 1127 2403 καὶ
1159 2350 1234 2419 μὴ
1264 2350 1739 2421 παραδεχόμενος,
1765 2351 1899 2422 Χρι-

313 2439 533 2500 στιανὸς
567 2439 854 2493 καλεῖσθαι
885 2441 948 2494 οὐ
975 2440 1225 2498 δύναται.
1263 2443 1402 2497 Ἀλλ’
1430 2445 1623 2514 ἡμεῖς,
1657 2442 1802 2513 ἅπερ
1834 2443 1898 2495 ὲκ

308 2530 421 2581 τ’ὒν
446 2530 613 2583 αὑτοῦ
640 2532 977 2600 ἀποστόλων,
1004 2534 1097 2588 καὶ
1131 2535 1417 2602 παναγίων
1442 2534 1703 2605 Πατέρων
1729 2551 1897 2604 παρε-

309 2620 573 2690 λάϐομεν,
604 2623 716 2694 (3|)
751 2623 809 2687 ἐξ
838 2617 913 2678 ὧν
944 2625 1182 2697 ὑπάρχει
1206 2627 1301 2680 καὶ
1332 2628 1397 2678 ὲκ
1427 2627 1538 2698 (52)
1569 2627 1662 2680 τοῦ
1688 2625 1897 2680 τελείου

310 2713 481 2782 ἄρτου
512 2714 834 2786 παράδοσις,
864 2717 960 2770 καὶ
991 2718 1023 2788 ὴ
1050 2717 1138 2769 διὰ
1162 2716 1263 2787 τῆς
1291 2718 1493 2788 λόγχης
1523 2716 1897 2787 ἀποκαθαίρε-

315 2821 423 2870 σις,
456 2808 550 2858 κα)⁵
581 2808 614 2876 ὴ
646 2806 755 2860 τῶν
786 2809 960 2876 ἁγίων
989 2808 1212 2863 εἰκόνων
1243 2808 1469 2879 ποίησίς
1500 2826 1560 2862 τε
1594 2809 1690 2862 καὶ
1724 2824 1896 2877 προσ-

316 2894 563 2968 κύνησις.
617 2899 693 2952 Οὐ
749 2900 857 2969 γὰρ
915 2901 1321 2971 ἐναντιούμενοι
1369 2901 1448 2972 τῷ
1499 2899 1753 2971 Χριστῷ,
1801 2900 1898 2954 καὶ

314 2991 468 3060 αὐτῷ
495 2993 812 3063 μαχόμενοι,
843 2993 939 3047 καὶ
963 2995 1031 3046 τὰ
1058 2994 1267 3047 ἐκείνου
1286 2993 1635 3057 ὲλαττοῦντες
1651 2993 1745 3047 καὶ
1774 3009 1898 3062 σμιι

313 3084 607 3156 κρύνοντες
626 3126 641 3151 ,
670 3086 841 3139 ταῦτα
872 3087 1051 3141 πάντα
1078 3087 1127 3139 οἱ
1159 3087 1482 3152 ἀπόστολοι,
1516 3089 1609 3141 καὶ
1640 3089 1688 3140 οἱ
1722 3084 1900 3140 ﬂare-

320 3193 410 3247 ρες
463 3179 521 3229 ὲν
587 3177 887 3247 Ἐκκλησία
946 3177 1275 3248 παρέδωκαν
1312 3194 1327 3211 ο
1385 3178 1523 3232 ἀλλὰ
1579 3179 1780 3248 μᾶλλον
1828 3179 1899 3232 τά
1927 3208 1973 3266 (Σ

315 3269 527 3322 ἐκείνου
557 3269 900 3334 αὐξάνοντες,
928 3272 1023 3324 καὶ
1053 3271 1474 3339 μεγαλύνοντες,
1498 3273 1594 3325 καὶ
1617 3271 1901 3341 ύψοῦντες,

317 3363 415 3415 καὶ
447 3362 751 3432 τιμῶντες,
787 3363 881 3416 καὶ
920 3362 1236 3427 δοξάζοντες
1279 3363 1595 3433 μυστήρια,
1630 3363 1725 3417 καὶ
1766 3363 1905 3432 πρὸς

312 3454 474 3520 δόξαν
508 3455 673 3508 αὐτοῦ
714 3455 809 3509 καὶ
855 3454 1280 3524 μεγαλωσύνην,
1319 3455 1414 3507 καὶ
1436 3454 1595 3524 ἡμῶν
1629 3455 1905 3525 σωτηρίαν

315 3550 413 3602 καὶ
456 3550 739 3617 καύχημα,
781 3547 955 3601 ταῦτα
992 3548 1378 3618 διαταξάμενοι
1421 3548 1519 3601 καὶ
1559 3550 1903 3601 κατασκευά-

315 3656 531 3702 σαντες.
566 3638 778 3692 Οὺκοῦν
808 3639 857 3692 οἳ
890 3637 985 3693 τοῦ
1023 3639 1229 3692 τελείου
1266 3638 1434 3710 ἄρτου
1469 3639 1569 3709 τὴν
1602 3640 1902 3711 παράδοσιν

315 3731 592 3795 ἀθετοῦσι,
620 3736 715 3784 καὶ
738 3732 798 3785 ού
827 3730 1250 3801 παραδέχονται,
1275 3733 1371 3785 καὶ
1397 3730 1607 3801 ἄζυμον
1632 3731 1797 3801 ἄρτον
1822 3731 1902 3793 εἰς

315 3825 509 3877 θυσίαν
538 3824 864 3893 προσφέρειν
894 3822 1199 3893 βούλονται,
1227 3822 1578 3893 ἀθετήτωσαν
1614 3821 1711 3875 καὶ
1734 3821 1902 3893 ἀρνη-

314 3934 500 3971 τωσαν
533 3917 706 3971 ταῦτα
746 3916 924 3971 πάντα
958 3915 1105 3987 άπερ
1135 3916 1472 3987 εἰρήκαμεν,
1510 3915 1668 3970 ἆτινα
1702 3917 1731 3969 ὁ
1763 3917 1901 3986 Χρι-

319 4009 442 4072 στὸς
474 4007 571 4077 μὲν
600 4006 666 4061 δι’
690 4006 886 4060 ἑαυτοῦ
916 4007 978 4059 οὐ
1011 4007 1361 4077 παρέδωκεν,
1393 4005 1511 4060 ἀλλ’
1532 4006 1582 4060 oi
1614 4006 1902 4060 ἀπόστολοι

314 4107 413 4157 καὶ
440 4105 489 4155 oi.
520 4104 665 4172 ἅγιοι
698 4104 961 4172 Πατέρες.
990 4104 1052 4156 Ei
1077 4102 1188 4172 γὰρ
1218 4103 1374 4157 αὐτοὶ
1404 4102 1505 4171 μὲν
1536 4103 1616 4164 είς
1643 4102 1741 4171 τὴν
1774 4102 1903 4155 ἑαυ-

316 4197 429 4249 τῶν
459 4195 753 4266 διατροφὴν
782 4195 981 4248 ἐσθίειν
1011 4193 1219 4265 ἄζυμον
1247 4195 1309 4247 ού
1341 4194 1752 4263 καταδέχονται,
1783 4192 1902 4255 πῶς

316 4289 481 4342 τοῦτο
516 4288 577 4341 τὸ
619 4286 935 4358 βδελυκτὸν,
976 4286 1135 4355 σῶμα
1176 4285 1311 4340 Θεοῦ
1352 4287 1764 4341 κατασκευάσαι
1800 4286 1902 4338 οὐκ

315 4381 700 4453 αἰσχύνονται;
736 4380 902 4434 Οὐδὲν
930 4379 1039 4448 γάρ
1069 4379 1258 4448 ἓτερον
1287 4378 1337 4430 οί
1368 4378 1618 4443 ἀσεϐεῖς,
1653 4378 1686 4448 ἢ
1717 4378 1780 4430 τδ
1809 4378 1901 4431 τέ-

315 4476 462 4528 λειον
488 4476 587 4545 τῆς
622 4473 861 4543 Χριστοῦ
896 4470 1363 4542 ἐνανθρωπήσεως
1395 4471 1680 4541 ἀρνεῖσθαι
1717 4469 1903 4540 βουλό-

321 4583 499 4637 μενοι,
538 4540 713 4619 ταῦτα
754 4566 932 4620 πάντα
975 4540 1276 4636 φλυαροῦσι
1316 4564 1410 4617 καὶ
1438 4540 1897 4635 προφασίζονται,
1934 4540 1976 4597 ο

318 4657 635 4727 ἀλλοτρίους
669 4657 763 4710 καὶ
800 4655 982 4722 ξένους
1018 4654 1111 4709 τοῦ
1146 4652 1420 4725 Χριστοῦ,
1456 4653 1552 4706 καὶ
1583 4650 1691 4703 τῶν
1725 4648 1899 4718 ἁγίων

320 4750 516 4814 αὐτοὺς
544 4749 900 4812 δεικνύοντες.

846 4858 1244 4913 ΚΕΦΑΛΑῙΟΝ
1293 4858 1370 4914 8'.

390 4962 531 5032 Περὶ
562 4966 680 5019 τῶν
719 4961 1061 5021 Ἰουδαϊκῶν
1107 4960 1333 5017 θυσιῶν
1352 5002 1367 5027 ,
1391 4952 1478 5016 ὧν
1526 4958 1811 5016 ποιοῦσιν
1840 4960 1896 5014 al

960 5033 1271 5103 Ἀρμένιοι.

394 5160 517 5213 ’Ότι
546 5156 602 5210 δὲ
631 5146 775 5210 οῦτοι
805 5150 855 5204 οἱ
880 5150 1138 5221 θεομάχοι
1178 5145 1267 5200 διὰ
1300 5147 1397 5210 τὰς
1424 5145 1633 5199 ἑαυτῶν
1667 5146 1893 5215 αἰσχρο-

322 5254 565 5325 κερδίας,
595 5249 694 5314 τὰς
733 5246 1026 5308 ἰουδαῖκὰς
1052 5242 1243 5306 θυσίας
1271 5240 1581 5307 ἁνανεοῦσι,
1613 5240 1771 5309 δῆλον
1806 5240 1892 5292 ὲν-

324 5345 533 5401 τεῦθεν.
566 5340 673 5395 Τοῦ
701 5338 807 5408 γάρ
836 5335 1075 5407 Χριστοῦ
1122 5334 1216 5389 τοῦ
1253 5333 1390 5387 Θεοῦ
1420 5333 1578 5405 ἡμῶν
1639 5332 1894 5396 λαϐόντος

326 5439 491 5506 ἄρτον
521 5435 612 5487 καὶ
640 5430 918 5501 ποτήριον,
954 5429 1049 5481 καὶ
1068 5427 1249 5489 δόντος
1275 5428 1386 5488 τοῖς
1411 5423 1678 5495 μαθηταῖς
1706 5423 1892 5489 αὑτοῦ,

328 5529 421 5584 καὶ
480 5525 761 5585 εἰπόντος’
797 5518 1038 5581 Λάϐετε,
1089 5517 1309 5587 φάγετε
1354 5516 1453 5570 καὶ
1488 5517 1658 5569 πίετε
1686 5516 1755 5581 ἐξ
1782 5517 1894 5571 ai)-

396 5706 507 5777 (50)
536 5706 674 5777 Eege
705 5702 1024 5777 ποιήσωτιν.

398 5706 486 5773 (50
536 5706 674 5777 Lege
705 5706 1024 5772 ποιήσωσιν.

398 5706 510 5846 (τό
546 5773 704 5846 Forte
730 5775 880 5846 deos}
904 5770 1073 5825 ταῦτα
1101 5768 1433 5843 κρατοῦμεν.

398 5843 510 5921 (5‘2)
542 5845 683 5917 Lege
713 5846 746 5916 η
776 5843 890 5897 τοῦ.

1995 616 2059 655 ac
2088 602 2219 655 hora
2252 598 2681 670 frequentandas
2709 614 2815 655 non
2841 599 2978 655 dixit
3012 617 3028 655 :
3053 616 3183 672 ergo
3215 615 3315 656 uec
3342 601 3444 671 ipsi
3474 619 3572 660 eas

1996 696 2201 762 dicant,
2231 711 2333 752 nec
2360 694 2773 751 sanctificentur
2798 710 2896 765 per
2918 710 3106 751 sacras
3146 710 3359 766 preces.

2071 960 2160 1017 Ill.
2203 961 2459 1018 Christus
2507 962 2884 1031 patriarchas,
2934 971 2988 1017 et
3048 963 3471 1033 metropolitas,
3518 970 3576 1019 et

1998 1054 2305 1123 episcopos,
2332 1055 2806 1125 presbyterosque.
2843 1069 2906 1109 ac
2945 1054 3224 1118 diaconos,
3256 1065 3421 1125 atque
3453 1070 3572 1109 mo-

2003 1149 2242 1208 nachos.
2288 1162 2394 1202 non
2440 1146 2750 1214 ordinavit;
2811 1162 2909 1203 nec
2965 1163 3187 1216 preces,
3240 1150 3439 1218 quibus
3493 1148 3572 1203 illi

2000 1239 2362 1306 ordinantur,
2415 1238 2553 1292 dixit
2590 1257 2605 1293 :
2639 1254 2770 1307 ergo
2805 1254 2905 1293 ncc
2940 1238 3042 1308 ipsi
3078 1240 3436 1303 ordinentur,
3474 1252 3577 1294 nec

2002 1347 2222 1401 precum
2283 1331 2615 1386 adminiculo
2685 1332 3094 1386 benedicuntur.
3157 1330 3410 1387 Christus
3463 1345 3574 1385 non

2000 1426 2303 1486 constituit,
2357 1434 2414 1479 ut
2473 1424 2727 1479 ecclesias
2777 1424 3214 1490 arditicarentur,
3271 1437 3336 1476 ac
3406 1436 3576 1477 sacrze

2003 1533 2204 1573 mensa:
2247 1524 2716 1577 construerentur,
2757 1524 3143 1584 unguentoque
3180 1512 3578 1581 perfunderen-

2005 1617 2125 1674 tur,
2181 1622 2246 1662 ac
2296 1606 2570 1662 sexcentis
2618 1605 3021 1673 precationibus
3069 1603 3568 1665 sanctiﬁcarentur,

2004 1715 2103 1756 nec
2136 1699 2433 1768 quidquam
2486 1694 2757 1762 ejusmodi
2808 1695 3123 1765 usurpavit;
3183 1710 3315 1766 ergo
3347 1708 3446 1749 nec
3475 1692 3580 1763 ipsi

2008 1794 2109 1848 hoc
2157 1791 2383 1845 faciant.
2410 1787 2661 1844 Christus
2712 1786 2903 1842 feriam
2960 1796 3208 1856 quartam
3261 1802 3326 1841 ac
3366 1793 3580 1840 sextam

2006 1903 2109 1942 non
2134 1882 2429 1955 jejunavit;
2465 1896 2642 1951 neque
2667 1880 2743 1934 illi
2767 1879 3157 1951 jejunaverint.
3182 1878 3439 1934 Christus
3470 1892 3579 1930 non

2006 1977 2290 2035 constituit
2312 1986 2369 2030 ut
2392 1976 2642 2030 conversi
2665 1975 2731 2027 ad
2753 1970 3033 2026 Orientem
3062 1985 3380 2036 oraremus;
3404 1982 3582 2037 neque

2006 2074 2104 2143 ipsi
2134 2073 2201 2127 ad
2229 2071 2510 2127 Orientem
2539 2066 2786 2122 conversi
2816 2072 2993 2120 orent.
3028 2063 3153 2119 "ac
3188 2065 3333 2117 enim
3371 2063 3577 2124 omnia,

2006 2182 2070 2222 ac
2122 2166 2204 2219 his
2250 2165 2442 2234 plura,
2501 2176 2622 2215 cum
2690 2168 2933 2230 spectent
3011 2158 3076 2212 ad
3141 2154 3579 2211 Christianontm

2007 2254 2285 2325 mysteria,
2345 2251 2545 2320 quibus
2594 2250 2695 2320 ipsi
2742 2248 3151 2303 sanctificamnr
3194 2259 3257 2298 ac
3319 2242 3584 2297 etllcinmr

2006 2348 2213 2411 ﬁdeles,
2249 2349 2665 2415 haudquaquam
2693 2342 2811 2408 ipse
2842 2353 2937 2410 per
2960 2354 3018 2396 se
3040 2337 3289 2394 Christus
3327 2334 3580 2399 tradidit;

2007 2454 2126 2508 quae.
2178 2446 2360 2490 tamen
2412 2444 2468 2487 nt
2516 2432 2639 2501 quis
2683 2430 2845 2500 neget
2895 2443 2958 2484 ac
3000 2428 3245 2497 rejiciat,
3296 2434 3390 2478 aut
3450 2423 3584 2476 nolit

2009 2531 2288 2599 recipere,
2340 2524 2691 2581 Christianus
2738 2521 2999 2591 appellari
3055 2534 3162 2573 non
3223 2520 3424 2587 potest.
3471 2512 3583 2567 Nos

2006 2636 2158 2684 vero,
2185 2634 2305 2688 qua
2336 2617 2405 2671 ab
2436 2617 2554 2684 ejus
2607 2614 2870 2684 apostolis
2921 2627 2987 2667 ac
3017 2609 3380 2667 sanctissimis
3409 2606 3584 2659 Patri.

2008 2716 2109 2769 hus
2142 2712 2337 2765 tradita
2390 2708 2728 2779 accepimus,
2769 2708 2881 2760 lucc
2930 2715 3178 2759 tenemus
3236 2717 3252 2755 :
3301 2715 3331 2753 a
3384 2699 3583 2768 quibus

2008 2802 2237 2874 perfecti
2270 2816 2488 2872 quoque
2528 2799 2683 2868 panis
2732 2798 2951 2853 traditio
2994 2795 3234 2857 exsistit,
3266 2792 3380 2864 (53)
3409 2805 3471 2845 ac
3497 2805 3585 2844 se-

2007 2896 2181 2959 cret-io
2209 2908 2329 2960 quae
2362 2894 2421 2947 fit
2467 2891 2707 2947 lanceola
2731 2927 2747 2954 ,
2780 2903 2881 2943 nec
2926 2902 3031 2942 non
3072 2899 3352 2940 sacrarunt
3387 2883 3582 2952 imagi-

2006 3001 2134 3041 num
2186 2984 2405 3040 eﬂ'ectio
2462 2997 2527 3036 ac
2570 2979 2858 3034 adoratio:
2912 2991 3087 3044 neque
3139 2975 3285 3030 enim
3324 2982 3580 3041 tanquam

2006 3077 2222 3134 Christo
2253 3076 2695 3135 adversarentur,
2727 3085 2791 3126 ac
2818 3071 2867 3125 ei
2905 3069 3090 3133 hostes
3118 3074 3325 3128 essent,
3353 3065 3583 3133 ejusque

2006 3184 2096 3227 res
2145 3176 2491 3225 attenuarent
2561 3180 2625 3220 ac
2688 3163 3087 3232 deprimerent,
3156 3159 3411 3213 universa
3466 3157 3582 3211 haec

2008 3262 2240 3334 apostoli
2295 3276 2360 3314 ac
2411 3259 2602 3312 Patres
2661 3255 2717 3310 in
2774 3253 3016 3309 Ecclesia
3061 3251 3433 3313 tradiderunt;
3484 3245 3582 3303 sed

2005 3356 2186 3427 potius
2240 3361 2503 3421 augentes
2542 3364 2608 3403 ac
2657 3346 3088 3420 magniﬁcantes,
3123 3342 3576 3410 extollentesque,

2006 3462 2071 3502 ac
2106 3447 2464 3509 honorantes,
2490 3452 2545 3498 et
2574 3442 2941 3511 glorificantes
2973 3436 3233 3509 mysteria
3255 3474 3271 3499 ,
3317 3445 3477 3503 atque
3511 3431 3581 3485 ad

2005 3539 2123 3609 ejus
2156 3537 2383 3607 gloriam
2416 3545 2471 3591 et
2518 3531 3008 3603 tnagniticentiam,
3057 3537 3413 3597 nostramque
3439 3524 3586 3579 salu-

2007 3640 2114 3685 tem
2161 3643 2225 3682 ac
2252 3626 2635 3698 gloriationem
2677 3637 2765 3676 res
2792 3621 3063 3689 ejusmodi
3096 3617 3491 3672 constituentes
3525 3626 3582 3668 et

2005 3722 2379 3791 disponentes.
2430 3716 2532 3782 Qui
2579 3729 2710 3782 ergo
2757 3712 2986 3783 perfecti
3022 3711 3178 3781 panis
3234 3708 3578 3761 traditionem
3668 3718 3671 3719 '

2006 3819 2289 3882 respuunt,
2310 3823 2407 3864 nec
2431 3809 2623 3863 Volunt
2651 3808 2959 3867 admittere,
2988 3815 3295 3874 panemque
3326 3815 3578 3871 azymum

2006 3903 2057 3957 in
2105 3901 2379 3957 sacriﬁcio
2409 3899 2598 3953 volunt
2624 3896 2843 3961 oerrre,
2877 3895 3038 3949 etiam
3072 3899 3333 3961 reSpuant
3368 3906 3432 3945 ac
3480 3905 3582 3943 ne-

2003 4002 2134 4065 gent
2164 3991 2346 4046 omnia
2378 3990 2495 4045 haec
2542 4004 2572 4041 a
2621 3988 2776 4041 nobis
2810 3990 2976 4051 dicta,
3005 4000 3125 4053 quae
3160 3985 3379 4053 quidem
3415 3980 3579 4036 Chri-

2003 4094 2120 4139 stus
2166 4085 2281 4153 ipse
2317 4081 2734 4150 haudquaquam
2764 4092 2860 4147 per
2908 4078 3145 4146 seipsnm
3183 4074 3447 4137 tradidit;
3481 4072 3577 4127 sed

2006 4175 2241 4246 apostoli
2278 4189 2343 4229 ac
2378 4174 2557 4229 sancti
2584 4172 2820 4241 {Patres
2856 4168 2991 4225 Nam
3042 4185 3163 4224 cum
3216 4168 3316 4237 ipsi
3361 4166 3580 4234 quidem

2006 4269 2059 4323 in
2112 4283 2213 4324 suo
2267 4267 2548 4329 alimento,
2601 4264 2749 4319 vesci
2805 4277 2996 4333 azymo
3042 4260 3251 4327 nolint,
3295 4260 3421 4329 quei
3472 4274 3581 4314 non

2004 4374 2099 4415 eos
2138 4359 2326 4429 pudet,
2373 4366 2629 4427 utquam
2682 4369 2796 4410 rem
2828 4356 2963 4408 adeo
3010 4352 3428 4408 abominabilem
3478 4352 3582 4405 ha-

2007 4454 2157 4518 bent,
2218 4453 2312 4509 Dei
2386 4451 2632 4506 sfﬁciant
2676 4446 2920 4517 corpus?
2975 4445 3122 4500 Nihil
3179 4445 3379 4513 quippe
3436 4441 3581 4495 aliud

2009 4546 2158 4615 impii
2193 4543 2501 4608 molientes,
2537 4555 2699 4610 quam
2739 4549 2800 4593 ut
2827 4538 3029 4592 Christi
3056 4534 3353 4606 perfectam
3389 4534 3581 4587 huma-

2009 4641 2287 4696 nationem
2321 4645 2538 4705 negent,
2569 4631 2751 4688 omnia
2790 4631 2927 4695 hwc,
2962 4629 3170 4683 alienos
3203 4642 3262 4681 se
3301 4642 3330 4679 ιι
3360 4624 3581 4679 Christo

2007 4747 2072 4789 ac
2107 4730 2316 4787 sanctis
2362 4728 2739 4790 ostendentes,
2772 4733 3047 4793 nugantur
3087 4735 3150 4776 ac
3180 4727 3504 4787 praetexunt.

2611 4837 2842 4895 CAPUT
2882 4836 2980 4891 ΚΧ.

2112 4950 2186 5005 De
2213 4949 2457 5004 Judaicis
2488 4946 2770 5016 sacriﬁciis
2822 4960 2940 5016 qua:
2973 4941 3211 4997 Armenii
3242 4940 3465 5013 faciunt.

2074 5146 2117 5201 1.
2155 5146 2308 5214 Quod
2340 5153 2519 5199 autem
2554 5144 2661 5198 Deo
2698 5141 3051 5196 adversantes
3096 5140 3174 5204 hi,
3211 5145 3430 5207 propter
3459 5147 3583 5191 tur-

2003 5240 2089 5309 pia
2122 5238 2271 5293 lucra
2321 5251 2441 5301 sua,
2491 5233 2712 5289 Judaica
2748 5232 3016 5289 sacrificia
3073 5232 3399 5293 instaurent,
3449 5228 3583 5283 hinc

2001 5331 2189 5402 liquet.
2220 5329 2353 5383 Nam
2386 5342 2510 5381 cum
2558 5326 2819 5382 Christus
2866 5325 3009 5379 Dens
3064 5331 3255 5377 noster
3300 5320 3577 5389 acceperit

2004 5440 2195 5496 panem
2236 5437 2299 5477 ac
2330 5421 2576 5483 calicem,
2600 5418 2916 5488 dederitque
2941 5417 3218 5485 discipulis
3246 5415 3381 5478 suis,
3409 5423 3581 5484 atque

2004 5516 2205 5571 dixerit
2247 5532 2260 5569 :
2301 5513 2555 5583 Accipite,
2583 5512 2833 5566 comedite
2873 5520 2923 5565 et
2972 5509 3132 5562 bibite
3176 5523 3241 5561 ea:
3273 5507 3369 5559 hoc
3412 5520 3432 5561 :
3477 5504 3585 5562 hoc

2070 5698 2181 5771 (53)
2212 5696 2523 5753 Portioncm
2556 5695 2711 5771 panis
2748 5685 3446 5771 consecrandamulanteeofa
3473 5699 3576 5771 ex:

1997 5756 2248 5823 scindunt
2275 5781 2497 5837 :Wmassa
2530 5756 2733 5837 reliqua
2758 5766 2809 5820 in
2838 5764 3076 5834 eulogias
3097 5762 3255 5818 cedit.
3285 5756 3485 5816 Confer
3512 5767 3579 5813 et

1997 5856 2117 5896 can.
2145 5839 2247 5895 109
2279 5836 2526 5893 Trullan.
