4088 6418
373 389 520 454 1183

1448 391 1702 454 ῙΞΑΑΕἹ
1744 389 2121 452 ARMENIIE
2158 390 2568 452 CATHOLICI

3499 386 3638 451 1184

370 514 446 557 est
483 517 675 570 corpus
723 516 925 565 meum,
967 509 1014 554 et
1050 500 1265 566 sanguis
1308 515 1328 555 :
1362 501 1459 555 hoc
1489 502 1648 572 facile
1695 503 1746 555 in
1775 517 1949 556 meam

2061 500 2161 554 τοῦ
2193 519 2206 532 ·
2278 499 2462 554 τοῦτό
2485 501 2617 554 ἐστι
2645 498 2711 552 τὸ
2769 497 2943 568 σῶμά
2985 516 3127 568 μου,
3182 497 3280 552 καὶ
3345 498 3411 553 τὸ
3468 495 3633 570 αἷμα.

370 595 920 649 commemorationem
969 609 987 646 :
1031 593 1272 648 Armenii
1325 593 1402 659 bi,
1457 610 1564 648 non
1615 610 1846 664 panem,
1892 603 1947 649 et

373 686 556 737 viuum
597 693 652 738 et
682 700 903 752 aquam,
950 685 1019 739 ab
1070 685 1137 738 iis
1189 685 1240 738 in
1287 685 1542 740 sacriﬁcii
1590 703 1749 742 usum
1807 687 1951 742 acci-

373 776 608 844 pientes,
638 777 731 844 qui
759 778 947 829 eadem
984 785 1146 846 atque
1192 776 1268 829 illi
1304 776 1541 845 sapiunt,
1589 788 1751 847 prout
1785 793 1954 832 evan-

373 867 548 934 gelit‘a
607 866 875 920 institutio
925 867 1185 935 postulat,
1223 867 1482 928 oﬁ‘erunt.
1553 869 1648 924 sed
1680 871 1865 933 boves,
1899 879 1953 924 et

373 973 561 1026 agnos,
602 972 663 1011 ac
696 972 828 1013 oves
879 976 894 1013 :
944 973 1152 1028 perque
1202 958 1431 1014 Judaica
1488 963 1601 1015 haec
1660 964 1950 1030 sacrilicia,

375 1059 720 1118 peccatorum
773 1051 1148 1105 remissionem
1185 1051 1267 1106 eis
1299 1054 1676 1116 mentiuntur,
1732 1055 1956 1110 docent-

377 1149 480 1202 que
519 1138 571 1191 in
597 1138 886 1193 sacriﬁciis
916 1140 1222 1204 huiusmodi
1257 1141 1459 1196 habere
1503 1157 1678 1211 Spem,
1721 1158 1825 1197 non
1857 1158 1956 1198 au-

377 1233 487 1280 tem
536 1227 587 1280 in
621 1243 852 1297 corpore
891 1229 1116 1284 Christi.
1144 1230 1325 1296 Quare
1359 1233 1522 1286 etiam
1553 1233 1606 1286 in
1638 1233 1955 1288 solemnita-

374 1316 537 1380 tibus,
569 1332 630 1370 ac
660 1317 953 1380 Paschate,
989 1336 1096 1374 non
1136 1336 1200 1375 ex
1243 1321 1444 1376 Christi
1498 1323 1803 1392 percipiunt
1834 1340 1956 1380 cor-

379 1423 531 1475 pore.
585 1411 678 1463 sed
727 1425 794 1464 ex
826 1411 1024 1465 talibus
1079 1413 1484 1468 irrationalibus
1517 1412 1824 1472 Judazorum
1858 1418 1955 1473 ho-

381 1497 525 1562 Sliis,
560 1512 656 1566 per
683 1512 817 1566 quas
855 1500 1187 1554 sauctiﬁcari
1219 1512 1461 1570 sperant.

447 1688 516 1742 ll.
561 1687 834 1759 Siquidem
868 1692 1013 1747 enim
1060 1702 1190 1747 ante
1233 1693 1434 1748 Christi
1487 1695 1800 1766 adventum,
1834 1712 1956 1752 cum

377 1778 547 1832 Judaei
597 1794 787 1836 omnes
826 1781 1091 1848 ejusmodi
1146 1786 1413 1839 sacrilicia
1445 1785 1728 1854 oﬁ‘crrent,
1766 1804 1828 1842 ac
1862 1803 1959 1856 per

376 1885 438 1924 ea
471 1871 579 1924 Deo
610 1885 668 1926 se
713 1872 913 1927 cultum
949 1874 1208 1929 adhibere
1248 1887 1521 1944 putarent,
1565 1880 1730 1947 iuque
1757 1880 1958 1936 talibus

378 1960 568 2016 ltost‘is
609 1964 993 2028 gloriarentur,
1046 1979 1076 2018 a
1127 1964 1238 2019 Deo
1282 1968 1573 2022 audierunt
1609 1986 1624 2023 :
1665 1969 1784 2024 Non
1815 1973 1959 2024 acci-

375 2054 516 2116 piam
539 2051 601 2104 de
627 2051 781 2104 domo
828 2062 920 2106 tua
949 2053 1171 2120 vitulos,
1230 2071 1392 2124 neque
1443 2057 1508 2110 de
1563 2059 1802 2126 gregibus
1851 2062 1957 2115 tuis

377 2143 550 2196 hircos
580 2143 650 2209 ⁸ο,
679 2157 742 2196 ac
767 2160 981 2197 rursum
1015 2159 1110 2213 per
1153 2146 1342 2199 Isaiam
1378 2165 1390 2201 :
1427 2148 1747 2218 Sanguinem
1777 2160 1959 2204 tauro-

381 2247 499 2284 rum
534 2240 694 2302 atque
732 2233 1000 2285 hircorum
1043 2234 1187 2287 nolo.
1221 2232 1352 2298 Quis
1399 2235 1536 2288 enim
1576 2237 1814 2304 quwsivit
1849 2238 1959 2292 Ita’c

378 2323 445 2375 de
475 2325 720 2377 manibus
773 2323 1056 2376 vestris“?
1106 2339 1337 2389 cumque
1393 2323 1560 2378 David
1615 2327 1716 2380 hoc
1767 2327 1958 2389 Sciret,

378 2414 560 2467 aiebat
606 2431 620 2466 :
670 2413 731 2469 Si
759 2399 1013 2468 voluisses
1049 2415 1397 2483 sacri/icium,
1430 2417 1697 2471 dedissent
1731 2420 1906 2489 utique
1939 2436 1957 2475 :

377 2505 701 2560 holocaustis
735 2523 838 2560 non
884 2507 1223 2560 delectabert's
1261 2509 1304 2540 "
1340 2525 1354 2562 :
1405 2524 1551 2564 nunc
1587 2521 1791 2575 autem,
1831 2525 1956 2564 cum

379 2599 628 2653 Christus
673 2599 765 2652 Dei
811 2598 984 2654 Filius
1042 2615 1138 2665 pro
1206 2601 1365 2655 nobis
1439 2613 1710 2657 mactatus
1774 2603 1958 2666 fuerit,

380 2703 549 2756 seque
614 2690 787 2758 ipsum
851 2691 960 2745 Deo
1021 2706 1086 2745 ac
1149 2689 1296 2746 Patri
1362 2693 1591 2746 hostiam
1656 2709 1755 2762 pro
1807 2695 1961 2750 nobis

381 2781 658 2842 obtulerit,
687 2795 992 2850 panemque
1023 2796 1085 2836 ac
1113 2783 1335 2837 calicem
1363 2785 1640 2851 accipiens
1674 2785 1960 2854 discipulis

384 2873 582 2927 dixerit
633 2889 648 2925 :
697 2870 811 2926 Hoc
858 2872 1018 2940 facite
1065 2873 1122 2926 in
1170 2889 1338 2929 meam
1375 2878 1960 2941 commemorationem;

381 2981 525 3019 nunc
554 2966 734 3035 itaque
777 2980 899 3019 cum
953 2965 1044 3019 Dei
1093 2967 1394 3021 adversarii
1446 2965 1690 3023 Armenii
1735 2967 1958 3024 Judaica

383 3057 581 3111 iterum
618 3055 887 3112 sacriﬁcia
939 3057 1270 3124 instaurant,
1317 3059 1591 3131 bovesque
1644 3075 1709 3115 ac
1768 3076 1959 3130 agnos,

382 3158 438 3203 et
471 3163 601 3204 oves
637 3149 1003 3212 imu'tolantes,
1039 3163 1137 3219 per
1165 3164 1229 3204 ea
1264 3150 1641 3206 remissionem
1677 3165 1736 3206 se
1777 3166 1964 3219 pecca-

383 3250 561 3296 torum
614 3248 1014 3295 consecuturos
1059 3249 1304 3311 spereut,
1363 3250 1530 3310 atque
1570 3242 1624 3296 in
1673 3243 1780 3297 illis
1811 3259 1965 3312 spem.

386 3331 660 3390 habeant.
716 3345 1015 3399 eorumque
1089 3333 1442 3400 perceptione
1511 3333 1845 3389 sanctiﬁcari
1905 3350 1966 3392 se

386 3430 599 3491 putent,
634 3422 1047 3492 glorienturque
1097 3424 1150 3478 in
1193 3424 1458 3493 ejusmodi
1513 3426 1820 3494 sacriﬁciis,
1856 3445 1963 3484 non

386 3515 443 3569 in
497 3529 728 3584 corpore
783 3515 984 3570 Christi
1048 3530 1110 3571 ac
1164 3519 1467 3587 sanguine;
1522 3521 1797 3588 quomodo
1857 3535 1965 3575 non

385 3608 676 3676 perspicue
703 3605 873 3662 Judaei
905 3616 1057 3672 sunt,
1089 3623 1152 3664 ac
1175 3607 1379 3664 Christi
1411 3611 1639 3666 hostes?
1686 3610 1963 3681 Siquidem

384 3700 530 3755 enim
581 3714 836 3770 pecorum
891 3714 1128 3768 unquam
1186 3699 1420 3756 victimte
1477 3702 1792 3758 hominibus
1839 3719 1968 3775 pro-

383 3791 635 3858 fuissent,
681 3793 963 3859 Deumque
1029 3791 1136 3848 illis
1198 3793 1620 3862 conciliassent,
1675 3810 1738 3849 ac
1772 3796 1968 3851 remis-

376 3885 594 3939 sionem
665 3895 1015 3953 peccatorqu
1083 3885 1505 3955 praebuissent:
1552 3887 1681 3957 quid
1743 3901 1966 3942 necesse

383 3975 486 4030 fuit
527 3986 586 4031 ut
629 3976 883 4033 Christus
930 3986 1287 4043 mactaretur,
1343 3994 1449 4049 qua
1514 3994 1575 4034 se
1638 3980 1966 4034 mactatione

383 4063 712 4119 sacriﬁcium
761 4081 858 4136 pro
908 4067 1066 4121 nobis
1108 4067 1326 4131 obtulit,
1363 4083 1428 4122 ac
1477 4083 1578 4123 nos
1630 4069 1740 4123 Deo
1769 4084 1964 4124 recon-

385 4156 628 4211 ciliavit?
683 4158 741 4212 Si
797 4159 988 4225 enim,
1044 4174 1169 4214 cum
1229 4161 1362 4214 nihil
1422 4162 1576 4215 nobis
1616 4161 1965 4216 irrationales

389 4246 579 4302 hostiae
607 4249 776 4302 Deum
808 4249 1127 4316 placabilem
1161 4259 1384 4319 possent
1409 4250 1615 4315 facere,
1651 4263 1746 4306 aut
1769 4268 1962 4320 pecca-

387 4353 563 4392 .orum
603 4339 978 4393 remissionem
1014 4350 1298 4408 praestare,
1331 4341 1584 4398 Christus
1619 4342 1711 4396 Dei
1763 4342 1960 4407 Filius.

386 4450 444 4488 sc
476 4434 590 4502 ipse
631 4434 777 4487 Patri
819 4450 916 4504 pro
948 4435 1103 4489 nobis
1135 4437 1372 4491 hostiam
1408 4435 1667 4505 oﬂ‘ereus,
1701 4439 1961 4494 dicebat:

2063 591 2244 646 Τοῦτο
2271 590 2492 645 ποιεῖτε
2515 593 2602 655 είς
2630 589 2746 657 τὴν
2769 591 2924 658 ἐμὴν
2969 588 3318 658 ἀνάμνησιν
3339 607 3356 623 ο
3385 586 3535 646 οῦτοι
3585 594 3636 646 οἱ

2067 685 2367 755 Ἀρμένιοι,
2409 686 2471 737 ὲκ
2500 684 2607 737 τῶν
2633 683 2952 753 ὁμοφρόνων
2979 683 3180 744 αὐτῶν.
3204 685 3306 738 οὐκ
3337 685 3638 755 ἄρτον,καὶ

2055 773 2196 832 οἶνον
2232 779 2326 831 καὶ
2361 778 2504 848 ὕδωρ
2524 778 2896 846 λαμϐάνοντες
2928 779 3009 841 είς
3035 777 3228 830 θυσίαν
3257 778 3634 846 εὐαγγελικῶς

2057 869 2451 938 προσάγουσιν,
2493 867 2627 920 ἀλλά
2661 867 2808 936 βόας,
2841 867 2938 921 καὶ
2959 868 3190 936 άμνοὺς,
3227 869 3322 921 καὶ
3361 869 3634 938 πρόϐατα,

2056 961 2149 1014 καὶ
2172 961 2261 1014 διὰ
2293 962 2500 1014 τούτων
2520 960 2628 1012 τῶν
2661 959 2968 1013 Ἰουδαϊκῶν
3006 960 3208 1013 θυσιῶν
3237 962 3430 1030 ἄφεσιν
3457 963 3640 1034 ἀμαρ-

2055 1055 2186 1107 τιῶν
2210 1054 2393 1116 αὐτοῖς
2404 1071 2460 1106 τε
2471 1053 2790 1122 ρατεύονται
2810 1069 2823 1081 °
2861 1055 2956 1106 καὶ
2979 1057 3038 1106 ὲν
3060 1055 3249 1118 αὑταῖς
3269 1057 3391 1118 ταῖς
3416 1056 3638 1118 θυσίαις

2056 1146 2202 1216 ἔχειν
2232 1146 2428 1208 αὐτοὺς
2459 1145 2556 1204 τὰς
2584 1144 2808 1207 ἐλπίδας
2832 1145 3012 1198 αὐτῶν
3037 1145 3372 1209 διδάσκουσι,
3404 1149 3497 1199 καὶ
3537 1148 3638 1200 οὐκ

2056 1239 2114 1292 ὲν
2139 1237 2217 1308 τῷ
2249 1235 2460 1307 σώματι
2489 1237 2584 1289 τοῦ
2612 1237 2871 1308 Χριστοῦ.
2902 1237 3064 1290 Ὅθεν
3085 1239 3180 1290 καὶ
3199 1239 3255 1291 ὲν
3274 1241 3396 1301 ταῖς
3420 1240 3639 1309 ἑορταῖς

2058 1330 2150 1383 καὶ
2181 1330 2238 1381 ὲν
2262 1327 2339 1398 τῷ
2382 1329 2594 1396 Πάσχα,
2624 1329 2723 1382 οὐκ
2751 1332 2813 1382 ἐκ
2850 1328 2944 1383 τοῦ
2989 1329 3242 1400 σώματος
3273 1330 3365 1382 τοῦ
3396 1329 3638 1399 Χριστοῦ

2060 1421 2571 1492 μεταλαμϐάνουσιν
2598 1435 2612 1450 ο
2643 1421 2759 1474 ἀλλ’
2790 1421 2853 1474 ἐκ
2881 1420 2991 1476 τῶν
3014 1423 3270 1474 τοιούτων
3301 1421 3511 1488 ἀλόγων
3539 1422 3639 1474 θυ-

2060 1513 2191 1587 σιῶν
2222 1512 2332 1567 τῶν
2373 1512 2703 1577 Ἰουδαϊκῶν,
2733 1513 2828 1566 καὶ
2867 1511 2928 1577 ἐξ
2974 1511 3152 1565 αὐτῶν
3183 1511 3517 1581 ἀγιασθῆναι
3548 1513 3637 1564 ὲλ-

2059 1603 2333 1667 πίζουσιν.

2130 1694 2206 1750 B’.
2239 1696 2302 1748 El
2351 1694 2463 1766 γέθρ
2525 1695 2633 1765 πρὸ
2661 1694 2760 1765 τῆς
2790 1692 3029 1762 Χριστοῦ
3058 1693 3382 1762 ἐπιδημίας,
3420 1693 3640 1746 πάντων

2059 1784 2167 1839 τῶν
2212 1787 2482 1841 Ἰουδαίων
2508 1788 2767 1850 τοιαύτας
2797 1787 2988 1848 θυσίας
3017 1785 3095 1855 τῷ
3133 1785 3251 1854 Θεῷ
3301 1785 3636 1856 προσφερόνο

2060 1895 2188 1943 των,
2223 1879 2317 1934 καὶ
2346 1879 2413 1933 δι’
2453 1881 2632 1933 αὐτῶν
2660 1880 2750 1933 τὸν
2774 1879 2906 1932 Θεὸν
2936 1877 3263 1947 θεραπεύειν
3296 1875 3646 1944 προσδοκών-

2059 1985 2188 2032 των,
2230 1970 2322 2023 καὶ
2353 1970 2724 2040 καυχωμένων
2761 1968 2943 2024 αὐτῶν
2988 1971 3047 2020 ὲν
3076 1972 3200 2030 ταῖς
3225 1968 3506 2030 τοιαύταις
3537 1966 3637 2019 θυ-

2061 2062 2225 2125 σίαις,
2259 2063 2455 2133 ἤκουον
2491 2062 2642 2133 παρὰ
2663 2064 2758 2114 τοῦ
2798 2059 2966 2114 Θεοῦ’
3008 2063 3090 2112 Οὐ
3135 2058 3380 2126 δέξομαι
3410 2059 3478 2110 ἐκ
3530 2055 3641 2110 τοῦ

2060 2154 2230 2208 οἴκου
2279 2171 2396 2208 σου
2418 2155 2695 2223 μόσχους
2714 2195 2728 2218 ,
2763 2152 2910 2207 οὐδὲ
2937 2152 3005 2205 ἐκ
3028 2150 3148 2204 τῶν
3178 2151 3472 2219 ποιμνίων
3522 2163 3644 2202 σου

2060 2241 2385 2312 χειμάρους
2404 2259 2418 2272 ο
2448 2245 2540 2294 καὶ
2579 2243 2743 2296 πάλιν
2780 2242 2868 2295 διὰ
2903 2242 3127 2294 Ἡσαΐου
3157 2280 3172 2305 ,
3210 2241 3294 2293 ὅτι
3325 2234 3478 2308 Αἷμα
3502 2239 3647 2291 ταύ-

2053 2353 2180 2404 ρων
2209 2335 2307 2388 καὶ
2361 2334 2596 2405 τράγων
2647 2336 2720 2388 οὺ
2747 2334 3090 2403 ⁴βούλομαι.
3132 2332 3232 2398 Τίς
3287 2331 3396 2400 γὰρ
3447 2329 3648 2396 ἐξεζή-

2059 2443 2213 2494 suae
2234 2426 2420 2481 ταῦτα
2441 2427 2509 2480 ἐκ
2537 2426 2658 2480 τῶν
2684 2427 2896 2494 χειρῶν
2913 2424 3120 2494 ὑμῶνς
3158 2425 3269 2479 Καὶ
3293 2423 3453 2476 τοῦτο
3485 2422 3648 2485 εἰδὼς

2059 2520 2088 2571 6
2118 2517 2282 2573 Δαϐὶδ
2319 2517 2504 2584 ἔλεγεν
2528 2535 2543 2548 ·
2571 2519 2639 2572 El
2665 2516 2975 2584 ἠθέλησας
3025 2515 3267 2577 θυσίαν,
3313 2513 3506 2566 ἔδωκα
3533 2515 3646 2565 ᾶνο

2061 2609 2528 2680 ὁλοκαυτώματα
2559 2610 2669 2662 οὐκ
2710 2607 3087 2672 εὐδοκήσεις.
3130 2606 3269 2659 Νυνὶ
3295 2606 3353 2658 δὲ
3387 2604 3480 2657 τοῦ
3509 2605 3646 2673 Χρι-

2064 2702 2192 2757 στοῦ
2225 2703 2318 2756 τοῦ
2352 2701 2484 2756 Υἱοῦ
2517 2703 2610 2754 τοῦ
2638 2701 2776 2754 Θεοῦ
2834 2701 2975 2770 ὑπὲρ
3005 2701 3160 2768 ἡμῶν
3192 2700 3514 2768 σφαγέντος,
3550 2699 3648 2751 καὶ

2063 2798 2257 2854 θυσίαν
2290 2797 2481 2851 ἑαυτὸν
2513 2797 2591 2866 τῷ
2622 2797 2743 2868 Θεῷ
2773 2797 2869 2849 καὶ
2903 2794 3078 2864 Πατρὶ
3109 2793 3275 2846 αὑτοῦ
3306 2793 3447 2861 ὑπὲρ
3486 2791 3648 2861 ἡμῶν

2065 2889 2457 2961 προσάξαντος,
2487 2889 2581 2941 καὶ
2616 2886 2874 2948 λαϐόντος
2905 2886 3073 2953 ἄρτον
3111 2883 3206 2936 καὶ
3242 2885 3518 2950 ποτήριον,
3549 2879 3649 2932 καὶ

2063 2980 2310 3038 εἰπόντος
2344 2979 2454 3039 τοῖς
2484 2976 2650 3030 αὑτοῦ
2719 2977 2997 3045 μαθηταῖς
3026 2989 3039 3003 ⁸
3074 2972 3255 3027 Τοῦτο
3300 2971 3522 3024 ποιεῖτε
3560 2971 3650 3034 εις

2063 3071 2182 3138 τὴν
2227 3068 2384 3137 ἐμὴν·
2427 3066 2805 3136 ἀνάμνησιν·
2839 3061 2988 3119 οῦτοι
3011 3061 3106 3119 οὖν
3135 3067 3182 3118 οε
3236 3064 3492 3134 θεομάχοι
3518 3062 3652 3132 ’Δρ-

1992 3181 2034 3239 c
2069 3167 2268 3237 μένιοι,
2300 3163 2466 3216 πάλιν
2489 3161 2588 3224 τὰς
2632 3159 2936 3222 Ἰουδαϊκὰς
2960 3158 3152 3219 θυσίας
3178 3157 3648 3218 ἀνακαινίςοντες,

2067 3263 2161 3316 καὶ
2196 3261 2324 3331 βόας
2359 3260 2454 3314 καὶ
2488 3258 2717 3330 ἀμνούς,
2757 3259 2852 3310 καὶ
2883 3256 3132 3326 πρόϐατα
3179 3254 3419 3319 θύοντες,
3453 3253 3519 3306 δι’
3546 3255 3650 3306 αὺ-

2063 3355 2174 3410 τῶν
2197 3354 2397 3422 ἄφεσιν
2419 3351 2706 3422 ἁμαρτιῶν
2731 3350 2915 3403 λαϐεῖν
2940 3348 3252 3412 ἐλπίζοντες
3271 3389 3286 3412 ,
3327 3348 3422 3400 καὶ
3456 3348 3518 3399 ἐν
3547 3347 3649 3399 αὖ-

2063 3449 2178 3510 τοῖς
2215 3447 2312 3508 τὰς
2367 3445 2594 3508 ἐλπίδας
2635 3444 2872 3513 ἔχοντες,
2918 3442 3012 3495 καὶ
3062 3442 3150 3494 διὰ
3185 3440 3280 3508 τῆς
3310 3438 3489 3492 αὐτῶν
3545 3454 3649 3508 μεο

2063 3537 2348 3608 ταλήψεως
2377 3537 2706 3606 ἁγιασθῆναι
2733 3533 3071 3605 νομίζοντες,
3112 3532 3206 3586 καὶ
3236 3532 3294 3584 ὲν
3319 3534 3438 3594 ταῖς
3466 3531 3653 3584 τοιαύ-

2064 3645 2186 3691 ταις
2246 3627 2483 3694 θυσίαις,
2541 3628 2636 3680 καὶ
2687 3625 2789 3679 οὐκ
2853 3627 2911 3679 ἐν
2952 3624 3030 3694 τῷ
3065 3624 3276 3694 σώματι
3329 3624 3418 3676 καὶ
3453 3623 3650 3692 αἵματι

2063 3719 2158 3774 τοῦ
2200 3719 2440 3790 Χριστοῦ
2486 3717 2858 3788 καυχώμενοι,
2899 3715 3018 3778 πῶς
3068 3716 3169 3767 οὐκ
3214 3714 3318 3766 elei
3350 3713 3651 3782 προφανῶς

2077 3812 2321 3865 Ἰουδαῖοι
2355 3810 2452 3864 καὶ
2503 3808 3001 3880 χριστομάχοιςΕί
3060 3805 3160 3875 μὲν
3212 3804 3325 3874 γὰρ
3381 3805 3436 3858 al
3464 3804 3650 3858 θυσίαι

2061 3902 2172 3957 τῶν
2195 3899 2410 3962 κτηνῶν
2435 3902 2548 3963 τοῖς
2579 3898 2890 3970 ἀνθρώποις
2920 3898 3212 3968 ὠφέλησάν
3247 3910 3402 3962 ποτε,
3437 3897 3530 3950 καὶ
3560 3897 3653 3949 τὸν

2063 3993 2196 4046 Θεὸν
2220 3989 2577 4060 διαλλαγῆναι
2626 3989 2913 4058 ἐποίησαν,
2976 3989 3070 4040 καὶ
3115 3989 3312 4056 ἄφεσιν
3361 3984 3652 4056 ἁμαρτιῶν

2064 4083 2367 4152 παρασχεῖν
2389 4095 2406 4111 ο
2439 4079 2574 4151 τίςή
2607 4079 2767 4150 χρεία
2801 4083 2896 4150 τῆς
2922 4079 3139 4148 σφαγῆς
3170 4077 3266 4131 τοῦ
3291 4077 3553 4148 Χριστοῦ,
3580 4076 3651 4129 δι’

2062 4165 2132 4243 ἦς
2165 4170 2356 4224 θυσίαν
2385 4170 2579 4223 ἑαυτὸν
2629 4169 2770 4240 ὑπὲρ
2802 4169 2961 4239 ἡμῶν
3009 4169 3358 4237 προσήγαγε,
3392 4167 3488 4219 καὶ
3518 4183 3654 4219 κατ-

2065 4261 2300 4332 ήλλαξεν
2329 4263 2476 4332 ἡμᾶς
2505 4261 2584 4331 τῷ
2615 4261 2738 4332 Θεῷ
2766 4277 2780 4326 ;
2814 4259 2995 4326 Μηδὲν
3037 4259 3354 4328 δυναμένων
3393 4259 3500 4309 τῶν
3525 4257 3653 4308 ἀλό-

2063 4370 2176 4422 γων
2207 4353 2408 4406 θυσιῶν
2466 4354 2558 4407 τὸν
2614 4353 2750 4406 Θεὸν
2798 4351 3135 4417 καταλλάξαι
3185 4350 3323 4420 πρὸς
3355 4351 3526 4418 ἡμᾶς,
3555 4348 3653 4400 καὶ

2066 4445 2260 4514 ἄφεσιν
2299 4429 2596 4516 ⁴ἁμαρτιῶν
2643 4446 2970 4514 παρασχεῖν,
3001 4445 3029 4495 6
3058 4443 3292 4513 Χριστὸς
3331 4446 3359 4496 6
3399 4442 3525 4503 Υἱὸς
3554 4439 3650 4492 τοῦ

384 4526 496 4580 Hoc
533 4535 611 4580 est
645 4542 835 4592 corpus
868 4542 1064 4594 meum,
1103 4544 1166 4582 ac
1209 4531 1433 4600 sanguis
1471 4547 1640 4595 meus,
1700 4533 1838 4600 quod
1866 4549 1959 4600 pro

2067 4538 2202 4591 Θεοῦ
2236 4539 2427 4592 ἑαυτὸν
2478 4538 2622 4608 ὑπὲρ
2673 4538 2831 4609 ήμῶν
2882 4537 3074 4590 θυσίαν
3116 4537 3194 4606 τῷ
3245 4535 3442 4590 ἑαυτοῦ
3474 4536 3653 4603 Πατρὶ

384 4618 526 4671 uobis
561 4618 851 4688 frangitur,
901 4622 1093 4692 quique
1146 4623 1444 4690 e/fumlitur
1486 4624 1542 4677 in
1596 4623 1960 4681 remissionem

383 4723 716 4779 peccatorum
747 4729 765 4766 :
797 4714 893 4768 hoc
917 4713 1081 4782 facite
1103 4716 1158 4767 in
1191 4731 1360 4770 meam
1379 4719 1962 4789 eommemorationemf;

387 4801 439 4853 hi
472 4813 678 4868 autem,
713 4819 903 4858 rursus
933 4819 1080 4873 spem
1133 4806 1334 4861 habere
1362 4808 1418 4860 in
1455 4809 1659 4864 Christi
1715 4812 1962 4878 corporis

385 4894 587 4948 lumine
619 4895 955 4962 omittentes,
1009 4898 1059 4949 iu
1114 4898 1246 4969 legis
1279 4901 1470 4954 umbra
1502 4915 1651 4970 spem
1692 4901 1960 4970 habeant;

384 4983 544 5052 plane
575 4982 773 5038 factam
813 5001 908 5054 per
953 4986 1228 5042 Christum
1281 4989 1709 5060 redemptionem
1743 5003 1962 5062 negant,

383 5088 523 5145 eque
551 5076 838 5132 sacriﬁciis
865 5077 1070 5147 liquido
1099 5077 1270 5136 Judaei
1312 5093 1742 5153 cognoscuntur.

457 5357 548 5414 Ill.
584 5358 716 5413 Nam
751 5360 800 5414 si
832 5360 1226 5418 irrationalium
1254 5366 1490 5420 victima:
1522 5365 1752 5421 salutem
1789 5367 1963 5421 homi-

390 5449 548 5504 nibus
593 5459 849 5520 praaslant
896 5467 958 5506 ac
1009 5455 1385 5511 remissionem
1437 5468 1806 5528 peccatorum,
1836 5475 1961 5527 gra-

388 5541 462 5596 tis
491 5541 746 5599 Christus
777 5555 1027 5600 mortuus
1053 5555 1132 5600 est
1164 5565 1178 5602 :
1226 5549 1310 5603 sin
1347 5559 1528 5604 autem
1563 5559 1822 5619 tanquam
1859 5552 1964 5608 illis

457 5676 661 5734 "Psal.
693 5694 842 5744 ms,
877 5680 930 5737 9.
1007 5681 1173 5741 “lsa.
1207 5701 1244 5752 ι,
1277 5686 1366 5753 ιι,
1400 5686 1488 5741 12.
1569 5687 1775 5744 "Psal.
1809 5688 1962 5756 L,l8.

462 5811 574 5878 (54)
594 5800 746 5884 Lege
774 5815 962 5884 μηδέν.

2070 4629 2462 4701 προσαγαγὼν,
2487 4629 2642 4698 ἔλεγε
2666 4647 2679 4660 ’
2713 4629 2896 4682 Τοῦτό
2918 4629 3050 4683 ἐστι
3079 4628 3145 4681 τὸ
3175 4627 3349 4696 σῶμά
3378 4644 3520 4696 μου,
3546 4628 3650 4681 και

2067 4723 2134 4775 τὸ
2165 4715 2310 4790 αϊμὰ
2339 4737 2491 4789 μου,
2519 4718 2671 4788 ὑπὲρ
2703 4719 2872 4789 ὑμῶν
2913 4719 3227 4788 κλώμενον
3269 4717 3368 4771 καί
3393 4718 3644 4785 ἐκχυνό-

2062 4827 2254 4881 per-or
2316 4814 2405 4876 είς
2443 4811 2667 4880 ἄφεσιν
2698 4809 3000 4879 ἁμαρτιῶν
3026 4828 3040 4841 ·
3083 4809 3260 4864 τοῦτο
3306 4809 3525 4861 ποιεῖτε
3563 4810 3654 4872 εὶς

2069 4905 2185 4972 τὴν
2213 4905 2370 4975 ἐμὴν
2406 4904 2775 4975 ἀνάμνησιν.
2811 4897 2972 4959 Οὗτοι
3004 4905 3059 4957 δὲ
3092 4903 3258 4957 πάλιν
3294 4901 3521 4969 ἀφέντες
3550 4901 3651 4969 τὴν

2070 4998 2259 5051 ὲλπίδα
2289 4997 2430 5068 ἔχειν
2453 4997 2547 5050 ἐπὶ
2572 4998 2630 5050 τὸ
2665 4996 2782 5066 φῶς
2819 4995 2913 5050 τοῦ
2964 4995 3217 5066 σώματος
3260 4992 3354 5046 τοῦ
3387 4989 3649 5061 Χριστοῦ,

2069 5093 2164 5145 ἐπὶ
2200 5091 2298 5164 τὴν
2329 5093 2484 5146 σκιάν
2510 5093 2605 5146 τοῦ
2630 5093 2796 5163 νόμου
2823 5091 2921 5163 τὴν
2954 5092 3146 5146 ἐλπίδα
3185 5091 3372 5161 ἔχουσι
3397 5104 3411 5119 ’
3432 5104 3651 5158 προφα-

2071 5189 2179 5248 νῶς
2211 5184 2502 5256 ἀρνοῦνται
2541 5185 2639 5254 μὲν
2666 5185 2765 5255 τὴν
2806 5185 2893 5238 διὰ
2921 5184 3015 5237 τοῦ
3055 5181 3298 5254 Χριστοῦ
3332 5179 3652 5248 ἀπολύτρωο

2075 5294 2160 5331 σιν
2187 5293 2200 5308 ο
2239 5275 2482 5330 Ἰουδαῖοι
2505 5277 2581 5342 δὲ,
2605 5277 2694 5330 διά
2715 5277 2823 5331 τῶν
2845 5277 3044 5330 θυσιῶν
3068 5275 3251 5345 σαφῶς
3268 5271 3650 5344 γνωρίζονται.

2143 5369 2217 5424 Γ’.
2249 5369 2309 5421 El
2355 5369 2454 5438 μὲν
2486 5369 2594 5440 γὰρ
2646 5370 2703 5422 al
2738 5369 2921 5423 θυσίαι
2973 5370 3082 5421 τῶν
3117 5368 3345 5435 ἀλόγων,
3378 5363 3653 5433 σωτηρίαν

2073 5463 2168 5518 καὶ
2195 5463 2389 5534 ἄφεσιν
2421 5464 2708 5534 ἁμαρτιῶν
2731 5465 2843 5528 τοῖς
2862 5462 3170 5536 ἀνθρώποις
3198 5459 3518 5530 παρέχουσι,
3543 5455 3618 5507 δω
3637 5484 3650 5493 -

2074 5557 2205 5629 ρεὰν
2224 5559 2252 5611 6
2277 5557 2511 5630 Χριστὸς
2537 5556 2826 5612 ἀπέθανεν.
2858 5557 2921 5613 Εἰ
2946 5555 3002 5611 δὲ
3036 5554 3110 5619 ὠς
3132 5552 3208 5626 μὴ
3239 5551 3306 5605 δι’
3332 5548 3447 5623 (54)
3472 5546 3654 5600 αὐτῶν
