4088 6464
408 364 542 435 1185

1459 361 1745 424 ORATIO
1786 362 1814 423 Ι
1853 361 2156 426 CONTRA
2198 364 2617 431 ARMENIOS.

3526 377 3662 444 1186

402 479 756 551 ὠφελούντων
783 478 812 533 ὁ
839 475 1072 550 Χριστὸς
1103 473 1319 547 ἐσφάγη
1341 474 1482 545 ὑπὲρ
1523 476 1703 547 ἡμῶν,
1736 476 1831 529 καὶ
1880 476 1965 530 θυ-

2082 477 2216 532 nihil
2245 478 2561 548 juvantibus
2614 479 2868 538 Christus
2926 491 3193 540 mactatus
3237 484 3338 541 fuit
3382 503 3444 544 ac
3490 490 3659 546 factus

402 574 488 625 σία
520 574 732 641 γέγονε·
767 569 1033 640 πρόδηλον
1046 568 1367 623 αἱτοιαῦται
1399 568 1490 622 ὑπ’
1518 570 1700 621 αὐτῶν
1716 567 1977 638 τελούμε-

398 681 504 727 ναι,
535 666 595 716 ού
624 666 784 733 μόνον
810 662 1085 733 σωτηρίαν
1106 663 1289 724 αὐτοῖς
1318 661 1650 732 παρέχουσιν
1674 661 1811 731 (55),
1831 659 1968 713 ἀλλὰ

397 759 490 808 καὶ
530 756 818 817 Ἰουδαίους
852 756 1050 817 αὐτοὺς
1083 754 1498 807 ἀποδεικνύουσι
1520 768 1533 782 ·
1577 752 1693 816 πῶς
1739 752 1794 805 δὲ
1826 752 1972 820 ὠφε-

394 848 559 920 λῆσαι
587 850 770 912 αὐτοῖς
796 848 1083 909 δύνανται,
1120 849 1257 916 μήτε
1295 846 1405 898 τῶν
1429 845 1646 913 κτηνῶν
1672 846 1732 898 ἑν
1768 847 1834 915 τῇ
1883 847 1976 897 ὲκ-

396 940 599 1013 κλησίᾳ
625 938 1045 1010 εἰσερχομένων,
1088 941 1225 1009 μήτε
1263 937 1663 1006 ἁγιαζομένων,
1720 937 1858 1007 μήτε
1917 938 1975 990 ἐν

396 1034 474 1102 τῷ
500 1033 873 1104 θυσιαστηρίῳ
902 1032 1322 1102 εἰσερχομένων,
1348 1037 1485 1101 μήτε
1506 1033 1563 1082 ἐν
1589 1033 1652 1101 τῇ
1679 1031 1814 1101 ἁγίᾳ
1838 1046 1973 1099 τρα-

398 1125 539 1195 πέζῃ
575 1125 821 1177 ἀνελθεῖν
851 1122 1211 1193 ἀξιουμένων,
1242 1124 1380 1194 μήτε
1404 1124 1539 1187 ὅλως
1556 1123 1823 1192 ἁγιασμόν
1851 1139 1974 1175 τινα

396 1218 744 1288 δεχομένων;
780 1216 901 1279 Πῶς
938 1216 970 1287 ἢ
1007 1217 1058 1269 τί
1101 1216 1380 1285 ὠφελῆσαι
1433 1219 1525 1269 καὶ
1587 1215 1811 1284 ἁγιάσαι
1847 1216 1975 1276 τοὺς

395 1311 535 1362 αὐτὰ
559 1307 808 1371 θύοντας,
830 1310 922 1359 καὶ
942 1306 1458 1379 μεταλαμϐάνοντας
1482 1307 1737 1362 δύνανται
1760 1324 1775 1375 ;
1806 1305 1972 1361 Ὅθεν

394 1403 487 1454 καὶ
516 1403 542 1452 ὁ
569 1399 828 1466 Θεολὸγος
858 1399 1157 1469 Γρηγόριός
1185 1416 1318 1469 φησι
1343 1415 1357 1430 ο
1392 1418 1410 1451 t
1447 1400 1717 1468 Θύσωμεν
1760 1398 1834 1468 μὴ
1873 1396 1972 1467 μό-

394 1509 577 1561 σχους,
610 1492 747 1562 μηδὲ
775 1492 982 1561 ἁμνοὺς
1004 1494 1209 1561 κέρατα
1240 1490 1567 1560 ἐκφέροντας
1592 1492 1687 1543 κα)⁵
1722 1490 1912 1552 ὁπλάς.
1946 1508 1967 1541 ι

394 1576 555 1635 Οὗτοι
589 1583 665 1645 δὲ,
693 1584 743 1635 οἱ
773 1584 870 1645 τὰς
891 1582 1147 1643 τοιαύτας
1178 1580 1369 1643 Θυσίας
1396 1580 1493 1642 τὰς
1532 1579 1823 1640 Ἰουδαῖκὰς
1848 1579 1972 1630 ἐπι-

392 1676 692 1742 τελοῦντες,
732 1680 827 1730 καὶ
854 1680 916 1729 ὲκ
938 1675 1033 1728 τοῦ
1066 1676 1297 1744 αἳματος
1325 1673 1506 1727 αὐτῶν
1530 1672 1629 1735 τὰς
1652 1672 1711 1740 φ)
1728 1670 1812 1733 ιὰς
1847 1671 1975 1724 Ἰου-

392 1771 593 1833 δαϊκῶς
622 1771 889 1843 χρίοντες,
922 1777 1021 1822 και
1053 1772 1112 1822 ὲν
1136 1768 1328 1830 αὑταῖς
1362 1766 1497 1837 (36),
1527 1764 1622 1819 καὶ
1642 1765 1720 1835 τῷ
1752 1764 1968 1843 Πάσχα,

394 1866 516 1918 ἀντὶ
536 1865 628 1918 τοῦ
648 1864 897 1935 σώματος
924 1862 1016 1916 τοῦ
1040 1860 1298 1932 Χριστοῦ,
1322 1861 1378 1925 ἐξ
1400 1860 1582 1912 αὐτῶν
1608 1858 1965 1927 μεταλαμσά-

390 1975 591 2021 νοντες,
624 1959 719 2011 καὶ
749 1957 940 2010 ὀστοῦν
982 1955 1164 2009 αὐτῶν
1208 1954 1572 2023 φυλάττοντες
1627 1950 1676 2003 οἱ
1725 1948 1964 2011 ἀσεϐεῖς,

387 2052 447 2103 ού
482 2052 766 2121 φρίττουσι
788 2068 803 2117 ;
828 2051 924 2115 Τίς
943 2044 1035 2103 οῦν
1052 2049 1327 2110 τοιούτους
1347 2047 1412 2098 οὐ
1431 2043 1717 2103 Ἰουδαίους
1741 2041 1962 2113 μᾶλλον,

390 2144 484 2197 καὶ
514 2144 633 2213 οὐχὶ
668 2143 1028 2214 Χριστιανοὺς
1060 2139 1387 2193 ἀποκαλέσει
1419 2136 1680 2202 ὲνδίκωςς

945 2275 1344 2330 ΚΕΦΑΛΑΙΟΝ
1379 2272 1433 2328 l'.

389 2395 527 2465 Περὶ
578 2390 665 2451 ὧν
708 2394 1200 2465 βλασφημοῦσιν
1264 2386 1657 2465 οἱα-Ἀρμένιοι
1710 2388 1799 2465 εἰς
1858 2385 1966 2439 τὸν

529 2457 830 2534 σταυρὸν,
868 2457 1542 2520 θὶαἶκαταϐαπτίζουσιν
1570 2457 1779 2511 αὐτόν.

460 2582 534 2635 A’.
586 2578 752 2633 Ἀλλὰ
775 2578 886 2649 γὰρ
914 2575 1008 2631 καὶ
1036 2574 1130 2628 τὸν
1156 2573 1328 2626 τύπον
1363 2570 1457 2624 τοῦ
1486 2566 1755 2634 ζωοποιοῦ
1793 2583 1963 2622 σταυδ

386 2673 507 2746 ροῦ,
541 2673 602 2725 δν
637 2673 800 2742 ἡμεῖς
843 2669 943 2739 μὲν
997 2664 1360 2728 ἐκτυποῦντες
1421 2661 1785 2731 ἁγιαζόμεθα,
1818 2660 1868 2713 oi
1905 2659 1963 2712 δὲ

382 2766 638 2834 δαίμονες
683 2760 1077 2818 ἀπελαύνονται
1107 2799 1122 2825 ,
1153 2755 1299 2813 οῦτοι
1334 2758 1383 2811 ol
1423 2755 1753 2823 θεοστυγεῖς,
1782 2753 1858 2824 μὴ
1886 2748 1965 2806 εῖ-

382 2878 470 2913 ναι
489 2858 665 2927 ἆγιον,
688 2857 826 2927 μήτε
858 2853 1134 2923 ὠφέλιμον
1159 2851 1413 2919 λέγουσιν
1437 2866 1452 2881 ο
1471 2847 1609 2904 ἁλλὰ
1628 2845 1716 2899 διά
1734 2842 1961 2915 ﬁda?)

383 2949 594 3005 ἑαυτῶν
641 2945 1059 3019 αἰσχροκερδίας
1103 2945 1198 2997 καὶ
1245 2936 1690 3010 γαστριμαργίας
1746 2933 1843 2988 καὶ
1873 2933 1963 2987 διά

382 3046 481 3113 τῆς
514 3040 750 3112 χρίσεως
780 3037 888 3091 τῶν
922 3037 1133 3103 ἀλόγων
1168 3031 1393 3096 θυσιῶν,
1424 3030 1514 3082 τὸν
1540 3026 1773 3097 σταυρὸν
1794 3023 1961 3092 ἁγιά-

384 3134 575 3199 ζεσθαι
602 3132 842 3197 λέγουσι,
875 3128 971 3181 καὶ
1003 3127 1064 3179 ού
1102 3126 1190 3180 διὰ
1218 3123 1311 3177 τοῦ
1350 3122 1481 3175 ἰδίου
1540 3117 1958 3187 ἑκτυπώματος.

384 3225 527 3296 Πρὸς
551 3222 645 3286 οὓς
660 3222 867 3275 δίκαιον
889 3216 1258 3288 φθέγγεσθαι·
1296 3214 1359 3264 ’Ὤ
1405 3210 1704 3281 ’Δρμένιοι,
1740 3207 1963 3278 ἅρματα

380 3319 490 3373 τῶν
522 3317 833 3387 δαιμόνων·
859 3314 907 3366 εί
943 3312 1043 3383 μὲν
1079 3311 1185 3379 γὰρ
1241 3307 1418 3361 πάντα
1457 3306 1526 3357 τὰ
1560 3302 1670 3355 τῶν
1699 3301 1962 3370 Χριστια-

380 3412 489 3465 νῶν
525 3408 798 3480 μυστήρια
826 3407 853 3459 ὁ
875 3404 1045 3465 τύπος
1087 3400 1180 3454 τοῦ
1214 3394 1449 3467 σταυροῦ
1475 3392 1718 3463 ἁγιάζει,
1751 3390 1845 3444 καὶ
1872 3390 1963 3443 τὸν

379 3504 545 3573 ἄρτον
574 3500 735 3555 αὐτὸν
763 3498 923 3566 σῶμα
966 3491 1204 3566 Χριστοῦ
1238 3488 1605 3551 ἀναδείκνυσι,
1638 3484 1734 3537 καὶ
1765 3484 1857 3535 τὸν
1883 3476 1963 3534 οἷο

378 3612 469 3649 νον
504 3594 596 3647 καὶ
623 3592 683 3645 τὸ
715 3589 859 3660 ὕδωρ
915 3582 1056 3657 αἷμα
1091 3580 1329 3655 Χριστοῦ
1366 3578 1604 3641 ὲκτελεῖ,
1648 3575 1742 3627 καὶ
1765 3573 1860 3642 τὴν
1892 3573 1963 3625 οἰ-

379 3688 613 3757 κοδομὴν
641 3686 738 3755 τῆς
764 3679 1093 3750 Ἐκκλησίας
1125 3675 1251 3730 ναὸν
1277 3671 1411 3727 Θεοῦ
1447 3669 1541 3723 καὶ
1569 3662 1716 3721 οἷκον
1752 3664 1960 3757 Κυρίου

376 3752 803 3841 κατασκευάζει,
837 3773 932 3828 καὶ
970 3772 1031 3824 τὸ
1058 3770 1251 3841 μύρον,
1295 3766 1389 3819 καὶ
1430 3763 1491 3816 τὸ
1546 3762 1747 3823 ἔλαιον,
1779 3757 1841 3823 ea
1884 3752 1960 3810 ὧν

374 3876 427 3930 οἱ
457 3868 777 3943 Χριστιανοὶ
804 3862 1123 3934 amcam;
1154 3858 1468 3930 χριόμενοι,
1500 3854 1595 3908 καὶ
1636 3852 1819 3943 πιστοὶ
1860 3868 1958 3943 καῖ

374 3941 618 4027 λοῦνται,
650 3962 746 4016 καὶ
768 3960 826 4011 ἐν
856 3952 1170 4028 προσώποις
1201 3949 1382 4005 αὐτῶν
1433 3948 1531 4001 καὶ
1572 3942 1845 4016 μετώποις
1866 3981 1881 4007 ,
1911 3941 1961 3994 οι

378 4054 562 4109 πιστοὶ
591 4049 781 4104 τοῦτον
810 4045 1198 4106 ὲκτυποῦντες,
1225 4039 1294 4094 δι’
1319 4033 1484 4093 αὐτοῦ
1519 4038 1584 4089 ὲκ
1628 4035 1739 4089 τῶν
1787 4032 1962 4086 ἐθνῶν

377 4150 475 4203 καὶ
513 4141 757 4196 ἀπίστων
806 4134 1220 4203 διακρίνονταιο
1252 4131 1348 4184 καὶ
1406 4130 1467 4180 ὲν
1518 4128 1638 4188 ταῖς
1690 4123 1961 4193 άσφαλαῖς

375 4234 486 4288 τῶν
515 4230 754 4304 χαρτίων
785 4226 924 4298 πρὸς
984 4224 1250 4276 πίστωσιν
1287 4219 1397 4272 τῶν
1433 4214 1835 4287 γεγραμμένων
1862 4214 1959 4266 ἐκ-

376 4323 677 4385 τυποῦντες
714 4318 951 4390 σταυρὸν
979 4316 1069 4370 διὰ
1113 4314 1367 4385 μέλανος,
1403 4310 1531 4373 τοὺς
1561 4308 1750 4362 τοῦτον
1782 4323 1954 4377 παρα-

376 4415 663 4475 ϐαίνοντας
694 4414 787 4464 καὶ
814 4407 1206 4480 ἀρνουμένους,
1238 4404 1313 4466 ὡς
1331 4400 1571 4474 ἀρνητὰς
1588 4398 1684 4453 τοῦ
1718 4394 1957 4470 Χριστοῦ

2052 3433 2263 3486 aquam
2348 3417 2445 3471 Clit
2460 3416 2552 3471 isti

2081 567 2328 635 victima,
2374 568 2552 638 palam
2578 571 2969 641 est,ejusmodi
3006 573 3204 629 abillis
3242 577 3413 630 factas
3454 582 3657 633 hostias

2079 661 2276 713 nedum
2332 661 2414 714 eis
2474 660 2705 714 salutem
2762 679 2866 715 non
2920 662 3191 726 conferre,
3258 680 3442 719 verum
3493 673 3652 721 etiam

2074 747 2289 804 Judaeos
2309 751 2622 821 ostendere.
2647 752 2755 819 Qui
2800 769 2931 809 vero
2964 756 3260 825 eosjugare
3282 757 3396 828 (58)
3428 772 3653 826 possint,

2076 857 2197 895 cum
2221 857 2414 911 pec0ra
2445 860 2619 912 neque
2643 847 2693 898 iu
2718 846 3005 901 ecclesiam
3068 850 3459 917 ingrediantur,
3482 870 3655 919 neque

2078 934 2509 1001 sanctiﬂccutur,
2566 953 2667 991 nec
2733 940 2785 991 in
2842 944 3212 993 sanctuariuin
3278 942 3503 1008 intrent,
3558 963 3651 996 nec

2077 1026 2235 1095 digna
2296 1028 2619 1093 habeantur,
2669 1045 2792 1100 quae
2841 1046 3056 1087 sacram
3093 1048 3335 1088 mensam
3385 1050 3654 1090 conscen-

2077 1117 2227 1179 dant,
2263 1131 2437 1185 neque
2469 1118 2632 1171 ullam
2680 1135 2906 1188 prorsus
2957 1124 3303 1176 sanctitatem
3341 1128 3603 1193 recipiunt
3635 1146 3650 1180 ;

2076 1207 2224 1271 quei,
2255 1206 2513 1274 inquam,
2563 1207 2759 1274 quidve
2804 1208 2946 1275 illos,
2984 1214 3075 1279 qui
3127 1226 3190 1263 ea
3227 1213 3556 1276 sacrificant,
3588 1230 3653 1267 ac

2075 1308 2263 1349 eorum
2299 1298 2607 1365 percipiunt
2631 1313 2845 1363 carnes,
2871 1300 2960 1353 illa
2984 1300 3264 1369 juverint?
3296 1301 3451 1358 Unde
3483 1306 3649 1358 etiam

2075 1389 2151 1441 ait
2191 1387 2487 1459 Gregorius
2542 1389 2851 1461 Theologus
2902 1408 2918 1447 :
2980 1397 3004 1444 ι’
3076 1392 3485 1458 Sacriticemus,
3543 1413 3648 1448 non

2073 1479 2295 1544 vitulos,
2328 1495 2503 1548 neque
2540 1496 2707 1551 agnos
2735 1496 2935 1537 cornua
2976 1487 3338 1550 producentes
3383 1496 3437 1537 et
3477 1504 3649 1547 ungu-

2072 1570 2154 1625 las
2196 1570 2327 1642 (39).
2370 1589 2389 1623 ι
2424 1571 2489 1625 Hi
2523 1584 2731 1635 autem,
2778 1574 2870 1643 qui
2904 1572 3171 1640 ejusmodi
3201 1573 3459 1628 Judaicas
3496 1577 3652 1630 ricti-

2079 1676 2193 1715 tnas
2228 1661 2452 1726 faciant,
2502 1666 2702 1731 quique
2735 1678 2801 1718 ex
2844 1678 3029 1718 eorum
3066 1668 3332 1734 sanguine
3366 1668 3650 1722 domorum

2077 1763 2261 1820 postes
2293 1750 2598 1807 Iudaeorum
2638 1768 2788 1808 more
2815 1754 3084 1817 oblinant,
3121 1766 3286 1823 atque
3323 1757 3375 1808 in
3402 1754 3558 1811 festis
3589 1774 3654 1811 ac

2075 1845 2362 1908 Paschate,
2393 1844 2512 1899 loco
2541 1847 2789 1913 corpOris
2817 1846 3050 1906 Christi,
3085 1862 3149 1899 ex
3184 1847 3292 1900 illis
3324 1850 3651 1918 percipiant,

2074 1950 2243 2003 osque
2272 1951 2459 1989 eorum
2488 1946 2729 2001 servent,
2780 1938 3038 1991 homines
3066 1936 3237 2005 impii,
3264 1952 3366 1990 non
3395 1941 3653 1994 horrent?

2073 2026 2207 2093 Quis
2237 2042 2367 2096 ergo
2398 2029 2479 2082 sic
2514 2028 2776 2083 habentes
2825 2043 2931 2082 non
2967 2030 3165 2083 merito
3190 2027 3408 2085 Judaeos
3472 2037 3650 2099 potius

2073 2133 2238 2190 quam
2272 2118 2621 2175 Christianos
2654 2119 2836 2178 dicat?

2695 2278 2923 2337 CAPUT
2964 2279 3032 2336 Χ.

2073 2410 2151 2466 De
2197 2409 2561 2479 blasphemiis,
2610 2427 2743 2481 quas
2786 2412 3020 2466 Armenii
3050 2415 3102 2468 in
3137 2428 3341 2467 crucem
3383 2426 3648 2481 evomunt,

2311 2492 2469 2552 utque
2500 2498 2774 2551 perperam
2807 2484 2954 2536 illam
2985 2486 3248 2552 baptizent
3278 2483 3415 2553 (40).

2146 2590 2190 2648 1.
2234 2591 2341 2647 Sed
2393 2602 2448 2647 et
2497 2593 2727 2647 vivilica
2778 2592 2956 2648 crucis
3024 2592 3295 2661 ﬁguram,
3354 2595 3508 2662 cuius
3550 2612 3649 2650 nos

2070 2684 2428 2753 expressione
2470 2684 2899 2750 sanctiﬁcamur,
2949 2700 3013 2738 ac
3058 2684 3314 2754 fugantur
3346 2688 3648 2753 tlzeiiioues,

2071 2776 2182 2830 Det)
2250 2776 2645 2832 abominabiles
2721 2775 2811 2831 isti
2882 2787 3129 2831 Sanctam
3218 2787 3413 2846 negant
3484 2787 3649 2847 atque

2070 2867 2256 2922 utilem
2303 2886 2318 2923 :
2346 2868 2477 2936 quin
2518 2868 2690 2935 turpis
2723 2882 2914 2923 eorum
2948 2867 3085 2921 lucri
3119 2883 3182 2922 ac
3203 2869 3411 2923 ventris
3441 2872 3646 2933 studio,

2070 2961 2323 3015 unctione
2352 2961 2751 3015 irrationalium
2785 2961 3157 3023 victimarum,
3199 2976 3303 3016 non
3330 2963 3448 3029 ejus
3476 2963 3647 3030 ipsius

2070 3055 2438 3123 expressione.
2472 3068 2689 3108 crucem
2724 3056 2876 3107 aiunt
2898 3052 3254 3108 sanctiﬁcari.
3287 3053 3331 3107 0
3372 3054 3638 3117 Armenii,

2071 3148 2375 3200 daamonum
2428 3145 2653 3200 currus!
2703 3143 2980 3213 Siquidem
3040 3143 3211 3211 ﬁgura
3262 3143 3443 3197 erucis
3489 3142 3649 3197 Chri-

2066 3237 2363 3291 stianorum
2393 3233 2738 3289 sachmeuta
2787 3236 3037 3288 universa
3071 3234 3400 3297 sanctiﬁcat,
3437 3236 3646 3301 ipsum-

2066 3343 2172 3398 que
2236 3342 2426 3398 panem
2477 3325 2678 3382 Christi
2742 3341 2941 3395 corpus
3007 3325 3174 3388 facit,
3231 3340 3296 3379 ac
3344 3326 3527 3379 vinum
3591 3337 3647 3379 ct

2630 3416 2947 3484 sanguinem
3018 3414 3221 3478 efﬁcit,
3291 3415 3648 3483 ecclesiaqne

2063 3510 2351 3564 mdiﬁcium
2388 3509 2639 3577 templum
2677 3507 2768 3561 Dei
2805 3522 2867 3561 ac
2918 3507 3133 3561 domum
3185 3504 3396 3559 Domini
3442 3509 3646 3560 (³0118ιί-

2066 3602 2212 3656 tuit:
2248 3615 2346 3656 nec
2400 3615 2505 3653 non
2554 3607 2889 3667 unguentum
2944 3611 3108 3668 atque
3165 3599 3342 3654 oleum
3402 3602 3643 3665 coniicit,

2065 3706 2292 3761 quorum
2343 3690 2595 3744 unctione
2639 3688 2937 3743 Christiani
2995 3688 3429 3753 sanctiﬁcantur,
3476 3688 3546 3744 ac
3579 3691 3645 3744 ii-

2066 3785 2214 3839 deles
2266 3783 2912 3853 appellantur:eamque
2964 3780 3151 3835 ﬁdeles
3202 3782 3256 3835 in
3308 3781 3550 3835 vultibus
3580 3797 3645 3837 ac

2069 3875 2339 3931 frontibus
2392 3874 2506 3930 suis
2566 3872 2953 3941 exprimentes.
2991 3886 3087 3940 per
3134 3887 3253 3926 eam
3302 3887 3332 3926 a
3388 3873 3644 3941 gentibus

2065 3976 2129 4016 ac
2163 3959 2468 4015 inﬁdelibus
2499 3961 2882 4013 dlsceruuntur
2913 3977 2926 4013 :
2961 3962 3055 4014 sed
3116 3969 3170 4014 et
3222 3960 3277 4014 in
3322 3963 3639 4014 chartarum

2063 4055 2388 4123 scriptarum
2422 4053 2607 4117 (idem,
2639 4062 2949 4106 atramento
2984 4067 3204 4106 crucem
3250 4054 3638 4119 exprimentes,

2061 4160 2157 4201 eos
2189 4145 2277 4213 qui
2322 4159 2441 4198 eam
2484 4143 2959 4213 transgrediuntur
3005 4157 3073 4197 ac
3125 4152 3343 4212 negant,
3382 4152 3637 4221 tanquam

2062 4238 2152 4308 qui
2185 4237 2461 4293 Christum
2496 4249 2710 4307 negent,
2750 4236 3177 4291 condemnamus
3204 4253 3218 4289 :
3246 4234 3371 4305 quei
3421 4250 3637 4289 rursum

2063 4329 2233 4399 ﬁgura
2257 4328 2457 4395 crucis,
2481 4343 2577 4382 ceu
2617 4325 2996 4397 imperfectum
3021 4325 3152 4394 quid
3182 4340 3246 4380 ac
3276 4324 3633 4388 imbecillum,

2062 4436 2158 4491 per
2189 4420 2353 4473 alium
2388 4421 2605 4474 modum
2626 4433 2688 4472 ac
2708 4417 2990 4472 Iudaicam
3016 4417 3311 4479 victimam,
3336 4417 3489 4485 quasi
3526 4418 3639 4483 ίρμιι

377 4504 778 4575 κατακρίνομεν
803 4519 818 4534 ο
852 4502 969 4565 πῶς
997 4501 1158 4553 πάλιν
1193 4500 1220 4550 ὁ
1247 4494 1418 4557 τύπος
1448 4490 1542 4546 τοῦ
1590 4492 1851 4557 σταυροῦ,
1882 4490 1956 4554 ὡς

2070 4512 2339 4566 immunda
2369 4513 2526 4572 foret,
2558 4509 2955 4574 sanctiﬁcatur,
2982 4524 3044 4562 ac
3072 4509 3147 4561 ita
3178 4507 3473 4561 adoratur?
3502 4506 3637 4560 Cum

374 4599 571 4670 ἀτελὴς
603 4598 699 4650 καὶ
722 4596 1033 4665 ἁνίσχυρος,
1066 4593 1133 4644 δι’
1165 4589 1353 4660 ἑτέρου
1395 4587 1605 4656 τρόπου
1634 4587 1730 4638 καὶ
1765 4582 1957 4645 θυσίας

2070 4605 2202 4657 enim
2236 4618 2391 4667 crux,
2440 4616 2697 4670 expressa
2746 4602 2864 4669 ejus
2913 4599 3110 4669 litura,
3143 4599 3323 4651 omnia
3360 4597 3632 4651 Christia-

388 4691 709 4760 Ἰουδαϊκῆς,
757 4688 832 4751 ὼς
894 4686 1201 4756 ἀκάθαρτος
1262 4678 1570 4750 ἁγιάζεται,
1630 4676 1728 4730 καὶ
1785 4674 1957 4736 οὕτως

2070 4710 2250 4749 uorum
2294 4694 2547 4766 mysteria
2581 4692 2917 4756 sanctiﬁcet;
2951 4690 3214 4758 siquidem
3265 4691 3378 4757 ipsa
3414 4703 3634 4757 quoque

374 4787 799 4855 προσκυνεῖται;
842 4780 904 4833 Ei
936 4778 1168 4850 μὲνγὰρ
1210 4777 1390 4828 πάντα
1423 4771 1587 4834 αὐτὸς
1636 4768 1852 4837 ἁγιάζει
1892 4766 1960 4819 τὰ

2070 4786 2402 4853 postmodum
2461 4784 2751 4848 imbecilla,
2812 4782 3041 4844 inutilis,
3086 4797 3151 4836 ac
3201 4779 3423 4850 profana
3483 4781 3638 4835 inve-

371 4879 486 4931 τῶν
539 4874 881 4947 Χριστιανῶν
934 4872 1209 4942 μυστήρια
1258 4868 1346 4920 διὰ
1406 4864 1501 4917 τοῦ
1555 4862 1711 4928 ἁγίου
1763 4859 1956 4923 τύπου,

2070 4876 2208 4931 nitur
2252 4876 2424 4947 :quei
2477 4890 2581 4930 non
2643 4874 3082 4929 Christianorum
3145 4874 3401 4944 mysteria
3454 4872 3635 4925 inania

375 4970 602 5038 ὕστερον
654 4968 750 5019 καὶ
800 4963 963 5025 αὐτὸς
1022 4962 1335 5030 ἀνίσχυρος,
1382 4955 1478 5010 καὶ
1524 4950 1809 5020 ἀνωφελὴς
1856 4950 1953 5001 καὶ

2070 4970 2173 5023 sint
2214 4985 2276 5022 ac
2330 4968 2650 5021 immunda?
2683 4966 2909 5033 Quando
2943 4968 3086 5018 enim
3144 4965 3323 5019 crucis
3376 4962 3545 5029 ﬁgura
3608 4977 3637 5017 a

374 5062 587 5121 ἀνόσιος
610 5058 925 5129 εὑρίσκεται
954 5070 967 5083 ·
986 5050 1104 5115 πῶς
1129 5052 1229 5104 οὐκ
1254 5050 1358 5102 εἰσὶ
1383 5050 1453 5100 τά
1475 5044 1583 5098 τῶν
1607 5038 1950 5114 Χριστιανῶν

2070 5058 2258 5113 minori
2281 5061 2348 5113 ad
2387 5059 2559 5126 majus
2587 5062 2839 5111 universa
2871 5054 3203 5118 sanctiﬁcat,
3226 5053 3339 5123 jam
3383 5054 3637 5121 deinceps

378 5157 651 5229 μυστήρια
690 5151 895 5223 μάταιοι
928 5149 1023 5201 καὶ
1050 5145 1375 5216 ἁκάθαρτα;
1416 5143 1478 5195 Εἰ
1513 5142 1611 5210 μὲν
1646 5144 1755 5208 γάρ
1772 5137 1954 5190 πάντα

2070 5152 2371 5213 ostendant,
2403 5150 2542 5221 quod
2580 5149 2872 5204 exhibeant
2902 5148 3074 5215 majus
3106 5147 3346 5215 signum,
3388 5161 3450 5197 ac
3488 5143 3624 5213 [igu-

373 5251 483 5303 άπὸ
534 5247 731 5320 μικροῦ
776 5248 867 5300 καὶ
921 5243 1157 5315 μεγάλου
1194 5243 1222 5294 ὁ
1263 5254 1435 5303 τυπος
1485 5236 1651 5291 αὑτοῦ
1707 5237 1948 5305 ἁγιάζει,

2070 5257 2181 5296 ram
2214 5244 2401 5309 aliam,
2431 5257 2536 5312 qua
2575 5256 2796 5296 crucem
2845 5239 3190 5295 sanctiﬁcare
3230 5238 3458 5307 pmsint.

376 5348 708 5410 δειξάτωσαν
730 5346 862 5415 ἡμῖν
890 5343 1102 5408 λοιπὸν,
1164 5339 1218 5392 τί
1283 5338 1604 5409 μειζότερον
1632 5337 1767 5408 ἡμῖν
1802 5340 2030 5408 σημεῖον
2065 5339 2394 5407 δεικνύουσι,
2452 5339 2547 5393 καὶ
2593 5339 2765 5392 τύπον
2816 5338 2998 5404 ἄλλον,
3056 5335 3123 5391 δι’
3161 5334 3222 5389 οῦ
3265 5336 3354 5389 τὸν
3404 5330 3637 5403 σταυρὸν

376 5442 627 5513 ἁγιάζειν
654 5439 933 5494 δύνανται.

2128 5608 2244 5680 (sa)
2270 5607 2424 5680 O_ral.
2461 5606 2553 5665 42.

2128 5667 2242 5752 (40)
2282 5676 2634 5752 _Totum_hoe
2679 5682 2840 5752 caput
2891 5675 3279 5752 attendendum
3331 5683 3455 5752 cum
3496 5667 3639 5723 rela-

2054 5741 2199 5804 tione
2224 5741 2295 5803 'ad
2338 5749 2569 5809 haeresin
2607 5741 2987 5803 Armeniorum
3024 5765 3037 5803 :
3075 5742 3277 5817 alioqui
3317 5741 3439 5815 plus
3479 5753 3637 5810 aquo

2059 5831 2298 5890 urgeret.

444 5689 558 5760 (56)
587 5689 728 5760 Lege
756 5689 997 5760 ἑορταῖς.

467 5760 556 5820 '57)
585 5760 745 5815 Forte
773 5760 892 5820 τάς.

444 5619 558 5833 (ὅὸξ
593 5620 754 5675 Forte
790 5617 867 5690 μὴ
898 5617 1220 5690 παρέχουσι.

444 5693 537 5758 (56
587 5689 728 5760 Lege
756 5691 997 5760 ἑορταῖς.

444 5761 533 5833 (ὗῖ
585 5760 901 5833 Εοτιθῌτᾷάῇ
976 5829 1006 5833 Α

465 5829 560 5904 38)
589 5830 724 5887 Can.
754 5829 822 5887 78
858 5829 1028 5886 Trull.
