4088 6420
469 317 603 381 1187

1548 316 1800 379 ISAACI
1840 311 2216 376 ARMENUE
2253 310 2663 373 CATHOLICI

3590 300 3727 365 1188

535 435 605 491 ll.
648 433 780 489 Nam
839 435 1022 492 ovium
1071 435 1350 493 victimam
1414 436 1579 509 plane
1657 451 1756 507 per
1816 445 2037 489 crucem

2216 428 2293 483 B'.
2330 430 2443 501 Τὴν
2475 430 2586 500 γὰρ
2628 427 2822 481 θυσίαν
2851 424 2960 479 τῶν
2995 423 3283 493 προϐάτων
3315 420 3403 475 διὰ
3436 417 3532 474 τοῦ
3562 435 3731 474 σταυ-

465 528 830 594 sanct’iﬂcant,
868 544 1028 598 quam
1078 529 1331 585 Christus
1380 529 1474 585 Dei
1531 530 1720 595 Filius,
1774 522 1944 583 clavis
1986 524 2041 578 in

468 626 650 691 eafpro
670 622 824 677 nobis
849 621 1115 689 conﬁxus,
1136 623 1531 690 sanctiﬁcavit;
1556 623 1782 692 ejusque
1801 621 2040 689 signum,

471 726 760 767 commune
794 712 1172 768 universorum
1205 712 1663 768 sanctiﬁcationis
1712 711 2045 765 instrumen-

470 812 584 856 tum
617 804 814 859 ell'ecit.
846 804 1310 869 Quemadmodum
1344 806 1513 870 enim,
1547 815 1838 872 antequam
1885 799 2047 855 Chri-

473 906 589 950 stus
631 897 779 950 cruci
826 896 1165 965 afﬁgeretur,
1220 906 1341 952 erat
1388 898 1476 953 illa
1521 894 1922 951 maledictionis
1951 908 2043 946 or-

471 1003 696 1056 sanum,
724 988 950 1057 ejusque
985 988 1153 1059 ﬁgura
1181 989 1560 1045 abominabilis
1590 1005 1603 1041 :
1630 1002 1696 1041 ex
1725 1001 1834 1056 quo
1862 993 2041 1039 autem

471 1080 723 1134 Christus
753 1082 804 1133 in
839 1096 901 1134 ea
932 1080 1032 1135 fuit
1053 1081 1273 1145 atiixus,
1303 1080 1419 1149 ipsa
1444 1080 1792 1134 sanctitatem
1829 1078 2044 1139 ascivit,

471 1171 698 1239 ejusque
730 1172 898 1242 ﬁgura
938 1188 1001 1227 ac
1029 1173 1264 1243 signum,
1307 1173 1414 1226 vim
1447 1170 1825 1227 sanctiﬁcandi
1860 1169 2042 1223 omnia

471 1274 706 1331 accepit,
737 1279 1037 1334 omnesque
1059 1264 1181 1333 ejus
1222 1264 1276 1319 itt
1310 1279 1369 1319 se
1394 1263 1624 1334 ﬁguram
1653 1263 2045 1333 exprimentes,

472 1356 821 1410 sanctiﬁcari'
862 1371 921 1410 se
966 1357 1197 1411 credunt
1230 1374 1245 1411 :
1282 1357 1356 1410 ita
1404 1356 1595 1425 liquet,
1628 1365 1870 1410 sanctam
1926 1368 2049 1408 esse

475 1463 861 1516 quamcunque
893 1463 1132 1513 crucem,
1166 1450 1281 1518 ipsa
1333 1451 1416 1503 sui
1447 1448 1801 1518 expressione
1845 1448 2049 1501 sancti-

476 1549 640 1594 tatem
675 1540 966 1594 habentem
1007 1558 1020 1594 :
1049 1550 1377 1607 sanctosque
1404 1541 1542 1605 ﬁeri,
1583 1541 1672 1609 qui
1706 1541 1932 1594 adorant
1984 1553 2050 1593 ac

478 1631 584 1686 ﬁde
611 1633 949 1687 osculantur.
984 1634 1138 1701 Quod
1188 1635 1232 1689 si
1279 1638 1489 1706 signum
1526 1634 1704 1688 crucis
1742 1632 1933 1687 inutile
1964 1640 2049 1686 est

477 1738 543 1777 ac
571 1724 932 1788 immundum,
958 1736 1015 1777 ut
1049 1724 1125 1778 illi
1158 1725 1322 1794 impie
1356 1733 1648 1793 nugantur,
1686 1723 1905 1791 planum
1937 1731 2045 1783 est,

2150 524 2247 596 ροῦ
2301 523 2522 586 πάντως
2574 520 2917 588 ἁγιάζουσιν,
2950 517 3010 571 ὃν
3041 517 3070 569 6
3131 512 3370 585 Χριστὸς
3401 514 3429 567 6
3479 510 3605 576 Υίδς
3636 510 3733 563 τοῦ

2145 612 2282 668 Θεοῦ
2323 612 2547 684 ήγίασε,
2605 610 2947 681 σταυρωθεὶς
2994 611 3053 663 ἐν
3111 606 3261 676 αύτῷ
3302 606 3369 659 δι’
3402 605 3570 675 ἡμᾶς,
3633 602 3733 657 καὶ

2149 705 2369 774 σταυρῷ
2424 702 2822 774 προσηλωθεὶς,
2877 700 2975 755 καὶ
3027 698 3120 753 τὸν
3164 696 3334 751 τύπον
3366 694 3533 748 αὑτοῦ
3567 694 3733 762 ἁγια-

2152 802 2375 871 στήριον
2425 796 2645 851 πάντων
2694 794 3001 859 ἀναδείξας.
3043 792 3257 860 Ὠσπερ
3317 790 3429 859 γὰρ
3496 788 3601 860 πρὸ
3630 785 3733 855 τῆς

2148 889 2387 961 Χριστοῦ
2426 888 2819 959 σταυρώσεως,
2856 888 2885 940 6
2924 884 3158 954 σταυρὸς
3182 883 3431 953 κατάρας
3454 878 3527 957 ,ἦν
3567 881 3732 949 ὄργα-

2130 1000 2260 1075 Ivov,
2293 982 2385 1034 καὶ
2412 983 2439 1034 6
2482 981 2651 1042 τύπος
2695 976 2862 1031 αὐτοῦ
2927 975 3211 1047 βδελυκτός
3231 989 3247 1004 ·
3280 975 3373 1043 ἀφ’
3412 967 3473 1026 06
3505 971 3561 1025 δὲ
3594 972 3733 1041 Χριο

2152 1075 2275 1139 στος
2306 1076 2362 1128 ὲν
2387 1073 2537 1143 αύτῷ
2569 1070 2919 1140 ἐσταυρώθη,
2946 1069 3109 1131 αὐτὸς
3144 1069 3173 1120 6
3206 1067 3437 1135 σταυρὸς
3464 1064 3729 1135 ἡγιάσθη,

2148 1168 2242 1219 καὶ
2275 1165 2304 1216 6
2332 1164 2503 1227 τύπος
2532 1158 2698 1215 αὐτοῦ
2738 1158 3099 1229 ἁγιαστήριον
3124 1157 3348 1210 πάντων
3368 1155 3561 1222 γέγονε
3583 1166 3605 1186 ’
3634 1153 3734 1206 καὶ

2148 1259 2349 1321 πάντες
2387 1256 2478 1309 τὸν
2512 1254 2683 1308 τύπον
2717 1252 2884 1305 σύτοῦ
2918 1253 2975 1304 ὲν
2998 1250 3147 1321 αύτῷ
3191 1248 3303 1320 (41)
3338 1246 3732 1312 ἐκτυποῦντες,

2148 1350 2479 1420 ἁγιασθῆναι
2514 1346 2864 1400 πιστεύουσιν
2888 1361 2900 1375 °
2926 1343 3069 1398 οὕτω
3105 1343 3285 1414 δῆλον,
3323 1343 3406 1397 ὅτι
3437 1342 3531 1395 καὶ
3560 1342 3664 1403 πᾶς
3707 1342 3734 1393 6

2150 1444 2379 1514 σταυρὸς
2402 1442 2556 1510 ἅγιός
2586 1442 2723 1502 ἐστι,
2748 1439 2836 1493 διὰ
2861 1437 2954 1491 τοῦ
2983 1436 3113 1490 ίδίου
3136 1434 3533 1501 ὲκτυπὼματος
3566 1435 3732 1502 μόνον

2148 1535 2535 1604 ἁγιαζόμενος,
2573 1531 2739 1593 αὑτός
2762 1545 2821 1583 τε
2850 1528 2945 1583 καὶ
2984 1529 3034 1583 oi
3060 1527 3250 1581 τοῦτον
3276 1522 3735 1595 προσκυνοῦντες,

2148 1625 2357 1689 πιστῶς
2410 1624 2800 1693 ἀσπαζόμενοι.
2835 1622 2896 1674 Εἰ
2946 1621 3002 1673 δὲ
3055 1621 3083 1673 6
3119 1618 3291 1683 τύπος
3343 1617 3439 1669 τοῦ
3496 1615 3736 1685 σταυροῦ

2151 1717 2438 1787 ἀνωφελής
2479 1720 2597 1770 ὲστι
2633 1717 2726 1769 καὶ
2780 1714 3111 1784 ἀκάθαρτος,
3151 1712 3225 1774 ὡς
3266 1712 3426 1763 αὐτοὶ
3457 1707 3739 1779 φλυαροῦ-

476 1819 665 1870 eodem
707 1818 867 1871 modo
913 1816 1117 1871 habere
1163 1831 1224 1871 se.
1276 1832 1614 1887 quaecunque
1659 1816 1732 1869 illi
1769 1831 1865 1886 per
1920 1814 2048 1870 illud

2161 1802 2242 1864 σιν
2271 1810 2508 1873 ἀσεϐῶς,
2549 1808 2711 1874 δῆλον
2739 1808 2822 1861 ὅτι
2850 1806 2945 1859 καὶ
2981 1806 3161 1858 πάντα
3181 1844 3195 1867 ,
3231 1802 3268 1857 ἃ
3298 1802 3386 1855 διὰ
3426 1801 3522 1855 τοῦ
3560 1801 3738 1853 τύπου

477 1909 845 1962 sanctiﬁcant.
874 1907 1106 1978 Jamque
1139 1910 1193 1963 in
1222 1910 1304 1964 eis
1328 1909 1462 1964 nihil
1495 1916 1739 1963 remanet
1770 1917 2049 1973 sanctum;

477 2016 582 2055 non
621 2013 975 2071 unguentum,
1032 2018 1140 2056 non
1193 2002 1395 2069 oleum,
1452 2018 1561 2056 non
1605 2016 1800 2071 corpus
1832 2016 1895 2055 ac
1922 2014 2054 2054 san-

477 2092 596 2162 guis
630 2092 861 2155 Christi,
901 2109 1005 2147 non
1059 2093 1152 2147 Dei
1188 2093 1467 2161 templum.
1513 2091 1623 2147 Nec
1657 2091 1757 2160 ipsi
1806 2089 2052 2146 sanetiﬂ-

478 2195 675 2238 cantur
700 2199 917 2237 crucem
949 2184 999 2237 in
1030 2183 1225 2254 seipsis
1250 2183 1641 2252 exprimentes,
1672 2196 1772 2237 nec
1801 2196 1900 2252 per
1933 2180 2052 2247 ejus

478 2277 693 2345 signum
743 2276 879 2330 alios
936 2272 1306 2331 sanctiﬁcant.
1358 2273 1542 2344 Neque
1600 2274 1818 2328 victima
1866 2287 2052 2327 eorum

479 2378 668 2422 sancta
706 2376 810 2432 est,
842 2383 1003 2437 quam
1057 2383 1155 2436 per
1202 2367 1383 2421 crucis
1415 2365 1752 2435 signaculunt
1811 2363 2056 2421 sanctiﬁ-

478 2467 694 2521 carunt,
723 2471 785 2511 ac
821 2472 917 2525 per
941 2471 1100 2524 quam
1138 2471 1347 2518 rursus,
1372 2457 1450 2509 uti
1484 2455 1690 2511 insulse
1730 2456 2051 2522 opinantur,

480 2563 702 2604 crucem
748 2548 1115 2603 sanctiﬁcant.
1168 2546 1316 2602 Nihil
1349 2562 1537 2603 eorum
1581 2548 1952 2616 proculcatam
1982 2547 2055 2601 si-

480 2638 693 2706 gillum,
729 2639 798 2691 ob
843 2638 1023 2692 crucis
1057 2637 1328 2707 adjectum
1374 2638 1740 2707 signaculum,
1796 2639 2056 2708 deinceps

480 2744 656 2799 pana:
694 2730 1008 2786 conciliabit
1038 2746 1103 2785 ac
1130 2731 1405 2800 supplicii,
1447 2732 1526 2785 uti
1562 2732 1767 2787 dictum
1806 2740 1911 2786 est.
1946 2730 2056 2787 Res

478 2840 668 2879 eorum
699 2826 987 2891 universae,
1015 2841 1151 2893 quas
1180 2838 1400 2880 sanctas
1423 2826 1765 2885 existimant,
1791 2841 1928 2894 quas
1961 2840 2058 2894 per

477 2914 817 2983 signaculum
866 2929 931 2969 ac
975 2918 1156 2971 crucis
1203 2916 1429 2982 ﬁguram
1487 2917 1851 2983 sattctiticant,
1903 2930 2054 2972 com-

480 3022 673 3061 munes
711 3016 872 3076 atque
928 3008 1221 3062 immundae
1256 3017 1630 3076 perseverant.

554 3098 645 3152 lli.
678 3097 1052 3168 Deincepsque
1077 3100 1370 3153 ostendant
1404 3097 1563 3155 nobis
1613 3098 1789 3166 majus
1840 3099 2055 3170 aliquod
2084 3134 2128 3194 α

479 3204 543 3243 ac
574 3190 821 3245 sanctius
857 3191 1094 3265 signum,
1136 3206 1232 3260 per
1266 3192 1409 3261 quod
1454 3198 1673 3247 erucem
1708 3201 1899 3260 putent
1932 3207 2058 3247 sano

481 3283 730 3337 ctilicari.
758 3283 994 3339 Omnino
1020 3284 1162 3339 enim
1189 3285 1332 3353 quod
1366 3284 1676 3339 sanctiﬁcat
1696 3284 1862 3348 aliud,
1885 3285 2056 3351 ipsum

485 3376 731 3429 sanctius
755 3384 859 3438 est,
881 3374 1036 3443 juxta
1067 3375 1208 3444 quod
1241 3374 1318 3427 ait
1340 3372 1631 3443 Apostolus
1658 3392 1671 3429 :
1705 3374 1860 3442 Quod
1884 3376 2058 3431 minus

484 3473 588 3531 est,
627 3481 661 3517 a
696 3464 902 3518 meliori
939 3465 1265 3519 benedicilur
1289 3464 1357 3519 ”.
1407 3463 1498 3519 Sic
1542 3479 1673 3521 vero
1705 3466 1853 3537 itnpii
1887 3468 2062 3523 homi-

488 3571 582 3612 nes
634 3556 687 3610 in
732 3556 1127 3611 sanctissimam
1177 3558 1405 3627 ﬁguram
1457 3570 1523 3613 ac
1570 3557 1782 3627 signum
1838 3557 2063 3615 viviﬁca:

488 3649 669 3707 crucis
697 3649 999 3719 blasphemi
1028 3660 1154 3704 sunt
1181 3665 1197 3704 :
1231 3650 1424 3720 sicque
1453 3664 1671 3704 crucem
1698 3649 1897 3705 studiis
1923 3651 2062 3715 suis,

488 3743 686 3810 quibus
751 3741 1095 3796 sanctiﬁcare
1149 3741 1501 3807 existimant,
1554 3741 1823 3797 infamant
1868 3744 2063 3815 magis,

488 3834 846 3904 inutilemque
876 3850 941 3890 ac
979 3833 1303 3893 imbecillem
1338 3834 1639 3890 ostendunt

1093 4140 1322 4199 CAPUT
1371 4141 1465 4197 XI.

549 4253 626 4308 De
657 4254 893 4308 crucium
923 4252 1297 4311 coniunctione
1321 4271 1484 4326 quam
1517 4254 1750 4309 Armenii
1781 4255 2007 4325 faciunt.

2155 1904 2322 1960 αὑτοῦ
2364 1900 2688 1971 ἁγιάζουσι·
2732 1903 2828 1953 καὶ
2867 1899 3054 1953 λοιπὸν
3086 1899 3186 1952 οὐκ
3235 1894 3420 1966 ἔχουσί
3461 1913 3515 1948 τι
3550 1896 3609 1947 ὲν
3634 1894 3738 1946 αύ-

2153 2003 2267 2062 τοῖς
2317 1998 2473 2067 ἆγιον
2499 2012 2513 2027 ⁸
2542 1997 2605 2050 οὐ
2660 1995 2833 2066 μύρον
2858 2011 2872 2026 ο
2898 1994 2999 2048 ούκ
3049 1992 3226 2047 ἔλαιον
3250 2007 3266 2022 ⁸
3294 1990 3355 2045 ού
3434 1989 3595 2058 σῶμα
3641 1987 3742 2040 καὶ

2155 2087 2295 2161 αἷμα
2318 2090 2558 2161 Χριστοῦ
2579 2107 2593 2122 ·
2625 2090 2686 2143 ού
2718 2088 2846 2142 ναὸν
2870 2086 3026 2143 Θεοῦ.
3053 2088 3168 2141 Οὐκ
3203 2085 3361 2141 αὐτοὶ
3392 2082 3739 2151 ἁγιάζονται,

2155 2188 2213 2239 ὲν
2246 2187 2460 2247 ἑαυτοῖς
2515 2183 2607 2235 τὸν
2662 2181 2900 2250 σταυρὸν
2954 2177 3485 2240 ὲκτυποῦντες.υὺκ
3543 2174 3742 2235 ἀλλους

2156 2276 2245 2330 διά
2272 2276 2366 2329 τοῦ
2398 2276 2571 2329 τύπου
2606 2274 2771 2327 αὐτοῦ
2817 2272 3160 2342 ἁγιάζουσιν.
3193 2272 3327 2340 Οὐχὶ
3360 2269 3518 2322 θυσία
3556 2267 3741 2321 αὐτῶν

2158 2368 2291 2436 ἁγία
2320 2368 2489 2430 ἐστὶν,
2520 2366 2587 2437 ἢν
2613 2367 2701 2420 διά
2734 2366 2833 2435 τῆς
2862 2365 3166 2435 σφραγῖδος
3192 2364 3288 2417 τοῦ
3319 2359 3553 2431 σταυροῦ
3578 2359 3743 2430 ἡγία-

2160 2476 2283 2522 σαν,
2319 2459 2416 2511 καὶ
2442 2458 2531 2511 διὰ
2556 2457 2656 2527 τῆς
2703 2456 2876 2527 αὐτῆς
2916 2457 3112 2519 θυσίας
3154 2455 3314 2507 πάλιν
3356 2454 3446 2506 τὸν
3478 2452 3747 2521 σταυρὶν,

2159 2550 2426 2619 ἀνοήτως,
2461 2547 2538 2610 ὡς
2569 2545 2910 2617 νομίζουσιν,
2959 2545 3279 2614 ἁγιάζουσιν
3303 2562 3317 2577 ·
3342 2542 3464 2615 οὐχὶ
3492 2544 3524 2613 ἡ
3553 2540 3740 2611 ἀσφά-

2157 2638 2277 2692 λεια
2326 2638 2506 2692 αὐτῶν
2532 2639 2857 2709 πατηθεῖσα,
2889 2638 2979 2692 διὰ
3011 2638 3105 2690 τδν
3145 2636 3320 2690 τύπον
3349 2636 3443 2688 τοῦ
3475 2632 3739 2705 σταυροῦ,

2159 2731 2385 2784 κόλασιν
2413 2729 2670 2800 προξενεῖ
2699 2729 2793 2782 καὶ
2818 2729 3094 2800 τιμωρίαν
3120 2726 3329 2793 λοιπὸν,
3365 2724 3548 2789 καθὼς
3588 2726 3744 2797 εἴρη-

2158 2840 2272 2876 ται.
2318 2824 2508 2876 Πάντα
2554 2822 2733 2876 αὐτῶν
2780 2823 2846 2876 τὰ
2901 2823 3237 2891 νομιζόμενα
3265 2822 3418 2888 ἂγια,
3456 2819 3492 2873 ἁ
3519 2819 3607 2872 διὰ
3635 2819 3740 2887 τῆς

2162 2914 2459 2984 σφραγίδος
2514 2916 2609 2967 καὶ
2663 2913 2758 2966 τοῦ
2804 2913 2978 2967 τύπου
3026 2914 3123 2966 τοῦ
3180 2910 3419 2983 σταυροῦ
3476 2911 3744 2981 ήγίασαν,

2162 3008 2341 3061 πάντα
2371 3008 2595 3077 μένουσι
2618 3008 2775 3060 κοινὰ
2804 3008 2896 3060 καὶ
2918 3007 3229 3077 ἀκάθαρτα.

2230 3098 2307 3153 Γ⁸.
2343 3100 2454 3151 Καὶ
2472 3099 2661 3152 λοιπὸν
2686 3099 3021 3166 δειξάτωσαν
3050 3101 3190 3171 ἡμῖν
3209 3098 3269 3151 τὸ
3298 3097 3614 3167 μειζότερον
3645 3112 3744 3166 σησ

2168 3196 2320 3266 μεῖον
2354 3193 2449 3246 καὶ
2483 3192 2811 3263 ἁγιώτερον,
2854 3190 2923 3244 δι’
2954 3185 3017 3245 ού
3064 3192 3155 3244 τὸν
3210 3191 3445 3260 σταυρὸν
3492 3186 3745 3255 ἁγιάζειν

2165 3285 2472 3357 νομίζουσι.
2503 3285 2732 3348 Πάντως
2758 3285 2868 3355 γὰρ
2902 3284 3043 3353 ὅπερ
3082 3284 3271 3354 ἕτερον
3312 3284 3550 3352 πρᾶγμα
3583 3281 3744 3349 ἁγιά-

2167 3381 2271 3446 ζει,
2303 3379 2434 3432 αὐτὸ
2448 3377 2754 3449 ἁγιώτερόν
2785 3379 2926 3443 ἐστι,
2946 3375 3130 3439 καθώς
3152 3393 3317 3446 φησιν
3342 3376 3369 3426 6
3398 3373 3741 3436 Ἀπόστολος.

2165 3473 2250 3526 ὅτι
2311 3473 2382 3525 Τὸ
2416 3472 2672 3524 ἔλαττον
2713 3469 2831 3525 ὑπὸ
2866 3470 2973 3523 τοῦ
3011 3474 3349 3538 κρείττονος
3379 3464 3741 3532 εὐλογεῖται.

2167 3567 2278 3620 Καὶ
2311 3565 2485 3631 οὕτως
2513 3567 2612 3636 μὲν
2648 3558 2795 3618 οὗτοι
2825 3564 2874 3616 ol
2922 3563 3164 3626 ἀσεϐεῖς,
3195 3562 3326 3634 περὶ
3351 3562 3444 3616 106
3470 3561 3745 3629 παναγίου

2165 3658 2338 3711 τύπου
2382 3659 2478 3710 καὶ
2525 3658 2754 3727 σημείου
2785 3656 2881 3710 106
2913 3654 3185 3720 ζωοποιοῦ
3237 3652 3474 3725 σταυροῦ
3497 3653 3747 3724 βλασφηοε

2172 3751 2354 3820 μοῦσι.
2383 3751 2496 3805 Καὶ
2550 3750 2728 3812 οὕτως
2777 3748 2945 3802 αὐτὸν
2992 3748 3081 3802 διὰ
3141 3747 3250 3800 τῶν
3288 3745 3747 3817 ἐπιτηδευμάτων

2170 3835 2724 3907 αύτῶν,δι“ὧναύτὸν
2775 3840 3030 3909 ἁγιάζειν
3066 3839 3403 3910 νομίζουσιν,
3443 3836 3749 3905 ἀτιμάζου-

2172 3952 2225 3988 σι
2285 3934 2508 4006 μᾶλλον,
2538 3935 2635 3988 καὶ
2666 3932 2918 4003 ἀνωφελῆ
2962 3934 3058 3986 καὶ
3092 3933 3381 4002 ἁνίσχυρον
3416 3930 3583 3984 αὑτὸν
3610 3931 3750 3983 ἁπο-

2171 4029 2501 4083 δεικνύουσι.

2697 4130 3105 4196 ΚΕΦΑΑΑΙΟΝ
3134 4141 3236 4195 lA'.

2173 4254 2315 4331 Περὶ
2376 4250 2489 4322 τῆς
2557 4252 2889 4321 συζεύξεως
2940 4252 3061 4338 τῷν
3116 4250 3398 4320 σταυρῶν
3452 4251 3570 4305 τῶν
3606 4252 3746 4321 Ἀρι

2849 4341 3094 4394 μενιων.

567 4429 613 4486 1.
649 4429 862 4486 Rursus
910 4432 1003 4501 qui
1054 4432 1202 4502 ligna
1240 4431 1385 4487 velut
1434 4430 1574 4487 idola
1621 4433 1908 4499 deiﬁcent,
1961 4448 2057 4489 non

2242 4435 2324 4494 A'.
2351 4437 2521 4494 Πάλιν
2552 4438 2628 4503 ὡς
2667 4440 2862 4496 εἴδωλα
2915 4441 2986 4494 τὰ
3035 4440 3168 4508 ξύλα
3211 4439 3607 4502 θεοποιοῠντες,
3646 4440 3749 4491 οὐκ

495 4523 871 4578 erubescunt?
907 4522 1041 4578 Tres
1077 4523 1221 4578 enim
1263 4537 1455 4578 cruces
1484 4524 1689 4593 ligneas
1736 4525 2068 4595 conjungen-

494 4625 609 4683 tes,
645 4629 890 4672 sanctam
924 4617 1247 4672 Trinitatem
1278 4617 1425 4688 impii
1453 4619 1743 4686 appellant.
1776 4617 1911 4685 Quei
1941 4635 2067 4676 vero

494 4710 712 4765 scelesti
762 4712 903 4763 trine
956 4710 1307 4766 subsistentis
1377 4711 1601 4767 Deitatis
1663 4728 1857 4767 nomen
1908 4717 2069 4771 rebus

494 4801 685 4870 ligneis
722 4801 978 4870 allingere
1009 4801 1253 4857 audent?
1285 4799 1420 4866 Qnei
1459 4818 1624 4872 porro
1652 4815 1855 4859 sancta:
1882 4804 2070 4860 Trini-

496 4893 626 4947 tatis
655 4894 943 4949 invisibilis
974 4894 1138 4959 illius,
1195 4894 1522 4947 immortalis
1545 4933 1560 4959 ,
1600 4894 2023 4965 incorruptibilis
2049 4935 2065 4963 ,

444 5034 447 5037 λ
496 4984 986 5055 incomprehensm,
1026 4986 1429 5056 incogitabilis,
1476 4988 1908 5058 inaspectabilis,
1978 4991 2068 5045 in-

496 5076 751 5142 dividuae,
787 5078 996 5144 ligneas
1036 5079 1300 5148 imagines
1331 5078 1591 5134 facientes
1624 5094 1688 5135 ac
1731 5080 2068 5148 deiﬁcantes,

496 5180 855 5239 sanctamque
886 5168 1209 5224 Trinitatem
1241 5185 1303 5224 ac
1350 5170 1517 5225 Deum
1556 5172 1920 5236 nominantes,
1962 5188 2071 5227 non

502 5278 599 5331 per
624 5267 724 5319 hoc
756 5264 902 5334 digni
932 5263 1108 5333 palam
1135 5264 1409 5319 exsistunt
1430 5264 1519 5334 qui
1543 5264 1812 5336 lapidibus
1835 5266 2073 5320 obruan-

502 5359 628 5410 tur?
661 5358 768 5413 Sed
802 5369 857 5413 et
889 5367 1132 5411 sanctam
1163 5357 1485 5413 Trinitatem
1511 5359 1658 5414 cruci
1685 5358 1899 5412 alllxam
1926 5374 2071 5425 esse,

502 5447 671 5518 impie
707 5450 925 5505 docent.
965 5450 1119 5517 Quod
1151 5450 1193 5504 si
1226 5466 1331 5506 non
1371 5450 1610 5507 ferentes
1644 5452 1788 5507 illata
1819 5452 2070 5517 crimina,

573 5606 618 5637 "
655 5606 819 5663 Hebr.
857 5624 953 5675 vn,
994 5610 1047 5665 7.

576 5745 629 5814 (4
646 5747 687 5814 ι)
718 5747 878 5802 Forte
908 5750 1117 5813 αὐτοῖς.

2176 4530 2564 4602 αἰσχύνονταις
2595 4532 2757 4602 Τρεῖς
2809 4533 2920 4604 γὰρ
2956 4533 3226 4603 σταυροὺς
3270 4533 3516 4601 ξυλίνους
3549 4531 3748 4597 συζεύ-

2178 4624 2393 4689 ξαντες,
2423 4625 2524 4696 τὴν
2555 4626 2721 4693 ἁγίαν
2773 4626 2981 4696 Τριάδα
3033 4624 3439 4679 ἁποκαλοῦνται
3474 4626 3524 4677 οί
3553 4624 3703 4678 άθεοι
3730 4636 3747 4651 ⁸

2176 4717 2292 4781 πῶς
2317 4717 2375 4770 δὲ
2405 4717 2468 4770 τὸ
2499 4717 2674 4787 ὄνομα
2714 4717 2813 4787 τῆς
2848 4720 3284 4787 τρισυποστάτου
3323 4717 3589 4787 Θεότητος
3630 4714 3749 4775 τοῖς

2178 4806 2409 4871 ξυλίνοις
2453 4807 2795 4879 προσάπτειν
2860 4806 3136 4876 τολμῶσιν
3169 4808 3219 4859 οἱ
3267 4808 3501 4875 ἁνομοι;
3543 4802 3664 4865 Πῶς
3692 4801 3749 4855 δὲ

2174 4903 2274 4970 τῆς
2313 4900 2473 4969 ἁγίας
2500 4900 2755 4969 Τριὰδος,
2784 4900 2882 4970 τῆς
2905 4901 3170 4971 ἀοράτου,
3205 4898 3301 4951 καὶ
3326 4897 3621 4959 ἀθανάτου,
3652 4896 3749 4949 καὶ

2172 4994 2481 5065 ἀφθάρτου,
2514 4993 2609 5049 καὶ
2646 4993 3174 5062 ἀκαταλήπτου,καὶ
3200 4992 3453 5054 ἁθεάτου,
3482 4990 3576 5044 καὶ
3606 4990 3747 5057 ἀχω-

2178 5088 2385 5157 ρίστου,
2421 5086 2641 5149 εἰκόνας
2698 5084 2918 5150 ξυλίνας
2979 5084 3281 5147 ποιοῦντες,
3312 5082 3406 5135 καὶ
3441 5079 3736 5135 θεοποιοῦνδ

2174 5196 2289 5245 τες,
2326 5180 2421 5233 καὶ
2452 5179 2615 5248 ἁγίαν
2650 5177 2859 5249 Τριάδα
2936 5176 3037 5231 καὶ
3084 5176 3219 5231 Θεὸν
3271 5174 3654 5245 ὀνομάζοντες,
3684 5172 3748 5224 ού

2173 5268 2567 5323 λιθοϐολεῖσθαι
2618 5268 2980 5339 γνωρίζονται
3034 5267 3123 5322 διὰ
3174 5267 3403 5331 τούτους
3461 5263 3621 5317 Ἀλλὰ
3652 5264 3749 5316 καὶ

2174 5364 2274 5432 τὴν
2305 5361 2467 5430 ἁγίαν
2522 5361 2733 5431 Τριάδα
2788 5358 3174 5431 σταυρωθῆναι
3236 5356 3377 5432 [καὶ]
3423 5355 3635 5418 ἁσεὸῶς
3660 5354 3747 5407 60-

2176 5452 2555 5523 γματίζουσιν.
2591 5453 2652 5506 El
2689 5452 2745 5506 δὲ
2776 5453 2903 5518 τοὺς
2933 5450 3192 5525 ἐλέγχους
3241 5452 3317 5522 μὴ
3350 5452 3633 5522 φέροντες,
3663 5449 3747 5511 είς
