  <div class='ocr_page' id='page_1' title='image "/cluster/home/n/w/nwhite01/storage/ocr_20150623/132/coo.31924054870377/602.png"; bbox 0 0 4088 6406; ppageno 0'>
   <div class='ocr_carea' id='block_1_1' title="bbox 315 311 453 377">
    <p class='ocr_par' dir='ltr' id='par_1_1' title="bbox 315 311 453 377">
     <span class='ocr_line' id='line_1_1' title="bbox 315 311 453 377; baseline -0.022 0"><span class='ocrx_word' id='word_1_1' title='bbox 315 311 453 377; x_wconf 76' lang='lat'><strong>1189</strong></span> 
     </span>
    </p>
   </div>
   <div class='ocr_carea' id='block_1_2' title="bbox 309 423 911 497">
    <p class='ocr_par' dir='ltr' id='par_1_2' title="bbox 309 423 911 497">
     <span class='ocr_line' id='line_1_2' title="bbox 309 423 911 497; baseline -0.008 -15"><span class='ocrx_word' id='word_1_2' title='bbox 309 427 542 495; x_wconf 77' lang='grc' dir='ltr'>ἄρνησιν</span> <span class='ocrx_word' id='word_1_3' title='bbox 618 423 911 497; x_wconf 76' lang='grc' dir='ltr'>τρέπονται</span> 
     </span>
    </p>
   </div>
   <div class='ocr_carea' id='block_1_3' title="bbox 306 512 1885 585">
    <p class='ocr_par' dir='ltr' id='par_1_3' title="bbox 306 512 1885 585">
     <span class='ocr_line' id='line_1_3' title="bbox 306 512 1885 585; baseline 0.001 -15"><span class='ocrx_word' id='word_1_4' title='bbox 306 514 646 579; x_wconf 77' lang='grc' dir='ltr'><strong>δειξάτωσαν</strong></span> <span class='ocrx_word' id='word_1_5' title='bbox 681 516 813 584; x_wconf 83' lang='grc' dir='ltr'>ήμῖν</span> <span class='ocrx_word' id='word_1_6' title='bbox 854 514 958 585; x_wconf 79' lang='grc' dir='ltr'>τὴν</span> <span class='ocrx_word' id='word_1_7' title='bbox 1024 514 1206 569; x_wconf 88' lang='grc' dir='ltr'>αίτίαν</span> <span class='ocrx_word' id='word_1_8' title='bbox 1259 514 1369 569; x_wconf 77' lang='grc' dir='ltr'><strong>τῶν</strong></span> <span class='ocrx_word' id='word_1_9' title='bbox 1416 515 1589 585; x_wconf 83' lang='grc' dir='ltr'>τριῶν</span> <span class='ocrx_word' id='word_1_10' title='bbox 1634 512 1885 584; x_wconf 74' lang='grc' dir='ltr'>σταυρῶν</span> 
     </span>
    </p>
   </div>
   <div class='ocr_carea' id='block_1_4' title="bbox 312 603 1884 676">
    <p class='ocr_par' dir='ltr' id='par_1_4' title="bbox 312 603 1884 676">
     <span class='ocr_line' id='line_1_4' title="bbox 312 603 1884 676; baseline -0.003 -16"><span class='ocrx_word' id='word_1_11' title='bbox 312 605 641 669; x_wconf 78' lang='grc' dir='ltr'><strong>συζεύξεως,</strong></span> <span class='ocrx_word' id='word_1_12' title='bbox 668 606 764 657; x_wconf 81' lang='grc' dir='ltr'>καὶ</span> <span class='ocrx_word' id='word_1_13' title='bbox 797 603 887 658; x_wconf 84' lang='grc' dir='ltr'>διὰ</span> <span class='ocrx_word' id='word_1_14' title='bbox 917 606 1072 667; x_wconf 72' lang='grc' dir='ltr'>ποῖον</span> <span class='ocrx_word' id='word_1_15' title='bbox 1094 607 1297 676; x_wconf 78' lang='grc' dir='ltr'>τρόπον</span> <span class='ocrx_word' id='word_1_16' title='bbox 1324 604 1484 659; x_wconf 80' lang='grc' dir='ltr'>τοῦτο</span> <span class='ocrx_word' id='word_1_17' title='bbox 1510 604 1756 667; x_wconf 87' lang='grc' dir='ltr'>ποιοῦσι,</span> <span class='ocrx_word' id='word_1_18' title='bbox 1788 605 1884 665; x_wconf 67' lang='grc' dir='ltr'><strong>καὶ</strong></span> 
     </span>
    </p>
   </div>
   <div class='ocr_carea' id='block_1_5' title="bbox 310 696 1887 767">
    <p class='ocr_par' dir='ltr' id='par_1_5' title="bbox 310 696 1887 767">
     <span class='ocr_line' id='line_1_5' title="bbox 310 696 1887 767; baseline 0.003 -19"><span class='ocrx_word' id='word_1_19' title='bbox 310 697 474 765; x_wconf 84' lang='grc' dir='ltr'>ἁγίαν</span> <span class='ocrx_word' id='word_1_20' title='bbox 495 696 708 766; x_wconf 86' lang='grc' dir='ltr'>Τριάδα</span> <span class='ocrx_word' id='word_1_21' title='bbox 744 697 1170 766; x_wconf 77' lang='grc' dir='ltr'><strong>ἐπονομάζουσι.</strong></span> <span class='ocrx_word' id='word_1_22' title='bbox 1206 698 1318 752; x_wconf 78' lang='grc' dir='ltr'><strong>Καὶ</strong></span> <span class='ocrx_word' id='word_1_23' title='bbox 1347 697 1505 751; x_wconf 78' lang='grc' dir='ltr'>αὐτοὶ</span> <span class='ocrx_word' id='word_1_24' title='bbox 1543 697 1642 767; x_wconf 78' lang='grc' dir='ltr'><strong>μὲν</strong></span> <span class='ocrx_word' id='word_1_25' title='bbox 1701 697 1887 753; x_wconf 73' lang='grc' dir='ltr'>εἰκόνα</span> 
     </span>
    </p>
   </div>
   <div class='ocr_carea' id='block_1_6' title="bbox 310 787 1884 859">
    <p class='ocr_par' dir='ltr' id='par_1_6' title="bbox 310 787 1884 859">
     <span class='ocr_line' id='line_1_6' title="bbox 310 787 1884 859; baseline -0.001 -18"><span class='ocrx_word' id='word_1_26' title='bbox 310 787 594 852; x_wconf 80' lang='grc' dir='ltr'>ποιοῦντες</span> <span class='ocrx_word' id='word_1_27' title='bbox 640 788 740 858; x_wconf 83' lang='grc' dir='ltr'><strong>τῆς</strong></span> <span class='ocrx_word' id='word_1_28' title='bbox 764 788 922 855; x_wconf 80' lang='grc' dir='ltr'><strong>ἁγίας</strong></span> <span class='ocrx_word' id='word_1_29' title='bbox 947 789 1176 859; x_wconf 87' lang='grc' dir='ltr'>Τριάδος</span> <span class='ocrx_word' id='word_1_30' title='bbox 1198 791 1295 858; x_wconf 82' lang='grc' dir='ltr'>τῆς</span> <span class='ocrx_word' id='word_1_31' title='bbox 1325 789 1584 859; x_wconf 82' lang='grc' dir='ltr'>ἀοράτου,</span> <span class='ocrx_word' id='word_1_32' title='bbox 1608 787 1702 841; x_wconf 76' lang='grc' dir='ltr'>καὶ</span> <span class='ocrx_word' id='word_1_33' title='bbox 1718 787 1884 841; x_wconf 83' lang='grc' dir='ltr'>ἁθεά·</span> 
     </span>
    </p>
   </div>
   <div class='ocr_carea' id='block_1_7' title="bbox 308 878 1888 951">
    <p class='ocr_par' dir='ltr' id='par_1_7' title="bbox 308 878 1888 951">
     <span class='ocr_line' id='line_1_7' title="bbox 308 878 1888 951; baseline -0.001 -18"><span class='ocrx_word' id='word_1_34' title='bbox 308 896 426 941; x_wconf 90' lang='grc' dir='ltr'>του,</span> <span class='ocrx_word' id='word_1_35' title='bbox 486 880 583 932; x_wconf 78' lang='grc' dir='ltr'>καὶ</span> <span class='ocrx_word' id='word_1_36' title='bbox 658 879 991 949; x_wconf 85' lang='grc' dir='ltr'>ἀχωρίστου,</span> <span class='ocrx_word' id='word_1_37' title='bbox 1044 880 1136 934; x_wconf 81' lang='grc' dir='ltr'><strong>καὶ</strong></span> <span class='ocrx_word' id='word_1_38' title='bbox 1207 881 1619 951; x_wconf 82' lang='grc' dir='ltr'>ἀκαταλήπτου,</span> <span class='ocrx_word' id='word_1_39' title='bbox 1645 879 1742 933; x_wconf 85' lang='grc' dir='ltr'>καὶ</span> <span class='ocrx_word' id='word_1_40' title='bbox 1767 878 1888 932; x_wconf 84' lang='grc' dir='ltr'>θεο-</span> 
     </span>
    </p>
   </div>
   <div class='ocr_carea' id='block_1_8' title="bbox 309 970 1884 1042">
    <p class='ocr_par' dir='ltr' id='par_1_8' title="bbox 309 970 1884 1042">
     <span class='ocr_line' id='line_1_8' title="bbox 309 970 1884 1042; baseline 0 -18"><span class='ocrx_word' id='word_1_41' title='bbox 309 971 620 1035; x_wconf 87' lang='grc' dir='ltr'>ποιοῦντες,</span> <span class='ocrx_word' id='word_1_42' title='bbox 686 974 783 1025; x_wconf 79' lang='grc' dir='ltr'><strong>καὶ</strong></span> <span class='ocrx_word' id='word_1_43' title='bbox 842 972 1005 1038; x_wconf 84' lang='grc' dir='ltr'>ἁγίαν</span> <span class='ocrx_word' id='word_1_44' title='bbox 1060 972 1269 1042; x_wconf 84' lang='grc' dir='ltr'>Τριάδα</span> <span class='ocrx_word' id='word_1_45' title='bbox 1334 970 1761 1034; x_wconf 81' lang='grc' dir='ltr'><strong>ἀποκαλοῦντες,</strong></span> <span class='ocrx_word' id='word_1_46' title='bbox 1823 970 1884 1024; x_wconf 89' lang='grc' dir='ltr'><strong>ού</strong></span> 
     </span>
    </p>
   </div>
   <div class='ocr_carea' id='block_1_9' title="bbox 308 1059 1884 1134">
    <p class='ocr_par' dir='ltr' id='par_1_9' title="bbox 308 1059 1884 1134">
     <span class='ocr_line' id='line_1_9' title="bbox 308 1059 1884 1134; baseline -0.002 -19"><span class='ocrx_word' id='word_1_47' title='bbox 308 1063 626 1134; x_wconf 72' lang='grc' dir='ltr'><strong>φρίττουσιν</strong></span> <span class='ocrx_word' id='word_1_48' title='bbox 652 1078 666 1092; x_wconf 90' lang='grc'><strong>·</strong></span> <span class='ocrx_word' id='word_1_49' title='bbox 706 1063 852 1132; x_wconf 77' lang='grc' dir='ltr'>ἡμᾶς</span> <span class='ocrx_word' id='word_1_50' title='bbox 904 1063 959 1115; x_wconf 78' lang='grc' dir='ltr'>δὲ</span> <span class='ocrx_word' id='word_1_51' title='bbox 1009 1063 1099 1116; x_wconf 82' lang='grc' dir='ltr'>διὰ</span> <span class='ocrx_word' id='word_1_52' title='bbox 1152 1063 1249 1133; x_wconf 88' lang='grc' dir='ltr'>τὴν</span> <span class='ocrx_word' id='word_1_53' title='bbox 1297 1063 1485 1115; x_wconf 82' lang='grc' dir='ltr'><strong>εἰκόνα</strong></span> <span class='ocrx_word' id='word_1_54' title='bbox 1517 1062 1761 1131; x_wconf 80' lang='grc' dir='ltr'>Χριστοῦ</span> <span class='ocrx_word' id='word_1_55' title='bbox 1790 1059 1884 1113; x_wconf 89' lang='grc' dir='ltr'><strong>τοῦ</strong></span> 
     </span>
    </p>
   </div>
   <div class='ocr_carea' id='block_1_10' title="bbox 307 1152 1883 1224">
    <p class='ocr_par' dir='ltr' id='par_1_10' title="bbox 307 1152 1883 1224">
     <span class='ocr_line' id='line_1_10' title="bbox 307 1152 1883 1224; baseline -0.001 -18"><span class='ocrx_word' id='word_1_56' title='bbox 307 1153 444 1206; x_wconf 82' lang='grc' dir='ltr'><strong>Θεοῦ</strong></span> <span class='ocrx_word' id='word_1_57' title='bbox 495 1152 589 1207; x_wconf 89' lang='grc' dir='ltr'><strong>τοῦ</strong></span> <span class='ocrx_word' id='word_1_58' title='bbox 639 1152 1021 1222; x_wconf 83' lang='grc' dir='ltr'>σαρκωθέντος</span> <span class='ocrx_word' id='word_1_59' title='bbox 1084 1153 1322 1224; x_wconf 77' lang='grc' dir='ltr'>ἀληθῶς,</span> <span class='ocrx_word' id='word_1_60' title='bbox 1371 1155 1465 1207; x_wconf 61' lang='grc' dir='ltr'><strong>καί⁵</strong></span> <span class='ocrx_word' id='word_1_61' title='bbox 1525 1153 1883 1223; x_wconf 69' lang='grc' dir='ltr'>ἑνανθρωπή-</span> 
     </span>
    </p>
   </div>
   <div class='ocr_carea' id='block_1_11' title="bbox 310 1246 1895 1317">
    <p class='ocr_par' dir='ltr' id='par_1_11' title="bbox 310 1246 1895 1317">
     <span class='ocr_line' id='line_1_11' title="bbox 310 1246 1895 1317; baseline -0.001 -20"><span class='ocrx_word' id='word_1_62' title='bbox 310 1262 503 1307; x_wconf 85' lang='grc' dir='ltr'>σαντος</span> <span class='ocrx_word' id='word_1_63' title='bbox 534 1286 548 1311; x_wconf 90' lang='grc'><strong>,</strong></span> <span class='ocrx_word' id='word_1_64' title='bbox 616 1247 712 1299; x_wconf 74' lang='grc' dir='ltr'><strong>καὶ</strong></span> <span class='ocrx_word' id='word_1_65' title='bbox 764 1246 1095 1317; x_wconf 82' lang='grc' dir='ltr'>όραθέντος,</span> <span class='ocrx_word' id='word_1_66' title='bbox 1145 1248 1238 1298; x_wconf 77' lang='grc' dir='ltr'><strong>καὶ</strong></span> <span class='ocrx_word' id='word_1_67' title='bbox 1299 1248 1399 1316; x_wconf 83' lang='grc' dir='ltr'><strong>τῆς</strong></span> <span class='ocrx_word' id='word_1_68' title='bbox 1450 1246 1615 1299; x_wconf 77' lang='grc' dir='ltr'>αὑτοῦ</span> <span class='ocrx_word' id='word_1_69' title='bbox 1680 1246 1895 1316; x_wconf 64' lang='grc' dir='ltr'>μητρὸς</span> 
     </span>
    </p>
   </div>
   <div class='ocr_carea' id='block_1_12' title="bbox 307 1338 1886 1412">
    <p class='ocr_par' dir='ltr' id='par_1_12' title="bbox 307 1338 1886 1412">
     <span class='ocr_line' id='line_1_12' title="bbox 307 1338 1886 1412; baseline -0.001 -19"><span class='ocrx_word' id='word_1_70' title='bbox 307 1340 598 1402; x_wconf 83' lang='grc' dir='ltr'>Θεοτὸκου,</span> <span class='ocrx_word' id='word_1_71' title='bbox 642 1339 906 1412; x_wconf 79' lang='grc' dir='ltr'><strong>λοιδορεῖν</strong></span> <span class='ocrx_word' id='word_1_72' title='bbox 965 1342 1062 1393; x_wconf 64' lang='grc' dir='ltr'><strong>καὶ⁵</strong></span> <span class='ocrx_word' id='word_1_73' title='bbox 1119 1340 1466 1411; x_wconf 68' lang='grc' dir='ltr'><strong>βλασφημεῖν</strong></span> <span class='ocrx_word' id='word_1_74' title='bbox 1535 1341 1635 1394; x_wconf 82' lang='grc' dir='ltr'>οὐκ</span> <span class='ocrx_word' id='word_1_75' title='bbox 1688 1338 1886 1410; x_wconf 72' lang='grc' dir='ltr'>αἰσχύ-</span> 
     </span>
    </p>
   </div>
   <div class='ocr_carea' id='block_1_13' title="bbox 309 1448 532 1498">
    <p class='ocr_par' dir='ltr' id='par_1_13' title="bbox 309 1448 532 1498">
     <span class='ocr_line' id='line_1_13' title="bbox 309 1448 532 1498; baseline 0 -14"><span class='ocrx_word' id='word_1_76' title='bbox 309 1448 490 1485; x_wconf 82' lang='grc' dir='ltr'>νονται</span> <span class='ocrx_word' id='word_1_77' title='bbox 510 1449 532 1498; x_wconf 86' lang='grc'><em>;</em></span> 
     </span>
    </p>
   </div>
   <div class='ocr_carea' id='block_1_14' title="bbox 382 1522 1886 1596">
    <p class='ocr_par' dir='ltr' id='par_1_14' title="bbox 382 1522 1886 1596">
     <span class='ocr_line' id='line_1_14' title="bbox 382 1522 1886 1596; baseline 0.003 -21"><span class='ocrx_word' id='word_1_78' title='bbox 382 1522 454 1578; x_wconf 85' lang='lat' dir='ltr'><strong>B&#39;.</strong></span> <span class='ocrx_word' id='word_1_79' title='bbox 479 1525 576 1588; x_wconf 85' lang='grc' dir='ltr'>Τίς</span> <span class='ocrx_word' id='word_1_80' title='bbox 617 1524 711 1578; x_wconf 79' lang='grc' dir='ltr'><strong>οὖν</strong></span> <span class='ocrx_word' id='word_1_81' title='bbox 742 1524 885 1596; x_wconf 73' lang='grc' dir='ltr'>ὀρῶν</span> <span class='ocrx_word' id='word_1_82' title='bbox 916 1527 1010 1581; x_wconf 78' lang='grc' dir='ltr'>καὶ</span> <span class='ocrx_word' id='word_1_83' title='bbox 1034 1528 1250 1582; x_wconf 85' lang='grc' dir='ltr'>ἀκούων</span> <span class='ocrx_word' id='word_1_84' title='bbox 1280 1525 1379 1590; x_wconf 82' lang='grc' dir='ltr'>τὰς</span> <span class='ocrx_word' id='word_1_85' title='bbox 1416 1526 1674 1590; x_wconf 76' lang='grc' dir='ltr'><strong>τοιαύτας</strong></span> <span class='ocrx_word' id='word_1_86' title='bbox 1705 1527 1886 1581; x_wconf 83' lang='grc' dir='ltr'>αὐτῶν</span> 
     </span>
    </p>
   </div>
   <div class='ocr_carea' id='block_1_15' title="bbox 307 1613 1884 1691">
    <p class='ocr_par' dir='ltr' id='par_1_15' title="bbox 307 1613 1884 1691">
     <span class='ocr_line' id='line_1_15' title="bbox 307 1613 1884 1691; baseline 0.006 -27"><span class='ocrx_word' id='word_1_87' title='bbox 307 1613 583 1683; x_wconf 80' lang='grc' dir='ltr'><strong>ἀμέτρους</strong></span> <span class='ocrx_word' id='word_1_88' title='bbox 614 1614 896 1681; x_wconf 86' lang='grc' dir='ltr'>ἀσεϐείας,</span> <span class='ocrx_word' id='word_1_89' title='bbox 940 1617 1033 1669; x_wconf 77' lang='grc' dir='ltr'>καὶ</span> <span class='ocrx_word' id='word_1_90' title='bbox 1064 1619 1350 1691; x_wconf 84' lang='grc' dir='ltr'><strong>ἀρνήσεις,</strong></span> <span class='ocrx_word' id='word_1_91' title='bbox 1379 1620 1474 1673; x_wconf 74' lang='grc' dir='ltr'><strong>καὶ</strong></span> <span class='ocrx_word' id='word_1_92' title='bbox 1508 1619 1884 1691; x_wconf 78' lang='grc' dir='ltr'><strong>βλασφημίας,</strong></span> 
     </span>
    </p>
   </div>
   <div class='ocr_carea' id='block_1_16' title="bbox 306 1704 1882 1783">
    <p class='ocr_par' dir='ltr' id='par_1_16' title="bbox 306 1704 1882 1783">
     <span class='ocr_line' id='line_1_16' title="bbox 306 1704 1882 1783; baseline 0.004 -27"><span class='ocrx_word' id='word_1_93' title='bbox 306 1706 404 1756; x_wconf 84' lang='grc' dir='ltr'>καὶ</span> <span class='ocrx_word' id='word_1_94' title='bbox 431 1704 705 1775; x_wconf 80' lang='grc' dir='ltr'>λοιδορίας</span> <span class='ocrx_word' id='word_1_95' title='bbox 729 1748 745 1772; x_wconf 95' lang='grc'><strong>,</strong></span> <span class='ocrx_word' id='word_1_96' title='bbox 780 1708 875 1761; x_wconf 77' lang='grc' dir='ltr'><strong>καὶ</strong></span> <span class='ocrx_word' id='word_1_97' title='bbox 929 1713 1319 1779; x_wconf 82' lang='grc' dir='ltr'>συκοφαντίας,</span> <span class='ocrx_word' id='word_1_98' title='bbox 1346 1710 1411 1775; x_wconf 73' lang='grc' dir='ltr'><strong>ἀς</strong></span> <span class='ocrx_word' id='word_1_99' title='bbox 1456 1713 1597 1765; x_wconf 81' lang='grc' dir='ltr'>κατᾶ</span> <span class='ocrx_word' id='word_1_100' title='bbox 1621 1710 1882 1783; x_wconf 84' lang='grc' dir='ltr'>Χριστοῦ,</span> 
     </span>
    </p>
   </div>
   <div class='ocr_carea' id='block_1_17' title="bbox 1371 304 2496 375">
    <p class='ocr_par' dir='ltr' id='par_1_17' title="bbox 1371 304 2496 375">
     <span class='ocr_line' id='line_1_17' title="bbox 1371 304 2496 375; baseline -0.007 0"><span class='ocrx_word' id='word_1_101' title='bbox 1371 309 1659 375; x_wconf 83' lang='lat' dir='ltr'><strong>ORATIO</strong></span> <span class='ocrx_word' id='word_1_102' title='bbox 1694 309 1723 373; x_wconf 88' lang='grc' dir='ltr'>Ῑ</span> <span class='ocrx_word' id='word_1_103' title='bbox 1754 307 2052 373; x_wconf 80' lang='lat' dir='ltr'><strong>CONTRA</strong></span> <span class='ocrx_word' id='word_1_104' title='bbox 2096 304 2496 369; x_wconf 81' lang='lat' dir='ltr'><strong>ARMENIOS</strong></span> 
     </span>
    </p>
   </div>
   <div class='ocr_carea' id='block_1_18' title="bbox 993 414 1886 495">
    <p class='ocr_par' dir='ltr' id='par_1_18' title="bbox 993 424 1886 495">
     <span class='ocr_line' id='line_1_18' title="bbox 993 424 1886 495; baseline -0.003 -18"><span class='ocrx_word' id='word_1_105' title='bbox 993 424 1105 478; x_wconf 75' lang='grc' dir='ltr'>τῶν</span> <span class='ocrx_word' id='word_1_106' title='bbox 1175 424 1439 479; x_wconf 66' lang='grc' dir='ltr'>τοιούτων</span> <span class='ocrx_word' id='word_1_107' title='bbox 1494 424 1886 495; x_wconf 79' lang='grc' dir='ltr'><strong>τολμημάτων,</strong></span> 
     </span>
    </p>
   </div>
   <div class='ocr_carea' id='block_1_19' title="bbox 1988 414 3571 495">
    <p class='ocr_par' dir='ltr' id='par_1_19' title="bbox 1992 414 3571 490">
     <span class='ocr_line' id='line_1_19' title="bbox 1992 414 3571 490; baseline -0.002 -13"><span class='ocrx_word' id='word_1_108' title='bbox 1992 419 2061 477; x_wconf 85' lang='lat' dir='ltr'><strong>ad</strong></span> <span class='ocrx_word' id='word_1_109' title='bbox 2096 418 2343 490; x_wconf 67' lang='lat' dir='ltr'><strong>neganda</strong></span> <span class='ocrx_word' id='word_1_110' title='bbox 2370 415 2636 487; x_wconf 89' lang='lat' dir='ltr'><strong>ejusmodi</strong></span> <span class='ocrx_word' id='word_1_111' title='bbox 2666 414 2914 473; x_wconf 76' lang='lat' dir='ltr'><strong>lacinora</strong></span> <span class='ocrx_word' id='word_1_112' title='bbox 2946 425 3253 484; x_wconf 80' lang='lat' dir='ltr'><strong>vertantur,</strong></span> <span class='ocrx_word' id='word_1_113' title='bbox 3283 420 3571 475; x_wconf 75' lang='lat' dir='ltr'><strong>ostendam</strong></span> 
     </span>
    </p>
   </div>
   <div class='ocr_carea' id='block_1_20' title="bbox 3420 306 3562 373">
    <p class='ocr_par' dir='ltr' id='par_1_20' title="bbox 3420 306 3562 373">
     <span class='ocr_line' id='line_1_20' title="bbox 3420 306 3562 373; baseline 0 0"><span class='ocrx_word' id='word_1_114' title='bbox 3420 306 3562 373; x_wconf 77' lang='lat'><strong>1190</strong></span> 
     </span>
    </p>
   </div>
   <div class='ocr_carea' id='block_1_21' title="bbox 1994 511 3570 581">
    <p class='ocr_par' dir='ltr' id='par_1_21' title="bbox 1994 511 3570 581">
     <span class='ocr_line' id='line_1_21' title="bbox 1994 511 3570 581; baseline 0 -15"><span class='ocrx_word' id='word_1_115' title='bbox 1994 526 2215 567; x_wconf 82' lang='lat' dir='ltr'><strong>causam</strong></span> <span class='ocrx_word' id='word_1_116' title='bbox 2242 525 2342 566; x_wconf 88' lang='lat' dir='ltr'><strong>cur</strong></span> <span class='ocrx_word' id='word_1_117' title='bbox 2377 512 2449 567; x_wconf 82' lang='lat' dir='ltr'><strong>ita</strong></span> <span class='ocrx_word' id='word_1_118' title='bbox 2500 520 2609 566; x_wconf 86' lang='lat' dir='ltr'><strong>tres</strong></span> <span class='ocrx_word' id='word_1_119' title='bbox 2660 524 2854 566; x_wconf 84' lang='lat' dir='ltr'><strong>cruces</strong></span> <span class='ocrx_word' id='word_1_120' title='bbox 2893 511 3149 581; x_wconf 73' lang='lat' dir='ltr'><strong>jnngant,</strong></span> <span class='ocrx_word' id='word_1_121' title='bbox 3202 526 3267 565; x_wconf 90' lang='lat' dir='ltr'><strong>ac</strong></span> <span class='ocrx_word' id='word_1_122' title='bbox 3298 511 3570 581; x_wconf 91' lang='lat' dir='ltr'><strong>quomodo</strong></span> 
     </span>
    </p>
   </div>
   <div class='ocr_carea' id='block_1_22' title="bbox 1992 603 3569 674">
    <p class='ocr_par' dir='ltr' id='par_1_22' title="bbox 1992 603 3569 674">
     <span class='ocr_line' id='line_1_22' title="bbox 1992 603 3569 674; baseline 0.003 -18"><span class='ocrx_word' id='word_1_123' title='bbox 1992 605 2093 667; x_wconf 82' lang='lat' dir='ltr'><strong>ista</strong></span> <span class='ocrx_word' id='word_1_124' title='bbox 2128 603 2354 671; x_wconf 76' lang='lat' dir='ltr'><strong>faciant,</strong></span> <span class='ocrx_word' id='word_1_125' title='bbox 2389 618 2452 659; x_wconf 86' lang='lat' dir='ltr'><strong>ac</strong></span> <span class='ocrx_word' id='word_1_126' title='bbox 2500 609 2747 659; x_wconf 84' lang='lat' dir='ltr'><strong>sanctam</strong></span> <span class='ocrx_word' id='word_1_127' title='bbox 2797 603 3118 658; x_wconf 88' lang='lat' dir='ltr'><strong>Trinitatem</strong></span> <span class='ocrx_word' id='word_1_128' title='bbox 3163 604 3458 674; x_wconf 84' lang='lat' dir='ltr'><strong>appellent.</strong></span> <span class='ocrx_word' id='word_1_129' title='bbox 3491 607 3569 661; x_wconf 83' lang='lat' dir='ltr'><strong>Ac</strong></span> 
     </span>
    </p>
   </div>
   <div class='ocr_carea' id='block_1_23' title="bbox 1994 693 3565 765">
    <p class='ocr_par' dir='ltr' id='par_1_23' title="bbox 1994 693 3565 765">
     <span class='ocr_line' id='line_1_23' title="bbox 1994 693 3565 765; baseline 0.001 -17"><span class='ocrx_word' id='word_1_130' title='bbox 1994 695 2096 764; x_wconf 87' lang='lat' dir='ltr'><strong>ipsi</strong></span> <span class='ocrx_word' id='word_1_131' title='bbox 2129 696 2372 764; x_wconf 83' lang='lat' dir='ltr'><strong>quidem,</strong></span> <span class='ocrx_word' id='word_1_132' title='bbox 2400 696 2489 765; x_wconf 86' lang='lat' dir='ltr'><strong>qui</strong></span> <span class='ocrx_word' id='word_1_133' title='bbox 2517 705 2719 751; x_wconf 59' lang='lat' dir='ltr'><strong>sanctae</strong></span> <span class='ocrx_word' id='word_1_134' title='bbox 2742 693 3052 761; x_wconf 74' lang='lat' dir='ltr'><strong>Trinitatis,</strong></span> <span class='ocrx_word' id='word_1_135' title='bbox 3083 695 3377 753; x_wconf 82' lang='lat' dir='ltr'><strong>invisibilis</strong></span> <span class='ocrx_word' id='word_1_136' title='bbox 3399 697 3565 762; x_wconf 82' lang='lat' dir='ltr'><strong>illius,</strong></span> 
     </span>
    </p>
   </div>
   <div class='ocr_carea' id='block_1_24' title="bbox 1992 784 3569 855">
    <p class='ocr_par' dir='ltr' id='par_1_24' title="bbox 1992 784 3569 855">
     <span class='ocr_line' id='line_1_24' title="bbox 1992 784 3569 855; baseline -0.002 -13"><span class='ocrx_word' id='word_1_137' title='bbox 1992 785 2423 853; x_wconf 88' lang='lat' dir='ltr'><strong>inaspectabilis,</strong></span> <span class='ocrx_word' id='word_1_138' title='bbox 2474 786 2793 854; x_wconf 69' lang='lat' dir='ltr'><strong>indiuiduae,</strong></span> <span class='ocrx_word' id='word_1_139' title='bbox 2850 784 3342 855; x_wconf 67' lang='lat' dir='ltr'><strong>incomprehensas,</strong></span> <span class='ocrx_word' id='word_1_140' title='bbox 3376 787 3569 854; x_wconf 78' lang='lat' dir='ltr'><strong>imagi-</strong></span> 
     </span>
    </p>
   </div>
   <div class='ocr_carea' id='block_1_25' title="bbox 1991 875 3566 941">
    <p class='ocr_par' dir='ltr' id='par_1_25' title="bbox 1991 875 3566 941">
     <span class='ocr_line' id='line_1_25' title="bbox 1991 875 3566 941; baseline 0.002 -12"><span class='ocrx_word' id='word_1_141' title='bbox 1991 892 2113 930; x_wconf 87' lang='lat' dir='ltr'><strong>nem</strong></span> <span class='ocrx_word' id='word_1_142' title='bbox 2155 875 2381 939; x_wconf 84' lang='lat' dir='ltr'><strong>faciant,</strong></span> <span class='ocrx_word' id='word_1_143' title='bbox 2412 891 2475 930; x_wconf 92' lang='lat' dir='ltr'><strong>ac</strong></span> <span class='ocrx_word' id='word_1_144' title='bbox 2515 877 2794 941; x_wconf 85' lang='lat' dir='ltr'><strong>deilicent,</strong></span> <span class='ocrx_word' id='word_1_145' title='bbox 2842 890 2907 932; x_wconf 87' lang='lat' dir='ltr'><strong>ac</strong></span> <span class='ocrx_word' id='word_1_146' title='bbox 2956 888 3204 933; x_wconf 87' lang='lat' dir='ltr'><strong>sanctam</strong></span> <span class='ocrx_word' id='word_1_147' title='bbox 3240 878 3566 932; x_wconf 77' lang='lat' dir='ltr'><strong>Trinitatem</strong></span> 
     </span>
    </p>
   </div>
   <div class='ocr_carea' id='block_1_26' title="bbox 1990 966 3571 1038">
    <p class='ocr_par' dir='ltr' id='par_1_26' title="bbox 1990 966 3571 1038">
     <span class='ocr_line' id='line_1_26' title="bbox 1990 966 3571 1038; baseline 0.002 -19"><span class='ocrx_word' id='word_1_148' title='bbox 1990 966 2192 1028; x_wconf 84' lang='lat' dir='ltr'><strong>dicant,</strong></span> <span class='ocrx_word' id='word_1_149' title='bbox 2218 980 2323 1019; x_wconf 90' lang='lat' dir='ltr'><strong>non</strong></span> <span class='ocrx_word' id='word_1_150' title='bbox 2358 967 2582 1020; x_wconf 91' lang='lat' dir='ltr'><strong>horrent</strong></span> <span class='ocrx_word' id='word_1_151' title='bbox 2614 984 2626 1020; x_wconf 93' lang='lat'><strong>:</strong></span> <span class='ocrx_word' id='word_1_152' title='bbox 2654 982 2755 1021; x_wconf 90' lang='lat' dir='ltr'><strong>nec</strong></span> <span class='ocrx_word' id='word_1_153' title='bbox 2780 982 2876 1021; x_wconf 90' lang='lat' dir='ltr'><strong>eos</strong></span> <span class='ocrx_word' id='word_1_154' title='bbox 2906 969 3093 1036; x_wconf 87' lang='lat' dir='ltr'><strong>pudet,</strong></span> <span class='ocrx_word' id='word_1_155' title='bbox 3122 981 3178 1021; x_wconf 87' lang='lat' dir='ltr'><strong>ut</strong></span> <span class='ocrx_word' id='word_1_156' title='bbox 3208 985 3326 1035; x_wconf 84' lang='lat' dir='ltr'><strong>nos,</strong></span> <span class='ocrx_word' id='word_1_157' title='bbox 3352 981 3571 1038; x_wconf 69' lang='lat' dir='ltr'><strong>propter</strong></span> 
     </span>
    </p>
   </div>
   <div class='ocr_carea' id='block_1_27' title="bbox 1990 1056 3565 1126">
    <p class='ocr_par' dir='ltr' id='par_1_27' title="bbox 1990 1056 3565 1126">
     <span class='ocr_line' id='line_1_27' title="bbox 1990 1056 3565 1126; baseline 0.003 -16"><span class='ocrx_word' id='word_1_158' title='bbox 1990 1056 2190 1110; x_wconf 78' lang='lat' dir='ltr'><strong>Christi</strong></span> <span class='ocrx_word' id='word_1_159' title='bbox 2213 1056 2329 1122; x_wconf 89' lang='lat' dir='ltr'><strong>Dei,</strong></span> <span class='ocrx_word' id='word_1_160' title='bbox 2356 1056 2445 1126; x_wconf 91' lang='lat' dir='ltr'><strong>qui</strong></span> <span class='ocrx_word' id='word_1_161' title='bbox 2470 1073 2598 1112; x_wconf 85' lang='lat' dir='ltr'><strong>vere</strong></span> <span class='ocrx_word' id='word_1_162' title='bbox 2624 1068 2706 1112; x_wconf 89' lang='lat' dir='ltr'><strong>est</strong></span> <span class='ocrx_word' id='word_1_163' title='bbox 2731 1058 3067 1125; x_wconf 79' lang='lat' dir='ltr'><strong>incarnatus,</strong></span> <span class='ocrx_word' id='word_1_164' title='bbox 3094 1076 3156 1114; x_wconf 88' lang='lat' dir='ltr'><strong>ac</strong></span> <span class='ocrx_word' id='word_1_165' title='bbox 3178 1061 3354 1115; x_wconf 81' lang='lat' dir='ltr'><strong>factus</strong></span> <span class='ocrx_word' id='word_1_166' title='bbox 3379 1062 3565 1123; x_wconf 90' lang='lat' dir='ltr'><strong>homo,</strong></span> 
     </span>
    </p>
   </div>
   <div class='ocr_carea' id='block_1_28' title="bbox 1990 1151 3567 1225">
    <p class='ocr_par' dir='ltr' id='par_1_28' title="bbox 1990 1151 3567 1225">
     <span class='ocr_line' id='line_1_28' title="bbox 1990 1151 3567 1225; baseline 0.003 -22"><span class='ocrx_word' id='word_1_167' title='bbox 1990 1163 2054 1204; x_wconf 88' lang='lat' dir='ltr'><strong>ac</strong></span> <span class='ocrx_word' id='word_1_168' title='bbox 2085 1151 2265 1212; x_wconf 85' lang='lat' dir='ltr'><strong>visus,</strong></span> <span class='ocrx_word' id='word_1_169' title='bbox 2316 1151 2539 1220; x_wconf 79' lang='lat' dir='ltr'><strong>ejusque</strong></span> <span class='ocrx_word' id='word_1_170' title='bbox 2572 1152 2816 1217; x_wconf 73' lang='lat' dir='ltr'><strong>Deipara:</strong></span> <span class='ocrx_word' id='word_1_171' title='bbox 2845 1151 3055 1217; x_wconf 78' lang='lat' dir='ltr'><strong>Matris,</strong></span> <span class='ocrx_word' id='word_1_172' title='bbox 3092 1155 3405 1225; x_wconf 80' lang='lat' dir='ltr'><strong>imaginem,</strong></span> <span class='ocrx_word' id='word_1_173' title='bbox 3439 1169 3567 1225; x_wconf 87' lang='lat' dir='ltr'><strong>pro-</strong></span> 
     </span>
    </p>
   </div>
   <div class='ocr_carea' id='block_1_29' title="bbox 1989 1241 3006 1312">
    <p class='ocr_par' dir='ltr' id='par_1_29' title="bbox 1989 1241 3006 1312">
     <span class='ocr_line' id='line_1_29' title="bbox 1989 1241 3006 1312; baseline 0.002 -17"><span class='ocrx_word' id='word_1_174' title='bbox 1989 1242 2104 1297; x_wconf 87' lang='lat' dir='ltr'><strong>bris</strong></span> <span class='ocrx_word' id='word_1_175' title='bbox 2131 1241 2368 1296; x_wconf 80' lang='lat' dir='ltr'><strong>aﬂiciant</strong></span> <span class='ocrx_word' id='word_1_176' title='bbox 2400 1252 2564 1312; x_wconf 87' lang='lat' dir='ltr'><strong>atque</strong></span> <span class='ocrx_word' id='word_1_177' title='bbox 2594 1243 3006 1312; x_wconf 72' lang='lat' dir='ltr'><strong>hlasphement?</strong></span> 
     </span>
    </p>
   </div>
   <div class='ocr_carea' id='block_1_30' title="bbox 2058 1525 3559 1602">
    <p class='ocr_par' dir='ltr' id='par_1_30' title="bbox 2058 1525 3559 1602">
     <span class='ocr_line' id='line_1_30' title="bbox 2058 1525 3559 1602; baseline 0.007 -21"><span class='ocrx_word' id='word_1_178' title='bbox 2058 1525 2126 1581; x_wconf 84' lang='lat' dir='ltr'><strong>tl.</strong></span> <span class='ocrx_word' id='word_1_179' title='bbox 2157 1528 2288 1594; x_wconf 86' lang='lat' dir='ltr'><strong>Quis</strong></span> <span class='ocrx_word' id='word_1_180' title='bbox 2320 1545 2449 1601; x_wconf 78' lang='lat' dir='ltr'><strong>ergo</strong></span> <span class='ocrx_word' id='word_1_181' title='bbox 2483 1529 2696 1600; x_wconf 80' lang='lat' dir='ltr'><strong>videns,</strong></span> <span class='ocrx_word' id='word_1_182' title='bbox 2723 1531 3059 1602; x_wconf 86' lang='lat' dir='ltr'><strong>audiensque</strong></span> <span class='ocrx_word' id='word_1_183' title='bbox 3082 1533 3345 1601; x_wconf 86' lang='lat' dir='ltr'><strong>ejusmodi</strong></span> <span class='ocrx_word' id='word_1_184' title='bbox 3371 1551 3559 1592; x_wconf 92' lang='lat' dir='ltr'><strong>eorum</strong></span> 
     </span>
    </p>
   </div>
   <div class='ocr_carea' id='block_1_31' title="bbox 1988 1613 3567 1690">
    <p class='ocr_par' dir='ltr' id='par_1_31' title="bbox 1988 1613 3567 1690">
     <span class='ocr_line' id='line_1_31' title="bbox 1988 1613 3567 1690; baseline 0.004 -20"><span class='ocrx_word' id='word_1_185' title='bbox 1988 1613 2306 1672; x_wconf 87' lang='lat' dir='ltr'><strong>innumeras</strong></span> <span class='ocrx_word' id='word_1_186' title='bbox 2339 1619 2667 1687; x_wconf 86' lang='lat' dir='ltr'><strong>impietates,</strong></span> <span class='ocrx_word' id='word_1_187' title='bbox 2703 1635 2767 1675; x_wconf 88' lang='lat' dir='ltr'><strong>ac</strong></span> <span class='ocrx_word' id='word_1_188' title='bbox 2800 1622 3136 1690; x_wconf 79' lang='lat' dir='ltr'><strong>negationes,</strong></span> <span class='ocrx_word' id='word_1_189' title='bbox 3170 1631 3224 1676; x_wconf 90' lang='lat' dir='ltr'><strong>et</strong></span> <span class='ocrx_word' id='word_1_190' title='bbox 3254 1623 3567 1688; x_wconf 87' lang='lat' dir='ltr'><strong>maledicta,</strong></span> 
     </span>
    </p>
   </div>
   <div class='ocr_carea' id='block_1_32' title="bbox 1987 1709 3569 1783">
    <p class='ocr_par' dir='ltr' id='par_1_32' title="bbox 1987 1709 3569 1783">
     <span class='ocr_line' id='line_1_32' title="bbox 1987 1709 3569 1783; baseline 0.003 -22"><span class='ocrx_word' id='word_1_191' title='bbox 1987 1715 2043 1761; x_wconf 89' lang='lat' dir='ltr'><strong>et</strong></span> <span class='ocrx_word' id='word_1_192' title='bbox 2074 1709 2343 1775; x_wconf 88' lang='lat' dir='ltr'><strong>convicia,</strong></span> <span class='ocrx_word' id='word_1_193' title='bbox 2381 1724 2445 1764; x_wconf 89' lang='lat' dir='ltr'><strong>ac</strong></span> <span class='ocrx_word' id='word_1_194' title='bbox 2481 1711 2809 1776; x_wconf 83' lang='lat' dir='ltr'><strong>calumnias,</strong></span> <span class='ocrx_word' id='word_1_195' title='bbox 2842 1726 2963 1783; x_wconf 67' lang='lat' dir='ltr'><strong>qua:</strong></span> <span class='ocrx_word' id='word_1_196' title='bbox 3002 1711 3076 1765; x_wconf 92' lang='lat' dir='ltr'><strong>illi</strong></span> <span class='ocrx_word' id='word_1_197' title='bbox 3113 1711 3379 1767; x_wconf 84' lang='lat' dir='ltr'><strong>adversus</strong></span> <span class='ocrx_word' id='word_1_198' title='bbox 3407 1710 3569 1767; x_wconf 86' lang='lat' dir='ltr'><strong>Chri-</strong></span> 
     </span>
    </p>
   </div>
   <div class='ocr_carea' id='block_1_33' title="bbox 306 1790 1886 1872">
    <p class='ocr_par' dir='ltr' id='par_1_33' title="bbox 306 1795 1885 1870">
     <span class='ocr_line' id='line_1_33' title="bbox 306 1795 1885 1870; baseline 0.003 -21"><span class='ocrx_word' id='word_1_199' title='bbox 306 1795 529 1865; x_wconf 78' lang='grc' dir='ltr'>καὶτῆς</span> <span class='ocrx_word' id='word_1_200' title='bbox 562 1797 729 1850; x_wconf 79' lang='grc' dir='ltr'>αὑτοῦ</span> <span class='ocrx_word' id='word_1_201' title='bbox 759 1798 1111 1869; x_wconf 85' lang='grc' dir='ltr'>σαρκώσεως,</span> <span class='ocrx_word' id='word_1_202' title='bbox 1146 1801 1240 1855; x_wconf 74' lang='grc' dir='ltr'>καὶ</span> <span class='ocrx_word' id='word_1_203' title='bbox 1272 1801 1367 1854; x_wconf 89' lang='grc' dir='ltr'><strong>τοῦ</strong></span> <span class='ocrx_word' id='word_1_204' title='bbox 1404 1801 1759 1870; x_wconf 79' lang='grc' dir='ltr'>Εὑαγγελίου,</span> <span class='ocrx_word' id='word_1_205' title='bbox 1793 1804 1885 1857; x_wconf 82' lang='grc' dir='ltr'><strong>καὶ</strong></span> 
     </span>
    </p>
   </div>
   <div class='ocr_carea' id='block_1_34' title="bbox 1988 1790 3571 1872">
    <p class='ocr_par' dir='ltr' id='par_1_34' title="bbox 1988 1802 3571 1872">
     <span class='ocr_line' id='line_1_34' title="bbox 1988 1802 3571 1872; baseline 0.002 -17"><span class='ocrx_word' id='word_1_206' title='bbox 1988 1810 2155 1867; x_wconf 89' lang='lat' dir='ltr'><strong>stum,</strong></span> <span class='ocrx_word' id='word_1_207' title='bbox 2207 1802 2435 1872; x_wconf 85' lang='lat' dir='ltr'><strong>ejusque</strong></span> <span class='ocrx_word' id='word_1_208' title='bbox 2462 1817 2652 1857; x_wconf 89' lang='lat' dir='ltr'><strong>omnes</strong></span> <span class='ocrx_word' id='word_1_209' title='bbox 2712 1812 2930 1858; x_wconf 83' lang='lat' dir='ltr'><strong>sanctus</strong></span> <span class='ocrx_word' id='word_1_210' title='bbox 2978 1802 3361 1857; x_wconf 77' lang='lat' dir='ltr'><strong>conﬁnxerunt</strong></span> <span class='ocrx_word' id='word_1_211' title='bbox 3406 1812 3571 1871; x_wconf 89' lang='lat' dir='ltr'><strong>atque</strong></span> 
     </span>
    </p>
   </div>
   <div class='ocr_carea' id='block_1_35' title="bbox 306 1886 1885 1959">
    <p class='ocr_par' dir='ltr' id='par_1_35' title="bbox 306 1886 1885 1959">
     <span class='ocr_line' id='line_1_35' title="bbox 306 1886 1885 1959; baseline 0.006 -20"><span class='ocrx_word' id='word_1_212' title='bbox 306 1886 529 1941; x_wconf 79' lang='grc' dir='ltr'>πάντων</span> <span class='ocrx_word' id='word_1_213' title='bbox 560 1887 726 1941; x_wconf 83' lang='grc' dir='ltr'>αὑτοῦ</span> <span class='ocrx_word' id='word_1_214' title='bbox 758 1889 867 1943; x_wconf 85' lang='grc' dir='ltr'>τῶν</span> <span class='ocrx_word' id='word_1_215' title='bbox 897 1891 1068 1959; x_wconf 81' lang='grc' dir='ltr'>ἁγίων</span> <span class='ocrx_word' id='word_1_216' title='bbox 1106 1893 1415 1950; x_wconf 78' lang='grc' dir='ltr'>ὲπλάσαντο</span> <span class='ocrx_word' id='word_1_217' title='bbox 1446 1894 1541 1948; x_wconf 80' lang='grc' dir='ltr'><strong>καὶ</strong></span> <span class='ocrx_word' id='word_1_218' title='bbox 1584 1894 1885 1948; x_wconf 88' lang='grc' dir='ltr'>κατεσκεύ-</span> 
     </span>
    </p>
   </div>
   <div class='ocr_carea' id='block_1_36' title="bbox 306 1979 1885 2059">
    <p class='ocr_par' dir='ltr' id='par_1_36' title="bbox 306 1979 1885 2059">
     <span class='ocr_line' id='line_1_36' title="bbox 306 1979 1885 2059; baseline 0.005 -25"><span class='ocrx_word' id='word_1_219' title='bbox 306 1997 466 2047; x_wconf 83' lang='grc' dir='ltr'>ασαν,</span> <span class='ocrx_word' id='word_1_220' title='bbox 502 1979 563 2034; x_wconf 85' lang='grc' dir='ltr'><strong>ού</strong></span> <span class='ocrx_word' id='word_1_221' title='bbox 605 1984 760 2051; x_wconf 86' lang='grc' dir='ltr'>μισεί</span> <span class='ocrx_word' id='word_1_222' title='bbox 808 1986 1054 2049; x_wconf 79' lang='grc' dir='ltr'>τούτους,</span> <span class='ocrx_word' id='word_1_223' title='bbox 1085 1985 1159 2048; x_wconf 84' lang='grc' dir='ltr'><strong>ὡς</strong></span> <span class='ocrx_word' id='word_1_224' title='bbox 1193 1986 1494 2056; x_wconf 84' lang='grc' dir='ltr'>θεομάχους</span> <span class='ocrx_word' id='word_1_225' title='bbox 1540 1990 1634 2041; x_wconf 78' lang='grc' dir='ltr'>καὶ</span> <span class='ocrx_word' id='word_1_226' title='bbox 1667 2004 1885 2059; x_wconf 88' lang='grc' dir='ltr'>χριστο-</span> 
     </span>
    </p>
   </div>
   <div class='ocr_carea' id='block_1_37' title="bbox 311 2073 1886 2150">
    <p class='ocr_par' dir='ltr' id='par_1_37' title="bbox 311 2073 1886 2150">
     <span class='ocr_line' id='line_1_37' title="bbox 311 2073 1886 2150; baseline 0.005 -24"><span class='ocrx_word' id='word_1_227' title='bbox 311 2073 544 2144; x_wconf 84' lang='grc' dir='ltr'>μάχους,</span> <span class='ocrx_word' id='word_1_228' title='bbox 579 2075 673 2126; x_wconf 75' lang='grc' dir='ltr'>καὶ</span> <span class='ocrx_word' id='word_1_229' title='bbox 703 2076 1111 2145; x_wconf 81' lang='grc' dir='ltr'>ἀποστρέφεται</span> <span class='ocrx_word' id='word_1_230' title='bbox 1148 2076 1206 2144; x_wconf 79' lang='grc' dir='ltr'>ἐξ</span> <span class='ocrx_word' id='word_1_231' title='bbox 1232 2077 1433 2142; x_wconf 86' lang='grc' dir='ltr'>αὐτῶν,</span> <span class='ocrx_word' id='word_1_232' title='bbox 1470 2079 1563 2132; x_wconf 76' lang='grc' dir='ltr'><strong>καὶ</strong></span> <span class='ocrx_word' id='word_1_233' title='bbox 1604 2078 1886 2150; x_wconf 81' lang='grc' dir='ltr'>βδελύττε-</span> 
     </span>
    </p>
   </div>
   <div class='ocr_carea' id='block_1_38' title="bbox 308 2163 1887 2238">
    <p class='ocr_par' dir='ltr' id='par_1_38' title="bbox 308 2163 1887 2238">
     <span class='ocr_line' id='line_1_38' title="bbox 308 2163 1887 2238; baseline 0.008 -23"><span class='ocrx_word' id='word_1_234' title='bbox 308 2178 401 2216; x_wconf 90' lang='grc' dir='ltr'><strong>ται</strong></span> <span class='ocrx_word' id='word_1_235' title='bbox 432 2163 508 2227; x_wconf 86' lang='grc' dir='ltr'>ὼς</span> <span class='ocrx_word' id='word_1_236' title='bbox 540 2163 740 2227; x_wconf 85' lang='grc' dir='ltr'>λύκους</span> <span class='ocrx_word' id='word_1_237' title='bbox 774 2165 915 2238; x_wconf 79' lang='grc' dir='ltr'>[καὶ]</span> <span class='ocrx_word' id='word_1_238' title='bbox 944 2168 1253 2237; x_wconf 83' lang='grc' dir='ltr'>ἀρπάγους,</span> <span class='ocrx_word' id='word_1_239' title='bbox 1282 2170 1378 2223; x_wconf 76' lang='grc' dir='ltr'>καὶ</span> <span class='ocrx_word' id='word_1_240' title='bbox 1428 2170 1717 2236; x_wconf 80' lang='grc' dir='ltr'>Ἰουδαίους</span> <span class='ocrx_word' id='word_1_241' title='bbox 1743 2187 1757 2203; x_wconf 85' lang='grc'>⁶</span> <span class='ocrx_word' id='word_1_242' title='bbox 1790 2174 1887 2227; x_wconf 76' lang='grc' dir='ltr'><strong>καὶ</strong></span> 
     </span>
    </p>
   </div>
   <div class='ocr_carea' id='block_1_39' title="bbox 306 2253 1885 2334">
    <p class='ocr_par' dir='ltr' id='par_1_39' title="bbox 306 2253 1885 2334">
     <span class='ocr_line' id='line_1_39' title="bbox 306 2253 1885 2334; baseline 0.008 -26"><span class='ocrx_word' id='word_1_243' title='bbox 306 2253 382 2319; x_wconf 81' lang='grc' dir='ltr'>ὡς</span> <span class='ocrx_word' id='word_1_244' title='bbox 414 2255 522 2307; x_wconf 80' lang='grc' dir='ltr'><strong>ἀπὸ</strong></span> <span class='ocrx_word' id='word_1_245' title='bbox 550 2256 728 2324; x_wconf 74' lang='grc' dir='ltr'>ὄφεων</span> <span class='ocrx_word' id='word_1_246' title='bbox 763 2257 857 2311; x_wconf 74' lang='grc' dir='ltr'><strong>καὶ</strong></span> <span class='ocrx_word' id='word_1_247' title='bbox 886 2260 1167 2330; x_wconf 79' lang='grc' dir='ltr'>σκορπίων</span> <span class='ocrx_word' id='word_1_248' title='bbox 1216 2262 1315 2313; x_wconf 81' lang='grc' dir='ltr'>καὶ</span> <span class='ocrx_word' id='word_1_249' title='bbox 1361 2263 1724 2334; x_wconf 81' lang='grc' dir='ltr'>ἀντιχρίστων</span> <span class='ocrx_word' id='word_1_250' title='bbox 1747 2265 1885 2320; x_wconf 86' lang='grc' dir='ltr'>ἀπο-</span> 
     </span>
    </p>
   </div>
   <div class='ocr_carea' id='block_1_40' title="bbox 309 2345 1883 2427">
    <p class='ocr_par' dir='ltr' id='par_1_40' title="bbox 309 2345 1883 2427">
     <span class='ocr_line' id='line_1_40' title="bbox 309 2345 1883 2427; baseline 0.007 -29"><span class='ocrx_word' id='word_1_251' title='bbox 309 2345 605 2416; x_wconf 71' lang='grc' dir='ltr'>φεύξεται*</span> <span class='ocrx_word' id='word_1_252' title='bbox 636 2347 730 2402; x_wconf 70' lang='grc' dir='ltr'>καὶ</span> <span class='ocrx_word' id='word_1_253' title='bbox 769 2350 828 2401; x_wconf 72' lang='grc' dir='ltr'>τὸ</span> <span class='ocrx_word' id='word_1_254' title='bbox 864 2349 1149 2421; x_wconf 84' lang='grc' dir='ltr'>βάπτισμα</span> <span class='ocrx_word' id='word_1_255' title='bbox 1200 2352 1382 2407; x_wconf 81' lang='grc' dir='ltr'>αὐτῶν</span> <span class='ocrx_word' id='word_1_256' title='bbox 1436 2354 1534 2425; x_wconf 82' lang='grc' dir='ltr'><strong>οὐχ</strong></span> <span class='ocrx_word' id='word_1_257' title='bbox 1591 2356 1883 2427; x_wconf 84' lang='grc' dir='ltr'>ἀγιασμὸν,</span> 
     </span>
    </p>
   </div>
   <div class='ocr_carea' id='block_1_41' title="bbox 308 2437 1887 2517">
    <p class='ocr_par' dir='ltr' id='par_1_41' title="bbox 308 2437 1887 2517">
     <span class='ocr_line' id='line_1_41' title="bbox 308 2437 1887 2517; baseline 0.007 -24"><span class='ocrx_word' id='word_1_258' title='bbox 308 2437 445 2493; x_wconf 84' lang='grc' dir='ltr'><strong>ἀλλά</strong></span> <span class='ocrx_word' id='word_1_259' title='bbox 477 2440 753 2509; x_wconf 74' lang='grc' dir='ltr'>μολυσμὸν</span> <span class='ocrx_word' id='word_1_260' title='bbox 785 2442 1168 2509; x_wconf 82' lang='grc' dir='ltr'>ἀποκαλέσειε,</span> <span class='ocrx_word' id='word_1_261' title='bbox 1232 2446 1325 2500; x_wconf 81' lang='grc' dir='ltr'><strong>καὶ</strong></span> <span class='ocrx_word' id='word_1_262' title='bbox 1377 2446 1572 2517; x_wconf 78' lang='grc' dir='ltr'>ῥύπον,</span> <span class='ocrx_word' id='word_1_263' title='bbox 1621 2450 1715 2503; x_wconf 79' lang='grc' dir='ltr'><strong>καὶ</strong></span> <span class='ocrx_word' id='word_1_264' title='bbox 1750 2450 1887 2504; x_wconf 84' lang='grc' dir='ltr'>ἀκα-</span> 
     </span>
    </p>
   </div>
   <div class='ocr_carea' id='block_1_42' title="bbox 310 2530 1887 2611">
    <p class='ocr_par' dir='ltr' id='par_1_42' title="bbox 310 2530 1887 2611">
     <span class='ocr_line' id='line_1_42' title="bbox 310 2530 1887 2611; baseline 0.01 -28"><span class='ocrx_word' id='word_1_265' title='bbox 310 2530 542 2603; x_wconf 85' lang='grc' dir='ltr'>θαρσίαν</span> <span class='ocrx_word' id='word_1_266' title='bbox 572 2550 587 2597; x_wconf 90' lang='grc'><strong>;</strong></span> <span class='ocrx_word' id='word_1_267' title='bbox 615 2533 739 2597; x_wconf 83' lang='grc' dir='ltr'><strong>Πῶς</strong></span> <span class='ocrx_word' id='word_1_268' title='bbox 769 2532 877 2605; x_wconf 81' lang='grc' dir='ltr'><strong>γὰρ</strong></span> <span class='ocrx_word' id='word_1_269' title='bbox 913 2535 1096 2600; x_wconf 73' lang='grc' dir='ltr'>αὐτοῖς</span> <span class='ocrx_word' id='word_1_270' title='bbox 1124 2538 1399 2609; x_wconf 77' lang='grc' dir='ltr'>ἁγιασμὸς</span> <span class='ocrx_word' id='word_1_271' title='bbox 1433 2541 1751 2611; x_wconf 77' lang='grc' dir='ltr'>εύρίκεταις</span> <span class='ocrx_word' id='word_1_272' title='bbox 1796 2546 1887 2600; x_wconf 86' lang='grc' dir='ltr'>Ἐν</span> 
     </span>
    </p>
   </div>
   <div class='ocr_carea' id='block_1_43' title="bbox 308 2626 1884 2707">
    <p class='ocr_par' dir='ltr' id='par_1_43' title="bbox 308 2626 1884 2707">
     <span class='ocr_line' id='line_1_43' title="bbox 308 2626 1884 2707; baseline 0.01 -30"><span class='ocrx_word' id='word_1_273' title='bbox 308 2626 419 2695; x_wconf 84' lang='grc' dir='ltr'><strong>γὰρ</strong></span> <span class='ocrx_word' id='word_1_274' title='bbox 444 2626 629 2689; x_wconf 82' lang='grc' dir='ltr'>αὐτοῖς</span> <span class='ocrx_word' id='word_1_275' title='bbox 662 2628 910 2680; x_wconf 80' lang='grc' dir='ltr'>κατοικεῖ</span> <span class='ocrx_word' id='word_1_276' title='bbox 956 2630 984 2681; x_wconf 94' lang='grc' dir='ltr'><strong>ό</strong></span> <span class='ocrx_word' id='word_1_277' title='bbox 1029 2628 1306 2694; x_wconf 91' lang='grc' dir='ltr'>διάϐολος,</span> <span class='ocrx_word' id='word_1_278' title='bbox 1351 2632 1447 2685; x_wconf 82' lang='grc' dir='ltr'>καὶ</span> <span class='ocrx_word' id='word_1_279' title='bbox 1493 2634 1591 2687; x_wconf 79' lang='grc' dir='ltr'><strong>σὺν</strong></span> <span class='ocrx_word' id='word_1_280' title='bbox 1626 2636 1779 2707; x_wconf 82' lang='grc' dir='ltr'>αύτῷ</span> <span class='ocrx_word' id='word_1_281' title='bbox 1836 2640 1884 2693; x_wconf 87' lang='grc' dir='ltr'><strong>οί</strong></span> 
     </span>
    </p>
   </div>
   <div class='ocr_carea' id='block_1_44' title="bbox 308 2716 1886 2800">
    <p class='ocr_par' dir='ltr' id='par_1_44' title="bbox 308 2716 1886 2800">
     <span class='ocr_line' id='line_1_44' title="bbox 308 2716 1886 2800; baseline 0.007 -29"><span class='ocrx_word' id='word_1_282' title='bbox 308 2716 565 2787; x_wconf 83' lang='grc' dir='ltr'>δαίμονες</span> <span class='ocrx_word' id='word_1_283' title='bbox 618 2718 806 2785; x_wconf 83' lang='grc' dir='ltr'>αὑτοῦ,</span> <span class='ocrx_word' id='word_1_284' title='bbox 841 2719 937 2773; x_wconf 80' lang='grc' dir='ltr'><strong>καὶ</strong></span> <span class='ocrx_word' id='word_1_285' title='bbox 995 2723 1146 2775; x_wconf 84' lang='grc' dir='ltr'>πᾶσα</span> <span class='ocrx_word' id='word_1_286' title='bbox 1189 2723 1402 2793; x_wconf 77' lang='grc' dir='ltr'>αἵρεσίς</span> <span class='ocrx_word' id='word_1_287' title='bbox 1432 2741 1490 2778; x_wconf 93' lang='grc' dir='ltr'><strong>τε</strong></span> <span class='ocrx_word' id='word_1_288' title='bbox 1521 2727 1617 2782; x_wconf 74' lang='grc' dir='ltr'>καὶ</span> <span class='ocrx_word' id='word_1_289' title='bbox 1641 2728 1886 2800; x_wconf 79' lang='grc' dir='ltr'>βλασφη-</span> 
     </span>
    </p>
   </div>
   <div class='ocr_carea' id='block_1_45' title="bbox 316 2808 1885 2892">
    <p class='ocr_par' dir='ltr' id='par_1_45' title="bbox 316 2808 1885 2892">
     <span class='ocr_line' id='line_1_45' title="bbox 316 2808 1885 2892; baseline 0.01 -32"><span class='ocrx_word' id='word_1_290' title='bbox 316 2808 437 2878; x_wconf 86' lang='grc' dir='ltr'>μία,</span> <span class='ocrx_word' id='word_1_291' title='bbox 466 2809 557 2863; x_wconf 72' lang='grc' dir='ltr'>καὶ</span> <span class='ocrx_word' id='word_1_292' title='bbox 597 2811 746 2864; x_wconf 77' lang='grc' dir='ltr'>πᾶσα</span> <span class='ocrx_word' id='word_1_293' title='bbox 769 2812 1099 2879; x_wconf 84' lang='grc' dir='ltr'>ἀποστασία,</span> <span class='ocrx_word' id='word_1_294' title='bbox 1128 2816 1272 2868; x_wconf 81' lang='grc' dir='ltr'>κατὰ</span> <span class='ocrx_word' id='word_1_295' title='bbox 1302 2818 1401 2886; x_wconf 83' lang='grc' dir='ltr'>τῆς</span> <span class='ocrx_word' id='word_1_296' title='bbox 1433 2817 1729 2892; x_wconf 76' lang='grc' dir='ltr'>καθολικῆς</span> <span class='ocrx_word' id='word_1_297' title='bbox 1757 2819 1885 2875; x_wconf 83' lang='grc' dir='ltr'><strong>Ἐκ-</strong></span> 
     </span>
    </p>
   </div>
   <div class='ocr_carea' id='block_1_46' title="bbox 309 2901 1887 2985">
    <p class='ocr_par' dir='ltr' id='par_1_46' title="bbox 309 2901 1887 2985">
     <span class='ocr_line' id='line_1_46' title="bbox 309 2901 1887 2985; baseline 0.008 -30"><span class='ocrx_word' id='word_1_298' title='bbox 309 2901 539 2972; x_wconf 84' lang='grc' dir='ltr'>κλησίας</span> <span class='ocrx_word' id='word_1_299' title='bbox 588 2904 685 2956; x_wconf 79' lang='grc' dir='ltr'><strong>καὶ</strong></span> <span class='ocrx_word' id='word_1_300' title='bbox 733 2904 953 2959; x_wconf 86' lang='grc' dir='ltr'>πάντων</span> <span class='ocrx_word' id='word_1_301' title='bbox 990 2908 1099 2959; x_wconf 84' lang='grc' dir='ltr'>τῶν</span> <span class='ocrx_word' id='word_1_302' title='bbox 1146 2908 1342 2977; x_wconf 77' lang='grc' dir='ltr'>ἁγίων.</span> <span class='ocrx_word' id='word_1_303' title='bbox 1375 2910 1447 2963; x_wconf 87' lang='grc' dir='ltr'><strong><em>Ἦ</em></strong></span> <span class='ocrx_word' id='word_1_304' title='bbox 1494 2912 1611 2976; x_wconf 84' lang='grc' dir='ltr'>πῶς</span> <span class='ocrx_word' id='word_1_305' title='bbox 1667 2914 1729 2965; x_wconf 78' lang='grc' dir='ltr'>τὸ</span> <span class='ocrx_word' id='word_1_306' title='bbox 1786 2914 1887 2985; x_wconf 86' lang='grc' dir='ltr'>βά-</span> 
     </span>
    </p>
   </div>
   <div class='ocr_carea' id='block_1_47' title="bbox 312 2997 1886 3078">
    <p class='ocr_par' dir='ltr' id='par_1_47' title="bbox 312 2997 1886 3078">
     <span class='ocr_line' id='line_1_47' title="bbox 312 2997 1886 3078; baseline 0.01 -31"><span class='ocrx_word' id='word_1_307' title='bbox 312 3011 525 3066; x_wconf 78' lang='grc' dir='ltr'>πτισμα</span> <span class='ocrx_word' id='word_1_308' title='bbox 563 2997 742 3053; x_wconf 84' lang='grc' dir='ltr'>αὐτῶν</span> <span class='ocrx_word' id='word_1_309' title='bbox 768 3000 1189 3071; x_wconf 86' lang='grc' dir='ltr'>εύπρόσδεκτον,</span> <span class='ocrx_word' id='word_1_310' title='bbox 1214 3003 1312 3057; x_wconf 74' lang='grc' dir='ltr'>καὶ</span> <span class='ocrx_word' id='word_1_311' title='bbox 1356 3004 1419 3059; x_wconf 88' lang='grc' dir='ltr'><strong>ού</strong></span> <span class='ocrx_word' id='word_1_312' title='bbox 1461 3005 1662 3073; x_wconf 79' lang='grc' dir='ltr'>μᾶλλον</span> <span class='ocrx_word' id='word_1_313' title='bbox 1695 3007 1886 3078; x_wconf 83' lang='grc' dir='ltr'>βδελυ-</span> 
     </span>
    </p>
   </div>
   <div class='ocr_carea' id='block_1_48' title="bbox 312 3088 1887 3165">
    <p class='ocr_par' dir='ltr' id='par_1_48' title="bbox 312 3088 1887 3165">
     <span class='ocr_line' id='line_1_48' title="bbox 312 3088 1887 3165; baseline 0.008 -24"><span class='ocrx_word' id='word_1_314' title='bbox 312 3090 442 3142; x_wconf 86' lang='grc' dir='ltr'>κτὸν</span> <span class='ocrx_word' id='word_1_315' title='bbox 474 3088 568 3143; x_wconf 82' lang='grc' dir='ltr'>καὶ</span> <span class='ocrx_word' id='word_1_316' title='bbox 599 3091 976 3160; x_wconf 86' lang='grc' dir='ltr'>ἁπρόσδεκτον</span> <span class='ocrx_word' id='word_1_317' title='bbox 992 3092 1067 3157; x_wconf 87' lang='grc' dir='ltr'>ὼς</span> <span class='ocrx_word' id='word_1_318' title='bbox 1096 3094 1448 3165; x_wconf 83' lang='grc' dir='ltr'>ἀκάθαρτον;</span> <span class='ocrx_word' id='word_1_319' title='bbox 1483 3097 1555 3151; x_wconf 82' lang='grc' dir='ltr'><strong>Ἢ</strong></span> <span class='ocrx_word' id='word_1_320' title='bbox 1591 3099 1705 3163; x_wconf 82' lang='grc' dir='ltr'><strong>πῶς</strong></span> <span class='ocrx_word' id='word_1_321' title='bbox 1740 3093 1887 3155; x_wconf 77' lang='grc' dir='ltr'>οὗτοι</span> 
     </span>
    </p>
   </div>
   <div class='ocr_carea' id='block_1_49' title="bbox 311 3179 1888 3262">
    <p class='ocr_par' dir='ltr' id='par_1_49' title="bbox 311 3179 1888 3262">
     <span class='ocr_line' id='line_1_49' title="bbox 311 3179 1888 3262; baseline 0.008 -30"><span class='ocrx_word' id='word_1_322' title='bbox 311 3179 573 3234; x_wconf 85' lang='grc' dir='ltr'>δύνανται</span> <span class='ocrx_word' id='word_1_323' title='bbox 630 3181 826 3246; x_wconf 81' lang='grc' dir='ltr'>ἀλλους</span> <span class='ocrx_word' id='word_1_324' title='bbox 876 3183 1171 3252; x_wconf 72' lang='grc' dir='ltr'>ἀτιάξειν;</span> <span class='ocrx_word' id='word_1_325' title='bbox 1229 3187 1396 3240; x_wconf 77' lang='grc' dir='ltr'>Δύτο).</span> <span class='ocrx_word' id='word_1_326' title='bbox 1474 3188 1744 3262; x_wconf 82' lang='grc' dir='ltr'>ἀλλότριοι</span> <span class='ocrx_word' id='word_1_327' title='bbox 1786 3191 1888 3261; x_wconf 83' lang='grc' dir='ltr'>τῆς</span> 
     </span>
    </p>
   </div>
   <div class='ocr_carea' id='block_1_50' title="bbox 310 3274 1887 3356">
    <p class='ocr_par' dir='ltr' id='par_1_50' title="bbox 310 3274 1887 3356">
     <span class='ocr_line' id='line_1_50' title="bbox 310 3274 1887 3356; baseline 0.007 -29"><span class='ocrx_word' id='word_1_328' title='bbox 310 3274 533 3344; x_wconf 86' lang='grc' dir='ltr'>χάριτος</span> <span class='ocrx_word' id='word_1_329' title='bbox 578 3274 673 3327; x_wconf 88' lang='grc' dir='ltr'><strong>τοῦ</strong></span> <span class='ocrx_word' id='word_1_330' title='bbox 709 3274 869 3343; x_wconf 82' lang='grc' dir='ltr'>ἁγίου</span> <span class='ocrx_word' id='word_1_331' title='bbox 929 3276 1250 3348; x_wconf 83' lang='grc' dir='ltr'>Πνεύματος</span> <span class='ocrx_word' id='word_1_332' title='bbox 1309 3280 1640 3351; x_wconf 82' lang='grc' dir='ltr'>ὑπάρχουσι,</span> <span class='ocrx_word' id='word_1_333' title='bbox 1670 3284 1762 3337; x_wconf 88' lang='grc' dir='ltr'><strong>διὰ</strong></span> <span class='ocrx_word' id='word_1_334' title='bbox 1786 3283 1887 3356; x_wconf 78' lang='grc' dir='ltr'>τὴν</span> 
     </span>
    </p>
   </div>
   <div class='ocr_carea' id='block_1_51' title="bbox 310 3369 1888 3449">
    <p class='ocr_par' dir='ltr' id='par_1_51' title="bbox 310 3369 1888 3449">
     <span class='ocr_line' id='line_1_51' title="bbox 310 3369 1888 3449; baseline 0.005 -27"><span class='ocrx_word' id='word_1_335' title='bbox 310 3369 495 3422; x_wconf 79' lang='grc' dir='ltr'>αὐτῶν</span> <span class='ocrx_word' id='word_1_336' title='bbox 521 3369 660 3437; x_wconf 82' lang='grc' dir='ltr'>πρὸς</span> <span class='ocrx_word' id='word_1_337' title='bbox 682 3369 782 3439; x_wconf 83' lang='grc' dir='ltr'><strong>τὴν</strong></span> <span class='ocrx_word' id='word_1_338' title='bbox 809 3370 1108 3440; x_wconf 80' lang='grc' dir='ltr'>καθολικὴν</span> <span class='ocrx_word' id='word_1_339' title='bbox 1134 3371 1230 3424; x_wconf 78' lang='grc' dir='ltr'>καὶ</span> <span class='ocrx_word' id='word_1_340' title='bbox 1261 3373 1632 3446; x_wconf 79' lang='grc' dir='ltr'>ἀποστολικὴν</span> <span class='ocrx_word' id='word_1_341' title='bbox 1665 3377 1888 3449; x_wconf 81' lang='grc' dir='ltr'>Ἐκκλη-</span> 
     </span>
    </p>
   </div>
   <div class='ocr_carea' id='block_1_52' title="bbox 312 3455 1887 3540">
    <p class='ocr_par' dir='ltr' id='par_1_52' title="bbox 312 3455 1887 3540">
     <span class='ocr_line' id='line_1_52' title="bbox 312 3455 1887 3540; baseline 0.003 -23"><span class='ocrx_word' id='word_1_342' title='bbox 312 3460 436 3517; x_wconf 81' lang='grc' dir='ltr'>σίαν</span> <span class='ocrx_word' id='word_1_343' title='bbox 468 3462 836 3524; x_wconf 87' lang='grc' dir='ltr'>ἀποστασίαν,</span> <span class='ocrx_word' id='word_1_344' title='bbox 867 3460 928 3525; x_wconf 76' lang='grc' dir='ltr'>ἐξ</span> <span class='ocrx_word' id='word_1_345' title='bbox 953 3455 1021 3533; x_wconf 80' lang='grc' dir='ltr'>ἦς</span> <span class='ocrx_word' id='word_1_346' title='bbox 1050 3463 1125 3527; x_wconf 84' lang='grc' dir='ltr'>ὠς</span> <span class='ocrx_word' id='word_1_347' title='bbox 1150 3463 1320 3536; x_wconf 81' lang='grc' dir='ltr'>σκεύη</span> <span class='ocrx_word' id='word_1_348' title='bbox 1365 3467 1635 3537; x_wconf 84' lang='grc' dir='ltr'>κατάρας,</span> <span class='ocrx_word' id='word_1_349' title='bbox 1669 3469 1887 3540; x_wconf 85' lang='grc' dir='ltr'>μυρίοις</span> 
     </span>
    </p>
   </div>
   <div class='ocr_carea' id='block_1_53' title="bbox 310 3555 1886 3633">
    <p class='ocr_par' dir='ltr' id='par_1_53' title="bbox 310 3555 1886 3633">
     <span class='ocr_line' id='line_1_53' title="bbox 310 3555 1886 3633; baseline 0.004 -24"><span class='ocrx_word' id='word_1_350' title='bbox 310 3555 647 3625; x_wconf 83' lang='grc' dir='ltr'>ἀναθὲμασιν</span> <span class='ocrx_word' id='word_1_351' title='bbox 686 3556 1101 3627; x_wconf 83' lang='grc' dir='ltr'>ὑπεϐλήθησαν,</span> <span class='ocrx_word' id='word_1_352' title='bbox 1150 3558 1239 3613; x_wconf 82' lang='grc' dir='ltr'>διὰ</span> <span class='ocrx_word' id='word_1_353' title='bbox 1271 3558 1364 3613; x_wconf 82' lang='grc' dir='ltr'><strong>τὸν</strong></span> <span class='ocrx_word' id='word_1_354' title='bbox 1424 3560 1522 3630; x_wconf 81' lang='grc' dir='ltr'>τῆς</span> <span class='ocrx_word' id='word_1_355' title='bbox 1558 3561 1886 3633; x_wconf 82' lang='grc' dir='ltr'>οίκουμένης</span> 
     </span>
    </p>
   </div>
   <div class='ocr_carea' id='block_1_54' title="bbox 308 3647 1887 3724">
    <p class='ocr_par' dir='ltr' id='par_1_54' title="bbox 308 3647 1887 3724">
     <span class='ocr_line' id='line_1_54' title="bbox 308 3647 1887 3724; baseline 0.004 -22"><span class='ocrx_word' id='word_1_356' title='bbox 308 3648 494 3719; x_wconf 81' lang='grc' dir='ltr'>πάσης</span> <span class='ocrx_word' id='word_1_357' title='bbox 550 3647 842 3721; x_wconf 74' lang='grc' dir='ltr'>ἀρχιερέα,</span> <span class='ocrx_word' id='word_1_358' title='bbox 872 3650 968 3702; x_wconf 83' lang='grc' dir='ltr'>καὶ</span> <span class='ocrx_word' id='word_1_359' title='bbox 1002 3649 1079 3714; x_wconf 86' lang='grc' dir='ltr'>ὡς</span> <span class='ocrx_word' id='word_1_360' title='bbox 1128 3650 1346 3715; x_wconf 83' lang='grc' dir='ltr'>ἀσεϐεῖς</span> <span class='ocrx_word' id='word_1_361' title='bbox 1397 3652 1661 3724; x_wconf 71' lang='grc' dir='ltr'>ἐδέθησαν</span> <span class='ocrx_word' id='word_1_362' title='bbox 1694 3655 1755 3707; x_wconf 77' lang='grc' dir='ltr'><strong>ὲν</strong></span> <span class='ocrx_word' id='word_1_363' title='bbox 1794 3657 1887 3709; x_wconf 79' lang='grc' dir='ltr'><strong>ού⁴</strong></span> 
     </span>
    </p>
   </div>
   <div class='ocr_carea' id='block_1_55' title="bbox 312 3740 1885 3815">
    <p class='ocr_par' dir='ltr' id='par_1_55' title="bbox 312 3740 1885 3815">
     <span class='ocr_line' id='line_1_55' title="bbox 312 3740 1885 3815; baseline 0.008 -23"><span class='ocrx_word' id='word_1_364' title='bbox 312 3740 481 3811; x_wconf 87' lang='grc' dir='ltr'>ρανῷ,</span> <span class='ocrx_word' id='word_1_365' title='bbox 510 3745 603 3793; x_wconf 70' lang='grc' dir='ltr'>καὶ</span> <span class='ocrx_word' id='word_1_366' title='bbox 629 3742 723 3794; x_wconf 70' lang='grc' dir='ltr'><strong>ἐπὶ</strong></span> <span class='ocrx_word' id='word_1_367' title='bbox 745 3740 871 3810; x_wconf 80' lang='grc' dir='ltr'>γῆς,</span> <span class='ocrx_word' id='word_1_368' title='bbox 895 3741 1079 3807; x_wconf 85' lang='grc' dir='ltr'>καθὼς</span> <span class='ocrx_word' id='word_1_369' title='bbox 1101 3740 1257 3798; x_wconf 75' lang='grc' dir='ltr'>εἶπεν</span> <span class='ocrx_word' id='word_1_370' title='bbox 1274 3746 1303 3798; x_wconf 86' lang='grc' dir='ltr'><strong>ό</strong></span> <span class='ocrx_word' id='word_1_371' title='bbox 1334 3744 1538 3815; x_wconf 80' lang='grc' dir='ltr'>Κύριος</span> <span class='ocrx_word' id='word_1_372' title='bbox 1559 3764 1574 3781; x_wconf 89' lang='grc'><strong>·</strong></span> <span class='ocrx_word' id='word_1_373' title='bbox 1593 3746 1699 3812; x_wconf 84' lang='grc' dir='ltr'>ὃτι,</span> <span class='ocrx_word' id='word_1_374' title='bbox 1725 3747 1885 3804; x_wconf 82' lang='grc' dir='ltr'><strong>Ὅσα</strong></span> 
     </span>
    </p>
   </div>
   <div class='ocr_carea' id='block_1_56' title="bbox 309 3834 1885 3909">
    <p class='ocr_par' dir='ltr' id='par_1_56' title="bbox 309 3834 1885 3909">
     <span class='ocr_line' id='line_1_56' title="bbox 309 3834 1885 3909; baseline 0.004 -20"><span class='ocrx_word' id='word_1_375' title='bbox 309 3834 388 3889; x_wconf 80' lang='grc' dir='ltr'><strong>ἂν</strong></span> <span class='ocrx_word' id='word_1_376' title='bbox 411 3834 641 3902; x_wconf 78' lang='grc' dir='ltr'>δήσητε</span> <span class='ocrx_word' id='word_1_377' title='bbox 686 3836 786 3891; x_wconf 72' lang='grc' dir='ltr'><strong>ἐπὶ</strong></span> <span class='ocrx_word' id='word_1_378' title='bbox 837 3835 950 3906; x_wconf 81' lang='grc' dir='ltr'>τῆς</span> <span class='ocrx_word' id='word_1_379' title='bbox 984 3836 1119 3907; x_wconf 73' lang='grc' dir='ltr'>γῆς,</span> <span class='ocrx_word' id='word_1_380' title='bbox 1157 3837 1333 3895; x_wconf 71' lang='grc' dir='ltr'>ἔσται</span> <span class='ocrx_word' id='word_1_381' title='bbox 1363 3837 1653 3909; x_wconf 78' lang='grc' dir='ltr'><strong>δεδεμένα</strong></span> <span class='ocrx_word' id='word_1_382' title='bbox 1672 3841 1885 3909; x_wconf 77' lang='grc' dir='ltr'>ἐντοῖς</span> 
     </span>
    </p>
   </div>
   <div class='ocr_carea' id='block_1_57' title="bbox 310 3925 609 3995">
    <p class='ocr_par' dir='ltr' id='par_1_57' title="bbox 310 3925 609 3995">
     <span class='ocr_line' id='line_1_57' title="bbox 310 3925 609 3995; baseline -0.003 -15"><span class='ocrx_word' id='word_1_383' title='bbox 310 3925 609 3995; x_wconf 84' lang='grc' dir='ltr'>οὐρανοῖς.</span> 
     </span>
    </p>
   </div>
   <div class='ocr_carea' id='block_1_58' title="bbox 379 4019 1885 4098">
    <p class='ocr_par' dir='ltr' id='par_1_58' title="bbox 379 4019 1885 4098">
     <span class='ocr_line' id='line_1_58' title="bbox 379 4019 1885 4098; baseline 0.005 -25"><span class='ocrx_word' id='word_1_384' title='bbox 379 4019 453 4075; x_wconf 90' lang='grc' dir='ltr'><strong>Γ¹.</strong></span> <span class='ocrx_word' id='word_1_385' title='bbox 492 4019 706 4075; x_wconf 83' lang='grc' dir='ltr'>Οὐκοῦν</span> <span class='ocrx_word' id='word_1_386' title='bbox 768 4019 1103 4085; x_wconf 75' lang='grc' dir='ltr'>δειξάτωσαν</span> <span class='ocrx_word' id='word_1_387' title='bbox 1125 4021 1248 4077; x_wconf 84' lang='grc' dir='ltr'>τίνα</span> <span class='ocrx_word' id='word_1_388' title='bbox 1298 4024 1363 4081; x_wconf 71' lang='grc' dir='ltr'>ἐκ</span> <span class='ocrx_word' id='word_1_389' title='bbox 1420 4023 1530 4079; x_wconf 82' lang='grc' dir='ltr'>τῶν</span> <span class='ocrx_word' id='word_1_390' title='bbox 1580 4024 1885 4098; x_wconf 66' lang='grc' dir='ltr'>ἀρχιερέων</span> 
     </span>
    </p>
   </div>
   <div class='ocr_carea' id='block_1_59' title="bbox 307 4111 1885 4186">
    <p class='ocr_par' dir='ltr' id='par_1_59' title="bbox 307 4111 1885 4186">
     <span class='ocr_line' id='line_1_59' title="bbox 307 4111 1885 4186; baseline -0.001 -18"><span class='ocrx_word' id='word_1_391' title='bbox 307 4112 420 4168; x_wconf 83' lang='grc' dir='ltr'>τῶν</span> <span class='ocrx_word' id='word_1_392' title='bbox 459 4111 840 4167; x_wconf 82' lang='grc' dir='ltr'>ἀποστολικῶν</span> <span class='ocrx_word' id='word_1_393' title='bbox 892 4111 1121 4181; x_wconf 82' lang='grc' dir='ltr'>θρόνων,</span> <span class='ocrx_word' id='word_1_394' title='bbox 1163 4116 1517 4179; x_wconf 70' lang='grc' dir='ltr'>κοινωνικούς</span> <span class='ocrx_word' id='word_1_395' title='bbox 1552 4116 1759 4186; x_wconf 65' lang='grc' dir='ltr'>ἔχουσι,</span> <span class='ocrx_word' id='word_1_396' title='bbox 1790 4117 1885 4171; x_wconf 73' lang='grc' dir='ltr'><strong>καὶ</strong></span> 
     </span>
    </p>
   </div>
   <div class='ocr_carea' id='block_1_60' title="bbox 308 4202 1885 4273">
    <p class='ocr_par' dir='ltr' id='par_1_60' title="bbox 308 4202 1885 4273">
     <span class='ocr_line' id='line_1_60' title="bbox 308 4202 1885 4273; baseline 0.001 -16"><span class='ocrx_word' id='word_1_397' title='bbox 308 4204 369 4257; x_wconf 83' lang='grc' dir='ltr'><strong>οὐ</strong></span> <span class='ocrx_word' id='word_1_398' title='bbox 432 4203 635 4272; x_wconf 80' lang='grc' dir='ltr'>μᾶλλον</span> <span class='ocrx_word' id='word_1_399' title='bbox 691 4202 897 4265; x_wconf 84' lang='grc' dir='ltr'>πάντες</span> <span class='ocrx_word' id='word_1_400' title='bbox 952 4202 1261 4273; x_wconf 86' lang='grc' dir='ltr'>συμφώνως</span> <span class='ocrx_word' id='word_1_401' title='bbox 1326 4205 1527 4268; x_wconf 72' lang='grc' dir='ltr'>αὐτοὺς</span> <span class='ocrx_word' id='word_1_402' title='bbox 1587 4207 1885 4271; x_wconf 82' lang='grc' dir='ltr'>συνοδικῶς</span> 
     </span>
    </p>
   </div>
   <div class='ocr_carea' id='block_1_61' title="bbox 308 4292 1884 4371">
    <p class='ocr_par' dir='ltr' id='par_1_61' title="bbox 308 4292 1884 4371">
     <span class='ocr_line' id='line_1_61' title="bbox 308 4292 1884 4371; baseline 0.001 -21"><span class='ocrx_word' id='word_1_403' title='bbox 308 4295 835 4365; x_wconf 79' lang='grc' dir='ltr'>ἀναθεματίσαντες,</span> <span class='ocrx_word' id='word_1_404' title='bbox 863 4292 959 4347; x_wconf 88' lang='grc' dir='ltr'><strong>τοῦ</strong></span> <span class='ocrx_word' id='word_1_405' title='bbox 984 4294 1225 4364; x_wconf 85' lang='grc' dir='ltr'>Χριστοῦ</span> <span class='ocrx_word' id='word_1_406' title='bbox 1256 4295 1669 4367; x_wconf 79' lang='grc' dir='ltr'>ήλλωτρίωσαν,</span> <span class='ocrx_word' id='word_1_407' title='bbox 1689 4301 1786 4354; x_wconf 78' lang='grc' dir='ltr'><strong>καὶ</strong></span> <span class='ocrx_word' id='word_1_408' title='bbox 1806 4299 1884 4371; x_wconf 82' lang='grc' dir='ltr'><strong>τῷ</strong></span> 
     </span>
    </p>
   </div>
   <div class='ocr_carea' id='block_1_62' title="bbox 306 4385 1883 4460">
    <p class='ocr_par' dir='ltr' id='par_1_62' title="bbox 306 4385 1883 4460">
     <span class='ocr_line' id='line_1_62' title="bbox 306 4385 1883 4460; baseline 0.001 -18"><span class='ocrx_word' id='word_1_409' title='bbox 306 4388 542 4459; x_wconf 83' lang='grc' dir='ltr'>διαϐόλῳ</span> <span class='ocrx_word' id='word_1_410' title='bbox 574 4388 939 4457; x_wconf 76' lang='grc' dir='ltr'>παρέδωκαν;</span> <span class='ocrx_word' id='word_1_411' title='bbox 974 4386 1073 4449; x_wconf 88' lang='grc' dir='ltr'><strong>Τίς</strong></span> <span class='ocrx_word' id='word_1_412' title='bbox 1099 4385 1195 4440; x_wconf 81' lang='grc' dir='ltr'>οὖν</span> <span class='ocrx_word' id='word_1_413' title='bbox 1247 4386 1355 4440; x_wconf 82' lang='grc' dir='ltr'><strong>τῶν</strong></span> <span class='ocrx_word' id='word_1_414' title='bbox 1408 4388 1645 4443; x_wconf 82' lang='grc' dir='ltr'>συνετῶν</span> <span class='ocrx_word' id='word_1_415' title='bbox 1680 4392 1772 4444; x_wconf 77' lang='grc' dir='ltr'><strong>καὶ</strong></span> <span class='ocrx_word' id='word_1_416' title='bbox 1796 4408 1883 4460; x_wconf 86' lang='grc' dir='ltr'>φο·</span> 
     </span>
    </p>
   </div>
   <div class='ocr_carea' id='block_1_63' title="bbox 308 4476 1958 4549">
    <p class='ocr_par' dir='ltr' id='par_1_63' title="bbox 308 4476 1958 4549">
     <span class='ocr_line' id='line_1_63' title="bbox 308 4476 1958 4549; baseline 0.002 -16"><span class='ocrx_word' id='word_1_417' title='bbox 308 4480 593 4549; x_wconf 82' lang='grc' dir='ltr'>ϐουμένων</span> <span class='ocrx_word' id='word_1_418' title='bbox 625 4478 718 4532; x_wconf 82' lang='grc' dir='ltr'>τὸν</span> <span class='ocrx_word' id='word_1_419' title='bbox 769 4478 924 4542; x_wconf 76' lang='grc' dir='ltr'>Θεὸν,</span> <span class='ocrx_word' id='word_1_420' title='bbox 965 4477 1064 4541; x_wconf 78' lang='grc' dir='ltr'>τὰς</span> <span class='ocrx_word' id='word_1_421' title='bbox 1090 4476 1291 4548; x_wconf 71' lang='grc' dir='ltr'>μιαρὰς</span> <span class='ocrx_word' id='word_1_422' title='bbox 1326 4479 1421 4530; x_wconf 73' lang='grc' dir='ltr'>καὶ</span> <span class='ocrx_word' id='word_1_423' title='bbox 1450 4478 1745 4549; x_wconf 55' lang='lat' dir='ltr'><strong>postuma;</strong></span> <span class='ocrx_word' id='word_1_424' title='bbox 1780 4484 1879 4535; x_wconf 86' lang='grc' dir='ltr'>αύ-</span> <span class='ocrx_word' id='word_1_425' title='bbox 1904 4476 1958 4536; x_wconf 82' lang='lat' dir='ltr'><strong>D</strong></span> 
     </span>
    </p>
   </div>
   <div class='ocr_carea' id='block_1_64' title="bbox 306 4570 1885 4639">
    <p class='ocr_par' dir='ltr' id='par_1_64' title="bbox 306 4570 1885 4639">
     <span class='ocr_line' id='line_1_64' title="bbox 306 4570 1885 4639; baseline 0 -14"><span class='ocrx_word' id='word_1_426' title='bbox 306 4573 420 4625; x_wconf 82' lang='grc' dir='ltr'>τῶν</span> <span class='ocrx_word' id='word_1_427' title='bbox 448 4571 724 4634; x_wconf 88' lang='grc' dir='ltr'>συνόδους,</span> <span class='ocrx_word' id='word_1_428' title='bbox 750 4570 852 4631; x_wconf 81' lang='grc' dir='ltr'>τὰς</span> <span class='ocrx_word' id='word_1_429' title='bbox 876 4570 1177 4639; x_wconf 79' lang='grc' dir='ltr'>γενομένας</span> <span class='ocrx_word' id='word_1_430' title='bbox 1196 4571 1254 4621; x_wconf 81' lang='grc' dir='ltr'><strong>ἐν</strong></span> <span class='ocrx_word' id='word_1_431' title='bbox 1277 4571 1398 4632; x_wconf 80' lang='grc' dir='ltr'>ταῖς</span> <span class='ocrx_word' id='word_1_432' title='bbox 1436 4573 1759 4635; x_wconf 84' lang='grc' dir='ltr'>σατανικαῖς</span> <span class='ocrx_word' id='word_1_433' title='bbox 1790 4572 1885 4625; x_wconf 76' lang='grc' dir='ltr'><strong>καὶ</strong></span> 
     </span>
    </p>
   </div>
   <div class='ocr_carea' id='block_1_65' title="bbox 305 4660 1881 4733">
    <p class='ocr_par' dir='ltr' id='par_1_65' title="bbox 305 4660 1881 4733">
     <span class='ocr_line' id='line_1_65' title="bbox 305 4660 1881 4733; baseline -0.003 -15"><span class='ocrx_word' id='word_1_434' title='bbox 305 4664 634 4731; x_wconf 74' lang='grc' dir='ltr'>διαϐολικαῐ;</span> <span class='ocrx_word' id='word_1_435' title='bbox 666 4662 760 4716; x_wconf 75' lang='grc' dir='ltr'>καὶ</span> <span class='ocrx_word' id='word_1_436' title='bbox 778 4661 1119 4730; x_wconf 84' lang='grc' dir='ltr'>δαιμονικαῖς</span> <span class='ocrx_word' id='word_1_437' title='bbox 1147 4661 1329 4714; x_wconf 79' lang='grc' dir='ltr'>αὐτῶν</span> <span class='ocrx_word' id='word_1_438' title='bbox 1366 4660 1593 4731; x_wconf 81' lang='grc' dir='ltr'>χώραις,</span> <span class='ocrx_word' id='word_1_439' title='bbox 1627 4660 1686 4714; x_wconf 80' lang='grc' dir='ltr'><strong>ἐν</strong></span> <span class='ocrx_word' id='word_1_440' title='bbox 1722 4679 1781 4715; x_wconf 86' lang='grc' dir='ltr'><strong>τε</strong></span> <span class='ocrx_word' id='word_1_441' title='bbox 1814 4665 1881 4733; x_wconf 79' lang='grc' dir='ltr'>τῇ</span> 
     </span>
    </p>
   </div>
   <div class='ocr_carea' id='block_1_66' title="bbox 308 4752 1884 4827">
    <p class='ocr_par' dir='ltr' id='par_1_66' title="bbox 308 4752 1884 4827">
     <span class='ocr_line' id='line_1_66' title="bbox 308 4752 1884 4827; baseline 0.001 -20"><span class='ocrx_word' id='word_1_442' title='bbox 308 4755 580 4827; x_wconf 69' lang='grc' dir='ltr'>λεγομένῃ</span> <span class='ocrx_word' id='word_1_443' title='bbox 632 4754 821 4823; x_wconf 83' lang='grc' dir='ltr'>Τιϐήν,</span> <span class='ocrx_word' id='word_1_444' title='bbox 871 4752 965 4806; x_wconf 79' lang='grc' dir='ltr'>καὶ</span> <span class='ocrx_word' id='word_1_445' title='bbox 1014 4754 1428 4824; x_wconf 79' lang='grc' dir='ltr'>Μαντζικιὲρτ,</span> <span class='ocrx_word' id='word_1_446' title='bbox 1468 4753 1734 4809; x_wconf 83' lang='grc' dir='ltr'>Ἰουδαῖκά</span> <span class='ocrx_word' id='word_1_447' title='bbox 1788 4756 1884 4809; x_wconf 82' lang='grc' dir='ltr'>καὶ</span> 
     </span>
    </p>
   </div>
   <div class='ocr_carea' id='block_1_67' title="bbox 307 4843 1880 4915">
    <p class='ocr_par' dir='ltr' id='par_1_67' title="bbox 307 4843 1880 4915">
     <span class='ocr_line' id='line_1_67' title="bbox 307 4843 1880 4915; baseline 0.003 -20"><span class='ocrx_word' id='word_1_448' title='bbox 307 4847 573 4913; x_wconf 80' lang='grc' dir='ltr'>Καφαῖκά</span> <span class='ocrx_word' id='word_1_449' title='bbox 608 4843 720 4915; x_wconf 67' lang='grc'><strong>(42)</strong></span> <span class='ocrx_word' id='word_1_450' title='bbox 778 4844 1053 4914; x_wconf 78' lang='grc' dir='ltr'>συνέδρια,</span> <span class='ocrx_word' id='word_1_451' title='bbox 1105 4845 1207 4898; x_wconf 80' lang='grc' dir='ltr'><strong>οὐκ</strong></span> <span class='ocrx_word' id='word_1_452' title='bbox 1265 4844 1661 4915; x_wconf 82' lang='grc' dir='ltr'>ἀναθεματίσει</span> <span class='ocrx_word' id='word_1_453' title='bbox 1709 4845 1880 4915; x_wconf 76' lang='grc' dir='ltr'>ψυχῇ,</span> 
     </span>
    </p>
   </div>
   <div class='ocr_carea' id='block_1_68' title="bbox 308 4931 1881 5006">
    <p class='ocr_par' dir='ltr' id='par_1_68' title="bbox 308 4931 1881 5006">
     <span class='ocr_line' id='line_1_68' title="bbox 308 4931 1881 5006; baseline 0.002 -18"><span class='ocrx_word' id='word_1_454' title='bbox 308 4936 527 5006; x_wconf 79' lang='grc' dir='ltr'>καρδίᾳ,</span> <span class='ocrx_word' id='word_1_455' title='bbox 590 4937 685 4990; x_wconf 84' lang='grc' dir='ltr'>καὶ</span> <span class='ocrx_word' id='word_1_456' title='bbox 753 4937 984 5005; x_wconf 84' lang='grc' dir='ltr'>στόματι</span> <span class='ocrx_word' id='word_1_457' title='bbox 1014 4952 1029 4965; x_wconf 80' lang='lat'><strong>&#39;</strong></span> <span class='ocrx_word' id='word_1_458' title='bbox 1056 4938 1115 4991; x_wconf 82' lang='grc' dir='ltr'><strong>ὲν</strong></span> <span class='ocrx_word' id='word_1_459' title='bbox 1157 4931 1243 4998; x_wconf 83' lang='grc' dir='ltr'>αίς</span> <span class='ocrx_word' id='word_1_460' title='bbox 1292 4939 1475 4991; x_wconf 79' lang='grc' dir='ltr'>πᾶσαν</span> <span class='ocrx_word' id='word_1_461' title='bbox 1535 4938 1749 5006; x_wconf 76' lang='grc' dir='ltr'>αἵρεσιν</span> <span class='ocrx_word' id='word_1_462' title='bbox 1788 4940 1881 4991; x_wconf 83' lang='grc' dir='ltr'><strong>καὶ</strong></span> 
     </span>
    </p>
   </div>
   <div class='ocr_carea' id='block_1_69' title="bbox 309 5028 1878 5099">
    <p class='ocr_par' dir='ltr' id='par_1_69' title="bbox 309 5028 1878 5099">
     <span class='ocr_line' id='line_1_69' title="bbox 309 5028 1878 5099; baseline 0.001 -20"><span class='ocrx_word' id='word_1_463' title='bbox 309 5029 679 5098; x_wconf 75' lang='grc' dir='ltr'>βλασφημίαν,</span> <span class='ocrx_word' id='word_1_464' title='bbox 740 5030 838 5081; x_wconf 76' lang='grc' dir='ltr'>καὶ</span> <span class='ocrx_word' id='word_1_465' title='bbox 898 5029 1081 5080; x_wconf 76' lang='grc' dir='ltr'>πᾶσαν</span> <span class='ocrx_word' id='word_1_466' title='bbox 1138 5028 1464 5091; x_wconf 85' lang='grc' dir='ltr'>κακοδοξίαν</span> <span class='ocrx_word' id='word_1_467' title='bbox 1517 5028 1878 5099; x_wconf 82' lang='grc' dir='ltr'>κηρύξαντες,</span> 
     </span>
    </p>
   </div>
   <div class='ocr_carea' id='block_1_70' title="bbox 309 5119 1883 5190">
    <p class='ocr_par' dir='ltr' id='par_1_70' title="bbox 309 5119 1883 5190">
     <span class='ocr_line' id='line_1_70' title="bbox 309 5119 1883 5190; baseline 0.002 -17"><span class='ocrx_word' id='word_1_468' title='bbox 309 5123 405 5174; x_wconf 80' lang='grc' dir='ltr'><strong>καὶ</strong></span> <span class='ocrx_word' id='word_1_469' title='bbox 425 5122 537 5182; x_wconf 79' lang='grc' dir='ltr'>τοῖς</span> <span class='ocrx_word' id='word_1_470' title='bbox 576 5121 877 5189; x_wconf 83' lang='grc' dir='ltr'>όμόφροσιν</span> <span class='ocrx_word' id='word_1_471' title='bbox 921 5121 1102 5172; x_wconf 82' lang='grc' dir='ltr'>αὐτῶν</span> <span class='ocrx_word' id='word_1_472' title='bbox 1148 5119 1599 5190; x_wconf 82' lang='grc' dir='ltr'>παραδώσαντες,</span> <span class='ocrx_word' id='word_1_473' title='bbox 1648 5126 1746 5174; x_wconf 66' lang='grc' dir='ltr'><strong>καὶ⁵</strong></span> <span class='ocrx_word' id='word_1_474' title='bbox 1773 5124 1883 5176; x_wconf 77' lang='grc' dir='ltr'><strong>πᾶ-</strong></span> 
     </span>
    </p>
   </div>
   <div class='ocr_carea' id='block_1_71' title="bbox 309 5212 1883 5285">
    <p class='ocr_par' dir='ltr' id='par_1_71' title="bbox 309 5212 1883 5285">
     <span class='ocr_line' id='line_1_71' title="bbox 309 5212 1883 5285; baseline 0 -17"><span class='ocrx_word' id='word_1_475' title='bbox 309 5232 412 5268; x_wconf 89' lang='grc' dir='ltr'>σαν</span> <span class='ocrx_word' id='word_1_476' title='bbox 440 5215 781 5267; x_wconf 74' lang='grc' dir='ltr'>ἀποστασίαν</span> <span class='ocrx_word' id='word_1_477' title='bbox 812 5213 954 5266; x_wconf 87' lang='grc' dir='ltr'><strong>κατὰ</strong></span> <span class='ocrx_word' id='word_1_478' title='bbox 975 5216 1075 5283; x_wconf 81' lang='grc' dir='ltr'><strong>τῆς</strong></span> <span class='ocrx_word' id='word_1_479' title='bbox 1100 5212 1395 5282; x_wconf 86' lang='grc' dir='ltr'>καθολικῆς</span> <span class='ocrx_word' id='word_1_480' title='bbox 1430 5214 1760 5285; x_wconf 79' lang='grc' dir='ltr'>Ἐκκλησίας</span> <span class='ocrx_word' id='word_1_481' title='bbox 1781 5217 1883 5270; x_wconf 85' lang='grc' dir='ltr'>αύ-</span> 
     </span>
    </p>
   </div>
   <div class='ocr_carea' id='block_1_72' title="bbox 303 5306 1885 5377">
    <p class='ocr_par' dir='ltr' id='par_1_72' title="bbox 303 5306 1885 5377">
     <span class='ocr_line' id='line_1_72' title="bbox 303 5306 1885 5377; baseline 0.002 -18"><span class='ocrx_word' id='word_1_482' title='bbox 303 5311 433 5371; x_wconf 73' lang='grc' dir='ltr'>τοὺς</span> <span class='ocrx_word' id='word_1_483' title='bbox 484 5307 815 5376; x_wconf 78' lang='grc' dir='ltr'>διδάξαντες,</span> <span class='ocrx_word' id='word_1_484' title='bbox 870 5307 968 5360; x_wconf 78' lang='grc' dir='ltr'>καὶ</span> <span class='ocrx_word' id='word_1_485' title='bbox 1014 5306 1260 5377; x_wconf 62' lang='grc' dir='ltr'>ἀργή-τὰς</span> <span class='ocrx_word' id='word_1_486' title='bbox 1316 5308 1415 5375; x_wconf 80' lang='grc' dir='ltr'>τῆς</span> <span class='ocrx_word' id='word_1_487' title='bbox 1466 5306 1753 5377; x_wconf 83' lang='grc' dir='ltr'>όρθοδόξου</span> <span class='ocrx_word' id='word_1_488' title='bbox 1791 5309 1885 5372; x_wconf 65' lang='lat' dir='ltr'><strong>sti-</strong></span> 
     </span>
    </p>
   </div>
   <div class='ocr_carea' id='block_1_73' title="bbox 308 5398 1881 5469">
    <p class='ocr_par' dir='ltr' id='par_1_73' title="bbox 308 5398 1881 5469">
     <span class='ocr_line' id='line_1_73' title="bbox 308 5398 1881 5469; baseline 0.001 -17"><span class='ocrx_word' id='word_1_489' title='bbox 308 5415 503 5464; x_wconf 82' lang='grc' dir='ltr'>στεως,</span> <span class='ocrx_word' id='word_1_490' title='bbox 533 5400 630 5454; x_wconf 78' lang='grc' dir='ltr'>καὶ</span> <span class='ocrx_word' id='word_1_491' title='bbox 669 5398 984 5469; x_wconf 82' lang='grc' dir='ltr'>ἀλλοτρίους</span> <span class='ocrx_word' id='word_1_492' title='bbox 1013 5400 1107 5461; x_wconf 74' lang='grc' dir='ltr'><strong>τοῦ</strong></span> <span class='ocrx_word' id='word_1_493' title='bbox 1152 5400 1391 5469; x_wconf 80' lang='grc' dir='ltr'>Χριστοῦ</span> <span class='ocrx_word' id='word_1_494' title='bbox 1415 5403 1881 5469; x_wconf 80' lang='grc' dir='ltr'>καταστήσαντες,</span> 
     </span>
    </p>
   </div>
   <div class='ocr_carea' id='block_1_74' title="bbox 308 5489 1887 5561">
    <p class='ocr_par' dir='ltr' id='par_1_74' title="bbox 308 5489 1887 5561">
     <span class='ocr_line' id='line_1_74' title="bbox 308 5489 1887 5561; baseline 0.004 -16"><span class='ocrx_word' id='word_1_495' title='bbox 308 5489 555 5561; x_wconf 68' lang='grc' dir='ltr'>κατάρας</span> <span class='ocrx_word' id='word_1_496' title='bbox 582 5491 750 5545; x_wconf 76' lang='grc' dir='ltr'>τέκνα</span> <span class='ocrx_word' id='word_1_497' title='bbox 780 5491 877 5545; x_wconf 73' lang='grc' dir='ltr'>καὶ</span> <span class='ocrx_word' id='word_1_498' title='bbox 906 5490 1179 5555; x_wconf 81' lang='grc' dir='ltr'>ἀπωλείας</span> <span class='ocrx_word' id='word_1_499' title='bbox 1208 5494 1381 5558; x_wconf 82' lang='grc' dir='ltr'>υίοὺς,</span> <span class='ocrx_word' id='word_1_500' title='bbox 1412 5493 1506 5548; x_wconf 76' lang='grc' dir='ltr'><strong>καὶ</strong></span> <span class='ocrx_word' id='word_1_501' title='bbox 1556 5492 1652 5547; x_wconf 87' lang='grc' dir='ltr'><strong>τοῦ</strong></span> <span class='ocrx_word' id='word_1_502' title='bbox 1690 5496 1887 5551; x_wconf 79' lang='grc' dir='ltr'>ἁναθέ-</span> 
     </span>
    </p>
   </div>
   <div class='ocr_carea' id='block_1_75' title="bbox 383 5612 927 5677">
    <p class='ocr_par' dir='ltr' id='par_1_75' title="bbox 383 5612 927 5677">
     <span class='ocr_line' id='line_1_75' title="bbox 383 5612 927 5677; baseline 0.004 -11"><span class='ocrx_word' id='word_1_503' title='bbox 383 5612 431 5645; x_wconf 71' lang='grc' dir='ltr'>’δ</span> <span class='ocrx_word' id='word_1_504' title='bbox 466 5612 657 5668; x_wconf 79' lang='lat' dir='ltr'><strong>Matth.</strong></span> <span class='ocrx_word' id='word_1_505' title='bbox 690 5629 799 5677; x_wconf 73' lang='lat' dir='ltr'><strong>nt,</strong></span> <span class='ocrx_word' id='word_1_506' title='bbox 843 5614 927 5668; x_wconf 82' lang='lat' dir='ltr'><strong>l9.</strong></span> 
     </span>
    </p>
   </div>
   <div class='ocr_carea' id='block_1_76' title="bbox 377 5728 1047 5800">
    <p class='ocr_par' dir='ltr' id='par_1_76' title="bbox 377 5728 1047 5800">
     <span class='ocr_line' id='line_1_76' title="bbox 377 5728 1047 5800; baseline -0.001 -17"><span class='ocrx_word' id='word_1_507' title='bbox 377 5730 488 5800; x_wconf 66' lang='grc' dir='ltr'><strong>(Η)</strong></span> <span class='ocrx_word' id='word_1_508' title='bbox 522 5729 681 5785; x_wconf 80' lang='lat' dir='ltr'><strong>Forte</strong></span> <span class='ocrx_word' id='word_1_509' title='bbox 708 5728 1047 5799; x_wconf 75' lang='grc' dir='ltr'>Καῖαφαῖκὰ.</span> 
     </span>
    </p>
   </div>
   <div class='ocr_carea' id='block_1_77' title="bbox 1987 1894 3567 1965">
    <p class='ocr_par' dir='ltr' id='par_1_77' title="bbox 1987 1894 3567 1965">
     <span class='ocr_line' id='line_1_77' title="bbox 1987 1894 3567 1965; baseline 0.001 -17"><span class='ocrx_word' id='word_1_510' title='bbox 1987 1902 2330 1959; x_wconf 80' lang='lat' dir='ltr'><strong>struxerunt,</strong></span> <span class='ocrx_word' id='word_1_511' title='bbox 2365 1910 2472 1949; x_wconf 90' lang='lat' dir='ltr'><strong>non</strong></span> <span class='ocrx_word' id='word_1_512' title='bbox 2503 1910 2601 1950; x_wconf 89' lang='lat' dir='ltr'><strong>cos</strong></span> <span class='ocrx_word' id='word_1_513' title='bbox 2626 1896 2804 1950; x_wconf 91' lang='lat' dir='ltr'><strong>odcrit</strong></span> <span class='ocrx_word' id='word_1_514' title='bbox 2841 1905 3094 1965; x_wconf 81' lang='lat' dir='ltr'><strong>tanquam</strong></span> <span class='ocrx_word' id='word_1_515' title='bbox 3135 1896 3228 1951; x_wconf 86' lang='lat' dir='ltr'><strong>Dei</strong></span> <span class='ocrx_word' id='word_1_516' title='bbox 3262 1913 3325 1949; x_wconf 89' lang='lat' dir='ltr'><strong>ac</strong></span> <span class='ocrx_word' id='word_1_517' title='bbox 3360 1894 3567 1951; x_wconf 79' lang='lat' dir='ltr'><strong>Christi</strong></span> 
     </span>
    </p>
   </div>
   <div class='ocr_carea' id='block_1_78' title="bbox 1989 1986 3567 2057">
    <p class='ocr_par' dir='ltr' id='par_1_78' title="bbox 1989 1986 3567 2057">
     <span class='ocr_line' id='line_1_78' title="bbox 1989 1986 3567 2057; baseline 0.001 -17"><span class='ocrx_word' id='word_1_518' title='bbox 1989 1987 2200 2053; x_wconf 89' lang='lat' dir='ltr'><strong>hostes,</strong></span> <span class='ocrx_word' id='word_1_519' title='bbox 2224 1995 2389 2057; x_wconf 90' lang='lat' dir='ltr'><strong>atque</strong></span> <span class='ocrx_word' id='word_1_520' title='bbox 2417 1987 2483 2042; x_wconf 91' lang='lat' dir='ltr'><strong>ab</strong></span> <span class='ocrx_word' id='word_1_521' title='bbox 2508 1988 2591 2042; x_wconf 87' lang='lat' dir='ltr'><strong>eis</strong></span> <span class='ocrx_word' id='word_1_522' title='bbox 2623 1987 2903 2052; x_wconf 78' lang='lat' dir='ltr'><strong>resilierit,</strong></span> <span class='ocrx_word' id='word_1_523' title='bbox 2941 1998 3106 2057; x_wconf 91' lang='lat' dir='ltr'><strong>utque</strong></span> <span class='ocrx_word' id='word_1_524' title='bbox 3145 1986 3301 2055; x_wconf 89' lang='lat' dir='ltr'><strong>lupos</strong></span> <span class='ocrx_word' id='word_1_525' title='bbox 3342 2002 3567 2055; x_wconf 80' lang='lat' dir='ltr'><strong>rapaces</strong></span> 
     </span>
    </p>
   </div>
   <div class='ocr_carea' id='block_1_79' title="bbox 1987 2078 3569 2149">
    <p class='ocr_par' dir='ltr' id='par_1_79' title="bbox 1987 2078 3569 2149">
     <span class='ocr_line' id='line_1_79' title="bbox 1987 2078 3569 2149; baseline 0 -15"><span class='ocrx_word' id='word_1_526' title='bbox 1987 2092 2149 2149; x_wconf 89' lang='lat' dir='ltr'><strong>atque</strong></span> <span class='ocrx_word' id='word_1_527' title='bbox 2181 2078 2397 2134; x_wconf 72' lang='lat' dir='ltr'><strong>.lndams</strong></span> <span class='ocrx_word' id='word_1_528' title='bbox 2431 2079 2848 2135; x_wconf 80' lang='lat' dir='ltr'><strong>exsecrabitur?</strong></span> <span class='ocrx_word' id='word_1_529' title='bbox 2894 2095 2956 2134; x_wconf 88' lang='lat' dir='ltr'><strong>ac</strong></span> <span class='ocrx_word' id='word_1_530' title='bbox 3012 2095 3105 2134; x_wconf 91' lang='lat' dir='ltr'><strong>seu</strong></span> <span class='ocrx_word' id='word_1_531' title='bbox 3140 2094 3170 2134; x_wconf 85' lang='lat' dir='ltr'><strong>a</strong></span> <span class='ocrx_word' id='word_1_532' title='bbox 3218 2079 3479 2146; x_wconf 88' lang='lat' dir='ltr'><strong>colubris,</strong></span> <span class='ocrx_word' id='word_1_533' title='bbox 3513 2092 3569 2134; x_wconf 88' lang='lat' dir='ltr'><strong>et</strong></span> 
     </span>
    </p>
   </div>
   <div class='ocr_carea' id='block_1_80' title="bbox 1986 2169 3565 2241">
    <p class='ocr_par' dir='ltr' id='par_1_80' title="bbox 1986 2169 3565 2241">
     <span class='ocr_line' id='line_1_80' title="bbox 1986 2169 3565 2241; baseline -0.001 -15"><span class='ocrx_word' id='word_1_534' title='bbox 1986 2172 2390 2241; x_wconf 86' lang='lat' dir='ltr'><strong>scorpionibus,</strong></span> <span class='ocrx_word' id='word_1_535' title='bbox 2423 2183 2476 2227; x_wconf 92' lang='lat' dir='ltr'><strong>et</strong></span> <span class='ocrx_word' id='word_1_536' title='bbox 2508 2172 2873 2238; x_wconf 82' lang='lat' dir='ltr'><strong>antichristis,</strong></span> <span class='ocrx_word' id='word_1_537' title='bbox 2914 2172 2982 2226; x_wconf 90' lang='lat' dir='ltr'><strong>ab</strong></span> <span class='ocrx_word' id='word_1_538' title='bbox 3013 2186 3201 2225; x_wconf 91' lang='lat' dir='ltr'><strong>eorum</strong></span> <span class='ocrx_word' id='word_1_539' title='bbox 3233 2170 3371 2229; x_wconf 79' lang='lat' dir='ltr'><strong>facie</strong></span> <span class='ocrx_word' id='word_1_540' title='bbox 3409 2169 3565 2238; x_wconf 69' lang='lat' dir='ltr'><strong>fuge-</strong></span> 
     </span>
    </p>
   </div>
   <div class='ocr_carea' id='block_1_81' title="bbox 1990 2264 3565 2335">
    <p class='ocr_par' dir='ltr' id='par_1_81' title="bbox 1990 2264 3565 2335">
     <span class='ocr_line' id='line_1_81' title="bbox 1990 2264 3565 2335; baseline 0.001 -18"><span class='ocrx_word' id='word_1_541' title='bbox 1990 2266 2063 2318; x_wconf 89' lang='lat' dir='ltr'><strong>rit</strong></span> <span class='ocrx_word' id='word_1_542' title='bbox 2098 2283 2112 2319; x_wconf 89' lang='lat'><strong>:</strong></span> <span class='ocrx_word' id='word_1_543' title='bbox 2141 2279 2442 2334; x_wconf 90' lang='lat' dir='ltr'><strong>eorumque</strong></span> <span class='ocrx_word' id='word_1_544' title='bbox 2503 2265 2769 2335; x_wconf 86' lang='lat' dir='ltr'><strong>baptisma</strong></span> <span class='ocrx_word' id='word_1_545' title='bbox 2792 2304 2807 2330; x_wconf 93' lang='lat'><strong>,</strong></span> <span class='ocrx_word' id='word_1_546' title='bbox 2866 2280 2971 2319; x_wconf 91' lang='lat' dir='ltr'><strong>non</strong></span> <span class='ocrx_word' id='word_1_547' title='bbox 3030 2264 3519 2319; x_wconf 82' lang='lat' dir='ltr'><strong>sanctiﬁcationcm</strong></span> <span class='ocrx_word' id='word_1_548' title='bbox 3548 2302 3565 2329; x_wconf 96' lang='lat'><strong>,</strong></span> 
     </span>
    </p>
   </div>
   <div class='ocr_carea' id='block_1_82' title="bbox 1987 2353 3568 2425">
    <p class='ocr_par' dir='ltr' id='par_1_82' title="bbox 1987 2353 3568 2425">
     <span class='ocr_line' id='line_1_82' title="bbox 1987 2353 3568 2425; baseline -0.003 -17"><span class='ocrx_word' id='word_1_549' title='bbox 1987 2355 2080 2408; x_wconf 87' lang='lat' dir='ltr'><strong>sed</strong></span> <span class='ocrx_word' id='word_1_550' title='bbox 2140 2354 2515 2425; x_wconf 86' lang='lat' dir='ltr'><strong>pollutionem,</strong></span> <span class='ocrx_word' id='word_1_551' title='bbox 2568 2353 2863 2423; x_wconf 82' lang='lat' dir='ltr'><strong>sordesque</strong></span> <span class='ocrx_word' id='word_1_552' title='bbox 2910 2369 2973 2408; x_wconf 87' lang='lat' dir='ltr'><strong>ac</strong></span> <span class='ocrx_word' id='word_1_553' title='bbox 3018 2354 3416 2408; x_wconf 85' lang='lat' dir='ltr'><strong>immunditiam</strong></span> <span class='ocrx_word' id='word_1_554' title='bbox 3469 2369 3568 2422; x_wconf 87' lang='lat' dir='ltr'><strong>ap-</strong></span> 
     </span>
    </p>
   </div>
   <div class='ocr_carea' id='block_1_83' title="bbox 1988 2445 3567 2520">
    <p class='ocr_par' dir='ltr' id='par_1_83' title="bbox 1988 2445 3567 2520">
     <span class='ocr_line' id='line_1_83' title="bbox 1988 2445 3567 2520; baseline 0 -20"><span class='ocrx_word' id='word_1_555' title='bbox 1988 2447 2311 2520; x_wconf 81' lang='lat' dir='ltr'><strong>pellaverit?</strong></span> <span class='ocrx_word' id='word_1_556' title='bbox 2350 2448 2482 2515; x_wconf 84' lang='lat' dir='ltr'><strong>Quei</strong></span> <span class='ocrx_word' id='word_1_557' title='bbox 2532 2449 2679 2502; x_wconf 89' lang='lat' dir='ltr'><strong>enim</strong></span> <span class='ocrx_word' id='word_1_558' title='bbox 2715 2448 2766 2501; x_wconf 93' lang='lat' dir='ltr'><strong>in</strong></span> <span class='ocrx_word' id='word_1_559' title='bbox 2797 2446 2880 2502; x_wconf 86' lang='lat' dir='ltr'><strong>eis</strong></span> <span class='ocrx_word' id='word_1_560' title='bbox 2913 2449 3176 2503; x_wconf 85' lang='lat' dir='ltr'><strong>sanctitas</strong></span> <span class='ocrx_word' id='word_1_561' title='bbox 3211 2445 3567 2500; x_wconf 70' lang='lat' dir='ltr'><strong>inveniatur?</strong></span> 
     </span>
    </p>
   </div>
   <div class='ocr_carea' id='block_1_84' title="bbox 1988 2534 3565 2608">
    <p class='ocr_par' dir='ltr' id='par_1_84' title="bbox 1988 2534 3565 2608">
     <span class='ocr_line' id='line_1_84' title="bbox 1988 2534 3565 2608; baseline -0.001 -17"><span class='ocrx_word' id='word_1_562' title='bbox 1988 2538 2198 2608; x_wconf 79' lang='lat' dir='ltr'><strong>Quippe</strong></span> <span class='ocrx_word' id='word_1_563' title='bbox 2229 2537 2439 2592; x_wconf 88' lang='lat' dir='ltr'><strong>habitat</strong></span> <span class='ocrx_word' id='word_1_564' title='bbox 2492 2536 2545 2591; x_wconf 90' lang='lat' dir='ltr'><strong>in</strong></span> <span class='ocrx_word' id='word_1_565' title='bbox 2595 2538 2675 2592; x_wconf 92' lang='lat' dir='ltr'><strong>eis</strong></span> <span class='ocrx_word' id='word_1_566' title='bbox 2723 2536 2993 2602; x_wconf 88' lang='lat' dir='ltr'><strong>diabolus,</strong></span> <span class='ocrx_word' id='word_1_567' title='bbox 3050 2549 3113 2590; x_wconf 87' lang='lat' dir='ltr'><strong>ac</strong></span> <span class='ocrx_word' id='word_1_568' title='bbox 3161 2551 3283 2589; x_wconf 89' lang='lat' dir='ltr'><strong>cum</strong></span> <span class='ocrx_word' id='word_1_569' title='bbox 3337 2549 3403 2589; x_wconf 91' lang='lat' dir='ltr'><strong>eo</strong></span> <span class='ocrx_word' id='word_1_570' title='bbox 3446 2534 3565 2604; x_wconf 82' lang='lat' dir='ltr'><strong>ejus</strong></span> 
     </span>
    </p>
   </div>
   <div class='ocr_carea' id='block_1_85' title="bbox 1987 2626 3566 2697">
    <p class='ocr_par' dir='ltr' id='par_1_85' title="bbox 1987 2626 3566 2697">
     <span class='ocr_line' id='line_1_85' title="bbox 1987 2626 3566 2697; baseline -0.003 -13"><span class='ocrx_word' id='word_1_571' title='bbox 1987 2632 2282 2694; x_wconf 74' lang='lat' dir='ltr'><strong>dzemones,</strong></span> <span class='ocrx_word' id='word_1_572' title='bbox 2312 2629 2596 2696; x_wconf 86' lang='lat' dir='ltr'><strong>omnisque</strong></span> <span class='ocrx_word' id='word_1_573' title='bbox 2621 2629 2845 2684; x_wconf 77' lang='lat' dir='ltr'><strong>haeresis</strong></span> <span class='ocrx_word' id='word_1_574' title='bbox 2878 2642 2941 2682; x_wconf 88' lang='lat' dir='ltr'><strong>ac</strong></span> <span class='ocrx_word' id='word_1_575' title='bbox 2974 2626 3331 2697; x_wconf 79' lang='lat' dir='ltr'><strong>blasphemia,</strong></span> <span class='ocrx_word' id='word_1_576' title='bbox 3355 2627 3566 2681; x_wconf 86' lang='lat' dir='ltr'><strong>omnis-</strong></span> 
     </span>
    </p>
   </div>
   <div class='ocr_carea' id='block_1_86' title="bbox 1988 2718 3567 2792">
    <p class='ocr_par' dir='ltr' id='par_1_86' title="bbox 1988 2718 3567 2792">
     <span class='ocr_line' id='line_1_86' title="bbox 1988 2718 3567 2792; baseline -0.003 -16"><span class='ocrx_word' id='word_1_577' title='bbox 1988 2736 2094 2792; x_wconf 90' lang='lat' dir='ltr'><strong>que</strong></span> <span class='ocrx_word' id='word_1_578' title='bbox 2145 2724 2408 2777; x_wconf 87' lang='lat' dir='ltr'><strong>adversus</strong></span> <span class='ocrx_word' id='word_1_579' title='bbox 2452 2719 2750 2776; x_wconf 86' lang='lat' dir='ltr'><strong>Ecclesiam</strong></span> <span class='ocrx_word' id='word_1_580' title='bbox 2810 2718 3183 2785; x_wconf 88' lang='lat' dir='ltr'><strong>catholicam,</strong></span> <span class='ocrx_word' id='word_1_581' title='bbox 3230 2733 3295 2771; x_wconf 89' lang='lat' dir='ltr'><strong>ac</strong></span> <span class='ocrx_word' id='word_1_582' title='bbox 3347 2724 3567 2772; x_wconf 83' lang='lat' dir='ltr'><strong>sam-tos</strong></span> 
     </span>
    </p>
   </div>
   <div class='ocr_carea' id='block_1_87' title="bbox 1987 2809 3567 2879">
    <p class='ocr_par' dir='ltr' id='par_1_87' title="bbox 1987 2809 3567 2879">
     <span class='ocr_line' id='line_1_87' title="bbox 1987 2809 3567 2879; baseline -0.005 -10"><span class='ocrx_word' id='word_1_583' title='bbox 1987 2828 2182 2869; x_wconf 88' lang='lat' dir='ltr'><strong>omnes</strong></span> <span class='ocrx_word' id='word_1_584' title='bbox 2224 2812 2478 2870; x_wconf 80' lang='lat' dir='ltr'><strong>defectio.</strong></span> <span class='ocrx_word' id='word_1_585' title='bbox 2516 2813 2623 2867; x_wconf 82' lang='lat' dir='ltr'><strong>Aut</strong></span> <span class='ocrx_word' id='word_1_586' title='bbox 2676 2811 2948 2879; x_wconf 86' lang='lat' dir='ltr'><strong>quomodo</strong></span> <span class='ocrx_word' id='word_1_587' title='bbox 2992 2826 3184 2865; x_wconf 91' lang='lat' dir='ltr'><strong>eorum</strong></span> <span class='ocrx_word' id='word_1_588' title='bbox 3230 2809 3567 2879; x_wconf 85' lang='lat' dir='ltr'><strong>acceptabile</strong></span> 
     </span>
    </p>
   </div>
   <div class='ocr_carea' id='block_1_88' title="bbox 1987 2902 3567 2975">
    <p class='ocr_par' dir='ltr' id='par_1_88' title="bbox 1987 2902 3567 2975">
     <span class='ocr_line' id='line_1_88' title="bbox 1987 2902 3567 2975; baseline -0.005 -14"><span class='ocrx_word' id='word_1_589' title='bbox 1987 2906 2280 2975; x_wconf 82' lang='lat' dir='ltr'><strong>baptisma,</strong></span> <span class='ocrx_word' id='word_1_590' title='bbox 2339 2919 2402 2959; x_wconf 86' lang='lat' dir='ltr'><strong>ac</strong></span> <span class='ocrx_word' id='word_1_591' title='bbox 2451 2918 2559 2961; x_wconf 89' lang='lat' dir='ltr'><strong>non</strong></span> <span class='ocrx_word' id='word_1_592' title='bbox 2609 2902 2786 2973; x_wconf 80' lang='lat' dir='ltr'><strong>potius</strong></span> <span class='ocrx_word' id='word_1_593' title='bbox 2825 2902 3243 2968; x_wconf 75' lang='lat' dir='ltr'><strong>exsecrandum,</strong></span> <span class='ocrx_word' id='word_1_594' title='bbox 3294 2915 3359 2955; x_wconf 89' lang='lat' dir='ltr'><strong>ac</strong></span> <span class='ocrx_word' id='word_1_595' title='bbox 3408 2914 3567 2970; x_wconf 68' lang='lat' dir='ltr'><strong>repu-</strong></span> 
     </span>
    </p>
   </div>
   <div class='ocr_carea' id='block_1_89' title="bbox 1989 2991 3568 3065">
    <p class='ocr_par' dir='ltr' id='par_1_89' title="bbox 1989 2991 3568 3065">
     <span class='ocr_line' id='line_1_89' title="bbox 1989 2991 3568 3065; baseline -0.003 -14"><span class='ocrx_word' id='word_1_596' title='bbox 1989 2997 2268 3059; x_wconf 86' lang='lat' dir='ltr'><strong>diandum,</strong></span> <span class='ocrx_word' id='word_1_597' title='bbox 2303 3003 2467 3065; x_wconf 90' lang='lat' dir='ltr'><strong>atque</strong></span> <span class='ocrx_word' id='word_1_598' title='bbox 2498 2994 2882 3050; x_wconf 78' lang='lat' dir='ltr'><strong>immundum?</strong></span> <span class='ocrx_word' id='word_1_599' title='bbox 2934 2994 3068 3061; x_wconf 85' lang='lat' dir='ltr'><strong>Quei</strong></span> <span class='ocrx_word' id='word_1_600' title='bbox 3119 3008 3249 3049; x_wconf 88' lang='lat' dir='ltr'><strong>vero</strong></span> <span class='ocrx_word' id='word_1_601' title='bbox 3294 2992 3398 3061; x_wconf 83' lang='lat' dir='ltr'><strong>ipsi</strong></span> <span class='ocrx_word' id='word_1_602' title='bbox 3429 2991 3568 3046; x_wconf 80' lang='lat' dir='ltr'><strong>alios</strong></span> 
     </span>
    </p>
   </div>
   <div class='ocr_carea' id='block_1_90' title="bbox 1992 3079 3567 3155">
    <p class='ocr_par' dir='ltr' id='par_1_90' title="bbox 1992 3079 3567 3155">
     <span class='ocr_line' id='line_1_90' title="bbox 1992 3079 3567 3155; baseline -0.006 -14"><span class='ocrx_word' id='word_1_603' title='bbox 1992 3085 2336 3141; x_wconf 79' lang='lat' dir='ltr'><strong>sanctiﬁcare</strong></span> <span class='ocrx_word' id='word_1_604' title='bbox 2383 3083 2616 3153; x_wconf 88' lang='lat' dir='ltr'><strong>possint,</strong></span> <span class='ocrx_word' id='word_1_605' title='bbox 2650 3086 2741 3154; x_wconf 67' lang='lat' dir='ltr'><strong>Qui</strong></span> <span class='ocrx_word' id='word_1_606' title='bbox 2774 3086 2882 3138; x_wconf 89' lang='lat' dir='ltr'><strong>sint</strong></span> <span class='ocrx_word' id='word_1_607' title='bbox 2922 3083 3084 3137; x_wconf 87' lang='lat' dir='ltr'><strong>alieni</strong></span> <span class='ocrx_word' id='word_1_608' title='bbox 3116 3097 3145 3135; x_wconf 89' lang='lat' dir='ltr'><strong>a</strong></span> <span class='ocrx_word' id='word_1_609' title='bbox 3180 3083 3354 3155; x_wconf 73' lang='lat' dir='ltr'><strong>gratia</strong></span> <span class='ocrx_word' id='word_1_610' title='bbox 3393 3079 3567 3134; x_wconf 62' lang='lat' dir='ltr'><strong>sancti</strong></span> 
     </span>
    </p>
   </div>
   <div class='ocr_carea' id='block_1_91' title="bbox 1993 3174 3567 3247">
    <p class='ocr_par' dir='ltr' id='par_1_91' title="bbox 1993 3174 3567 3247">
     <span class='ocr_line' id='line_1_91' title="bbox 1993 3174 3567 3247; baseline -0.004 -15"><span class='ocrx_word' id='word_1_611' title='bbox 1993 3178 2262 3247; x_wconf 88' lang='lat' dir='ltr'><strong>Spiritus,</strong></span> <span class='ocrx_word' id='word_1_612' title='bbox 2292 3175 2363 3230; x_wconf 90' lang='lat' dir='ltr'><strong>ob</strong></span> <span class='ocrx_word' id='word_1_613' title='bbox 2393 3191 2547 3231; x_wconf 86' lang='lat' dir='ltr'><strong>suam</strong></span> <span class='ocrx_word' id='word_1_614' title='bbox 2580 3177 2645 3229; x_wconf 88' lang='lat' dir='ltr'><strong>ab</strong></span> <span class='ocrx_word' id='word_1_615' title='bbox 2682 3174 2920 3231; x_wconf 84' lang='lat' dir='ltr'><strong>Ecclesia</strong></span> <span class='ocrx_word' id='word_1_616' title='bbox 2956 3175 3219 3228; x_wconf 87' lang='lat' dir='ltr'><strong>catholica</strong></span> <span class='ocrx_word' id='word_1_617' title='bbox 3255 3186 3308 3227; x_wconf 91' lang='lat' dir='ltr'><strong>et</strong></span> <span class='ocrx_word' id='word_1_618' title='bbox 3351 3182 3567 3241; x_wconf 80' lang='lat' dir='ltr'><strong>aposto-</strong></span> 
     </span>
    </p>
   </div>
   <div class='ocr_carea' id='block_1_92' title="bbox 1989 3268 3566 3336">
    <p class='ocr_par' dir='ltr' id='par_1_92' title="bbox 1989 3268 3566 3336">
     <span class='ocr_line' id='line_1_92' title="bbox 1989 3268 3566 3336; baseline -0.005 -12"><span class='ocrx_word' id='word_1_619' title='bbox 1989 3270 2094 3324; x_wconf 85' lang='lat' dir='ltr'><strong>lica</strong></span> <span class='ocrx_word' id='word_1_620' title='bbox 2138 3270 2524 3334; x_wconf 75' lang='lat' dir='ltr'><strong>defectionem,</strong></span> <span class='ocrx_word' id='word_1_621' title='bbox 2556 3269 2711 3334; x_wconf 85' lang='lat' dir='ltr'><strong>cujus</strong></span> <span class='ocrx_word' id='word_1_622' title='bbox 2744 3268 2965 3323; x_wconf 91' lang='lat' dir='ltr'><strong>decreto</strong></span> <span class='ocrx_word' id='word_1_623' title='bbox 3004 3278 3260 3336; x_wconf 85' lang='lat' dir='ltr'><strong>tanquam</strong></span> <span class='ocrx_word' id='word_1_624' title='bbox 3294 3282 3419 3321; x_wconf 88' lang='lat' dir='ltr'><strong>vasa</strong></span> <span class='ocrx_word' id='word_1_625' title='bbox 3450 3282 3566 3320; x_wconf 81' lang='lat' dir='ltr'><strong>ma-</strong></span> 
     </span>
    </p>
   </div>
   <div class='ocr_carea' id='block_1_93' title="bbox 1988 3357 3566 3429">
    <p class='ocr_par' dir='ltr' id='par_1_93' title="bbox 1988 3357 3566 3429">
     <span class='ocr_line' id='line_1_93' title="bbox 1988 3357 3566 3429; baseline -0.002 -15"><span class='ocrx_word' id='word_1_626' title='bbox 1988 3359 2323 3423; x_wconf 90' lang='lat' dir='ltr'><strong>ledictiouis,</strong></span> <span class='ocrx_word' id='word_1_627' title='bbox 2349 3360 2838 3415; x_wconf 87' lang='lat' dir='ltr'><strong>innumerabilibus</strong></span> <span class='ocrx_word' id='word_1_628' title='bbox 2860 3359 2997 3415; x_wconf 88' lang='lat' dir='ltr'><strong>diris</strong></span> <span class='ocrx_word' id='word_1_629' title='bbox 3023 3375 3117 3429; x_wconf 91' lang='lat' dir='ltr'><strong>per</strong></span> <span class='ocrx_word' id='word_1_630' title='bbox 3143 3358 3293 3412; x_wconf 91' lang='lat' dir='ltr'><strong>orbis</strong></span> <span class='ocrx_word' id='word_1_631' title='bbox 3321 3357 3566 3413; x_wconf 82' lang='lat' dir='ltr'><strong>universi</strong></span> 
     </span>
    </p>
   </div>
   <div class='ocr_carea' id='block_1_94' title="bbox 1986 3448 3568 3520">
    <p class='ocr_par' dir='ltr' id='par_1_94' title="bbox 1986 3448 3568 3520">
     <span class='ocr_line' id='line_1_94' title="bbox 1986 3448 3568 3520; baseline -0.003 -16"><span class='ocrx_word' id='word_1_632' title='bbox 1986 3452 2278 3520; x_wconf 83' lang='lat' dir='ltr'><strong>episcopos</strong></span> <span class='ocrx_word' id='word_1_633' title='bbox 2305 3450 2487 3504; x_wconf 87' lang='lat' dir='ltr'><strong>devoti</strong></span> <span class='ocrx_word' id='word_1_634' title='bbox 2525 3460 2686 3515; x_wconf 86' lang='lat' dir='ltr'><strong>sunt;</strong></span> <span class='ocrx_word' id='word_1_635' title='bbox 2711 3461 2876 3520; x_wconf 87' lang='lat' dir='ltr'><strong>atque</strong></span> <span class='ocrx_word' id='word_1_636' title='bbox 2906 3459 2960 3503; x_wconf 90' lang='lat' dir='ltr'><strong>ut</strong></span> <span class='ocrx_word' id='word_1_637' title='bbox 2991 3449 3139 3519; x_wconf 89' lang='lat' dir='ltr'><strong>impii</strong></span> <span class='ocrx_word' id='word_1_638' title='bbox 3167 3448 3314 3518; x_wconf 81' lang='lat' dir='ltr'><strong>ligati</strong></span> <span class='ocrx_word' id='word_1_639' title='bbox 3351 3448 3568 3505; x_wconf 80' lang='lat' dir='ltr'><strong>fuerunt</strong></span> 
     </span>
    </p>
   </div>
   <div class='ocr_carea' id='block_1_95' title="bbox 1988 3539 3566 3612">
    <p class='ocr_par' dir='ltr' id='par_1_95' title="bbox 1988 3539 3566 3612">
     <span class='ocr_line' id='line_1_95' title="bbox 1988 3539 3566 3612; baseline 0 -17"><span class='ocrx_word' id='word_1_640' title='bbox 1988 3541 2043 3595; x_wconf 91' lang='lat' dir='ltr'><strong>in</strong></span> <span class='ocrx_word' id='word_1_641' title='bbox 2082 3543 2221 3597; x_wconf 84' lang='lat' dir='ltr'><strong>ccelo</strong></span> <span class='ocrx_word' id='word_1_642' title='bbox 2244 3557 2307 3594; x_wconf 91' lang='lat' dir='ltr'><strong>ac</strong></span> <span class='ocrx_word' id='word_1_643' title='bbox 2339 3557 2502 3611; x_wconf 88' lang='lat' dir='ltr'><strong>super</strong></span> <span class='ocrx_word' id='word_1_644' title='bbox 2533 3550 2758 3609; x_wconf 86' lang='lat' dir='ltr'><strong>terram,</strong></span> <span class='ocrx_word' id='word_1_645' title='bbox 2788 3544 2941 3612; x_wconf 78' lang='lat' dir='ltr'><strong>juxta</strong></span> <span class='ocrx_word' id='word_1_646' title='bbox 2978 3542 3119 3610; x_wconf 87' lang='lat' dir='ltr'><strong>quod</strong></span> <span class='ocrx_word' id='word_1_647' title='bbox 3153 3542 3231 3595; x_wconf 88' lang='lat' dir='ltr'><strong>ait</strong></span> <span class='ocrx_word' id='word_1_648' title='bbox 3261 3539 3566 3595; x_wconf 76' lang='lat' dir='ltr'><strong>Doiuinus:</strong></span> 
     </span>
    </p>
   </div>
   <div class='ocr_carea' id='block_1_96' title="bbox 1990 3632 3566 3703">
    <p class='ocr_par' dir='ltr' id='par_1_96' title="bbox 1990 3632 3566 3703">
     <span class='ocr_line' id='line_1_96' title="bbox 1990 3632 3566 3703; baseline -0.001 -18"><span class='ocrx_word' id='word_1_649' title='bbox 1990 3632 2331 3701; x_wconf 65' lang='lat' dir='ltr'><strong>Quacunque</strong></span> <span class='ocrx_word' id='word_1_650' title='bbox 2388 3633 2683 3703; x_wconf 77' lang='lat' dir='ltr'><strong>ligaveritis</strong></span> <span class='ocrx_word' id='word_1_651' title='bbox 2724 3649 2882 3702; x_wconf 76' lang='lat' dir='ltr'><strong>super</strong></span> <span class='ocrx_word' id='word_1_652' title='bbox 2932 3644 3164 3699; x_wconf 85' lang='lat' dir='ltr'><strong>terram,</strong></span> <span class='ocrx_word' id='word_1_653' title='bbox 3213 3643 3365 3687; x_wconf 80' lang='lat' dir='ltr'><strong>erunt</strong></span> <span class='ocrx_word' id='word_1_654' title='bbox 3397 3632 3566 3702; x_wconf 79' lang='lat' dir='ltr'><strong>ligata</strong></span> 
     </span>
    </p>
   </div>
   <div class='ocr_carea' id='block_1_97' title="bbox 1987 3722 2409 3778">
    <p class='ocr_par' dir='ltr' id='par_1_97' title="bbox 1987 3722 2409 3778">
     <span class='ocr_line' id='line_1_97' title="bbox 1987 3722 2409 3778; baseline 0 0"><span class='ocrx_word' id='word_1_655' title='bbox 1987 3735 2034 3778; x_wconf 87' lang='lat' dir='ltr'><strong>et</strong></span> <span class='ocrx_word' id='word_1_656' title='bbox 2066 3726 2119 3777; x_wconf 81' lang='lat' dir='ltr'><strong>in</strong></span> <span class='ocrx_word' id='word_1_657' title='bbox 2149 3723 2293 3778; x_wconf 69' lang='lat' dir='ltr'><strong>caelis</strong></span> <span class='ocrx_word' id='word_1_658' title='bbox 2318 3722 2409 3778; x_wconf 70' lang='lat'><strong>“‘1</strong></span> 
     </span>
    </p>
   </div>
   <div class='ocr_carea' id='block_1_98' title="bbox 1990 4021 3559 4096">
    <p class='ocr_par' dir='ltr' id='par_1_98' title="bbox 1990 4021 3559 4096">
     <span class='ocr_line' id='line_1_98' title="bbox 1990 4021 3559 4096; baseline -0.004 -14"><span class='ocrx_word' id='word_1_659' title='bbox 1990 4043 1997 4053; x_wconf 70' lang='lat'><strong>&#39;</strong></span> <span class='ocrx_word' id='word_1_660' title='bbox 2059 4027 2149 4091; x_wconf 81' lang='grc' dir='ltr'>ιιι.</span> <span class='ocrx_word' id='word_1_661' title='bbox 2184 4026 2487 4087; x_wconf 76' lang='lat' dir='ltr'><strong>Ostendant</strong></span> <span class='ocrx_word' id='word_1_662' title='bbox 2515 4040 2669 4096; x_wconf 74' lang='lat' dir='ltr'><strong>ergo,</strong></span> <span class='ocrx_word' id='word_1_663' title='bbox 2710 4040 2874 4096; x_wconf 81' lang='lat' dir='ltr'><strong>quem</strong></span> <span class='ocrx_word' id='word_1_664' title='bbox 2900 4022 3110 4080; x_wconf 71' lang='lat' dir='ltr'><strong>aedium</strong></span> <span class='ocrx_word' id='word_1_665' title='bbox 3140 4021 3559 4092; x_wconf 86' lang='lat' dir='ltr'><strong>apostolicarum</strong></span> 
     </span>
    </p>
   </div>
   <div class='ocr_carea' id='block_1_99' title="bbox 1986 4115 3555 4192">
    <p class='ocr_par' dir='ltr' id='par_1_99' title="bbox 1986 4115 3555 4192">
     <span class='ocr_line' id='line_1_99' title="bbox 1986 4115 3555 4192; baseline -0.003 -21"><span class='ocrx_word' id='word_1_666' title='bbox 1986 4120 2268 4192; x_wconf 67' lang='lat' dir='ltr'><strong>praesulem</strong></span> <span class='ocrx_word' id='word_1_667' title='bbox 2305 4133 2495 4179; x_wconf 79' lang='lat' dir='ltr'><strong>eorum</strong></span> <span class='ocrx_word' id='word_1_668' title='bbox 2526 4115 2925 4173; x_wconf 80' lang='lat' dir='ltr'><strong>communionis</strong></span> <span class='ocrx_word' id='word_1_669' title='bbox 2953 4115 3208 4179; x_wconf 82' lang='lat' dir='ltr'><strong>habeant,</strong></span> <span class='ocrx_word' id='word_1_670' title='bbox 3252 4124 3419 4183; x_wconf 89' lang='lat' dir='ltr'><strong>utque</strong></span> <span class='ocrx_word' id='word_1_671' title='bbox 3446 4129 3555 4167; x_wconf 91' lang='lat' dir='ltr'><strong>non</strong></span> 
     </span>
    </p>
   </div>
   <div class='ocr_carea' id='block_1_100' title="bbox 1986 4207 3561 4285">
    <p class='ocr_par' dir='ltr' id='par_1_100' title="bbox 1986 4207 3561 4285">
     <span class='ocr_line' id='line_1_100' title="bbox 1986 4207 3561 4285; baseline -0.004 -17"><span class='ocrx_word' id='word_1_672' title='bbox 1986 4214 2189 4285; x_wconf 77' lang='lat' dir='ltr'><strong>potius,</strong></span> <span class='ocrx_word' id='word_1_673' title='bbox 2225 4226 2335 4268; x_wconf 86' lang='lat' dir='ltr'><strong>uno</strong></span> <span class='ocrx_word' id='word_1_674' title='bbox 2362 4226 2554 4271; x_wconf 81' lang='lat' dir='ltr'><strong>omnes</strong></span> <span class='ocrx_word' id='word_1_675' title='bbox 2582 4225 2853 4267; x_wconf 81' lang='lat' dir='ltr'><strong>consensu</strong></span> <span class='ocrx_word' id='word_1_676' title='bbox 2889 4208 3148 4280; x_wconf 73' lang='lat' dir='ltr'><strong>synodica</strong></span> <span class='ocrx_word' id='word_1_677' title='bbox 3188 4207 3522 4263; x_wconf 85' lang='lat' dir='ltr'><strong>devoventes</strong></span> <span class='ocrx_word' id='word_1_678' title='bbox 3543 4246 3561 4273; x_wconf 97' lang='lat'><strong>,</strong></span> 
     </span>
    </p>
   </div>
   <div class='ocr_carea' id='block_1_101' title="bbox 1985 4300 3565 4371">
    <p class='ocr_par' dir='ltr' id='par_1_101' title="bbox 1985 4300 3565 4371">
     <span class='ocr_line' id='line_1_101' title="bbox 1985 4300 3565 4371; baseline -0.006 -11"><span class='ocrx_word' id='word_1_679' title='bbox 1985 4306 2194 4360; x_wconf 88' lang='lat' dir='ltr'><strong>alienos</strong></span> <span class='ocrx_word' id='word_1_680' title='bbox 2228 4319 2256 4358; x_wconf 89' lang='lat' dir='ltr'><strong>a</strong></span> <span class='ocrx_word' id='word_1_681' title='bbox 2285 4303 2511 4363; x_wconf 78' lang='lat' dir='ltr'><strong>Christo</strong></span> <span class='ocrx_word' id='word_1_682' title='bbox 2548 4301 3059 4371; x_wconf 81' lang='lat' dir='ltr'><strong>pronuntiaverint,</strong></span> <span class='ocrx_word' id='word_1_683' title='bbox 3110 4315 3175 4355; x_wconf 90' lang='lat' dir='ltr'><strong>ac</strong></span> <span class='ocrx_word' id='word_1_684' title='bbox 3202 4300 3419 4359; x_wconf 84' lang='lat' dir='ltr'><strong>diabolo</strong></span> <span class='ocrx_word' id='word_1_685' title='bbox 3449 4310 3565 4353; x_wconf 86' lang='lat' dir='ltr'><strong>tra-</strong></span> 
     </span>
    </p>
   </div>
   <div class='ocr_carea' id='block_1_102' title="bbox 1989 4390 3561 4465">
    <p class='ocr_par' dir='ltr' id='par_1_102' title="bbox 1989 4390 3561 4465">
     <span class='ocr_line' id='line_1_102' title="bbox 1989 4390 3561 4465; baseline -0.008 -11"><span class='ocrx_word' id='word_1_686' title='bbox 1989 4396 2272 4454; x_wconf 71' lang='lat' dir='ltr'><strong>diderint?</strong></span> <span class='ocrx_word' id='word_1_687' title='bbox 2303 4396 2437 4463; x_wconf 85' lang='lat' dir='ltr'><strong>Quis</strong></span> <span class='ocrx_word' id='word_1_688' title='bbox 2485 4410 2615 4465; x_wconf 74' lang='lat' dir='ltr'><strong>ergo</strong></span> <span class='ocrx_word' id='word_1_689' title='bbox 2664 4394 2973 4464; x_wconf 77' lang='lat' dir='ltr'><strong>intelligens</strong></span> <span class='ocrx_word' id='word_1_690' title='bbox 3010 4407 3076 4448; x_wconf 87' lang='lat' dir='ltr'><strong>ac</strong></span> <span class='ocrx_word' id='word_1_691' title='bbox 3126 4393 3324 4447; x_wconf 88' lang='lat' dir='ltr'><strong>timens</strong></span> <span class='ocrx_word' id='word_1_692' title='bbox 3369 4390 3561 4456; x_wconf 79' lang='lat' dir='ltr'><strong>Deum,</strong></span> 
     </span>
    </p>
   </div>
   <div class='ocr_carea' id='block_1_103' title="bbox 1988 4481 3563 4560">
    <p class='ocr_par' dir='ltr' id='par_1_103' title="bbox 1988 4481 3563 4560">
     <span class='ocr_line' id='line_1_103' title="bbox 1988 4481 3563 4560; baseline -0.007 -16"><span class='ocrx_word' id='word_1_693' title='bbox 1988 4488 2246 4560; x_wconf 80' lang='lat' dir='ltr'><strong>profanas</strong></span> <span class='ocrx_word' id='word_1_694' title='bbox 2286 4501 2352 4542; x_wconf 87' lang='lat' dir='ltr'><strong>ac</strong></span> <span class='ocrx_word' id='word_1_695' title='bbox 2399 4488 2763 4542; x_wconf 81' lang='lat' dir='ltr'><strong>exsecrandas</strong></span> <span class='ocrx_word' id='word_1_696' title='bbox 2792 4498 2983 4538; x_wconf 84' lang='lat' dir='ltr'><strong>eorum</strong></span> <span class='ocrx_word' id='word_1_697' title='bbox 3034 4483 3291 4550; x_wconf 82' lang='lat' dir='ltr'><strong>synodos,</strong></span> <span class='ocrx_word' id='word_1_698' title='bbox 3339 4494 3475 4547; x_wconf 81' lang='lat' dir='ltr'><strong>quas</strong></span> <span class='ocrx_word' id='word_1_699' title='bbox 3510 4481 3563 4534; x_wconf 90' lang='lat' dir='ltr'><strong>in</strong></span> 
     </span>
    </p>
   </div>
   <div class='ocr_carea' id='block_1_104' title="bbox 1987 4566 3566 4638">
    <p class='ocr_par' dir='ltr' id='par_1_104' title="bbox 1987 4566 3566 4638">
     <span class='ocr_line' id='line_1_104' title="bbox 1987 4566 3566 4638; baseline -0.009 -2"><span class='ocrx_word' id='word_1_700' title='bbox 1987 4579 2250 4636; x_wconf 83' lang='lat' dir='ltr'><strong>satanicis</strong></span> <span class='ocrx_word' id='word_1_701' title='bbox 2285 4592 2348 4631; x_wconf 89' lang='lat' dir='ltr'><strong>ac</strong></span> <span class='ocrx_word' id='word_1_702' title='bbox 2392 4574 2699 4638; x_wconf 88' lang='lat' dir='ltr'><strong>diabolicis,</strong></span> <span class='ocrx_word' id='word_1_703' title='bbox 2751 4571 3212 4638; x_wconf 77' lang='lat' dir='ltr'><strong>daemoniacisque</strong></span> <span class='ocrx_word' id='word_1_704' title='bbox 3262 4583 3452 4623; x_wconf 90' lang='lat' dir='ltr'><strong>eorum</strong></span> <span class='ocrx_word' id='word_1_705' title='bbox 3487 4566 3566 4621; x_wconf 82' lang='lat' dir='ltr'><strong>lo-</strong></span> 
     </span>
    </p>
   </div>
   <div class='ocr_carea' id='block_1_105' title="bbox 1987 4656 3562 4738">
    <p class='ocr_par' dir='ltr' id='par_1_105' title="bbox 1987 4656 3562 4738">
     <span class='ocr_line' id='line_1_105' title="bbox 1987 4656 3562 4738; baseline -0.01 -13"><span class='ocrx_word' id='word_1_706' title='bbox 1987 4672 2089 4735; x_wconf 80' lang='lat' dir='ltr'><strong>cis,</strong></span> <span class='ocrx_word' id='word_1_707' title='bbox 2115 4685 2243 4725; x_wconf 87' lang='lat' dir='ltr'><strong>cum</strong></span> <span class='ocrx_word' id='word_1_708' title='bbox 2269 4668 2539 4738; x_wconf 84' lang='lat' dir='ltr'><strong>appellato</strong></span> <span class='ocrx_word' id='word_1_709' title='bbox 2569 4663 2763 4727; x_wconf 88' lang='lat' dir='ltr'><strong>Tiben,</strong></span> <span class='ocrx_word' id='word_1_710' title='bbox 2811 4674 2922 4718; x_wconf 90' lang='lat' dir='ltr'><strong>tum</strong></span> <span class='ocrx_word' id='word_1_711' title='bbox 2954 4660 3296 4715; x_wconf 82' lang='lat' dir='ltr'><strong>Mantziciert</strong></span> <span class='ocrx_word' id='word_1_712' title='bbox 3336 4656 3562 4712; x_wconf 83' lang='lat' dir='ltr'><strong>Judaica</strong></span> 
     </span>
    </p>
   </div>
   <div class='ocr_carea' id='block_1_106' title="bbox 1986 4751 3562 4829">
    <p class='ocr_par' dir='ltr' id='par_1_106' title="bbox 1986 4751 3562 4829">
     <span class='ocr_line' id='line_1_106' title="bbox 1986 4751 3562 4829; baseline -0.008 -14"><span class='ocrx_word' id='word_1_713' title='bbox 1986 4778 2052 4816; x_wconf 88' lang='lat' dir='ltr'><strong>ac</strong></span> <span class='ocrx_word' id='word_1_714' title='bbox 2099 4760 2320 4829; x_wconf 67' lang='lat' dir='ltr'><strong>Caiphae</strong></span> <span class='ocrx_word' id='word_1_715' title='bbox 2372 4755 2732 4813; x_wconf 82' lang='lat' dir='ltr'><strong>conciliabula</strong></span> <span class='ocrx_word' id='word_1_716' title='bbox 2783 4754 3149 4816; x_wconf 88' lang='lat' dir='ltr'><strong>celebrarunt,</strong></span> <span class='ocrx_word' id='word_1_717' title='bbox 3205 4766 3310 4805; x_wconf 91' lang='lat' dir='ltr'><strong>non</strong></span> <span class='ocrx_word' id='word_1_718' title='bbox 3356 4751 3562 4815; x_wconf 90' lang='lat' dir='ltr'><strong>animo,</strong></span> 
     </span>
    </p>
   </div>
   <div class='ocr_carea' id='block_1_107' title="bbox 1986 4841 3560 4912">
    <p class='ocr_par' dir='ltr' id='par_1_107' title="bbox 1986 4841 3560 4912">
     <span class='ocr_line' id='line_1_107' title="bbox 1986 4841 3560 4912; baseline -0.01 -5"><span class='ocrx_word' id='word_1_719' title='bbox 1986 4852 2151 4909; x_wconf 87' lang='lat' dir='ltr'><strong>corde</strong></span> <span class='ocrx_word' id='word_1_720' title='bbox 2208 4866 2272 4905; x_wconf 87' lang='lat' dir='ltr'><strong>ac</strong></span> <span class='ocrx_word' id='word_1_721' title='bbox 2311 4864 2409 4906; x_wconf 87' lang='lat' dir='ltr'><strong>ore</strong></span> <span class='ocrx_word' id='word_1_722' title='bbox 2444 4845 2874 4903; x_wconf 73' lang='lat' dir='ltr'><strong>anathematiset</strong></span> <span class='ocrx_word' id='word_1_723' title='bbox 2908 4863 2923 4901; x_wconf 90' lang='lat'><strong>:</strong></span> <span class='ocrx_word' id='word_1_724' title='bbox 2960 4845 3013 4898; x_wconf 91' lang='lat' dir='ltr'><strong>in</strong></span> <span class='ocrx_word' id='word_1_725' title='bbox 3061 4842 3258 4912; x_wconf 85' lang='lat' dir='ltr'><strong>quibus</strong></span> <span class='ocrx_word' id='word_1_726' title='bbox 3308 4841 3560 4896; x_wconf 71' lang='lat' dir='ltr'><strong>haeresim</strong></span> 
     </span>
    </p>
   </div>
   <div class='ocr_carea' id='block_1_108' title="bbox 1987 4943 3564 5011">
    <p class='ocr_par' dir='ltr' id='par_1_108' title="bbox 1987 4943 3564 5011">
     <span class='ocr_line' id='line_1_108' title="bbox 1987 4943 3564 5011; baseline -0.009 -8"><span class='ocrx_word' id='word_1_727' title='bbox 1987 4962 2227 5011; x_wconf 85' lang='lat' dir='ltr'><strong>omnem,</strong></span> <span class='ocrx_word' id='word_1_728' title='bbox 2259 4960 2323 4999; x_wconf 89' lang='lat' dir='ltr'><strong>ac</strong></span> <span class='ocrx_word' id='word_1_729' title='bbox 2355 4943 2771 5010; x_wconf 82' lang='lat' dir='ltr'><strong>blasphemiam,</strong></span> <span class='ocrx_word' id='word_1_730' title='bbox 2806 4952 3130 5005; x_wconf 86' lang='lat' dir='ltr'><strong>omnemque</strong></span> <span class='ocrx_word' id='word_1_731' title='bbox 3155 4952 3395 4992; x_wconf 84' lang='lat' dir='ltr'><strong>errorem</strong></span> <span class='ocrx_word' id='word_1_732' title='bbox 3425 4950 3564 5005; x_wconf 79' lang='lat' dir='ltr'><strong>prae—</strong></span> 
     </span>
    </p>
   </div>
   <div class='ocr_carea' id='block_1_109' title="bbox 1989 5032 3564 5105">
    <p class='ocr_par' dir='ltr' id='par_1_109' title="bbox 1989 5032 3564 5105">
     <span class='ocr_line' id='line_1_109' title="bbox 1989 5032 3564 5105; baseline -0.01 -10"><span class='ocrx_word' id='word_1_733' title='bbox 1989 5041 2261 5104; x_wconf 79' lang='lat' dir='ltr'><strong>dicantes,</strong></span> <span class='ocrx_word' id='word_1_734' title='bbox 2299 5052 2364 5090; x_wconf 84' lang='lat' dir='ltr'><strong>ac</strong></span> <span class='ocrx_word' id='word_1_735' title='bbox 2396 5034 2725 5105; x_wconf 74' lang='lat' dir='ltr'><strong>sequacibus</strong></span> <span class='ocrx_word' id='word_1_736' title='bbox 2756 5033 2872 5087; x_wconf 88' lang='lat' dir='ltr'><strong>suis</strong></span> <span class='ocrx_word' id='word_1_737' title='bbox 2905 5032 3210 5094; x_wconf 86' lang='lat' dir='ltr'><strong>tradentes,</strong></span> <span class='ocrx_word' id='word_1_738' title='bbox 3241 5040 3564 5093; x_wconf 88' lang='lat' dir='ltr'><strong>omnemque</strong></span> 
     </span>
    </p>
   </div>
   <div class='ocr_carea' id='block_1_110' title="bbox 1988 5119 3561 5191">
    <p class='ocr_par' dir='ltr' id='par_1_110' title="bbox 1988 5119 3561 5191">
     <span class='ocr_line' id='line_1_110' title="bbox 1988 5119 3561 5191; baseline -0.011 -6"><span class='ocrx_word' id='word_1_739' title='bbox 1988 5144 2086 5186; x_wconf 91' lang='lat' dir='ltr'><strong>eos</strong></span> <span class='ocrx_word' id='word_1_740' title='bbox 2134 5130 2398 5184; x_wconf 85' lang='lat' dir='ltr'><strong>adversus</strong></span> <span class='ocrx_word' id='word_1_741' title='bbox 2451 5124 2748 5191; x_wconf 71' lang='lat' dir='ltr'><strong>Ecclesium</strong></span> <span class='ocrx_word' id='word_1_742' title='bbox 2822 5122 3149 5177; x_wconf 87' lang='lat' dir='ltr'><strong>catholicam</strong></span> <span class='ocrx_word' id='word_1_743' title='bbox 3204 5119 3561 5176; x_wconf 77' lang='lat' dir='ltr'><strong>defectionem</strong></span> 
     </span>
    </p>
   </div>
   <div class='ocr_carea' id='block_1_111' title="bbox 1989 5211 3567 5288">
    <p class='ocr_par' dir='ltr' id='par_1_111' title="bbox 1989 5211 3567 5288">
     <span class='ocr_line' id='line_1_111' title="bbox 1989 5211 3567 5288; baseline -0.01 -10"><span class='ocrx_word' id='word_1_744' title='bbox 1989 5222 2266 5285; x_wconf 86' lang='lat' dir='ltr'><strong>docentes,</strong></span> <span class='ocrx_word' id='word_1_745' title='bbox 2310 5230 2474 5288; x_wconf 86' lang='lat' dir='ltr'><strong>atque</strong></span> <span class='ocrx_word' id='word_1_746' title='bbox 2533 5217 2599 5271; x_wconf 88' lang='lat' dir='ltr'><strong>ad</strong></span> <span class='ocrx_word' id='word_1_747' title='bbox 2657 5224 2858 5271; x_wconf 90' lang='lat' dir='ltr'><strong>rectam</strong></span> <span class='ocrx_word' id='word_1_748' title='bbox 2899 5214 3060 5270; x_wconf 85' lang='lat' dir='ltr'><strong>Iidem</strong></span> <span class='ocrx_word' id='word_1_749' title='bbox 3120 5214 3418 5283; x_wconf 79' lang='lat' dir='ltr'><strong>negandum</strong></span> <span class='ocrx_word' id='word_1_750' title='bbox 3459 5211 3567 5264; x_wconf 82' lang='lat' dir='ltr'><strong>im-</strong></span> 
     </span>
    </p>
   </div>
   <div class='ocr_carea' id='block_1_112' title="bbox 1992 5303 3564 5384">
    <p class='ocr_par' dir='ltr' id='par_1_112' title="bbox 1992 5303 3564 5384">
     <span class='ocr_line' id='line_1_112' title="bbox 1992 5303 3564 5384; baseline -0.007 -15"><span class='ocrx_word' id='word_1_751' title='bbox 1992 5313 2275 5384; x_wconf 81' lang='lat' dir='ltr'><strong>pellentes,</strong></span> <span class='ocrx_word' id='word_1_752' title='bbox 2309 5327 2373 5366; x_wconf 91' lang='lat' dir='ltr'><strong>ac</strong></span> <span class='ocrx_word' id='word_1_753' title='bbox 2401 5310 2612 5366; x_wconf 80' lang='lat' dir='ltr'><strong>alienos</strong></span> <span class='ocrx_word' id='word_1_754' title='bbox 2637 5324 2669 5364; x_wconf 73' lang='grc' dir='ltr'><strong>ει</strong></span> <span class='ocrx_word' id='word_1_755' title='bbox 2700 5309 2919 5364; x_wconf 87' lang='lat' dir='ltr'><strong>Christo</strong></span> <span class='ocrx_word' id='word_1_756' title='bbox 2949 5308 3363 5373; x_wconf 82' lang='lat' dir='ltr'><strong>constituentes,</strong></span> <span class='ocrx_word' id='word_1_757' title='bbox 3394 5303 3564 5359; x_wconf 87' lang='lat' dir='ltr'><strong>male-</strong></span> 
     </span>
    </p>
   </div>
   <div class='ocr_carea' id='block_1_113' title="bbox 1992 5394 3561 5472">
    <p class='ocr_par' dir='ltr' id='par_1_113' title="bbox 1992 5394 3561 5472">
     <span class='ocr_line' id='line_1_113' title="bbox 1992 5394 3561 5472; baseline -0.009 -11"><span class='ocrx_word' id='word_1_758' title='bbox 1992 5404 2246 5461; x_wconf 82' lang='lat' dir='ltr'><strong>dictiouis</strong></span> <span class='ocrx_word' id='word_1_759' title='bbox 2292 5418 2356 5463; x_wconf 84' lang='lat' dir='ltr'><strong>ac</strong></span> <span class='ocrx_word' id='word_1_760' title='bbox 2407 5400 2730 5472; x_wconf 85' lang='lat' dir='ltr'><strong>perditionis</strong></span> <span class='ocrx_word' id='word_1_761' title='bbox 2766 5399 2929 5467; x_wconf 78' lang='lat' dir='ltr'><strong>ﬁlios,</strong></span> <span class='ocrx_word' id='word_1_762' title='bbox 2978 5409 3033 5455; x_wconf 94' lang='lat' dir='ltr'><strong>et</strong></span> <span class='ocrx_word' id='word_1_763' title='bbox 3063 5394 3423 5454; x_wconf 84' lang='lat' dir='ltr'><strong>anathematis</strong></span> <span class='ocrx_word' id='word_1_764' title='bbox 3451 5394 3561 5448; x_wconf 64' lang='lat' dir='ltr'><strong>hie-</strong></span> 
     </span>
    </p>
   </div>
   <div class='ocr_carea' id='block_1_114' title="bbox 1992 5492 3557 5564">
    <p class='ocr_par' dir='ltr' id='par_1_114' title="bbox 1992 5492 3557 5564">
     <span class='ocr_line' id='line_1_114' title="bbox 1992 5492 3557 5564; baseline -0.008 -10"><span class='ocrx_word' id='word_1_765' title='bbox 1992 5499 2153 5554; x_wconf 87' lang='lat' dir='ltr'><strong>redes</strong></span> <span class='ocrx_word' id='word_1_766' title='bbox 2171 5495 2506 5553; x_wconf 64' lang='lat' dir='ltr'><strong>eiecerunt?</strong></span> <span class='ocrx_word' id='word_1_767' title='bbox 2526 5493 2660 5560; x_wconf 78' lang='lat' dir='ltr'><strong>Quis</strong></span> <span class='ocrx_word' id='word_1_768' title='bbox 2683 5509 2813 5564; x_wconf 74' lang='lat' dir='ltr'><strong>ergo</strong></span> <span class='ocrx_word' id='word_1_769' title='bbox 2837 5494 3065 5551; x_wconf 87' lang='lat' dir='ltr'><strong>audiens</strong></span> <span class='ocrx_word' id='word_1_770' title='bbox 3088 5492 3319 5562; x_wconf 78' lang='lat' dir='ltr'><strong>primam</strong></span> <span class='ocrx_word' id='word_1_771' title='bbox 3342 5503 3557 5543; x_wconf 77' lang='lat' dir='ltr'><strong>sacram</strong></span> 
     </span>
    </p>
   </div>
  </div>
