4088 6412
532 302 663 369 1191

1589 305 1838 367 ISAACI
1879 305 2255 368 ΑΒΜΕΝΙιΕ
2295 305 2706 368 CATHOLICI

3639 303 3781 369 1192

529 429 895 474 trecentorum
959 419 1143 474 decem
1203 426 1259 473 et
1326 425 1448 472 octo
1507 428 1824 474 sanctorum
1878 419 2097 474 Patrum

2211 433 2384 488 ματος
2445 417 2820 489 κληρονόμους
2869 413 3095 480 τούτους
3153 413 3483 486 εἰργάσαντο
3503 432 3519 484 ;
3541 414 3637 478 Τίς
3687 415 3784 470 οὖν

533 511 801 568 Nuceriam
834 513 1121 583 synodum,
1161 520 1273 565 tres
1320 524 1584 580 personas
1614 525 1706 565 seu
1753 511 2097 581 hypostases,

530 620 801 670 unamque
829 604 1197 658 substantiam
1236 603 1353 656 sive
1383 609 1634 656 naturam
1667 601 1719 655 in
1764 612 1952 657 sancta
1980 600 2100 656 Tri-

528 697 701 750 nitate
735 695 1146 764 praedicantem,
1181 709 1286 746 non
1334 708 1428 747 eos
1457 703 1708 761 tanquam
1759 692 2100 748 adversarios

527 787 720 849 oderit,
755 801 816 839 ac
844 795 1103 854 negantes
1131 783 1404 839 Nicamam
1425 787 1712 854 synodum,
1735 783 1824 854 qui
1851 794 2097 837 naturam

527 893 813 946 personam
846 893 966 932 esse
996 876 1158 947 impie
1192 892 1256 932 ac
1287 877 1453 932 stulte
1484 875 1710 931 dicant?

1119 1093 1349 1152 CAPUT
1387 1093 1505 1148 XII.

714 1189 791 1244 De
819 1189 921 1257 piis
949 1189 1282 1258 dogmatibus
1311 1203 1427 1258 qua:
1459 1186 1695 1241 Armenii
1728 1197 1938 1257 negant.

593 1369 636 1423 l.
675 1369 807 1436 Quis
833 1368 1066 1424 audiens
1107 1377 1329 1422 sanctos
1363 1380 1552 1422 omnes
1586 1381 1649 1420 ac
1691 1381 1720 1420 a
1751 1367 1861 1421 Deo
1894 1353 2099 1422 adlatos

523 1461 738 1525 Patres,
776 1462 1058 1528 ipsamque
1087 1460 1362 1513 Nicaenam
1398 1458 1662 1529 synodum
1692 1459 1824 1514 duas
1860 1460 1912 1513 in
1939 1459 2099 1513 Chri-

522 1562 608 1606 sto
665 1562 888 1605 naturas
938 1553 1341 1620 praedicantes,
1396 1552 1853 1618 quemadmodum
1909 1561 2098 1607 sancta

523 1646 762 1714 synodus
815 1644 1296 1708 Chalcedonensis,
1371 1643 1473 1696 hoc
1529 1653 1647 1710 est,
1701 1659 1788 1698 res
1852 1641 2096 1701 seorsum

2202 509 2416 563 ἁκούων
2440 508 2538 581 τὴν
2571 510 2632 562 ὲν
2662 508 2872 578 Natat;
2900 515 2949 563 α’
2989 509 3091 579 τὴν
3121 507 3285 577 ἁγίαν
3315 506 3428 560 τῶν
3463 514 3571 580 τιη¹
3605 507 3782 574 ἁγίων

2201 602 2467 674 Πατέρων
2519 599 2765 667 σύνοδον,
2806 603 2932 672 τρία
2989 601 3257 670 πρόσωπα
3308 601 3402 656 καὶ
3427 602 3781 669 ὑποστάσεις,

2202 695 2295 748 καὶ
2321 697 2450 763 μίαν
2479 695 2669 747 οὐσίαν
2702 694 2822 763 ἦτοι
2881 693 3066 762 φύσιν,
3097 693 3190 746 ἐπὶ
3223 693 3322 759 τῆς
3354 695 3520 761 ἁγίας
3546 693 3783 763 Τριάδος

2201 785 2604 855 κηρύττουσαν,
2635 787 2696 839 οὐ
2735 788 2887 856 μισεῖ
2923 785 3148 848 τούτους
3177 785 3254 849 ὡς
3280 785 3510 856 ἐχθροὺς
3551 785 3644 838 καὶ
3679 788 3784 858 ἀρ·

2199 878 2367 948 νητὰς
2390 879 2488 947 τῆς
2516 879 2574 931 ὲν
2625 879 2832 950 Νικαίᾳ
2873 879 3114 943 συνόδου,
3149 878 3248 948 τὴν
3296 879 3460 948 φύσιν
3487 880 3783 949 πρίσωπον

2200 969 2412 1032 ἀσεϐῶς
2448 969 2544 1022 καὶ.
2575 971 2819 1041 ἀνοήτως
2861 969 3159 1036 λέγονταςῖ

2715 1081 3113 1136 ΚΕΦΑΛΑΙΟΝ
3143 1081 3245 1140 ῙΒ’.

2199 1175 2342 1244 Περὶ
2388 1174 2509 1230 τῶν
2575 1173 3201 1314 εὐσεσῶιςΑδριέράτων
3228 1167 3318 1228 ὧν
3371 1174 3696 1244 ἀρνοῦνται
3724 1176 3781 1230 οι

2887 1263 2928 1313 ρ
3045 1261 3141 1298 ιοι.

2887 1261 3141 1313 ρμενιοι.

2269 1359 2350 1411 Α’.
2382 1357 2480 1422 Τίς
2509 1358 2726 1411 ἀκούων
2751 1359 2962 1422 πάντας
2987 1359 3113 1421 τοὺς
3134 1336 3322 1424 ἁγίους
3355 1358 3450 1413 καὶ
3484 1359 3782 1430 θεοφόρους

2200 1451 2474 1520 Πατέρας,
2503 1452 2603 1504 καὶ
2632 1453 2805 1522 αὐτὴν
2838 1453 2937 1522 τὴν
2971 1454 3028 1505 ὲν
3059 1453 3266 1524 Νικαίᾳ
3291 1453 3527 1518 σύνοδον,
3559 1444 3658 1507 ’δύο
3681 1454 3782 1522 φύ-

2202 1561 2317 1607 σεις
2361 1546 2419 1597 ὲν
2461 1544 2687 1614 Χριστῷ
2716 1544 3122 1615 κηρύττοντας,
3163 1546 3239 1609 ὡς
3267 1549 3362 1599 καὶ
3404 1550 3436 1616 ἡ
3464 1550 3522 1600 ὲν
3558 1548 3784 1614 Χαλκη-

2199 1637 2312 1689 δόνι
2352 1636 2483 1705 ἁγία
2512 1637 2753 1702 σύνοδος,
2783 1639 3067 1691 τούτέστιν
3098 1639 3206 1710 ἰδίᾳ
3234 1638 3409 1709 άληθῆ
3453 1639 3780 1708 πράγματα,

527 1751 688 1789 veras
716 1774 731 1797 ,
778 1734 1036 1788 deitatem
1074 1749 1137 1788 ac
1169 1733 1584 1797 humanitatem,
1637 1735 1690 1786 in
1730 1749 1831 1788 una
1865 1751 2097 1805 persona

2202 1729 2433 1798 θεότητα
2492 1731 2588 1782 καὶ
2647 1728 3082 1800 ἀνθρωπότητα,
3117 1732 3173 1782 ιν
3235 1731 3318 1784 ἑνὶ
3370 1730 3650 1800 προσώπῳ
3686 1733 3783 1784 καὶ

523 1845 588 1883 ac
646 1828 951 1898 hypostasi,
1005 1842 1108 1881 non
1162 1829 1230 1882 ab
1280 1828 1400 1883 istis
1453 1827 1730 1891 resilierit,
1787 1829 1981 1898 dieque
2033 1847 2095 1886 ac

524 1926 681 1968 nocte
714 1931 806 1968 eos
841 1915 1144 1978 devoverit,
1181 1915 1271 1984 qui
1307 1931 1467 1970 unam
1497 1926 1747 1971 naturam
1780 1929 1946 1974 totam
1979 1920 2096 1974 dei-

523 2014 686 2059 tatem
730 2007 782 2059 in
829 2005 1047 2060 Christo
1081 2007 1418 2077 praedicent,
1449 2022 1680 2078 eumque
1726 2010 1898 2065 media
1947 2020 2098 2080 parte

521 2098 762 2165 negent?

595 2189 662 2244 ll.
718 2190 852 2256 Quis
902 2192 1130 2244 audiens
1172 2190 1446 2245 Christum
1502 2192 1773 2248 dicentem
1836 2195 2096 2264 apostolis

521 2291 643 2347 post
680 2282 1135 2336 resurrectionem
1169 2302 1182 2336 :
1222 2281 1445 2352 Palpate
1484 2301 1584 2349 me,
1632 2303 1696 2339 ac
1729 2286 1918 2350 videte,
1968 2291 2094 2359 quia

522 2390 736 2426 carnem
767 2391 828 2426 ac
871 2389 992 2426 assa
1037 2371 1203 2428 habeo
1233 2376 1304 2440 ⁸⁸,
1356 2391 1458 2430 non
1508 2375 1710 2432 Christi
1755 2380 2096 2436 adversarios

527 2480 589 2518 ac
626 2465 980 2519 antichristus
1032 2465 1164 2520 istos
1208 2466 1580 2536 appellaverit,
1619 2469 1710 2538 qui
1748 2470 1866 2540 ejus
1898 2479 2097 2541 negent

523 2570 767 2619 carnem,
802 2569 866 2609 ac
903 2555 1076 2609 instar
1106 2567 1270 2624 guttae
1304 2557 1479 2613 mellis
1530 2567 1625 2614 aut
1667 2562 1827 2626 aceti,
1879 2561 2096 2618 deitatis

523 2646 711 2718 pelago
743 2648 1044 2702 demersam
1071 2649 1276 2714 dicant,
1303 2659 1468 2719 atque
1497 2652 1842 2718 inuisibilem,
1873 2668 1940 2709 ac
1977 2656 2096 2710 sine

522 2739 821 2794 substantia
849 2753 972 2795 esse
1000 2739 1200 2796 factam
1230 2741 1503 2798 doceant?

595 2924 684 2980 Ill.
723 2927 859 2993 Quis
909 2929 1104 2985 iterum
1132 2969 1147 2994 ,
1194 2930 1368 3001 ipsum
1421 2934 1646 2990 audiens
1692 2935 1979 2993 Dominum
2031 2954 2095 2994 ac

522 3017 690 3072 Deum
717 3030 960 3073 nostrum
986 3021 1276 3087 dicentem,
1302 3024 1427 3092 quia
1492 3025 1619 3080 Veni
1661 3029 1895 3082 animam
1923 3047 2092 3085 meam

2210 1822 2311 1892 μιᾷ
2340 1821 2655 1884 ὑποστάσει,
2685 1822 2786 1876 οὐκ
2824 1821 3149 1892 ἐκφεύξεται
3182 1822 3429 1884 τούτους,
3458 1823 3550 1875 καὶ
3583 1821 3784 1876 ἀναθε-

2207 1913 2427 1982 ματῐσει
2476 1915 2691 1983 ἡμέρας
2747 1914 2841 1967 καὶ
2883 1914 3096 1977 νυκτὸς,
3137 1915 3268 1984 μίαν
3310 1914 3474 1984 φύσιν
3495 1913 3626 1983 ὃλην
3665 1913 3785 1966 θεό-

2201 2022 2340 2074 τητα
2383 2007 2441 2058 ὲν
2484 2005 2710 2076 Χριστῷ
2757 2007 3150 2079 κηρύττοντας,
3183 2008 3276 2060 καὶ
3323 2007 3383 2059 τὸ
3407 2007 3578 2077 ἥμισυ
3611 2005 3783 2059 αὐτοῦ

2201 2097 2449 2166 ἀπαρνου
2457 2096 2655 2166 μένους
2683 2114 2698 2163 ;

2272 2187 2347 2241 B'.
2380 2188 2476 2252 Τίς
2507 2189 2723 2241 ἀκούων
2759 2186 2855 2240 τοῦ
2900 2184 3140 2258 Χριστοῦ
3188 2188 3324 2258 μετὰ
3352 2185 3452 2257 τὴν
3480 2186 3783 2241 ἀνάστασιν

2199 2279 2454 2348 λέγοντος
2503 2284 2614 2344 τοῖς
2656 2279 2979 2343 ἀποστόλοις
3005 2293 3020 2308 ’
3061 2279 3479 2349 Ψηλαςοήσατέ
3519 2296 3622 2349 μοι
3677 2279 3781 2333 καὶ

2202 2371 2359 2427 ἴδετε
2379 2416 2393 2440 ,
2427 2372 2513 2426 ὅτι
2539 2373 2739 2440 σάρκα
2767 2373 2884 2442 ἔχω
2911 2374 3009 2427 καὶ
3045 2371 3198 2429 ὀστᾶ
3223 2391 3235 2404 θ
3273 2372 3333 2425 οὐ
3373 2387 3783 2442 χριστομαχους

2201 2464 2427 2526 τούτους
2483 2465 2581 2517 καὶ
2643 2465 3023 2534 ἀντιχρίστους
3063 2463 3414 2527 ἁποκαλέσει,
3468 2465 3566 2532 τὴν
3595 2462 3780 2531 σάρκα

2202 2555 2369 2610 αὐτοῦ
2393 2556 2788 2627 ἀρνουμένους,
2813 2559 2906 2608 καὶ
2929 2557 3004 2620 ὡς
3030 2555 3268 2624 σταγόνα
3293 2553 3511 2623 μέλιτος
3536 2555 3567 2624 ἢ
3591 2554 3775 2619 ὄξους,

2201 2649 2260 2702 ἐν
2289 2647 2366 2718 τῷ
2401 2648 2629 2716 πελάγει
2690 2650 2788 2719 τῆς
2821 2647 3075 2718 θεότητος
3132 2646 3634 2716 καταποντισθῆναι
3685 2647 3780 2699 λέ-

2201 2755 2416 2806 γοντας,
2457 2739 2554 2792 καὶ
2587 2739 2842 2808 ἀόρατον,
2870 2739 2965 2791 θεαὶ
2994 2736 3267 2800 ἁνούσιον,
3299 2744 3392 2789 καὶ
3419 2735 3778 2805 ἀνύπαρκτον

2201 2832 2532 2902 γεγενῆσθαι
2568 2850 2636 2901 κη
2647 2830 2936 2902 ρύττοντας
2959 2846 2976 2897 ς
3653 2883 3660 2888 .

2274 2923 2349 2977 Γ’.
2388 2923 2489 2984 Τίς
2543 2921 2761 2974 ἀκούων
2820 2919 2984 2972 πάλιν
3046 2917 3212 2971 αὐτοῦ
3271 2915 3369 2969 τοῦ
3415 2913 3624 2985 Κυρίου
3679 2913 3782 2966 καὶ

2200 3013 2336 3067 Θεοῦ
2357 3013 2514 3083 ἡμῶν
2541 3013 2816 3080 λέγοντος,
2835 3012 2913 3063 ὅτι
2935 3009 3160 3065 Ἦλθον
3187 3007 3401 3078 ψυχήν·
3419 3024 3540 3076 μου
3565 3003 3781 3059 δοῦναι

523 3111 654 3162 dure
690 3111 1098 3180 redemptionem
1130 3129 1225 3182 pro
1256 3115 1440 3170 multis
1464 3118 1510 3149 ”
1541 3134 1556 3184 ;
1591 3133 1657 3178 ac
1684 3134 1700 3171 :
1729 3119 1840 3189 Ego
1868 3123 2097 3176 animam

2203 3105 2433 3170 λύτρον
2453 3104 2586 3157 ἀντὶ
2625 3101 2876 3156 πολλῶν
2901 3117 2915 3133 ⁸
2950 3104 3048 3154 καὶ
3073 3140 3088 3164 ,
3122 3101 3204 3154 ὅτι
3247 3097 3395 3167 Ἐγὼ
3423 3097 3537 3165 τὴν
3562 3098 3780 3164 ψυχήν

525 3215 692 3254 meam
723 3219 857 3269 pono
890 3221 983 3271 pro
1018 3205 1201 3259 ovibus
1237 3208 1365 3259 meis
1389 3207 1457 3273 ¹¹⁶;
1498 3217 1585 3262 et:
1621 3208 1786 3264 Panis
1820 3228 1975 3280 quem
2005 3229 2097 3282 ego

2201 3215 2314 3266 μου
2349 3199 2553 3266 τίθημι
2581 3194 2735 3262 ὑπὲρ
2772 3192 3377 3276 τῶνπροὸάτωνμοι)
3404 3208 3418 3222 ·
3450 3190 3542 3242 καὶ
3575 3190 3683 3251 ὅτι,
3722 3191 3778 3240 Ὀ

524 3293 684 3353 dabo,
742 3308 867 3346 caro
922 3309 1037 3346 mea
1089 3305 1203 3360 est,
1254 3311 1412 3365 quam
1451 3312 1543 3367 ego
1590 3296 1726 3350 dabo
1774 3315 1869 3365 pro
1913 3303 2098 3356 mundi

523 3382 634 3435 vita
659 3382 742 3437 ’τι
773 3383 1014 3451 itemque
1044 3383 1315 3438 dicentem
1349 3389 1416 3440 ad
1444 3385 1658 3442 Iudaeos
1688 3406 1701 3442 :
1733 3388 1926 3445 Solvite
1969 3401 2100 3447 teme

524 3472 670 3540 plum
699 3474 816 3539 hoc,
846 3486 892 3528 et
920 3477 973 3529 in
1007 3477 1174 3531 tribus
1218 3478 1400 3533 diebus
1444 3483 1680 3535 excitabo
1712 3482 1848 3537 illud
1875 3484 1921 3517 ’⁸
1950 3502 1965 3539 :
1992 3502 2099 3542 non

526 3562 684 3625 isms,
721 3576 774 3617 ut
812 3563 906 3619 Dei
940 3566 1127 3622 hostes
1160 3571 1556 3634 exsecrabitnr,
1604 3588 1667 3626 ac
1701 3573 2097 3642 adversabitur,

524 3655 617 3726 qui
651 3657 853 3711 ChriSti
885 3658 1138 3716 deitatem
1189 3677 1292 3714 una
1333 3678 1454 3716 cum
1497 3679 1661 3719 carne
1703 3667 2011 3735 passibilem
2037 3683 2101 3722 ac

527 3745 835 3811 mortalem,
873 3748 1017 3802 sicut
1049 3749 1237 3816 Arius,
1288 3749 1687 3820 blasphement,
1739 3755 2022 3826 ipsumque
2069 3773 2099 3810 a

525 3834 686 3890 Patre
715 3840 1013 3908 separent?

597 4015 686 4071 IV.
721 4016 855 4082 Quis
913 4028 1134 4074 sanctos
1188 4021 1461 4091 apOstolos
1513 4023 1777 4092 audiens,
1835 4025 2098 4085 Joannem

529 4105 890 4177 Theologum,
919 4125 981 4164 ac
1015 4127 1265 4182 magnum
1295 4113 1518 4169 Paulum
1547 4132 1562 4168 :
1606 4114 1756 4171 illum
1802 4119 2019 4188 quidem
2048 4123 2100 4178 in

530 4199 819 4267 Evangelio
851 4201 1118 4256 dicentem
1156 4219 1170 4256 :
1216 4202 1438 4260 Verbum
1476 4224 1603 4263 caro
1649 4210 1851 4281 factum
1889 4227 2003 4276 est,
2051 4225 2103 4270 et

528 4287 783 4342 habitavit
812 4291 869 4344 in
922 4293 1069 4345 nobis
1094 4293 1176 4359 ”;
1227 4294 1371 4350 hunc
1425 4309 1602 4354 autem
1666 4305 1733 4356 ad
1785 4303 2100 4360 Corinthios

2201 3289 2382 3358 ἄρτος
2412 3288 2484 3342 ὃν
2512 3286 2628 3357 ἐγὼ
2660 3286 2833 3339 δώσω
2861 3327 2876 3352 ,
2911 3285 2949 3352 ἡ
2987 3284 3143 3353 σάρξ
3164 3284 3284 3352 μού
3319 3272 3512 3347 ἐστιν,
3547 3280 3627 3349 ἢν
3662 3279 3784 3350 ἐγὼ

2199 3380 2372 3434 δώσω
2400 3378 2554 3451 ὑπὲρ
2577 3377 2692 3446 τῆς
2730 3378 2834 3432 τοῦ
2863 3377 3099 3445 κόσμου
3130 3374 3280 3442 ζωῆς
3305 3390 3320 3406 ·
3353 3376 3448 3428 καὶ
3477 3375 3610 3444 πρὸς
3640 3374 3782 3428 Ἰου-

2190 3473 2387 3535 ’δαιους
2414 3471 2675 3538 λέγοντος
2694 3487 2708 3503 ⁸
2745 3470 2984 3524 Λύσατε
3017 3468 3126 3522 τὸν
3156 3468 3306 3520 ναὸν
3327 3466 3563 3531 τοῦτον,
3589 3464 3690 3518 καὶ
3708 3464 3782 3518 ἐν

2202 3563 2406 3633 τρισὶν
2436 3562 2686 3632 ἡμέραις
2718 3561 2901 3631 ἐγερῶ
2933 3560 3120 3613 αὐτόν
3139 3575 3155 3590 ο
3185 3557 3246 3609 ού
3277 3555 3626 3628 βδελύσσεται
3656 3555 3786 3609 τού-

2199 3672 2327 3718 τους
2356 3655 2432 3717 ὡς
2466 3653 2770 3724 θεομάχους
2806 3655 2900 3705 καὶ
2925 3649 3360 3720 ἀποστρέφεται,
3397 3646 3651 3718 παθητὴν
3680 3647 3783 3701 καὶ

2201 3749 2406 3818 θνητὴν
2449 3746 2549 3816 τὴν
2598 3745 2832 3816 θεότητα
2877 3743 3116 3814 Χριστοῦ
3164 3743 3262 3795 σὺν
3300 3745 3367 3812 τῇ
3406 3741 3572 3810 σαρκὶ
3602 3739 3780 3809 βλασ-

2199 3840 2544 3910 φημοῦντας,
2589 3837 2664 3902 ὼς
2708 3840 2737 3891 ό
2787 3839 3027 3907 ΙἈρειος,
3070 3837 3166 3890 καὶ
3207 3833 3301 3888 τοῦ
3351 3833 3563 3904 Πατρδς
3613 3831 3783 3886 αὐτὸν

2201 3929 2643 4000 άποχωρξζοντας
2671 3945 2686 3995 ;

2271 4024 2344 4075 A'.
2381 4023 2477 4085 Τις
2509 4021 2728 4074 ἁκούων
2759 4017 2882 4074 ’τῶν
2924 4021 3100 4090 ἁγίων
3142 4021 3479 4084 ἀποστόλων,
3527 4019 3780 4072 Ἰωάννου

2199 4115 2294 4168 τοῦ
2341 4113 2632 4183 Θεολὸγου,
2681 4113 2778 4167 καὶ
2821 4113 2919 4166 τοῦ
2959 4113 3200 4183 μεγάλου
3234 4111 3486 4166 Παύλου·
3520 4112 3614 4164 τοῦ
3675 4110 3781 4180 μὲν

2201 4197 2454 4274 λέγοντος
2508 4207 2567 4258 ὲν
2616 4203 2698 4274 τῷ
2750 4203 3099 4275 Εὑαγγελίῳ,
3132 4205 3214 4257 ὅτι
3253 4204 3319 4256 '0
3369 4203 3561 4272 Λόγος
3618 4200 3781 4269 σὰρξ

2200 4299 2462 4367 ἐγένετο,
2514 4297 2613 4352 καὶ
2668 4297 3026 4363 ἐσκήνωσεν
3067 4297 3139 4350 ἐν
3180 4295 3328 4366 ἡμῖν
3365 4314 3378 4328 ο
3432 4295 3527 4348 τοῦ
3558 4295 3614 4348 δὲ
3641 4295 3784 4362 γρὰο

525 4381 879 4448 scribentem,
911 4395 965 4438 et
992 4385 1044 4440 in
1075 4388 1189 4440 haec
1220 4389 1382 4442 verba
1417 4405 1513 4446 nos
1547 4393 1908 4464 alloquentem
1940 4415 1954 4452 :
1996 4397 2097 4451 Vos

2204 4410 2394 4462 φοντος
2427 4392 2524 4446 καὶ
2552 4393 2687 4461 πρὸς
2721 4392 2868 4462 ἡμᾶς
2899 4391 3174 4456 λέγοντοςο
3211 4390 3412 4459 ’Υμεῖς
3441 4390 3582 4443 ἐστε
3605 4387 3782 4457 σῶμα

524 4472 649 4526 estis
683 4490 871 4543 corpus
925 4475 1148 4544 Christi,
1204 4496 1265 4533 ac
1304 4488 1531 4535 membra
1578 4499 1644 4538 ea:
1687 4499 1835 4550 parte
1861 4487 1940 4552 ³⁹;
1993 4495 2090 4543 et:

2201 4483 2474 4552 Χριστοῦ,
2499 4483 2594 4536 καὶ
2622 4484 2778 4552 μέλη
2801 4485 2870 4535 ἐκ
2889 4484 3133 4550 μέρους·
3161 4483 3277 4545 καὶ,
3305 4483 3387 4534 ὅτι
3414 4483 3489 4535 Τὰ
3526 4483 3780 4548 σώματα

526 4567 760 4634 Corpora
816 4579 983 4622 vestra
1018 4571 1248 4624 membra
1297 4585 1416 4626 sunt
1464 4574 1664 4628 Christi
1696 4577 1779 4642 ³ί;
1814 4588 1865 4630 et
1898 4595 1912 4632 :
1945 4578 2097 4634 Chri-

2201 4577 2366 4644 ὑμῶν
2397 4577 2553 4647 μέλη
2581 4575 2843 4643 Χριστοῦ
2871 4576 3045 4628 ἐστιν
3073 4590 3088 4605 ⁸
3127 4576 3256 4636 καὶ,
3290 4576 3372 4628 ὃτι
3408 4575 3474 4628 '0
3515 4573 3778 4641 Χριστὸς

525 4665 634 4709 stus
664 4674 755 4725 per
783 4661 959 4712 omnia
985 4661 1160 4728 [actus
1191 4675 1267 4716 est
1297 4665 1444 4719 nobis
1471 4668 1660 4719 similis
1691 4671 1867 4733 homo,
1903 4670 2097 4742 absque

2201 4670 2348 4722 κατὰ
2379 4669 2576 4720 πάντα
2611 4667 2748 4732 ἴσος
2799 4665 2941 4734 ἡμῖν
2982 4666 3152 4719 ἐστιν
3191 4665 3502 4732 ἅνθρωπος
3527 4704 3542 4730 ,
3596 4663 3780 4734 χωρὶς

522 4763 732 4818 peccato
760 4752 840 4818 ";
874 4769 980 4807 non
1010 4757 1229 4810 damnet
1256 4758 1450 4810 horum
1480 4761 1842 4814 temeritatem
1888 4778 1951 4817 ac
1989 4779 2097 4818 ne—

2204 4760 2496 4828 ἀμαρτίας
2528 4773 2543 4788 ο
2571 4760 2632 4810 ού
2671 4756 3076 4825 καταγινώσκει
3106 4758 3316 4826 τόλμης
3357 4758 3451 4810 καὶ
3489 4758 3776 4827 ἀρνήσεως

524 4844 829 4910 gationem;
863 4855 922 4898 ut
948 4845 1200 4901 Christus
1237 4840 1465 4902 mortale
1492 4865 1689 4918 corpus
1722 4867 1782 4904 ac
1813 4853 2096 4920 passibile,

523 4933 871 5003 ejusdemque
901 4937 1178 4991 nobiscum
1213 4939 1533 4993 substantia:
1563 4955 1670 4994 non
1702 4943 2099 5010 assumpserit:

524 5025 616 5076 sed
658 5037 856 5091 corpus
901 5027 1152 5080 immune
1181 5043 1210 5081 a
1264 5032 1620 5098 corruptione
1680 5041 1734 5086 et
1776 5032 2098 5099 immortale,

2200 4851 2409 4904 τούτων
2436 4867 2450 4881 δ
2476 4853 2561 4903 ὅτι
2609 4849 2770 4919 σῶμα
2832 4849 3026 4918 θνητὸν
3067 4848 3162 4902 καὶ
3194 4849 3453 4918 φθαρτὸν,
3502 4848 3600 4901 καὶ
3640 4850 3777 4917 ἡμῖν

2200 4941 2520 5012 ὁμοούσιον,
2553 4942 2580 4992 ὁ
2612 4940 2850 5011 Χριστὸς
2881 4942 2982 4993 οὐκ
3014 4940 3278 4994 ἀνέλαϐεν
3306 4955 3320 4970 ⁶
3354 4941 3472 4994 ἀλλ’
3498 4940 3778 5009 ἄφθαρτον

2204 5033 2366 5103 σῶμα
2414 5032 2512 5085 καὶ
2561 5031 2829 5084 ἀθάνατον
2851 5071 2866 5097 ,
2897 5032 2993 5084 καὶ
3023 5033 3279 5100 ἀνόμοιον
3311 5033 3464 5102 ἡμῖν,
3494 5031 3589 5083 καὶ
3621 5030 3780 5084 ἀλλύε-

526 5126 818 5182 nostroque
841 5117 1128 5182 dissimile,
1161 5135 1224 5174 ac
1253 5121 1490 5174 alienum
1517 5122 1585 5175 ab
1607 5123 1828 5176 humani
1858 5127 2097 5193 corporis

2201 5141 2388 5195 τριον;
2421 5122 2609 5177 Ταῦτα
2635 5125 2746 5194 γὰρ
2786 5123 3042 5190 λέγοντες
3083 5123 3134 5176 οι
3186 5122 3470 5192 θεομάχοι,
3518 5121 3644 5176 οὔτε
3681 5123 3780 5175 τὸν

525 5208 773 5262 ratione?
807 5210 908 5276 Qui
953 5213 1095 5265 enim
1130 5215 1245 5268 haec
1279 5215 1463 5269 dicant
1495 5215 1586 5270 Dei
1633 5217 1956 5282 adversarii,
2004 5233 2097 5273 nec

2203 5217 2380 5285 Λόγον
2415 5217 2599 5287 σάρκα
2628 5216 2946 5283 γεγονέναι,
2989 5217 3084 5268 καὶ
3132 5218 3191 5267 ὲν
3224 5217 3358 5286 ἡμῖν
3405 5215 3780 5286 ὲσκηνωκέναι

526 5299 758 5356 Verbum
790 5319 1012 5357 carnem
1055 5304 1256 5359 factum
1309 5308 1557 5372 credunt,
1597 5297 1663 5362 et
1707 5308 1986 5364 habitasse
2037 5311 2090 5364 in

523 5393 700 5458 nobis,
730 5409 828 5448 nec
858 5409 955 5450 nos
984 5395 1186 5450 Christi
1217 5402 1505 5467 corpus'et
1531 5399 1772 5454 membra
1802 5409 2089 5467 asserunt;

519 5499 650 5554 qum
691 5487 856 5541 etiam
901 5487 1173 5556 apostolos
1215 5482 1504 5546 mendaees
1557 5504 1621 5545 ac
1664 5493 1978 5547 seductores
2008 5491 2093 5545 fa-

2203 5308 2560 5363 πιστεύουσιν
2587 5325 2601 5340 ο
2636 5309 2761 5363 οὔτε
2806 5311 2952 5380 ἡμᾶς
3005 5310 3166 5381 σῶμα
3207 5311 3449 5379 Χριστοῦ
3516 5312 3606 5363 καὶ
3636 5310 3777 5380 μέλη

2201 5400 2572 5471 κηρύττουσιν
2598 5417 2614 5433 ο
2667 5401 2806 5455 ἀλλὰ
2860 5403 2954 5456 καὶ
3004 5405 3130 5468 τοὺς
3162 5404 3494 5466 ἀποστόλους
3533 5403 3780 5473 ψεύστας

2207 5491 2304 5546 καὶ
2347 5494 2588 5558 πλάνους
2634 5494 2848 5566 ἔχουσιν
2873 5511 2888 5526 ⁸
2929 5493 3055 5548 οὕτε
3089 5497 3179 5550 τὸν
3210 5498 3462 5569 Χριστὸν
3489 5497 3780 5567 ὁμοούσιον

594 5673 641 5706 ’⁸
681 5673 812 5728 Luc.
845 5689 994 5746 sxw,
1024 5673 1116 5728 '59.
1191 5677 1236 5708 ’³
1275 5673 1465 5746 Matth,
1499 5689 1592 5746 ξπ,
1627 5671 1721 5726 98.
1797 5675 1844 5706 ³⁸
1880 5674 2041 5746 Ιοοη.
2077 5691 2097 5729 ι

2201 5674 2272 5729 l7.
2347 5678 2392 5710 "
2426 5674 2584 5734 Joan.
2621 5693 2708 5746 v1,
2755 5677 2844 5733 ΒΞ.
2950 5678 2995 5711 ³⁸
3032 5675 3190 5735 Joan.
3234 5693 3272 5732 ιι
3298 5715 3314 5744 ,
3349 5630 3437 5734 19.
3533 5676 3578 5708 ²’
3611 5673 3776 5732 Joan.

526 5759 578 5810 ι,
613 5746 702 5800 id.
777 5747 820 5778 ³⁰
856 5744 877 5798 ι
910 5745 1038 5799 Cor.
1074 5761 1172 5816 xu,
1199 5747 1291 5799 27.
1366 5745 1408 5778 ³¹
1445 5743 1618 5799 lCor.
1653 5760 1728 5810 νι,
1756 5746 1843 5800 45.
1921 5748 1964 5780 ³²
1996 5745 2097 5801 Hel

2201 5761 2270 5814 tv,
2301 5747 2388 5802 15.
