4088 6406
427 338 565 405 1193

1485 334 1771 397 ORATIO
1813 336 1839 394 Ι
1880 333 2177 395 CONTRA
2222 327 2640 392 ARMENIOS.

3533 316 3672 380 1194

417 453 556 523 ἡμῖν
583 451 876 521 ἄνθρωπον
892 449 1180 519 γεγονέναι
1208 445 1584 516 ὁμολογοῦσιν.
1613 447 1676 500 Εἰ
1704 445 1761 498 δὲ
1787 445 1856 498 τὰ
1882 445 1992 496 σώ-

2105 442 2246 496 cinnt
2273 457 2287 503 ;
2338 456 2438 496 nec
2463 439 2737 495 Christum
2765 438 2920 493 nobis
2950 433 3470 490 consubstantialem
3498 434 3676 488 homi-

417 560 563 614 ματα
596 542 755 613 ήμῶν
795 541 965 610 θνητὰ
993 543 1086 595 καὶ
1113 539 1352 611 φθαρτὰ,
1388 540 1416 592 6
1444 540 1621 608 μέγας
1660 536 1988 598 Ἀπόστολος

413 637 575 705 σῶμα
611 635 875 706 Χριστοῦ,
929 637 1025 688 καὶ
1084 635 1223 704 μέλη
1279 633 1538 703 ἐκήρυξε,
1590 631 1688 683 καὶ
1745 632 1773 683 6
1817 631 1990 697 Λόγος

415 728 557 797 σὰρξ
592 727 833 795 ἐγένετο,
865 728 959 778 καὶ
985 727 1302 796 ἐσκήνωσεν
1332 727 1390 775 ἐν
1425 725 1561 793 ἡμῖν
1587 764 1600 782 ,
1637 720 1713 783 ὡς
1741 721 1770 772 6
1800 719 1991 772 Θεολύ-

414 837 512 888 γος
558 819 749 890 ἔφησε·
782 818 1049 889 πρόδηλον
1074 819 1154 870 ὅτι
1176 817 1244 869 τὰ
1273 816 1499 885 σώματα
1529 813 1637 866 τῶν
1662 812 1987 883 Ἀρμενίων,

413 912 476 963 οὐ
511 909 741 978 σώματα
768 911 864 962 καὶ
899 910 1035 979 μέλη
1064 907 1304 979 Χριστοῦ
1338 909 1476 961 εἰσιν
1497 929 1514 944 υ
1541 904 1678 958 ἀλλὰ
1696 904 1788 958 τοῦ
1815 904 1994 956 Σατα-

414 1003 502 1065 νᾶ,
535 1000 632 1054 τοῦ
692 1000 1076 1070 σκηνώσαντος
1124 1003 1184 1053 ὲν
1216 1002 1331 1064 τοῖς
1373 999 1622 1070 σώμασιν
1654 996 1855 1060 αὐτῶν,
1898 994 1992 1047 καὶ

411 1092 514 1156 τὰς
548 1091 794 1162 αἱρέσεις
839 1092 1024 1146 αὐτῶν
1056 1092 1426 1152 διδάσκοντος.
1462 1091 1556 1143 καὶ
1591 1088 1659 1140 τὰ
1691 1086 1908 1151 ζιζάνια
1935 1086 1992 1137 ὲν

419 1183 604 1245 αὐτοῖς
635 1181 1102 1252 ὑποσπείραντος,
1155 1183 1250 1236 καὶ
1278 1182 1379 1250 τὴν
1421 1180 1617 1232 ἑαυτοῦ
1669 1177 1990 1248 Θεομαχίαν,

417 1277 514 1329 καὶ
564 1277 908 1330 ἀποστασίαν
965 1277 1152 1340 αὐτοῖς
1202 1275 1618 1336 ύποϐάλλοντος.
1671 1271 1860 1334 Οῦτως
1901 1269 1994 1324 οῦν

417 1365 584 1433 οῦτοι,
613 1369 844 1430 ἑαυτοὺς
865 1367 959 1421 τοῦ
980 1365 1223 1439 Χριστοῦ
1240 1365 1652 1436 ἁλλοτριοῦντες
1674 1365 1723 1418 οἱ
1753 1362 1990 1424 ἀσεϐεῖς,

425 1461 528 1512 οὐκ
557 1459 932 1529 αἰσχύνονται.

495 1638 570 1691 E'.
615 1639 712 1698 Τίς
742 1635 958 1692 ἁκούων
991 1638 1098 1689 τῶν
1146 1637 1467 1690 ἀποστόλων
1509 1635 1608 1688 καὶ
1657 1632 1766 1686 τῶν
1823 1631 1997 1698 ἁγίων

420 1730 704 1796 Πατέρων,
753 1731 854 1796 τὴν
906 1729 1162 1797 γέννησιν
1221 1727 1317 1779 τοῦ
1375 1725 1534 1791 Θεοῦ,
1595 1725 1692 1778 καὶ
1739 1725 1995 1794 Σωτῆρος

425 1819 585 1890 ἡμῶν
629 1819 804 1889 Ἰησοῦ
850 1819 1117 1889 Χριστοῦ,
1173 1817 1402 1888 πρώτην
1448 1817 1668 1888 ἑορτήν,
1697 1817 1795 1868 καὶ
1838 1815 1996 1885 ῥίζαν
2033 1801 2071 1853 Β

417 1915 514 1968 καὶ
557 1913 754 1984 ἀρχὴν,
813 1914 907 1965 καὶ
959 1912 1168 1982 ἑορτῶν
1218 1912 1437 1982 ἑορτὴν,
1499 1909 1596 1963 καὶ
1660 1909 1996 1980 μητρόπολιν

418 2009 610 2062 πασῶν
669 2005 874 2076 ἑορτῶν
927 2005 1310 2073 ὀνομαζόντων
1357 2020 1370 2034 ⁸
1431 2003 1657 2066 τούτους
1703 2003 1806 2056 κᾶν
1858 2000 1998 2064 ὅλως

417 2101 782 2170 Χριστιανοὺς
823 2098 1132 2165 λογίσηται,
1165 2098 1365 2167 καὶμὴ
1414 2097 1618 2166 μᾶλλον
1671 2097 1996 2166 ἁρνησιχρί-

419 2207 582 2253 στους
608 2192 703 2242 καὶ
726 2189 1094 2252 διαϐολικοὺς,
1128 2188 1254 2258 μηδ’
1281 2189 1417 2251 ὅλως
1440 2188 1538 2257 τὴν
1554 2188 1812 2256 γέννησιν
1833 2187 1996 2240 αὐτοῦ

424 2281 869 2353 μνημονεύοντας
903 2281 936 2353 ἢ
971 2282 1374 2353 ἑορτάζοντας;

493 2460 566 2512 Ζ’.
610 2459 705 2520 Τίς
737 2457 950 2511 ἁκούων
979 2457 1084 2510 τῶν
1115 2458 1288 2526 ἁγίων
1316 2459 1574 2528 Πατέρων
1599 2458 1692 2510 δύο
1717 2459 2000 2529 θελήματα

422 2552 647 2621 φυσικὰ,
682 2551 778 2604 καὶ
809 2551 903 2604 δύο
933 2552 1168 2619 φυσικὰς
1202 2551 1483 2621 ἐνεργείας
1533 2551 1591 2603 ἐν
1629 2551 1854 2622 Χριστῷ
1894 2569 1999 2623 κη-

423 2643 739 2713 ρύττοντας,
780 2643 962 2706 καθὼς
996 2643 1156 2705 αὐτὸς
1205 2645 1233 2696 ὁ
1284 2641 1488 2712 Κύριος
1531 2642 1590 2694 ὲν
1642 2642 1998 2711 Εὑαγγεὶίοις

422 2736 665 2788 διδάσκει
714 2734 773 2787 ού
807 2734 1039 2798 δικαίως
1079 2735 1359 2804 μέμψεται
1407 2734 1654 2798 τούτους,
1711 2735 1786 2798 ὡς
1825 2738 2003 2790 Μανι-

423 2825 638 2897 χαίους,
684 2827 776 2878 καὶ
831 2825 1342 2896 Ἀπολλιναριστὰς,
1401 2826 1495 2878 καὶ
1548 2826 1999 2896 Εὐτυχιανιστὰς,

429 2916 569 2984 μήτε
631 2914 877 2984 θέλησιν,
943 2916 1081 2983 μήτε
1143 2917 1427 2987 ἐνέργειαν
1479 2918 1882 2988 ὁμολογοῦντας
1943 2922 2000 2971 ἒν

424 3008 649 3076 Χριστῷ
681 3026 696 3040 ο
735 3007 876 3061 ἁλλὰ
919 3009 1053 3076 μίαν
1097 3009 1317 3079 Οέλησιν
1367 3011 1460 3063 καὶ
1513 3011 1820 3080 ἐνέργειαν,
1863 3012 1938 3074 ὡς
1974 3015 2001 3063 6

428 3101 668 3170 Ἀρειος,
708 3104 801 3155 ἐπὶ
835 3103 1076 3173 Χριστοῦ
1104 3102 1500 3172 κηρύττοντας,
1527 3104 1620 3154 καὶ
1645 3103 1745 3172 τὴν
1772 3103 2001 3172 Θεότῃτα

423 3192 595 3245 αὐτοῦ
625 3195 1011 3265 εὐτελέστερον
1040 3193 1134 3246 τοῦ
1161 3195 1373 3265 [ἰατρὸς
1400 3194 1781 3258 δεικνύοντας.

494 3287 568 3338 Z'.
612 3284 708 3348 Τίς
737 3285 883 3354 ὁρῶν
923 3287 1016 3337 καὶ
1051 3285 1268 3338 ἀκούων
1317 3286 1416 3348 τὰς
1471 3287 1860 3356 πανηγυρικὰς
1904 3286 2002 3338 αὺ-

419 3374 532 3426 τῶν
563 3375 801 3445 βίϐλους.
833 3375 938 3438 τὰς
979 3376 1305 3446 Ἀρμενιστὶ
1341 3375 1745 3444 γεγραμμένας
1796 3376 2000 3437 πάσας,

421 3466 517 3520 δύο
553 3467 768 3536 φύσεις,
808 3469 903 3519 καὶ
929 3468 1023 3519 δύο
1049 3468 1333 3536 ἐνεργείας
1368 3468 1665 3537 προφανῶς
1696 3469 1753 3519 ἐν
1781 3464 2003 3536 Χριστῷ

424 3559 827 3630 κηρυττούσας,
862 3560 1044 3622 καθὼς
1083 3561 1344 3630 μυριάκις
1395 3559 1756 3626 ὑπεδείξαμεν
1794 3559 1999 3622 αὐτοῖς,

423 3651 518 3703 καὶ
561 3650 872 3721 ἡλέγξαμεν
918 3653 977 3715 ἐξ
1022 3651 1202 3703 αὐτῶν
1228 3650 1337 3702 τῶν
1367 3651 1512 3702 ἰδίων
1539 3649 1782 3718 βιϐλίων,
1809 3650 1870 3702 ού
1907 3650 2003 3701 θα-

422 3741 586 3795 νάτου
614 3743 833 3812 ἐνόχους
865 3743 1029 3805 ἀξίως
1061 3741 1503 3802 καταδικάσειεν,
1537 3740 1613 3803 ὡς
1642 3741 1882 3810 ἀρνητὰς
1905 3740 2001 3792 τοῦ

424 3835 688 3906 Χριστοῦ,
717 3836 812 3888 καὶ
842 3835 968 3890 τῶν,
982 3834 1154 3901 ἁγίων
1194 3835 1460 3903 Πατέρων
1495 3833 1746 3903 ἐχθροὺς,
1780 3834 1876 3885 καλ⁵
1905 3849 2004 3884 πο-

421 3928 670 3997 λεμίους,
704 3927 812 3980 τῶν
843 3945 902 3980 τε
945 3928 1237 3997 Ῥωμαίων
1261 3965 1275 3990 ,
1303 3927 1400 3978 καὶ
1441 3926 1740 3996 Ἀρμενίων
1759 3924 2005 3995 ἀρχαίων

422 4020 760 4072 διδασκάλων
785 4018 1186 4083 θεοπνεύστων;
1213 4018 1374 4080 Τίνες
1402 4013 1494 4071 οὖν
1521 4019 1702 4085 ἕτεροι
1730 4019 2003 4087 αἱρετικοὶ

425 4111 822 4179 ἀσεϐήσαντες,
848 4107 1026 4171 οὕτως
1058 4108 1485 4178 ἁνῃσχύντησαν
1525 4108 1716 4179 ὥσπερ
1745 4105 1912 4171 οὗτοι,
1954 4108 2004 4160 οἱ

420 4199 483 4252 τὸ
506 4198 836 4266 Εὑαγγέλιον
867 4198 960 4249 τοῦ
986 4198 1223 4268 Χριστοῦ
1269 4199 1561 4268 περικόψαι
1600 4201 1696 4252 καὶ
1752 4216 2006 4269 παραχα-

420 4293 582 4364 ράξαι
614 4294 1010 4364 τολμήσαντεςς
1570 4298 1591 4326 ¹

495 4389 577 4444 ιιι.
617 4389 738 4442 Τῶν
761 4387 932 4455 ἁγίων
958 4385 1217 4456 Πατέρων
1246 4383 1552 4454 συμφώνως
1576 4385 1666 4438 τὸν
1707 4386 2004 4457 Τρισάγιον

423 4482 616 4552 ὕμνον,
645 4483 724 4544 εἰς
765 4483 864 4552 τὴν
895 4479 1060 4548 ἁγίαν
1084 4479 1126 4531 Τ
1133 4479 1290 4548 ριάδα
1322 4478 1637 4546 σεραφικῶς
1685 4481 1782 4532 καὶ
1837 4481 2003 4547 εὐαγ-

423 4574 661 4642 γελικῶς
691 4572 1153 4642 ἅναπεμπόντων·
1184 4571 1280 4624 καὶ
1308 4571 1523 4624 πάντων
1559 4572 1671 4622 τῶν
1697 4573 2003 4642 ἀρχιερέων

418 4670 518 4738 τῆς
549 4667 796 4738 μεγάλης
825 4665 1038 4727 πόλεως
1057 4663 1297 4734 Ῥώμης,
1334 4664 1414 4724 εἰς
1443 4662 1544 4732 τήν
1573 4663 1739 4730 ἁγίαν
1771 4666 2000 4734 Ἰ“ριάό;ι,

419 4764 515 4816 τὸν
552 4761 853 4832 Τρισάγιον
887 4758 1057 4829 ῦμνον
1079 4797 1094 4821 ,
1128 4757 1236 4810 ἀπὸ
1269 4756 1380 4808 τῶν
1421 4756 1738 4826 κορυφαίων
1769 4760 2003 4810 ἀποστό-

419 4855 530 4906 λων
565 4849 997 4921 ἀναπέμπεσθαι
1042 4848 1383 4919 παραλαϐεἶν
1405 4848 1851 4919 μαρτυρούντων,
1909 4851 2003 4904 καὶ

425 4947 641 5020 μυρίοις
685 4945 996 5014 ἁναθέμασι
1045 4947 1142 4996 καὶ
1196 4941 1596 5013 καθαιρέσεσι,
1649 4942 1857 5012 Πέτρον
1910 4945 2003 4996 τὸν

423 5039 653 5106 Κναφέα
708 5034 1242 5091 καθυποϐαλλόντων
1303 5032 1394 5086 διὰ
1452 5033 1553 5103 τὴν
1607 5035 1664 5085 ὲν
1717 5032 2003 5105 Τρισαγίῳ

423 5134 747 5203 προσθήκην
776 5149 791 5162 ο
823 5130 906 5194 τίς
937 5130 999 5183 οὐ
1053 5127 1262 5180 τέλειον
1298 5126 1522 5190 τούτους
1577 5128 1861 5197 μισήσειεν
1910 5131 2003 5181 καὶ

422 5226 915 5296 ἀποστραφήσεται
951 5223 1026 5285 ὡς
1074 5219 1314 5284 ἀσεϐεῖς,
1361 5219 1458 5273 καὶ
1503 5219 1859 5290 βλασφήμους
1909 5221 2005 5273 καὶ

422 5319 776 5384 κακοδόξους,
812 5317 873 5368 οὐ
908 5316 1070 5385 μόνον
1100 5314 1199 5384 τὴν
1241 5312 1408 5381 ἁγίαν
1436 5313 1646 5381 Τριάδα
1684 5313 2008 5382 σταυρωθῆ-

424 5429 516 5465 ναι
545 5409 1008 5480 βλασφημοῦντας
1037 5429 1053 5445 ο
1095 5411 1231 5464 ἀλλὰ
1266 5409 1362 5462 καὶ
1393 5409 1486 5461 τὸν
1518 5408 1615 5461 ἕνα
1644 5409 1878 5479 Χριστὺν
1911 5411 2006 5461 τὸν

425 5508 556 5560 Υἱον
579 5506 673 5562 τοῦ
705 5505 867 5568 Θεοῦ,
895 5505 969 5568 ὡς
994 5507 1021 5558 ὁ
1052 5505 1372 5575 Νεστὸριος,
1412 5505 1491 5564 είς
1519 5501 1610 5554 δύο
1642 5503 1791 5564 υἱοὺς
1838 5503 2003 5571 χωρί-

423 5600 637 5668 ζοντας.

497 5693 576 5750 Θ’.
621 5697 682 5748 Εἰ
707 5694 765 5748 δὲ
795 5693 1144 5764 ἐλεγχόμενοι
1176 5691 1569 5759 ἀποκρίνονται
1601 5689 1850 5753 λέγοντες
1877 5704 1890 5717 ·
1922 5688 2005 5740 ὅτι

426 5789 590 5858 ἡμεῖς
637 5787 737 5840 οὐκ
791 5787 870 5846 εἰς
927 5784 1027 5853 τὴν
1088 5783 1256 5851 ἁγίαν
1311 5780 1520 5851 Τριὰδα
1565 5782 1655 5834 τὸν
1711 5780 2006 5851 Τρισάγιον

763 5882 1028 5944 Panaca.
1071 5881 1188 5939 Gn.
1229 5875 1518 5939 CXXXII.

2097 548 2217 586 nem
2252 534 2456 587 factum
2486 532 2840 587 confitentur.
2868 529 3024 595 Quod
3059 528 3102 581 si
3131 540 3357 597 magnus
3397 524 3675 595 apostolus

2093 625 2328 691 Paulus,
2383 625 2632 679 mortalia
2681 639 2746 677 ac
2785 621 3158 691 corruptibilis
3193 632 3420 685 corpora
3462 626 3672 680 nostra,

2093 716 2295 770 Christi
2330 732 2530 786 corpus
2563 732 2626 770 ac
2659 715 2902 771 membra
2937 713 3248 782 praedicavit
3283 728 3297 764 :
3328 710 3676 778 Verbumque

2096 823 2224 862 caro
2256 808 2457 862 factum
2495 818 2599 874 est,
2639 819 2693 862 et
2729 808 2992 861 habitavit
3021 806 3075 858 in
3112 804 3289 868 nobis,
3317 801 3680 873 quemadmo-

2103 902 2230 953 dum
2268 900 2508 956 Joannes
2557 900 2865 970 Tlteologus
2914 899 3090 953 dixit:
3125 897 3298 965 palatn
3352 905 3436 948 est
3482 895 3680 948 Arme-

2100 992 2314 1045 niorum
2343 1007 2595 1061 corpora,
2622 993 3042 1059 haudquaquam
3070 987 3274 1043 Christi
3305 1000 3425 1040 esse
3448 997 3677 1053 corpora

2099 1098 2162 1136 ac
2196 1084 2460 1148 membra,
2498 1085 2591 1139 sed
2626 1083 2843 1138 Satanae
2877 1082 3179 1136 habitantis
3215 1080 3270 1132 in
3312 1093 3498 1132 eorum
3553 1090 3680 1131 cor-

2101 1176 2346 1244 poribus,
2379 1190 2677 1245 corumque
2707 1175 2953 1229 docentis
2985 1174 3244 1236 haereses,
3280 1186 3344 1225 ac
3373 1170 3584 1224 zizania
3622 1170 3676 1224 in

2100 1266 2180 1320 eis
2231 1266 2576 1330 seminantis,
2626 1280 2890 1332 suamque
2924 1264 3031 1318 illis
3075 1265 3355 1316 adversam
3406 1261 3459 1314 in
3508 1259 3678 1314 Deum

2101 1363 2341 1411 mentem
2411 1371 2474 1410 ac
2533 1354 2892 1410 defectionem
2960 1353 3322 1424 suggerentis.
3392 1351 3483 1406 Sic
3548 1365 3682 1420 ergo

2103 1447 2317 1516 impios,
2374 1447 2467 1518 qui
2517 1463 2575 1503 se
2612 1464 2641 1502 a
2684 1448 2903 1501 Christo
2936 1447 3141 1500 alienos
3181 1443 3538 1510 constituant,
3571 1457 3681 1496 non

2101 1537 2311 1604 pudet?

2178 1627 2245 1681 ν.
2278 1627 2411 1693 Quis
2461 1628 2688 1683 audiens
2735 1630 3013 1698 apostolos
3065 1645 3126 1682 ac
3179 1637 3404 1684 sanctos
3450 1629 3682 1690 Patres,

2113 1720 2206 1774 Dei
2241 1736 2305 1774 ac
2333 1719 2639 1774 Salvatoris
2667 1722 2840 1774 nostri
2870 1721 2996 1775 Jesu
3021 1721 3226 1775 Christi
3255 1721 3488 1775 natalem
3513 1721 3684 1780 diem,

2103 1814 2336 1881 primam
2386 1812 2816 1874 solemnitatem,
2859 1813 3206 1882 radicemque
3255 1828 3318 1867 ac
3359 1812 3684 1883 principium

2104 1905 2533 1968 solemnitatum,
2575 1920 2638 1958 ac
2673 1905 3078 1959 solemnitatum
3113 1906 3536 1970 solemnitatem,
3563 1921 3687 1960 om-

2110 1997 2372 2066 niumque
2442 1999 2852 2052 solemnitatum
2903 2001 3243 2068 metropolim
3313 1998 3681 2068 appellantes,

2108 2090 2244 2144 istos
2273 2089 2494 2144 omnino
2525 2090 2870 2145 Christianos
2905 2091 3220 2155 arbitretur,
3272 2106 3335 2145 ac
3370 2107 3473 2144 non
3513 2093 3685 2162 magis

2106 2181 2384 2236 Christum
2443 2194 2744 2252 negantes,
2801 2198 2864 2236 ac
2924 2183 3250 2247 diabolicos,
3321 2184 3410 2252 qui
3480 2184 3681 2238 nullam

2106 2273 2332 2326 omnino
2373 2273 2491 2342 ejus
2534 2274 2734 2329 natalis
2785 2275 3105 2329 memoriam
3161 2274 3402 2340 faciant,
3462 2287 3556 2330 aut
3589 2292 3685 2332 cc-

2108 2364 2316 2419 lehrent
2338 2365 2362 2417 ?

2186 2455 2272 2508 Vl.
2311 2455 2443 2522 Quis
2477 2456 2703 2510 audiens
2735 2466 2956 2511 sanctos
2989 2455 3205 2520 Patres,
3243 2457 3519 2511 naturales
3550 2458 3686 2512 duas

2109 2548 2441 2610 voluntates,
2467 2563 2530 2602 ac
2559 2549 2694 2602 duas
2722 2549 2996 2602 naturales
3019 2549 3366 2618 operationes
3387 2550 3439 2602 in
3461 2549 3684 2605 Christo

2112 2642 2492 2708 prtedicantcs,
2519 2641 2671 2709 juxta
2701 2642 2843 2709 quod
2874 2643 2987 2708 ipse
3021 2643 3283 2695 Dominus
3311 2641 3362 2694 in
3393 2640 3685 2710 Evangelia

2109 2735 2311 2798 docet,
2370 2751 2475 2788 non
2530 2733 2764 2797 merito,
2839 2733 2960 2786 illos
3014 2743 3266 2801 tanquam
3323 2732 3688 2798 Manicltmos,

2111 2826 2532 2896 Apollinaristas
2557 2866 2572 2890 ,
2626 2842 2689 2880 ac
2721 2826 3163 2897 Eutychianistas
3211 2826 3555 2892 criminetur,
3596 2830 3688 2896 qui

2113 2935 2214 2974 nec
2266 2919 2627 2986 voluntatem,
2671 2934 2770 2974 nec
2819 2920 3191 2988 operationem
3227 2919 3590 2974 conﬁteantur
3632 2921 3686 2974 in

2110 3006 2367 3077 Christo;
2420 3013 2514 3066 sed
2577 3027 2738 3065 unam
2776 3013 3110 3066 voluntatem
3168 3027 3230 3066 ac
3278 3015 3689 3082 operationem,

2113 3101 2471 3166 velutArius,
2522 3102 2574 3154 in
2625 3103 2844 3156 Christo
2887 3103 3137 3166 doceant,
3178 3104 3405 3172 ejusque
3433 3106 3688 3159 deitatem

2028 3175 2070 3230 (ἶ
2108 3191 2341 3246 Paterna
2377 3194 2726 3262 abjectiorem
2761 3196 3090 3249 ostendant?

2181 3283 2291 3338 νη.
2324 3283 2460 3352 Quis
2492 3286 2688 3341 videns
2741 3302 2805 3341 ac
2844 3288 3073 3341 audiens
3109 3301 3295 3341 eorum
3331 3289 3688 3360 panegyricos

2107 3391 2171 3431 ac
2226 3386 2543 3432 sanctorum
2611 3381 2996 3434 exornatorios
3050 3379 3216 3432 libros
3271 3395 3494 3442 omnes,
3555 3381 3690 3434 duas

2106 3479 2374 3533 naturas,
2440 3484 2503 3521 ac
2556 3471 2691 3523 duas
2737 3472 3042 3522 voluntates
3103 3469 3307 3536 liquido
3367 3471 3418 3522 in
3473 3470 3692 3525 Christo

2107 3558 2488 3627 praedicantes,
2528 3561 2605 3613 uti
2643 3561 2914 3614 sexcentis
2955 3561 3159 3613 vicibus
3199 3561 3538 3616 ostendimus
3586 3564 3689 3626 cis,

2108 3667 2281 3720 exque
2316 3651 2423 3705 illis
2459 3668 2550 3706 eos
2584 3653 2982 3720 redarguimus,
3031 3667 3134 3704 non
3171 3654 3364 3706 mortis
3404 3669 3524 3708 reos
3559 3671 3691 3708 ('Oll-

2108 3743 2352 3804 demnet,
2393 3753 2650 3811 tanquam
2701 3759 2794 3797 eos
2839 3743 2930 3810 qtti
2993 3742 3273 3797 Christum
3327 3755 3561 3812 negent,
3628 3761 3693 3800 ac

2111 3837 2319 3888 sant-tis
2349 3835 2604 3888 Palribus
2639 3836 3022 3898 adversentur,
3068 3835 3285 3902 sintque
3322 3835 3525 3898 hostes,
3578 3847 3694 3891 tum

2107 3924 2464 3988 (it-acturum,
2519 3934 2629 3977 tum
2685 3925 3069 3980 Armeniorum
3125 3941 3153 3976 a
3221 3924 3329 3977 Deo
3385 3925 3692 3984 alllatoutm

2110 4027 2350 4072 vett-runt
2389 4019 2713 4073 doctorum?
2768 4018 2867 4084 Qui
2925 4034 3055 4086 ergo
3105 4019 3255 4086 impii
3304 4019 3392 4073 alii
3448 4021 3691 4076 haeretici

2110 4128 2174 4164 eo
2226 4113 2573 4179 impudentia:
2628 4122 3017 4181 provexerunt,
3064 4127 3170 4180 quo
3216 4112 3325 4177 isti,
3364 4116 3456 4180 qui
3489 4113 3690 4170 Christi

2110 4203 2463 4274 Evangelium
2493 4215 2780 4274 amputare
2809 4245 2824 4269 ,
2875 4220 2938 4258 ac
2981 4203 3288 4260 adulterare
3328 4221 3694 4277 praesmnpse-

2107 4299 2257 4353 rint?
2718 4296 2723 4300 ’

2183 4392 2320 4448 Ylll.
2364 4393 2496 4448 Cttnt
2529 4393 2704 4447 sancti
2751 4393 2942 4448 Patres
2995 4398 3250 4466 hymnum
3296 4394 3584 4464 Tt-isagion
3635 4395 3689 4448 in

2030 4515 2083 4572 Ι)
2113 4497 2360 4542 sanctam
2395 4487 2718 4542 Trinitatem
2762 4489 3047 4557 seraphice
3091 4505 3155 4542 ac
3189 4487 3524 4556 evangelice,
3558 4501 3695 4539 cnn-

2112 4593 2244 4633 sone
2295 4581 2597 4646 reducant,
2653 4595 2951 4647 omnesque
3014 4595 3224 4649 magna:
3291 4579 3441 4633 urbis
3505 4577 3695 4632 Romae

2109 4672 2428 4736 antistites,
2484 4688 2514 4726 a
2585 4672 2919 4741 principibus
2981 4673 3356 4741 apostolorum
3415 4672 3694 4738 at-ccpissc

2113 4773 2402 4828 testentur,
2465 4766 2834 4820 reducendum
2897 4765 2951 4817 in
3012 4774 3258 4817 sanctam
3319 4762 3690 4827 Trinitatem,

2112 4860 2494 4925 sexcentisque
2533 4858 2670 4912 diris
2713 4873 2778 4912 ac
2826 4855 3260 4926 depositionibus
3305 4856 3524 4910 Petrum
3562 4853 3692 4908 Ful-

2112 4948 2314 5011 Ionem,
2341 4949 2413 5003 ob
2435 4950 2551 5016 ejus
2579 4949 2630 5001 in
2662 4963 2728 5002 eo
2760 4948 2962 5017 hymno
2983 4946 3289 5000 auctarium
3320 4945 3692 5014 subjecerint;

2112 5041 2236 5110 quis
2262 5055 2371 5094 non
2404 5043 2628 5094 omnino
2681 5043 2814 5096 istos
2863 5039 3065 5102 oderit,
3119 5053 3186 5093 ac
3235 5047 3535 5100 aversetur,
3571 5046 3694 5091 tan—

2109 5148 2271 5201 qttatn
2326 5133 2520 5201 impios
2569 5148 2633 5188 ac
2691 5133 3064 5199 ltlaspltetnos,
3130 5130 3555 5197 hiereticosque,
3601 5130 3695 5196 qui

2113 5226 2310 5280 nedum
2369 5235 2616 5280 sanctam
2675 5224 3002 5278 Trinitatem
3061 5223 3379 5278 cruciﬁxum
3439 5221 3693 5289 blasphe-

2111 5327 2292 5381 ment;
2349 5331 2538 5370 verum
2592 5316 2754 5369 etiam
2791 5331 2954 5368 unum
2989 5315 3272 5369 Christum
3313 5314 3402 5366 Dei
3461 5297 3693 5376 Filium,

2112 5410 2443 5469 Nestoriano
2477 5423 2666 5462 errore
2713 5407 2767 5460 in
2809 5409 2946 5460 duos
2983 5407 3122 5460 lilios
3151 5405 3429 5459 dividant?

2183 5683 2277 5738 IX.
2329 5681 2484 5750 Quod
2537 5680 2582 5734 si
2631 5677 2951 5748 reprehensi
3002 5677 3365 5747 respondeant
3407 5673 3692 5728 dicentes:

2113 5779 2338 5833 Minime
2397 5775 2663 5845 gentium,
2718 5773 2976 5844 hymnum
3012 5769 3296 5839 Trisagion
3351 5767 3402 5820 in
3450 5775 3697 5821 sanctam

3221 5860 3297 5922 38
