4088 6414
1410 165 1435 179 σο
1444 161 1516 175 οι-..-
1526 164 1571 173 -σν
1582 160 1747 176 ιηιςινιιιι

352 305 497 371 1195

1426 310 1677 371 ISAACI
1718 311 1978 372 ARMEN
1994 310 2089 371 UE
2133 310 2542 371 (IATHOLICI

3492 306 3629 372 1296

361 438 459 476 nos
493 420 816 475 Trinitatem
847 418 1157 485 referimus,
1207 421 1300 476 sed
1330 423 1381 476 iu
1414 424 1586 476 solum
1616 424 1897 477 Christum
1926 442 1938 476 :

2047 424 2216 495 ὖμνον
2238 422 2644 491 ἀναπέμπομεν
2679 436 2691 448 ·
2720 419 2857 473 ἀλλά
2887 419 3023 490 πρὸς
3053 420 3219 487 μόνον
3246 418 3338 472 τὸν
3366 421 3627 490 Χριστόν·

350 517 476 569 haec
500 514 769 579 dicentes,
796 513 999 567 Christi
1026 528 1085 568 se
1113 514 1295 569 hostes
1316 526 1503 583 aperte
1525 516 1941 568 continuarunt.

356 609 762 677 interrogentur
807 621 936 677 ergo
983 606 1222 659 Armenii
1265 605 1340 659 illi
1385 606 1688 675 Acephali:
1729 606 1944 676 Ergone

355 702 611 755 Christus
650 699 741 754 Dei
771 697 973 763 Fiiius,
1008 715 1129 752 cum
1165 713 1332 752 carne
1366 701 1663 754 cruciiixus
1700 701 1829 764 fuit,
1877 716 1943 755 an

358 797 476 849 sine
506 808 707 857 carne,
760 802 815 846 et
864 792 1260 859 incorporeus?
1312 791 1465 858 Quod
1517 792 1563 845 si
1618 792 1815 846 iterum
1845 807 1946 861 per

346 884 762 940 simulationem
794 866 1182 952 respondeant,
1218 897 1341 936 cum
1374 895 1538 936 carne
1571 882 1896 937 cruciﬁxum
1927 900 1941 937 :

346 974 622 1043 siquidem
673 986 802 1042 ergo
837 971 1093 1026 Christus
1118 987 1242 1026 cum
1288 986 1458 1026 carne
1506 969 1801 1025 cruciﬁxus
1839 981 1943 1034 est,

358 1067 550 1134 sicque
607 1063 849 1117 Armenii
903 1064 1136 1117 veritate
1197 1061 1570 1125 conﬁtentur,
1643 1060 1833 1128 quidni
1888 1060 1943 1113 in

358 1159 559 1229 hymno
594 1156 690 1210 Ter
725 1165 940 1209 sanctas
981 1155 1171 1209 dicunt
1202 1171 1216 1206 :
1250 1155 1484 1209 Sanctus
1521 1152 1700 1215 Deus;
1729 1162 1944 1205 sanctus

359 1250 551 1318 fortis;
588 1261 806 1302 sanctus
843 1249 1185 1312 immortalis,
1220 1247 1310 1316 qui
1358 1248 1671 1299 incarnatus
1718 1260 1780 1297 ac
1827 1260 1946 1297 cru-

340 1342 548 1408 wiﬁxus
581 1357 636 1396 es
674 1358 768 1407 pro
804 1340 981 1406 nobis,
1028 1341 1276 1393 miserere
1326 1337 1520 1392 nobis?
1559 1336 1694 1391 Nam
1738 1338 1819 1391 sic
1860 1335 1945 1391 di-

356 1445 545 1488 centes
578 1432 954 1493 ostenderent,
1011 1431 1065 1484 itt
1121 1428 1402 1484 Christum
1448 1443 1508 1482 se
1555 1428 1895 1481 incarnalum
1925 1464 1941 1489 ,

359 1542 484 1579 cum
538 1529 795 1596 hymnum
849 1521 1077 1577 referre.
1125 1518 1282 1577 Nunc
1337 1531 1541 1581 autem,
1589 1533 1712 1572 cunt
1768 1530 1944 1585 neque

358 1619 544 1674 carnis
574 1619 905 1672 mentionem
931 1613 1158 1679 faciant,
1189 1626 1365 1681 neque
1393 1612 1656 1679 assumpti
1685 1608 1939 1671 hominis,

358 1726 484 1765 cum
519 1725 586 1764 ex
619 1709 744 1763 aliis
773 1708 1050 1772 omnibus,
1086 1714 1196 1758 tum
1237 1718 1302 1758 ex
1338 1704 1440 1756 hoc
1474 1703 1592 1771 ipso
1625 1701 1798 1770 palam
1824 1699 1941 1755 eiii-

2046 516 2221 570 ταῦτα
2269 517 2548 582 λέγοντες,
2593 513 2935 567 ὲῦεδαίωσαν
2964 514 3179 574 ἑαυτοῖς
3208 513 3307 583 τὴν
3331 514 3637 583 χριστομᾶ-

2046 610 2171 679 χίαν
2200 607 2515 677 προφανῶς.
2573 607 3007 675 Ἐρωτάσθωσαν
3041 601 3136 658 οὖν
3183 594 3232 659 oi
3273 607 3551 678 Ἀρμένιοι
3582 609 3634 661 oi

2060 698 2374 766 Ἀκέφαλοι·
2405 698 2465 751 Ὀ
2496 697 2730 766 Χριστὸς
2753 697 2781 748 6
2809 695 2936 758 Υἱὸς
2963 694 3057 748 τοῦ
3089 694 3226 749 Θεοῦ
3261 700 3401 762 μετὰ
3428 698 3635 767 σαρκδς

2048 788 2391 858 ἐσταυρώθη,
2419 789 2451 858 ἦ
2479 788 2723 856 ἄσαρκος
2763 787 2860 840 καὶ
2908 786 3241 855 ἀσώματοςς
3284 788 3347 840 Εἰ
3381 788 3439 840 δὲ
3470 788 3637 842 πάλιν

2047 882 2105 933 ὲν
2153 880 2446 949 ὑποκρίσει
2491 879 2739 946 λέγουσι,
2782 861 2922 948 μετά
2959 880 3197 950 σαρκός·
3257 879 3354 931 καὶ
3398 880 3446 931 εί
3492 880 3637 950 μετὰ

2049 971 2252 1042 σαρκὸς
2276 974 2304 1025 6
2329 972 2566 1043 Χριστὸς
2602 969 2951 1041 ἐσταυρώθη,
2986 972 3080 1024 καὶ
3112 971 3288 1034 οὕτως
3322 974 3379 1025 ἐν
3401 971 3636 1042 ἀληθείᾳ

2047 1062 2405 1133 ὁμολογοῦσιν
2427 1065 2479 1117 oi
2520 1065 2834 1134 Ἀρμένιοι,
2870 1064 2958 1116 διά
2993 1064 3046 1116 τί
3078 1064 3156 1135 μὴ
3186 1064 3436 1133 λέγουσιν
3462 1067 3520 1119 ὲν
3554 1065 3635 1134 τῷ

2048 1157 2335 1227 Τρισαγίῳ
2358 1157 2513 1227 ὕμνῳ
2542 1173 2556 1188 ο
2594 1157 2790 1226 ’Ἄγιος
2816 1160 2849 1210 ὁ
2875 1158 3023 1222 Θθός
3052 1170 3066 1186 '
3114 1156 3283 1225 ἅγιος
3328 1160 3584 1226 ἰσχυρός
3616 1173 3633 1188 ’

2046 1247 2214 1316 ἅγιος
2241 1247 2560 1313 ἀθάνατος,
2599 1252 2632 1303 ό
2669 1251 3001 1317 σαρκωθεὶς
3031 1251 3132 1304 καὶ
3164 1252 3529 1319 σταυρωθείς
3555 1251 3633 1305 δι’

2046 1340 2227 1410 ἡμᾶς,
2268 1341 2536 1410 ἐλέησον
2562 1340 2722 1412 ἡμᾶς
2739 1360 2761 1408 ;
2792 1342 2951 1397 Οὖτω
2981 1345 3092 1414 γὰρ
3120 1343 3380 1411 λέγοντες
3403 1384 3417 1408 ,
3455 1342 3636 1398 ἐδείκ-

2046 1453 2195 1500 νυον,
2232 1437 2312 1499 είς
2339 1436 2432 1488 τὸν
2465 1435 2824 1505 σαρκωθέντα
2872 1436 3109 1507 Χριστὸν
3151 1439 3243 1489 τὸν
3287 1434 3455 1505 ὓμνον
3497 1437 3634 1489 ἁνα-

2046 1529 2360 1598 πέμποντες
2399 1545 2412 1560 ·
2463 1528 2557 1581 νῦν
2606 1528 2700 1594 δὲ,
2729 1530 2868 1599 μήτε
2915 1528 3095 1600 σάρκα
3171 1529 3634 1599 μνημονεύοντες,

2050 1619 2189 1687 μήτε
2228 1617 2682 1688 ὲνανθρώπησιν,
2729 1617 2987 1688 πρόδηλοί
3042 1620 3151 1671 εἰσι
3208 1617 3352 1686 μετὰ
3412 1614 3634 1670 πάντῶν

2048 1710 2143 1761 καὶ
2190 1709 2254 1760 ἐκ
2305 1708 2519 1773 τούτου,
2571 1709 2653 1760 ὅτι
2704 1705 3000 1778 ἀρνοῦνται
3065 1705 3348 1769 παντελῶς
3395 1704 3494 1775 τὴν
3534 1705 3637 1759 τοῦ

344 1804 520 1866 citur,
553 1802 779 1857 omnino
805 1814 1004 1869 negare
1024 1796 1230 1852 Christi
1263 1796 1734 1859 incarnationem;
1771 1808 1938 1861 eaque

2048 1800 2258 1871 Κυρίου
2304 1801 2583 1872 σάρκωσιν
2617 1815 2631 1830 °
2668 1801 2764 1853 καὶ
2812 1800 2901 1854 διὰ
2935 1799 3118 1866 τοῦτο,
3172 1800 3305 1871 μίαν
3352 1798 3514 1868 φύσιν
3574 1798 3641 1853 ὲν

362 1893 502 1945 ratio
532 1902 614 1946 est
639 1929 656 1953 ,
704 1899 762 1943 ut
800 1904 907 1945 non
943 1889 1201 1944 horreant
1248 1900 1411 1941 unam
1442 1886 1496 1940 in
1529 1884 1751 1940 Christo
1780 1894 1943 1939 natu-

364 2000 477 2038 tam
527 1985 729 2039 dicere.

939 2152 1169 2210 CAPUT
1210 2152 1356 2209 XIII.

438 2295 599 2363 Quod
631 2309 722 2349 nec
749 2293 909 2347 etiam
940 2291 1175 2345 Armenii
1204 2290 1592 2346 ordinationem
1624 2288 1871 2343 habeant.

419 2433 474 2488 -Ι,
515 2431 672 2499 Quod
704 2443 879 2500 neque
930 2427 1173 2483 Armenii
1223 2426 1463 2481 habeant
1505 2426 1942 2491 ordinationem,

338 2526 456 2583 .sed
484 2527 551 2580 ah
581 2527 728 2579 onmi
779 2522 1088 2577 sacerdotio
1138 2521 1385 2576 extranei
1420 2521 1555 2584 sint,
1594 2520 1721 2575 inde
1751 2519 1939 2588 liquet.

338 2619 752 2674 .Nam'sanctus
786 2615 1105 2686 Gregorius,
1166 2613 1259 2685 qui
1306 2613 1690 2667 Armeniorum
1736 2612 1943 2681 episco-

358 2728 459 2782 pus
491 2711 611 2778 fuit,
648 2725 712 2765 ac
744 2708 1006 2764 Leontius
1048 2708 1397 2765 beatissimus
1437 2706 1704 2762 Caesareae
1731 2705 1943 2775 Cappao

355 2806 527 2861 dociae
562 2803 1032 2873 archiepiscopus,
1074 2802 1164 2870 qui
1201 2801 1451 2855 eumdem
1497 2799 1817 2869 Gregorium
1849 2814 1943 2852 or-

336 2896 591 2961 «dinavit,
622 2893 936 2949 securitatis
968 2902 1188 2962 pactum
1215 2891 1357 2945 inter
1382 2905 1443 2946 se
1478 2891 1736 2954 inierunt,
1759 2899 1818 2943 ut
1847 2890 1941 2959 qui

361 3001 459 3056 pro
501 2995 742 3055 tempore
778 2985 1166 3040 Armeniorum
1217 2983 1507 3053 cpiscopus
1549 2982 1940 3053 praiiiceretur,

334 3080 427 3133 .ah
462 3076 705 3133 Ecclesia
755 3090 820 3130 ac
879 3074 1138 3145 pontitice
1178 3072 1501 3129 Cicsarienst
1541 3075 1938 3130 ordinationem

359 3168 654 3237 acciperet,
684 3180 750 3220 ex
779 3179 886 3234 qua
919 3165 1035 3233 ipse
1068 3179 1097 3217 a
1127 3162 1395 3232 principio
1428 3160 1729 3232 Gregorius
1759 3176 1938 3215 sacer-

359 3259 564 3315 dotium
611 3257 932 3326 accepisset,
965 3269 1085 3324 qua:
1116 3254 1301 3308 omnia
1344 3254 1397 3306 in
1435 3252 1576 3308 libro
1609 3252 1674 3307 de
1708 3251 1829 3306 Vita
1874 3267 1938 3307 ac

360 3350 628 3422 martyrio
671 3349 848 3404 sancti
895 3345 1144 3414 Gregorii
1195 3344 1508 3399 accuratius
1569 3343 1934 3412 explicantur.

334 3442 442 3497 .llli
468 3455 598 3496 vero
626 3440 678 3493 in
711 3432 1030 3494 innumeras
1053 3436 1288 3507 prolapsi
1317 3436 1575 3500 haereses,
1602 3451 1664 3489 ac
1689 3434 1937 3491 extranei

360 3530 491 3586 facti
521 3515 588 3585 ab
623 3529 869 3585 Ecclesia
898 3527 1189 3594 catholica,
1221 3543 1347 3583 cum
1387 3540 1495 3582 non
1527 3527 1803 3598 accipiant
1832 3544 1940 3582 or-

360 3623 696 3678 dinationem
731 3622 798 3676 ab
829 3620 1073 3677 Ecclesia
1094 3618 1454 3687 Caesariensi,
1489 3635 1671 3676 nonne
1716 3621 1940 3675 omnino
1974 3695 1984 3703 .

334 3713 568 3784 .prol‘ani
592 3724 720 3769 sunt
748 3712 909 3780 laici;
936 3727 1185 3783 quosque
1212 3712 1313 3784 ipsi
1340 3713 1707 3781 baptizarunt,
1736 3712 1938 3768 ctlmici

332 3819 580 3872 ,prorsus
608 3819 706 3860 nec
737 3804 1044 3874 baptizati?

2050 1893 2274 1964 Χριστῷ
2308 1894 2652 1965 βλασφημεῖν
2680 1895 2741 1947 οὐ
2778 1894 3089 1965 φρίττουσι.

2554 2143 2955 2197 ΚΕΦΛΛΑΙΟΝ
3032 2143 3134 2198 IV.

2049 2281 2187 2351 Περὶ
2218 2280 2308 2335 ὅτι
2339 2276 2484 2333 οὐδὲ
2510 2276 2893 2347 χειροτονίαν
2932 2275 3191 2345 ἔχουσιν
3213 2277 3270 2330 oi
3311 2274 3630 2347 Ἀρμένιοι.

2118 2419 2198 2475 Α’.
2237 2418 2505 2474 ’Ότιούδὲ
2556 2416 2893 2488 χειροτονίαν
2959 2415 3176 2487 ἔχουσιν
3220 2415 3272 2468 oi
3330 2414 3632 2485 Ἀρμένιοι,

2047 2512 2183 2566 ἀλλά
2212 2510 2489 2579 ἀλλότριοι
2535 2508 2718 2576 πάσης
2767 2506 3071 2578 ἱερωσύνης
3099 2507 3228 2572 εἰσὶ,
3257 2505 3416 2577 δῆλον
3445 2506 3636 2559 ἐντεῦ-

2048 2603 2139 2657 θεν
2171 2619 2185 2633 ’
2215 2604 2242 2656 6
2269 2601 2449 2655 τοίνυν
2475 2599 2627 2669 ἅγιος
2656 2598 2978 2670 Γρηγόριος,
3001 2600 3029 2651 6
3058 2598 3299 2667 γεγονὼς
3328 2597 3631 2660 ἐπίσκοπος

2062 2693 2382 2767 Ἀρμενίας,
2419 2693 2514 2747 καὶ
2552 2693 2807 2755 Λεόντιος
2849 2692 2876 2745 ό
2908 2690 3333 2762 μακαριώτατος
3375 2690 3638 2760 ἀρχιεπίο

2050 2804 2251 2850 σκοπος
2281 2785 2624 2856 Καισαρείας
2653 2782 3081 2848 Καππαδοκίας,
3122 2785 3151 2836 6
3178 2782 3271 2836 τὸν
3297 2782 3462 2836 αὐτὸν
3482 2782 3635 2854 Γρηι

2046 2883 2231 2951 γόριον
2265 2879 2679 2950 χειροτονήσας,
2700 2876 2966 2947 διαθήκην
2996 2875 3296 2945 ἀσφαλείας
3312 2875 3632 2945 ἀναμεταξί)

2048 2974 2230 3029 αύτῶν
2262 2973 2623 3044 πεποιήκασι,
2657 2970 2748 3023 τὸν
2777 2972 2878 3042 τῆς
2915 2968 3210 3039 Ἀρμενίας
3258 2968 3398 3023 κατὰ
3435 2968 3631 3042 καιρὸν

2002 3121 2012 3143 ι
2050 3067 2354 3120 ἐπίσκοπον
2388 3062 2902 3135 προχειριζόμενον,
2935 3063 3002 3117 ἐκ
3027 3062 3127 3133 τῆς
3173 3062 3501 3134 Ἐκκλησίας
3533 3062 3633 3113 καὶ

2048 3158 2140 3212 τοῦ
2159 3157 2463 3229 ἀρχιερέως
2488 3155 2813 3225 Καισαρέων
2829 3153 2929 3226 τὴν
2948 3153 3287 3226 χειροτονίαν
3306 3153 3488 3224 λαμῦά
3503 3171 3629 3218 ιειν,

2046 3250 2107 3315 ἐξ
2130 3246 2198 3322 ἦς
2238 3252 2331 3303 καὶ
2388 3249 2549 3312 αὐτὸς
2583 3248 2613 3302 6
2636 3248 2792 3317 ἅγιος
2825 3247 3134 3319 Γρηγόριος
3164 3249 3221 3300 ὲν
3252 3248 3394 3319 ἀρχῇ
3422 3247 3518 3317 τὴν
3549 3248 3632 3299 ἱε-

2050 3347 2298 3415 ρωσύνην
2328 3343 2571 3407 ἐδέξατο,
2599 3340 2786 3405 καθὼς
2820 3341 2918 3394 καὶ
2953 3342 3013 3395 ὲν
3037 3341 3113 3412 τῷ
3142 3340 3331 3411 βιϐλίῳ
3357 3340 3450 3394 τοῦ
3510 3340 3628 3410 βίου

2043 3437 2140 3491 καὶ
2185 3433 2494 3506 μαρτυρίου
2545 3431 2640 3485 τοῦ
2690 3432 2845 3500 ἁγίου
2898 3431 3228 3502 Γρηγορίου,
3263 3430 3630 3502 περὶτούτων

2040 3527 2261 3582 πάντων
2304 3524 2552 3599 ἀκριϐῶς
2604 3524 2938 3596 διαγορεύει.
2991 3520 3153 3580 Οὗτοι
3192 3525 3249 3577 δὲ
3299 3526 3376 3589 εἰς
3421 3526 3661 3595 μυρίας.

2039 3620 2281 3689 αἱρέσεις
2311 3616 2707 3688 περιπεσόντες
2732 3659 2748 3682 ,
2798 3618 2894 3671 καὶ
2923 3617 3022 3686 τῆς
3050 3616 3348 3687 καθολικῆς
3391 3609 3630 3685 Ἐκκλη-

2039 3713 2160 3775 cia;
2189 3709 2669 3782 ἀλλοτριωθέντες,
2697 3709 2790 3762 καὶ
2821 3711 2885 3763 ὲκ
2907 3709 3006 3779 τῆς
3040 3708 3366 3779 Καισαρέων
3393 3708 3627 3777 Ἐκκλη-

2040 3804 2162 3867 σίας
2213 3802 2556 3874 χειροτονίαν
2598 3802 2674 3872 μὴ
2715 3801 3116 3870 λαμϐάνοντες,
3172 3801 3291 3866 πῶς
3331 3802 3434 3855 οὐκ
3475 3802 3621 3855 εἰσὶν

353 3902 562 3972 ἀνίεροι
590 3900 898 3969 παντελῶς,
925 3900 1019 3957 καὶ
1044 3901 1495 3975 ἀχειροτόνητοι·
1564 3901 1663 3957 καὶ
1723 3902 1774 3955 oi
1841 3898 1903 3967 ἐξ
1970 3900 2155 3957 αὐτῶν
2216 3896 2637 3971 βαπτιζόμενοι,
2697 3897 2978 3963 παντελῶς
3035 3897 3240 3953 ἐθνικοὶ
3298 3898 3395 3952 καὶ
3443 3896 3625 3953 ἀϐάπ-

355 4009 551 4048 τιστω.

428 4110 496 4166 ll.
532 4108 590 4164 Si
629 4122 760 4178 ergo
792 4122 954 4173 crux,
987 4122 1053 4164 ac
1087 4107 1300 4180 signum
1338 4108 1481 4178 eius,
1530 4110 1737 4179 absque
1765 4109 1931 4165 stulta

330 4218 543 4257 'eormn
596 4201 909 4271 precatione
948 4214 1013 4254 ac
1040 4200 1332 4267 sacriﬁcio,
1366 4200 1599 4254 invalida
1635 4216 1698 4256 ac
1728 4199 1935 4254 inutilis

357 4294 650 4354 invenitur,
683 4304 785 4346 nec
815 4300 899 4345 est
928 4291 1091 4359 digna
1122 4304 1241 4357 quae
1283 4290 1564 4355 adoretur,
1596 4304 1659 4344 ac
1700 4303 1933 4344 venera-

357 4388 489 4443 tioni
535 4388 801 4441 habeatur
838 4401 852 4438 ;
888 4383 1160 4452 quomodo
1207 4382 1292 4436 vir
1347 4390 1566 4436 sanctus
1614 4382 1928 4450 priusquam

2113 4107 2188 4163 B'.
2224 4109 2286 4161 Ei
2317 4107 2411 4162 οὖν
2440 4109 2467 4161 6
2500 4108 2732 4181 σταυρὸς
2763 4108 2858 4162 καὶ
2899 4109 2927 4161 6
2977 4107 3152 4172 τύπος
3199 4109 3400 4175 αὐτοῦ,
3446 4112 3625 4182 χωρὶς

2046 4199 2283 4269 ματαίας
2330 4199 2514 4252 αὐτῶν
2564 4200 2732 4271 εὐχῆς
2783 4201 2876 4254 καὶ
2923 4200 3151 4266 θυσίας,
3190 4202 3480 4273 ἀνίσχυρος
3524 4205 3626 4259 καὶ

2042 4291 2322 4361 ἀνωφελὴς
2355 4292 2698 4362 εὑρίσκεται,
2737 4293 2835 4347 καὶ
2868 4292 2969 4346 οὐκ
3005 4292 3154 4346 ἔστιν
3183 4293 3333 4359 ἄξιος
3369 4311 3618 4368 προσκυ-

2041 4381 2252 4435 νεῖσθαι
2289 4382 2381 4435 καὶ
2429 4382 2718 4454 τιμᾶσθαι,
2751 4383 2869 4447 πῶς
2898 4385 2926 4436 6
2956 4384 3114 4453 ἅγιος
3145 4387 3276 4455 πρὶν
3308 4384 3339 4456 ἢ
3377 4402 3624 4456 χειροτο-

354 4476 703 4532 ordinaretur
750 4475 1063 4545 episcopus,
1108 4474 1372 4528 hactenus
1423 4472 1698 4527 exsistens
1739 4472 1932 4538 laicus,

2042 4475 2272 4547 νηθῆναι
2305 4477 2606 4530 ἐπίσκοπον
2626 4517 2642 4542 ,
2701 4476 2783 4530 ἔτι
2816 4476 3003 4540 λαϊκὸς
3039 4476 3117 4532 ὢν
3139 4518 3152 4543 ,
3187 4480 3281 4532 καὶ
3315 4480 3438 4551 μηδ’
3478 4481 3622 4546 ὅλως

357 4582 425 4623 ac
456 4582 581 4622 cum
617 4566 822 4622 nullum
860 4565 1041 4620 adhuc
1072 4564 1411 4635 suscepisset
1445 4563 1714 4626 ordinem,
1742 4576 1934 4619 cruces

356 4662 564 4732 ligneas
597 4658 895 4717 iabricans.
952 4675 1015 4711 :zc
1063 4671 1158 4725 per
1189 4671 1280 4711 eas
1325 4655 1602 4709 Armenia:
1650 4654 1791 4709 idola
1841 4656 1934 4710 de-

354 4766 608 4816 struens,
650 4753 956 4822 fugansque
992 4762 1298 4814 daemones;
1336 4764 1474 4819 quas
1521 4762 1713 4803 cruces
1759 4748 1935 4803 adhuc

354 4850 527 4903 laicus
562 4849 834 4901 exsisteus
868 4843 1262 4908 fabricaverat,
1305 4841 1359 4895 in
1390 4841 1603 4911 quibus
1648 4856 1823 4911 neque
1857 4840 1935 4894 fe-

354 4949 507 4997 cerat
546 4939 841 5001 sacrilicin,
877 4952 941 4991 ac
969 4951 1106 5006 quas
1147 4935 1372 4990 minime
1403 4936 1657 5004 precibus
1686 4936 1930 4991 sanctiti-

352 5042 554 5097 casset,
590 5043 690 5084 nec
727 5044 954 5098 prorsus
982 5029 1262 5092 unxisset,
1308 5026 1614 5083 adorationi
1659 5029 1933 5097 expositas

340 5137 616 5189 atatuens,
645 5134 834 5177 omnes
875 5122 1061 5175 docuit
1101 5121 1371 5183 venerari,
1412 5130 1577 5190 atque
1602 5121 1669 5174 ad
1704 5135 1797 5175 eas
1848 5136 1934 5174 re-

349 5236 593 5285 currere,
623 5234 685 5272 ac
707 5219 808 5271 sub
842 5217 973 5285 ipsis
1011 5216 1176 5270 Deum
1208 5216 1636 5287 omnipotentem
1663 5217 1932 5271 adorare?

342 5316 716 5382 Quamobrem
752 5310 1102 5380 perspicuum
1142 5320 1259 5375 est,
1301 5326 1423 5366 esse
1473 5311 1695 5366 omnino
1726 5312 1931 5366 alienos

349 5427 377 5461 ιι
416 5418 607 5463 saneto
635 5403 926 5474 Gregorio,
965 5404 1192 5473 ejusque
1228 5405 1477 5458 doctrina
1514 5418 1575 5459 ac
1614 5404 1926 5469 traditione,

351 5516 511 5567 quem
549 5500 715 5593 etiam
747 5496 921 5552 hostis
963 5496 1085 5549 loco
1126 5495 1411 5562 habentes,
1452 5512 1548 5552 nec
1578 5495 1695 5565 ejus
1725 5513 1930 5551 mento-

347 5594 483 5647 riam
524 5588 792 5657 recolunt,
835 5606 934 5645 nec
966 5588 1164 5644 festum
1194 5588 1497 5656 celebrant,
1534 5605 1633 5645 nec
1658 5590 1927 5659 jejunium

342 5686 460 5756 ejus
492 5688 807 5756 praedicant,
835 5701 934 5743 nec
964 5686 1017 5742 in
1061 5684 1180 5755 ejus
1222 5684 1568 5741 solemnitate
1597 5684 1925 5742 sacrificium

343 5789 629 5849 peragunt.

2036 4567 2182 4638 ἔχειν
2235 4569 2596 4640 χειροτονίαν,
2651 4569 2926 4640 σταυροὺς
2988 4569 3234 4635 ξυλίνους
3293 4572 3488 4637 ποιῶν,
3549 4574 3619 4627 δι’

2036 4658 2219 4713 αὐτῶν
2255 4659 2324 4714 τὰ
2375 4660 2573 4714 εἴδωλα
2625 4660 2727 4730 τῆς
2791 4662 3089 4731 Ἀρμενίας
3139 4663 3478 4730 καταλύσας,
3523 4666 3625 4719 καὶ

2034 4753 2162 4815 τοὺς
2194 4753 2458 4824 δαίμονας
2483 4753 2771 4820 ὲκδιώξας,
2798 4755 3000 4818 αὐτοὺς
3031 4755 3158 4818 τοὺς
3197 4758 3487 4828 σταυροὺς,
3524 4755 3624 4820 οὒς

2036 4844 2117 4899 ἔτι
2147 4846 2332 4910 λαῖκὸς
2366 4846 2442 4900 ὣν
2476 4847 2780 4917 πεποίηκεν
2802 4864 2814 4877 ·
2845 4850 2904 4902 ὲν
2939 4843 3020 4912 οἷς
3047 4845 3175 4901 οὔτε
3202 4849 3396 4911 θυσίας
3425 4850 3621 4903 ἐπετέ-

2036 4939 2211 5004 λεσεν,
2241 4938 2367 4992 οὔτε
2389 4942 2447 4993 ὲν
2478 4941 2669 5011 εὐχαῖς
2699 4940 2949 5011 ἡγίασεν,
2970 4938 3094 4994 οὔτε
3124 4941 3186 4994 τὸ
3207 4941 3345 5005 ὅλως
3371 4940 3616 5013 ἔχρισενο

2038 5034 2117 5098 εἰς
2152 5033 2527 5105 προσκύνησιν
2573 5036 2806 5105 στήσας,
2853 5034 3103 5089 ἐδίδασκε
3147 5036 3357 5099 πάντας
3390 5035 3620 5100 τούτους

2038 5131 2384 5200 προσκυνεῖν,
2411 5127 2664 5198 καὶπρὸς
2687 5127 2886 5190 αὐτοὺς
2916 5126 3311 5195 καταφεύγειν,
3366 5130 3461 5181 καὶ
3486 5128 3620 5181 ἑνώ-

2038 5241 2159 5277 πιον
2196 5221 2380 5275 αὐτῶν
2440 5221 2770 5290 προσκυνεῖν
2826 5221 2918 5272 τὸν
2977 5222 3399 5292 παντοκράτορα
3443 5223 3617 5286 Θεόνς

2038 5315 2202 5368 Ὅθεν
2249 5311 2538 5383 πρόδηλον,
2589 5312 2672 5365 ὅτι
2713 5310 2995 5375 παντελῶς
3047 5312 3324 5383 ἀλλότριοί
3369 5314 3476 5368 εἰσι
3516 5316 3614 5369 τοῦ

2038 5407 2191 5472 ἁγίου
2242 5404 2571 5475 Γρηγορίου,
2616 5405 2710 5456 καὶ
2756 5404 2855 5472 τῆς
2894 5403 3115 5475 διδαχῆς
3144 5404 3335 5469 αὐτοῦ,
3380 5407 3477 5459 καὶ
3514 5407 3618 5476 τῆς

2037 5496 2395 5568 παραδόσεως
2428 5537 2441 5563 ,
2474 5495 2533 5548 ὃν
2560 5498 2657 5547 καὶ
2685 5494 2761 5559 ώς
2791 5494 2986 5565 ἐχθρὸν
3016 5496 3256 5566 ἔχοντες,
3306 5496 3435 5551 οὔτε
3477 5515 3618 5569 μνη-

2038 5593 2272 5661 μόσυνον
2327 5588 2494 5641 αὐτοῦ
2548 5588 2816 5651 ποιοῦσιν,
2868 5588 2992 5642 οὔτε
3047 5591 3147 5660 τὴν
3183 5593 3405 5662 μνήμην
3445 5592 3613 5646 αὐτοῦ

2032 5680 2408 5753 ἑορτάζουσιν,
2442 5679 2566 5733 οὔτε
2593 5681 2849 5751 νηστείαν
2878 5683 3042 5736 αὑτοῦ
3069 5685 3458 5755 κηρύττουσιν.
3487 5684 3613 5740 οὕτε

2030 5780 2096 5847 τῇ
2134 5776 2294 5847 ἑορτῇ
2332 5774 2498 5829 αὑτοῦ
2525 5774 2717 5839 θυσίας
2744 5775 3077 5832 ἐπιτελοῦσι.
