4088 6404
383 351 521 424 1197

879 471 1277 526 ΚΕΦΑΛΑΙΟΝ
1365 475 1463 532 1Δ’.

371 557 512 626 Περὶ
543 557 655 626 τῆς
673 561 1008 631 σατιινικῆς
1027 565 1316 632 νηστείας
1348 567 1456 620 τοῦ
1488 568 1957 638 Ἀρτζηϐουρίου.

443 663 522 718 Α’.
574 664 776 728 Καθὼς
818 667 913 720 καὶ
948 668 1006 719 ὲν
1039 671 1159 732 ταῖς
1191 669 1412 734 λοιπαῖς
1451 671 1635 726 αὐτῶν
1666 672 1960 743 ψευδοεορ-

370 760 512 820 ταῖς,
540 760 636 811 καὶ
670 757 908 828 μάλιστα
933 763 1012 824 είς
1034 763 1134 831 τὴν
1160 762 1463 833 βδελυκτὴν
1490 766 1672 820 αὐτῶν
1699 769 1959 837 νηστείαν

373 852 465 903 καὶ
497 853 694 922 ἑορτὴν
716 894 730 918 ,
765 853 863 924 τὴν
893 854 1202 927 λεγομένην
1255 857 1675 930 ’Λρτζηϐούρην
1703 877 1718 890 °
1764 860 1824 914 ὃν
1865 864 1961 916 καὶ

375 944 614 1014 μάλιστα
645 946 720 1008 ὡς
751 945 885 1006 Θεὸν
920 949 967 1000 oi
1000 947 1220 1011 ἀσεϐεῖς
1245 951 1486 1017 τιμῶσι·
1515 953 1642 1024 περὶ
1665 947 1725 1006 οὗ
1746 953 1958 1008 δίκαιόν

379 1037 532 1086 ἐστιν
561 1036 752 1098 αὐτοῖς
775 1037 1150 1106 διαλεχθῆναι.
1193 1040 1415 1112 Ἐπειδὴ
1442 1045 1506 1113 τῇ
1543 1045 1820 1114 προφάσει
1864 1050 1960 1102 καὶ

378 1126 459 1188 τῷ
510 1126 738 1195 ὀνόματι
789 1131 1056 1199 Σεργίου,
1115 1131 1210 1184 τοῦ
1268 1134 1360 1186 ὑπ’
1413 1137 1596 1188 αὐτῶν
1661 1139 1958 1210 λεγομένου

375 1221 556 1286 ἁγίου,
608 1221 820 1284 πάντας
875 1223 1003 1286 τοὺς
1049 1225 1271 1294 ὁμοίους
1322 1227 1504 1280 αὐτῶν
1557 1231 1821 1302 ἀνοήτους
1865 1232 1960 1286 καὶ

375 1311 641 1379 ἄφρονας,
674 1313 754 1375 είς
782 1313 1046 1384 τοιαύτην
1079 1314 1261 1368 αὐτῶν
1287 1317 1537 1388 κρυπτὴν
1569 1320 1785 1389 αἵρεσιν
1807 1363 1822 1384 ,
1863 1325 1960 1376 καὶ

378 1403 672 1472 βδελυκτὴν
752 1406 1010 1474 νηστείαν
1077 1407 1507 1478 κατασύρουσιν.
1586 1412 1789 1466 Εἴπατε
1864 1416 1958 1470 οὖν

375 1501 528 1568 ἡμῖν,
561 1493 606 1551 ὧ
638 1499 1019 1570 παμπόνηροι,
1059 1488 1146 1566 τίς
1197 1495 1356 1567 οὗτος
1411 1506 1440 1557 ό
1504 1505 1915 1580 Ἀρτζηεούρης
1939 1550 1954 1574 ,

376 1588 472 1639 καὶ
506 1586 561 1638 τί
599 1587 656 1638 τὸ
683 1588 857 1656 ὄνομα
885 1589 1050 1642 αὐτοῦ
1081 1630 1097 1656 ,
1138 1591 1234 1644 καὶ
1264 1593 1406 1658 τίνος
1437 1595 1468 1663 ὴ
1508 1597 1732 1665 νηστεία
1785 1598 1948 1670 αὕτη,

377 1675 411 1740 ἡ
451 1673 660 1743 φοϐερὰ
721 1676 820 1742 μὲν
855 1677 990 1746 παρ’
1042 1679 1193 1749 ὑμῖν,
1240 1681 1505 1755 βδελυκτὴ
1544 1685 1601 1737 δὲ
1639 1688 1770 1759 παρ’
1799 1691 1954 1758 ἡμῖν.

373 1769 469 1819 καὶ
506 1769 658 1838 ποιρὰ
687 1771 828 1841 Θεῷ,
861 1775 952 1826 καὶ
982 1775 1136 1844 παρὰ
1182 1779 1317 1831 πᾶσι
1345 1783 1458 1843 τοῖς
1497 1782 1676 1849 ἁγίοις
1705 1801 1718 1850 ;
1766 1785 1957 1854 Ἡμεῖς

1451 368 1738 430 ORATIO
1780 372 1807 430 Ι
1849 369 2153 433 CONTRA
2194 374 2612 438 ARMENIOS.

1993 495 2039 548 Α
2651 486 2878 545 CAPUT
2920 490 3060 545 xw.

3516 375 3655 443 1198

2181 575 2255 629 De
2283 579 2523 631 satam’co
2546 579 2775 650 jejunio,
2826 585 2965 653 quod
3013 585 3311 640 Artzeburit'
3344 600 3548 646 vocant.

2137 680 2178 735 l.
2217 683 2684 748 Quemadmodum
2713 690 2877 743 etiam
2931 691 2980 744 in
3011 707 3198 748 eorum
3243 695 3467 766 reliquis
3497 698 3651 755 falsis

2065 771 2531 840 solemnitatibus,
2565 792 2627 831 ac
2666 779 2936 849 praecipue
2978 781 3030 835 in
3079 786 3430 842 abominabili
3463 804 3650 844 eorum

2059 862 2272 931 jejunio
2310 880 2375 919 ac
2421 865 2582 932 festo,
2611 872 2752 936 quod
2775 871 3130 929 Artzeburem
3165 878 3457 946 appellant,
3492 899 3652 952 quem

2065 965 2118 1008 et
2153 957 2388 1011 maxime
2441 959 2594 1029 impii
2651 964 2896 1021 homines
2950 976 3007 1020 ut
3051 966 3218 1022 Deum
3272 971 3525 1039 adorant,
3587 979 3654 1030 de

2064 1062 2171 1116 quo
2203 1064 2382 1118 operae
2431 1054 2660 1121 pretium
2700 1067 2784 1111 est
2829 1073 2954 1112 cum
3002 1060 3083 1115 eis
3113 1061 3393 1132 disputare
3430 1084 3444 1119 :
3482 1067 3655 1138 siqui-

2067 1141 2187 1196 dem
2222 1154 2492 1212 praztextu
2544 1163 2607 1202 ac
2657 1151 2873 1205 nomine
2934 1153 3130 1224 Sergii,
3184 1170 3346 1225 quem
3401 1168 3648 1214 sanctum

2064 1233 2386 1305 indigitaut,
2442 1253 2633 1294 omnes
2673 1243 2755 1296 eis
2795 1244 3001 1300 similes
3055 1249 3248 1302 stultos
3282 1264 3344 1305 ac
3384 1264 3650 1315 amentes.

2064 1326 2118 1378 in
2150 1327 2414 1395 ejusmodi
2461 1333 2726 1386 occultam
2761 1351 2948 1391 eorum
2983 1338 3257 1404 hazresim,
3306 1357 3370 1398 ac
3397 1359 3654 1402 exsecra-

2065 1417 2166 1472 bile
2188 1418 2458 1488 jejunium
2505 1426 2849 1493 pertrahunt.
2883 1429 3035 1502 Rogo
3069 1449 3195 1503 ergo
3247 1450 3358 1501 vos,
3399 1439 3580 1508 dicite,
3620 1459 3654 1494 o

2062 1511 2310 1578 pessimi,
2360 1514 2614 1582 quisnam
2647 1517 2750 1573 iste
2782 1521 2852 1574 sit
2896 1522 3244 1589 Artzebures,
3274 1543 3336 1582 ac
3364 1531 3507 1597 quod
3532 1531 3653 1601 ejus

2063 1614 2281 1664 nomen,
2334 1618 2397 1658 ac
2449 1605 2603 1674 cujus
2639 1609 2712 1662 sit
2756 1609 3020 1679 jejunium
3055 1615 3178 1680 hoc,
3229 1617 3384 1673 vobis
3435 1623 3652 1690 quidem

2064 1696 2424 1762 tremendum,
2482 1700 2622 1767 apud
2657 1715 2757 1756 nos
2803 1713 2984 1758 autem
3023 1720 3086 1760 ac
3121 1707 3287 1763 Deum
3329 1724 3654 1782 sanctosque

2060 1795 2272 1846 omnes,
2326 1786 2735 1849 abominabile?
2782 1789 2892 1847 Nos
2922 1809 3107 1862 porro,
3164 1799 3401 1856 divinam
3434 1820 3651 1860 omnem

374 1857 452 1922 δὲ,
489 1862 668 1914 πᾶσαν
700 1861 850 1916 θείαν
908 1866 1134 1936 Γραφὴν
1183 1871 1427 1933 Παλαιᾶς
1480 1891 1540 1925 τε
1593 1876 1688 1928 καὶ
1742 1878 1951 1947 Καινῆς

2061 1874 2399 1945 Scripturam
2460 1882 2830 1952 perlegentes,
2883 1885 3091 1943 Veteris
3143 1893 3348 1960 pariter
3402 1911 3464 1950 ac
3513 1897 3652 1954 Novi

375 1951 657 2022 Διαθήκης
729 1955 1205 2024 ἀναγινώσκοντες
1235 2002 1248 2026 ,
1309 1964 1402 2015 καὶ
1455 1963 1674 2034 ἔχοντες
1721 1967 1851 2030 τούς
1900 1986 1960 2021 τε

373 2042 607 2105 κανόνας
643 2045 865 2098 πάντων
909 2049 1019 2100 τῶν
1065 2049 1239 2116 ἁγίων
1297 2053 1634 2118 ἀποστόλων,
1689 2057 1781 2108 καὶ
1833 2059 1961 2120 τοὺς

373 2131 474 2198 τῆς
507 2134 729 2186 συνόδου
765 2135 1000 2202 Νικαίας
1035 2141 1145 2192 τῶν
1184 2149 1298 2213 τιη¹
1329 2143 1500 2209 ἁγίων
1530 2146 1814 2217 Πατέρων.
1867 2151 1961 2202 καὶ

372 2223 485 2276 τῶν
515 2224 720 2279 λοιπῶν
744 2229 920 2297 ἁγίων
955 2233 1217 2299 συνόδων,
1243 2236 1338 2287 καὶ
1373 2238 1593 2290 πάντων
1634 2240 1740 2292 τῶν
1769 2241 1962 2308 θεοφό-

377 2329 487 2381 ρων
522 2315 807 2386 Πατέρων,
843 2321 1098 2391 οὐδαμῶς
1134 2324 1244 2377 οὐδ’
1278 2326 1410 2390 ὅλως
1448 2329 1686 2399 περὶτοῦ
1729 2331 1957 2401 ’Λρτζη-

375 2403 595 2474 ὅούρου,
632 2408 756 2461 οὔτε
786 2411 981 2481 ὄνομα,
1012 2413 1136 2467 οὔτε
1173 2419 1477 2486 παράδοσιν
1518 2420 1775 2491 εὕρομεν.

451 2494 526 2549 Β’.
573 2497 683 2550 Καὶ
713 2500 760 2551 oi
801 2502 900 2570 μὲν
928 2504 982 2569 ἐξ
1015 2505 1197 2558 αὐτῶν
1223 2507 1479 2576 λέγουσιν
1507 2552 1522 2576 ,
1558 2511 1639 2564 ὅτι
1675 2512 1766 2565 τοῦ
1796 2515 1954 2582 ἁγίου

375 2586 609 2657 Σεργίου
649 2592 862 2664 ἐστὶνὴ
897 2598 1122 2665 νηστεία
1159 2598 1318 2672 αὕτη.
1380 2603 1542 2655 Ποίου
1584 2604 1850 2675 Σεργίου;
1893 2609 1954 2660 Ei

380 2678 483 2747 μὲν
531 2681 644 2752 γὰρ
697 2684 793 2736 τοῦ
843 2686 1003 2754 ἁγίου
1036 2690 1265 2761 Σεργίου
1301 2694 1418 2746 ἐστὶ
1469 2696 1563 2748 καὶ
1594 2697 1811 2768 Βάκχου
1844 2700 1955 2752 τῶν

376 2770 664 2842 ἡμετέρων
697 2776 873 2843 ἁγίων
913 2777 1202 2850 Ῥωμαίων
1234 2787 1551 2857 μαρτύρων,
1584 2789 1795 2856 δείξατε
1824 2793 1954 2862 περὶ

371 2863 473 2930 τῆς
509 2865 734 2936 μνήμης
764 2868 945 2923 αὐτῶν
974 2874 1066 2924 καὶ
1099 2875 1296 2945 ἑορτῆς
1323 2893 1337 2906 ·
1362 2881 1457 2932 καὶ
1491 2884 1588 2950 τῆς
1615 2883 1830 2954 ἡμέρας
1849 2887 1951 2955 τῆς

373 2955 556 3008 αὐτῶν
586 2956 870 3028 ἀθλήσεως
898 2963 993 3016 καὶ
1043 2966 1403 3035 τελειώσεως,
1447 2975 1512 3043 τῇ
1546 2973 1592 3036 ζ’
1625 2976 1810 3048 ἡμέρᾳ
1855 2979 1949 3031 τοῦ

388 3045 722 3120 Ὀκτωόρίου
783 3057 955 3124 μηνὸς
988 3058 1298 3130 ἐρχομένης
1328 3079 1342 3092 ο
1379 3064 1537 3133 ὑμεῖς
1587 3070 1653 3137 τῇ
1853 3074 1950 3142 τῆς

375 3137 838 3213 (45))ιρεωφάγου
866 3147 1143 3219 ἑϐδομάδι,
1176 3151 1381 3224 ταύτην
1421 3137 1744 3213 ἐπιτελεῖτεξ
1791 3161 1852 3215 Ei
1893 3137 1949 3215 δέ

374 3246 563 3297 φασιν,
596 3234 676 3286 ὅτι
706 3237 805 3290 οὐκ
835 3238 986 3292 ἔστιν
1015 3243 1111 3295 τοῦ
1139 3244 1300 3312 ἁγίου
1341 3248 1572 3318 Σεργίου
1613 3254 1710 3306 καὶ
1736 3254 1950 3326 Βάκχου

370 3321 480 3374 τῶν
519 3324 806 3394 Ῥωμαίων
837 3332 1134 3403 μαρτύρων
1171 3352 1186 3366 ·
1229 3338 1368 3390 ἀλλά
1401 3341 1560 3408 ἁγίου
1596 3345 1825 3416 Σεργίου
1853 3321 1952 3402 1...:

372 3416 434 3467 ὲν
471 3421 536 3487 τῇ
589 3420 852 3495 Ἀρμενίᾳ
896 3432 1385 3499 μαρτυρήσαντος·
1436 3435 1464 3485 ὁ
1515 3435 1679 3500 καλὸς
1736 3440 1954 3505 πάντως

370 3500 526 3570 οὗτος
557 3512 584 3562 ὁ
613 3513 769 3580 ᾰγιος
796 3517 823 3568 ὑ
833 3517 950 3586 μῶν
972 3520 1219 3590 Σέργιος,
1250 3525 1308 3576 ὲν
1336 3528 1435 3598 μιᾷ
1459 3529 1643 3602 ἡμέρᾳ
1661 3531 1754 3586 τοῦ
1781 3500 1952 3602 μηνὸς

372 3599 748 3672 ἐτελεύτησεν,
775 3607 808 3674 ἢ
833 3608 916 3674 οὓς
950 3611 1056 3664 Ναί
1097 3630 1264 3678 φασιν
1301 3631 1319 3649 ο
1368 3618 1428 3671 ἐν
1460 3623 1561 3692 μιᾷ
1583 3599 1950 3697 ἡμέρᾳ-τοῦδε

370 3691 467 3743 τοῦ
505 3697 673 3762 μηνὸς
707 3699 801 3751 τοῦ
835 3703 1109 3774 ἡμετέρου
1141 3691 1946 3792 ἁποκεφαλισθεὶςἐτελειώθη.

374 3782 487 3835 Καὶ
534 3789 580 3838 εί
626 3791 684 3843 ἐν
721 3795 822 3864 μιᾷ
865 3797 1052 3869 ἡμέρᾳ
1099 3803 1196 3854 τοῦ
1237 3806 1407 3873 μηνὸς
1456 3809 1831 3881 ἐτελεύτησεν,
1874 3782 1952 3878 di;

374 3878 578 3944 πάντες
617 3885 667 3936 οἱ
709 3885 876 3954 ἅγιοι,
904 3889 1046 3961 διατι
1077 3894 1137 3946 οὐ
1173 3895 1409 3950 τελεῖται
1441 3901 1472 3970 ἠ
1502 3902 1727 3971 νηστεία
1759 3905 1946 3973 αὑτοῦ,

372 3971 524 4040 καὶὴ
559 3974 721 4045 ἑορτὴ
753 3977 852 4046 τῆς
883 3981 1219 4048 τελειώσεως
1264 3987 1430 4041 αὐτοῦ
1452 4030 1466 4054 ,
1497 3991 1591 4045 καὶ
1632 3992 1744 4062 (44)
1781 3971 1949 4066 ὰΟλήέ

371 4079 510 4127 σεως
550 4069 768 4137 ἡμέρας
802 4087 815 4100 ·
851 4072 990 4126 ἀλλὰ
1035 4078 1177 4131 κατὰ
1232 4081 1425 4150 καιρὸν
1450 4123 1464 4144 ,
1508 4085 1646 4152 μετὰ
1675 4088 1775 4157 τῆς
1811 4089 1948 4142 ἁπό⁴

370 4175 522 4226 κρεω
556 4161 648 4212 τοῦ
679 4163 863 4232 πάσχα
894 4167 980 4219 ἀεὶ
1006 4171 1392 4242 εἰσερχόμενον
1428 4180 1522 4230 καὶ
1567 4180 1945 4252 ἐξερχόμενον.

372 4249 536 4302 Ὅθεν
568 4253 836 4322 πρόδηλόν
865 4257 1012 4310 ἐστιν
1039 4301 1054 4323 ,
1087 4262 1170 4314 ὃτι
1204 4264 1302 4318 οὐκ
1333 4266 1448 4321 ἔστι
1479 4271 1572 4324 τοῦ
1813 4279 1946 4348 Σερ-

369 4343 491 4409 γίου
515 4346 748 4402 ἐκείνου.
787 4346 848 4401 Ei
875 4350 983 4421 γὰρ
1013 4347 1081 4424 ἦν
1114 4355 1272 4422 ἁγίου
1317 4359 1484 4426 τινὸς,
1533 4365 1751 4432 πάντως
1791 4373 1848 4422 ὲν

369 4435 555 4505 ἡμέρᾳ
581 4436 680 4504 τῆς
705 4438 1037 4505 τελειώσεως
1057 4445 1220 4499 αὐτοῦ
1246 4448 1498 4518 ἐτελεῖτο,
1518 4453 1708 4527 ὥσπερ
1733 4462 1948 4516 πάντων

366 4527 478 4578 τῶν
530 4529 723 4595 ἁγίων.
796 4533 922 4597 Πῶς
985 4536 1040 4588 δὲ
1101 4539 1315 4604 οὐδενὸς
1366 4543 1526 4597 ἁλλου
1587 4549 1765 4616 ἁγίου,
1819 4555 1943 4608 οὔτε
1981 4548 2023 4600 D

365 4621 622 4686 νηστείαν
668 4626 1064 4695 νηστεύοντες,
1108 4631 1232 4684 οὔτε
1280 4636 1473 4708 ἑορτὴν
1507 4642 1896 4712 ἐπιτελοῦντες
1927 4665 1939 4680 ·

363 4709 489 4762 οὔτε
524 4713 617 4765 τοῦ
661 4716 818 4783 ἁγίου
869 4719 1121 4774 Ἰωάννου
1155 4726 1464 4798 προδρόμου
1493 4733 1588 4786 καὶ
1616 4732 1938 4807 βαπτιστοῦ,

362 4805 460 4858 τοῦ
488 4809 754 4876 ’μείζονος
789 4813 1008 4869 πάντων
1053 4819 1161 4871 τῶν
1218 4823 1389 4888 ἁγίων
1425 4843 1439 4857 ·
1473 4827 1596 4882 οὔτε
1627 4833 1735 4885 τῶν
1769 4838 1940 4905 ἁγίων

362 4896 681 4952 ἀποστόλων
711 4903 916 4973 Πέτρου
946 4907 1040 4958 καὶ
1074 4909 1286 4964 Παύλου
1318 4930 1332 4943 ’
1370 4915 1492 4969 οὔτε
1517 4920 1673 4988 ἁγίου
1692 4925 1939 4981 Ἰωάννου

361 4990 460 5040 τοῦ
503 4989 766 5062 Θεολόγου
794 4997 890 5048 καὶ
921 4999 1315 5067 εὐαγγελιστοῦ
1343 5021 1356 5036 ·
1381 5007 1413 5078 ἢ
1445 5012 1752 5082 Ματθαίου,
1777 5018 1808 5089 ἢ
1837 5021 1944 5074 τῶν

362 5080 567 5134 λοιπῶν
633 5089 949 5144 ἀποστόλων
997 5109 1013 5125 ·
1069 5095 1100 5164 ἢ
1168 5095 1263 5148 τοῦ
1322 5100 1478 5166 ἁγίου
1531 5107 1805 5175 Στεφάνου
1848 5116 1942 5167 τοῦ

365 5171 588 5239 πρώτου
625 5176 904 5248 μάρτυρος
937 5196 952 5208 ·
987 5181 1111 5236 οὔτε
1144 5185 1306 5239 ἄλλου
1348 5194 1496 5257 τινὸς
1531 5197 1852 5268 ἀποστόλου,
1907 5205 1938 5275 ἦ

366 5266 670 5334 προφήτου,
720 5269 892 5338 ῆτῶν
939 5275 1113 5342 ἁγίων
1165 5284 1480 5352 μαρτύρων,
1536 5295 1806 5348 τοσούτων
1839 5266 1938 5350 καί

364 5355 701 5422 τηλικούτων
728 5360 899 5413 ὄντων
926 5380 937 5393 ·
973 5365 1096 5419 οὔτε
1132 5371 1240 5424 τῶν
1278 5375 1451 5441 ἁγίων
1492 5383 1786 5452 μαρτύρων
1831 5389 1942 5441 Ῥι-

360 5441 538 5517 ψίμης
566 5451 660 5501 καὶ
689 5451 942 5522 Γαίἀνης,
970 5459 1078 5510 τῶν
1102 5461 1160 5513 ἐν
1208 5441 1502 5538 Ἀρμενείσί
1550 5441 1939 5547 μαρτυρησάν-

359 5549 472 5585 των
496 5554 509 5566 ·
539 5537 661 5590 οὔτε
700 5543 800 5594 κᾶν
824 5543 918 5596 τοῦ
951 5548 1106 5612 ἁγίου
1138 5551 1441 5624 Γρηγορίου
1476 5561 1570 5611 τοῦ
1610 5563 1935 5636 ἱερομάρτυ-

364 5643 475 5695 ρος,
504 5631 596 5682 τοῦ
641 5636 928 5701 γεγονότος
968 5639 1271 5696 ἐπισκόπου
1323 5648 1644 5719 ’Λρμενείας
1677 5672 1691 5685 ο
1723 5631 1932 5720 ibeo-3-

432 5808 542 5882 (45)
578 5811 716 5883 Lege
743 5817 1049 5888 ἀπόκρεων,
1086 5823 1159 5877 uti
1189 5835 1266 5879 cst
1297 5831 1434 5896 apud
1468 5830 1524 5885 S.
1552 5833 1832 5894 Niconcm.

2066 1963 2426 2036 Testamenti,
2479 1973 2854 2047 habentesque
2901 1989 3212 2035 sanctorum
3245 1985 3484 2042 omnium
3518 2004 3652 2058 apo-

2065 2056 2326 2113 stolorum
2357 2076 2617 2133 canones,
2685 2084 2894 2123 necnon
2927 2071 3159 2128 Nicaeum
3198 2079 3391 2146 synodi
3439 2093 3653 2136 sancto-

2067 2163 2184 2201 rum
2224 2160 2595 2208 trecentorum
2630 2156 2814 2212 decem
2853 2173 2916 2212 ac
2967 2171 3090 2216 octo
3122 2161 3364 2229 Patrum,
3415 2181 3478 2220 ac
3529 2169 3655 2224 reli.

2061 2259 2289 2312 quarum
2328 2249 2685 2316 synodorum,
2743 2257 3099 2325 omniumque
3146 2274 3174 2310 a
3205 2257 3316 2314 Deo
3345 2260 3648 2318 amatorum

2061 2331 2306 2399 Patrum,
2337 2353 2601 2407 nusquam
2632 2342 2856 2396 omnino
2905 2345 2970 2398 de
2993 2347 3295 2402 Artzebure
3324 2349 3648 2419 invenimus,

2060 2437 2157 2479 aut
2185 2443 2404 2492 nomen,
2439 2441 2530 2485 aut
2557 2433 2906 2489 traditionem
2937 2437 3198 2506 aliquam.

2135 2530 2200 2585 ll.
2237 2531 2317 2586 Ac
2342 2533 2560 2600 quidem
2609 2552 2796 2592 eorum
2829 2540 3017 2610 aliqui,
3069 2546 3240 2600 sancti
3283 2545 3458 2619 Sergii
3495 2550 3653 2606 aiunt

2060 2638 2180 2678 esse
2212 2625 2314 2679 hoc
2352 2625 2642 2696 jejunium.
2674 2629 2889 2696 Quaeso,
2932 2635 3087 2702 cujus
3120 2635 3336 2708 Sergii?
3372 2640 3648 2710 Siquidem

2059 2713 2203 2766 enim
2234 2717 2408 2769 sancti
2440 2715 2612 2789 Sergii
2642 2729 2727 2774 est
2794 2738 2857 2778 ac
2922 2725 3146 2792 Bacchi,
3179 2741 3487 2788 nostrorum
3521 2749 3652 2789 san-

2057 2814 2270 2858 etorum
2305 2819 2604 2880 martyrum
2638 2810 3034 2883 Romanorum,
3067 2823 3341 2878 ostendite
3373 2825 3440 2880 de
3460 2839 3649 2882 eorum

2057 2903 2323 2953 memoria
2355 2917 2419 2956 ac
2457 2903 2819 2972 solemnitate,
2852 2925 2973 2980 quas
3003 2916 3246 2970 occurrit
3274 2917 3362 2972 die
3393 2935 3466 2974 vu
3499 2937 3653 2977 men-

2056 2987 2134 3042 sis
2185 2989 2458 3059 Octobris,
2513 3005 2571 3048 ut
2617 3009 2736 3050 eam
2792 3013 2886 3054 vos
2944 3001 3232 3058 celebretis
3290 3009 3647 3075 liehdomada,

2055 3095 2176 3150 quae
2205 3093 2287 3138 est
2318 3086 2765 3156 carnisprivium.
2820 3091 2916 3146 Sin
2949 3094 3152 3160 dicant,
3189 3113 3293 3152 non
3327 3116 3449 3157 esse
3474 3086 3652 3160 saneti

1980 3211 2024 3264 Ε
2059 3175 2235 3247 Sergii
2261 3187 2314 3232 et
2347 3177 2547 3235 Bacchi
2577 3196 2876 3255 martyrum
2904 3186 3272 3246 Romanorum
3297 3234 3313 3259 ,
3346 3198 3440 3251 sed
3473 3201 3648 3253 sancti

2061 3269 2241 3340 Sergii
2290 3274 2553 3344 martyrio
2603 3276 2656 3330 in
2695 3278 2953 3334 Armenia
3000 3285 3249 3339 coronati
3304 3291 3649 3357 :praaclarus

2057 3360 2280 3414 omnino
2335 3361 2422 3416 hic
2454 3375 2682 3422 sanctus
2706 3381 2888 3423 vester
2937 3372 3184 3445 Sergius,
3250 3393 3357 3432 una
3413 3384 3648 3449 quadam

2058 3453 2266 3507 mensis
2321 3455 2410 3508 die
2467 3459 2624 3524 obiit,
2675 3465 2894 3519 necne?
2937 3466 3039 3533 ita,
3085 3469 3356 3539 inquiunt,
3414 3489 3518 3528 una
3565 3479 3652 3532 die

2058 3543 2331 3615 hujusque
2359 3553 2530 3606 nostri
2568 3555 2798 3623 mensis,
2825 3560 3002 3627 capite
3035 3576 3209 3619 caesus
3238 3581 3649 3625 consummatus

2054 3634 2178 3691 fuit.
2229 3638 2384 3704 Quod
2437 3642 2482 3696 si
2533 3644 2619 3699 dic
2651 3662 2756 3700 una
2789 3651 2992 3704 mensis
3021 3652 3177 3718 obiit,
3224 3663 3280 3708 ut
3330 3658 3423 3711 alii
3454 3675 3647 3718 omnes

2057 3732 2262 3799 sancti,
2320 3750 2577 3806 quorsum
2630 3739 2900 3811 jejunium
2960 3744 3100 3814 ejus,
3160 3763 3224 3802 ac
3281 3763 3647 3811 consummati

2054 3833 2200 3890 illius
2220 3839 2537 3894 solemnitas
2557 3857 2664 3896 non
2685 3845 3010 3910 celebratur,
3037 3849 3124 3904 die
3150 3851 3264 3921 ipsa
3284 3859 3600 3914 certaminis
3630 3901 3646 3922 ,

2053 3927 2148 3980 sed
2170 3941 2267 3994 pro
2289 3936 2534 4002 tempore
2549 3949 2674 3988 cum
2697 3934 2918 3993 Pascha
2934 3943 3313 4010 carniSprivio,
3335 3951 3480 4016 quod
3504 3963 3652 4004 sem'

2054 4033 2152 4087 per
2203 4036 2443 4078 mensem
2505 4025 2809 4096 ingreditur
2837 4044 2900 4084 ac
2919 4035 3234 4102 egreditur?
3277 4037 3641 4103 Quamobrem

2054 4112 2402 4181 perspicuum
2444 4125 2549 4182 est,
2575 4133 2679 4172 non
2712 4135 2836 4176 esse
2895 4123 3036 4178 illius
3061 4127 3236 4182 sancti
3287 4129 3460 4200 Sergii
3497 4133 3643 4201 jeju-

2053 4198 2225 4255 nium.
2255 4201 2390 4257 Nam
2418 4207 2464 4261 si
2496 4207 2662 4279 hujus
2685 4212 2858 4266 sancti
2877 4223 3042 4279 esset,
3068 4215 3226 4284 plane
3253 4198 3640 4290 celebraretur,

2054 4304 2160 4358 qua
2193 4294 2281 4349 die
2342 4294 2446 4352 fuit
2495 4313 2930 4369 consummatus,
2986 4321 3085 4375 pro
3112 4311 3355 4365 omnium
3410 4313 3643 4370 aliorum

2054 4401 2364 4448 sanctorum
2393 4397 2623 4452 ratione.
2660 4400 2793 4465 Quei
2815 4412 2998 4458 autem
3029 4420 3151 4460 cum
3189 4408 3386 4463 nullius
3413 4411 3640 4466 alterius

2054 4486 2251 4547 sancti,
2314 4487 2396 4542 vel
2467 4488 2734 4558 jejunium
2761 4492 3049 4561 jejunent,
3107 4499 3192 4552 vel
3239 4503 3636 4558 solemnitatem

2053 4572 2357 4642 celebrent;
2402 4594 2468 4631 ne
2521 4581 2694 4634 sancti
2738 4583 2956 4650 quidem
2999 4584 3227 4641 Joannis
3251 4587 3636 4660 Prtecnrsoris.

2052 4664 2142 4732 qui
2197 4670 2439 4721 omnium
2487 4681 2800 4726 sanctorum
2856 4679 3127 4733 maximus
3194 4696 3311 4746 est;
3382 4700 3478 4740 nec
3504 4701 3636 4740 san-

2051 4763 2260 4809 ctorum
2289 4761 2652 4828 apostolorum
2676 4762 2823 4818 Petri
2851 4777 2904 4819 et
2935 4766 3122 4834 Pauli;
3147 4787 3246 4826 nec
3269 4778 3438 4829 sancti
3471 4777 3636 4833 Joan-

2050 4847 2134 4902 nis
2193 4849 2429 4918 theolo;;i
2490 4863 2544 4906 et
2604 4857 2972 4926 evangelistce,
3012 4863 3094 4915 vel
3154 4863 3390 4920 Mattlimi
3421 4879 3476 4922 et
3511 4871 3634 4924 reli-

2051 4951 2278 5004 quorum
2325 4946 2734 5010 apostolorum;
2783 4960 2877 5003 aut
2932 4953 3108 5006 sancti
3156 4954 3419 5023 Stephani
3473 4963 3632 5030 primi

2053 5033 2343 5103 martyris;
2397 5051 2497 5090 nec
2553 5039 2777 5094 alterius
2833 5044 3154 5113 cujusquam
3223 5052 3477 5117 apostoli,
3537 5064 3633 5106 aut

2051 5123 2346 5191 prophetae,
2397 5138 2491 5181 aut
2541 5141 2852 5186 sanctorum
2897 5143 3219 5207 martyrum,
3261 5157 3383 5195 cum
3429 5143 3502 5194 illi
3556 5154 3632 5196 tot

2049 5225 2113 5264 ac
2175 5215 2308 5267 tanti
2365 5218 2666 5286 exsistant;
2724 5239 2825 5277 nec
2860 5237 3172 5282 sanctarum
3207 5242 3501 5302 martyrmn
3537 5234 3630 5288 lii-

2049 5303 2248 5370 psimes
2273 5322 2336 5360 ac
2369 5307 2614 5379 Gajanm,
2659 5328 2778 5382 qum
2816 5316 3038 5373 fuerunt
3072 5333 3345 5377 coronata:
3367 5329 3629 5396 martyrio

2044 5394 2096 5446 in
2130 5396 2386 5453 Armenia
2422 5418 2436 5454 :
2472 5419 2535 5457 ac
2583 5422 2649 5460 ne
2687 5409 2768 5462 vel
2801 5413 2973 5466 sancti
3008 5412 3255 5484 Gregorii
3288 5421 3430 5471 sacri
3483 5437 3627 5474 mar-

2043 5487 2196 5556 tyris,
2235 5492 2322 5558 qui
2353 5492 2626 5552 Armeniae
2655 5501 2943 5572 episcopus
2978 5508 3225 5573 exstitit;
3279 5511 3356 5563 uti
3391 5514 3464 5565 rei
3509 5513 3624 5582 ipsa

2038 5582 2371 5648 experientia
2432 5589 2585 5642 testis
2639 5601 2740 5656 est,
2803 5605 2862 5648 ut
2920 5611 3078 5651 nemo
3143 5609 3388 5654 nostrum
3449 5607 3626 5664 sancti

2033 5669 2278 5740 Gregorii
2340 5677 2391 5728 in
2445 5678 2702 5735 Armenia
2763 5686 2846 5738 vel
2901 5687 3167 5756 jejunium
3230 5693 3479 5760 audierit,
3540 5699 3621 5751 vel

2121 5853 2230 5924 (lxi)
2262 5854 2419 5915 Forte
2447 5863 2512 5930 τῇ
2539 5863 2656 5918 ἀθλ,
2690 5866 2892 5932 ἡμέρᾳ.
