  <div class='ocr_page' id='page_1' title='image "/cluster/home/n/w/nwhite01/storage/ocr_20150623/132/coo.31924054870377/607.png"; bbox 0 0 4088 6420; ppageno 0'>
   <div class='ocr_carea' id='block_1_1' title="bbox 384 328 523 390">
    <p class='ocr_par' dir='ltr' id='par_1_1' title="bbox 384 328 523 390">
     <span class='ocr_line' id='line_1_1' title="bbox 384 328 523 390; baseline -0.007 -3"><span class='ocrx_word' id='word_1_1' title='bbox 384 328 523 390; x_wconf 72' lang='grc'><strong>1109</strong></span> 
     </span>
    </p>
   </div>
   <div class='ocr_carea' id='block_1_2' title="bbox 383 436 1356 503">
    <p class='ocr_par' dir='ltr' id='par_1_2' title="bbox 383 436 1356 503">
     <span class='ocr_line' id='line_1_2' title="bbox 383 436 1356 503; baseline -0.003 -8"><span class='ocrx_word' id='word_1_2' title='bbox 383 436 780 495; x_wconf 87' lang='lat' dir='ltr'><strong>solemnitatem</strong></span> <span class='ocrx_word' id='word_1_3' title='bbox 808 476 825 503; x_wconf 91' lang='lat'><strong>,</strong></span> <span class='ocrx_word' id='word_1_4' title='bbox 888 436 973 493; x_wconf 89' lang='lat' dir='ltr'><strong>vel</strong></span> <span class='ocrx_word' id='word_1_5' title='bbox 1021 436 1356 493; x_wconf 74' lang='lat' dir='ltr'><strong>sacrificium</strong></span> 
     </span>
    </p>
   </div>
   <div class='ocr_carea' id='block_1_3' title="bbox 384 529 1966 597">
    <p class='ocr_par' dir='ltr' id='par_1_3' title="bbox 384 529 1966 597">
     <span class='ocr_line' id='line_1_3' title="bbox 384 529 1966 597; baseline 0 -12"><span class='ocrx_word' id='word_1_6' title='bbox 384 538 695 586; x_wconf 76' lang='lat' dir='ltr'><strong>sanctorum</strong></span> <span class='ocrx_word' id='word_1_7' title='bbox 751 529 992 594; x_wconf 81' lang='lat' dir='ltr'><strong>Patrum,</strong></span> <span class='ocrx_word' id='word_1_8' title='bbox 1039 529 1123 584; x_wconf 79' lang='lat' dir='ltr'><strong>vel</strong></span> <span class='ocrx_word' id='word_1_9' title='bbox 1155 529 1464 597; x_wconf 77' lang='lat' dir='ltr'><strong>Athanasii,</strong></span> <span class='ocrx_word' id='word_1_10' title='bbox 1502 534 1588 585; x_wconf 84' lang='lat' dir='ltr'><strong>vel</strong></span> <span class='ocrx_word' id='word_1_11' title='bbox 1618 531 1802 587; x_wconf 82' lang='lat' dir='ltr'><strong>Basilii</strong></span> <span class='ocrx_word' id='word_1_12' title='bbox 1854 531 1966 585; x_wconf 85' lang='lat' dir='ltr'><strong>Ma-</strong></span> 
     </span>
    </p>
   </div>
   <div class='ocr_carea' id='block_1_4' title="bbox 384 619 1959 693">
    <p class='ocr_par' dir='ltr' id='par_1_4' title="bbox 384 619 1959 693">
     <span class='ocr_line' id='line_1_4' title="bbox 384 619 1959 693; baseline 0 -17"><span class='ocrx_word' id='word_1_13' title='bbox 384 623 496 693; x_wconf 70' lang='lat' dir='ltr'><strong>gni,</strong></span> <span class='ocrx_word' id='word_1_14' title='bbox 530 621 610 677; x_wconf 84' lang='lat' dir='ltr'><strong>vel</strong></span> <span class='ocrx_word' id='word_1_15' title='bbox 658 620 903 693; x_wconf 81' lang='lat' dir='ltr'><strong>Gregorii</strong></span> <span class='ocrx_word' id='word_1_16' title='bbox 936 619 1351 691; x_wconf 81' lang='lat' dir='ltr'><strong>Thaumatnrgi,</strong></span> <span class='ocrx_word' id='word_1_17' title='bbox 1392 623 1473 676; x_wconf 81' lang='lat' dir='ltr'><strong>vel</strong></span> <span class='ocrx_word' id='word_1_18' title='bbox 1504 622 1749 692; x_wconf 81' lang='lat' dir='ltr'><strong>Gregorii</strong></span> <span class='ocrx_word' id='word_1_19' title='bbox 1782 623 1959 677; x_wconf 81' lang='lat' dir='ltr'><strong>Theo-</strong></span> 
     </span>
    </p>
   </div>
   <div class='ocr_carea' id='block_1_5' title="bbox 372 713 1964 785">
    <p class='ocr_par' dir='ltr' id='par_1_5' title="bbox 372 713 1964 785">
     <span class='ocr_line' id='line_1_5' title="bbox 372 713 1964 785; baseline 0.003 -19"><span class='ocrx_word' id='word_1_20' title='bbox 372 716 516 785; x_wconf 81' lang='lat' dir='ltr'><strong>:logi,</strong></span> <span class='ocrx_word' id='word_1_21' title='bbox 572 714 654 770; x_wconf 86' lang='lat' dir='ltr'><strong>vel</strong></span> <span class='ocrx_word' id='word_1_22' title='bbox 718 713 1129 785; x_wconf 63' lang='lat' dir='ltr'><strong>Chrysostomi,</strong></span> <span class='ocrx_word' id='word_1_23' title='bbox 1165 713 1250 770; x_wconf 84' lang='lat' dir='ltr'><strong>vel</strong></span> <span class='ocrx_word' id='word_1_24' title='bbox 1294 714 1513 785; x_wconf 86' lang='lat' dir='ltr'><strong>Cyrilli,</strong></span> <span class='ocrx_word' id='word_1_25' title='bbox 1576 716 1660 769; x_wconf 85' lang='lat' dir='ltr'><strong>vel</strong></span> <span class='ocrx_word' id='word_1_26' title='bbox 1707 713 1964 785; x_wconf 84' lang='lat' dir='ltr'><strong>Ephrem,</strong></span> 
     </span>
    </p>
   </div>
   <div class='ocr_carea' id='block_1_6' title="bbox 383 805 1967 878">
    <p class='ocr_par' dir='ltr' id='par_1_6' title="bbox 383 805 1967 878">
     <span class='ocr_line' id='line_1_6' title="bbox 383 805 1967 878; baseline 0.001 -18"><span class='ocrx_word' id='word_1_27' title='bbox 383 807 468 861; x_wconf 85' lang='lat' dir='ltr'><strong>vel</strong></span> <span class='ocrx_word' id='word_1_28' title='bbox 499 805 731 873; x_wconf 81' lang='lat' dir='ltr'><strong>alicujus</strong></span> <span class='ocrx_word' id='word_1_29' title='bbox 781 806 1005 861; x_wconf 81' lang='lat' dir='ltr'><strong>alterius</strong></span> <span class='ocrx_word' id='word_1_30' title='bbox 1038 805 1214 860; x_wconf 88' lang='lat' dir='ltr'><strong>Patris</strong></span> <span class='ocrx_word' id='word_1_31' title='bbox 1270 824 1283 859; x_wconf 92' lang='lat'><strong>:</strong></span> <span class='ocrx_word' id='word_1_32' title='bbox 1334 821 1456 861; x_wconf 87' lang='lat' dir='ltr'><strong>cum</strong></span> <span class='ocrx_word' id='word_1_33' title='bbox 1491 821 1621 878; x_wconf 78' lang='lat' dir='ltr'><strong>ergo</strong></span> <span class='ocrx_word' id='word_1_34' title='bbox 1670 816 1720 861; x_wconf 90' lang='lat' dir='ltr'><strong>et</strong></span> <span class='ocrx_word' id='word_1_35' title='bbox 1773 817 1851 862; x_wconf 91' lang='lat' dir='ltr'><strong>tot</strong></span> <span class='ocrx_word' id='word_1_36' title='bbox 1904 822 1967 861; x_wconf 88' lang='lat' dir='ltr'><strong>ac</strong></span> 
     </span>
    </p>
   </div>
   <div class='ocr_carea' id='block_1_7' title="bbox 386 897 1967 968">
    <p class='ocr_par' dir='ltr' id='par_1_7' title="bbox 386 897 1967 968">
     <span class='ocr_line' id='line_1_7' title="bbox 386 897 1967 968; baseline -0.002 -15"><span class='ocrx_word' id='word_1_37' title='bbox 386 900 552 954; x_wconf 89' lang='lat' dir='ltr'><strong>tantis</strong></span> <span class='ocrx_word' id='word_1_38' title='bbox 604 898 832 961; x_wconf 87' lang='lat' dir='ltr'><strong>sanctis,</strong></span> <span class='ocrx_word' id='word_1_39' title='bbox 882 897 1081 952; x_wconf 91' lang='lat' dir='ltr'><strong>nullius</strong></span> <span class='ocrx_word' id='word_1_40' title='bbox 1132 897 1213 952; x_wconf 86' lang='lat' dir='ltr'><strong>vel</strong></span> <span class='ocrx_word' id='word_1_41' title='bbox 1257 898 1526 968; x_wconf 74' lang='lat' dir='ltr'><strong>jejunium</strong></span> <span class='ocrx_word' id='word_1_42' title='bbox 1575 898 1823 963; x_wconf 76' lang='lat' dir='ltr'><strong>servetis,</strong></span> <span class='ocrx_word' id='word_1_43' title='bbox 1884 897 1967 950; x_wconf 72' lang='lat' dir='ltr'><strong>Vel</strong></span> 
     </span>
    </p>
   </div>
   <div class='ocr_carea' id='block_1_8' title="bbox 385 988 1966 1058">
    <p class='ocr_par' dir='ltr' id='par_1_8' title="bbox 385 988 1966 1058">
     <span class='ocr_line' id='line_1_8' title="bbox 385 988 1966 1058; baseline 0.001 -15"><span class='ocrx_word' id='word_1_44' title='bbox 385 989 699 1043; x_wconf 88' lang='lat' dir='ltr'><strong>memoriam</strong></span> <span class='ocrx_word' id='word_1_45' title='bbox 729 988 1039 1053; x_wconf 75' lang='lat' dir='ltr'><strong>celebretis,</strong></span> <span class='ocrx_word' id='word_1_46' title='bbox 1065 988 1150 1043; x_wconf 83' lang='lat' dir='ltr'><strong>vel</strong></span> <span class='ocrx_word' id='word_1_47' title='bbox 1180 988 1504 1042; x_wconf 82' lang='lat' dir='ltr'><strong>sacriﬁcium</strong></span> <span class='ocrx_word' id='word_1_48' title='bbox 1558 988 1773 1043; x_wconf 82' lang='lat' dir='ltr'><strong>faciatis</strong></span> <span class='ocrx_word' id='word_1_49' title='bbox 1795 1030 1809 1054; x_wconf 96' lang='lat'><strong>,</strong></span> <span class='ocrx_word' id='word_1_50' title='bbox 1842 991 1966 1058; x_wconf 84' lang='lat' dir='ltr'><strong>quei</strong></span> 
     </span>
    </p>
   </div>
   <div class='ocr_carea' id='block_1_9' title="bbox 383 1077 1964 1151">
    <p class='ocr_par' dir='ltr' id='par_1_9' title="bbox 383 1077 1964 1151">
     <span class='ocr_line' id='line_1_9' title="bbox 383 1077 1964 1151; baseline 0.001 -17"><span class='ocrx_word' id='word_1_51' title='bbox 383 1081 526 1134; x_wconf 89' lang='lat' dir='ltr'><strong>hunc</strong></span> <span class='ocrx_word' id='word_1_52' title='bbox 555 1079 729 1133; x_wconf 88' lang='lat' dir='ltr'><strong>solum</strong></span> <span class='ocrx_word' id='word_1_53' title='bbox 765 1077 1041 1145; x_wconf 79' lang='lat' dir='ltr'><strong>Sergium,</strong></span> <span class='ocrx_word' id='word_1_54' title='bbox 1076 1080 1301 1135; x_wconf 87' lang='lat' dir='ltr'><strong>terribili</strong></span> <span class='ocrx_word' id='word_1_55' title='bbox 1331 1079 1555 1151; x_wconf 82' lang='lat' dir='ltr'><strong>jejunio,</strong></span> <span class='ocrx_word' id='word_1_56' title='bbox 1594 1096 1657 1135; x_wconf 88' lang='lat' dir='ltr'><strong>ac</strong></span> <span class='ocrx_word' id='word_1_57' title='bbox 1688 1081 1773 1136; x_wconf 87' lang='lat' dir='ltr'><strong>die</strong></span> <span class='ocrx_word' id='word_1_58' title='bbox 1807 1079 1964 1145; x_wconf 69' lang='lat' dir='ltr'><strong>festo,</strong></span> 
     </span>
    </p>
   </div>
   <div class='ocr_carea' id='block_1_10' title="bbox 380 1173 1967 1245">
    <p class='ocr_par' dir='ltr' id='par_1_10' title="bbox 380 1173 1967 1245">
     <span class='ocr_line' id='line_1_10' title="bbox 380 1173 1967 1245; baseline 0.003 -18"><span class='ocrx_word' id='word_1_59' title='bbox 380 1173 747 1243; x_wconf 81' lang='lat' dir='ltr'><strong>sacriﬁciique</strong></span> <span class='ocrx_word' id='word_1_60' title='bbox 794 1173 1099 1241; x_wconf 86' lang='lat' dir='ltr'><strong>oblatione,</strong></span> <span class='ocrx_word' id='word_1_61' title='bbox 1152 1185 1408 1245; x_wconf 88' lang='lat' dir='ltr'><strong>tauquam</strong></span> <span class='ocrx_word' id='word_1_62' title='bbox 1442 1174 1585 1229; x_wconf 90' lang='lat' dir='ltr'><strong>Deus</strong></span> <span class='ocrx_word' id='word_1_63' title='bbox 1618 1183 1781 1241; x_wconf 85' lang='lat' dir='ltr'><strong>esset,</strong></span> <span class='ocrx_word' id='word_1_64' title='bbox 1834 1176 1967 1231; x_wconf 84' lang='lat' dir='ltr'><strong>adeo</strong></span> 
     </span>
    </p>
   </div>
   <div class='ocr_carea' id='block_1_11' title="bbox 385 1265 1963 1338">
    <p class='ocr_par' dir='ltr' id='par_1_11' title="bbox 385 1265 1963 1338">
     <span class='ocr_line' id='line_1_11' title="bbox 385 1265 1963 1338; baseline 0.002 -21"><span class='ocrx_word' id='word_1_65' title='bbox 385 1266 666 1320; x_wconf 74' lang='lat' dir='ltr'><strong>honoratis</strong></span> <span class='ocrx_word' id='word_1_66' title='bbox 706 1276 869 1335; x_wconf 87' lang='lat' dir='ltr'><strong>atque</strong></span> <span class='ocrx_word' id='word_1_67' title='bbox 923 1265 1145 1322; x_wconf 78' lang='lat' dir='ltr'><strong>colitis?</strong></span> <span class='ocrx_word' id='word_1_68' title='bbox 1198 1265 1560 1332; x_wconf 84' lang='lat' dir='ltr'><strong>Quamobrem</strong></span> <span class='ocrx_word' id='word_1_69' title='bbox 1617 1268 1963 1338; x_wconf 87' lang='lat' dir='ltr'><strong>perspicuum</strong></span> 
     </span>
    </p>
   </div>
   <div class='ocr_carea' id='block_1_12' title="bbox 380 1358 1968 1428">
    <p class='ocr_par' dir='ltr' id='par_1_12' title="bbox 380 1358 1968 1428">
     <span class='ocr_line' id='line_1_12' title="bbox 380 1358 1968 1428; baseline 0.003 -16"><span class='ocrx_word' id='word_1_70' title='bbox 380 1367 484 1425; x_wconf 84' lang='lat' dir='ltr'><strong>est,</strong></span> <span class='ocrx_word' id='word_1_71' title='bbox 517 1358 770 1428; x_wconf 79' lang='lat' dir='ltr'><strong>pra-fatos</strong></span> <span class='ocrx_word' id='word_1_72' title='bbox 800 1374 892 1414; x_wconf 89' lang='lat' dir='ltr'><strong>vos</strong></span> <span class='ocrx_word' id='word_1_73' title='bbox 927 1371 1149 1415; x_wconf 88' lang='lat' dir='ltr'><strong>sanctos</strong></span> <span class='ocrx_word' id='word_1_74' title='bbox 1183 1359 1372 1415; x_wconf 83' lang='lat' dir='ltr'><strong>Patres</strong></span> <span class='ocrx_word' id='word_1_75' title='bbox 1418 1360 1541 1415; x_wconf 86' lang='lat' dir='ltr'><strong>ideo</strong></span> <span class='ocrx_word' id='word_1_76' title='bbox 1581 1362 1853 1416; x_wconf 76' lang='lat' dir='ltr'><strong>exsecrari</strong></span> <span class='ocrx_word' id='word_1_77' title='bbox 1903 1376 1968 1416; x_wconf 89' lang='lat' dir='ltr'><strong>ac</strong></span> 
     </span>
    </p>
   </div>
   <div class='ocr_carea' id='block_1_13' title="bbox 382 1451 1964 1523">
    <p class='ocr_par' dir='ltr' id='par_1_13' title="bbox 382 1451 1964 1523">
     <span class='ocr_line' id='line_1_13' title="bbox 382 1451 1964 1523; baseline 0.002 -21"><span class='ocrx_word' id='word_1_78' title='bbox 382 1451 647 1516; x_wconf 86' lang='lat' dir='ltr'><strong>aversari,</strong></span> <span class='ocrx_word' id='word_1_79' title='bbox 670 1452 813 1521; x_wconf 85' lang='lat' dir='ltr'><strong>quod</strong></span> <span class='ocrx_word' id='word_1_80' title='bbox 852 1451 965 1506; x_wconf 89' lang='lat' dir='ltr'><strong>sint</strong></span> <span class='ocrx_word' id='word_1_81' title='bbox 1002 1452 1232 1506; x_wconf 79' lang='lat' dir='ltr'><strong>Romani</strong></span> <span class='ocrx_word' id='word_1_82' title='bbox 1267 1469 1280 1506; x_wconf 92' lang='lat'><strong>:</strong></span> <span class='ocrx_word' id='word_1_83' title='bbox 1318 1467 1523 1522; x_wconf 88' lang='lat' dir='ltr'><strong>nosque</strong></span> <span class='ocrx_word' id='word_1_84' title='bbox 1564 1452 1706 1517; x_wconf 89' lang='lat' dir='ltr'><strong>ideo,</strong></span> <span class='ocrx_word' id='word_1_85' title='bbox 1741 1468 1805 1507; x_wconf 88' lang='lat' dir='ltr'><strong>ac</strong></span> <span class='ocrx_word' id='word_1_86' title='bbox 1841 1452 1964 1523; x_wconf 89' lang='lat' dir='ltr'><strong>quia</strong></span> 
     </span>
    </p>
   </div>
   <div class='ocr_carea' id='block_1_14' title="bbox 379 1541 1961 1616">
    <p class='ocr_par' dir='ltr' id='par_1_14' title="bbox 379 1541 1961 1616">
     <span class='ocr_line' id='line_1_14' title="bbox 379 1541 1961 1616; baseline 0.003 -22"><span class='ocrx_word' id='word_1_87' title='bbox 379 1541 615 1598; x_wconf 69' lang='lat' dir='ltr'><strong>Romani</strong></span> <span class='ocrx_word' id='word_1_88' title='bbox 645 1558 858 1609; x_wconf 87' lang='lat' dir='ltr'><strong>sumus,</strong></span> <span class='ocrx_word' id='word_1_89' title='bbox 895 1559 1059 1599; x_wconf 90' lang='lat' dir='ltr'><strong>unum</strong></span> <span class='ocrx_word' id='word_1_90' title='bbox 1089 1553 1328 1599; x_wconf 89' lang='lat' dir='ltr'><strong>vestrum</strong></span> <span class='ocrx_word' id='word_1_91' title='bbox 1366 1544 1612 1616; x_wconf 79' lang='lat' dir='ltr'><strong>Sergium</strong></span> <span class='ocrx_word' id='word_1_92' title='bbox 1646 1545 1961 1600; x_wconf 83' lang='lat' dir='ltr'><strong>Armenium</strong></span> 
     </span>
    </p>
   </div>
   <div class='ocr_carea' id='block_1_15' title="bbox 382 1635 738 1689">
    <p class='ocr_par' dir='ltr' id='par_1_15' title="bbox 382 1635 738 1689">
     <span class='ocr_line' id='line_1_15' title="bbox 382 1635 738 1689; baseline 0.008 -3"><span class='ocrx_word' id='word_1_93' title='bbox 382 1635 738 1689; x_wconf 75' lang='lat' dir='ltr'><strong>detestamur.</strong></span> 
     </span>
    </p>
   </div>
   <div class='ocr_carea' id='block_1_16' title="bbox 455 1899 1962 1970">
    <p class='ocr_par' dir='ltr' id='par_1_16' title="bbox 455 1899 1962 1970">
     <span class='ocr_line' id='line_1_16' title="bbox 455 1899 1962 1970; baseline 0.001 -17"><span class='ocrx_word' id='word_1_94' title='bbox 455 1899 537 1955; x_wconf 91' lang='lat' dir='ltr'><strong>Ill.</strong></span> <span class='ocrx_word' id='word_1_95' title='bbox 577 1902 668 1955; x_wconf 85' lang='lat' dir='ltr'><strong>Sic</strong></span> <span class='ocrx_word' id='word_1_96' title='bbox 698 1915 758 1956; x_wconf 88' lang='lat' dir='ltr'><strong>se</strong></span> <span class='ocrx_word' id='word_1_97' title='bbox 790 1900 866 1955; x_wconf 89' lang='lat' dir='ltr'><strong>illi</strong></span> <span class='ocrx_word' id='word_1_98' title='bbox 898 1901 1146 1957; x_wconf 88' lang='lat' dir='ltr'><strong>videntes</strong></span> <span class='ocrx_word' id='word_1_99' title='bbox 1201 1900 1448 1969; x_wconf 71' lang='lat' dir='ltr'><strong>coargui,</strong></span> <span class='ocrx_word' id='word_1_100' title='bbox 1515 1900 1699 1957; x_wconf 88' lang='lat' dir='ltr'><strong>statim</strong></span> <span class='ocrx_word' id='word_1_101' title='bbox 1746 1900 1962 1970; x_wconf 87' lang='lat' dir='ltr'><strong>quidem</strong></span> 
     </span>
    </p>
   </div>
   <div class='ocr_carea' id='block_1_17' title="bbox 383 1992 1967 2063">
    <p class='ocr_par' dir='ltr' id='par_1_17' title="bbox 383 1992 1967 2063">
     <span class='ocr_line' id='line_1_17' title="bbox 383 1992 1967 2063; baseline 0.001 -16"><span class='ocrx_word' id='word_1_102' title='bbox 383 1993 557 2062; x_wconf 80' lang='lat' dir='ltr'><strong>Sergii</strong></span> <span class='ocrx_word' id='word_1_103' title='bbox 593 1992 738 2047; x_wconf 88' lang='lat' dir='ltr'><strong>illam</strong></span> <span class='ocrx_word' id='word_1_104' title='bbox 781 1993 1044 2047; x_wconf 89' lang='lat' dir='ltr'><strong>rationem</strong></span> <span class='ocrx_word' id='word_1_105' title='bbox 1100 2004 1334 2062; x_wconf 77' lang='lat' dir='ltr'><strong>negant;</strong></span> <span class='ocrx_word' id='word_1_106' title='bbox 1373 1993 1504 2063; x_wconf 90' lang='lat' dir='ltr'><strong>quin</strong></span> <span class='ocrx_word' id='word_1_107' title='bbox 1539 2002 1594 2048; x_wconf 89' lang='lat' dir='ltr'><strong>et</strong></span> <span class='ocrx_word' id='word_1_108' title='bbox 1647 2008 1758 2048; x_wconf 65' lang='lat' dir='ltr'><strong>suae</strong></span> <span class='ocrx_word' id='word_1_109' title='bbox 1803 2003 1967 2048; x_wconf 73' lang='lat' dir='ltr'><strong>sectae</strong></span> 
     </span>
    </p>
   </div>
   <div class='ocr_carea' id='block_1_18' title="bbox 384 2081 1968 2153">
    <p class='ocr_par' dir='ltr' id='par_1_18' title="bbox 384 2081 1968 2153">
     <span class='ocr_line' id='line_1_18' title="bbox 384 2081 1968 2153; baseline 0.001 -16"><span class='ocrx_word' id='word_1_110' title='bbox 384 2085 649 2148; x_wconf 81' lang='lat' dir='ltr'><strong>homines,</strong></span> <span class='ocrx_word' id='word_1_111' title='bbox 690 2083 781 2152; x_wconf 90' lang='lat' dir='ltr'><strong>qui</strong></span> <span class='ocrx_word' id='word_1_112' title='bbox 817 2083 937 2151; x_wconf 87' lang='lat' dir='ltr'><strong>ejus</strong></span> <span class='ocrx_word' id='word_1_113' title='bbox 965 2081 1155 2150; x_wconf 87' lang='lat' dir='ltr'><strong>jejunii</strong></span> <span class='ocrx_word' id='word_1_114' title='bbox 1187 2084 1452 2137; x_wconf 86' lang='lat' dir='ltr'><strong>rationem</strong></span> <span class='ocrx_word' id='word_1_115' title='bbox 1500 2083 1553 2136; x_wconf 88' lang='lat' dir='ltr'><strong>in</strong></span> <span class='ocrx_word' id='word_1_116' title='bbox 1602 2081 1849 2153; x_wconf 83' lang='lat' dir='ltr'><strong>Sergium</strong></span> <span class='ocrx_word' id='word_1_117' title='bbox 1883 2099 1968 2139; x_wconf 89' lang='lat' dir='ltr'><strong>re-</strong></span> 
     </span>
    </p>
   </div>
   <div class='ocr_carea' id='block_1_19' title="bbox 378 2175 1965 2246">
    <p class='ocr_par' dir='ltr' id='par_1_19' title="bbox 378 2175 1965 2246">
     <span class='ocr_line' id='line_1_19' title="bbox 378 2175 1965 2246; baseline 0.001 -17"><span class='ocrx_word' id='word_1_118' title='bbox 378 2175 577 2243; x_wconf 77' lang='lat' dir='ltr'><strong>ferant,</strong></span> <span class='ocrx_word' id='word_1_119' title='bbox 613 2175 747 2231; x_wconf 90' lang='lat' dir='ltr'><strong>diris</strong></span> <span class='ocrx_word' id='word_1_120' title='bbox 785 2176 1068 2231; x_wconf 86' lang='lat' dir='ltr'><strong>devovent.</strong></span> <span class='ocrx_word' id='word_1_121' title='bbox 1102 2176 1238 2230; x_wconf 82' lang='lat' dir='ltr'><strong>Tum</strong></span> <span class='ocrx_word' id='word_1_122' title='bbox 1271 2190 1424 2239; x_wconf 82' lang='lat' dir='ltr'><strong>vero,</strong></span> <span class='ocrx_word' id='word_1_123' title='bbox 1453 2184 1711 2246; x_wconf 88' lang='lat' dir='ltr'><strong>tanquam</strong></span> <span class='ocrx_word' id='word_1_124' title='bbox 1764 2178 1965 2246; x_wconf 87' lang='lat' dir='ltr'><strong>proba-</strong></span> 
     </span>
    </p>
   </div>
   <div class='ocr_carea' id='block_1_20' title="bbox 381 2260 1963 2335">
    <p class='ocr_par' dir='ltr' id='par_1_20' title="bbox 381 2260 1963 2335">
     <span class='ocr_line' id='line_1_20' title="bbox 381 2260 1963 2335; baseline -0.001 -14"><span class='ocrx_word' id='word_1_125' title='bbox 381 2268 542 2321; x_wconf 81' lang='lat' dir='ltr'><strong>bilius</strong></span> <span class='ocrx_word' id='word_1_126' title='bbox 590 2265 734 2320; x_wconf 80' lang='lat' dir='ltr'><strong>aliud</strong></span> <span class='ocrx_word' id='word_1_127' title='bbox 760 2260 1074 2331; x_wconf 70' lang='lat' dir='ltr'><strong>com‘menti,</strong></span> <span class='ocrx_word' id='word_1_128' title='bbox 1096 2266 1359 2335; x_wconf 86' lang='lat' dir='ltr'><strong>jejunium</strong></span> <span class='ocrx_word' id='word_1_129' title='bbox 1384 2265 1705 2322; x_wconf 84' lang='lat' dir='ltr'><strong>Artzeburis</strong></span> <span class='ocrx_word' id='word_1_130' title='bbox 1730 2266 1963 2331; x_wconf 91' lang='lat' dir='ltr'><strong>dictum,</strong></span> 
     </span>
    </p>
   </div>
   <div class='ocr_carea' id='block_1_21' title="bbox 370 2355 1968 2427">
    <p class='ocr_par' dir='ltr' id='par_1_21' title="bbox 370 2355 1968 2427">
     <span class='ocr_line' id='line_1_21' title="bbox 370 2355 1968 2427; baseline -0.001 -15"><span class='ocrx_word' id='word_1_131' title='bbox 370 2357 590 2412; x_wconf 43' lang='lat' dir='ltr'><strong>\Ninivae</strong></span> <span class='ocrx_word' id='word_1_132' title='bbox 622 2357 839 2411; x_wconf 86' lang='lat' dir='ltr'><strong>tradunt</strong></span> <span class='ocrx_word' id='word_1_133' title='bbox 870 2372 991 2411; x_wconf 86' lang='lat' dir='ltr'><strong>esse</strong></span> <span class='ocrx_word' id='word_1_134' title='bbox 1021 2357 1314 2427; x_wconf 86' lang='lat' dir='ltr'><strong>jejunium.</strong></span> <span class='ocrx_word' id='word_1_135' title='bbox 1376 2355 1479 2411; x_wconf 90' lang='lat' dir='ltr'><strong>Ubi</strong></span> <span class='ocrx_word' id='word_1_136' title='bbox 1534 2363 1717 2410; x_wconf 88' lang='lat' dir='ltr'><strong>autem</strong></span> <span class='ocrx_word' id='word_1_137' title='bbox 1772 2358 1838 2411; x_wconf 89' lang='lat' dir='ltr'><strong>ad</strong></span> <span class='ocrx_word' id='word_1_138' title='bbox 1873 2371 1968 2411; x_wconf 86' lang='lat' dir='ltr'><strong>eos</strong></span> 
     </span>
    </p>
   </div>
   <div class='ocr_carea' id='block_1_22' title="bbox 378 2446 1965 2518">
    <p class='ocr_par' dir='ltr' id='par_1_22' title="bbox 378 2446 1965 2518">
     <span class='ocr_line' id='line_1_22' title="bbox 378 2446 1965 2518; baseline -0.003 -13"><span class='ocrx_word' id='word_1_139' title='bbox 378 2450 682 2505; x_wconf 72' lang='lat' dir='ltr'><strong>dixerimus</strong></span> <span class='ocrx_word' id='word_1_140' title='bbox 710 2468 723 2503; x_wconf 89' lang='lat'><strong>:</strong></span> <span class='ocrx_word' id='word_1_141' title='bbox 749 2447 883 2503; x_wconf 89' lang='lat' dir='ltr'><strong>Cum</strong></span> <span class='ocrx_word' id='word_1_142' title='bbox 917 2462 1017 2504; x_wconf 90' lang='lat' dir='ltr'><strong>nec</strong></span> <span class='ocrx_word' id='word_1_143' title='bbox 1043 2448 1217 2503; x_wconf 87' lang='lat' dir='ltr'><strong>sancti</strong></span> <span class='ocrx_word' id='word_1_144' title='bbox 1250 2447 1478 2515; x_wconf 84' lang='lat' dir='ltr'><strong>apostoli</strong></span> <span class='ocrx_word' id='word_1_145' title='bbox 1504 2447 1671 2502; x_wconf 87' lang='lat' dir='ltr'><strong>hocce</strong></span> <span class='ocrx_word' id='word_1_146' title='bbox 1700 2446 1965 2518; x_wconf 78' lang='lat' dir='ltr'><strong>jejunium</strong></span> 
     </span>
    </p>
   </div>
   <div class='ocr_carea' id='block_1_23' title="bbox 378 2537 1966 2613">
    <p class='ocr_par' dir='ltr' id='par_1_23' title="bbox 378 2537 1966 2613">
     <span class='ocr_line' id='line_1_23' title="bbox 378 2537 1966 2613; baseline -0.002 -16"><span class='ocrx_word' id='word_1_147' title='bbox 378 2543 581 2611; x_wconf 89' lang='lat' dir='ltr'><strong>scripto</strong></span> <span class='ocrx_word' id='word_1_148' title='bbox 610 2541 1004 2613; x_wconf 77' lang='lat' dir='ltr'><strong>consignarint,</strong></span> <span class='ocrx_word' id='word_1_149' title='bbox 1041 2555 1212 2609; x_wconf 87' lang='lat' dir='ltr'><strong>neque</strong></span> <span class='ocrx_word' id='word_1_150' title='bbox 1242 2537 1459 2598; x_wconf 65' lang='lat' dir='ltr'><strong>Nicazua</strong></span> <span class='ocrx_word' id='word_1_151' title='bbox 1497 2538 1753 2611; x_wconf 83' lang='lat' dir='ltr'><strong>synodus,</strong></span> <span class='ocrx_word' id='word_1_152' title='bbox 1789 2554 1966 2609; x_wconf 87' lang='lat' dir='ltr'><strong>neque</strong></span> 
     </span>
    </p>
   </div>
   <div class='ocr_carea' id='block_1_24' title="bbox 379 2630 1964 2702">
    <p class='ocr_par' dir='ltr' id='par_1_24' title="bbox 379 2630 1964 2702">
     <span class='ocr_line' id='line_1_24' title="bbox 379 2630 1964 2702; baseline -0.002 -16"><span class='ocrx_word' id='word_1_153' title='bbox 379 2633 576 2702; x_wconf 77' lang='lat' dir='ltr'><strong>aliquis</strong></span> <span class='ocrx_word' id='word_1_154' title='bbox 629 2643 966 2695; x_wconf 86' lang='lat' dir='ltr'><strong>sanctorum,</strong></span> <span class='ocrx_word' id='word_1_155' title='bbox 1024 2638 1250 2701; x_wconf 82' lang='lat' dir='ltr'><strong>excepta</strong></span> <span class='ocrx_word' id='word_1_156' title='bbox 1305 2631 1464 2694; x_wconf 79' lang='lat' dir='ltr'><strong>feria,</strong></span> <span class='ocrx_word' id='word_1_157' title='bbox 1527 2645 1590 2685; x_wconf 88' lang='lat' dir='ltr'><strong>ac</strong></span> <span class='ocrx_word' id='word_1_158' title='bbox 1643 2630 1964 2697; x_wconf 82' lang='lat' dir='ltr'><strong>Parasceve,</strong></span> 
     </span>
    </p>
   </div>
   <div class='ocr_carea' id='block_1_25' title="bbox 378 2722 1965 2795">
    <p class='ocr_par' dir='ltr' id='par_1_25' title="bbox 378 2722 1965 2795">
     <span class='ocr_line' id='line_1_25' title="bbox 378 2722 1965 2795; baseline 0 -17"><span class='ocrx_word' id='word_1_159' title='bbox 378 2740 686 2795; x_wconf 83' lang='lat' dir='ltr'><strong>magnaque</strong></span> <span class='ocrx_word' id='word_1_160' title='bbox 724 2724 1169 2793; x_wconf 81' lang='lat' dir='ltr'><strong>Quadragesima,</strong></span> <span class='ocrx_word' id='word_1_161' title='bbox 1206 2739 1270 2778; x_wconf 90' lang='lat' dir='ltr'><strong>ac</strong></span> <span class='ocrx_word' id='word_1_162' title='bbox 1301 2723 1635 2794; x_wconf 83' lang='lat' dir='ltr'><strong>hebdomada</strong></span> <span class='ocrx_word' id='word_1_163' title='bbox 1685 2722 1965 2778; x_wconf 85' lang='lat' dir='ltr'><strong>Passionis</strong></span> 
     </span>
    </p>
   </div>
   <div class='ocr_carea' id='block_1_26' title="bbox 368 2814 1966 2887">
    <p class='ocr_par' dir='ltr' id='par_1_26' title="bbox 368 2814 1966 2887">
     <span class='ocr_line' id='line_1_26' title="bbox 368 2814 1966 2887; baseline -0.001 -13"><span class='ocrx_word' id='word_1_164' title='bbox 368 2818 618 2881; x_wconf 71' lang='lat' dir='ltr'><strong>Christi,</strong></span> <span class='ocrx_word' id='word_1_165' title='bbox 697 2832 906 2873; x_wconf 89' lang='lat' dir='ltr'><strong>necnon</strong></span> <span class='ocrx_word' id='word_1_166' title='bbox 952 2817 1158 2887; x_wconf 89' lang='lat' dir='ltr'><strong>jejunio</strong></span> <span class='ocrx_word' id='word_1_167' title='bbox 1210 2814 1521 2870; x_wconf 83' lang='lat' dir='ltr'><strong>Nativitatis</strong></span> <span class='ocrx_word' id='word_1_168' title='bbox 1574 2815 1798 2884; x_wconf 78' lang='lat' dir='ltr'><strong>ChriSti,</strong></span> <span class='ocrx_word' id='word_1_169' title='bbox 1836 2831 1966 2871; x_wconf 86' lang='lat' dir='ltr'><strong>san-</strong></span> 
     </span>
    </p>
   </div>
   <div class='ocr_carea' id='block_1_27' title="bbox 378 2908 1966 2981">
    <p class='ocr_par' dir='ltr' id='par_1_27' title="bbox 378 2908 1966 2981">
     <span class='ocr_line' id='line_1_27' title="bbox 378 2908 1966 2981; baseline 0.001 -17"><span class='ocrx_word' id='word_1_170' title='bbox 378 2920 702 2981; x_wconf 88' lang='lat' dir='ltr'><strong>ctorumque</strong></span> <span class='ocrx_word' id='word_1_171' title='bbox 730 2911 1119 2981; x_wconf 88' lang='lat' dir='ltr'><strong>apostolorum,</strong></span> <span class='ocrx_word' id='word_1_172' title='bbox 1171 2924 1236 2966; x_wconf 83' lang='lat' dir='ltr'><strong>ac</strong></span> <span class='ocrx_word' id='word_1_173' title='bbox 1294 2910 1384 2965; x_wconf 91' lang='lat' dir='ltr'><strong>Dei</strong></span> <span class='ocrx_word' id='word_1_174' title='bbox 1446 2908 1737 2965; x_wconf 82' lang='lat' dir='ltr'><strong>Genitricis</strong></span> <span class='ocrx_word' id='word_1_175' title='bbox 1782 2926 1796 2962; x_wconf 89' lang='lat'><strong>:</strong></span> <span class='ocrx_word' id='word_1_176' title='bbox 1845 2911 1966 2980; x_wconf 86' lang='lat' dir='ltr'><strong>quis</strong></span> 
     </span>
    </p>
   </div>
   <div class='ocr_carea' id='block_1_28' title="bbox 380 3001 1962 3073">
    <p class='ocr_par' dir='ltr' id='par_1_28' title="bbox 380 3001 1962 3073">
     <span class='ocr_line' id='line_1_28' title="bbox 380 3001 1962 3073; baseline 0.003 -23"><span class='ocrx_word' id='word_1_177' title='bbox 380 3002 532 3056; x_wconf 80' lang='lat' dir='ltr'><strong>vobis</strong></span> <span class='ocrx_word' id='word_1_178' title='bbox 558 3003 744 3073; x_wconf 88' lang='lat' dir='ltr'><strong>jussit,</strong></span> <span class='ocrx_word' id='word_1_179' title='bbox 783 3014 841 3056; x_wconf 90' lang='lat' dir='ltr'><strong>ut</strong></span> <span class='ocrx_word' id='word_1_180' title='bbox 885 3004 1084 3073; x_wconf 79' lang='lat' dir='ltr'><strong>gentis,</strong></span> <span class='ocrx_word' id='word_1_181' title='bbox 1119 3017 1240 3071; x_wconf 73' lang='lat' dir='ltr'><strong>qua:</strong></span> <span class='ocrx_word' id='word_1_182' title='bbox 1289 3001 1450 3071; x_wconf 80' lang='lat' dir='ltr'><strong>longo</strong></span> <span class='ocrx_word' id='word_1_183' title='bbox 1489 3015 1755 3056; x_wconf 83' lang='lat' dir='ltr'><strong>annorum</strong></span> <span class='ocrx_word' id='word_1_184' title='bbox 1787 3004 1962 3071; x_wconf 88' lang='lat' dir='ltr'><strong>spatio</strong></span> 
     </span>
    </p>
   </div>
   <div class='ocr_carea' id='block_1_29' title="bbox 372 3091 1965 3162">
    <p class='ocr_par' dir='ltr' id='par_1_29' title="bbox 372 3091 1965 3162">
     <span class='ocr_line' id='line_1_29' title="bbox 372 3091 1965 3162; baseline 0 -15"><span class='ocrx_word' id='word_1_185' title='bbox 372 3091 582 3148; x_wconf 77' lang='lat' dir='ltr'><strong>Christi</strong></span> <span class='ocrx_word' id='word_1_186' title='bbox 629 3094 918 3148; x_wconf 86' lang='lat' dir='ltr'><strong>adventum</strong></span> <span class='ocrx_word' id='word_1_187' title='bbox 956 3095 1270 3162; x_wconf 82' lang='lat' dir='ltr'><strong>praecessit,</strong></span> <span class='ocrx_word' id='word_1_188' title='bbox 1309 3093 1577 3162; x_wconf 84' lang='lat' dir='ltr'><strong>jejunium</strong></span> <span class='ocrx_word' id='word_1_189' title='bbox 1623 3093 1965 3148; x_wconf 71' lang='lat' dir='ltr'><strong>observetis?</strong></span> 
     </span>
    </p>
   </div>
   <div class='ocr_carea' id='block_1_30' title="bbox 381 3183 1966 3256">
    <p class='ocr_par' dir='ltr' id='par_1_30' title="bbox 381 3183 1966 3256">
     <span class='ocr_line' id='line_1_30' title="bbox 381 3183 1966 3256; baseline 0.001 -17"><span class='ocrx_word' id='word_1_190' title='bbox 381 3183 660 3255; x_wconf 87' lang='lat' dir='ltr'><strong>Siquidem</strong></span> <span class='ocrx_word' id='word_1_191' title='bbox 728 3187 875 3240; x_wconf 86' lang='lat' dir='ltr'><strong>enim</strong></span> <span class='ocrx_word' id='word_1_192' title='bbox 924 3185 1231 3241; x_wconf 69' lang='lat' dir='ltr'><strong>Juilaeornm</strong></span> <span class='ocrx_word' id='word_1_193' title='bbox 1280 3186 1528 3256; x_wconf 82' lang='lat' dir='ltr'><strong>jejunia,</strong></span> <span class='ocrx_word' id='word_1_194' title='bbox 1604 3201 1631 3239; x_wconf 86' lang='lat' dir='ltr'><strong>a</strong></span> <span class='ocrx_word' id='word_1_195' title='bbox 1694 3186 1806 3240; x_wconf 80' lang='lat' dir='ltr'><strong>Deo</strong></span> <span class='ocrx_word' id='word_1_196' title='bbox 1871 3202 1966 3255; x_wconf 83' lang='lat' dir='ltr'><strong>per</strong></span> 
     </span>
    </p>
   </div>
   <div class='ocr_carea' id='block_1_31' title="bbox 372 3276 1966 3347">
    <p class='ocr_par' dir='ltr' id='par_1_31' title="bbox 372 3276 1966 3347">
     <span class='ocr_line' id='line_1_31' title="bbox 372 3276 1966 3347; baseline 0.002 -19"><span class='ocrx_word' id='word_1_197' title='bbox 372 3276 565 3331; x_wconf 76' lang='lat' dir='ltr'><strong>Mosen</strong></span> <span class='ocrx_word' id='word_1_198' title='bbox 624 3285 862 3341; x_wconf 87' lang='lat' dir='ltr'><strong>statuta,</strong></span> <span class='ocrx_word' id='word_1_199' title='bbox 920 3277 1011 3331; x_wconf 88' lang='lat' dir='ltr'><strong>ubi</strong></span> <span class='ocrx_word' id='word_1_200' title='bbox 1052 3280 1165 3347; x_wconf 87' lang='lat' dir='ltr'><strong>jam</strong></span> <span class='ocrx_word' id='word_1_201' title='bbox 1222 3278 1475 3333; x_wconf 86' lang='lat' dir='ltr'><strong>Christus</strong></span> <span class='ocrx_word' id='word_1_202' title='bbox 1522 3276 1694 3343; x_wconf 82' lang='lat' dir='ltr'><strong>venit,</strong></span> <span class='ocrx_word' id='word_1_203' title='bbox 1747 3292 1966 3331; x_wconf 86' lang='lat' dir='ltr'><strong>servare</strong></span> 
     </span>
    </p>
   </div>
   <div class='ocr_carea' id='block_1_32' title="bbox 378 3370 1963 3441">
    <p class='ocr_par' dir='ltr' id='par_1_32' title="bbox 378 3370 1963 3441">
     <span class='ocr_line' id='line_1_32' title="bbox 378 3370 1963 3441; baseline 0.003 -19"><span class='ocrx_word' id='word_1_204' title='bbox 378 3370 767 3439; x_wconf 80' lang='lat' dir='ltr'><strong>prohibemur;</strong></span> <span class='ocrx_word' id='word_1_205' title='bbox 825 3378 1027 3439; x_wconf 85' lang='lat' dir='ltr'><strong>quanto</strong></span> <span class='ocrx_word' id='word_1_206' title='bbox 1080 3370 1251 3440; x_wconf 75' lang='lat' dir='ltr'><strong>magis</strong></span> <span class='ocrx_word' id='word_1_207' title='bbox 1298 3371 1685 3426; x_wconf 86' lang='lat' dir='ltr'><strong>sceleratarum</strong></span> <span class='ocrx_word' id='word_1_208' title='bbox 1725 3371 1963 3441; x_wconf 78' lang='lat' dir='ltr'><strong>gentium</strong></span> 
     </span>
    </p>
   </div>
   <div class='ocr_carea' id='block_1_33' title="bbox 372 3459 620 3527">
    <p class='ocr_par' dir='ltr' id='par_1_33' title="bbox 372 3459 620 3527">
     <span class='ocr_line' id='line_1_33' title="bbox 372 3459 620 3527; baseline 0.004 -15"><span class='ocrx_word' id='word_1_209' title='bbox 372 3459 620 3527; x_wconf 77' lang='lat' dir='ltr'><strong>jejunia?</strong></span> 
     </span>
    </p>
   </div>
   <div class='ocr_carea' id='block_1_34' title="bbox 450 3751 1963 3823">
    <p class='ocr_par' dir='ltr' id='par_1_34' title="bbox 450 3751 1963 3823">
     <span class='ocr_line' id='line_1_34' title="bbox 450 3751 1963 3823; baseline 0.002 -15"><span class='ocrx_word' id='word_1_210' title='bbox 450 3751 540 3808; x_wconf 76' lang='grc' dir='ltr'>ιγ.</span> <span class='ocrx_word' id='word_1_211' title='bbox 579 3752 670 3808; x_wconf 90' lang='lat' dir='ltr'><strong>Sic</strong></span> <span class='ocrx_word' id='word_1_212' title='bbox 710 3767 839 3823; x_wconf 82' lang='lat' dir='ltr'><strong>ergo</strong></span> <span class='ocrx_word' id='word_1_213' title='bbox 893 3753 1163 3823; x_wconf 72' lang='lat' dir='ltr'><strong>COM‘gllll,</strong></span> <span class='ocrx_word' id='word_1_214' title='bbox 1225 3754 1411 3808; x_wconf 84' lang='lat' dir='ltr'><strong>dicunt</strong></span> <span class='ocrx_word' id='word_1_215' title='bbox 1469 3754 1665 3809; x_wconf 85' lang='lat' dir='ltr'><strong>iterum</strong></span> <span class='ocrx_word' id='word_1_216' title='bbox 1703 3770 1825 3810; x_wconf 84' lang='lat' dir='ltr'><strong>esse</strong></span> <span class='ocrx_word' id='word_1_217' title='bbox 1862 3760 1963 3812; x_wconf 87' lang='lat' dir='ltr'><strong>hoc</strong></span> 
     </span>
    </p>
   </div>
   <div class='ocr_carea' id='block_1_35' title="bbox 372 3840 1966 3917">
    <p class='ocr_par' dir='ltr' id='par_1_35' title="bbox 372 3840 1966 3917">
     <span class='ocr_line' id='line_1_35' title="bbox 372 3840 1966 3917; baseline 0.004 -20"><span class='ocrx_word' id='word_1_218' title='bbox 372 3842 571 3897; x_wconf 81' lang='lat' dir='ltr'><strong>Adami</strong></span> <span class='ocrx_word' id='word_1_219' title='bbox 610 3842 878 3912; x_wconf 86' lang='lat' dir='ltr'><strong>jejunium</strong></span> <span class='ocrx_word' id='word_1_220' title='bbox 924 3860 937 3896; x_wconf 89' lang='lat'><strong>:</strong></span> <span class='ocrx_word' id='word_1_221' title='bbox 971 3840 1262 3914; x_wconf 66' lang='lat' dir='ltr'><strong>Pomquam</strong></span> <span class='ocrx_word' id='word_1_222' title='bbox 1292 3844 1460 3911; x_wconf 88' lang='lat' dir='ltr'><strong>enim,</strong></span> <span class='ocrx_word' id='word_1_223' title='bbox 1497 3846 1769 3917; x_wconf 89' lang='lat' dir='ltr'><strong>inquiunt,</strong></span> <span class='ocrx_word' id='word_1_224' title='bbox 1799 3848 1966 3903; x_wconf 86' lang='lat' dir='ltr'><strong>exivit</strong></span> 
     </span>
    </p>
   </div>
   <div class='ocr_carea' id='block_1_36' title="bbox 380 3932 1969 4008">
    <p class='ocr_par' dir='ltr' id='par_1_36' title="bbox 380 3932 1969 4008">
     <span class='ocr_line' id='line_1_36' title="bbox 380 3932 1969 4008; baseline 0.001 -18"><span class='ocrx_word' id='word_1_225' title='bbox 380 3949 412 3990; x_wconf 90' lang='lat' dir='ltr'><strong>e</strong></span> <span class='ocrx_word' id='word_1_226' title='bbox 445 3933 737 3999; x_wconf 85' lang='lat' dir='ltr'><strong>Paradiso,</strong></span> <span class='ocrx_word' id='word_1_227' title='bbox 770 3932 1036 4003; x_wconf 87' lang='lat' dir='ltr'><strong>jejunium</strong></span> <span class='ocrx_word' id='word_1_228' title='bbox 1090 3934 1219 3988; x_wconf 84' lang='lat' dir='ltr'><strong>illud</strong></span> <span class='ocrx_word' id='word_1_229' title='bbox 1266 3935 1550 4005; x_wconf 88' lang='lat' dir='ltr'><strong>jejunavit.</strong></span> <span class='ocrx_word' id='word_1_230' title='bbox 1586 3935 1730 4008; x_wconf 82' lang='lat' dir='ltr'><strong>Ergo</strong></span> <span class='ocrx_word' id='word_1_231' title='bbox 1781 3950 1969 3992; x_wconf 89' lang='lat' dir='ltr'><strong>osten-</strong></span> 
     </span>
    </p>
   </div>
   <div class='ocr_carea' id='block_1_37' title="bbox 375 4024 1963 4100">
    <p class='ocr_par' dir='ltr' id='par_1_37' title="bbox 375 4024 1963 4100">
     <span class='ocr_line' id='line_1_37' title="bbox 375 4024 1963 4100; baseline 0.003 -21"><span class='ocrx_word' id='word_1_232' title='bbox 375 4025 529 4088; x_wconf 82' lang='lat' dir='ltr'><strong>dant,</strong></span> <span class='ocrx_word' id='word_1_233' title='bbox 564 4040 813 4096; x_wconf 66' lang='lat' dir='ltr'><strong>qumnam</strong></span> <span class='ocrx_word' id='word_1_234' title='bbox 851 4040 881 4077; x_wconf 90' lang='lat' dir='ltr'><strong>a</strong></span> <span class='ocrx_word' id='word_1_235' title='bbox 908 4024 1016 4078; x_wconf 87' lang='lat' dir='ltr'><strong>Deo</strong></span> <span class='ocrx_word' id='word_1_236' title='bbox 1054 4025 1317 4095; x_wconf 84' lang='lat' dir='ltr'><strong>inspirata</strong></span> <span class='ocrx_word' id='word_1_237' title='bbox 1344 4027 1650 4098; x_wconf 85' lang='lat' dir='ltr'><strong>Scriptura,</strong></span> <span class='ocrx_word' id='word_1_238' title='bbox 1688 4040 1781 4083; x_wconf 89' lang='lat' dir='ltr'><strong>aut</strong></span> <span class='ocrx_word' id='word_1_239' title='bbox 1834 4045 1963 4100; x_wconf 77' lang='lat' dir='ltr'><strong>pro-</strong></span> 
     </span>
    </p>
   </div>
   <div class='ocr_carea' id='block_1_38' title="bbox 374 4116 1962 4190">
    <p class='ocr_par' dir='ltr' id='par_1_38' title="bbox 374 4116 1962 4190">
     <span class='ocr_line' id='line_1_38' title="bbox 374 4116 1962 4190; baseline 0.003 -20"><span class='ocrx_word' id='word_1_240' title='bbox 374 4119 566 4185; x_wconf 86' lang='lat' dir='ltr'><strong>pheta,</strong></span> <span class='ocrx_word' id='word_1_241' title='bbox 609 4118 692 4169; x_wconf 87' lang='lat' dir='ltr'><strong>vcl</strong></span> <span class='ocrx_word' id='word_1_242' title='bbox 740 4116 951 4181; x_wconf 87' lang='lat' dir='ltr'><strong>doctor,</strong></span> <span class='ocrx_word' id='word_1_243' title='bbox 1011 4125 1109 4170; x_wconf 86' lang='lat' dir='ltr'><strong>aut</strong></span> <span class='ocrx_word' id='word_1_244' title='bbox 1158 4120 1393 4186; x_wconf 86' lang='lat' dir='ltr'><strong>scriptor</strong></span> <span class='ocrx_word' id='word_1_245' title='bbox 1452 4120 1502 4173; x_wconf 88' lang='lat' dir='ltr'><strong>id</strong></span> <span class='ocrx_word' id='word_1_246' title='bbox 1536 4121 1747 4174; x_wconf 84' lang='lat' dir='ltr'><strong>doceat.</strong></span> <span class='ocrx_word' id='word_1_247' title='bbox 1779 4120 1962 4190; x_wconf 62' lang='lat' dir='ltr'><strong>gSama,</strong></span> 
     </span>
    </p>
   </div>
   <div class='ocr_carea' id='block_1_39' title="bbox 382 4207 1967 4281">
    <p class='ocr_par' dir='ltr' id='par_1_39' title="bbox 382 4207 1967 4281">
     <span class='ocr_line' id='line_1_39' title="bbox 382 4207 1967 4281; baseline 0.003 -18"><span class='ocrx_word' id='word_1_248' title='bbox 382 4224 505 4263; x_wconf 91' lang='lat' dir='ltr'><strong>cum</strong></span> <span class='ocrx_word' id='word_1_249' title='bbox 542 4208 834 4262; x_wconf 85' lang='lat' dir='ltr'><strong>historicus</strong></span> <span class='ocrx_word' id='word_1_250' title='bbox 866 4208 957 4261; x_wconf 87' lang='lat' dir='ltr'><strong>ille</strong></span> <span class='ocrx_word' id='word_1_251' title='bbox 985 4207 1199 4279; x_wconf 77' lang='lat' dir='ltr'><strong>Moyses</strong></span> <span class='ocrx_word' id='word_1_252' title='bbox 1226 4211 1291 4264; x_wconf 87' lang='lat' dir='ltr'><strong>de</strong></span> <span class='ocrx_word' id='word_1_253' title='bbox 1320 4211 1482 4276; x_wconf 71' lang='lat' dir='ltr'><strong>cmlo,</strong></span> <span class='ocrx_word' id='word_1_254' title='bbox 1524 4224 1688 4277; x_wconf 84' lang='lat' dir='ltr'><strong>terra,</strong></span> <span class='ocrx_word' id='word_1_255' title='bbox 1714 4214 1967 4281; x_wconf 87' lang='lat' dir='ltr'><strong>omnique</strong></span> 
     </span>
    </p>
   </div>
   <div class='ocr_carea' id='block_1_40' title="bbox 377 4299 1962 4367">
    <p class='ocr_par' dir='ltr' id='par_1_40' title="bbox 377 4299 1962 4367">
     <span class='ocr_line' id='line_1_40' title="bbox 377 4299 1962 4367; baseline 0.003 -14"><span class='ocrx_word' id='word_1_256' title='bbox 377 4308 565 4353; x_wconf 84' lang='lat' dir='ltr'><strong>creato</strong></span> <span class='ocrx_word' id='word_1_257' title='bbox 592 4299 918 4365; x_wconf 84' lang='lat' dir='ltr'><strong>scripserit:</strong></span> <span class='ocrx_word' id='word_1_258' title='bbox 954 4300 1021 4353; x_wconf 87' lang='lat' dir='ltr'><strong>ad</strong></span> <span class='ocrx_word' id='word_1_259' title='bbox 1060 4304 1172 4354; x_wconf 61' lang='lat' dir='ltr'><strong>hinc</strong></span> <span class='ocrx_word' id='word_1_260' title='bbox 1203 4314 1353 4367; x_wconf 84' lang='lat' dir='ltr'><strong>vero,</strong></span> <span class='ocrx_word' id='word_1_261' title='bbox 1393 4303 1459 4355; x_wconf 88' lang='lat' dir='ltr'><strong>de</strong></span> <span class='ocrx_word' id='word_1_262' title='bbox 1500 4302 1690 4356; x_wconf 76' lang='lat' dir='ltr'><strong>Atlami</strong></span> <span class='ocrx_word' id='word_1_263' title='bbox 1733 4316 1798 4357; x_wconf 90' lang='lat' dir='ltr'><strong>ac</strong></span> <span class='ocrx_word' id='word_1_264' title='bbox 1838 4301 1962 4358; x_wconf 63' lang='lat' dir='ltr'><strong>Eva:</strong></span> 
     </span>
    </p>
   </div>
   <div class='ocr_carea' id='block_1_41' title="bbox 378 4391 1961 4462">
    <p class='ocr_par' dir='ltr' id='par_1_41' title="bbox 378 4391 1961 4462">
     <span class='ocr_line' id='line_1_41' title="bbox 378 4391 1961 4462; baseline 0.005 -19"><span class='ocrx_word' id='word_1_265' title='bbox 378 4391 722 4456; x_wconf 84' lang='lat' dir='ltr'><strong>formatione,</strong></span> <span class='ocrx_word' id='word_1_266' title='bbox 765 4392 942 4461; x_wconf 88' lang='lat' dir='ltr'><strong>deque</strong></span> <span class='ocrx_word' id='word_1_267' title='bbox 971 4406 1157 4447; x_wconf 90' lang='lat' dir='ltr'><strong>eorum</strong></span> <span class='ocrx_word' id='word_1_268' title='bbox 1190 4394 1643 4462; x_wconf 65' lang='lat' dir='ltr'><strong>transgressione,</strong></span> <span class='ocrx_word' id='word_1_269' title='bbox 1680 4411 1743 4451; x_wconf 88' lang='lat' dir='ltr'><strong>ac</strong></span> <span class='ocrx_word' id='word_1_270' title='bbox 1767 4397 1961 4451; x_wconf 82' lang='lat' dir='ltr'><strong>exsilio</strong></span> 
     </span>
    </p>
   </div>
   <div class='ocr_carea' id='block_1_42' title="bbox 1461 328 2567 393">
    <p class='ocr_par' dir='ltr' id='par_1_42' title="bbox 1461 328 2567 393">
     <span class='ocr_line' id='line_1_42' title="bbox 1461 328 2567 393; baseline 0.003 -4"><span class='ocrx_word' id='word_1_271' title='bbox 1461 328 1710 390; x_wconf 76' lang='lat' dir='ltr'><strong>ISAACI</strong></span> <span class='ocrx_word' id='word_1_272' title='bbox 1754 330 2124 391; x_wconf 66' lang='lat' dir='ltr'><strong>ARMENLE</strong></span> <span class='ocrx_word' id='word_1_273' title='bbox 2159 331 2567 393; x_wconf 80' lang='lat' dir='ltr'><strong>CATIIOLlCI</strong></span> 
     </span>
    </p>
   </div>
   <div class='ocr_carea' id='block_1_43' title="bbox 1410 439 1963 524">
    <p class='ocr_par' dir='ltr' id='par_1_43' title="bbox 1410 439 1963 509">
     <span class='ocr_line' id='line_1_43' title="bbox 1410 439 1963 509; baseline 0.004 -18"><span class='ocrx_word' id='word_1_274' title='bbox 1410 454 1424 491; x_wconf 89' lang='lat'><strong>:</strong></span> <span class='ocrx_word' id='word_1_275' title='bbox 1468 453 1531 493; x_wconf 87' lang='lat' dir='ltr'><strong>ac</strong></span> <span class='ocrx_word' id='word_1_276' title='bbox 1585 454 1762 509; x_wconf 84' lang='lat' dir='ltr'><strong>neque</strong></span> <span class='ocrx_word' id='word_1_277' title='bbox 1810 439 1963 493; x_wconf 85' lang='lat' dir='ltr'><strong>ullius</strong></span> 
     </span>
    </p>
   </div>
   <div class='ocr_carea' id='block_1_44' title="bbox 2067 439 3659 524">
    <p class='ocr_par' dir='ltr' id='par_1_44' title="bbox 2072 439 3659 524">
     <span class='ocr_line' id='line_1_44' title="bbox 2072 439 3659 524; baseline 0.008 -33"><span class='ocrx_word' id='word_1_278' title='bbox 2072 439 2138 511; x_wconf 80' lang='grc' dir='ltr'><strong>τὴ</strong></span> <span class='ocrx_word' id='word_1_279' title='bbox 2172 442 2204 510; x_wconf 84' lang='grc' dir='ltr'><strong>ἡ</strong></span> <span class='ocrx_word' id='word_1_280' title='bbox 2236 442 2404 511; x_wconf 86' lang='grc' dir='ltr'>πεῖρα</span> <span class='ocrx_word' id='word_1_281' title='bbox 2433 439 2527 493; x_wconf 86' lang='grc' dir='ltr'><strong>τοῦ</strong></span> <span class='ocrx_word' id='word_1_282' title='bbox 2566 440 2894 512; x_wconf 86' lang='grc' dir='ltr'>πράγματος</span> <span class='ocrx_word' id='word_1_283' title='bbox 2941 447 3232 519; x_wconf 79' lang='grc' dir='ltr'>μαρτυρεῖ,</span> <span class='ocrx_word' id='word_1_284' title='bbox 3265 447 3348 503; x_wconf 79' lang='grc' dir='ltr'>ὅτι</span> <span class='ocrx_word' id='word_1_285' title='bbox 3379 449 3556 514; x_wconf 75' lang='grc' dir='ltr'>οὐδεὶς</span> <span class='ocrx_word' id='word_1_286' title='bbox 3585 455 3659 524; x_wconf 80' lang='grc' dir='ltr'><strong>ή-</strong></span> 
     </span>
    </p>
   </div>
   <div class='ocr_carea' id='block_1_45' title="bbox 3517 340 3660 405">
    <p class='ocr_par' dir='ltr' id='par_1_45' title="bbox 3517 340 3660 405">
     <span class='ocr_line' id='line_1_45' title="bbox 3517 340 3660 405; baseline 0.014 -2"><span class='ocrx_word' id='word_1_287' title='bbox 3517 340 3660 405; x_wconf 74' lang='grc' dir='ltr'><strong>12θο</strong></span> 
     </span>
    </p>
   </div>
   <div class='ocr_carea' id='block_1_46' title="bbox 2073 532 3662 616">
    <p class='ocr_par' dir='ltr' id='par_1_46' title="bbox 2073 532 3662 616">
     <span class='ocr_line' id='line_1_46' title="bbox 2073 532 3662 616; baseline 0.006 -29"><span class='ocrx_word' id='word_1_288' title='bbox 2073 534 2191 605; x_wconf 86' lang='grc' dir='ltr'>μῶν</span> <span class='ocrx_word' id='word_1_289' title='bbox 2211 533 2411 604; x_wconf 68' lang='grc' dir='ltr'>ἢκουσε</span> <span class='ocrx_word' id='word_1_290' title='bbox 2443 532 2537 586; x_wconf 83' lang='grc' dir='ltr'><strong>τοῦ</strong></span> <span class='ocrx_word' id='word_1_291' title='bbox 2572 534 2733 602; x_wconf 82' lang='grc' dir='ltr'><strong>ἁγίου</strong></span> <span class='ocrx_word' id='word_1_292' title='bbox 2778 536 3084 608; x_wconf 78' lang='grc' dir='ltr'>Γρηγορίου</span> <span class='ocrx_word' id='word_1_293' title='bbox 3125 540 3280 610; x_wconf 84' lang='grc' dir='ltr'><strong>παρὰ</strong></span> <span class='ocrx_word' id='word_1_294' title='bbox 3325 540 3425 612; x_wconf 85' lang='grc' dir='ltr'>τῆς</span> <span class='ocrx_word' id='word_1_295' title='bbox 3458 541 3662 616; x_wconf 85' lang='grc' dir='ltr'>Ἀρμε-</span> 
     </span>
    </p>
   </div>
   <div class='ocr_carea' id='block_1_47' title="bbox 2069 623 3661 701">
    <p class='ocr_par' dir='ltr' id='par_1_47' title="bbox 2069 623 3661 701">
     <span class='ocr_line' id='line_1_47' title="bbox 2069 623 3661 701; baseline 0.008 -22"><span class='ocrx_word' id='word_1_296' title='bbox 2069 626 2190 690; x_wconf 81' lang='grc' dir='ltr'>νίας</span> <span class='ocrx_word' id='word_1_297' title='bbox 2214 623 2338 679; x_wconf 80' lang='grc' dir='ltr'>οῦτε</span> <span class='ocrx_word' id='word_1_298' title='bbox 2363 625 2645 695; x_wconf 77' lang='grc' dir='ltr'><strong>νηστείαν,</strong></span> <span class='ocrx_word' id='word_1_299' title='bbox 2675 625 2800 681; x_wconf 73' lang='grc' dir='ltr'>οὔτε</span> <span class='ocrx_word' id='word_1_300' title='bbox 2834 629 3053 701; x_wconf 80' lang='grc' dir='ltr'>ἑορτὴν,</span> <span class='ocrx_word' id='word_1_301' title='bbox 3086 630 3210 685; x_wconf 82' lang='grc' dir='ltr'>ούτε</span> <span class='ocrx_word' id='word_1_302' title='bbox 3245 631 3440 687; x_wconf 81' lang='grc' dir='ltr'><strong>Θυσίαν</strong></span> <span class='ocrx_word' id='word_1_303' title='bbox 3473 652 3488 666; x_wconf 79' lang='grc' dir='ltr'><strong>ο</strong></span> <span class='ocrx_word' id='word_1_304' title='bbox 3531 634 3661 691; x_wconf 77' lang='grc' dir='ltr'>οὔτε</span> 
     </span>
    </p>
   </div>
   <div class='ocr_carea' id='block_1_48' title="bbox 2070 716 3659 798">
    <p class='ocr_par' dir='ltr' id='par_1_48' title="bbox 2070 716 3659 798">
     <span class='ocr_line' id='line_1_48' title="bbox 2070 716 3659 798; baseline 0.007 -27"><span class='ocrx_word' id='word_1_305' title='bbox 2070 717 2233 771; x_wconf 86' lang='grc' dir='ltr'>ἄλλου</span> <span class='ocrx_word' id='word_1_306' title='bbox 2264 716 2408 781; x_wconf 81' lang='grc' dir='ltr'>τινὸς</span> <span class='ocrx_word' id='word_1_307' title='bbox 2440 717 2598 787; x_wconf 83' lang='grc' dir='ltr'>ἁγίου</span> <span class='ocrx_word' id='word_1_308' title='bbox 2622 720 2913 790; x_wconf 75' lang='grc' dir='ltr'>Πατρὸς,ῆ</span> <span class='ocrx_word' id='word_1_309' title='bbox 2953 722 3299 791; x_wconf 76' lang='grc' dir='ltr'>Ἀθανασίου,</span> <span class='ocrx_word' id='word_1_310' title='bbox 3319 725 3350 798; x_wconf 80' lang='grc' dir='ltr'><strong>ἢ</strong></span> <span class='ocrx_word' id='word_1_311' title='bbox 3371 726 3659 781; x_wconf 86' lang='grc' dir='ltr'>Βασιλείου</span> 
     </span>
    </p>
   </div>
   <div class='ocr_carea' id='block_1_49' title="bbox 2068 809 3661 890">
    <p class='ocr_par' dir='ltr' id='par_1_49' title="bbox 2068 809 3661 890">
     <span class='ocr_line' id='line_1_49' title="bbox 2068 809 3661 890; baseline 0.008 -28"><span class='ocrx_word' id='word_1_312' title='bbox 2068 809 2162 862; x_wconf 87' lang='grc' dir='ltr'><strong>τοῦ</strong></span> <span class='ocrx_word' id='word_1_313' title='bbox 2208 810 2484 879; x_wconf 80' lang='grc' dir='ltr'><strong>Μεγάλου,</strong></span> <span class='ocrx_word' id='word_1_314' title='bbox 2538 810 2572 882; x_wconf 82' lang='grc' dir='ltr'><strong>ἢ</strong></span> <span class='ocrx_word' id='word_1_315' title='bbox 2607 812 2920 882; x_wconf 82' lang='grc' dir='ltr'>Γρηγορίου</span> <span class='ocrx_word' id='word_1_316' title='bbox 2956 814 3049 868; x_wconf 86' lang='grc' dir='ltr'><strong>τοῦ</strong></span> <span class='ocrx_word' id='word_1_317' title='bbox 3091 816 3562 889; x_wconf 86' lang='grc' dir='ltr'>Θαυματουργοῦ,</span> <span class='ocrx_word' id='word_1_318' title='bbox 3623 819 3661 890; x_wconf 76' lang='grc' dir='ltr'>ἢ</span> 
     </span>
    </p>
   </div>
   <div class='ocr_carea' id='block_1_50' title="bbox 2070 903 3657 980">
    <p class='ocr_par' dir='ltr' id='par_1_50' title="bbox 2070 903 3657 980">
     <span class='ocr_line' id='line_1_50' title="bbox 2070 903 3657 980; baseline 0.006 -25"><span class='ocrx_word' id='word_1_319' title='bbox 2070 903 2372 974; x_wconf 85' lang='grc' dir='ltr'>Γρηγορίου</span> <span class='ocrx_word' id='word_1_320' title='bbox 2436 905 2530 956; x_wconf 82' lang='grc' dir='ltr'><strong>τοῦ</strong></span> <span class='ocrx_word' id='word_1_321' title='bbox 2581 905 2939 977; x_wconf 81' lang='grc' dir='ltr'>Θεολόγου,ἥ</span> <span class='ocrx_word' id='word_1_322' title='bbox 2995 907 3088 960; x_wconf 86' lang='grc' dir='ltr'><strong>τοῦ</strong></span> <span class='ocrx_word' id='word_1_323' title='bbox 3153 910 3574 980; x_wconf 78' lang='grc' dir='ltr'>Χρυσοστόμου,</span> <span class='ocrx_word' id='word_1_324' title='bbox 3621 914 3657 979; x_wconf 81' lang='grc' dir='ltr'>ἢ</span> 
     </span>
    </p>
   </div>
   <div class='ocr_carea' id='block_1_51' title="bbox 2081 994 3659 1072">
    <p class='ocr_par' dir='ltr' id='par_1_51' title="bbox 2081 994 3659 1072">
     <span class='ocr_line' id='line_1_51' title="bbox 2081 994 3659 1072; baseline 0.006 -24"><span class='ocrx_word' id='word_1_325' title='bbox 2081 994 2343 1066; x_wconf 70' lang='grc' dir='ltr'>Ἐφραὶμ,</span> <span class='ocrx_word' id='word_1_326' title='bbox 2381 995 2414 1066; x_wconf 80' lang='grc' dir='ltr'><strong>ἦ</strong></span> <span class='ocrx_word' id='word_1_327' title='bbox 2454 996 2617 1050; x_wconf 81' lang='grc' dir='ltr'>ἄλλου</span> <span class='ocrx_word' id='word_1_328' title='bbox 2656 999 2804 1062; x_wconf 82' lang='grc' dir='ltr'>τινὸς</span> <span class='ocrx_word' id='word_1_329' title='bbox 2838 998 3000 1068; x_wconf 82' lang='grc' dir='ltr'>ἁγίου</span> <span class='ocrx_word' id='word_1_330' title='bbox 3029 1002 3267 1072; x_wconf 82' lang='grc' dir='ltr'>Πατρός.</span> <span class='ocrx_word' id='word_1_331' title='bbox 3317 1004 3413 1056; x_wconf 85' lang='grc' dir='ltr'>Ἐκ</span> <span class='ocrx_word' id='word_1_332' title='bbox 3447 1006 3659 1060; x_wconf 86' lang='grc' dir='ltr'>τούτων</span> 
     </span>
    </p>
   </div>
   <div class='ocr_carea' id='block_1_52' title="bbox 2070 1083 3661 1164">
    <p class='ocr_par' dir='ltr' id='par_1_52' title="bbox 2070 1083 3661 1164">
     <span class='ocr_line' id='line_1_52' title="bbox 2070 1083 3661 1164; baseline 0.009 -25"><span class='ocrx_word' id='word_1_333' title='bbox 2070 1083 2163 1141; x_wconf 78' lang='grc' dir='ltr'><strong>οῦν</strong></span> <span class='ocrx_word' id='word_1_334' title='bbox 2199 1087 2310 1139; x_wconf 79' lang='grc' dir='ltr'><strong>τῶν</strong></span> <span class='ocrx_word' id='word_1_335' title='bbox 2344 1090 2605 1144; x_wconf 83' lang='grc' dir='ltr'><strong>τοιούτων</strong></span> <span class='ocrx_word' id='word_1_336' title='bbox 2648 1091 2745 1144; x_wconf 73' lang='grc' dir='ltr'><strong>καὶ</strong></span> <span class='ocrx_word' id='word_1_337' title='bbox 2797 1094 3142 1162; x_wconf 79' lang='grc' dir='ltr'><strong>τηλικούτων</strong></span> <span class='ocrx_word' id='word_1_338' title='bbox 3193 1096 3386 1164; x_wconf 83' lang='grc' dir='ltr'>ἁγίων,</span> <span class='ocrx_word' id='word_1_339' title='bbox 3441 1099 3661 1163; x_wconf 70' lang='grc' dir='ltr'>οὐδενὸς</span> 
     </span>
    </p>
   </div>
   <div class='ocr_carea' id='block_1_53' title="bbox 2069 1176 3659 1261">
    <p class='ocr_par' dir='ltr' id='par_1_53' title="bbox 2069 1176 3659 1261">
     <span class='ocr_line' id='line_1_53' title="bbox 2069 1176 3659 1261; baseline 0.011 -32"><span class='ocrx_word' id='word_1_340' title='bbox 2069 1176 2194 1230; x_wconf 78' lang='grc' dir='ltr'>οὔτε</span> <span class='ocrx_word' id='word_1_341' title='bbox 2227 1180 2485 1245; x_wconf 74' lang='grc' dir='ltr'><strong>νηστείαν</strong></span> <span class='ocrx_word' id='word_1_342' title='bbox 2518 1182 2899 1252; x_wconf 79' lang='grc' dir='ltr'><strong>νηστεύοντες,</strong></span> <span class='ocrx_word' id='word_1_343' title='bbox 2934 1183 3060 1238; x_wconf 78' lang='grc' dir='ltr'>οὔτε</span> <span class='ocrx_word' id='word_1_344' title='bbox 3091 1188 3316 1259; x_wconf 78' lang='grc' dir='ltr'>μνήμην</span> <span class='ocrx_word' id='word_1_345' title='bbox 3361 1189 3659 1261; x_wconf 77' lang='grc' dir='ltr'>ἑορτάζον-</span> 
     </span>
    </p>
   </div>
   <div class='ocr_carea' id='block_1_54' title="bbox 2068 1270 3658 1351">
    <p class='ocr_par' dir='ltr' id='par_1_54' title="bbox 2068 1270 3658 1351">
     <span class='ocr_line' id='line_1_54' title="bbox 2068 1270 3658 1351; baseline 0.01 -29"><span class='ocrx_word' id='word_1_346' title='bbox 2068 1287 2180 1334; x_wconf 89' lang='grc' dir='ltr'>τες,</span> <span class='ocrx_word' id='word_1_347' title='bbox 2210 1270 2336 1324; x_wconf 74' lang='grc' dir='ltr'>οὔτε</span> <span class='ocrx_word' id='word_1_348' title='bbox 2373 1272 2567 1326; x_wconf 87' lang='grc' dir='ltr'>θυσίαν</span> <span class='ocrx_word' id='word_1_349' title='bbox 2611 1272 2899 1338; x_wconf 81' lang='grc' dir='ltr'>ποιοῦντες</span> <span class='ocrx_word' id='word_1_350' title='bbox 2924 1292 2938 1307; x_wconf 78' lang='grc'><strong><em>⁸</em></strong></span> <span class='ocrx_word' id='word_1_351' title='bbox 2988 1277 3111 1342; x_wconf 84' lang='grc' dir='ltr'><strong>πῶς</strong></span> <span class='ocrx_word' id='word_1_352' title='bbox 3140 1278 3333 1334; x_wconf 88' lang='grc' dir='ltr'>τοῦτον</span> <span class='ocrx_word' id='word_1_353' title='bbox 3363 1281 3527 1351; x_wconf 84' lang='grc' dir='ltr'>μόνον</span> <span class='ocrx_word' id='word_1_354' title='bbox 3561 1283 3658 1338; x_wconf 77' lang='grc' dir='ltr'><strong>τὸν</strong></span> 
     </span>
    </p>
   </div>
   <div class='ocr_carea' id='block_1_55' title="bbox 2070 1361 3657 1445">
    <p class='ocr_par' dir='ltr' id='par_1_55' title="bbox 2070 1361 3657 1445">
     <span class='ocr_line' id='line_1_55' title="bbox 2070 1361 3657 1445; baseline 0.011 -33"><span class='ocrx_word' id='word_1_355' title='bbox 2070 1361 2319 1432; x_wconf 82' lang='grc' dir='ltr'>Σέργιον,</span> <span class='ocrx_word' id='word_1_356' title='bbox 2342 1362 2600 1419; x_wconf 88' lang='grc' dir='ltr'>τοσοῦτον</span> <span class='ocrx_word' id='word_1_357' title='bbox 2630 1365 2721 1420; x_wconf 80' lang='grc' dir='ltr'>διὰ</span> <span class='ocrx_word' id='word_1_358' title='bbox 2752 1367 3012 1439; x_wconf 85' lang='grc' dir='ltr'>νηστείας</span> <span class='ocrx_word' id='word_1_359' title='bbox 3047 1369 3285 1441; x_wconf 76' lang='grc' dir='ltr'>φοϐερᾶς</span> <span class='ocrx_word' id='word_1_360' title='bbox 3317 1374 3412 1427; x_wconf 78' lang='grc' dir='ltr'>καὶ</span> <span class='ocrx_word' id='word_1_361' title='bbox 3453 1374 3657 1445; x_wconf 78' lang='grc' dir='ltr'><strong>ἑορτῆς</strong></span> 
     </span>
    </p>
   </div>
   <div class='ocr_carea' id='block_1_56' title="bbox 2070 1454 3658 1533">
    <p class='ocr_par' dir='ltr' id='par_1_56' title="bbox 2070 1454 3658 1533">
     <span class='ocr_line' id='line_1_56' title="bbox 2070 1454 3658 1533; baseline 0.009 -27"><span class='ocrx_word' id='word_1_362' title='bbox 2070 1455 2167 1508; x_wconf 71' lang='grc' dir='ltr'>καὶ</span> <span class='ocrx_word' id='word_1_363' title='bbox 2191 1454 2405 1519; x_wconf 80' lang='grc' dir='ltr'>Θυσίας,</span> <span class='ocrx_word' id='word_1_364' title='bbox 2433 1457 2510 1520; x_wconf 86' lang='grc' dir='ltr'><strong>ὡς</strong></span> <span class='ocrx_word' id='word_1_365' title='bbox 2540 1458 2675 1512; x_wconf 75' lang='grc' dir='ltr'>Θεὸν</span> <span class='ocrx_word' id='word_1_366' title='bbox 2708 1461 2910 1530; x_wconf 81' lang='grc' dir='ltr'>τιμᾶτε</span> <span class='ocrx_word' id='word_1_367' title='bbox 2939 1462 3033 1515; x_wconf 70' lang='grc' dir='ltr'>καὶ</span> <span class='ocrx_word' id='word_1_368' title='bbox 3068 1462 3407 1533; x_wconf 82' lang='grc' dir='ltr'>θεραπεύετε</span> <span class='ocrx_word' id='word_1_369' title='bbox 3434 1483 3450 1531; x_wconf 90' lang='lat'><strong>;</strong></span> <span class='ocrx_word' id='word_1_370' title='bbox 3484 1467 3658 1521; x_wconf 86' lang='grc' dir='ltr'>Ὅθεν</span> 
     </span>
    </p>
   </div>
   <div class='ocr_carea' id='block_1_57' title="bbox 2070 1546 3658 1628">
    <p class='ocr_par' dir='ltr' id='par_1_57' title="bbox 2070 1546 3658 1628">
     <span class='ocr_line' id='line_1_57' title="bbox 2070 1546 3658 1628; baseline 0.011 -31"><span class='ocrx_word' id='word_1_371' title='bbox 2070 1546 2360 1617; x_wconf 78' lang='grc' dir='ltr'>πρόδηλον,</span> <span class='ocrx_word' id='word_1_372' title='bbox 2398 1549 2480 1603; x_wconf 80' lang='grc' dir='ltr'><strong>ὅτι</strong></span> <span class='ocrx_word' id='word_1_373' title='bbox 2517 1550 2645 1613; x_wconf 85' lang='grc' dir='ltr'>τοὺς</span> <span class='ocrx_word' id='word_1_374' title='bbox 2672 1553 3115 1625; x_wconf 82' lang='grc' dir='ltr'>προειρημένους</span> <span class='ocrx_word' id='word_1_375' title='bbox 3154 1556 3347 1625; x_wconf 81' lang='grc' dir='ltr'><strong>ἁγίους</strong></span> <span class='ocrx_word' id='word_1_376' title='bbox 3376 1558 3658 1628; x_wconf 76' lang='grc' dir='ltr'>Πατέρας,</span> 
     </span>
    </p>
   </div>
   <div class='ocr_carea' id='block_1_58' title="bbox 2067 1636 3660 1715">
    <p class='ocr_par' dir='ltr' id='par_1_58' title="bbox 2067 1636 3660 1715">
     <span class='ocr_line' id='line_1_58' title="bbox 2067 1636 3660 1715; baseline 0.006 -27"><span class='ocrx_word' id='word_1_377' title='bbox 2067 1636 2145 1699; x_wconf 84' lang='grc' dir='ltr'>ὡς</span> <span class='ocrx_word' id='word_1_378' title='bbox 2190 1637 2502 1707; x_wconf 80' lang='grc' dir='ltr'><strong>Ῥωμαίους</strong></span> <span class='ocrx_word' id='word_1_379' title='bbox 2525 1638 2885 1710; x_wconf 83' lang='grc' dir='ltr'>βδελύσσεσθε</span> <span class='ocrx_word' id='word_1_380' title='bbox 2929 1642 3026 1696; x_wconf 77' lang='grc' dir='ltr'><strong>καὶ</strong></span> <span class='ocrx_word' id='word_1_381' title='bbox 3067 1643 3486 1715; x_wconf 79' lang='grc' dir='ltr'>ἀποστρέφεσθε</span> <span class='ocrx_word' id='word_1_382' title='bbox 3511 1661 3526 1675; x_wconf 89' lang='grc'><strong>·</strong></span> <span class='ocrx_word' id='word_1_383' title='bbox 3559 1645 3660 1698; x_wconf 78' lang='grc' dir='ltr'><strong>καὶ</strong></span> 
     </span>
    </p>
   </div>
   <div class='ocr_carea' id='block_1_59' title="bbox 2068 1721 3660 1806">
    <p class='ocr_par' dir='ltr' id='par_1_59' title="bbox 2068 1721 3660 1806">
     <span class='ocr_line' id='line_1_59' title="bbox 2068 1721 3660 1806; baseline 0.007 -27"><span class='ocrx_word' id='word_1_384' title='bbox 2068 1725 2159 1780; x_wconf 83' lang='grc' dir='ltr'>διὰ</span> <span class='ocrx_word' id='word_1_385' title='bbox 2214 1727 2375 1782; x_wconf 88' lang='grc' dir='ltr'>τοῦτο</span> <span class='ocrx_word' id='word_1_386' title='bbox 2418 1730 2513 1782; x_wconf 81' lang='grc' dir='ltr'><strong>καὶ</strong></span> <span class='ocrx_word' id='word_1_387' title='bbox 2559 1721 2723 1801; x_wconf 75' lang='grc' dir='ltr'>ἡμεῖς</span> <span class='ocrx_word' id='word_1_388' title='bbox 2765 1731 2864 1786; x_wconf 73' lang='grc' dir='ltr'><strong>ἕνα</strong></span> <span class='ocrx_word' id='word_1_389' title='bbox 2911 1732 3069 1803; x_wconf 85' lang='grc' dir='ltr'>ὑμῶν</span> <span class='ocrx_word' id='word_1_390' title='bbox 3112 1733 3339 1806; x_wconf 84' lang='grc' dir='ltr'>Σέργιον</span> <span class='ocrx_word' id='word_1_391' title='bbox 3382 1734 3476 1790; x_wconf 80' lang='grc' dir='ltr'><strong>τὸν</strong></span> <span class='ocrx_word' id='word_1_392' title='bbox 3525 1735 3660 1805; x_wconf 77' lang='grc' dir='ltr'><strong>’Δρ-</strong></span> 
     </span>
    </p>
   </div>
   <div class='ocr_carea' id='block_1_60' title="bbox 1994 1793 2279 1891">
    <p class='ocr_par' dir='ltr' id='par_1_60' title="bbox 1994 1793 2279 1891">
     <span class='ocr_line' id='line_1_60' title="bbox 1994 1793 2279 1891; baseline 0.021 -19"><span class='ocrx_word' id='word_1_393' title='bbox 1994 1793 2042 1852; x_wconf 72' lang='lat' dir='ltr'><strong>B</strong></span> <span class='ocrx_word' id='word_1_394' title='bbox 2074 1819 2279 1891; x_wconf 82' lang='grc' dir='ltr'>μὲνιον.</span> 
     </span>
    </p>
   </div>
   <div class='ocr_carea' id='block_1_61' title="bbox 2138 1911 3659 1987">
    <p class='ocr_par' dir='ltr' id='par_1_61' title="bbox 2138 1911 3659 1987">
     <span class='ocr_line' id='line_1_61' title="bbox 2138 1911 3659 1987; baseline 0.003 -21"><span class='ocrx_word' id='word_1_395' title='bbox 2138 1911 2214 1968; x_wconf 89' lang='grc' dir='ltr'><strong>Γ’.</strong></span> <span class='ocrx_word' id='word_1_396' title='bbox 2282 1913 2521 1980; x_wconf 84' lang='grc' dir='ltr'><strong>Τούτους</strong></span> <span class='ocrx_word' id='word_1_397' title='bbox 2578 1915 2693 1987; x_wconf 71' lang='grc'><strong>(45)</strong></span> <span class='ocrx_word' id='word_1_398' title='bbox 2752 1916 2954 1980; x_wconf 76' lang='grc' dir='ltr'>αὐτοὺς</span> <span class='ocrx_word' id='word_1_399' title='bbox 3009 1916 3271 1987; x_wconf 75' lang='grc' dir='ltr'><strong>ἐλέγχους</strong></span> <span class='ocrx_word' id='word_1_400' title='bbox 3304 1916 3659 1986; x_wconf 68' lang='grc' dir='ltr'><strong>Δἀκούοντες,</strong></span> 
     </span>
    </p>
   </div>
   <div class='ocr_carea' id='block_1_62' title="bbox 2073 2007 3655 2083">
    <p class='ocr_par' dir='ltr' id='par_1_62' title="bbox 2073 2007 3655 2083">
     <span class='ocr_line' id='line_1_62' title="bbox 2073 2007 3655 2083; baseline 0.003 -24"><span class='ocrx_word' id='word_1_401' title='bbox 2073 2007 2322 2078; x_wconf 83' lang='grc' dir='ltr'>παρευθὺ</span> <span class='ocrx_word' id='word_1_402' title='bbox 2362 2010 2461 2079; x_wconf 77' lang='grc' dir='ltr'><strong>μὲν</strong></span> <span class='ocrx_word' id='word_1_403' title='bbox 2505 2008 2800 2081; x_wconf 81' lang='grc' dir='ltr'>ἀρνοῦνται</span> <span class='ocrx_word' id='word_1_404' title='bbox 2831 2011 2931 2081; x_wconf 79' lang='grc' dir='ltr'><strong>τὴν</strong></span> <span class='ocrx_word' id='word_1_405' title='bbox 2953 2010 3051 2064; x_wconf 87' lang='grc' dir='ltr'><strong>τοῦ</strong></span> <span class='ocrx_word' id='word_1_406' title='bbox 3092 2012 3321 2082; x_wconf 88' lang='grc' dir='ltr'>Σεργίου</span> <span class='ocrx_word' id='word_1_407' title='bbox 3354 2014 3655 2083; x_wconf 68' lang='grc' dir='ltr'>πρόφασιν*</span> 
     </span>
    </p>
   </div>
   <div class='ocr_carea' id='block_1_63' title="bbox 2067 2100 3655 2174">
    <p class='ocr_par' dir='ltr' id='par_1_63' title="bbox 2067 2100 3655 2174">
     <span class='ocr_line' id='line_1_63' title="bbox 2067 2100 3655 2174; baseline 0.004 -21"><span class='ocrx_word' id='word_1_408' title='bbox 2067 2100 2204 2154; x_wconf 82' lang='grc' dir='ltr'><strong>ἀλλὰ</strong></span> <span class='ocrx_word' id='word_1_409' title='bbox 2240 2102 2335 2154; x_wconf 75' lang='grc' dir='ltr'><strong>καὶ</strong></span> <span class='ocrx_word' id='word_1_410' title='bbox 2375 2101 2844 2172; x_wconf 80' lang='grc' dir='ltr'>ἁναθεματίζουσι</span> <span class='ocrx_word' id='word_1_411' title='bbox 2893 2103 3024 2166; x_wconf 85' lang='grc' dir='ltr'>τοὺς</span> <span class='ocrx_word' id='word_1_412' title='bbox 3072 2104 3387 2174; x_wconf 79' lang='grc' dir='ltr'>ὁμόφρονας</span> <span class='ocrx_word' id='word_1_413' title='bbox 3446 2103 3655 2171; x_wconf 80' lang='grc' dir='ltr'>αὐτῶν,</span> 
     </span>
    </p>
   </div>
   <div class='ocr_carea' id='block_1_64' title="bbox 2067 2191 3652 2264">
    <p class='ocr_par' dir='ltr' id='par_1_64' title="bbox 2067 2191 3652 2264">
     <span class='ocr_line' id='line_1_64' title="bbox 2067 2191 3652 2264; baseline 0.001 -19"><span class='ocrx_word' id='word_1_414' title='bbox 2067 2193 2191 2256; x_wconf 82' lang='grc' dir='ltr'>τοὺς</span> <span class='ocrx_word' id='word_1_415' title='bbox 2227 2191 2326 2262; x_wconf 75' lang='grc' dir='ltr'><strong>τὴν</strong></span> <span class='ocrx_word' id='word_1_416' title='bbox 2376 2192 2636 2262; x_wconf 85' lang='grc' dir='ltr'>νηστείαν</span> <span class='ocrx_word' id='word_1_417' title='bbox 2683 2191 2892 2262; x_wconf 87' lang='grc' dir='ltr'>ταύτην</span> <span class='ocrx_word' id='word_1_418' title='bbox 2923 2192 3017 2246; x_wconf 88' lang='grc' dir='ltr'><strong>τοῦ</strong></span> <span class='ocrx_word' id='word_1_419' title='bbox 3073 2193 3301 2264; x_wconf 82' lang='grc' dir='ltr'>Σεργίου</span> <span class='ocrx_word' id='word_1_420' title='bbox 3350 2194 3652 2263; x_wconf 70' lang='grc' dir='ltr'>λέγοντας*</span> 
     </span>
    </p>
   </div>
   <div class='ocr_carea' id='block_1_65' title="bbox 2070 2278 3653 2356">
    <p class='ocr_par' dir='ltr' id='par_1_65' title="bbox 2070 2278 3653 2356">
     <span class='ocr_line' id='line_1_65' title="bbox 2070 2278 3653 2356; baseline 0.004 -21"><span class='ocrx_word' id='word_1_421' title='bbox 2070 2278 2191 2336; x_wconf 86' lang='grc' dir='ltr'>εἶτα</span> <span class='ocrx_word' id='word_1_422' title='bbox 2224 2281 2300 2344; x_wconf 85' lang='grc' dir='ltr'>ὡς</span> <span class='ocrx_word' id='word_1_423' title='bbox 2341 2282 2502 2352; x_wconf 82' lang='grc' dir='ltr'>δῆθεν</span> <span class='ocrx_word' id='word_1_424' title='bbox 2542 2282 2933 2355; x_wconf 83' lang='grc' dir='ltr'>πιθανωτέραν</span> <span class='ocrx_word' id='word_1_425' title='bbox 2965 2284 3243 2356; x_wconf 83' lang='grc' dir='ltr'>πρόφασιν</span> <span class='ocrx_word' id='word_1_426' title='bbox 3281 2285 3653 2356; x_wconf 75' lang='grc' dir='ltr'>πλασάμενοι,</span> 
     </span>
    </p>
   </div>
   <div class='ocr_carea' id='block_1_66' title="bbox 2069 2374 3656 2450">
    <p class='ocr_par' dir='ltr' id='par_1_66' title="bbox 2069 2374 3656 2450">
     <span class='ocr_line' id='line_1_66' title="bbox 2069 2374 3656 2450; baseline 0.004 -22"><span class='ocrx_word' id='word_1_427' title='bbox 2069 2374 2341 2444; x_wconf 82' lang='grc' dir='ltr'>λέγουσιν,</span> <span class='ocrx_word' id='word_1_428' title='bbox 2366 2377 2449 2430; x_wconf 83' lang='grc' dir='ltr'>ὅτι</span> <span class='ocrx_word' id='word_1_429' title='bbox 2475 2377 2507 2447; x_wconf 81' lang='grc' dir='ltr'>ἡ</span> <span class='ocrx_word' id='word_1_430' title='bbox 2540 2377 2770 2449; x_wconf 83' lang='grc' dir='ltr'>νηστεία</span> <span class='ocrx_word' id='word_1_431' title='bbox 2802 2377 2896 2431; x_wconf 90' lang='grc' dir='ltr'><strong>τοῦ</strong></span> <span class='ocrx_word' id='word_1_432' title='bbox 2928 2378 3228 2449; x_wconf 84' lang='grc' dir='ltr'>λεγομένου</span> <span class='ocrx_word' id='word_1_433' title='bbox 3246 2379 3656 2450; x_wconf 74' lang='grc' dir='ltr'>’Δρτζηόούρη,</span> 
     </span>
    </p>
   </div>
   <div class='ocr_carea' id='block_1_67' title="bbox 2067 2469 3655 2543">
    <p class='ocr_par' dir='ltr' id='par_1_67' title="bbox 2067 2469 3655 2543">
     <span class='ocr_line' id='line_1_67' title="bbox 2067 2469 3655 2543; baseline -0.001 -21"><span class='ocrx_word' id='word_1_434' title='bbox 2067 2469 2165 2540; x_wconf 82' lang='grc' dir='ltr'>τῆς</span> <span class='ocrx_word' id='word_1_435' title='bbox 2190 2469 2384 2523; x_wconf 88' lang='grc' dir='ltr'>Νινευῖ</span> <span class='ocrx_word' id='word_1_436' title='bbox 2442 2471 2562 2524; x_wconf 76' lang='grc' dir='ltr'>ἐστι</span> <span class='ocrx_word' id='word_1_437' title='bbox 2589 2470 2839 2541; x_wconf 85' lang='grc' dir='ltr'>νηστεία.</span> <span class='ocrx_word' id='word_1_438' title='bbox 2892 2470 3062 2524; x_wconf 86' lang='grc' dir='ltr'>Ἐπὰν</span> <span class='ocrx_word' id='word_1_439' title='bbox 3106 2471 3163 2525; x_wconf 78' lang='grc' dir='ltr'>δὲ</span> <span class='ocrx_word' id='word_1_440' title='bbox 3204 2473 3368 2543; x_wconf 81' lang='grc' dir='ltr'>ἡμεῖς</span> <span class='ocrx_word' id='word_1_441' title='bbox 3401 2472 3655 2542; x_wconf 84' lang='grc' dir='ltr'>λέγωμεν</span> 
     </span>
    </p>
   </div>
   <div class='ocr_carea' id='block_1_68' title="bbox 2069 2562 3656 2635">
    <p class='ocr_par' dir='ltr' id='par_1_68' title="bbox 2069 2562 3656 2635">
     <span class='ocr_line' id='line_1_68' title="bbox 2069 2562 3656 2635; baseline 0 -19"><span class='ocrx_word' id='word_1_442' title='bbox 2069 2562 2207 2632; x_wconf 79' lang='grc' dir='ltr'>πρὸς</span> <span class='ocrx_word' id='word_1_443' title='bbox 2234 2563 2455 2629; x_wconf 82' lang='grc' dir='ltr'>αὐτοὺς,</span> <span class='ocrx_word' id='word_1_444' title='bbox 2490 2564 2573 2617; x_wconf 81' lang='grc' dir='ltr'><strong>ὅτι</strong></span> <span class='ocrx_word' id='word_1_445' title='bbox 2609 2565 2705 2635; x_wconf 83' lang='grc' dir='ltr'><strong>Μή</strong></span> <span class='ocrx_word' id='word_1_446' title='bbox 2737 2581 2795 2616; x_wconf 88' lang='grc' dir='ltr'><strong>τε</strong></span> <span class='ocrx_word' id='word_1_447' title='bbox 2827 2563 2936 2619; x_wconf 81' lang='grc' dir='ltr'>τῶν</span> <span class='ocrx_word' id='word_1_448' title='bbox 2964 2564 3137 2632; x_wconf 80' lang='grc' dir='ltr'>ἁγίων</span> <span class='ocrx_word' id='word_1_449' title='bbox 3165 2563 3483 2620; x_wconf 80' lang='grc' dir='ltr'>ἀποστόλων</span> <span class='ocrx_word' id='word_1_450' title='bbox 3508 2581 3656 2635; x_wconf 88' lang='grc' dir='ltr'>γρα-</span> 
     </span>
    </p>
   </div>
   <div class='ocr_carea' id='block_1_69' title="bbox 2066 2654 3656 2726">
    <p class='ocr_par' dir='ltr' id='par_1_69' title="bbox 2066 2654 3656 2726">
     <span class='ocr_line' id='line_1_69' title="bbox 2066 2654 3656 2726; baseline -0.001 -17"><span class='ocrx_word' id='word_1_451' title='bbox 2066 2654 2284 2724; x_wconf 76' lang='grc' dir='ltr'>ψάντων</span> <span class='ocrx_word' id='word_1_452' title='bbox 2333 2654 2543 2725; x_wconf 87' lang='grc' dir='ltr'>ταύτην</span> <span class='ocrx_word' id='word_1_453' title='bbox 2591 2654 2898 2725; x_wconf 82' lang='grc' dir='ltr'>νηστεύειν,</span> <span class='ocrx_word' id='word_1_454' title='bbox 2955 2655 3097 2726; x_wconf 81' lang='grc' dir='ltr'>μήτε</span> <span class='ocrx_word' id='word_1_455' title='bbox 3154 2655 3258 2725; x_wconf 81' lang='grc' dir='ltr'>τῆς</span> <span class='ocrx_word' id='word_1_456' title='bbox 3320 2657 3379 2708; x_wconf 85' lang='grc' dir='ltr'>ὲν</span> <span class='ocrx_word' id='word_1_457' title='bbox 3443 2654 3656 2724; x_wconf 59' lang='lat' dir='ltr'><strong>Nimia}</strong></span> 
     </span>
    </p>
   </div>
   <div class='ocr_carea' id='block_1_70' title="bbox 2068 2748 3652 2820">
    <p class='ocr_par' dir='ltr' id='par_1_70' title="bbox 2068 2748 3652 2820">
     <span class='ocr_line' id='line_1_70' title="bbox 2068 2748 3652 2820; baseline 0.001 -19"><span class='ocrx_word' id='word_1_458' title='bbox 2068 2748 2314 2814; x_wconf 81' lang='grc' dir='ltr'>συνόδου,</span> <span class='ocrx_word' id='word_1_459' title='bbox 2375 2750 2513 2819; x_wconf 86' lang='grc' dir='ltr'>μήτε</span> <span class='ocrx_word' id='word_1_460' title='bbox 2544 2748 2706 2802; x_wconf 74' lang='grc' dir='ltr'>ἄλλου</span> <span class='ocrx_word' id='word_1_461' title='bbox 2737 2748 2881 2813; x_wconf 79' lang='grc' dir='ltr'>τινὸς</span> <span class='ocrx_word' id='word_1_462' title='bbox 2909 2748 3088 2817; x_wconf 82' lang='grc' dir='ltr'>ἁγίου,</span> <span class='ocrx_word' id='word_1_463' title='bbox 3123 2749 3306 2820; x_wconf 78' lang='grc' dir='ltr'>παρὲκ</span> <span class='ocrx_word' id='word_1_464' title='bbox 3330 2749 3428 2820; x_wconf 81' lang='grc' dir='ltr'>τῆς</span> <span class='ocrx_word' id='word_1_465' title='bbox 3451 2750 3652 2819; x_wconf 80' lang='grc' dir='ltr'>τετρά-</span> 
     </span>
    </p>
   </div>
   <div class='ocr_carea' id='block_1_71' title="bbox 2066 2841 3655 2914">
    <p class='ocr_par' dir='ltr' id='par_1_71' title="bbox 2066 2841 3655 2914">
     <span class='ocr_line' id='line_1_71' title="bbox 2066 2841 3655 2914; baseline 0.003 -21"><span class='ocrx_word' id='word_1_466' title='bbox 2066 2841 2153 2903; x_wconf 88' lang='grc' dir='ltr'><strong>δος</strong></span> <span class='ocrx_word' id='word_1_467' title='bbox 2209 2841 2303 2893; x_wconf 75' lang='grc' dir='ltr'><strong>καὶ</strong></span> <span class='ocrx_word' id='word_1_468' title='bbox 2342 2844 2705 2912; x_wconf 84' lang='grc' dir='ltr'>παρασκευῆς</span> <span class='ocrx_word' id='word_1_469' title='bbox 2740 2842 2835 2895; x_wconf 74' lang='grc' dir='ltr'><strong>καὶ</strong></span> <span class='ocrx_word' id='word_1_470' title='bbox 2888 2842 2987 2909; x_wconf 83' lang='grc' dir='ltr'>τῆς</span> <span class='ocrx_word' id='word_1_471' title='bbox 3026 2842 3272 2912; x_wconf 81' lang='grc' dir='ltr'>μεγάλης</span> <span class='ocrx_word' id='word_1_472' title='bbox 3307 2858 3655 2914; x_wconf 82' lang='grc' dir='ltr'>τεσσαρακο-</span> 
     </span>
    </p>
   </div>
   <div class='ocr_carea' id='block_1_72' title="bbox 2068 2934 3652 3008">
    <p class='ocr_par' dir='ltr' id='par_1_72' title="bbox 2068 2934 3652 3008">
     <span class='ocr_line' id='line_1_72' title="bbox 2068 2934 3652 3008; baseline 0.001 -21"><span class='ocrx_word' id='word_1_473' title='bbox 2068 2935 2223 3005; x_wconf 84' lang='grc' dir='ltr'>στῆς,</span> <span class='ocrx_word' id='word_1_474' title='bbox 2258 2934 2484 3005; x_wconf 74' lang='grc' dir='ltr'>καὶτῆς</span> <span class='ocrx_word' id='word_1_475' title='bbox 2521 2934 2818 3004; x_wconf 81' lang='grc' dir='ltr'>ἑϐδομάδος</span> <span class='ocrx_word' id='word_1_476' title='bbox 2846 2937 2941 2989; x_wconf 85' lang='grc' dir='ltr'><strong>τοῦ</strong></span> <span class='ocrx_word' id='word_1_477' title='bbox 2981 2936 3199 3000; x_wconf 85' lang='grc' dir='ltr'>Πάθους</span> <span class='ocrx_word' id='word_1_478' title='bbox 3244 2935 3341 2991; x_wconf 89' lang='grc' dir='ltr'><strong>τοῦ</strong></span> <span class='ocrx_word' id='word_1_479' title='bbox 3388 2936 3652 3008; x_wconf 83' lang='grc' dir='ltr'>Χριστοῦ,</span> 
     </span>
    </p>
   </div>
   <div class='ocr_carea' id='block_1_73' title="bbox 2066 3026 3657 3100">
    <p class='ocr_par' dir='ltr' id='par_1_73' title="bbox 2066 3026 3657 3100">
     <span class='ocr_line' id='line_1_73' title="bbox 2066 3026 3657 3100; baseline 0 -19"><span class='ocrx_word' id='word_1_480' title='bbox 2066 3028 2162 3081; x_wconf 73' lang='grc' dir='ltr'><strong>καὶ</strong></span> <span class='ocrx_word' id='word_1_481' title='bbox 2191 3028 2291 3097; x_wconf 79' lang='grc' dir='ltr'>τῆς</span> <span class='ocrx_word' id='word_1_482' title='bbox 2319 3026 2415 3079; x_wconf 87' lang='grc' dir='ltr'><strong>τοῦ</strong></span> <span class='ocrx_word' id='word_1_483' title='bbox 2450 3027 2694 3098; x_wconf 82' lang='grc' dir='ltr'>Χριστοῦ</span> <span class='ocrx_word' id='word_1_484' title='bbox 2731 3028 3044 3100; x_wconf 81' lang='grc' dir='ltr'>Γεννήσεως</span> <span class='ocrx_word' id='word_1_485' title='bbox 3066 3028 3346 3099; x_wconf 84' lang='grc' dir='ltr'>νηστείας,</span> <span class='ocrx_word' id='word_1_486' title='bbox 3400 3028 3496 3083; x_wconf 83' lang='grc' dir='ltr'>καὶ</span> <span class='ocrx_word' id='word_1_487' title='bbox 3542 3028 3657 3082; x_wconf 85' lang='grc' dir='ltr'><strong>τῶν</strong></span> 
     </span>
    </p>
   </div>
   <div class='ocr_carea' id='block_1_74' title="bbox 1994 3118 3656 3196">
    <p class='ocr_par' dir='ltr' id='par_1_74' title="bbox 1994 3118 3656 3196">
     <span class='ocr_line' id='line_1_74' title="bbox 1994 3118 3656 3196; baseline 0.002 -24"><span class='ocrx_word' id='word_1_488' title='bbox 1994 3139 2036 3196; x_wconf 78' lang='lat' dir='ltr'><strong>C</strong></span> <span class='ocrx_word' id='word_1_489' title='bbox 2069 3118 2243 3187; x_wconf 87' lang='grc' dir='ltr'>ἁγίων</span> <span class='ocrx_word' id='word_1_490' title='bbox 2270 3118 2609 3184; x_wconf 79' lang='grc' dir='ltr'>ἀποστόλων,</span> <span class='ocrx_word' id='word_1_491' title='bbox 2648 3120 2744 3172; x_wconf 74' lang='grc' dir='ltr'><strong>καὶ</strong></span> <span class='ocrx_word' id='word_1_492' title='bbox 2778 3119 2876 3190; x_wconf 83' lang='grc' dir='ltr'>τῆς</span> <span class='ocrx_word' id='word_1_493' title='bbox 2904 3119 3173 3174; x_wconf 83' lang='grc' dir='ltr'>Θεοτόκου</span> <span class='ocrx_word' id='word_1_494' title='bbox 3202 3136 3217 3150; x_wconf 71' lang='grc' dir='ltr'>σ</span> <span class='ocrx_word' id='word_1_495' title='bbox 3248 3119 3334 3184; x_wconf 88' lang='grc' dir='ltr'><strong>τίς</strong></span> <span class='ocrx_word' id='word_1_496' title='bbox 3358 3122 3386 3174; x_wconf 98' lang='lat'><strong>6</strong></span> <span class='ocrx_word' id='word_1_497' title='bbox 3413 3122 3656 3192; x_wconf 82' lang='grc' dir='ltr'>προστά-</span> 
     </span>
    </p>
   </div>
   <div class='ocr_carea' id='block_1_75' title="bbox 2070 3208 3654 3282">
    <p class='ocr_par' dir='ltr' id='par_1_75' title="bbox 2070 3208 3654 3282">
     <span class='ocr_line' id='line_1_75' title="bbox 2070 3208 3654 3282; baseline 0 -19"><span class='ocrx_word' id='word_1_498' title='bbox 2070 3211 2167 3276; x_wconf 81' lang='grc' dir='ltr'><strong>ξας</strong></span> <span class='ocrx_word' id='word_1_499' title='bbox 2207 3210 2354 3281; x_wconf 84' lang='grc' dir='ltr'>ὑμᾶς</span> <span class='ocrx_word' id='word_1_500' title='bbox 2390 3208 2727 3282; x_wconf 84' lang='grc' dir='ltr'>(νηστεύειν)</span> <span class='ocrx_word' id='word_1_501' title='bbox 2778 3210 3038 3280; x_wconf 83' lang='grc' dir='ltr'>νηστείαν</span> <span class='ocrx_word' id='word_1_502' title='bbox 3087 3210 3261 3266; x_wconf 73' lang='grc' dir='ltr'>ἐθνῶν</span> <span class='ocrx_word' id='word_1_503' title='bbox 3288 3208 3411 3281; x_wconf 71' lang='grc' dir='ltr'>’πρὸ</span> <span class='ocrx_word' id='word_1_504' title='bbox 3442 3211 3654 3264; x_wconf 81' lang='grc' dir='ltr'>πολλῶν</span> 
     </span>
    </p>
   </div>
   <div class='ocr_carea' id='block_1_76' title="bbox 2068 3297 3654 3377">
    <p class='ocr_par' dir='ltr' id='par_1_76' title="bbox 2068 3297 3654 3377">
     <span class='ocr_line' id='line_1_76' title="bbox 2068 3297 3654 3377; baseline -0.001 -21"><span class='ocrx_word' id='word_1_505' title='bbox 2068 3299 2234 3356; x_wconf 81' lang='grc' dir='ltr'>οὖσαν</span> <span class='ocrx_word' id='word_1_506' title='bbox 2264 3302 2405 3357; x_wconf 78' lang='grc' dir='ltr'>ἐτῶν</span> <span class='ocrx_word' id='word_1_507' title='bbox 2452 3304 2551 3372; x_wconf 80' lang='grc' dir='ltr'>τῆς</span> <span class='ocrx_word' id='word_1_508' title='bbox 2595 3301 2692 3355; x_wconf 88' lang='grc' dir='ltr'><strong>τοῦ</strong></span> <span class='ocrx_word' id='word_1_509' title='bbox 2745 3302 2988 3377; x_wconf 77' lang='grc' dir='ltr'>Χριστοῦ</span> <span class='ocrx_word' id='word_1_510' title='bbox 3044 3303 3377 3374; x_wconf 79' lang='grc' dir='ltr'>ὲπιδημίας;</span> <span class='ocrx_word' id='word_1_511' title='bbox 3437 3303 3501 3358; x_wconf 82' lang='lat' dir='ltr'><strong>El</strong></span> <span class='ocrx_word' id='word_1_512' title='bbox 3555 3297 3654 3357; x_wconf 71' lang='grc' dir='ltr'><strong>οὖν</strong></span> 
     </span>
    </p>
   </div>
   <div class='ocr_carea' id='block_1_77' title="bbox 2067 3395 3656 3469">
    <p class='ocr_par' dir='ltr' id='par_1_77' title="bbox 2067 3395 3656 3469">
     <span class='ocr_line' id='line_1_77' title="bbox 2067 3395 3656 3469; baseline -0.001 -20"><span class='ocrx_word' id='word_1_513' title='bbox 2067 3399 2166 3460; x_wconf 80' lang='grc' dir='ltr'>τὰς</span> <span class='ocrx_word' id='word_1_514' title='bbox 2206 3396 2508 3460; x_wconf 82' lang='grc' dir='ltr'>Ίουδαῖκὰς</span> <span class='ocrx_word' id='word_1_515' title='bbox 2552 3396 2831 3469; x_wconf 85' lang='grc' dir='ltr'>νηστείας,</span> <span class='ocrx_word' id='word_1_516' title='bbox 2880 3397 2978 3460; x_wconf 85' lang='grc' dir='ltr'>τὰς</span> <span class='ocrx_word' id='word_1_517' title='bbox 3026 3396 3130 3450; x_wconf 82' lang='grc' dir='ltr'>ὑπὸ</span> <span class='ocrx_word' id='word_1_518' title='bbox 3159 3396 3295 3449; x_wconf 80' lang='grc' dir='ltr'>Θεοῦ</span> <span class='ocrx_word' id='word_1_519' title='bbox 3338 3395 3656 3467; x_wconf 77' lang='grc' dir='ltr'>όρισθσίσας</span> 
     </span>
    </p>
   </div>
   <div class='ocr_carea' id='block_1_78' title="bbox 2067 3489 3651 3561">
    <p class='ocr_par' dir='ltr' id='par_1_78' title="bbox 2067 3489 3651 3561">
     <span class='ocr_line' id='line_1_78' title="bbox 2067 3489 3651 3561; baseline 0.001 -19"><span class='ocrx_word' id='word_1_520' title='bbox 2067 3489 2157 3542; x_wconf 79' lang='grc' dir='ltr'>διὰ</span> <span class='ocrx_word' id='word_1_521' title='bbox 2212 3489 2483 3554; x_wconf 77' lang='grc' dir='ltr'>Μωσέως,</span> <span class='ocrx_word' id='word_1_522' title='bbox 2538 3489 2865 3559; x_wconf 85' lang='grc' dir='ltr'>κωλυόμεθα</span> <span class='ocrx_word' id='word_1_523' title='bbox 2926 3489 3234 3561; x_wconf 86' lang='grc' dir='ltr'>νηστεύειν,</span> <span class='ocrx_word' id='word_1_524' title='bbox 3268 3489 3363 3544; x_wconf 88' lang='grc' dir='ltr'><strong>τοῦ</strong></span> <span class='ocrx_word' id='word_1_525' title='bbox 3411 3490 3651 3560; x_wconf 83' lang='grc' dir='ltr'>Χριστοῦ</span> 
     </span>
    </p>
   </div>
   <div class='ocr_carea' id='block_1_79' title="bbox 2069 3581 3653 3655">
    <p class='ocr_par' dir='ltr' id='par_1_79' title="bbox 2069 3581 3653 3655">
     <span class='ocr_line' id='line_1_79' title="bbox 2069 3581 3653 3655; baseline 0.001 -20"><span class='ocrx_word' id='word_1_526' title='bbox 2069 3582 2320 3646; x_wconf 75' lang='grc' dir='ltr'>ἐλθόντος</span> <span class='ocrx_word' id='word_1_527' title='bbox 2352 3598 2366 3612; x_wconf 76' lang='grc' dir='ltr'><strong><em>ο</em></strong></span> <span class='ocrx_word' id='word_1_528' title='bbox 2398 3581 2582 3654; x_wconf 78' lang='grc' dir='ltr'>πολλῷ</span> <span class='ocrx_word' id='word_1_529' title='bbox 2618 3583 2821 3653; x_wconf 71' lang='grc' dir='ltr'>μᾶλλον</span> <span class='ocrx_word' id='word_1_530' title='bbox 2870 3582 2969 3646; x_wconf 75' lang='grc' dir='ltr'><strong>τὰς</strong></span> <span class='ocrx_word' id='word_1_531' title='bbox 3017 3582 3127 3635; x_wconf 85' lang='grc' dir='ltr'><strong>τῶν</strong></span> <span class='ocrx_word' id='word_1_532' title='bbox 3184 3582 3653 3655; x_wconf 72' lang='grc' dir='ltr'>παρανομούντων</span> 
     </span>
    </p>
   </div>
   <div class='ocr_carea' id='block_1_80' title="bbox 2068 3673 2550 3745">
    <p class='ocr_par' dir='ltr' id='par_1_80' title="bbox 2068 3673 2550 3745">
     <span class='ocr_line' id='line_1_80' title="bbox 2068 3673 2550 3745; baseline 0.002 -17"><span class='ocrx_word' id='word_1_533' title='bbox 2068 3673 2239 3728; x_wconf 79' lang='grc' dir='ltr'>ἐθνῶν</span> <span class='ocrx_word' id='word_1_534' title='bbox 2268 3674 2523 3745; x_wconf 78' lang='grc' dir='ltr'>νηστείας</span> <span class='ocrx_word' id='word_1_535' title='bbox 2538 3716 2550 3729; x_wconf 92' lang='grc'><strong>.</strong></span> 
     </span>
    </p>
   </div>
   <div class='ocr_carea' id='block_1_81' title="bbox 2140 3759 3651 3835">
    <p class='ocr_par' dir='ltr' id='par_1_81' title="bbox 2140 3759 3651 3835">
     <span class='ocr_line' id='line_1_81' title="bbox 2140 3759 3651 3835; baseline 0.001 -19"><span class='ocrx_word' id='word_1_536' title='bbox 2140 3763 2215 3822; x_wconf 87' lang='grc' dir='ltr'><strong>Δ’.</strong></span> <span class='ocrx_word' id='word_1_537' title='bbox 2251 3765 2440 3829; x_wconf 78' lang='grc' dir='ltr'>Οὕτως</span> <span class='ocrx_word' id='word_1_538' title='bbox 2487 3759 2580 3818; x_wconf 81' lang='grc' dir='ltr'><strong>οῦν</strong></span> <span class='ocrx_word' id='word_1_539' title='bbox 2625 3763 3002 3835; x_wconf 75' lang='grc' dir='ltr'>ἐλεγχόμενοι.</span> <span class='ocrx_word' id='word_1_540' title='bbox 3051 3763 3214 3817; x_wconf 85' lang='grc' dir='ltr'>πάλιν</span> <span class='ocrx_word' id='word_1_541' title='bbox 3244 3763 3465 3832; x_wconf 82' lang='grc' dir='ltr'>λέγουσι</span> <span class='ocrx_word' id='word_1_542' title='bbox 3497 3780 3512 3796; x_wconf 73' lang='grc' dir='ltr'><strong><em>ο</em></strong></span> <span class='ocrx_word' id='word_1_543' title='bbox 3541 3762 3651 3817; x_wconf 80' lang='grc' dir='ltr'><strong>Τοῦ</strong></span> 
     </span>
    </p>
   </div>
   <div class='ocr_carea' id='block_1_82' title="bbox 2080 3856 3654 3928">
    <p class='ocr_par' dir='ltr' id='par_1_82' title="bbox 2080 3856 3654 3928">
     <span class='ocr_line' id='line_1_82' title="bbox 2080 3856 3654 3928; baseline -0.001 -17"><span class='ocrx_word' id='word_1_544' title='bbox 2080 3857 2253 3928; x_wconf 80' lang='grc' dir='ltr'>Ἀδάμ</span> <span class='ocrx_word' id='word_1_545' title='bbox 2285 3859 2437 3911; x_wconf 74' lang='grc' dir='ltr'>ἐστιν</span> <span class='ocrx_word' id='word_1_546' title='bbox 2461 3857 2600 3927; x_wconf 78' lang='grc' dir='ltr'>α’ύτη</span> <span class='ocrx_word' id='word_1_547' title='bbox 2628 3858 2662 3927; x_wconf 80' lang='grc' dir='ltr'><strong>ἡ</strong></span> <span class='ocrx_word' id='word_1_548' title='bbox 2684 3858 2933 3926; x_wconf 88' lang='grc' dir='ltr'>νηστεία.</span> <span class='ocrx_word' id='word_1_549' title='bbox 2960 3856 3120 3912; x_wconf 86' lang='grc' dir='ltr'>Μετὰ</span> <span class='ocrx_word' id='word_1_550' title='bbox 3148 3856 3258 3928; x_wconf 85' lang='grc' dir='ltr'>γὰρ</span> <span class='ocrx_word' id='word_1_551' title='bbox 3290 3857 3351 3910; x_wconf 85' lang='grc' dir='ltr'><strong>τὸ</strong></span> <span class='ocrx_word' id='word_1_552' title='bbox 3409 3856 3654 3924; x_wconf 81' lang='grc' dir='ltr'>ἐξελθεῖν</span> 
     </span>
    </p>
   </div>
   <div class='ocr_carea' id='block_1_83' title="bbox 2069 3948 3653 4020">
    <p class='ocr_par' dir='ltr' id='par_1_83' title="bbox 2069 3948 3653 4020">
     <span class='ocr_line' id='line_1_83' title="bbox 2069 3948 3653 4020; baseline 0.001 -18"><span class='ocrx_word' id='word_1_553' title='bbox 2069 3949 2257 4014; x_wconf 81' lang='grc' dir='ltr'>αὑτὸν,</span> <span class='ocrx_word' id='word_1_554' title='bbox 2292 3950 2482 4018; x_wconf 76' lang='grc' dir='ltr'>φασὶν,</span> <span class='ocrx_word' id='word_1_555' title='bbox 2510 3954 2573 4001; x_wconf 77' lang='grc' dir='ltr'>ὲκ</span> <span class='ocrx_word' id='word_1_556' title='bbox 2603 3949 2699 4001; x_wconf 86' lang='grc' dir='ltr'><strong>τοῦ</strong></span> <span class='ocrx_word' id='word_1_557' title='bbox 2731 3948 3096 4017; x_wconf 84' lang='grc' dir='ltr'>παραδείσου,</span> <span class='ocrx_word' id='word_1_558' title='bbox 3140 3951 3468 4020; x_wconf 75' lang='grc' dir='ltr'>νενήστευκε</span> <span class='ocrx_word' id='word_1_559' title='bbox 3517 3948 3653 4003; x_wconf 82' lang='grc' dir='ltr'>ταύ-</span> 
     </span>
    </p>
   </div>
   <div class='ocr_carea' id='block_1_84' title="bbox 2066 4039 3650 4112">
    <p class='ocr_par' dir='ltr' id='par_1_84' title="bbox 2066 4039 3650 4112">
     <span class='ocr_line' id='line_1_84' title="bbox 2066 4039 3650 4112; baseline -0.001 -18"><span class='ocrx_word' id='word_1_560' title='bbox 2066 4057 2187 4112; x_wconf 84' lang='grc' dir='ltr'>την.</span> <span class='ocrx_word' id='word_1_561' title='bbox 2222 4039 2435 4094; x_wconf 82' lang='grc' dir='ltr'>Οὐκοῦν</span> <span class='ocrx_word' id='word_1_562' title='bbox 2496 4039 2849 4107; x_wconf 80' lang='grc' dir='ltr'>δειξάτωσαν,</span> <span class='ocrx_word' id='word_1_563' title='bbox 2877 4041 3007 4094; x_wconf 89' lang='grc' dir='ltr'>ποία</span> <span class='ocrx_word' id='word_1_564' title='bbox 3050 4040 3408 4104; x_wconf 85' lang='grc' dir='ltr'>θεόπνευστος</span> <span class='ocrx_word' id='word_1_565' title='bbox 3440 4039 3650 4110; x_wconf 77' lang='grc' dir='ltr'>βίϐλος,</span> 
     </span>
    </p>
   </div>
   <div class='ocr_carea' id='block_1_85' title="bbox 2066 4126 3656 4204">
    <p class='ocr_par' dir='ltr' id='par_1_85' title="bbox 2066 4126 3656 4204">
     <span class='ocr_line' id='line_1_85' title="bbox 2066 4126 3656 4204; baseline -0.001 -19"><span class='ocrx_word' id='word_1_566' title='bbox 2066 4130 2103 4202; x_wconf 81' lang='grc' dir='ltr'>ἦ</span> <span class='ocrx_word' id='word_1_567' title='bbox 2134 4134 2421 4202; x_wconf 78' lang='grc' dir='ltr'>προφήτης</span> <span class='ocrx_word' id='word_1_568' title='bbox 2451 4172 2466 4196; x_wconf 93' lang='grc'><strong>,</strong></span> <span class='ocrx_word' id='word_1_569' title='bbox 2522 4131 2557 4203; x_wconf 80' lang='grc' dir='ltr'>ἢ</span> <span class='ocrx_word' id='word_1_570' title='bbox 2591 4126 2954 4198; x_wconf 57' lang='grc' dir='ltr'>,δὶδάσκαλος,</span> <span class='ocrx_word' id='word_1_571' title='bbox 3012 4132 3045 4204; x_wconf 80' lang='grc' dir='ltr'><strong>ἦ</strong></span> <span class='ocrx_word' id='word_1_572' title='bbox 3104 4134 3452 4202; x_wconf 80' lang='grc' dir='ltr'>συγγραφεὺς</span> <span class='ocrx_word' id='word_1_573' title='bbox 3493 4132 3656 4185; x_wconf 86' lang='grc' dir='ltr'>τοῦτο</span> 
     </span>
    </p>
   </div>
   <div class='ocr_carea' id='block_1_86' title="bbox 2066 4222 3654 4296">
    <p class='ocr_par' dir='ltr' id='par_1_86' title="bbox 2066 4222 3654 4296">
     <span class='ocr_line' id='line_1_86' title="bbox 2066 4222 3654 4296; baseline 0 -20"><span class='ocrx_word' id='word_1_574' title='bbox 2066 4223 2335 4276; x_wconf 85' lang='grc' dir='ltr'>διδάσκει.</span> <span class='ocrx_word' id='word_1_575' title='bbox 2373 4222 2507 4294; x_wconf 79' lang='grc' dir='ltr'>Περὶ</span> <span class='ocrx_word' id='word_1_576' title='bbox 2548 4224 2647 4294; x_wconf 85' lang='grc' dir='ltr'><strong>μὲν</strong></span> <span class='ocrx_word' id='word_1_577' title='bbox 2683 4225 2943 4296; x_wconf 86' lang='grc' dir='ltr'>οὐρανοῦ,</span> <span class='ocrx_word' id='word_1_578' title='bbox 2978 4224 3074 4277; x_wconf 79' lang='grc' dir='ltr'><strong>καὶ</strong></span> <span class='ocrx_word' id='word_1_579' title='bbox 3108 4225 3235 4294; x_wconf 83' lang='grc' dir='ltr'>γῆς,</span> <span class='ocrx_word' id='word_1_580' title='bbox 3268 4226 3363 4278; x_wconf 68' lang='grc' dir='ltr'><strong>καὶ⁵</strong></span> <span class='ocrx_word' id='word_1_581' title='bbox 3395 4225 3496 4293; x_wconf 80' lang='grc' dir='ltr'>τῆς</span> <span class='ocrx_word' id='word_1_582' title='bbox 3529 4225 3654 4278; x_wconf 81' lang='grc' dir='ltr'>κτί-</span> 
     </span>
    </p>
   </div>
   <div class='ocr_carea' id='block_1_87' title="bbox 2069 4314 3649 4388">
    <p class='ocr_par' dir='ltr' id='par_1_87' title="bbox 2069 4314 3649 4388">
     <span class='ocr_line' id='line_1_87' title="bbox 2069 4314 3649 4388; baseline 0.002 -22"><span class='ocrx_word' id='word_1_583' title='bbox 2069 4330 2207 4376; x_wconf 87' lang='grc' dir='ltr'>σεως</span> <span class='ocrx_word' id='word_1_584' title='bbox 2248 4314 2452 4384; x_wconf 72' lang='grc' dir='ltr'>πάσης,</span> <span class='ocrx_word' id='word_1_585' title='bbox 2494 4317 2522 4368; x_wconf 89' lang='grc' dir='ltr'>ὁ</span> <span class='ocrx_word' id='word_1_586' title='bbox 2569 4316 2778 4386; x_wconf 85' lang='grc' dir='ltr'>Μωσῆς</span> <span class='ocrx_word' id='word_1_587' title='bbox 2814 4317 3089 4388; x_wconf 83' lang='grc' dir='ltr'>ἱστορικὸς</span> <span class='ocrx_word' id='word_1_588' title='bbox 3142 4315 3603 4386; x_wconf 77' lang='grc' dir='ltr'>συγγραψάμενος</span> <span class='ocrx_word' id='word_1_589' title='bbox 3633 4331 3649 4347; x_wconf 77' lang='grc'><strong>’</strong></span> 
     </span>
    </p>
   </div>
   <div class='ocr_carea' id='block_1_88' title="bbox 2068 4403 3653 4480">
    <p class='ocr_par' dir='ltr' id='par_1_88' title="bbox 2068 4403 3653 4480">
     <span class='ocr_line' id='line_1_88' title="bbox 2068 4403 3653 4480; baseline 0.003 -24"><span class='ocrx_word' id='word_1_590' title='bbox 2068 4403 2151 4457; x_wconf 77' lang='grc' dir='ltr'>ἐτι</span> <span class='ocrx_word' id='word_1_591' title='bbox 2185 4404 2242 4458; x_wconf 84' lang='grc' dir='ltr'>δὲ</span> <span class='ocrx_word' id='word_1_592' title='bbox 2294 4406 2391 4459; x_wconf 79' lang='grc' dir='ltr'><strong>καὶ</strong></span> <span class='ocrx_word' id='word_1_593' title='bbox 2435 4409 2701 4479; x_wconf 75' lang='grc' dir='ltr'>περὶτῆς</span> <span class='ocrx_word' id='word_1_594' title='bbox 2737 4409 2988 4471; x_wconf 82' lang='grc' dir='ltr'>πλάσεως</span> <span class='ocrx_word' id='word_1_595' title='bbox 3043 4408 3134 4462; x_wconf 88' lang='grc' dir='ltr'><strong>τοῦ</strong></span> <span class='ocrx_word' id='word_1_596' title='bbox 3195 4409 3368 4480; x_wconf 77' lang='grc' dir='ltr'>’Δδὰμ</span> <span class='ocrx_word' id='word_1_597' title='bbox 3415 4409 3509 4461; x_wconf 72' lang='grc' dir='ltr'>καὶ</span> <span class='ocrx_word' id='word_1_598' title='bbox 3550 4407 3653 4477; x_wconf 76' lang='grc' dir='ltr'>τῆς</span> 
     </span>
    </p>
   </div>
   <div class='ocr_carea' id='block_1_89' title="bbox 377 4474 1963 4574">
    <p class='ocr_par' dir='ltr' id='par_1_89' title="bbox 377 4483 1961 4553">
     <span class='ocr_line' id='line_1_89' title="bbox 377 4483 1961 4553; baseline 0.002 -16"><span class='ocrx_word' id='word_1_599' title='bbox 377 4500 410 4537; x_wconf 85' lang='lat' dir='ltr'><strong>e</strong></span> <span class='ocrx_word' id='word_1_600' title='bbox 446 4483 741 4551; x_wconf 73' lang='lat' dir='ltr'><strong>Paradiso;</strong></span> <span class='ocrx_word' id='word_1_601' title='bbox 799 4498 898 4537; x_wconf 82' lang='lat' dir='ltr'><strong>nec</strong></span> <span class='ocrx_word' id='word_1_602' title='bbox 948 4498 1054 4536; x_wconf 89' lang='lat' dir='ltr'><strong>non</strong></span> <span class='ocrx_word' id='word_1_603' title='bbox 1100 4485 1306 4553; x_wconf 84' lang='lat' dir='ltr'><strong>pariter</strong></span> <span class='ocrx_word' id='word_1_604' title='bbox 1332 4486 1397 4539; x_wconf 85' lang='lat' dir='ltr'><strong>de</strong></span> <span class='ocrx_word' id='word_1_605' title='bbox 1433 4485 1658 4539; x_wconf 76' lang='lat' dir='ltr'><strong>ﬁliorum</strong></span> <span class='ocrx_word' id='word_1_606' title='bbox 1709 4500 1961 4553; x_wconf 84' lang='lat' dir='ltr'><strong>procrea-</strong></span> 
     </span>
    </p>
   </div>
   <div class='ocr_carea' id='block_1_90' title="bbox 2067 4474 3653 4574">
    <p class='ocr_par' dir='ltr' id='par_1_90' title="bbox 2068 4474 3653 4574">
     <span class='ocr_line' id='line_1_90' title="bbox 2068 4474 3653 4574; baseline 0.005 -26"><span class='ocrx_word' id='word_1_607' title='bbox 2068 4494 2213 4559; x_wconf 78' lang='grc' dir='ltr'>Εὔας</span> <span class='ocrx_word' id='word_1_608' title='bbox 2238 4513 2253 4528; x_wconf 88' lang='grc'><strong>·</strong></span> <span class='ocrx_word' id='word_1_609' title='bbox 2293 4500 2388 4552; x_wconf 70' lang='grc' dir='ltr'><strong>καὶ</strong></span> <span class='ocrx_word' id='word_1_610' title='bbox 2421 4474 2557 4570; x_wconf 80' lang='grc' dir='ltr'>περὶ</span> <span class='ocrx_word' id='word_1_611' title='bbox 2602 4474 2697 4571; x_wconf 60' lang='grc' dir='ltr'>τῆς</span> <span class='ocrx_word' id='word_1_612' title='bbox 2744 4502 3110 4574; x_wconf 80' lang='grc' dir='ltr'>παραϐάσεως</span> <span class='ocrx_word' id='word_1_613' title='bbox 3151 4474 3355 4567; x_wconf 55' lang='grc' dir='ltr'>αὐτῶν,</span> <span class='ocrx_word' id='word_1_614' title='bbox 3405 4503 3500 4557; x_wconf 79' lang='grc' dir='ltr'><strong>καὶ</strong></span> <span class='ocrx_word' id='word_1_615' title='bbox 3547 4474 3653 4573; x_wconf 63' lang='grc' dir='ltr'>τῖγς</span> 
     </span>
    </p>
   </div>
   <div class='ocr_carea' id='block_1_91' title="bbox 380 4578 1961 4649">
    <p class='ocr_par' dir='ltr' id='par_1_91' title="bbox 380 4578 1961 4649">
     <span class='ocr_line' id='line_1_91' title="bbox 380 4578 1961 4649; baseline 0.002 -19"><span class='ocrx_word' id='word_1_616' title='bbox 380 4578 547 4642; x_wconf 87' lang='lat' dir='ltr'><strong>tione,</strong></span> <span class='ocrx_word' id='word_1_617' title='bbox 607 4587 826 4647; x_wconf 87' lang='lat' dir='ltr'><strong>totaque</strong></span> <span class='ocrx_word' id='word_1_618' title='bbox 868 4591 1059 4631; x_wconf 86' lang='lat' dir='ltr'><strong>eorum</strong></span> <span class='ocrx_word' id='word_1_619' title='bbox 1106 4579 1217 4631; x_wconf 81' lang='lat' dir='ltr'><strong>vita</strong></span> <span class='ocrx_word' id='word_1_620' title='bbox 1265 4592 1329 4633; x_wconf 87' lang='lat' dir='ltr'><strong>ac</strong></span> <span class='ocrx_word' id='word_1_621' title='bbox 1360 4590 1570 4645; x_wconf 89' lang='lat' dir='ltr'><strong>morte;</strong></span> <span class='ocrx_word' id='word_1_622' title='bbox 1623 4594 1961 4649; x_wconf 85' lang='lat' dir='ltr'><strong>nequaquam</strong></span> 
     </span>
    </p>
   </div>
   <div class='ocr_carea' id='block_1_92' title="bbox 378 4668 1967 4741">
    <p class='ocr_par' dir='ltr' id='par_1_92' title="bbox 378 4668 1967 4741">
     <span class='ocr_line' id='line_1_92' title="bbox 378 4668 1967 4741; baseline 0.002 -19"><span class='ocrx_word' id='word_1_623' title='bbox 378 4678 563 4725; x_wconf 88' lang='lat' dir='ltr'><strong>tamen</strong></span> <span class='ocrx_word' id='word_1_624' title='bbox 616 4681 898 4740; x_wconf 85' lang='lat' dir='ltr'><strong>postquam</strong></span> <span class='ocrx_word' id='word_1_625' title='bbox 931 4684 963 4724; x_wconf 90' lang='lat' dir='ltr'><strong>e</strong></span> <span class='ocrx_word' id='word_1_626' title='bbox 1015 4668 1275 4724; x_wconf 88' lang='lat' dir='ltr'><strong>Paradiso</strong></span> <span class='ocrx_word' id='word_1_627' title='bbox 1323 4670 1529 4739; x_wconf 80' lang='lat' dir='ltr'><strong>egressi</strong></span> <span class='ocrx_word' id='word_1_628' title='bbox 1578 4680 1784 4738; x_wconf 86' lang='lat' dir='ltr'><strong>essent,</strong></span> <span class='ocrx_word' id='word_1_629' title='bbox 1820 4672 1967 4741; x_wconf 86' lang='lat' dir='ltr'><strong>jeju-</strong></span> 
     </span>
    </p>
   </div>
   <div class='ocr_carea' id='block_1_93' title="bbox 380 4752 1962 4832">
    <p class='ocr_par' dir='ltr' id='par_1_93' title="bbox 380 4752 1962 4832">
     <span class='ocr_line' id='line_1_93' title="bbox 380 4752 1962 4832; baseline 0.001 -16"><span class='ocrx_word' id='word_1_630' title='bbox 380 4778 540 4818; x_wconf 87' lang='lat' dir='ltr'><strong>nasse</strong></span> <span class='ocrx_word' id='word_1_631' title='bbox 593 4763 832 4832; x_wconf 71' lang='lat' dir='ltr'><strong>scripsit.</strong></span> <span class='ocrx_word' id='word_1_632' title='bbox 868 4761 1148 4831; x_wconf 85' lang='lat' dir='ltr'><strong>Siquidem</strong></span> <span class='ocrx_word' id='word_1_633' title='bbox 1176 4764 1320 4815; x_wconf 86' lang='lat' dir='ltr'><strong>enim</strong></span> <span class='ocrx_word' id='word_1_634' title='bbox 1372 4762 1627 4831; x_wconf 85' lang='lat' dir='ltr'><strong>paradiso</strong></span> <span class='ocrx_word' id='word_1_635' title='bbox 1657 4763 1795 4831; x_wconf 88' lang='lat' dir='ltr'><strong>pulsi</strong></span> <span class='ocrx_word' id='word_1_636' title='bbox 1831 4752 1962 4817; x_wconf 88' lang='lat' dir='ltr'><strong>illud</strong></span> 
     </span>
    </p>
   </div>
   <div class='ocr_carea' id='block_1_94' title="bbox 380 4843 1963 4925">
    <p class='ocr_par' dir='ltr' id='par_1_94' title="bbox 380 4843 1963 4925">
     <span class='ocr_line' id='line_1_94' title="bbox 380 4843 1963 4925; baseline 0.002 -18"><span class='ocrx_word' id='word_1_637' title='bbox 380 4868 513 4908; x_wconf 88' lang='lat' dir='ltr'><strong>tunc</strong></span> <span class='ocrx_word' id='word_1_638' title='bbox 568 4854 834 4924; x_wconf 87' lang='lat' dir='ltr'><strong>jejunium</strong></span> <span class='ocrx_word' id='word_1_639' title='bbox 891 4843 1504 4922; x_wconf 79' lang='lat' dir='ltr'><strong>jejunasseut,Omnino</strong></span> <span class='ocrx_word' id='word_1_640' title='bbox 1529 4855 1694 4908; x_wconf 82' lang='lat' dir='ltr'><strong>etiam</strong></span> <span class='ocrx_word' id='word_1_641' title='bbox 1753 4854 1963 4925; x_wconf 78' lang='lat' dir='ltr'><strong>Moyses</strong></span> 
     </span>
    </p>
   </div>
   <div class='ocr_carea' id='block_1_95' title="bbox 381 4944 1960 5019">
    <p class='ocr_par' dir='ltr' id='par_1_95' title="bbox 381 4944 1960 5019">
     <span class='ocr_line' id='line_1_95' title="bbox 381 4944 1960 5019; baseline 0.001 -19"><span class='ocrx_word' id='word_1_642' title='bbox 381 4948 531 5000; x_wconf 91' lang='lat' dir='ltr'><strong>illius</strong></span> <span class='ocrx_word' id='word_1_643' title='bbox 563 4948 921 5010; x_wconf 83' lang='lat' dir='ltr'><strong>meminisset,</strong></span> <span class='ocrx_word' id='word_1_644' title='bbox 947 4944 1403 5013; x_wconf 88' lang='lat' dir='ltr'><strong>quemadmodum</strong></span> <span class='ocrx_word' id='word_1_645' title='bbox 1436 4947 1599 5000; x_wconf 87' lang='lat' dir='ltr'><strong>etiam</strong></span> <span class='ocrx_word' id='word_1_646' title='bbox 1628 4949 1960 5019; x_wconf 80' lang='lat' dir='ltr'><strong>conscripsit</strong></span> 
     </span>
    </p>
   </div>
   <div class='ocr_carea' id='block_1_96' title="bbox 378 5036 1935 5110">
    <p class='ocr_par' dir='ltr' id='par_1_96' title="bbox 378 5036 1935 5110">
     <span class='ocr_line' id='line_1_96' title="bbox 378 5036 1935 5110; baseline 0.001 -17"><span class='ocrx_word' id='word_1_647' title='bbox 378 5054 568 5093; x_wconf 86' lang='lat' dir='ltr'><strong>eorum</strong></span> <span class='ocrx_word' id='word_1_648' title='bbox 596 5053 685 5092; x_wconf 86' lang='lat' dir='ltr'><strong>res</strong></span> <span class='ocrx_word' id='word_1_649' title='bbox 715 5053 925 5091; x_wconf 87' lang='lat' dir='ltr'><strong>omnes.</strong></span> <span class='ocrx_word' id='word_1_650' title='bbox 969 5036 1103 5091; x_wconf 85' lang='lat' dir='ltr'><strong>Cum</strong></span> <span class='ocrx_word' id='word_1_651' title='bbox 1136 5052 1265 5108; x_wconf 75' lang='lat' dir='ltr'><strong>ergo</strong></span> <span class='ocrx_word' id='word_1_652' title='bbox 1289 5038 1496 5110; x_wconf 76' lang='lat' dir='ltr'><strong>Moyses</strong></span> <span class='ocrx_word' id='word_1_653' title='bbox 1524 5039 1819 5095; x_wconf 85' lang='lat' dir='ltr'><strong>historicus</strong></span> <span class='ocrx_word' id='word_1_654' title='bbox 1871 5055 1935 5095; x_wconf 87' lang='lat' dir='ltr'><strong>ac</strong></span> 
     </span>
    </p>
   </div>
   <div class='ocr_carea' id='block_1_97' title="bbox 379 5129 1965 5202">
    <p class='ocr_par' dir='ltr' id='par_1_97' title="bbox 379 5129 1965 5202">
     <span class='ocr_line' id='line_1_97' title="bbox 379 5129 1965 5202; baseline 0.003 -17"><span class='ocrx_word' id='word_1_655' title='bbox 379 5134 665 5202; x_wconf 83' lang='lat' dir='ltr'><strong>propheta,</strong></span> <span class='ocrx_word' id='word_1_656' title='bbox 688 5130 821 5183; x_wconf 89' lang='lat' dir='ltr'><strong>nihil</strong></span> <span class='ocrx_word' id='word_1_657' title='bbox 857 5129 1121 5199; x_wconf 82' lang='lat' dir='ltr'><strong>ejusmodi</strong></span> <span class='ocrx_word' id='word_1_658' title='bbox 1167 5132 1580 5201; x_wconf 88' lang='lat' dir='ltr'><strong>conscripserit,</strong></span> <span class='ocrx_word' id='word_1_659' title='bbox 1617 5142 1709 5186; x_wconf 82' lang='lat' dir='ltr'><strong>aut</strong></span> <span class='ocrx_word' id='word_1_660' title='bbox 1742 5134 1965 5190; x_wconf 89' lang='lat' dir='ltr'><strong>omnino</strong></span> 
     </span>
    </p>
   </div>
   <div class='ocr_carea' id='block_1_98' title="bbox 378 5224 1965 5297">
    <p class='ocr_par' dir='ltr' id='par_1_98' title="bbox 378 5224 1965 5297">
     <span class='ocr_line' id='line_1_98' title="bbox 378 5224 1965 5297; baseline 0.001 -17"><span class='ocrx_word' id='word_1_661' title='bbox 378 5226 616 5290; x_wconf 79' lang='lat' dir='ltr'><strong>dixerit,</strong></span> <span class='ocrx_word' id='word_1_662' title='bbox 684 5224 861 5294; x_wconf 85' lang='lat' dir='ltr'><strong>palam</strong></span> <span class='ocrx_word' id='word_1_663' title='bbox 922 5232 1007 5278; x_wconf 87' lang='lat' dir='ltr'><strong>est</strong></span> <span class='ocrx_word' id='word_1_664' title='bbox 1054 5226 1191 5278; x_wconf 78' lang='lat' dir='ltr'><strong>istos</strong></span> <span class='ocrx_word' id='word_1_665' title='bbox 1244 5224 1452 5280; x_wconf 75' lang='lat' dir='ltr'><strong>fabulas</strong></span> <span class='ocrx_word' id='word_1_666' title='bbox 1503 5226 1835 5297; x_wconf 75' lang='lat' dir='ltr'><strong>conﬁngere,</strong></span> <span class='ocrx_word' id='word_1_667' title='bbox 1899 5242 1965 5283; x_wconf 86' lang='lat' dir='ltr'><strong>ac</strong></span> 
     </span>
    </p>
   </div>
   <div class='ocr_carea' id='block_1_99' title="bbox 379 5316 841 5372">
    <p class='ocr_par' dir='ltr' id='par_1_99' title="bbox 379 5316 841 5372">
     <span class='ocr_line' id='line_1_99' title="bbox 379 5316 841 5372; baseline -0.002 -2"><span class='ocrx_word' id='word_1_668' title='bbox 379 5316 667 5372; x_wconf 83' lang='lat' dir='ltr'><strong>mendaces</strong></span> <span class='ocrx_word' id='word_1_669' title='bbox 700 5328 841 5369; x_wconf 85' lang='lat' dir='ltr'><strong>esse.</strong></span> 
     </span>
    </p>
   </div>
   <div class='ocr_carea' id='block_1_100' title="bbox 453 5506 1961 5581">
    <p class='ocr_par' dir='ltr' id='par_1_100' title="bbox 453 5506 1961 5581">
     <span class='ocr_line' id='line_1_100' title="bbox 453 5506 1961 5581; baseline 0.001 -18"><span class='ocrx_word' id='word_1_670' title='bbox 453 5507 514 5563; x_wconf 85' lang='lat' dir='ltr'><strong>V.</strong></span> <span class='ocrx_word' id='word_1_671' title='bbox 554 5508 647 5565; x_wconf 87' lang='lat' dir='ltr'><strong>Sic</strong></span> <span class='ocrx_word' id='word_1_672' title='bbox 684 5515 866 5564; x_wconf 85' lang='lat' dir='ltr'><strong>autem</strong></span> <span class='ocrx_word' id='word_1_673' title='bbox 924 5506 1158 5563; x_wconf 90' lang='lat' dir='ltr'><strong>convicti</strong></span> <span class='ocrx_word' id='word_1_674' title='bbox 1221 5509 1541 5565; x_wconf 78' lang='lat' dir='ltr'><strong>seductores</strong></span> <span class='ocrx_word' id='word_1_675' title='bbox 1594 5508 1693 5576; x_wconf 92' lang='lat' dir='ltr'><strong>illi,</strong></span> <span class='ocrx_word' id='word_1_676' title='bbox 1738 5524 1961 5581; x_wconf 87' lang='lat' dir='ltr'><strong>respon-</strong></span> 
     </span>
    </p>
   </div>
   <div class='ocr_carea' id='block_1_101' title="bbox 379 5600 1963 5672">
    <p class='ocr_par' dir='ltr' id='par_1_101' title="bbox 379 5600 1963 5672">
     <span class='ocr_line' id='line_1_101' title="bbox 379 5600 1963 5672; baseline 0.002 -17"><span class='ocrx_word' id='word_1_677' title='bbox 379 5601 506 5656; x_wconf 84' lang='lat' dir='ltr'><strong>dent</strong></span> <span class='ocrx_word' id='word_1_678' title='bbox 541 5615 664 5657; x_wconf 79' lang='lat' dir='ltr'><strong>esse</strong></span> <span class='ocrx_word' id='word_1_679' title='bbox 715 5600 981 5671; x_wconf 89' lang='lat' dir='ltr'><strong>jejunium</strong></span> <span class='ocrx_word' id='word_1_680' title='bbox 1012 5600 1305 5669; x_wconf 63' lang='lat' dir='ltr'><strong>Armeniae,</strong></span> <span class='ocrx_word' id='word_1_681' title='bbox 1357 5615 1480 5658; x_wconf 89' lang='lat' dir='ltr'><strong>cum</strong></span> <span class='ocrx_word' id='word_1_682' title='bbox 1522 5618 1552 5659; x_wconf 85' lang='lat' dir='ltr'><strong>a</strong></span> <span class='ocrx_word' id='word_1_683' title='bbox 1587 5613 1777 5660; x_wconf 87' lang='lat' dir='ltr'><strong>sancto</strong></span> <span class='ocrx_word' id='word_1_684' title='bbox 1805 5603 1963 5672; x_wconf 57' lang='lat' dir='ltr'><strong>[Gre-</strong></span> 
     </span>
    </p>
   </div>
   <div class='ocr_carea' id='block_1_102' title="bbox 452 5780 977 5854">
    <p class='ocr_par' dir='ltr' id='par_1_102' title="bbox 452 5780 977 5854">
     <span class='ocr_line' id='line_1_102' title="bbox 452 5780 977 5854; baseline 0.01 -19"><span class='ocrx_word' id='word_1_685' title='bbox 452 5780 562 5854; x_wconf 72' lang='grc' dir='ltr'><strong>μὲί)</strong></span> <span class='ocrx_word' id='word_1_686' title='bbox 598 5782 758 5839; x_wconf 78' lang='lat' dir='ltr'><strong>Forte</strong></span> <span class='ocrx_word' id='word_1_687' title='bbox 799 5782 977 5840; x_wconf 84' lang='grc' dir='ltr'>αὐτοί.</span> 
     </span>
    </p>
   </div>
   <div class='ocr_carea' id='block_1_103' title="bbox 2066 4587 3651 4663">
    <p class='ocr_par' dir='ltr' id='par_1_103' title="bbox 2066 4587 3651 4663">
     <span class='ocr_line' id='line_1_103' title="bbox 2066 4587 3651 4663; baseline 0.004 -25"><span class='ocrx_word' id='word_1_688' title='bbox 2066 4588 2134 4641; x_wconf 79' lang='grc' dir='ltr'>ἐκ</span> <span class='ocrx_word' id='word_1_689' title='bbox 2178 4587 2273 4640; x_wconf 85' lang='grc' dir='ltr'><strong>τοῦ</strong></span> <span class='ocrx_word' id='word_1_690' title='bbox 2310 4590 2640 4659; x_wconf 81' lang='grc' dir='ltr'>παραδείσου</span> <span class='ocrx_word' id='word_1_691' title='bbox 2677 4590 2889 4661; x_wconf 81' lang='grc' dir='ltr'>ὲξορίας</span> <span class='ocrx_word' id='word_1_692' title='bbox 2915 4608 2930 4625; x_wconf 77' lang='grc' dir='ltr'><strong><em>ο</em></strong></span> <span class='ocrx_word' id='word_1_693' title='bbox 2957 4592 3219 4655; x_wconf 72' lang='grc' dir='ltr'>ὡσαύτως</span> <span class='ocrx_word' id='word_1_694' title='bbox 3262 4593 3357 4646; x_wconf 62' lang='grc' dir='ltr'><strong>καὶ⁹</strong></span> <span class='ocrx_word' id='word_1_695' title='bbox 3393 4594 3651 4663; x_wconf 72' lang='grc' dir='ltr'>περὶτῆς</span> 
     </span>
    </p>
   </div>
   <div class='ocr_carea' id='block_1_104' title="bbox 2070 4678 3651 4754">
    <p class='ocr_par' dir='ltr' id='par_1_104' title="bbox 2070 4678 3651 4754">
     <span class='ocr_line' id='line_1_104' title="bbox 2070 4678 3651 4754; baseline 0.005 -24"><span class='ocrx_word' id='word_1_696' title='bbox 2070 4678 2413 4742; x_wconf 81' lang='grc' dir='ltr'>παιδοποιίας</span> <span class='ocrx_word' id='word_1_697' title='bbox 2445 4682 2646 4746; x_wconf 85' lang='grc' dir='ltr'>αὐτῶν,</span> <span class='ocrx_word' id='word_1_698' title='bbox 2685 4686 2779 4736; x_wconf 75' lang='grc' dir='ltr'>καὶ</span> <span class='ocrx_word' id='word_1_699' title='bbox 2811 4685 2991 4754; x_wconf 83' lang='grc' dir='ltr'>πάσης</span> <span class='ocrx_word' id='word_1_700' title='bbox 3019 4685 3199 4739; x_wconf 86' lang='grc' dir='ltr'>αὐτῶν</span> <span class='ocrx_word' id='word_1_701' title='bbox 3231 4685 3331 4754; x_wconf 78' lang='grc' dir='ltr'><strong>τῆς</strong></span> <span class='ocrx_word' id='word_1_702' title='bbox 3356 4684 3528 4752; x_wconf 76' lang='grc' dir='ltr'>ζωῆς,</span> <span class='ocrx_word' id='word_1_703' title='bbox 3554 4691 3651 4738; x_wconf 76' lang='grc' dir='ltr'>καὶ</span> 
     </span>
    </p>
   </div>
   <div class='ocr_carea' id='block_1_105' title="bbox 2069 4772 3652 4850">
    <p class='ocr_par' dir='ltr' id='par_1_105' title="bbox 2069 4772 3652 4850">
     <span class='ocr_line' id='line_1_105' title="bbox 2069 4772 3652 4850; baseline 0.004 -27"><span class='ocrx_word' id='word_1_704' title='bbox 2069 4772 2164 4824; x_wconf 84' lang='grc' dir='ltr'><strong>τοῦ</strong></span> <span class='ocrx_word' id='word_1_705' title='bbox 2197 4773 2432 4825; x_wconf 80' lang='grc' dir='ltr'>θανάτου</span> <span class='ocrx_word' id='word_1_706' title='bbox 2467 4789 2480 4803; x_wconf 80' lang='grc'><em>’</em></span> <span class='ocrx_word' id='word_1_707' title='bbox 2532 4774 2787 4846; x_wconf 78' lang='grc' dir='ltr'>ούδαμῶς</span> <span class='ocrx_word' id='word_1_708' title='bbox 2819 4776 3203 4850; x_wconf 75' lang='grc' dir='ltr'>συνεγράψατο</span> <span class='ocrx_word' id='word_1_709' title='bbox 3228 4819 3245 4845; x_wconf 92' lang='grc'><strong>,</strong></span> <span class='ocrx_word' id='word_1_710' title='bbox 3281 4778 3364 4832; x_wconf 82' lang='grc' dir='ltr'><strong>ὅτι</strong></span> <span class='ocrx_word' id='word_1_711' title='bbox 3397 4778 3541 4848; x_wconf 84' lang='grc' dir='ltr'><strong>μετὰ</strong></span> <span class='ocrx_word' id='word_1_712' title='bbox 3586 4779 3652 4830; x_wconf 68' lang='grc' dir='ltr'>τὸ</span> 
     </span>
    </p>
   </div>
   <div class='ocr_carea' id='block_1_106' title="bbox 2065 4860 3646 4943">
    <p class='ocr_par' dir='ltr' id='par_1_106' title="bbox 2065 4860 3646 4943">
     <span class='ocr_line' id='line_1_106' title="bbox 2065 4860 3646 4943; baseline 0.006 -28"><span class='ocrx_word' id='word_1_713' title='bbox 2065 4860 2302 4927; x_wconf 74' lang='grc' dir='ltr'>ἐξελθεῖν</span> <span class='ocrx_word' id='word_1_714' title='bbox 2357 4865 2553 4927; x_wconf 71' lang='grc' dir='ltr'>αὐτοὺς</span> <span class='ocrx_word' id='word_1_715' title='bbox 2603 4868 2669 4918; x_wconf 79' lang='grc' dir='ltr'>ἐκ</span> <span class='ocrx_word' id='word_1_716' title='bbox 2717 4868 2813 4921; x_wconf 84' lang='grc' dir='ltr'><strong>τοῦ</strong></span> <span class='ocrx_word' id='word_1_717' title='bbox 2870 4870 3204 4940; x_wconf 85' lang='grc' dir='ltr'>παραδείσου</span> <span class='ocrx_word' id='word_1_718' title='bbox 3257 4871 3646 4943; x_wconf 80' lang='grc' dir='ltr'>νενήστευκαν.</span> 
     </span>
    </p>
   </div>
   <div class='ocr_carea' id='block_1_107' title="bbox 2070 4955 3650 5036">
    <p class='ocr_par' dir='ltr' id='par_1_107' title="bbox 2070 4955 3650 5036">
     <span class='ocr_line' id='line_1_107' title="bbox 2070 4955 3650 5036; baseline 0.006 -30"><span class='ocrx_word' id='word_1_719' title='bbox 2070 4955 2205 5007; x_wconf 83' lang='grc' dir='ltr'>Τότε</span> <span class='ocrx_word' id='word_1_720' title='bbox 2235 4959 2283 5028; x_wconf 69' lang='grc'>(4</span> <span class='ocrx_word' id='word_1_721' title='bbox 2294 4957 2348 5027; x_wconf 83' lang='grc'><strong>6)</strong></span> <span class='ocrx_word' id='word_1_722' title='bbox 2378 4957 2580 5029; x_wconf 86' lang='grc' dir='ltr'>ταύτην</span> <span class='ocrx_word' id='word_1_723' title='bbox 2598 4960 2697 5030; x_wconf 80' lang='grc' dir='ltr'>τὴν</span> <span class='ocrx_word' id='word_1_724' title='bbox 2716 4961 2973 5029; x_wconf 87' lang='grc' dir='ltr'>νηστείαν</span> <span class='ocrx_word' id='word_1_725' title='bbox 2989 4961 3082 5015; x_wconf 90' lang='grc' dir='ltr'><strong>τοῦ</strong></span> <span class='ocrx_word' id='word_1_726' title='bbox 3112 4963 3445 5034; x_wconf 83' lang='grc' dir='ltr'>παραδείσου</span> <span class='ocrx_word' id='word_1_727' title='bbox 3470 4963 3650 5036; x_wconf 75' lang='grc' dir='ltr'>ἐξορι-</span> 
     </span>
    </p>
   </div>
   <div class='ocr_carea' id='block_1_108' title="bbox 2072 5048 3652 5127">
    <p class='ocr_par' dir='ltr' id='par_1_108' title="bbox 2072 5048 3652 5127">
     <span class='ocr_line' id='line_1_108' title="bbox 2072 5048 3652 5127; baseline 0.002 -24"><span class='ocrx_word' id='word_1_728' title='bbox 2072 5048 2314 5113; x_wconf 78' lang='grc' dir='ltr'>σθέντες,</span> <span class='ocrx_word' id='word_1_729' title='bbox 2359 5054 2576 5115; x_wconf 86' lang='grc' dir='ltr'>πάντως</span> <span class='ocrx_word' id='word_1_730' title='bbox 2608 5051 2673 5105; x_wconf 80' lang='grc' dir='ltr'><strong>ἂν</strong></span> <span class='ocrx_word' id='word_1_731' title='bbox 2708 5058 2804 5108; x_wconf 74' lang='grc' dir='ltr'><strong>καὶ</strong></span> <span class='ocrx_word' id='word_1_732' title='bbox 2832 5054 3039 5126; x_wconf 87' lang='grc' dir='ltr'>ταύτην</span> <span class='ocrx_word' id='word_1_733' title='bbox 3069 5057 3096 5109; x_wconf 90' lang='lat'><strong>6</strong></span> <span class='ocrx_word' id='word_1_734' title='bbox 3126 5056 3369 5127; x_wconf 84' lang='grc' dir='ltr'>Μωῦσῆς</span> <span class='ocrx_word' id='word_1_735' title='bbox 3402 5055 3652 5125; x_wconf 79' lang='grc' dir='ltr'>ἐμνημό-</span> 
     </span>
    </p>
   </div>
   <div class='ocr_carea' id='block_1_109' title="bbox 2069 5143 3648 5219">
    <p class='ocr_par' dir='ltr' id='par_1_109' title="bbox 2069 5143 3648 5219">
     <span class='ocr_line' id='line_1_109' title="bbox 2069 5143 3648 5219; baseline 0.001 -22"><span class='ocrx_word' id='word_1_736' title='bbox 2069 5161 2259 5198; x_wconf 88' lang='grc' dir='ltr'>νευσεν</span> <span class='ocrx_word' id='word_1_737' title='bbox 2282 5143 2433 5196; x_wconf 70' lang='grc' dir='ltr'>ὥσπε</span> <span class='ocrx_word' id='word_1_738' title='bbox 2443 5161 2473 5214; x_wconf 88' lang='grc' dir='ltr'><strong>ρ</strong></span> <span class='ocrx_word' id='word_1_739' title='bbox 2505 5147 2599 5197; x_wconf 80' lang='grc' dir='ltr'><strong>καὶ</strong></span> <span class='ocrx_word' id='word_1_740' title='bbox 2627 5145 2806 5201; x_wconf 80' lang='grc' dir='ltr'>πάντα</span> <span class='ocrx_word' id='word_1_741' title='bbox 2833 5149 3056 5201; x_wconf 76' lang='grc' dir='ltr'>ἐκείνων</span> <span class='ocrx_word' id='word_1_742' title='bbox 3097 5148 3481 5219; x_wconf 76' lang='grc' dir='ltr'>συνεγράψατο</span> <span class='ocrx_word' id='word_1_743' title='bbox 3506 5164 3521 5180; x_wconf 77' lang='grc'><strong><em>⁸</em></strong></span> <span class='ocrx_word' id='word_1_744' title='bbox 3553 5146 3648 5201; x_wconf 85' lang='grc' dir='ltr'><strong>τοῦ</strong></span> 
     </span>
    </p>
   </div>
   <div class='ocr_carea' id='block_1_110' title="bbox 2070 5234 3651 5311">
    <p class='ocr_par' dir='ltr' id='par_1_110' title="bbox 2070 5234 3651 5311">
     <span class='ocr_line' id='line_1_110' title="bbox 2070 5234 3651 5311; baseline 0.001 -21"><span class='ocrx_word' id='word_1_745' title='bbox 2070 5234 2165 5290; x_wconf 81' lang='grc' dir='ltr'><strong>οὖν</strong></span> <span class='ocrx_word' id='word_1_746' title='bbox 2200 5236 2621 5308; x_wconf 60' lang='grc' dir='ltr'>ἱστοριογράφου</span> <span class='ocrx_word' id='word_1_747' title='bbox 2662 5238 2944 5305; x_wconf 83' lang='grc' dir='ltr'>Μωῡσέως</span> <span class='ocrx_word' id='word_1_748' title='bbox 2977 5240 3074 5294; x_wconf 79' lang='grc' dir='ltr'>καὶ</span> <span class='ocrx_word' id='word_1_749' title='bbox 3127 5243 3433 5311; x_wconf 76' lang='grc' dir='ltr'>προφήτου,</span> <span class='ocrx_word' id='word_1_750' title='bbox 3478 5239 3651 5309; x_wconf 72' lang='grc' dir='ltr'>μηδὲν</span> 
     </span>
    </p>
   </div>
   <div class='ocr_carea' id='block_1_111' title="bbox 2070 5328 3650 5404">
    <p class='ocr_par' dir='ltr' id='par_1_111' title="bbox 2070 5328 3650 5404">
     <span class='ocr_line' id='line_1_111' title="bbox 2070 5328 3650 5404; baseline -0.001 -20"><span class='ocrx_word' id='word_1_751' title='bbox 2070 5332 2317 5387; x_wconf 79' lang='grc' dir='ltr'>τοιοῦτον</span> <span class='ocrx_word' id='word_1_752' title='bbox 2354 5333 2803 5404; x_wconf 84' lang='grc' dir='ltr'>συγγράψαντος,</span> <span class='ocrx_word' id='word_1_753' title='bbox 2834 5335 2972 5401; x_wconf 84' lang='grc' dir='ltr'>μήτε</span> <span class='ocrx_word' id='word_1_754' title='bbox 3001 5333 3294 5402; x_wconf 73' lang='grc' dir='ltr'>εἰρηκότος</span> <span class='ocrx_word' id='word_1_755' title='bbox 3316 5328 3601 5393; x_wconf 81' lang='grc' dir='ltr'>παντελῶς</span> <span class='ocrx_word' id='word_1_756' title='bbox 3629 5344 3650 5361; x_wconf 76' lang='grc' dir='ltr'><strong>ο</strong></span> 
     </span>
    </p>
   </div>
   <div class='ocr_carea' id='block_1_112' title="bbox 2069 5419 3325 5495">
    <p class='ocr_par' dir='ltr' id='par_1_112' title="bbox 2069 5419 3325 5495">
     <span class='ocr_line' id='line_1_112' title="bbox 2069 5419 3325 5495; baseline 0 -18"><span class='ocrx_word' id='word_1_757' title='bbox 2069 5428 2206 5478; x_wconf 68' lang='grc' dir='ltr'>εἰσιν</span> <span class='ocrx_word' id='word_1_758' title='bbox 2246 5419 2394 5480; x_wconf 81' lang='grc' dir='ltr'>οῦτοι</span> <span class='ocrx_word' id='word_1_759' title='bbox 2428 5425 2720 5495; x_wconf 83' lang='grc' dir='ltr'>μυθολόγοι</span> <span class='ocrx_word' id='word_1_760' title='bbox 2765 5427 2860 5478; x_wconf 80' lang='grc' dir='ltr'>καὶ</span> <span class='ocrx_word' id='word_1_761' title='bbox 2895 5424 3325 5495; x_wconf 77' lang='grc' dir='ltr'>ψευδοπλάσται.</span> 
     </span>
    </p>
   </div>
   <div class='ocr_carea' id='block_1_113' title="bbox 2143 5514 3654 5589">
    <p class='ocr_par' dir='ltr' id='par_1_113' title="bbox 2143 5514 3654 5589">
     <span class='ocr_line' id='line_1_113' title="bbox 2143 5514 3654 5589; baseline 0.001 -19"><span class='ocrx_word' id='word_1_762' title='bbox 2143 5516 2217 5573; x_wconf 84' lang='lat' dir='ltr'><strong>E’.</strong></span> <span class='ocrx_word' id='word_1_763' title='bbox 2254 5519 2364 5570; x_wconf 76' lang='grc' dir='ltr'><strong>Καὶ</strong></span> <span class='ocrx_word' id='word_1_764' title='bbox 2399 5519 2573 5584; x_wconf 67' lang='grc' dir='ltr'>οὔτως</span> <span class='ocrx_word' id='word_1_765' title='bbox 2597 5518 2951 5589; x_wconf 74' lang='grc' dir='ltr'>ἐλεγχόμενοι</span> <span class='ocrx_word' id='word_1_766' title='bbox 2984 5518 3035 5570; x_wconf 74' lang='grc' dir='ltr'>οἱ</span> <span class='ocrx_word' id='word_1_767' title='bbox 3070 5517 3286 5583; x_wconf 84' lang='grc' dir='ltr'>πλάνοι,</span> <span class='ocrx_word' id='word_1_768' title='bbox 3324 5514 3654 5588; x_wconf 76' lang='grc' dir='ltr'>ἀποκρίνον-</span> 
     </span>
    </p>
   </div>
   <div class='ocr_carea' id='block_1_114' title="bbox 2073 5604 3652 5679">
    <p class='ocr_par' dir='ltr' id='par_1_114' title="bbox 2073 5604 3652 5679">
     <span class='ocr_line' id='line_1_114' title="bbox 2073 5604 3652 5679; baseline -0.002 -18"><span class='ocrx_word' id='word_1_769' title='bbox 2073 5625 2189 5673; x_wconf 89' lang='grc' dir='ltr'>ται,</span> <span class='ocrx_word' id='word_1_770' title='bbox 2222 5609 2303 5661; x_wconf 77' lang='grc' dir='ltr'><strong>δτι</strong></span> <span class='ocrx_word' id='word_1_771' title='bbox 2335 5609 2369 5679; x_wconf 78' lang='grc' dir='ltr'><strong>ἡ</strong></span> <span class='ocrx_word' id='word_1_772' title='bbox 2406 5608 2629 5679; x_wconf 87' lang='grc' dir='ltr'>νηστεία</span> <span class='ocrx_word' id='word_1_773' title='bbox 2657 5609 2776 5663; x_wconf 78' lang='grc' dir='ltr'>ἐστὶ</span> <span class='ocrx_word' id='word_1_774' title='bbox 2817 5607 2917 5678; x_wconf 79' lang='grc' dir='ltr'>τῆς</span> <span class='ocrx_word' id='word_1_775' title='bbox 2957 5606 3277 5679; x_wconf 82' lang='grc' dir='ltr'>Ἀρμενίας,</span> <span class='ocrx_word' id='word_1_776' title='bbox 3322 5606 3415 5660; x_wconf 81' lang='grc' dir='ltr'>ὅτε</span> <span class='ocrx_word' id='word_1_777' title='bbox 3450 5604 3652 5676; x_wconf 69' lang='grc' dir='ltr'>ἐμεὶλε</span> 
     </span>
    </p>
   </div>
   <div class='ocr_carea' id='block_1_115' title="bbox 2142 5782 3297 5857">
    <p class='ocr_par' dir='ltr' id='par_1_115' title="bbox 2142 5782 3297 5857">
     <span class='ocr_line' id='line_1_115' title="bbox 2142 5782 3297 5857; baseline -0.002 -20"><span class='ocrx_word' id='word_1_778' title='bbox 2142 5783 2253 5856; x_wconf 71' lang='grc'><strong>(46)</strong></span> <span class='ocrx_word' id='word_1_779' title='bbox 2288 5784 2448 5842; x_wconf 84' lang='lat' dir='ltr'><strong>Forte</strong></span> <span class='ocrx_word' id='word_1_780' title='bbox 2480 5785 2575 5840; x_wconf 81' lang='grc' dir='ltr'><strong>ὲὰν</strong></span> <span class='ocrx_word' id='word_1_781' title='bbox 2606 5782 2716 5857; x_wconf 81' lang='grc' dir='ltr'><strong>γὰρ</strong></span> <span class='ocrx_word' id='word_1_782' title='bbox 2748 5786 3121 5857; x_wconf 82' lang='grc' dir='ltr'>νενήστευκαν</span> <span class='ocrx_word' id='word_1_783' title='bbox 3153 5783 3297 5837; x_wconf 76' lang='grc' dir='ltr'>τότε.</span> 
     </span>
    </p>
   </div>
  </div>
