  <div class='ocr_page' id='page_1' title='image "/cluster/home/n/w/nwhite01/storage/ocr_20150623/132/coo.31924054870377/608.png"; bbox 0 0 4088 6406; ppageno 0'>
   <div class='ocr_carea' id='block_1_1' title="bbox 373 395 508 460">
    <p class='ocr_par' dir='ltr' id='par_1_1' title="bbox 373 395 508 460">
     <span class='ocr_line' id='line_1_1' title="bbox 373 395 508 460; baseline 0 -2"><span class='ocrx_word' id='word_1_1' title='bbox 373 395 508 460; x_wconf 81' lang='grc'><strong>1201</strong></span> 
     </span>
    </p>
   </div>
   <div class='ocr_carea' id='block_1_2' title="bbox 374 517 1952 600">
    <p class='ocr_par' dir='ltr' id='par_1_2' title="bbox 374 517 1952 600">
     <span class='ocr_line' id='line_1_2' title="bbox 374 517 1952 600; baseline 0.013 -31"><span class='ocrx_word' id='word_1_2' title='bbox 374 517 740 586; x_wconf 75' lang='grc' dir='ltr'><strong>βαπτισθῆναι</strong></span> <span class='ocrx_word' id='word_1_3' title='bbox 779 518 882 573; x_wconf 75' lang='grc' dir='ltr'>ὑπὸ</span> <span class='ocrx_word' id='word_1_4' title='bbox 917 523 1013 575; x_wconf 83' lang='grc' dir='ltr'>τοῦ</span> <span class='ocrx_word' id='word_1_5' title='bbox 1039 523 1197 592; x_wconf 81' lang='grc' dir='ltr'>ἁγίου</span> <span class='ocrx_word' id='word_1_6' title='bbox 1228 527 1560 600; x_wconf 87' lang='grc' dir='ltr'>Γρηγορίου.</span> <span class='ocrx_word' id='word_1_7' title='bbox 1614 535 1738 587; x_wconf 86' lang='grc' dir='ltr'>Ὂτι</span> <span class='ocrx_word' id='word_1_8' title='bbox 1765 535 1823 589; x_wconf 79' lang='grc' dir='ltr'>δὲ</span> <span class='ocrx_word' id='word_1_9' title='bbox 1857 539 1952 590; x_wconf 70' lang='grc' dir='ltr'><strong>καὶ</strong></span> 
     </span>
    </p>
   </div>
   <div class='ocr_carea' id='block_1_3' title="bbox 370 608 1960 697">
    <p class='ocr_par' dir='ltr' id='par_1_3' title="bbox 370 608 1960 697">
     <span class='ocr_line' id='line_1_3' title="bbox 370 608 1960 697; baseline 0.013 -36"><span class='ocrx_word' id='word_1_10' title='bbox 370 608 530 661; x_wconf 75' lang='grc' dir='ltr'>τοῦτο</span> <span class='ocrx_word' id='word_1_11' title='bbox 577 608 860 677; x_wconf 73' lang='grc' dir='ltr'>ψεύδονται</span> <span class='ocrx_word' id='word_1_12' title='bbox 903 614 978 677; x_wconf 84' lang='grc' dir='ltr'>ὡς</span> <span class='ocrx_word' id='word_1_13' title='bbox 1009 617 1103 669; x_wconf 78' lang='grc' dir='ltr'><strong>καὶ</strong></span> <span class='ocrx_word' id='word_1_14' title='bbox 1139 619 1206 672; x_wconf 80' lang='grc' dir='ltr'>τὰ</span> <span class='ocrx_word' id='word_1_15' title='bbox 1247 618 1428 685; x_wconf 72' lang='grc' dir='ltr'>λοιπὰ,</span> <span class='ocrx_word' id='word_1_16' title='bbox 1476 625 1850 697; x_wconf 78' lang='grc' dir='ltr'>ἀποδείξωμεν</span> <span class='ocrx_word' id='word_1_17' title='bbox 1895 631 1960 682; x_wconf 84' lang='grc' dir='ltr'><strong>ἐκ</strong></span> 
     </span>
    </p>
   </div>
   <div class='ocr_carea' id='block_1_4' title="bbox 371 700 1961 788">
    <p class='ocr_par' dir='ltr' id='par_1_4' title="bbox 371 700 1961 788">
     <span class='ocr_line' id='line_1_4' title="bbox 371 700 1961 788; baseline 0.014 -38"><span class='ocrx_word' id='word_1_18' title='bbox 371 700 482 751; x_wconf 84' lang='grc' dir='ltr'><strong>τῶν</strong></span> <span class='ocrx_word' id='word_1_19' title='bbox 522 700 669 753; x_wconf 90' lang='grc' dir='ltr'>ίδίων</span> <span class='ocrx_word' id='word_1_20' title='bbox 701 703 866 756; x_wconf 79' lang='grc' dir='ltr'>αὐτοῦ</span> <span class='ocrx_word' id='word_1_21' title='bbox 904 705 1153 774; x_wconf 78' lang='grc' dir='ltr'>βιϐλίων.</span> <span class='ocrx_word' id='word_1_22' title='bbox 1189 711 1303 778; x_wconf 77' lang='grc' dir='ltr'>Πρὸ</span> <span class='ocrx_word' id='word_1_23' title='bbox 1345 714 1443 782; x_wconf 79' lang='grc' dir='ltr'><strong>μὲν</strong></span> <span class='ocrx_word' id='word_1_24' title='bbox 1484 717 1592 786; x_wconf 75' lang='grc' dir='ltr'>γὰρ</span> <span class='ocrx_word' id='word_1_25' title='bbox 1625 719 1719 770; x_wconf 83' lang='grc' dir='ltr'>τοῦ</span> <span class='ocrx_word' id='word_1_26' title='bbox 1756 720 1961 788; x_wconf 73' lang='grc' dir='ltr'>βαπτιιο</span> 
     </span>
    </p>
   </div>
   <div class='ocr_carea' id='block_1_5' title="bbox 373 788 1959 879">
    <p class='ocr_par' dir='ltr' id='par_1_5' title="bbox 373 788 1959 879">
     <span class='ocr_line' id='line_1_5' title="bbox 373 788 1959 879; baseline 0.016 -40"><span class='ocrx_word' id='word_1_27' title='bbox 373 788 570 858; x_wconf 83' lang='grc' dir='ltr'>σθῆναι</span> <span class='ocrx_word' id='word_1_28' title='bbox 603 793 731 855; x_wconf 75' lang='grc' dir='ltr'>τοὺς</span> <span class='ocrx_word' id='word_1_29' title='bbox 765 795 1088 864; x_wconf 71' lang='grc' dir='ltr'>Ἀρμενίους</span> <span class='ocrx_word' id='word_1_30' title='bbox 1121 800 1228 854; x_wconf 82' lang='grc' dir='ltr'><strong>ὑπὸ</strong></span> <span class='ocrx_word' id='word_1_31' title='bbox 1258 803 1352 855; x_wconf 82' lang='grc' dir='ltr'>τοῦ</span> <span class='ocrx_word' id='word_1_32' title='bbox 1376 805 1552 872; x_wconf 78' lang='grc' dir='ltr'>ἁγίου,</span> <span class='ocrx_word' id='word_1_33' title='bbox 1581 807 1959 879; x_wconf 67' lang='grc' dir='ltr'>ἐλαυνομένων</span> 
     </span>
    </p>
   </div>
   <div class='ocr_carea' id='block_1_6' title="bbox 373 877 1958 972">
    <p class='ocr_par' dir='ltr' id='par_1_6' title="bbox 373 877 1958 972">
     <span class='ocr_line' id='line_1_6' title="bbox 373 877 1958 972; baseline 0.016 -40"><span class='ocrx_word' id='word_1_34' title='bbox 373 877 557 936; x_wconf 74' lang='grc' dir='ltr'>αὐτῶν</span> <span class='ocrx_word' id='word_1_35' title='bbox 608 885 714 938; x_wconf 83' lang='grc' dir='ltr'><strong>ὑπὸ</strong></span> <span class='ocrx_word' id='word_1_36' title='bbox 750 904 860 941; x_wconf 82' lang='grc' dir='ltr'><strong>των</strong></span> <span class='ocrx_word' id='word_1_37' title='bbox 911 890 1183 961; x_wconf 80' lang='grc' dir='ltr'><strong>δαιμόνων</strong></span> <span class='ocrx_word' id='word_1_38' title='bbox 1214 935 1228 959; x_wconf 89' lang='grc'><strong>,</strong></span> <span class='ocrx_word' id='word_1_39' title='bbox 1288 896 1608 968; x_wconf 75' lang='grc' dir='ltr'>ιῦρίσθησαν</span> <span class='ocrx_word' id='word_1_40' title='bbox 1662 903 1814 972; x_wconf 66' lang='grc' dir='ltr'>παρὰ</span> <span class='ocrx_word' id='word_1_41' title='bbox 1865 903 1958 957; x_wconf 77' lang='grc' dir='ltr'>τοῦ</span> 
     </span>
    </p>
   </div>
   <div class='ocr_carea' id='block_1_7' title="bbox 375 976 1960 1060">
    <p class='ocr_par' dir='ltr' id='par_1_7' title="bbox 375 976 1960 1060">
     <span class='ocr_line' id='line_1_7' title="bbox 375 976 1960 1060; baseline 0.015 -33"><span class='ocrx_word' id='word_1_42' title='bbox 375 976 535 1042; x_wconf 83' lang='grc' dir='ltr'>ἁγίου</span> <span class='ocrx_word' id='word_1_43' title='bbox 569 978 874 1051; x_wconf 79' lang='grc' dir='ltr'>Γρηγορίου</span> <span class='ocrx_word' id='word_1_44' title='bbox 907 985 1206 1054; x_wconf 79' lang='grc' dir='ltr'>νηστεῦσαι</span> <span class='ocrx_word' id='word_1_45' title='bbox 1233 990 1446 1060; x_wconf 83' lang='grc' dir='ltr'>ἡμέρας</span> <span class='ocrx_word' id='word_1_46' title='bbox 1473 993 1761 1058; x_wconf 73' lang='grc' dir='ltr'>ἐξήκοντα.</span> <span class='ocrx_word' id='word_1_47' title='bbox 1804 997 1960 1050; x_wconf 80' lang='grc' dir='ltr'>Μετὰ</span> 
     </span>
    </p>
   </div>
   <div class='ocr_carea' id='block_1_8' title="bbox 371 1069 1962 1151">
    <p class='ocr_par' dir='ltr' id='par_1_8' title="bbox 371 1069 1962 1151">
     <span class='ocr_line' id='line_1_8' title="bbox 371 1069 1962 1151; baseline 0.012 -30"><span class='ocrx_word' id='word_1_48' title='bbox 371 1069 431 1122; x_wconf 86' lang='grc' dir='ltr'>δὲ</span> <span class='ocrx_word' id='word_1_49' title='bbox 479 1072 788 1126; x_wconf 81' lang='grc' dir='ltr'>καταλῦσαι</span> <span class='ocrx_word' id='word_1_50' title='bbox 840 1077 906 1128; x_wconf 68' lang='grc' dir='ltr'>τὰ</span> <span class='ocrx_word' id='word_1_51' title='bbox 953 1079 1172 1142; x_wconf 76' lang='grc' dir='ltr'>εἴδωλα,</span> <span class='ocrx_word' id='word_1_52' title='bbox 1230 1081 1328 1135; x_wconf 75' lang='grc' dir='ltr'>καὶ</span> <span class='ocrx_word' id='word_1_53' title='bbox 1363 1083 1623 1138; x_wconf 76' lang='grc' dir='ltr'><strong>ἀπελθεῖν</strong></span> <span class='ocrx_word' id='word_1_54' title='bbox 1653 1087 1851 1151; x_wconf 74' lang='grc' dir='ltr'>αὐτοὺς</span> <span class='ocrx_word' id='word_1_55' title='bbox 1903 1091 1962 1140; x_wconf 83' lang='grc' dir='ltr'>ἐν</span> 
     </span>
    </p>
   </div>
   <div class='ocr_carea' id='block_1_9' title="bbox 373 1163 1962 1250">
    <p class='ocr_par' dir='ltr' id='par_1_9' title="bbox 373 1163 1962 1250">
     <span class='ocr_line' id='line_1_9' title="bbox 373 1163 1962 1250; baseline 0.014 -36"><span class='ocrx_word' id='word_1_56' title='bbox 373 1163 695 1238; x_wconf 78' lang='grc' dir='ltr'>Καισαρείᾳ</span> <span class='ocrx_word' id='word_1_57' title='bbox 723 1168 822 1237; x_wconf 89' lang='grc' dir='ltr'><strong>τῆς</strong></span> <span class='ocrx_word' id='word_1_58' title='bbox 887 1169 1302 1241; x_wconf 78' lang='grc' dir='ltr'><strong>Καππαδοκίας,</strong></span> <span class='ocrx_word' id='word_1_59' title='bbox 1358 1178 1454 1230; x_wconf 70' lang='grc' dir='ltr'>καὶ</span> <span class='ocrx_word' id='word_1_60' title='bbox 1510 1180 1962 1250; x_wconf 80' lang='grc' dir='ltr'>χειροτονηθῆναι</span> 
     </span>
    </p>
   </div>
   <div class='ocr_carea' id='block_1_10' title="bbox 373 1256 1960 1338">
    <p class='ocr_par' dir='ltr' id='par_1_10' title="bbox 373 1256 1960 1338">
     <span class='ocr_line' id='line_1_10' title="bbox 373 1256 1960 1338; baseline 0.013 -32"><span class='ocrx_word' id='word_1_61' title='bbox 373 1256 682 1311; x_wconf 72' lang='grc' dir='ltr'>ἐπίσκοπον</span> <span class='ocrx_word' id='word_1_62' title='bbox 715 1261 866 1330; x_wconf 80' lang='grc' dir='ltr'>παρὰ</span> <span class='ocrx_word' id='word_1_63' title='bbox 915 1263 1007 1315; x_wconf 80' lang='grc' dir='ltr'>τοῦ</span> <span class='ocrx_word' id='word_1_64' title='bbox 1057 1265 1264 1333; x_wconf 79' lang='grc' dir='ltr'><strong>ταύτης</strong></span> <span class='ocrx_word' id='word_1_65' title='bbox 1304 1269 1612 1338; x_wconf 77' lang='grc' dir='ltr'><strong>ἀρχιερέως</strong></span> <span class='ocrx_word' id='word_1_66' title='bbox 1647 1289 1660 1301; x_wconf 89' lang='grc'>·</span> <span class='ocrx_word' id='word_1_67' title='bbox 1698 1273 1791 1324; x_wconf 69' lang='grc' dir='ltr'><strong>καὶ</strong></span> <span class='ocrx_word' id='word_1_68' title='bbox 1827 1272 1960 1325; x_wconf 82' lang='grc' dir='ltr'>ὑπο-</span> 
     </span>
    </p>
   </div>
   <div class='ocr_carea' id='block_1_11' title="bbox 373 1347 1959 1432">
    <p class='ocr_par' dir='ltr' id='par_1_11' title="bbox 373 1347 1959 1432">
     <span class='ocr_line' id='line_1_11' title="bbox 373 1347 1959 1432; baseline 0.012 -34"><span class='ocrx_word' id='word_1_69' title='bbox 373 1347 613 1418; x_wconf 74' lang='grc' dir='ltr'>στρέψας</span> <span class='ocrx_word' id='word_1_70' title='bbox 661 1351 824 1404; x_wconf 72' lang='grc' dir='ltr'>πάλιν</span> <span class='ocrx_word' id='word_1_71' title='bbox 871 1355 898 1408; x_wconf 84' lang='grc' dir='ltr'><strong>ό</strong></span> <span class='ocrx_word' id='word_1_72' title='bbox 950 1355 1258 1423; x_wconf 73' lang='grc' dir='ltr'>ἆγιος,καὶ</span> <span class='ocrx_word' id='word_1_73' title='bbox 1303 1360 1518 1430; x_wconf 85' lang='grc' dir='ltr'>μέλλων</span> <span class='ocrx_word' id='word_1_74' title='bbox 1570 1362 1767 1426; x_wconf 82' lang='grc' dir='ltr'>αὐτοὺς</span> <span class='ocrx_word' id='word_1_75' title='bbox 1813 1363 1959 1432; x_wconf 78' lang='grc' dir='ltr'>βαπ-</span> 
     </span>
    </p>
   </div>
   <div class='ocr_carea' id='block_1_12' title="bbox 371 1438 1959 1526">
    <p class='ocr_par' dir='ltr' id='par_1_12' title="bbox 371 1438 1959 1526">
     <span class='ocr_line' id='line_1_12' title="bbox 371 1438 1959 1526; baseline 0.018 -36"><span class='ocrx_word' id='word_1_76' title='bbox 371 1438 562 1506; x_wconf 81' lang='grc' dir='ltr'>τίζειν,</span> <span class='ocrx_word' id='word_1_77' title='bbox 619 1446 957 1512; x_wconf 79' lang='grc' dir='ltr'>προσέταξεν</span> <span class='ocrx_word' id='word_1_78' title='bbox 991 1448 1103 1519; x_wconf 68' lang='grc'><strong>(47)</strong></span> <span class='ocrx_word' id='word_1_79' title='bbox 1149 1451 1322 1515; x_wconf 77' lang='grc' dir='ltr'>αὐτὰς</span> <span class='ocrx_word' id='word_1_80' title='bbox 1370 1454 1586 1525; x_wconf 80' lang='grc' dir='ltr'>ἡμέρας</span> <span class='ocrx_word' id='word_1_81' title='bbox 1624 1456 1959 1526; x_wconf 81' lang='grc' dir='ltr'>τριάκοντα.</span> 
     </span>
    </p>
   </div>
   <div class='ocr_carea' id='block_1_13' title="bbox 369 1528 1962 1615">
    <p class='ocr_par' dir='ltr' id='par_1_13' title="bbox 369 1528 1962 1615">
     <span class='ocr_line' id='line_1_13' title="bbox 369 1528 1962 1615; baseline 0.011 -35"><span class='ocrx_word' id='word_1_82' title='bbox 369 1528 446 1591; x_wconf 77' lang='grc' dir='ltr'>ὡς</span> <span class='ocrx_word' id='word_1_83' title='bbox 489 1532 736 1600; x_wconf 73' lang='grc' dir='ltr'>ἀκριϐῶς</span> <span class='ocrx_word' id='word_1_84' title='bbox 809 1537 1039 1606; x_wconf 66' lang='grc' dir='ltr'>γράςων</span> <span class='ocrx_word' id='word_1_85' title='bbox 1088 1540 1146 1592; x_wconf 84' lang='grc' dir='ltr'>ἐν</span> <span class='ocrx_word' id='word_1_86' title='bbox 1175 1543 1240 1612; x_wconf 79' lang='grc' dir='ltr'>τῇ</span> <span class='ocrx_word' id='word_1_87' title='bbox 1284 1541 1452 1613; x_wconf 79' lang='grc' dir='ltr'>βίὸλῳ</span> <span class='ocrx_word' id='word_1_88' title='bbox 1505 1544 1600 1598; x_wconf 83' lang='grc' dir='ltr'>τοῦ</span> <span class='ocrx_word' id='word_1_89' title='bbox 1649 1544 1762 1615; x_wconf 91' lang='grc' dir='ltr'>βίου</span> <span class='ocrx_word' id='word_1_90' title='bbox 1797 1545 1962 1599; x_wconf 79' lang='grc' dir='ltr'>αὐτοῦ</span> 
     </span>
    </p>
   </div>
   <div class='ocr_carea' id='block_1_14' title="bbox 371 1621 827 1694">
    <p class='ocr_par' dir='ltr' id='par_1_14' title="bbox 371 1621 827 1694">
     <span class='ocr_line' id='line_1_14' title="bbox 371 1621 827 1694; baseline 0.02 -23"><span class='ocrx_word' id='word_1_91' title='bbox 371 1621 464 1673; x_wconf 77' lang='grc' dir='ltr'><strong>καὶ</strong></span> <span class='ocrx_word' id='word_1_92' title='bbox 499 1628 827 1694; x_wconf 82' lang='grc' dir='ltr'>μαρτυρίου.</span> 
     </span>
    </p>
   </div>
   <div class='ocr_carea' id='block_1_15' title="bbox 1429 410 2578 484">
    <p class='ocr_par' dir='ltr' id='par_1_15' title="bbox 1429 410 2578 484">
     <span class='ocr_line' id='line_1_15' title="bbox 1429 410 2578 484; baseline 0.011 -14"><span class='ocrx_word' id='word_1_93' title='bbox 1429 410 1713 473; x_wconf 75' lang='lat' dir='ltr'><strong>ORATIO</strong></span> <span class='ocrx_word' id='word_1_94' title='bbox 1761 417 1781 473; x_wconf 86' lang='grc' dir='ltr'>Ι</span> <span class='ocrx_word' id='word_1_95' title='bbox 1826 419 2120 480; x_wconf 74' lang='lat' dir='ltr'><strong>CONTRA</strong></span> <span class='ocrx_word' id='word_1_96' title='bbox 2164 420 2578 484; x_wconf 73' lang='lat' dir='ltr'><strong>ARMENIOS.</strong></span> 
     </span>
    </p>
   </div>
   <div class='ocr_carea' id='block_1_16' title="bbox 3519 432 3666 494">
    <p class='ocr_par' dir='ltr' id='par_1_16' title="bbox 3519 432 3666 494">
     <span class='ocr_line' id='line_1_16' title="bbox 3519 432 3666 494; baseline 0 0"><span class='ocrx_word' id='word_1_97' title='bbox 3519 432 3666 494; x_wconf 62' lang='lat'><strong>13,2-</strong></span> 
     </span>
    </p>
   </div>
   <div class='ocr_carea' id='block_1_17' title="bbox 2071 540 3656 618">
    <p class='ocr_par' dir='ltr' id='par_1_17' title="bbox 2071 540 3656 618">
     <span class='ocr_line' id='line_1_17' title="bbox 2071 540 3656 618; baseline 0.009 -25"><span class='ocrx_word' id='word_1_98' title='bbox 2071 540 2226 605; x_wconf 71' lang='lat' dir='ltr'><strong>gorio</strong></span> <span class='ocrx_word' id='word_1_99' title='bbox 2275 542 2599 611; x_wconf 84' lang='lat' dir='ltr'><strong>baptizanda</strong></span> <span class='ocrx_word' id='word_1_100' title='bbox 2631 551 2795 597; x_wconf 86' lang='lat' dir='ltr'><strong>esset.</strong></span> <span class='ocrx_word' id='word_1_101' title='bbox 2831 542 2998 598; x_wconf 85' lang='lat' dir='ltr'><strong>Porro</strong></span> <span class='ocrx_word' id='word_1_102' title='bbox 3030 553 3088 599; x_wconf 88' lang='lat' dir='ltr'><strong>ut</strong></span> <span class='ocrx_word' id='word_1_103' title='bbox 3144 546 3244 602; x_wconf 90' lang='lat' dir='ltr'><strong>hoc</strong></span> <span class='ocrx_word' id='word_1_104' title='bbox 3297 562 3532 618; x_wconf 81' lang='lat' dir='ltr'><strong>quoque,</strong></span> <span class='ocrx_word' id='word_1_105' title='bbox 3579 560 3656 613; x_wconf 78' lang='lat' dir='ltr'><strong>u&#39;i</strong></span> 
     </span>
    </p>
   </div>
   <div class='ocr_carea' id='block_1_18' title="bbox 2069 632 3652 712">
    <p class='ocr_par' dir='ltr' id='par_1_18' title="bbox 2069 632 3652 712">
     <span class='ocr_line' id='line_1_18' title="bbox 2069 632 3652 712; baseline 0.007 -27"><span class='ocrx_word' id='word_1_106' title='bbox 2069 632 2299 700; x_wconf 85' lang='lat' dir='ltr'><strong>reliqua,</strong></span> <span class='ocrx_word' id='word_1_107' title='bbox 2326 632 2612 687; x_wconf 88' lang='lat' dir='ltr'><strong>mendacio</strong></span> <span class='ocrx_word' id='word_1_108' title='bbox 2633 634 2831 699; x_wconf 77' lang='lat' dir='ltr'><strong>dicant,</strong></span> <span class='ocrx_word' id='word_1_109' title='bbox 2855 634 3207 690; x_wconf 87' lang='lat' dir='ltr'><strong>ostendamus</strong></span> <span class='ocrx_word' id='word_1_110' title='bbox 3226 653 3288 692; x_wconf 85' lang='lat' dir='ltr'><strong>ex</strong></span> <span class='ocrx_word' id='word_1_111' title='bbox 3317 653 3500 694; x_wconf 90' lang='lat' dir='ltr'><strong>eorum</strong></span> <span class='ocrx_word' id='word_1_112' title='bbox 3523 659 3652 712; x_wconf 85' lang='lat' dir='ltr'><strong>pro-</strong></span> 
     </span>
    </p>
   </div>
   <div class='ocr_carea' id='block_1_19' title="bbox 2069 726 3651 798">
    <p class='ocr_par' dir='ltr' id='par_1_19' title="bbox 2069 726 3651 798">
     <span class='ocr_line' id='line_1_19' title="bbox 2069 726 3651 798; baseline 0.009 -20"><span class='ocrx_word' id='word_1_113' title='bbox 2069 728 2202 795; x_wconf 87' lang='lat' dir='ltr'><strong>priis</strong></span> <span class='ocrx_word' id='word_1_114' title='bbox 2244 727 2418 782; x_wconf 90' lang='lat' dir='ltr'><strong>libris.</strong></span> <span class='ocrx_word' id='word_1_115' title='bbox 2455 726 2740 796; x_wconf 85' lang='lat' dir='ltr'><strong>Equidem,</strong></span> <span class='ocrx_word' id='word_1_116' title='bbox 2773 737 3061 798; x_wconf 76' lang='lat' dir='ltr'><strong>antequam</strong></span> <span class='ocrx_word' id='word_1_117' title='bbox 3116 734 3359 788; x_wconf 83' lang='lat' dir='ltr'><strong>Armenii</strong></span> <span class='ocrx_word' id='word_1_118' title='bbox 3394 751 3422 788; x_wconf 91' lang='lat' dir='ltr'><strong>a</strong></span> <span class='ocrx_word' id='word_1_119' title='bbox 3463 752 3651 793; x_wconf 81' lang='lat' dir='ltr'><strong>sancto</strong></span> 
     </span>
    </p>
   </div>
   <div class='ocr_carea' id='block_1_20' title="bbox 2069 817 3654 889">
    <p class='ocr_par' dir='ltr' id='par_1_20' title="bbox 2069 817 3654 889">
     <span class='ocr_line' id='line_1_20' title="bbox 2069 817 3654 889; baseline 0.008 -17"><span class='ocrx_word' id='word_1_120' title='bbox 2069 817 2645 887; x_wconf 86' lang='lat' dir='ltr'><strong>baptizarentur,cum</strong></span> <span class='ocrx_word' id='word_1_121' title='bbox 2714 829 3007 889; x_wconf 71' lang='lat' dir='ltr'><strong>agerentur</strong></span> <span class='ocrx_word' id='word_1_122' title='bbox 3054 837 3084 876; x_wconf 78' lang='grc' dir='ltr'><strong>ιι</strong></span> <span class='ocrx_word' id='word_1_123' title='bbox 3145 825 3499 888; x_wconf 65' lang='lat' dir='ltr'><strong>daemonibus,</strong></span> <span class='ocrx_word' id='word_1_124' title='bbox 3537 829 3654 884; x_wconf 81' lang='lat' dir='ltr'><strong>dies</strong></span> 
     </span>
    </p>
   </div>
   <div class='ocr_carea' id='block_1_21' title="bbox 2065 909 3654 983">
    <p class='ocr_par' dir='ltr' id='par_1_21' title="bbox 2065 909 3654 983">
     <span class='ocr_line' id='line_1_21' title="bbox 2065 909 3654 983; baseline 0.007 -21"><span class='ocrx_word' id='word_1_125' title='bbox 2065 909 2344 978; x_wconf 81' lang='lat' dir='ltr'><strong>sexaginta</strong></span> <span class='ocrx_word' id='word_1_126' title='bbox 2373 925 2402 963; x_wconf 88' lang='lat' dir='ltr'><strong>a</strong></span> <span class='ocrx_word' id='word_1_127' title='bbox 2428 921 2619 964; x_wconf 90' lang='lat' dir='ltr'><strong>sancto</strong></span> <span class='ocrx_word' id='word_1_128' title='bbox 2637 909 2900 980; x_wconf 68' lang='lat' dir='ltr'><strong>Gregorio</strong></span> <span class='ocrx_word' id='word_1_129' title='bbox 2929 911 3469 983; x_wconf 85' lang='lat' dir='ltr'><strong>jejunarejuhentur.</strong></span> <span class='ocrx_word' id='word_1_130' title='bbox 3497 916 3654 972; x_wconf 86' lang='lat' dir='ltr'><strong>Post-</strong></span> 
     </span>
    </p>
   </div>
   <div class='ocr_carea' id='block_1_22' title="bbox 2068 1000 3654 1080">
    <p class='ocr_par' dir='ltr' id='par_1_22' title="bbox 2068 1000 3654 1080">
     <span class='ocr_line' id='line_1_22' title="bbox 2068 1000 3654 1080; baseline 0.008 -30"><span class='ocrx_word' id='word_1_131' title='bbox 2068 1013 2228 1066; x_wconf 83' lang='lat' dir='ltr'><strong>quam</strong></span> <span class='ocrx_word' id='word_1_132' title='bbox 2260 1008 2439 1052; x_wconf 89' lang='lat' dir='ltr'><strong>autem</strong></span> <span class='ocrx_word' id='word_1_133' title='bbox 2473 1000 2832 1055; x_wconf 77' lang='lat' dir='ltr'><strong>dcstruxisset</strong></span> <span class='ocrx_word' id='word_1_134' title='bbox 2866 1003 3026 1066; x_wconf 84' lang='lat' dir='ltr'><strong>idola,</strong></span> <span class='ocrx_word' id='word_1_135' title='bbox 3068 1003 3134 1056; x_wconf 85' lang='lat' dir='ltr'><strong>ad</strong></span> <span class='ocrx_word' id='word_1_136' title='bbox 3171 1005 3470 1061; x_wconf 79' lang='lat' dir='ltr'><strong>Caesaream</strong></span> <span class='ocrx_word' id='word_1_137' title='bbox 3512 1009 3654 1080; x_wconf 70' lang='lat' dir='ltr'><strong>Cap-</strong></span> 
     </span>
    </p>
   </div>
   <div class='ocr_carea' id='block_1_23' title="bbox 2067 1090 3652 1171">
    <p class='ocr_par' dir='ltr' id='par_1_23' title="bbox 2067 1090 3652 1171">
     <span class='ocr_line' id='line_1_23' title="bbox 2067 1090 3652 1171; baseline 0.011 -30"><span class='ocrx_word' id='word_1_138' title='bbox 2067 1090 2305 1158; x_wconf 69' lang='lat' dir='ltr'><strong>padocia:</strong></span> <span class='ocrx_word' id='word_1_139' title='bbox 2337 1091 2617 1155; x_wconf 84' lang='lat' dir='ltr'><strong>abiissent,</strong></span> <span class='ocrx_word' id='word_1_140' title='bbox 2647 1106 2898 1162; x_wconf 82' lang='lat' dir='ltr'><strong>essetque</strong></span> <span class='ocrx_word' id='word_1_141' title='bbox 2929 1094 3018 1148; x_wconf 92' lang='lat' dir='ltr'><strong>ille</strong></span> <span class='ocrx_word' id='word_1_142' title='bbox 3045 1097 3330 1153; x_wconf 78' lang='lat' dir='ltr'><strong>ordinatus</strong></span> <span class='ocrx_word' id='word_1_143' title='bbox 3367 1101 3652 1171; x_wconf 76' lang='lat' dir='ltr'><strong>(‘piSCOpUS</strong></span> 
     </span>
    </p>
   </div>
   <div class='ocr_carea' id='block_1_24' title="bbox 2065 1180 3648 1257">
    <p class='ocr_par' dir='ltr' id='par_1_24' title="bbox 2065 1180 3648 1257">
     <span class='ocr_line' id='line_1_24' title="bbox 2065 1180 3648 1257; baseline 0.008 -23"><span class='ocrx_word' id='word_1_144' title='bbox 2065 1181 2132 1235; x_wconf 91' lang='lat' dir='ltr'><strong>ab</strong></span> <span class='ocrx_word' id='word_1_145' title='bbox 2154 1180 2269 1248; x_wconf 88' lang='lat' dir='ltr'><strong>ejus</strong></span> <span class='ocrx_word' id='word_1_146' title='bbox 2292 1182 2436 1237; x_wconf 82' lang='lat' dir='ltr'><strong>sedis</strong></span> <span class='ocrx_word' id='word_1_147' title='bbox 2456 1183 2744 1250; x_wconf 83' lang='lat' dir='ltr'><strong>pontiﬁce:</strong></span> <span class='ocrx_word' id='word_1_148' title='bbox 2771 1200 3021 1240; x_wconf 79' lang='lat' dir='ltr'><strong>reversus</strong></span> <span class='ocrx_word' id='word_1_149' title='bbox 3048 1187 3243 1242; x_wconf 88' lang='lat' dir='ltr'><strong>iterum</strong></span> <span class='ocrx_word' id='word_1_150' title='bbox 3279 1192 3363 1244; x_wconf 90' lang='lat' dir='ltr'><strong>vir</strong></span> <span class='ocrx_word' id='word_1_151' title='bbox 3402 1204 3648 1257; x_wconf 77' lang='lat' dir='ltr'><strong>sanctus,</strong></span> 
     </span>
    </p>
   </div>
   <div class='ocr_carea' id='block_1_25' title="bbox 2065 1274 3647 1355">
    <p class='ocr_par' dir='ltr' id='par_1_25' title="bbox 2065 1274 3647 1355">
     <span class='ocr_line' id='line_1_25' title="bbox 2065 1274 3647 1355; baseline 0.009 -29"><span class='ocrx_word' id='word_1_152' title='bbox 2065 1288 2129 1326; x_wconf 89' lang='lat' dir='ltr'><strong>ac</strong></span> <span class='ocrx_word' id='word_1_153' title='bbox 2166 1289 2286 1327; x_wconf 87' lang='lat' dir='ltr'><strong>cum</strong></span> <span class='ocrx_word' id='word_1_154' title='bbox 2314 1289 2428 1329; x_wconf 54' lang='lat' dir='ltr'><strong>eos\</strong></span> <span class='ocrx_word' id='word_1_155' title='bbox 2460 1274 2833 1344; x_wconf 86' lang='lat' dir='ltr'><strong>baptizaturus</strong></span> <span class='ocrx_word' id='word_1_156' title='bbox 2868 1287 3031 1342; x_wconf 88' lang='lat' dir='ltr'><strong>esset,</strong></span> <span class='ocrx_word' id='word_1_157' title='bbox 3065 1280 3282 1348; x_wconf 81' lang='lat' dir='ltr'><strong>triginta</strong></span> <span class='ocrx_word' id='word_1_158' title='bbox 3306 1281 3514 1338; x_wconf 89' lang='lat' dir='ltr'><strong>dierum</strong></span> <span class='ocrx_word' id='word_1_159' title='bbox 3562 1287 3647 1355; x_wconf 83' lang='lat' dir='ltr'><strong>je-</strong></span> 
     </span>
    </p>
   </div>
   <div class='ocr_carea' id='block_1_26' title="bbox 2059 1363 3652 1443">
    <p class='ocr_par' dir='ltr' id='par_1_26' title="bbox 2059 1363 3652 1443">
     <span class='ocr_line' id='line_1_26' title="bbox 2059 1363 3652 1443; baseline 0.012 -30"><span class='ocrx_word' id='word_1_160' title='bbox 2059 1363 2271 1431; x_wconf 87' lang='lat' dir='ltr'><strong>junium</strong></span> <span class='ocrx_word' id='word_1_161' title='bbox 2305 1363 2525 1430; x_wconf 81' lang='lat' dir='ltr'><strong>indixit,</strong></span> <span class='ocrx_word' id='word_1_162' title='bbox 2578 1367 2669 1427; x_wconf 51' lang='lat' dir='ltr'><strong>uti,</strong></span> <span class='ocrx_word' id='word_1_163' title='bbox 2701 1367 2753 1419; x_wconf 90' lang='lat' dir='ltr'><strong>in</strong></span> <span class='ocrx_word' id='word_1_164' title='bbox 2791 1367 2924 1421; x_wconf 68' lang='lat' dir='ltr'><strong>Vitae</strong></span> <span class='ocrx_word' id='word_1_165' title='bbox 2972 1368 3088 1437; x_wconf 86' lang='lat' dir='ltr'><strong>ejus</strong></span> <span class='ocrx_word' id='word_1_166' title='bbox 3129 1384 3192 1422; x_wconf 85' lang='lat' dir='ltr'><strong>ac</strong></span> <span class='ocrx_word' id='word_1_167' title='bbox 3234 1376 3474 1443; x_wconf 82' lang='lat' dir='ltr'><strong>martyrii</strong></span> <span class='ocrx_word' id='word_1_168' title='bbox 3512 1377 3652 1433; x_wconf 88' lang='lat' dir='ltr'><strong>libro</strong></span> 
     </span>
    </p>
   </div>
   <div class='ocr_carea' id='block_1_27' title="bbox 2074 1458 2921 1530">
    <p class='ocr_par' dir='ltr' id='par_1_27' title="bbox 2074 1458 2921 1530">
     <span class='ocr_line' id='line_1_27' title="bbox 2074 1458 2921 1530; baseline 0.009 -24"><span class='ocrx_word' id='word_1_169' title='bbox 2074 1463 2333 1509; x_wconf 80' lang='lat' dir='ltr'><strong>accurate</strong></span> <span class='ocrx_word' id='word_1_170' title='bbox 2367 1459 2629 1528; x_wconf 87' lang='lat' dir='ltr'><strong>scriptum</strong></span> <span class='ocrx_word' id='word_1_171' title='bbox 2671 1458 2921 1530; x_wconf 82' lang='lat' dir='ltr'><strong>legimus.</strong></span> 
     </span>
    </p>
   </div>
   <div class='ocr_carea' id='block_1_28' title="bbox 443 1743 1962 1845">
    <p class='ocr_par' dir='ltr' id='par_1_28' title="bbox 443 1743 1962 1827">
     <span class='ocr_line' id='line_1_28' title="bbox 443 1743 1962 1827; baseline 0.011 -33"><span class='ocrx_word' id='word_1_172' title='bbox 443 1744 533 1809; x_wconf 68' lang='grc' dir='ltr'><strong>ς’.</strong></span> <span class='ocrx_word' id='word_1_173' title='bbox 570 1743 680 1796; x_wconf 72' lang='grc' dir='ltr'>Καὶ</span> <span class='ocrx_word' id='word_1_174' title='bbox 710 1743 882 1808; x_wconf 79' lang='grc' dir='ltr'>οὕτως</span> <span class='ocrx_word' id='word_1_175' title='bbox 915 1747 1344 1822; x_wconf 80' lang='grc' dir='ltr'>ἀνατρεπόμενοι</span> <span class='ocrx_word' id='word_1_176' title='bbox 1379 1755 1626 1824; x_wconf 83' lang='grc' dir='ltr'>λέγουσιν</span> <span class='ocrx_word' id='word_1_177' title='bbox 1647 1797 1663 1820; x_wconf 91' lang='grc'><strong>,</strong></span> <span class='ocrx_word' id='word_1_178' title='bbox 1693 1759 1774 1810; x_wconf 83' lang='grc' dir='ltr'><strong>ὅτι</strong></span> <span class='ocrx_word' id='word_1_179' title='bbox 1807 1759 1838 1827; x_wconf 85' lang='grc' dir='ltr'>ἡ</span> <span class='ocrx_word' id='word_1_180' title='bbox 1871 1775 1962 1826; x_wconf 75' lang='grc' dir='ltr'>νη-</span> 
     </span>
    </p>
   </div>
   <div class='ocr_carea' id='block_1_29' title="bbox 2067 1743 3650 1845">
    <p class='ocr_par' dir='ltr' id='par_1_29' title="bbox 2147 1755 3650 1845">
     <span class='ocr_line' id='line_1_29' title="bbox 2147 1755 3650 1845; baseline 0.014 -36"><span class='ocrx_word' id='word_1_181' title='bbox 2147 1755 2238 1811; x_wconf 74' lang='grc' dir='ltr'><strong>Ἦ.</strong></span> <span class='ocrx_word' id='word_1_182' title='bbox 2275 1756 2368 1813; x_wconf 93' lang='lat' dir='ltr'><strong>Sic</strong></span> <span class='ocrx_word' id='word_1_183' title='bbox 2418 1760 2646 1818; x_wconf 88' lang='lat' dir='ltr'><strong>ulterius</strong></span> <span class='ocrx_word' id='word_1_184' title='bbox 2695 1766 2932 1830; x_wconf 81' lang='lat' dir='ltr'><strong>confusi,</strong></span> <span class='ocrx_word' id='word_1_185' title='bbox 2981 1769 3243 1839; x_wconf 73' lang='lat' dir='ltr'><strong>jejunium</strong></span> <span class='ocrx_word' id='word_1_186' title='bbox 3281 1788 3438 1828; x_wconf 90' lang='lat' dir='ltr'><strong>suum</strong></span> <span class='ocrx_word' id='word_1_187' title='bbox 3479 1775 3650 1845; x_wconf 80' lang='lat' dir='ltr'><strong>ipsum</strong></span> 
     </span>
    </p>
   </div>
   <div class='ocr_carea' id='block_1_30' title="bbox 371 1835 1962 1916">
    <p class='ocr_par' dir='ltr' id='par_1_30' title="bbox 371 1835 1962 1916">
     <span class='ocr_line' id='line_1_30' title="bbox 371 1835 1962 1916; baseline 0.011 -29"><span class='ocrx_word' id='word_1_188' title='bbox 371 1835 523 1888; x_wconf 77' lang='grc' dir='ltr'>στεία</span> <span class='ocrx_word' id='word_1_189' title='bbox 551 1837 752 1902; x_wconf 76' lang='grc' dir='ltr'>αὐτῶν,</span> <span class='ocrx_word' id='word_1_190' title='bbox 789 1839 928 1907; x_wconf 81' lang='grc' dir='ltr'>αὕτη</span> <span class='ocrx_word' id='word_1_191' title='bbox 959 1843 1074 1895; x_wconf 75' lang='grc' dir='ltr'>ἐστὶ</span> <span class='ocrx_word' id='word_1_192' title='bbox 1109 1843 1204 1896; x_wconf 80' lang='grc' dir='ltr'>τοῦ</span> <span class='ocrx_word' id='word_1_193' title='bbox 1247 1847 1482 1915; x_wconf 83' lang='grc' dir='ltr'>μεγάλου</span> <span class='ocrx_word' id='word_1_194' title='bbox 1527 1849 1962 1916; x_wconf 83' lang='grc' dir='ltr'>Κωνσταντίνου,</span> 
     </span>
    </p>
   </div>
   <div class='ocr_carea' id='block_1_31' title="bbox 370 1931 1962 2020">
    <p class='ocr_par' dir='ltr' id='par_1_31' title="bbox 370 1931 1962 2020">
     <span class='ocr_line' id='line_1_31' title="bbox 370 1931 1962 2020; baseline 0.012 -39"><span class='ocrx_word' id='word_1_195' title='bbox 370 1931 460 1982; x_wconf 80' lang='grc' dir='ltr'><strong>ὅτε</strong></span> <span class='ocrx_word' id='word_1_196' title='bbox 494 1931 716 2000; x_wconf 79' lang='grc' dir='ltr'>ἔμελλεν</span> <span class='ocrx_word' id='word_1_197' title='bbox 747 1934 850 1988; x_wconf 65' lang='grc' dir='ltr'><strong>ὑπὸ</strong></span> <span class='ocrx_word' id='word_1_198' title='bbox 885 1936 1210 2010; x_wconf 79' lang='grc' dir='ltr'>Σιλϐέστρου</span> <span class='ocrx_word' id='word_1_199' title='bbox 1247 1941 1614 2014; x_wconf 79' lang='grc' dir='ltr'>βαπτισθῆναι</span> <span class='ocrx_word' id='word_1_200' title='bbox 1652 1949 1709 2000; x_wconf 80' lang='grc' dir='ltr'>ἐν</span> <span class='ocrx_word' id='word_1_201' title='bbox 1746 1947 1962 2020; x_wconf 79' lang='grc' dir='ltr'><strong>Ῥώμῃ.</strong></span> 
     </span>
    </p>
   </div>
   <div class='ocr_carea' id='block_1_32' title="bbox 371 2021 1964 2110">
    <p class='ocr_par' dir='ltr' id='par_1_32' title="bbox 371 2021 1964 2110">
     <span class='ocr_line' id='line_1_32' title="bbox 371 2021 1964 2110; baseline 0.012 -36"><span class='ocrx_word' id='word_1_202' title='bbox 371 2021 496 2076; x_wconf 72' lang='grc' dir='ltr'><strong>Ὀτι</strong></span> <span class='ocrx_word' id='word_1_203' title='bbox 527 2024 582 2077; x_wconf 75' lang='grc' dir='ltr'><strong>δὲ</strong></span> <span class='ocrx_word' id='word_1_204' title='bbox 617 2025 708 2078; x_wconf 76' lang='grc' dir='ltr'><strong>καὶ</strong></span> <span class='ocrx_word' id='word_1_205' title='bbox 737 2028 894 2081; x_wconf 81' lang='grc' dir='ltr'>τοῦτο</span> <span class='ocrx_word' id='word_1_206' title='bbox 923 2028 1118 2098; x_wconf 76' lang='grc' dir='ltr'>ψευδές</span> <span class='ocrx_word' id='word_1_207' title='bbox 1149 2033 1289 2100; x_wconf 76' lang='grc' dir='ltr'>ἐστι,</span> <span class='ocrx_word' id='word_1_208' title='bbox 1321 2037 1486 2089; x_wconf 85' lang='grc' dir='ltr'>παντί</span> <span class='ocrx_word' id='word_1_209' title='bbox 1521 2057 1620 2091; x_wconf 85' lang='grc' dir='ltr'><strong>που</strong></span> <span class='ocrx_word' id='word_1_210' title='bbox 1655 2040 1814 2110; x_wconf 82' lang='grc' dir='ltr'>δῆλον</span> <span class='ocrx_word' id='word_1_211' title='bbox 1838 2059 1850 2070; x_wconf 78' lang='lat'>&#39;</span> <span class='ocrx_word' id='word_1_212' title='bbox 1880 2041 1964 2093; x_wconf 84' lang='grc' dir='ltr'>ὃτι</span> 
     </span>
    </p>
   </div>
   <div class='ocr_carea' id='block_1_33' title="bbox 369 2115 1968 2203">
    <p class='ocr_par' dir='ltr' id='par_1_33' title="bbox 369 2115 1968 2203">
     <span class='ocr_line' id='line_1_33' title="bbox 369 2115 1968 2203; baseline 0.011 -35"><span class='ocrx_word' id='word_1_213' title='bbox 369 2117 400 2168; x_wconf 79' lang='grc' dir='ltr'>ὁ</span> <span class='ocrx_word' id='word_1_214' title='bbox 447 2115 622 2186; x_wconf 81' lang='grc' dir='ltr'>μέγας</span> <span class='ocrx_word' id='word_1_215' title='bbox 668 2120 1084 2187; x_wconf 79' lang='grc' dir='ltr'>Κωνσταντῖνος</span> <span class='ocrx_word' id='word_1_216' title='bbox 1137 2126 1347 2195; x_wconf 82' lang='grc' dir='ltr'>μέλλων</span> <span class='ocrx_word' id='word_1_217' title='bbox 1390 2130 1650 2203; x_wconf 82' lang='grc' dir='ltr'>τελευτᾷν</span> <span class='ocrx_word' id='word_1_218' title='bbox 1695 2135 1753 2184; x_wconf 75' lang='grc' dir='ltr'>ἐν</span> <span class='ocrx_word' id='word_1_219' title='bbox 1803 2134 1968 2185; x_wconf 88' lang='grc' dir='ltr'>Νικο-</span> 
     </span>
    </p>
   </div>
   <div class='ocr_carea' id='block_1_34' title="bbox 373 2209 1965 2289">
    <p class='ocr_par' dir='ltr' id='par_1_34' title="bbox 373 2209 1965 2289">
     <span class='ocr_line' id='line_1_34' title="bbox 373 2209 1965 2289; baseline 0.013 -30"><span class='ocrx_word' id='word_1_220' title='bbox 373 2209 572 2280; x_wconf 81' lang='grc' dir='ltr'>μηδείᾳ</span> <span class='ocrx_word' id='word_1_221' title='bbox 609 2210 951 2282; x_wconf 74' lang='grc' dir='ltr'>ἐϐαπτίσθη,</span> <span class='ocrx_word' id='word_1_222' title='bbox 991 2215 1084 2269; x_wconf 75' lang='grc' dir='ltr'><strong>καὶ</strong></span> <span class='ocrx_word' id='word_1_223' title='bbox 1122 2219 1372 2289; x_wconf 74' lang='grc' dir='ltr'>παρευθὺ</span> <span class='ocrx_word' id='word_1_224' title='bbox 1413 2223 1707 2278; x_wconf 85' lang='grc' dir='ltr'>ἀπέθανεν.</span> <span class='ocrx_word' id='word_1_225' title='bbox 1749 2224 1810 2278; x_wconf 72' lang='lat' dir='ltr'><strong>Et</strong></span> <span class='ocrx_word' id='word_1_226' title='bbox 1848 2227 1904 2279; x_wconf 83' lang='grc' dir='ltr'><strong>δὲ</strong></span> <span class='ocrx_word' id='word_1_227' title='bbox 1937 2229 1965 2280; x_wconf 83' lang='grc' dir='ltr'>ὁ</span> 
     </span>
    </p>
   </div>
   <div class='ocr_carea' id='block_1_35' title="bbox 371 2299 1967 2378">
    <p class='ocr_par' dir='ltr' id='par_1_35' title="bbox 371 2299 1967 2378">
     <span class='ocr_line' id='line_1_35' title="bbox 371 2299 1967 2378; baseline 0.011 -25"><span class='ocrx_word' id='word_1_228' title='bbox 371 2299 485 2362; x_wconf 74' lang='grc' dir='ltr'>υίὸς</span> <span class='ocrx_word' id='word_1_229' title='bbox 519 2299 612 2353; x_wconf 75' lang='grc' dir='ltr'>τοῦ</span> <span class='ocrx_word' id='word_1_230' title='bbox 658 2303 895 2371; x_wconf 81' lang='grc' dir='ltr'>μεγάλου</span> <span class='ocrx_word' id='word_1_231' title='bbox 940 2308 1389 2374; x_wconf 85' lang='grc' dir='ltr'>Κωνσταντίνου,</span> <span class='ocrx_word' id='word_1_232' title='bbox 1425 2314 1678 2378; x_wconf 83' lang='grc' dir='ltr'>κάκεῖνος</span> <span class='ocrx_word' id='word_1_233' title='bbox 1720 2317 1967 2370; x_wconf 82' lang='grc' dir='ltr'>ἐκαλεῖτο</span> 
     </span>
    </p>
   </div>
   <div class='ocr_carea' id='block_1_36' title="bbox 371 2391 1965 2478">
    <p class='ocr_par' dir='ltr' id='par_1_36' title="bbox 371 2391 1965 2478">
     <span class='ocr_line' id='line_1_36' title="bbox 371 2391 1965 2478; baseline 0.01 -35"><span class='ocrx_word' id='word_1_234' title='bbox 371 2391 546 2460; x_wconf 85' lang='grc' dir='ltr'>μέγας</span> <span class='ocrx_word' id='word_1_235' title='bbox 567 2431 583 2458; x_wconf 96' lang='grc'><strong>,</strong></span> <span class='ocrx_word' id='word_1_236' title='bbox 611 2393 706 2445; x_wconf 77' lang='grc' dir='ltr'><strong>καὶ</strong></span> <span class='ocrx_word' id='word_1_237' title='bbox 735 2393 932 2464; x_wconf 84' lang='grc' dir='ltr'>ἀληθὲς</span> <span class='ocrx_word' id='word_1_238' title='bbox 958 2392 1027 2467; x_wconf 77' lang='grc' dir='ltr'>ἦν</span> <span class='ocrx_word' id='word_1_239' title='bbox 1054 2399 1244 2467; x_wconf 83' lang='grc' dir='ltr'>τοῦτο,</span> <span class='ocrx_word' id='word_1_240' title='bbox 1272 2402 1411 2473; x_wconf 81' lang='grc' dir='ltr'>ὅπερ</span> <span class='ocrx_word' id='word_1_241' title='bbox 1439 2403 1538 2456; x_wconf 72' lang='grc' dir='ltr'><strong>οὐκ</strong></span> <span class='ocrx_word' id='word_1_242' title='bbox 1569 2404 1682 2458; x_wconf 76' lang='grc' dir='ltr'>ἔστι</span> <span class='ocrx_word' id='word_1_243' title='bbox 1702 2423 1715 2435; x_wconf 93' lang='grc'>·</span> <span class='ocrx_word' id='word_1_244' title='bbox 1750 2406 1801 2458; x_wconf 87' lang='grc' dir='ltr'><strong>τί</strong></span> <span class='ocrx_word' id='word_1_245' title='bbox 1830 2407 1965 2478; x_wconf 66' lang='grc' dir='ltr'>πρὸς</span> 
     </span>
    </p>
   </div>
   <div class='ocr_carea' id='block_1_37' title="bbox 367 2482 1966 2568">
    <p class='ocr_par' dir='ltr' id='par_1_37' title="bbox 367 2482 1966 2568">
     <span class='ocr_line' id='line_1_37' title="bbox 367 2482 1966 2568; baseline 0.01 -32"><span class='ocrx_word' id='word_1_246' title='bbox 367 2482 494 2536; x_wconf 84' lang='grc' dir='ltr'>ὅλον</span> <span class='ocrx_word' id='word_1_247' title='bbox 527 2484 618 2539; x_wconf 79' lang='grc' dir='ltr'><strong>τὸν</strong></span> <span class='ocrx_word' id='word_1_248' title='bbox 654 2487 896 2558; x_wconf 82' lang='grc' dir='ltr'>κόσμον,</span> <span class='ocrx_word' id='word_1_249' title='bbox 931 2491 980 2542; x_wconf 84' lang='grc' dir='ltr'><strong>εί</strong></span> <span class='ocrx_word' id='word_1_250' title='bbox 1017 2491 1124 2561; x_wconf 73' lang='grc' dir='ltr'>πρὸ</span> <span class='ocrx_word' id='word_1_251' title='bbox 1159 2494 1500 2550; x_wconf 79' lang='grc' dir='ltr'>ὀκτακοσίων</span> <span class='ocrx_word' id='word_1_252' title='bbox 1536 2499 1675 2552; x_wconf 81' lang='grc' dir='ltr'>ἐτῶν</span> <span class='ocrx_word' id='word_1_253' title='bbox 1711 2499 1966 2568; x_wconf 76' lang='grc' dir='ltr'>βασιλεὺς</span> 
     </span>
    </p>
   </div>
   <div class='ocr_carea' id='block_1_38' title="bbox 369 2576 1966 2657">
    <p class='ocr_par' dir='ltr' id='par_1_38' title="bbox 369 2576 1966 2657">
     <span class='ocr_line' id='line_1_38' title="bbox 369 2576 1966 2657; baseline 0.012 -30"><span class='ocrx_word' id='word_1_254' title='bbox 369 2576 584 2644; x_wconf 81' lang='grc' dir='ltr'>μέλλων</span> <span class='ocrx_word' id='word_1_255' title='bbox 621 2577 990 2650; x_wconf 82' lang='grc' dir='ltr'>βαπτισθῆναι</span> <span class='ocrx_word' id='word_1_256' title='bbox 1031 2585 1396 2654; x_wconf 82' lang='grc' dir='ltr'>νενήστευκε;</span> <span class='ocrx_word' id='word_1_257' title='bbox 1439 2590 1547 2641; x_wconf 75' lang='grc' dir='ltr'><strong>Καὶ</strong></span> <span class='ocrx_word' id='word_1_258' title='bbox 1587 2589 1702 2654; x_wconf 86' lang='grc' dir='ltr'><strong>πῶς</strong></span> <span class='ocrx_word' id='word_1_259' title='bbox 1741 2593 1769 2644; x_wconf 84' lang='grc' dir='ltr'>ὁ</span> <span class='ocrx_word' id='word_1_260' title='bbox 1802 2592 1966 2657; x_wconf 75' lang='grc' dir='ltr'>αὐτὸς</span> 
     </span>
    </p>
   </div>
   <div class='ocr_carea' id='block_1_39' title="bbox 368 2669 1964 2753">
    <p class='ocr_par' dir='ltr' id='par_1_39' title="bbox 368 2669 1964 2753">
     <span class='ocr_line' id='line_1_39' title="bbox 368 2669 1964 2753; baseline 0.012 -33"><span class='ocrx_word' id='word_1_261' title='bbox 368 2669 727 2741; x_wconf 75' lang='grc' dir='ltr'>Σίλῦεστρος,</span> <span class='ocrx_word' id='word_1_262' title='bbox 760 2673 1000 2744; x_wconf 83' lang='grc' dir='ltr'>ἀρχηγὸς</span> <span class='ocrx_word' id='word_1_263' title='bbox 1033 2673 1107 2728; x_wconf 83' lang='grc' dir='ltr'>ὣν</span> <span class='ocrx_word' id='word_1_264' title='bbox 1140 2678 1238 2747; x_wconf 87' lang='grc' dir='ltr'><strong>τῆς</strong></span> <span class='ocrx_word' id='word_1_265' title='bbox 1273 2679 1329 2731; x_wconf 87' lang='grc' dir='ltr'>ὲν</span> <span class='ocrx_word' id='word_1_266' title='bbox 1363 2679 1573 2753; x_wconf 78' lang='grc' dir='ltr'>Νικαεᾳ</span> <span class='ocrx_word' id='word_1_267' title='bbox 1610 2685 1864 2746; x_wconf 82' lang='grc' dir='ltr'>συνόδου,</span> <span class='ocrx_word' id='word_1_268' title='bbox 1902 2685 1964 2739; x_wconf 81' lang='grc' dir='ltr'><strong>οὐ</strong></span> 
     </span>
    </p>
   </div>
   <div class='ocr_carea' id='block_1_40' title="bbox 367 2764 1966 2847">
    <p class='ocr_par' dir='ltr' id='par_1_40' title="bbox 367 2764 1966 2847">
     <span class='ocr_line' id='line_1_40' title="bbox 367 2764 1966 2847; baseline 0.011 -35"><span class='ocrx_word' id='word_1_269' title='bbox 367 2764 688 2830; x_wconf 74' lang='grc' dir='ltr'>γεγράφηκε</span> <span class='ocrx_word' id='word_1_270' title='bbox 735 2765 872 2833; x_wconf 81' lang='grc' dir='ltr'>μετὰ</span> <span class='ocrx_word' id='word_1_271' title='bbox 914 2767 1012 2836; x_wconf 83' lang='grc' dir='ltr'><strong>τῆς</strong></span> <span class='ocrx_word' id='word_1_272' title='bbox 1063 2769 1316 2835; x_wconf 81' lang='grc' dir='ltr'>συνόδου,</span> <span class='ocrx_word' id='word_1_273' title='bbox 1360 2771 1484 2824; x_wconf 74' lang='grc' dir='ltr'>οὔτε</span> <span class='ocrx_word' id='word_1_274' title='bbox 1531 2773 1781 2829; x_wconf 83' lang='grc' dir='ltr'>ὲτύπωσε</span> <span class='ocrx_word' id='word_1_275' title='bbox 1825 2779 1966 2847; x_wconf 76' lang='grc' dir='ltr'>μετὰ</span> 
     </span>
    </p>
   </div>
   <div class='ocr_carea' id='block_1_41' title="bbox 365 2853 1966 2941">
    <p class='ocr_par' dir='ltr' id='par_1_41' title="bbox 365 2853 1966 2941">
     <span class='ocr_line' id='line_1_41' title="bbox 365 2853 1966 2941; baseline 0.011 -36"><span class='ocrx_word' id='word_1_276' title='bbox 365 2853 478 2905; x_wconf 85' lang='grc' dir='ltr'><strong>τῶν</strong></span> <span class='ocrx_word' id='word_1_277' title='bbox 523 2853 724 2908; x_wconf 80' lang='grc' dir='ltr'>λοιπῶν</span> <span class='ocrx_word' id='word_1_278' title='bbox 768 2857 866 2925; x_wconf 87' lang='grc' dir='ltr'><strong>τῆς</strong></span> <span class='ocrx_word' id='word_1_279' title='bbox 913 2859 1130 2912; x_wconf 80' lang='grc' dir='ltr'>συνόδου</span> <span class='ocrx_word' id='word_1_280' title='bbox 1178 2864 1573 2932; x_wconf 68' lang='grc' dir='ltr'>παραδόσεων,</span> <span class='ocrx_word' id='word_1_281' title='bbox 1619 2869 1714 2922; x_wconf 81' lang='grc' dir='ltr'><strong>καὶ</strong></span> <span class='ocrx_word' id='word_1_282' title='bbox 1761 2869 1966 2941; x_wconf 89' lang='grc' dir='ltr'>ταύτην</span> 
     </span>
    </p>
   </div>
   <div class='ocr_carea' id='block_1_42' title="bbox 367 2944 1966 3022">
    <p class='ocr_par' dir='ltr' id='par_1_42' title="bbox 367 2944 1966 3022">
     <span class='ocr_line' id='line_1_42' title="bbox 367 2944 1966 3022; baseline 0.013 -28"><span class='ocrx_word' id='word_1_283' title='bbox 367 2944 470 3015; x_wconf 76' lang='grc' dir='ltr'>τὴν</span> <span class='ocrx_word' id='word_1_284' title='bbox 501 2946 760 3015; x_wconf 83' lang='grc' dir='ltr'>νηστείαν</span> <span class='ocrx_word' id='word_1_285' title='bbox 789 2949 1068 3017; x_wconf 71' lang='grc' dir='ltr'>νηστεύειν</span> <span class='ocrx_word' id='word_1_286' title='bbox 1100 2952 1346 3022; x_wconf 84' lang='grc' dir='ltr'>πάντας;</span> <span class='ocrx_word' id='word_1_287' title='bbox 1377 2956 1534 3020; x_wconf 67' lang='lat' dir='ltr'><strong>Heio;</strong></span> <span class='ocrx_word' id='word_1_288' title='bbox 1562 2957 1619 3011; x_wconf 85' lang='grc' dir='ltr'>δὲ</span> <span class='ocrx_word' id='word_1_289' title='bbox 1648 2962 1828 3013; x_wconf 84' lang='grc' dir='ltr'>κανὼν</span> <span class='ocrx_word' id='word_1_290' title='bbox 1857 2962 1966 3014; x_wconf 84' lang='grc' dir='ltr'><strong>τῶν</strong></span> 
     </span>
    </p>
   </div>
   <div class='ocr_carea' id='block_1_43' title="bbox 365 3037 1966 3126">
    <p class='ocr_par' dir='ltr' id='par_1_43' title="bbox 365 3037 1966 3126">
     <span class='ocr_line' id='line_1_43' title="bbox 365 3037 1966 3126; baseline 0.012 -38"><span class='ocrx_word' id='word_1_291' title='bbox 365 3037 704 3100; x_wconf 75' lang='grc' dir='ltr'>ἀποστόλων,</span> <span class='ocrx_word' id='word_1_292' title='bbox 741 3042 774 3110; x_wconf 86' lang='grc' dir='ltr'>ἢ</span> <span class='ocrx_word' id='word_1_293' title='bbox 812 3041 1018 3112; x_wconf 80' lang='grc' dir='ltr'>ἑτέρων</span> <span class='ocrx_word' id='word_1_294' title='bbox 1051 3043 1244 3112; x_wconf 82' lang='grc' dir='ltr'>ἁγίων,</span> <span class='ocrx_word' id='word_1_295' title='bbox 1285 3047 1316 3118; x_wconf 84' lang='grc' dir='ltr'>ἢ</span> <span class='ocrx_word' id='word_1_296' title='bbox 1358 3050 1613 3117; x_wconf 88' lang='grc' dir='ltr'>συνόδων,</span> <span class='ocrx_word' id='word_1_297' title='bbox 1650 3055 1678 3106; x_wconf 80' lang='grc' dir='ltr'>ὁ</span> <span class='ocrx_word' id='word_1_298' title='bbox 1716 3072 1966 3126; x_wconf 85' lang='grc' dir='ltr'>παρακε-</span> 
     </span>
    </p>
   </div>
   <div class='ocr_carea' id='block_1_44' title="bbox 2067 1847 3653 1926">
    <p class='ocr_par' dir='ltr' id='par_1_44' title="bbox 2067 1847 3653 1926">
     <span class='ocr_line' id='line_1_44' title="bbox 2067 1847 3653 1926; baseline 0.016 -26"><span class='ocrx_word' id='word_1_299' title='bbox 2067 1847 2245 1917; x_wconf 79' lang='lat' dir='ltr'><strong>Magni</strong></span> <span class='ocrx_word' id='word_1_300' title='bbox 2268 1851 2608 1908; x_wconf 85' lang='lat' dir='ltr'><strong>Constantini</strong></span> <span class='ocrx_word' id='word_1_301' title='bbox 2641 1857 2930 1926; x_wconf 87' lang='lat' dir='ltr'><strong>jejunium,</strong></span> <span class='ocrx_word' id='word_1_302' title='bbox 2961 1877 3085 1916; x_wconf 90' lang='lat' dir='ltr'><strong>cunt</strong></span> <span class='ocrx_word' id='word_1_303' title='bbox 3124 1863 3308 1920; x_wconf 64' lang='lat' dir='ltr'><strong>Roma:</strong></span> <span class='ocrx_word' id='word_1_304' title='bbox 3332 1882 3358 1920; x_wconf 87' lang='lat' dir='ltr'><strong>a</strong></span> <span class='ocrx_word' id='word_1_305' title='bbox 3391 1869 3653 1926; x_wconf 81' lang='lat' dir='ltr'><strong>Silvestre</strong></span> 
     </span>
    </p>
   </div>
   <div class='ocr_carea' id='block_1_45' title="bbox 2070 1938 3654 2029">
    <p class='ocr_par' dir='ltr' id='par_1_45' title="bbox 2070 1938 3654 2029">
     <span class='ocr_line' id='line_1_45' title="bbox 2070 1938 3654 2029; baseline 0.015 -38"><span class='ocrx_word' id='word_1_306' title='bbox 2070 1938 2426 2008; x_wconf 78' lang='lat' dir='ltr'><strong>ltaptizamlus</strong></span> <span class='ocrx_word' id='word_1_307' title='bbox 2471 1955 2636 2006; x_wconf 85' lang='lat' dir='ltr'><strong>esset,</strong></span> <span class='ocrx_word' id='word_1_308' title='bbox 2685 1950 2886 2002; x_wconf 77' lang='lat' dir='ltr'><strong>dicunt.</strong></span> <span class='ocrx_word' id='word_1_309' title='bbox 2915 1950 3073 2017; x_wconf 80' lang='lat' dir='ltr'><strong>Quod</strong></span> <span class='ocrx_word' id='word_1_310' title='bbox 3126 1966 3305 2010; x_wconf 87' lang='lat' dir='ltr'><strong>autem</strong></span> <span class='ocrx_word' id='word_1_311' title='bbox 3355 1959 3406 2012; x_wconf 90' lang='lat' dir='ltr'><strong>id</strong></span> <span class='ocrx_word' id='word_1_312' title='bbox 3439 1975 3654 2029; x_wconf 85' lang='lat' dir='ltr'><strong>quoque</strong></span> 
     </span>
    </p>
   </div>
   <div class='ocr_carea' id='block_1_46' title="bbox 2069 2031 3654 2115">
    <p class='ocr_par' dir='ltr' id='par_1_46' title="bbox 2069 2031 3654 2115">
     <span class='ocr_line' id='line_1_46' title="bbox 2069 2031 3654 2115; baseline 0.014 -31"><span class='ocrx_word' id='word_1_313' title='bbox 2069 2031 2261 2086; x_wconf 75' lang='lat' dir='ltr'><strong>falsum</strong></span> <span class='ocrx_word' id='word_1_314' title='bbox 2312 2036 2418 2100; x_wconf 87' lang='lat' dir='ltr'><strong>sit,</strong></span> <span class='ocrx_word' id='word_1_315' title='bbox 2474 2039 2754 2108; x_wconf 71' lang='lat' dir='ltr'><strong>perspicue</strong></span> <span class='ocrx_word' id='word_1_316' title='bbox 2805 2041 2992 2112; x_wconf 83' lang='lat' dir='ltr'><strong>liquet.</strong></span> <span class='ocrx_word' id='word_1_317' title='bbox 3045 2045 3264 2115; x_wconf 68' lang='lat' dir='ltr'><strong>Magnus</strong></span> <span class='ocrx_word' id='word_1_318' title='bbox 3317 2053 3460 2104; x_wconf 90' lang='lat' dir='ltr'><strong>enim</strong></span> <span class='ocrx_word' id='word_1_319' title='bbox 3511 2052 3654 2107; x_wconf 84' lang='lat' dir='ltr'><strong>Con-</strong></span> 
     </span>
    </p>
   </div>
   <div class='ocr_carea' id='block_1_47' title="bbox 2067 2129 3654 2206">
    <p class='ocr_par' dir='ltr' id='par_1_47' title="bbox 2067 2129 3654 2206">
     <span class='ocr_line' id='line_1_47' title="bbox 2067 2129 3654 2206; baseline 0.011 -25"><span class='ocrx_word' id='word_1_320' title='bbox 2067 2129 2362 2194; x_wconf 82' lang='lat' dir='ltr'><strong>stantinus,</strong></span> <span class='ocrx_word' id='word_1_321' title='bbox 2401 2147 2524 2183; x_wconf 89' lang='lat' dir='ltr'><strong>cum</strong></span> <span class='ocrx_word' id='word_1_322' title='bbox 2592 2136 2751 2188; x_wconf 87' lang='lat' dir='ltr'><strong>morti</strong></span> <span class='ocrx_word' id='word_1_323' title='bbox 2794 2135 3073 2204; x_wconf 83' lang='lat' dir='ltr'><strong>proximus</strong></span> <span class='ocrx_word' id='word_1_324' title='bbox 3109 2151 3271 2206; x_wconf 83' lang='lat' dir='ltr'><strong>esset,</strong></span> <span class='ocrx_word' id='word_1_325' title='bbox 3326 2141 3654 2198; x_wconf 70' lang='lat' dir='ltr'><strong>Nicomedim</strong></span> 
     </span>
    </p>
   </div>
   <div class='ocr_carea' id='block_1_48' title="bbox 2068 2219 3649 2307">
    <p class='ocr_par' dir='ltr' id='par_1_48' title="bbox 2068 2219 3649 2307">
     <span class='ocr_line' id='line_1_48' title="bbox 2068 2219 3649 2307; baseline 0.011 -33"><span class='ocrx_word' id='word_1_326' title='bbox 2068 2219 2374 2289; x_wconf 82' lang='lat' dir='ltr'><strong>baptizatus</strong></span> <span class='ocrx_word' id='word_1_327' title='bbox 2405 2224 2521 2285; x_wconf 79' lang='lat' dir='ltr'><strong>fuit,</strong></span> <span class='ocrx_word' id='word_1_328' title='bbox 2555 2242 2616 2279; x_wconf 84' lang='lat' dir='ltr'><strong>ae</strong></span> <span class='ocrx_word' id='word_1_329' title='bbox 2645 2227 2826 2281; x_wconf 84' lang='lat' dir='ltr'><strong>statim</strong></span> <span class='ocrx_word' id='word_1_330' title='bbox 2857 2229 2999 2283; x_wconf 89' lang='lat' dir='ltr'><strong>diem</strong></span> <span class='ocrx_word' id='word_1_331' title='bbox 3030 2232 3183 2286; x_wconf 87' lang='lat' dir='ltr'><strong>obiit.</strong></span> <span class='ocrx_word' id='word_1_332' title='bbox 3214 2235 3366 2301; x_wconf 82' lang='lat' dir='ltr'><strong>Quod</strong></span> <span class='ocrx_word' id='word_1_333' title='bbox 3395 2239 3437 2289; x_wconf 84' lang='lat' dir='ltr'><strong>si</strong></span> <span class='ocrx_word' id='word_1_334' title='bbox 3473 2237 3649 2307; x_wconf 85' lang='lat' dir='ltr'><strong>Magni</strong></span> 
     </span>
    </p>
   </div>
   <div class='ocr_carea' id='block_1_49' title="bbox 2068 2311 3648 2398">
    <p class='ocr_par' dir='ltr' id='par_1_49' title="bbox 2068 2311 3648 2398">
     <span class='ocr_line' id='line_1_49' title="bbox 2068 2311 3648 2398; baseline 0.011 -32"><span class='ocrx_word' id='word_1_335' title='bbox 2068 2311 2405 2368; x_wconf 86' lang='lat' dir='ltr'><strong>Constantini</strong></span> <span class='ocrx_word' id='word_1_336' title='bbox 2471 2316 2632 2380; x_wconf 75' lang='lat' dir='ltr'><strong>ﬁlius,</strong></span> <span class='ocrx_word' id='word_1_337' title='bbox 2688 2321 2801 2389; x_wconf 85' lang='lat' dir='ltr'><strong>ipse</strong></span> <span class='ocrx_word' id='word_1_338' title='bbox 2832 2338 3048 2392; x_wconf 87' lang='lat' dir='ltr'><strong>quoque</strong></span> <span class='ocrx_word' id='word_1_339' title='bbox 3079 2325 3302 2396; x_wconf 76' lang='lat' dir='ltr'><strong>Magnus</strong></span> <span class='ocrx_word' id='word_1_340' title='bbox 3338 2329 3648 2398; x_wconf 80' lang='lat' dir='ltr'><strong>appellaba-</strong></span> 
     </span>
    </p>
   </div>
   <div class='ocr_carea' id='block_1_50' title="bbox 2071 2410 3648 2488">
    <p class='ocr_par' dir='ltr' id='par_1_50' title="bbox 2071 2410 3648 2488">
     <span class='ocr_line' id='line_1_50' title="bbox 2071 2410 3648 2488; baseline 0.011 -29"><span class='ocrx_word' id='word_1_341' title='bbox 2071 2417 2176 2470; x_wconf 82' lang='lat' dir='ltr'><strong>tur,</strong></span> <span class='ocrx_word' id='word_1_342' title='bbox 2209 2424 2399 2479; x_wconf 86' lang='lat' dir='ltr'><strong>resque</strong></span> <span class='ocrx_word' id='word_1_343' title='bbox 2425 2426 2551 2464; x_wconf 84' lang='lat' dir='ltr'><strong>vera</strong></span> <span class='ocrx_word' id='word_1_344' title='bbox 2588 2410 2709 2476; x_wconf 79' lang='lat' dir='ltr'><strong>fuit,</strong></span> <span class='ocrx_word' id='word_1_345' title='bbox 2737 2416 2877 2483; x_wconf 89' lang='lat' dir='ltr'><strong>quod</strong></span> <span class='ocrx_word' id='word_1_346' title='bbox 2903 2419 3040 2471; x_wconf 84' lang='lat' dir='ltr'><strong>absit</strong></span> <span class='ocrx_word' id='word_1_347' title='bbox 3074 2437 3086 2473; x_wconf 91' lang='lat'>:</span> <span class='ocrx_word' id='word_1_348' title='bbox 3123 2420 3250 2488; x_wconf 90' lang='lat' dir='ltr'><strong>quid</strong></span> <span class='ocrx_word' id='word_1_349' title='bbox 3284 2421 3348 2472; x_wconf 91' lang='lat' dir='ltr'><strong>ad</strong></span> <span class='ocrx_word' id='word_1_350' title='bbox 3386 2423 3648 2477; x_wconf 88' lang='lat' dir='ltr'><strong>mundum</strong></span> 
     </span>
    </p>
   </div>
   <div class='ocr_carea' id='block_1_51' title="bbox 2068 2500 3651 2583">
    <p class='ocr_par' dir='ltr' id='par_1_51' title="bbox 2068 2500 3651 2583">
     <span class='ocr_line' id='line_1_51' title="bbox 2068 2500 3651 2583; baseline 0.009 -31"><span class='ocrx_word' id='word_1_351' title='bbox 2068 2500 2404 2567; x_wconf 79' lang='lat' dir='ltr'><strong>universum,</strong></span> <span class='ocrx_word' id='word_1_352' title='bbox 2440 2513 2495 2554; x_wconf 91' lang='grc' dir='ltr'><strong>ιιι</strong></span> <span class='ocrx_word' id='word_1_353' title='bbox 2549 2515 2675 2558; x_wconf 87' lang='lat' dir='ltr'><strong>ante</strong></span> <span class='ocrx_word' id='word_1_354' title='bbox 2727 2523 2898 2562; x_wconf 85' lang='lat' dir='ltr'><strong>annos</strong></span> <span class='ocrx_word' id='word_1_355' title='bbox 2948 2511 3288 2580; x_wconf 80' lang='lat' dir='ltr'><strong>octingentos</strong></span> <span class='ocrx_word' id='word_1_356' title='bbox 3352 2514 3651 2583; x_wconf 85' lang='lat' dir='ltr'><strong>imperator</strong></span> 
     </span>
    </p>
   </div>
   <div class='ocr_carea' id='block_1_52' title="bbox 2067 2589 3656 2675">
    <p class='ocr_par' dir='ltr' id='par_1_52' title="bbox 2067 2589 3656 2675">
     <span class='ocr_line' id='line_1_52' title="bbox 2067 2589 3656 2675; baseline 0.009 -31"><span class='ocrx_word' id='word_1_357' title='bbox 2067 2589 2424 2660; x_wconf 80' lang='lat' dir='ltr'><strong>baptizandus</strong></span> <span class='ocrx_word' id='word_1_358' title='bbox 2447 2593 2816 2663; x_wconf 75' lang='lat' dir='ltr'><strong>jejuuaverit?</strong></span> <span class='ocrx_word' id='word_1_359' title='bbox 2844 2599 2974 2665; x_wconf 88' lang='lat' dir='ltr'><strong>Qnei</strong></span> <span class='ocrx_word' id='word_1_360' title='bbox 3013 2617 3138 2654; x_wconf 88' lang='lat' dir='ltr'><strong>vero</strong></span> <span class='ocrx_word' id='word_1_361' title='bbox 3172 2603 3308 2656; x_wconf 90' lang='lat' dir='ltr'><strong>idem</strong></span> <span class='ocrx_word' id='word_1_362' title='bbox 3349 2603 3656 2675; x_wconf 77' lang='lat' dir='ltr'><strong>Sylvester,</strong></span> 
     </span>
    </p>
   </div>
   <div class='ocr_carea' id='block_1_53' title="bbox 2068 2681 3648 2765">
    <p class='ocr_par' dir='ltr' id='par_1_53' title="bbox 2068 2681 3648 2765">
     <span class='ocr_line' id='line_1_53' title="bbox 2068 2681 3648 2765; baseline 0.01 -31"><span class='ocrx_word' id='word_1_363' title='bbox 2068 2694 2188 2735; x_wconf 92' lang='lat' dir='ltr'><strong>cum</strong></span> <span class='ocrx_word' id='word_1_364' title='bbox 2245 2681 2477 2739; x_wconf 64' lang='lat' dir='ltr'><strong>Nicaeum</strong></span> <span class='ocrx_word' id='word_1_365' title='bbox 2523 2690 2713 2757; x_wconf 84' lang='lat' dir='ltr'><strong>synodi</strong></span> <span class='ocrx_word' id='word_1_366' title='bbox 2771 2706 2970 2758; x_wconf 71' lang='lat' dir='ltr'><strong>prmses</strong></span> <span class='ocrx_word' id='word_1_367' title='bbox 3021 2703 3185 2756; x_wconf 88' lang='lat' dir='ltr'><strong>esset,</strong></span> <span class='ocrx_word' id='word_1_368' title='bbox 3228 2695 3648 2765; x_wconf 81' lang='lat' dir='ltr'><strong>haudquaquam</strong></span> 
     </span>
    </p>
   </div>
   <div class='ocr_carea' id='block_1_54' title="bbox 2067 2775 3650 2853">
    <p class='ocr_par' dir='ltr' id='par_1_54' title="bbox 2067 2775 3650 2853">
     <span class='ocr_line' id='line_1_54' title="bbox 2067 2775 3650 2853; baseline 0.009 -27"><span class='ocrx_word' id='word_1_369' title='bbox 2067 2787 2191 2826; x_wconf 90' lang='lat' dir='ltr'><strong>cum</strong></span> <span class='ocrx_word' id='word_1_370' title='bbox 2222 2775 2450 2845; x_wconf 82' lang='lat' dir='ltr'><strong>synodo,</strong></span> <span class='ocrx_word' id='word_1_371' title='bbox 2500 2792 2561 2830; x_wconf 85' lang='lat' dir='ltr'><strong>ac</strong></span> <span class='ocrx_word' id='word_1_372' title='bbox 2591 2794 2711 2832; x_wconf 92' lang='lat' dir='ltr'><strong>cum</strong></span> <span class='ocrx_word' id='word_1_373' title='bbox 2749 2781 2970 2849; x_wconf 76' lang='lat' dir='ltr'><strong>reliquis</strong></span> <span class='ocrx_word' id='word_1_374' title='bbox 3002 2785 3193 2853; x_wconf 80' lang='lat' dir='ltr'><strong>synodi</strong></span> <span class='ocrx_word' id='word_1_375' title='bbox 3250 2787 3650 2852; x_wconf 82' lang='lat' dir='ltr'><strong>traditionibus,</strong></span> 
     </span>
    </p>
   </div>
   <div class='ocr_carea' id='block_1_55' title="bbox 2063 2864 3648 2946">
    <p class='ocr_par' dir='ltr' id='par_1_55' title="bbox 2063 2864 3648 2946">
     <span class='ocr_line' id='line_1_55' title="bbox 2063 2864 3648 2946; baseline 0.011 -30"><span class='ocrx_word' id='word_1_376' title='bbox 2063 2864 2330 2934; x_wconf 78' lang='lat' dir='ltr'><strong>jejunium</strong></span> <span class='ocrx_word' id='word_1_377' title='bbox 2381 2870 2480 2922; x_wconf 90' lang='lat' dir='ltr'><strong>hoc</strong></span> <span class='ocrx_word' id='word_1_378' title='bbox 2516 2870 2582 2923; x_wconf 85' lang='lat' dir='ltr'><strong>ab</strong></span> <span class='ocrx_word' id='word_1_379' title='bbox 2613 2872 2868 2926; x_wconf 86' lang='lat' dir='ltr'><strong>omnibus</strong></span> <span class='ocrx_word' id='word_1_380' title='bbox 2896 2876 3102 2928; x_wconf 87' lang='lat' dir='ltr'><strong>servari</strong></span> <span class='ocrx_word' id='word_1_381' title='bbox 3134 2877 3454 2932; x_wconf 86' lang='lat' dir='ltr'><strong>constituit?</strong></span> <span class='ocrx_word' id='word_1_382' title='bbox 3484 2880 3648 2946; x_wconf 82' lang='lat' dir='ltr'><strong>Quis-</strong></span> 
     </span>
    </p>
   </div>
   <div class='ocr_carea' id='block_1_56' title="bbox 2070 2963 3648 3036">
    <p class='ocr_par' dir='ltr' id='par_1_56' title="bbox 2070 2963 3648 3036">
     <span class='ocr_line' id='line_1_56' title="bbox 2070 2963 3648 3036; baseline 0.009 -23"><span class='ocrx_word' id='word_1_383' title='bbox 2070 2975 2191 3013; x_wconf 87' lang='lat' dir='ltr'><strong>nam</strong></span> <span class='ocrx_word' id='word_1_384' title='bbox 2218 2974 2343 3014; x_wconf 86' lang='lat' dir='ltr'><strong>vero</strong></span> <span class='ocrx_word' id='word_1_385' title='bbox 2367 2963 2732 3027; x_wconf 88' lang='lat' dir='ltr'><strong>apostolorum</strong></span> <span class='ocrx_word' id='word_1_386' title='bbox 2758 2981 2953 3030; x_wconf 77' lang='lat' dir='ltr'><strong>canon,</strong></span> <span class='ocrx_word' id='word_1_387' title='bbox 2981 2967 3282 3023; x_wconf 79' lang='lat' dir='ltr'><strong>aliorumve</strong></span> <span class='ocrx_word' id='word_1_388' title='bbox 3312 2983 3648 3036; x_wconf 86' lang='lat' dir='ltr'><strong>s.-mctorum,</strong></span> 
     </span>
    </p>
   </div>
   <div class='ocr_carea' id='block_1_57' title="bbox 2071 3053 3650 3132">
    <p class='ocr_par' dir='ltr' id='par_1_57' title="bbox 2071 3053 3650 3132">
     <span class='ocr_line' id='line_1_57' title="bbox 2071 3053 3650 3132; baseline 0.008 -27"><span class='ocrx_word' id='word_1_389' title='bbox 2071 3063 2161 3106; x_wconf 91' lang='lat' dir='ltr'><strong>aut</strong></span> <span class='ocrx_word' id='word_1_390' title='bbox 2199 3053 2556 3123; x_wconf 88' lang='lat' dir='ltr'><strong>synodorum,</strong></span> <span class='ocrx_word' id='word_1_391' title='bbox 2617 3056 2687 3109; x_wconf 87' lang='lat' dir='ltr'><strong>ita</strong></span> <span class='ocrx_word' id='word_1_392' title='bbox 2747 3056 2899 3124; x_wconf 89' lang='lat' dir='ltr'><strong>jubet</strong></span> <span class='ocrx_word' id='word_1_393' title='bbox 2954 3066 3010 3111; x_wconf 89' lang='lat' dir='ltr'><strong>ut</strong></span> <span class='ocrx_word' id='word_1_394' title='bbox 3059 3061 3491 3132; x_wconf 89' lang='lat' dir='ltr'><strong>quotiescunque</strong></span> <span class='ocrx_word' id='word_1_395' title='bbox 3548 3065 3650 3117; x_wconf 90' lang='lat' dir='ltr'><strong>im-</strong></span> 
     </span>
    </p>
   </div>
   <div class='ocr_carea' id='block_1_58' title="bbox 369 3117 1962 3219">
    <p class='ocr_par' dir='ltr' id='par_1_58' title="bbox 369 3117 1962 3219">
     <span class='ocr_line' id='line_1_58' title="bbox 369 3117 1962 3219; baseline 0.013 -38"><span class='ocrx_word' id='word_1_396' title='bbox 369 3127 687 3199; x_wconf 81' lang='grc' dir='ltr'>λευόμενος,</span> <span class='ocrx_word' id='word_1_397' title='bbox 708 3134 809 3196; x_wconf 82' lang='grc' dir='ltr'>ὅτι,</span> <span class='ocrx_word' id='word_1_398' title='bbox 834 3135 1026 3198; x_wconf 78' lang='grc' dir='ltr'>ὁσάκις</span> <span class='ocrx_word' id='word_1_399' title='bbox 1051 3136 1108 3201; x_wconf 85' lang='grc' dir='ltr'>ἐξ</span> <span class='ocrx_word' id='word_1_400' title='bbox 1138 3117 1412 3212; x_wconf 77' lang='grc' dir='ltr'>Ἑλλήνων</span> <span class='ocrx_word' id='word_1_401' title='bbox 1439 3142 1696 3212; x_wconf 81' lang='grc' dir='ltr'>βασιλεὺς</span> <span class='ocrx_word' id='word_1_402' title='bbox 1723 3117 1807 3212; x_wconf 76' lang='grc' dir='ltr'><strong>είς</strong></span> <span class='ocrx_word' id='word_1_403' title='bbox 1830 3147 1962 3219; x_wconf 81' lang='grc' dir='ltr'>Χρι-</span> 
     </span>
    </p>
   </div>
   <div class='ocr_carea' id='block_1_59' title="bbox 2067 3117 3649 3219">
    <p class='ocr_par' dir='ltr' id='par_1_59' title="bbox 2072 3146 3649 3216">
     <span class='ocr_line' id='line_1_59' title="bbox 2072 3146 3649 3216; baseline 0.007 -17"><span class='ocrx_word' id='word_1_404' title='bbox 2072 3154 2288 3212; x_wconf 87' lang='lat' dir='ltr'><strong>perator</strong></span> <span class='ocrx_word' id='word_1_405' title='bbox 2337 3163 2365 3200; x_wconf 91' lang='lat' dir='ltr'><strong>a</strong></span> <span class='ocrx_word' id='word_1_406' title='bbox 2424 3146 2702 3216; x_wconf 79' lang='lat' dir='ltr'><strong>gentilium</strong></span> <span class='ocrx_word' id='word_1_407' title='bbox 2761 3163 2947 3201; x_wconf 78' lang='lat' dir='ltr'><strong>cirore</strong></span> <span class='ocrx_word' id='word_1_408' title='bbox 3007 3162 3300 3205; x_wconf 85' lang='lat' dir='ltr'><strong>conversus</strong></span> <span class='ocrx_word' id='word_1_409' title='bbox 3357 3153 3517 3208; x_wconf 82' lang='lat' dir='ltr'><strong>fuerit</strong></span> <span class='ocrx_word' id='word_1_410' title='bbox 3581 3155 3649 3210; x_wconf 88' lang='lat' dir='ltr'><strong>ad</strong></span> 
     </span>
    </p>
   </div>
   <div class='ocr_carea' id='block_1_60' title="bbox 371 3222 1967 3310">
    <p class='ocr_par' dir='ltr' id='par_1_60' title="bbox 371 3222 1967 3310">
     <span class='ocr_line' id='line_1_60' title="bbox 371 3222 1967 3310; baseline 0.012 -36"><span class='ocrx_word' id='word_1_411' title='bbox 371 3222 688 3292; x_wconf 83' lang='grc' dir='ltr'>στιανισμὸν</span> <span class='ocrx_word' id='word_1_412' title='bbox 727 3225 1032 3298; x_wconf 67' lang='grc' dir='ltr'>ἐπιστρέψῃ</span> <span class='ocrx_word' id='word_1_413' title='bbox 1075 3229 1170 3281; x_wconf 75' lang='grc' dir='ltr'><strong>καὶ</strong></span> <span class='ocrx_word' id='word_1_414' title='bbox 1217 3231 1388 3304; x_wconf 78' lang='grc' dir='ltr'>μέλλῃ</span> <span class='ocrx_word' id='word_1_415' title='bbox 1427 3233 1828 3306; x_wconf 80' lang='grc' dir='ltr'>βαπτισθῆναι,</span> <span class='ocrx_word' id='word_1_416' title='bbox 1870 3258 1967 3310; x_wconf 83' lang='grc' dir='ltr'>νη-</span> 
     </span>
    </p>
   </div>
   <div class='ocr_carea' id='block_1_61' title="bbox 371 3315 1964 3400">
    <p class='ocr_par' dir='ltr' id='par_1_61' title="bbox 371 3315 1964 3400">
     <span class='ocr_line' id='line_1_61' title="bbox 371 3315 1964 3400; baseline 0.012 -34"><span class='ocrx_word' id='word_1_417' title='bbox 371 3315 594 3368; x_wconf 82' lang='grc' dir='ltr'>στεῦσαι</span> <span class='ocrx_word' id='word_1_418' title='bbox 631 3319 946 3388; x_wconf 79' lang='grc' dir='ltr'>παραυτίκα</span> <span class='ocrx_word' id='word_1_419' title='bbox 982 3319 1082 3390; x_wconf 82' lang='grc' dir='ltr'>τὴν</span> <span class='ocrx_word' id='word_1_420' title='bbox 1121 3323 1375 3392; x_wconf 82' lang='grc' dir='ltr'>νηστείαν</span> <span class='ocrx_word' id='word_1_421' title='bbox 1412 3326 1506 3379; x_wconf 80' lang='grc' dir='ltr'>τοῦ</span> <span class='ocrx_word' id='word_1_422' title='bbox 1550 3333 1964 3400; x_wconf 80' lang='grc' dir='ltr'>κατηχουμένου</span> 
     </span>
    </p>
   </div>
   <div class='ocr_carea' id='block_1_62' title="bbox 370 3405 1963 3481">
    <p class='ocr_par' dir='ltr' id='par_1_62' title="bbox 370 3405 1963 3481">
     <span class='ocr_line' id='line_1_62' title="bbox 370 3405 1963 3481; baseline 0.014 -24"><span class='ocrx_word' id='word_1_423' title='bbox 370 3405 635 3475; x_wconf 87' lang='grc' dir='ltr'>βασιλέως</span> <span class='ocrx_word' id='word_1_424' title='bbox 667 3409 1025 3477; x_wconf 80' lang='grc' dir='ltr'>τυπωθῆναι,</span> <span class='ocrx_word' id='word_1_425' title='bbox 1064 3414 1156 3465; x_wconf 67' lang='grc' dir='ltr'><strong>καὶ</strong></span> <span class='ocrx_word' id='word_1_426' title='bbox 1192 3415 1562 3481; x_wconf 79' lang='grc' dir='ltr'>φυλάττεσθαι</span> <span class='ocrx_word' id='word_1_427' title='bbox 1600 3421 1705 3473; x_wconf 76' lang='grc' dir='ltr'>ὑπὸ</span> <span class='ocrx_word' id='word_1_428' title='bbox 1738 3423 1832 3475; x_wconf 82' lang='grc' dir='ltr'>τοῦ</span> <span class='ocrx_word' id='word_1_429' title='bbox 1871 3427 1963 3478; x_wconf 86' lang='grc' dir='ltr'>κό-</span> 
     </span>
    </p>
   </div>
   <div class='ocr_carea' id='block_1_63' title="bbox 371 3502 1269 3574">
    <p class='ocr_par' dir='ltr' id='par_1_63' title="bbox 371 3502 1269 3574">
     <span class='ocr_line' id='line_1_63' title="bbox 371 3502 1269 3574; baseline 0.008 -22"><span class='ocrx_word' id='word_1_430' title='bbox 371 3515 510 3569; x_wconf 87' lang='grc' dir='ltr'>σμου</span> <span class='ocrx_word' id='word_1_431' title='bbox 546 3502 745 3566; x_wconf 76' lang='grc' dir='ltr'>παντὸς</span> <span class='ocrx_word' id='word_1_432' title='bbox 778 3502 884 3564; x_wconf 78' lang='grc' dir='ltr'>ἓως</span> <span class='ocrx_word' id='word_1_433' title='bbox 916 3503 1012 3556; x_wconf 79' lang='grc' dir='ltr'>τοῦ</span> <span class='ocrx_word' id='word_1_434' title='bbox 1045 3507 1269 3574; x_wconf 84' lang='grc' dir='ltr'>αίῶνος;</span> 
     </span>
    </p>
   </div>
   <div class='ocr_carea' id='block_1_64' title="bbox 442 3617 1964 3702">
    <p class='ocr_par' dir='ltr' id='par_1_64' title="bbox 442 3617 1964 3702">
     <span class='ocr_line' id='line_1_64' title="bbox 442 3617 1964 3702; baseline 0.011 -34"><span class='ocrx_word' id='word_1_435' title='bbox 442 3617 516 3669; x_wconf 88' lang='grc' dir='ltr'><strong>Ζ¹.</strong></span> <span class='ocrx_word' id='word_1_436' title='bbox 553 3617 664 3670; x_wconf 76' lang='lat' dir='ltr'><strong>Kal.</strong></span> <span class='ocrx_word' id='word_1_437' title='bbox 689 3617 1020 3682; x_wconf 78' lang='grc' dir='ltr'>δειξάτωσαν</span> <span class='ocrx_word' id='word_1_438' title='bbox 1046 3624 1178 3692; x_wconf 76' lang='grc' dir='ltr'>ἡμῖν</span> <span class='ocrx_word' id='word_1_439' title='bbox 1210 3626 1262 3676; x_wconf 82' lang='grc' dir='ltr'><strong>τί</strong></span> <span class='ocrx_word' id='word_1_440' title='bbox 1295 3625 1355 3678; x_wconf 77' lang='grc' dir='ltr'>τὸ</span> <span class='ocrx_word' id='word_1_441' title='bbox 1386 3626 1558 3697; x_wconf 73' lang='grc' dir='ltr'>ὄνομα</span> <span class='ocrx_word' id='word_1_442' title='bbox 1584 3631 1682 3699; x_wconf 78' lang='grc' dir='ltr'><strong>τῆς</strong></span> <span class='ocrx_word' id='word_1_443' title='bbox 1713 3634 1964 3702; x_wconf 74' lang='grc' dir='ltr'>νηστείας</span> 
     </span>
    </p>
   </div>
   <div class='ocr_carea' id='block_1_65' title="bbox 368 3705 1966 3794">
    <p class='ocr_par' dir='ltr' id='par_1_65' title="bbox 368 3705 1966 3794">
     <span class='ocr_line' id='line_1_65' title="bbox 368 3705 1966 3794; baseline 0.014 -37"><span class='ocrx_word' id='word_1_444' title='bbox 368 3705 609 3776; x_wconf 83' lang='grc' dir='ltr'>ταύτης;</span> <span class='ocrx_word' id='word_1_445' title='bbox 645 3709 809 3762; x_wconf 77' lang='grc' dir='ltr'>Αὐτοὶ</span> <span class='ocrx_word' id='word_1_446' title='bbox 841 3711 896 3764; x_wconf 86' lang='grc' dir='ltr'><strong>δὲ</strong></span> <span class='ocrx_word' id='word_1_447' title='bbox 934 3712 1342 3786; x_wconf 73' lang='grc' dir='ltr'>Ἀρτζηϐούρην</span> <span class='ocrx_word' id='word_1_448' title='bbox 1375 3719 1622 3787; x_wconf 86' lang='grc' dir='ltr'>λέγουσιν</span> <span class='ocrx_word' id='word_1_449' title='bbox 1650 3738 1664 3752; x_wconf 80' lang='lat'><strong><em>°</em></strong></span> <span class='ocrx_word' id='word_1_450' title='bbox 1713 3725 1871 3794; x_wconf 78' lang='grc' dir='ltr'>ἡμεῖς</span> <span class='ocrx_word' id='word_1_451' title='bbox 1908 3727 1966 3779; x_wconf 81' lang='grc' dir='ltr'><strong>δὲ</strong></span> 
     </span>
    </p>
   </div>
   <div class='ocr_carea' id='block_1_66' title="bbox 367 3799 1966 3885">
    <p class='ocr_par' dir='ltr' id='par_1_66' title="bbox 367 3799 1966 3885">
     <span class='ocr_line' id='line_1_66' title="bbox 367 3799 1966 3885; baseline 0.014 -35"><span class='ocrx_word' id='word_1_452' title='bbox 367 3799 429 3851; x_wconf 79' lang='grc' dir='ltr'>τὸ</span> <span class='ocrx_word' id='word_1_453' title='bbox 477 3802 671 3872; x_wconf 80' lang='grc' dir='ltr'>μιαρὸν</span> <span class='ocrx_word' id='word_1_454' title='bbox 715 3803 894 3857; x_wconf 83' lang='grc' dir='ltr'>αὐτῶν</span> <span class='ocrx_word' id='word_1_455' title='bbox 931 3805 1102 3876; x_wconf 73' lang='grc' dir='ltr'>ὄνομα</span> <span class='ocrx_word' id='word_1_456' title='bbox 1145 3809 1404 3863; x_wconf 78' lang='grc' dir='ltr'>οὐδέποτε</span> <span class='ocrx_word' id='word_1_457' title='bbox 1448 3812 1703 3885; x_wconf 70' lang='grc' dir='ltr'>εὕρομεν.</span> <span class='ocrx_word' id='word_1_458' title='bbox 1749 3819 1871 3881; x_wconf 85' lang='grc' dir='ltr'>Πῶς</span> <span class='ocrx_word' id='word_1_459' title='bbox 1911 3819 1966 3872; x_wconf 83' lang='grc' dir='ltr'><strong>δὲ</strong></span> 
     </span>
    </p>
   </div>
   <div class='ocr_carea' id='block_1_67' title="bbox 367 3891 1968 3977">
    <p class='ocr_par' dir='ltr' id='par_1_67' title="bbox 367 3891 1968 3977">
     <span class='ocr_line' id='line_1_67' title="bbox 367 3891 1968 3977; baseline 0.013 -34"><span class='ocrx_word' id='word_1_460' title='bbox 367 3891 470 3954; x_wconf 78' lang='grc' dir='ltr'>τὰς</span> <span class='ocrx_word' id='word_1_461' title='bbox 518 3895 852 3964; x_wconf 86' lang='grc' dir='ltr'>παραδόσεις</span> <span class='ocrx_word' id='word_1_462' title='bbox 905 3899 1106 3964; x_wconf 79' lang='grc' dir='ltr'>πάσας,</span> <span class='ocrx_word' id='word_1_463' title='bbox 1156 3902 1248 3954; x_wconf 70' lang='grc' dir='ltr'><strong>καὶ</strong></span> <span class='ocrx_word' id='word_1_464' title='bbox 1292 3904 1358 3957; x_wconf 69' lang='grc' dir='ltr'><strong>τὰ</strong></span> <span class='ocrx_word' id='word_1_465' title='bbox 1406 3905 1652 3977; x_wconf 82' lang='grc' dir='ltr'>δόγματα</span> <span class='ocrx_word' id='word_1_466' title='bbox 1691 3909 1801 3961; x_wconf 83' lang='grc' dir='ltr'><strong>τῶν</strong></span> <span class='ocrx_word' id='word_1_467' title='bbox 1833 3910 1968 3965; x_wconf 78' lang='grc' dir='ltr'><strong>Ῥω·</strong></span> 
     </span>
    </p>
   </div>
   <div class='ocr_carea' id='block_1_68' title="bbox 373 3985 1967 4070">
    <p class='ocr_par' dir='ltr' id='par_1_68' title="bbox 373 3985 1967 4070">
     <span class='ocr_line' id='line_1_68' title="bbox 373 3985 1967 4070; baseline 0.011 -32"><span class='ocrx_word' id='word_1_468' title='bbox 373 3985 553 4055; x_wconf 84' lang='grc' dir='ltr'>μαίων</span> <span class='ocrx_word' id='word_1_469' title='bbox 579 3988 1073 4057; x_wconf 79' lang='grc' dir='ltr'>ἀναθεματίζοντες</span> <span class='ocrx_word' id='word_1_470' title='bbox 1103 3995 1197 4045; x_wconf 76' lang='grc' dir='ltr'>καὶ</span> <span class='ocrx_word' id='word_1_471' title='bbox 1224 3995 1660 4068; x_wconf 83' lang='grc' dir='ltr'>ἀπαρνούμενοι,</span> <span class='ocrx_word' id='word_1_472' title='bbox 1693 4001 1858 4070; x_wconf 76' lang='grc' dir='ltr'>μόνον</span> <span class='ocrx_word' id='word_1_473' title='bbox 1883 4003 1967 4055; x_wconf 89' lang='grc' dir='ltr'>λε-</span> 
     </span>
    </p>
   </div>
   <div class='ocr_carea' id='block_1_69' title="bbox 368 4078 1966 4157">
    <p class='ocr_par' dir='ltr' id='par_1_69' title="bbox 368 4078 1966 4157">
     <span class='ocr_line' id='line_1_69' title="bbox 368 4078 1966 4157; baseline 0.009 -26"><span class='ocrx_word' id='word_1_474' title='bbox 368 4078 601 4149; x_wconf 86' lang='grc' dir='ltr'>γόμενον</span> <span class='ocrx_word' id='word_1_475' title='bbox 635 4083 1046 4157; x_wconf 79' lang='grc' dir='ltr'>Ἀρτζηὸούρην</span> <span class='ocrx_word' id='word_1_476' title='bbox 1077 4089 1411 4157; x_wconf 82' lang='grc' dir='ltr'>φυλάττουσι</span> <span class='ocrx_word' id='word_1_477' title='bbox 1438 4109 1452 4156; x_wconf 91' lang='grc'>;</span> <span class='ocrx_word' id='word_1_478' title='bbox 1487 4091 1584 4155; x_wconf 86' lang='grc' dir='ltr'>Τίς</span> <span class='ocrx_word' id='word_1_479' title='bbox 1617 4091 1709 4145; x_wconf 80' lang='grc' dir='ltr'><strong>οὖν</strong></span> <span class='ocrx_word' id='word_1_480' title='bbox 1739 4095 1800 4145; x_wconf 76' lang='grc' dir='ltr'><strong>οὐ</strong></span> <span class='ocrx_word' id='word_1_481' title='bbox 1836 4112 1966 4146; x_wconf 90' lang='grc' dir='ltr'>συν-</span> 
     </span>
    </p>
   </div>
   <div class='ocr_carea' id='block_1_70' title="bbox 364 4172 1968 4257">
    <p class='ocr_par' dir='ltr' id='par_1_70' title="bbox 364 4172 1968 4257">
     <span class='ocr_line' id='line_1_70' title="bbox 364 4172 1968 4257; baseline 0.01 -33"><span class='ocrx_word' id='word_1_482' title='bbox 364 4173 470 4242; x_wconf 77' lang='grc' dir='ltr'>ορᾷ</span> <span class='ocrx_word' id='word_1_483' title='bbox 511 4172 608 4245; x_wconf 82' lang='grc' dir='ltr'><strong>τὴν</strong></span> <span class='ocrx_word' id='word_1_484' title='bbox 654 4177 993 4246; x_wconf 83' lang='grc' dir='ltr'>πανουργίαν</span> <span class='ocrx_word' id='word_1_485' title='bbox 1043 4181 1138 4232; x_wconf 76' lang='grc' dir='ltr'><strong>καὶ</strong></span> <span class='ocrx_word' id='word_1_486' title='bbox 1185 4181 1480 4252; x_wconf 83' lang='grc' dir='ltr'>ὑπόκρισιν</span> <span class='ocrx_word' id='word_1_487' title='bbox 1523 4184 1634 4236; x_wconf 82' lang='grc' dir='ltr'><strong>τῶν</strong></span> <span class='ocrx_word' id='word_1_488' title='bbox 1682 4185 1968 4257; x_wconf 84' lang='grc' dir='ltr'>θεομὰχων</span> 
     </span>
    </p>
   </div>
   <div class='ocr_carea' id='block_1_71' title="bbox 381 4266 1967 4357">
    <p class='ocr_par' dir='ltr' id='par_1_71' title="bbox 381 4266 1967 4357">
     <span class='ocr_line' id='line_1_71' title="bbox 381 4266 1967 4357; baseline 0.009 -39"><span class='ocrx_word' id='word_1_489' title='bbox 381 4266 708 4334; x_wconf 84' lang='grc' dir='ltr'>Ἀρμενίων,</span> <span class='ocrx_word' id='word_1_490' title='bbox 736 4269 840 4334; x_wconf 84' lang='grc' dir='ltr'>ὅτι,</span> <span class='ocrx_word' id='word_1_491' title='bbox 868 4269 958 4323; x_wconf 72' lang='grc' dir='ltr'><strong>διὰ</strong></span> <span class='ocrx_word' id='word_1_492' title='bbox 988 4272 1049 4324; x_wconf 77' lang='grc' dir='ltr'><strong>τὸ</strong></span> <span class='ocrx_word' id='word_1_493' title='bbox 1083 4271 1356 4340; x_wconf 84' lang='grc' dir='ltr'>πλανῆσαι</span> <span class='ocrx_word' id='word_1_494' title='bbox 1386 4275 1514 4338; x_wconf 78' lang='grc' dir='ltr'>τοὺς</span> <span class='ocrx_word' id='word_1_495' title='bbox 1542 4277 1967 4357; x_wconf 59' lang='grc' dir='ltr'>ἀφελεστέρους,</span> 
     </span>
    </p>
   </div>
   <div class='ocr_carea' id='block_1_72' title="bbox 366 4360 1968 4435">
    <p class='ocr_par' dir='ltr' id='par_1_72' title="bbox 366 4360 1968 4435">
     <span class='ocr_line' id='line_1_72' title="bbox 366 4360 1968 4435; baseline 0.007 -21"><span class='ocrx_word' id='word_1_496' title='bbox 366 4360 465 4414; x_wconf 74' lang='grc' dir='ltr'>καὶ</span> <span class='ocrx_word' id='word_1_497' title='bbox 505 4362 586 4423; x_wconf 84' lang='grc' dir='ltr'><strong>είς</strong></span> <span class='ocrx_word' id='word_1_498' title='bbox 622 4364 720 4432; x_wconf 80' lang='grc' dir='ltr'>τὴν</span> <span class='ocrx_word' id='word_1_499' title='bbox 757 4362 970 4417; x_wconf 73' lang='grc' dir='ltr'>ἑαυτῶν</span> <span class='ocrx_word' id='word_1_500' title='bbox 1008 4364 1222 4435; x_wconf 76' lang='grc' dir='ltr'>αἵρεσιν</span> <span class='ocrx_word' id='word_1_501' title='bbox 1263 4367 1527 4433; x_wconf 75' lang='grc' dir='ltr'>κατᾶξαι,</span> <span class='ocrx_word' id='word_1_502' title='bbox 1568 4371 1745 4422; x_wconf 81' lang='grc' dir='ltr'>ταῦτα</span> <span class='ocrx_word' id='word_1_503' title='bbox 1788 4373 1968 4426; x_wconf 81' lang='grc' dir='ltr'>πάντα</span> 
     </span>
    </p>
   </div>
   <div class='ocr_carea' id='block_1_73' title="bbox 2067 3236 3650 3314">
    <p class='ocr_par' dir='ltr' id='par_1_73' title="bbox 2067 3236 3650 3314">
     <span class='ocr_line' id='line_1_73' title="bbox 2067 3236 3650 3314; baseline 0.006 -24"><span class='ocrx_word' id='word_1_504' title='bbox 2067 3236 2568 3302; x_wconf 85' lang='lat' dir='ltr'><strong>Christianismum,</strong></span> <span class='ocrx_word' id='word_1_505' title='bbox 2611 3253 2673 3292; x_wconf 85' lang='lat' dir='ltr'><strong>ac</strong></span> <span class='ocrx_word' id='word_1_506' title='bbox 2709 3238 2955 3293; x_wconf 84' lang='lat' dir='ltr'><strong>debuerit</strong></span> <span class='ocrx_word' id='word_1_507' title='bbox 2987 3241 3274 3311; x_wconf 83' lang='lat' dir='ltr'><strong>baptizari,</strong></span> <span class='ocrx_word' id='word_1_508' title='bbox 3302 3245 3484 3297; x_wconf 89' lang='lat' dir='ltr'><strong>statim</strong></span> <span class='ocrx_word' id='word_1_509' title='bbox 3516 3262 3650 3314; x_wconf 62' lang='lat' dir='ltr'><strong>pra:-</strong></span> 
     </span>
    </p>
   </div>
   <div class='ocr_carea' id='block_1_74' title="bbox 2068 3328 3649 3404">
    <p class='ocr_par' dir='ltr' id='par_1_74' title="bbox 2068 3328 3649 3404">
     <span class='ocr_line' id='line_1_74' title="bbox 2068 3328 3649 3404; baseline 0.006 -23"><span class='ocrx_word' id='word_1_510' title='bbox 2068 3328 2379 3395; x_wconf 83' lang='lat' dir='ltr'><strong>scribatur,</strong></span> <span class='ocrx_word' id='word_1_511' title='bbox 2439 3340 2496 3382; x_wconf 92' lang='lat' dir='ltr'><strong>ut</strong></span> <span class='ocrx_word' id='word_1_512' title='bbox 2563 3331 2911 3399; x_wconf 83' lang='lat' dir='ltr'><strong>imperatoris</strong></span> <span class='ocrx_word' id='word_1_513' title='bbox 2961 3332 3331 3388; x_wconf 87' lang='lat' dir='ltr'><strong>catechumeni</strong></span> <span class='ocrx_word' id='word_1_514' title='bbox 3384 3333 3649 3404; x_wconf 78' lang='lat' dir='ltr'><strong>jejunium</strong></span> 
     </span>
    </p>
   </div>
   <div class='ocr_carea' id='block_1_75' title="bbox 2069 3418 3652 3495">
    <p class='ocr_par' dir='ltr' id='par_1_75' title="bbox 2069 3418 3652 3495">
     <span class='ocr_line' id='line_1_75' title="bbox 2069 3418 3652 3495; baseline 0.008 -24"><span class='ocrx_word' id='word_1_515' title='bbox 2069 3418 2134 3471; x_wconf 82' lang='lat' dir='ltr'><strong>ab</strong></span> <span class='ocrx_word' id='word_1_516' title='bbox 2161 3419 2417 3474; x_wconf 91' lang='lat' dir='ltr'><strong>universo</strong></span> <span class='ocrx_word' id='word_1_517' title='bbox 2450 3427 2651 3474; x_wconf 89' lang='lat' dir='ltr'><strong>mundo</strong></span> <span class='ocrx_word' id='word_1_518' title='bbox 2683 3423 2928 3476; x_wconf 88' lang='lat' dir='ltr'><strong>solemne</strong></span> <span class='ocrx_word' id='word_1_519' title='bbox 2955 3424 3006 3478; x_wconf 90' lang='lat' dir='ltr'><strong>in</strong></span> <span class='ocrx_word' id='word_1_520' title='bbox 3035 3436 3353 3495; x_wconf 83' lang='lat' dir='ltr'><strong>perpetuum</strong></span> <span class='ocrx_word' id='word_1_521' title='bbox 3389 3429 3652 3484; x_wconf 74' lang='lat' dir='ltr'><strong>habeatur</strong></span> 
     </span>
    </p>
   </div>
   <div class='ocr_carea' id='block_1_76' title="bbox 2068 3517 2544 3582">
    <p class='ocr_par' dir='ltr' id='par_1_76' title="bbox 2068 3517 2544 3582">
     <span class='ocr_line' id='line_1_76' title="bbox 2068 3517 2544 3582; baseline 0.011 -18"><span class='ocrx_word' id='word_1_522' title='bbox 2068 3522 2232 3582; x_wconf 85' lang='lat' dir='ltr'><strong>atque</strong></span> <span class='ocrx_word' id='word_1_523' title='bbox 2255 3517 2544 3569; x_wconf 81' lang='lat' dir='ltr'><strong>servetur?</strong></span> 
     </span>
    </p>
   </div>
   <div class='ocr_carea' id='block_1_77' title="bbox 2142 3624 3650 3706">
    <p class='ocr_par' dir='ltr' id='par_1_77' title="bbox 2142 3624 3650 3706">
     <span class='ocr_line' id='line_1_77' title="bbox 2142 3624 3650 3706; baseline 0.007 -24"><span class='ocrx_word' id='word_1_524' title='bbox 2142 3624 2254 3682; x_wconf 70' lang='lat' dir='ltr'><strong>VH;</strong></span> <span class='ocrx_word' id='word_1_525' title='bbox 2289 3626 2591 3684; x_wconf 87' lang='lat' dir='ltr'><strong>Ostendant</strong></span> <span class='ocrx_word' id='word_1_526' title='bbox 2636 3644 2764 3686; x_wconf 80' lang='lat' dir='ltr'><strong>vero</strong></span> <span class='ocrx_word' id='word_1_527' title='bbox 2794 3631 2923 3702; x_wconf 81' lang='lat' dir='ltr'><strong>quid</strong></span> <span class='ocrx_word' id='word_1_528' title='bbox 2963 3633 3198 3688; x_wconf 79' lang='lat' dir='ltr'><strong>nominis</strong></span> <span class='ocrx_word' id='word_1_529' title='bbox 3251 3635 3394 3689; x_wconf 85' lang='lat' dir='ltr'><strong>illius</strong></span> <span class='ocrx_word' id='word_1_530' title='bbox 3434 3636 3650 3706; x_wconf 80' lang='lat' dir='ltr'><strong>jejunii.</strong></span> 
     </span>
    </p>
   </div>
   <div class='ocr_carea' id='block_1_78' title="bbox 2069 3715 3650 3790">
    <p class='ocr_par' dir='ltr' id='par_1_78' title="bbox 2069 3715 3650 3790">
     <span class='ocr_line' id='line_1_78' title="bbox 2069 3715 3650 3790; baseline 0.007 -19"><span class='ocrx_word' id='word_1_531' title='bbox 2069 3718 2175 3788; x_wconf 80' lang='lat' dir='ltr'><strong>Ipsi</strong></span> <span class='ocrx_word' id='word_1_532' title='bbox 2223 3736 2381 3789; x_wconf 85' lang='lat' dir='ltr'><strong>porro</strong></span> <span class='ocrx_word' id='word_1_533' title='bbox 2431 3715 2783 3775; x_wconf 77' lang='lat' dir='ltr'><strong>Artzebttrem</strong></span> <span class='ocrx_word' id='word_1_534' title='bbox 2844 3723 3066 3788; x_wconf 89' lang='lat' dir='ltr'><strong>dicunt;</strong></span> <span class='ocrx_word' id='word_1_535' title='bbox 3105 3740 3206 3778; x_wconf 83' lang='lat' dir='ltr'><strong>nos</strong></span> <span class='ocrx_word' id='word_1_536' title='bbox 3262 3737 3465 3790; x_wconf 86' lang='lat' dir='ltr'><strong>autem,</strong></span> <span class='ocrx_word' id='word_1_537' title='bbox 3522 3745 3650 3782; x_wconf 85' lang='lat' dir='ltr'><strong>nus-</strong></span> 
     </span>
    </p>
   </div>
   <div class='ocr_carea' id='block_1_79' title="bbox 2069 3813 3648 3885">
    <p class='ocr_par' dir='ltr' id='par_1_79' title="bbox 2069 3813 3648 3885">
     <span class='ocr_line' id='line_1_79' title="bbox 2069 3813 3648 3885; baseline 0.006 -23"><span class='ocrx_word' id='word_1_538' title='bbox 2069 3828 2230 3879; x_wconf 87' lang='lat' dir='ltr'><strong>quam</strong></span> <span class='ocrx_word' id='word_1_539' title='bbox 2296 3813 2628 3865; x_wconf 83' lang='lat' dir='ltr'><strong>exsecrahile</strong></span> <span class='ocrx_word' id='word_1_540' title='bbox 2665 3813 2876 3866; x_wconf 85' lang='lat' dir='ltr'><strong>illorum</strong></span> <span class='ocrx_word' id='word_1_541' title='bbox 2925 3830 3122 3868; x_wconf 90' lang='lat' dir='ltr'><strong>nomen</strong></span> <span class='ocrx_word' id='word_1_542' title='bbox 3150 3817 3474 3872; x_wconf 83' lang='lat' dir='ltr'><strong>invenimus.</strong></span> <span class='ocrx_word' id='word_1_543' title='bbox 3514 3818 3648 3885; x_wconf 84' lang='lat' dir='ltr'><strong>Quei</strong></span> 
     </span>
    </p>
   </div>
   <div class='ocr_carea' id='block_1_80' title="bbox 2071 3903 3652 3976">
    <p class='ocr_par' dir='ltr' id='par_1_80' title="bbox 2071 3903 3652 3976">
     <span class='ocr_line' id='line_1_80' title="bbox 2071 3903 3652 3976; baseline 0.003 -19"><span class='ocrx_word' id='word_1_544' title='bbox 2071 3919 2236 3968; x_wconf 84' lang='lat' dir='ltr'><strong>vero,</strong></span> <span class='ocrx_word' id='word_1_545' title='bbox 2295 3919 2482 3957; x_wconf 89' lang='lat' dir='ltr'><strong>onmes</strong></span> <span class='ocrx_word' id='word_1_546' title='bbox 2537 3903 2905 3959; x_wconf 80' lang='lat' dir='ltr'><strong>Romanorum</strong></span> <span class='ocrx_word' id='word_1_547' title='bbox 2967 3906 3282 3962; x_wconf 85' lang='lat' dir='ltr'><strong>traditiones</strong></span> <span class='ocrx_word' id='word_1_548' title='bbox 3339 3918 3502 3976; x_wconf 76' lang='lat' dir='ltr'><strong>atque</strong></span> <span class='ocrx_word' id='word_1_549' title='bbox 3554 3911 3652 3965; x_wconf 86' lang='lat' dir='ltr'><strong>do-</strong></span> 
     </span>
    </p>
   </div>
   <div class='ocr_carea' id='block_1_81' title="bbox 2070 3999 3650 4073">
    <p class='ocr_par' dir='ltr' id='par_1_81' title="bbox 2070 3999 3650 4073">
     <span class='ocr_line' id='line_1_81' title="bbox 2070 3999 3650 4073; baseline 0.005 -22"><span class='ocrx_word' id='word_1_550' title='bbox 2070 4009 2252 4067; x_wconf 81' lang='lat' dir='ltr'><strong>gmata</strong></span> <span class='ocrx_word' id='word_1_551' title='bbox 2312 4003 2654 4052; x_wconf 82' lang='lat' dir='ltr'><strong>anathemate</strong></span> <span class='ocrx_word' id='word_1_552' title='bbox 2721 3999 3086 4066; x_wconf 85' lang='lat' dir='ltr'><strong>datnttantes,</strong></span> <span class='ocrx_word' id='word_1_553' title='bbox 3153 4011 3315 4069; x_wconf 87' lang='lat' dir='ltr'><strong>atque</strong></span> <span class='ocrx_word' id='word_1_554' title='bbox 3369 4014 3650 4073; x_wconf 80' lang='lat' dir='ltr'><strong>negantes,</strong></span> 
     </span>
    </p>
   </div>
   <div class='ocr_carea' id='block_1_82' title="bbox 2068 4090 3648 4163">
    <p class='ocr_par' dir='ltr' id='par_1_82' title="bbox 2068 4090 3648 4163">
     <span class='ocr_line' id='line_1_82' title="bbox 2068 4090 3648 4163; baseline 0.003 -18"><span class='ocrx_word' id='word_1_555' title='bbox 2068 4090 2331 4160; x_wconf 87' lang='lat' dir='ltr'><strong>jejunium</strong></span> <span class='ocrx_word' id='word_1_556' title='bbox 2399 4090 2598 4145; x_wconf 88' lang='lat' dir='ltr'><strong>dictum</strong></span> <span class='ocrx_word' id='word_1_557' title='bbox 2661 4093 3018 4146; x_wconf 79' lang='lat' dir='ltr'><strong>Artzeburem</strong></span> <span class='ocrx_word' id='word_1_558' title='bbox 3081 4095 3439 4150; x_wconf 83' lang='lat' dir='ltr'><strong>custodiunt?</strong></span> <span class='ocrx_word' id='word_1_559' title='bbox 3515 4096 3648 4163; x_wconf 87' lang='lat' dir='ltr'><strong>Quis</strong></span> 
     </span>
    </p>
   </div>
   <div class='ocr_carea' id='block_1_83' title="bbox 2072 4182 3651 4252">
    <p class='ocr_par' dir='ltr' id='par_1_83' title="bbox 2072 4182 3651 4252">
     <span class='ocr_line' id='line_1_83' title="bbox 2072 4182 3651 4252; baseline 0.006 -18"><span class='ocrx_word' id='word_1_560' title='bbox 2072 4197 2224 4252; x_wconf 84' lang='lat' dir='ltr'><strong>ergo,</strong></span> <span class='ocrx_word' id='word_1_561' title='bbox 2273 4183 2362 4235; x_wconf 87' lang='lat' dir='ltr'><strong>Dei</strong></span> <span class='ocrx_word' id='word_1_562' title='bbox 2411 4182 2844 4237; x_wconf 80' lang='lat' dir='ltr'><strong>adversariorum</strong></span> <span class='ocrx_word' id='word_1_563' title='bbox 2891 4185 3274 4240; x_wconf 87' lang='lat' dir='ltr'><strong>Armeniorum</strong></span> <span class='ocrx_word' id='word_1_564' title='bbox 3305 4189 3556 4241; x_wconf 84' lang='lat' dir='ltr'><strong>astutiam</strong></span> <span class='ocrx_word' id='word_1_565' title='bbox 3587 4204 3651 4244; x_wconf 80' lang='lat' dir='ltr'><strong>ac</strong></span> 
     </span>
    </p>
   </div>
   <div class='ocr_carea' id='block_1_84' title="bbox 2072 4278 3648 4347">
    <p class='ocr_par' dir='ltr' id='par_1_84' title="bbox 2072 4278 3648 4347">
     <span class='ocr_line' id='line_1_84' title="bbox 2072 4278 3648 4347; baseline 0.004 -16"><span class='ocrx_word' id='word_1_566' title='bbox 2072 4278 2468 4332; x_wconf 80' lang='lat' dir='ltr'><strong>simulationem</strong></span> <span class='ocrx_word' id='word_1_567' title='bbox 2514 4293 2618 4330; x_wconf 84' lang='lat' dir='ltr'><strong>non</strong></span> <span class='ocrx_word' id='word_1_568' title='bbox 2686 4280 2994 4347; x_wconf 86' lang='lat' dir='ltr'><strong>perspiciat,</strong></span> <span class='ocrx_word' id='word_1_569' title='bbox 3053 4289 3112 4334; x_wconf 88' lang='lat' dir='ltr'><strong>ut</strong></span> <span class='ocrx_word' id='word_1_570' title='bbox 3162 4281 3281 4335; x_wconf 75' lang='lat' dir='ltr'><strong>hzec</strong></span> <span class='ocrx_word' id='word_1_571' title='bbox 3335 4283 3406 4334; x_wconf 89' lang='lat' dir='ltr'><strong>illi</strong></span> <span class='ocrx_word' id='word_1_572' title='bbox 3467 4283 3648 4338; x_wconf 87' lang='lat' dir='ltr'><strong>omnia</strong></span> 
     </span>
    </p>
   </div>
   <div class='ocr_carea' id='block_1_85' title="bbox 2075 4370 3650 4442">
    <p class='ocr_par' dir='ltr' id='par_1_85' title="bbox 2075 4370 3650 4442">
     <span class='ocr_line' id='line_1_85' title="bbox 2075 4370 3650 4442; baseline 0.004 -19"><span class='ocrx_word' id='word_1_573' title='bbox 2075 4370 2406 4424; x_wconf 87' lang='lat' dir='ltr'><strong>mentiantur</strong></span> <span class='ocrx_word' id='word_1_574' title='bbox 2431 4378 2594 4438; x_wconf 85' lang='lat' dir='ltr'><strong>atque</strong></span> <span class='ocrx_word' id='word_1_575' title='bbox 2642 4371 2976 4436; x_wconf 74' lang='lat' dir='ltr'><strong>contingant,</strong></span> <span class='ocrx_word' id='word_1_576' title='bbox 3011 4387 3119 4442; x_wconf 87' lang='lat' dir='ltr'><strong>quo</strong></span> <span class='ocrx_word' id='word_1_577' title='bbox 3150 4373 3508 4441; x_wconf 84' lang='lat' dir='ltr'><strong>simpliciores</strong></span> <span class='ocrx_word' id='word_1_578' title='bbox 3565 4390 3650 4430; x_wconf 81' lang='lat' dir='ltr'><strong>sc-</strong></span> 
     </span>
    </p>
   </div>
   <div class='ocr_carea' id='block_1_86' title="bbox 369 4451 1962 4534">
    <p class='ocr_par' dir='ltr' id='par_1_86' title="bbox 369 4451 1962 4534">
     <span class='ocr_line' id='line_1_86' title="bbox 369 4451 1962 4534; baseline 0.008 -31"><span class='ocrx_word' id='word_1_579' title='bbox 369 4451 731 4520; x_wconf 78' lang='grc' dir='ltr'>μυθολογοῦσι</span> <span class='ocrx_word' id='word_1_580' title='bbox 767 4455 860 4506; x_wconf 71' lang='grc' dir='ltr'><strong>καὶ</strong></span> <span class='ocrx_word' id='word_1_581' title='bbox 893 4453 1221 4521; x_wconf 86' lang='grc' dir='ltr'>πλάττουσι;</span> <span class='ocrx_word' id='word_1_582' title='bbox 1257 4458 1352 4519; x_wconf 77' lang='grc' dir='ltr'>Τίς</span> <span class='ocrx_word' id='word_1_583' title='bbox 1386 4457 1478 4511; x_wconf 81' lang='grc' dir='ltr'><strong>οὖν</strong></span> <span class='ocrx_word' id='word_1_584' title='bbox 1507 4460 1598 4511; x_wconf 81' lang='grc' dir='ltr'><strong>διὰ</strong></span> <span class='ocrx_word' id='word_1_585' title='bbox 1627 4462 1724 4529; x_wconf 86' lang='grc' dir='ltr'><strong>τῆς</strong></span> <span class='ocrx_word' id='word_1_586' title='bbox 1761 4463 1962 4534; x_wconf 83' lang='grc' dir='ltr'>πολλῆς</span> 
     </span>
    </p>
   </div>
   <div class='ocr_carea' id='block_1_87' title="bbox 2067 4451 3649 4534">
    <p class='ocr_par' dir='ltr' id='par_1_87' title="bbox 2071 4461 3649 4531">
     <span class='ocr_line' id='line_1_87' title="bbox 2071 4461 3649 4531; baseline 0.003 -15"><span class='ocrx_word' id='word_1_587' title='bbox 2071 4461 2294 4527; x_wconf 88' lang='lat' dir='ltr'><strong>ducant,</strong></span> <span class='ocrx_word' id='word_1_588' title='bbox 2361 4466 2779 4531; x_wconf 87' lang='lat' dir='ltr'><strong>pertrabantque</strong></span> <span class='ocrx_word' id='word_1_589' title='bbox 2833 4462 2884 4516; x_wconf 91' lang='lat' dir='ltr'><strong>in</strong></span> <span class='ocrx_word' id='word_1_590' title='bbox 2946 4478 3098 4518; x_wconf 87' lang='lat' dir='ltr'><strong>suam</strong></span> <span class='ocrx_word' id='word_1_591' title='bbox 3163 4464 3456 4518; x_wconf 79' lang='lat' dir='ltr'><strong>haeresim?</strong></span> <span class='ocrx_word' id='word_1_592' title='bbox 3515 4465 3649 4531; x_wconf 84' lang='lat' dir='ltr'><strong>Quis</strong></span> 
     </span>
    </p>
   </div>
   <div class='ocr_carea' id='block_1_88' title="bbox 365 4545 1964 4622">
    <p class='ocr_par' dir='ltr' id='par_1_88' title="bbox 365 4545 1964 4622">
     <span class='ocr_line' id='line_1_88' title="bbox 365 4545 1964 4622; baseline 0.007 -25"><span class='ocrx_word' id='word_1_593' title='bbox 365 4545 549 4597; x_wconf 82' lang='grc' dir='ltr'>αὐτῶν</span> <span class='ocrx_word' id='word_1_594' title='bbox 581 4545 909 4616; x_wconf 80' lang='grc' dir='ltr'>ἐναλλαγῆς,</span> <span class='ocrx_word' id='word_1_595' title='bbox 943 4548 1040 4601; x_wconf 65' lang='grc' dir='ltr'><strong>καὶ⁸</strong></span> <span class='ocrx_word' id='word_1_596' title='bbox 1071 4548 1180 4602; x_wconf 83' lang='grc' dir='ltr'><strong>τῶν</strong></span> <span class='ocrx_word' id='word_1_597' title='bbox 1213 4549 1488 4620; x_wconf 85' lang='grc' dir='ltr'>διαφόρων</span> <span class='ocrx_word' id='word_1_598' title='bbox 1519 4554 1820 4622; x_wconf 79' lang='grc' dir='ltr'>ὀνομάτων,</span> <span class='ocrx_word' id='word_1_599' title='bbox 1857 4558 1964 4608; x_wconf 89' lang='grc' dir='ltr'><strong>τῶν</strong></span> 
     </span>
    </p>
   </div>
   <div class='ocr_carea' id='block_1_89' title="bbox 367 4633 1965 4711">
    <p class='ocr_par' dir='ltr' id='par_1_89' title="bbox 367 4633 1965 4711">
     <span class='ocr_line' id='line_1_89' title="bbox 367 4633 1965 4711; baseline 0.004 -25"><span class='ocrx_word' id='word_1_600' title='bbox 367 4634 504 4700; x_wconf 79' lang='grc' dir='ltr'>παρ’</span> <span class='ocrx_word' id='word_1_601' title='bbox 528 4635 709 4697; x_wconf 80' lang='grc' dir='ltr'>αὐτοῖς</span> <span class='ocrx_word' id='word_1_602' title='bbox 748 4635 1164 4704; x_wconf 85' lang='grc' dir='ltr'>πλαττομένων,</span> <span class='ocrx_word' id='word_1_603' title='bbox 1197 4639 1257 4689; x_wconf 82' lang='grc' dir='ltr'><strong>οὐ</strong></span> <span class='ocrx_word' id='word_1_604' title='bbox 1294 4641 1407 4690; x_wconf 83' lang='grc' dir='ltr'>νοεῖ</span> <span class='ocrx_word' id='word_1_605' title='bbox 1442 4640 1516 4710; x_wconf 85' lang='grc' dir='ltr'>μὴ</span> <span class='ocrx_word' id='word_1_606' title='bbox 1547 4633 1687 4692; x_wconf 81' lang='grc' dir='ltr'>εἶναι</span> <span class='ocrx_word' id='word_1_607' title='bbox 1715 4640 1806 4692; x_wconf 73' lang='grc' dir='ltr'>τὸν</span> <span class='ocrx_word' id='word_1_608' title='bbox 1843 4641 1965 4711; x_wconf 86' lang='grc' dir='ltr'><strong>Ἀρ·</strong></span> 
     </span>
    </p>
   </div>
   <div class='ocr_carea' id='block_1_90' title="bbox 367 4723 1964 4800">
    <p class='ocr_par' dir='ltr' id='par_1_90' title="bbox 367 4723 1964 4800">
     <span class='ocr_line' id='line_1_90' title="bbox 367 4723 1964 4800; baseline 0.003 -23"><span class='ocrx_word' id='word_1_609' title='bbox 367 4723 679 4796; x_wconf 77' lang='grc' dir='ltr'>τζηϐούρην</span> <span class='ocrx_word' id='word_1_610' title='bbox 696 4723 836 4790; x_wconf 66' lang='grc' dir='ltr'>’ὀλως</span> <span class='ocrx_word' id='word_1_611' title='bbox 862 4730 1160 4797; x_wconf 85' lang='grc' dir='ltr'>παράδοσιν</span> <span class='ocrx_word' id='word_1_612' title='bbox 1183 4731 1548 4800; x_wconf 83' lang='grc' dir='ltr'>Χριστιανῶν,</span> <span class='ocrx_word' id='word_1_613' title='bbox 1575 4730 1606 4800; x_wconf 77' lang='grc' dir='ltr'>ἢ</span> <span class='ocrx_word' id='word_1_614' title='bbox 1636 4729 1792 4798; x_wconf 85' lang='grc' dir='ltr'>ἁγίου</span> <span class='ocrx_word' id='word_1_615' title='bbox 1818 4733 1964 4794; x_wconf 65' lang='grc' dir='ltr'>τινὸς</span> 
     </span>
    </p>
   </div>
   <div class='ocr_carea' id='block_1_91' title="bbox 367 4819 1962 4893">
    <p class='ocr_par' dir='ltr' id='par_1_91' title="bbox 367 4819 1962 4893">
     <span class='ocr_line' id='line_1_91' title="bbox 367 4819 1962 4893; baseline 0.003 -23"><span class='ocrx_word' id='word_1_616' title='bbox 367 4819 628 4885; x_wconf 85' lang='grc' dir='ltr'>νηστείαν</span> <span class='ocrx_word' id='word_1_617' title='bbox 650 4857 666 4883; x_wconf 85' lang='grc'><strong>,</strong></span> <span class='ocrx_word' id='word_1_618' title='bbox 704 4819 838 4872; x_wconf 75' lang='grc' dir='ltr'>ἀλλὰ</span> <span class='ocrx_word' id='word_1_619' title='bbox 872 4821 1085 4890; x_wconf 78' lang='grc' dir='ltr'>αἵρεσιν</span> <span class='ocrx_word' id='word_1_620' title='bbox 1119 4820 1394 4890; x_wconf 81' lang='grc' dir='ltr'>μεγάλην,</span> <span class='ocrx_word' id='word_1_621' title='bbox 1432 4824 1526 4876; x_wconf 62' lang='grc' dir='ltr'><strong>καὶ⁸</strong></span> <span class='ocrx_word' id='word_1_622' title='bbox 1563 4824 1765 4892; x_wconf 66' lang='grc' dir='ltr'>σφόδρα</span> <span class='ocrx_word' id='word_1_623' title='bbox 1801 4824 1962 4893; x_wconf 75' lang='grc' dir='ltr'>φοϐε-</span> 
     </span>
    </p>
   </div>
   <div class='ocr_carea' id='block_1_92' title="bbox 369 4907 1959 4983">
    <p class='ocr_par' dir='ltr' id='par_1_92' title="bbox 369 4907 1959 4983">
     <span class='ocr_line' id='line_1_92' title="bbox 369 4907 1959 4983; baseline 0.004 -23"><span class='ocrx_word' id='word_1_624' title='bbox 369 4907 472 4978; x_wconf 72' lang='grc' dir='ltr'><strong>ρὰν</strong></span> <span class='ocrx_word' id='word_1_625' title='bbox 507 4911 657 4980; x_wconf 70' lang='grc' dir='ltr'>παρὰ</span> <span class='ocrx_word' id='word_1_626' title='bbox 688 4914 800 4973; x_wconf 87' lang='grc' dir='ltr'>τοῖς</span> <span class='ocrx_word' id='word_1_627' title='bbox 838 4912 1135 4979; x_wconf 76' lang='grc' dir='ltr'>αἱρετικοίς</span> <span class='ocrx_word' id='word_1_628' title='bbox 1173 4912 1468 4983; x_wconf 80' lang='grc' dir='ltr'>ἐριστικῶς</span> <span class='ocrx_word' id='word_1_629' title='bbox 1506 4913 1827 4967; x_wconf 82' lang='grc' dir='ltr'>ὲκτεθεῖσαν</span> <span class='ocrx_word' id='word_1_630' title='bbox 1865 4916 1959 4968; x_wconf 75' lang='grc' dir='ltr'><strong>καὶ</strong></span> 
     </span>
    </p>
   </div>
   <div class='ocr_carea' id='block_1_93' title="bbox 367 5001 1960 5075">
    <p class='ocr_par' dir='ltr' id='par_1_93' title="bbox 367 5001 1960 5075">
     <span class='ocr_line' id='line_1_93' title="bbox 367 5001 1960 5075; baseline 0.004 -23"><span class='ocrx_word' id='word_1_631' title='bbox 367 5001 756 5071; x_wconf 82' lang='grc' dir='ltr'>ὲπινοηθείσαν</span> <span class='ocrx_word' id='word_1_632' title='bbox 807 5005 943 5073; x_wconf 79' lang='grc' dir='ltr'>πρὸς</span> <span class='ocrx_word' id='word_1_633' title='bbox 1003 5005 1344 5075; x_wconf 74' lang='grc' dir='ltr'>ἀποσχισμὸν</span> <span class='ocrx_word' id='word_1_634' title='bbox 1398 5006 1493 5058; x_wconf 74' lang='grc' dir='ltr'>καὶ</span> <span class='ocrx_word' id='word_1_635' title='bbox 1541 5005 1808 5072; x_wconf 80' lang='grc' dir='ltr'>διαίρεσιν</span> <span class='ocrx_word' id='word_1_636' title='bbox 1861 5006 1960 5074; x_wconf 83' lang='grc' dir='ltr'><strong>τῆς</strong></span> 
     </span>
    </p>
   </div>
   <div class='ocr_carea' id='block_1_94' title="bbox 366 5089 1960 5169">
    <p class='ocr_par' dir='ltr' id='par_1_94' title="bbox 366 5089 1960 5169">
     <span class='ocr_line' id='line_1_94' title="bbox 366 5089 1960 5169; baseline 0.003 -23"><span class='ocrx_word' id='word_1_637' title='bbox 366 5094 478 5146; x_wconf 88' lang='grc' dir='ltr'><strong>τῶν</strong></span> <span class='ocrx_word' id='word_1_638' title='bbox 514 5094 803 5164; x_wconf 86' lang='grc' dir='ltr'>Ῥωμαίων</span> <span class='ocrx_word' id='word_1_639' title='bbox 837 5095 1143 5165; x_wconf 80' lang='grc' dir='ltr'>όρθοδοξίας</span> <span class='ocrx_word' id='word_1_640' title='bbox 1170 5112 1187 5128; x_wconf 88' lang='grc'><strong>·</strong></span> <span class='ocrx_word' id='word_1_641' title='bbox 1223 5097 1289 5149; x_wconf 82' lang='grc' dir='ltr'>δι’</span> <span class='ocrx_word' id='word_1_642' title='bbox 1324 5089 1384 5150; x_wconf 77' lang='grc' dir='ltr'>οὗ</span> <span class='ocrx_word' id='word_1_643' title='bbox 1423 5098 1555 5169; x_wconf 67' lang='grc'><strong>(48)</strong></span> <span class='ocrx_word' id='word_1_644' title='bbox 1579 5098 1755 5151; x_wconf 81' lang='grc' dir='ltr'>πάντα</span> <span class='ocrx_word' id='word_1_645' title='bbox 1791 5098 1960 5150; x_wconf 80' lang='grc' dir='ltr'>σπεύ-</span> 
     </span>
    </p>
   </div>
   <div class='ocr_carea' id='block_1_95' title="bbox 367 5189 1954 5262">
    <p class='ocr_par' dir='ltr' id='par_1_95' title="bbox 367 5189 1954 5262">
     <span class='ocr_line' id='line_1_95' title="bbox 367 5189 1954 5262; baseline 0.001 -21"><span class='ocrx_word' id='word_1_646' title='bbox 367 5189 522 5242; x_wconf 87' lang='grc' dir='ltr'>δουσι</span> <span class='ocrx_word' id='word_1_647' title='bbox 555 5193 888 5257; x_wconf 81' lang='grc' dir='ltr'>καταγαγεῖν</span> <span class='ocrx_word' id='word_1_648' title='bbox 919 5193 1001 5255; x_wconf 85' lang='grc' dir='ltr'><strong>είς</strong></span> <span class='ocrx_word' id='word_1_649' title='bbox 1031 5190 1090 5244; x_wconf 85' lang='grc' dir='ltr'><strong>τό</strong></span> <span class='ocrx_word' id='word_1_650' title='bbox 1119 5193 1216 5262; x_wconf 83' lang='grc' dir='ltr'><strong>τῆς</strong></span> <span class='ocrx_word' id='word_1_651' title='bbox 1249 5192 1457 5246; x_wconf 79' lang='grc' dir='ltr'>ἑαυτῶν</span> <span class='ocrx_word' id='word_1_652' title='bbox 1488 5191 1744 5254; x_wconf 75' lang='grc' dir='ltr'>ἀσεϐείας</span> <span class='ocrx_word' id='word_1_653' title='bbox 1780 5191 1954 5262; x_wconf 69' lang='grc' dir='ltr'>βάρα-</span> 
     </span>
    </p>
   </div>
   <div class='ocr_carea' id='block_1_96' title="bbox 369 5280 1956 5356">
    <p class='ocr_par' dir='ltr' id='par_1_96' title="bbox 369 5280 1956 5356">
     <span class='ocr_line' id='line_1_96' title="bbox 369 5280 1956 5356; baseline 0.004 -24"><span class='ocrx_word' id='word_1_654' title='bbox 369 5280 534 5350; x_wconf 86' lang='grc' dir='ltr'>θρον;</span> <span class='ocrx_word' id='word_1_655' title='bbox 568 5283 628 5334; x_wconf 83' lang='lat' dir='ltr'><strong>Ei</strong></span> <span class='ocrx_word' id='word_1_656' title='bbox 657 5280 749 5333; x_wconf 77' lang='grc' dir='ltr'><strong>οὖν</strong></span> <span class='ocrx_word' id='word_1_657' title='bbox 775 5284 869 5335; x_wconf 77' lang='grc' dir='ltr'><strong>τοῦ</strong></span> <span class='ocrx_word' id='word_1_658' title='bbox 903 5284 1130 5353; x_wconf 87' lang='grc' dir='ltr'>Σεργίου</span> <span class='ocrx_word' id='word_1_659' title='bbox 1165 5285 1281 5336; x_wconf 71' lang='grc' dir='ltr'>ἐστὶ</span> <span class='ocrx_word' id='word_1_660' title='bbox 1309 5284 1405 5337; x_wconf 76' lang='grc' dir='ltr'>τοῦ</span> <span class='ocrx_word' id='word_1_661' title='bbox 1440 5285 1719 5355; x_wconf 78' lang='grc' dir='ltr'>μάρτυρος</span> <span class='ocrx_word' id='word_1_662' title='bbox 1750 5285 1891 5355; x_wconf 72' lang='grc' dir='ltr'>αὕτη</span> <span class='ocrx_word' id='word_1_663' title='bbox 1923 5287 1956 5356; x_wconf 75' lang='grc' dir='ltr'>ἡ</span> 
     </span>
    </p>
   </div>
   <div class='ocr_carea' id='block_1_97' title="bbox 369 5373 1954 5449">
    <p class='ocr_par' dir='ltr' id='par_1_97' title="bbox 369 5373 1954 5449">
     <span class='ocr_line' id='line_1_97' title="bbox 369 5373 1954 5449; baseline 0.005 -24"><span class='ocrx_word' id='word_1_664' title='bbox 369 5373 628 5442; x_wconf 82' lang='grc' dir='ltr'>νηστεία,</span> <span class='ocrx_word' id='word_1_665' title='bbox 662 5374 827 5444; x_wconf 75' lang='grc' dir='ltr'>(καὶ)</span> <span class='ocrx_word' id='word_1_666' title='bbox 859 5378 979 5446; x_wconf 77' lang='grc' dir='ltr'>οὐχὶ</span> <span class='ocrx_word' id='word_1_667' title='bbox 1010 5377 1103 5430; x_wconf 80' lang='grc' dir='ltr'>τοῦ</span> <span class='ocrx_word' id='word_1_668' title='bbox 1141 5378 1544 5449; x_wconf 75' lang='grc' dir='ltr'>Ἀρτζηϐούρου</span> <span class='ocrx_word' id='word_1_669' title='bbox 1568 5418 1583 5443; x_wconf 88' lang='grc'><strong>,</strong></span> <span class='ocrx_word' id='word_1_670' title='bbox 1611 5380 1686 5440; x_wconf 80' lang='grc' dir='ltr'>ὡς</span> <span class='ocrx_word' id='word_1_671' title='bbox 1721 5379 1910 5446; x_wconf 82' lang='grc' dir='ltr'>λέγετε</span> <span class='ocrx_word' id='word_1_672' title='bbox 1941 5396 1954 5411; x_wconf 87' lang='grc'><em>’</em></span> 
     </span>
    </p>
   </div>
   <div class='ocr_carea' id='block_1_98' title="bbox 371 5467 1954 5543">
    <p class='ocr_par' dir='ltr' id='par_1_98' title="bbox 371 5467 1954 5543">
     <span class='ocr_line' id='line_1_98' title="bbox 371 5467 1954 5543; baseline 0.004 -24"><span class='ocrx_word' id='word_1_673' title='bbox 371 5467 490 5534; x_wconf 72' lang='grc' dir='ltr'>(καὶ</span> <span class='ocrx_word' id='word_1_674' title='bbox 521 5469 569 5520; x_wconf 87' lang='grc' dir='ltr'><strong>εί</strong></span> <span class='ocrx_word' id='word_1_675' title='bbox 598 5467 1043 5540; x_wconf 80' lang='grc' dir='ltr'>Ἀρτζηόούρου,)</span> <span class='ocrx_word' id='word_1_676' title='bbox 1074 5472 1191 5534; x_wconf 86' lang='grc' dir='ltr'><strong>πῶς</strong></span> <span class='ocrx_word' id='word_1_677' title='bbox 1216 5473 1309 5524; x_wconf 76' lang='grc' dir='ltr'><strong>τοῦ</strong></span> <span class='ocrx_word' id='word_1_678' title='bbox 1343 5473 1512 5542; x_wconf 71' lang='grc' dir='ltr'>Ἀδὰμ</span> <span class='ocrx_word' id='word_1_679' title='bbox 1545 5473 1703 5526; x_wconf 83' lang='grc' dir='ltr'>πάλιν</span> <span class='ocrx_word' id='word_1_680' title='bbox 1729 5475 1954 5543; x_wconf 82' lang='grc' dir='ltr'>λέγετε;</span> 
     </span>
    </p>
   </div>
   <div class='ocr_carea' id='block_1_99' title="bbox 371 5557 1958 5632">
    <p class='ocr_par' dir='ltr' id='par_1_99' title="bbox 371 5557 1958 5632">
     <span class='ocr_line' id='line_1_99' title="bbox 371 5557 1958 5632; baseline 0.005 -22"><span class='ocrx_word' id='word_1_681' title='bbox 371 5558 484 5610; x_wconf 68' lang='grc' dir='ltr'>Καὶ</span> <span class='ocrx_word' id='word_1_682' title='bbox 514 5559 559 5610; x_wconf 85' lang='grc' dir='ltr'><strong>εί</strong></span> <span class='ocrx_word' id='word_1_683' title='bbox 587 5557 679 5611; x_wconf 74' lang='grc' dir='ltr'>τοῦ</span> <span class='ocrx_word' id='word_1_684' title='bbox 713 5559 880 5629; x_wconf 78' lang='grc' dir='ltr'>Ἀδάμ</span> <span class='ocrx_word' id='word_1_685' title='bbox 909 5561 1044 5625; x_wconf 82' lang='grc' dir='ltr'>ἐστι,</span> <span class='ocrx_word' id='word_1_686' title='bbox 1075 5561 1192 5625; x_wconf 87' lang='grc' dir='ltr'><strong>πῶς</strong></span> <span class='ocrx_word' id='word_1_687' title='bbox 1220 5563 1316 5632; x_wconf 87' lang='grc' dir='ltr'><strong>τῆς</strong></span> <span class='ocrx_word' id='word_1_688' title='bbox 1347 5563 1533 5616; x_wconf 82' lang='grc' dir='ltr'>Νινευῒ</span> <span class='ocrx_word' id='word_1_689' title='bbox 1565 5565 1816 5632; x_wconf 83' lang='grc' dir='ltr'>ὲγένετο;</span> <span class='ocrx_word' id='word_1_690' title='bbox 1847 5567 1958 5619; x_wconf 78' lang='grc' dir='ltr'><strong>Καὶ</strong></span> 
     </span>
    </p>
   </div>
   <div class='ocr_carea' id='block_1_100' title="bbox 370 5651 1958 5728">
    <p class='ocr_par' dir='ltr' id='par_1_100' title="bbox 370 5651 1958 5728">
     <span class='ocr_line' id='line_1_100' title="bbox 370 5651 1958 5728; baseline 0.007 -27"><span class='ocrx_word' id='word_1_691' title='bbox 370 5651 422 5701; x_wconf 77' lang='grc' dir='ltr'>εἰ</span> <span class='ocrx_word' id='word_1_692' title='bbox 455 5651 553 5720; x_wconf 91' lang='grc' dir='ltr'><strong>τῆς</strong></span> <span class='ocrx_word' id='word_1_693' title='bbox 585 5652 775 5704; x_wconf 88' lang='grc' dir='ltr'>Νινευῖ</span> <span class='ocrx_word' id='word_1_694' title='bbox 811 5653 960 5717; x_wconf 84' lang='grc' dir='ltr'>ἐστι,</span> <span class='ocrx_word' id='word_1_695' title='bbox 994 5655 1111 5717; x_wconf 85' lang='grc' dir='ltr'><strong>πῶς</strong></span> <span class='ocrx_word' id='word_1_696' title='bbox 1143 5654 1242 5724; x_wconf 90' lang='grc' dir='ltr'><strong>τῆς</strong></span> <span class='ocrx_word' id='word_1_697' title='bbox 1277 5656 1386 5709; x_wconf 85' lang='grc' dir='ltr'><strong>τῶν</strong></span> <span class='ocrx_word' id='word_1_698' title='bbox 1424 5658 1726 5728; x_wconf 83' lang='grc' dir='ltr'>Ἀρμενίων</span> <span class='ocrx_word' id='word_1_699' title='bbox 1759 5658 1958 5728; x_wconf 88' lang='grc' dir='ltr'>βαπτί-</span> 
     </span>
    </p>
   </div>
   <div class='ocr_carea' id='block_1_101' title="bbox 375 5743 1954 5821">
    <p class='ocr_par' dir='ltr' id='par_1_101' title="bbox 375 5743 1954 5821">
     <span class='ocr_line' id='line_1_101' title="bbox 375 5743 1954 5821; baseline 0.006 -26"><span class='ocrx_word' id='word_1_700' title='bbox 375 5758 514 5806; x_wconf 76' lang='grc' dir='ltr'>σεως</span> <span class='ocrx_word' id='word_1_701' title='bbox 558 5743 780 5813; x_wconf 86' lang='grc' dir='ltr'>γέγονε;</span> <span class='ocrx_word' id='word_1_702' title='bbox 830 5746 941 5799; x_wconf 70' lang='grc' dir='ltr'><strong>Καὶ</strong></span> <span class='ocrx_word' id='word_1_703' title='bbox 988 5748 1037 5799; x_wconf 83' lang='grc' dir='ltr'><strong>εί</strong></span> <span class='ocrx_word' id='word_1_704' title='bbox 1083 5747 1190 5800; x_wconf 88' lang='grc' dir='ltr'><strong>τῶν</strong></span> <span class='ocrx_word' id='word_1_705' title='bbox 1225 5749 1527 5821; x_wconf 86' lang='grc' dir='ltr'>Ἀρμενίων</span> <span class='ocrx_word' id='word_1_706' title='bbox 1574 5748 1954 5821; x_wconf 85' lang='grc' dir='ltr'>[βαπτίσεως,]</span> 
     </span>
    </p>
   </div>
   <div class='ocr_carea' id='block_1_102' title="bbox 450 5888 1104 5960">
    <p class='ocr_par' dir='ltr' id='par_1_102' title="bbox 450 5888 1104 5960">
     <span class='ocr_line' id='line_1_102' title="bbox 450 5888 1104 5960; baseline 0.006 -20"><span class='ocrx_word' id='word_1_707' title='bbox 450 5889 557 5960; x_wconf 84' lang='lat' dir='ltr'><strong>(i7)</strong></span> <span class='ocrx_word' id='word_1_708' title='bbox 600 5888 755 5944; x_wconf 76' lang='lat' dir='ltr'><strong>Deest</strong></span> <span class='ocrx_word' id='word_1_709' title='bbox 791 5889 1104 5960; x_wconf 73' lang='grc' dir='ltr'>νηττεὺειν.</span> 
     </span>
    </p>
   </div>
   <div class='ocr_carea' id='block_1_103' title="bbox 2071 4554 3648 4622">
    <p class='ocr_par' dir='ltr' id='par_1_103' title="bbox 2071 4554 3648 4622">
     <span class='ocr_line' id='line_1_103' title="bbox 2071 4554 3648 4622; baseline 0.001 -14"><span class='ocrx_word' id='word_1_710' title='bbox 2071 4568 2198 4622; x_wconf 82' lang='lat' dir='ltr'><strong>ergo</strong></span> <span class='ocrx_word' id='word_1_711' title='bbox 2231 4568 2297 4608; x_wconf 82' lang='lat' dir='ltr'><strong>ex</strong></span> <span class='ocrx_word' id='word_1_712' title='bbox 2351 4568 2538 4607; x_wconf 90' lang='lat' dir='ltr'><strong>eormn</strong></span> <span class='ocrx_word' id='word_1_713' title='bbox 2591 4554 2755 4607; x_wconf 88' lang='lat' dir='ltr'><strong>multa</strong></span> <span class='ocrx_word' id='word_1_714' title='bbox 2796 4555 2884 4608; x_wconf 84' lang='lat' dir='ltr'><strong>illa</strong></span> <span class='ocrx_word' id='word_1_715' title='bbox 2936 4555 3258 4620; x_wconf 86' lang='lat' dir='ltr'><strong>variatione,</strong></span> <span class='ocrx_word' id='word_1_716' title='bbox 3307 4571 3370 4611; x_wconf 89' lang='lat' dir='ltr'><strong>ac</strong></span> <span class='ocrx_word' id='word_1_717' title='bbox 3418 4557 3648 4612; x_wconf 89' lang='lat' dir='ltr'><strong>diversis</strong></span> 
     </span>
    </p>
   </div>
   <div class='ocr_carea' id='block_1_104' title="bbox 2071 4645 3649 4716">
    <p class='ocr_par' dir='ltr' id='par_1_104' title="bbox 2071 4645 3649 4716">
     <span class='ocr_line' id='line_1_104' title="bbox 2071 4645 3649 4716; baseline 0.003 -20"><span class='ocrx_word' id='word_1_718' title='bbox 2071 4645 2404 4710; x_wconf 79' lang='lat' dir='ltr'><strong>naminibus,</strong></span> <span class='ocrx_word' id='word_1_719' title='bbox 2461 4661 2583 4714; x_wconf 67' lang='lat' dir='ltr'><strong>quae</strong></span> <span class='ocrx_word' id='word_1_720' title='bbox 2638 4646 2978 4716; x_wconf 82' lang='lat' dir='ltr'><strong>conﬁngunt,</strong></span> <span class='ocrx_word' id='word_1_721' title='bbox 3033 4663 3136 4701; x_wconf 89' lang='lat' dir='ltr'><strong>non</strong></span> <span class='ocrx_word' id='word_1_722' title='bbox 3177 4649 3461 4715; x_wconf 77' lang='lat' dir='ltr'><strong>intelligat,</strong></span> <span class='ocrx_word' id='word_1_723' title='bbox 3514 4649 3649 4702; x_wconf 90' lang='lat' dir='ltr'><strong>nihil</strong></span> 
     </span>
    </p>
   </div>
   <div class='ocr_carea' id='block_1_105' title="bbox 2068 4737 3642 4818">
    <p class='ocr_par' dir='ltr' id='par_1_105' title="bbox 2068 4737 3642 4818">
     <span class='ocr_line' id='line_1_105' title="bbox 2068 4737 3642 4818; baseline 0.003 -28"><span class='ocrx_word' id='word_1_724' title='bbox 2068 4737 2312 4801; x_wconf 89' lang='lat' dir='ltr'><strong>omnino,</strong></span> <span class='ocrx_word' id='word_1_725' title='bbox 2345 4751 2508 4807; x_wconf 89' lang='lat' dir='ltr'><strong>quem</strong></span> <span class='ocrx_word' id='word_1_726' title='bbox 2565 4738 2749 4791; x_wconf 83' lang='lat' dir='ltr'><strong>dicunt</strong></span> <span class='ocrx_word' id='word_1_727' title='bbox 2786 4739 3162 4806; x_wconf 85' lang='lat' dir='ltr'><strong>Artzeburem,</strong></span> <span class='ocrx_word' id='word_1_728' title='bbox 3211 4739 3642 4818; x_wconf 85' lang='lat' dir='ltr'><strong>Christianorum</strong></span> 
     </span>
    </p>
   </div>
   <div class='ocr_carea' id='block_1_106' title="bbox 2071 4827 3647 4900">
    <p class='ocr_par' dir='ltr' id='par_1_106' title="bbox 2071 4827 3647 4900">
     <span class='ocr_line' id='line_1_106' title="bbox 2071 4827 3647 4900; baseline 0.004 -21"><span class='ocrx_word' id='word_1_729' title='bbox 2071 4827 2416 4882; x_wconf 83' lang='lat' dir='ltr'><strong>traditionem</strong></span> <span class='ocrx_word' id='word_1_730' title='bbox 2448 4843 2586 4891; x_wconf 83' lang='lat' dir='ltr'><strong>esse,</strong></span> <span class='ocrx_word' id='word_1_731' title='bbox 2623 4829 2926 4885; x_wconf 69' lang='lat' dir='ltr'><strong>autfullius</strong></span> <span class='ocrx_word' id='word_1_732' title='bbox 2974 4830 3148 4884; x_wconf 83' lang='lat' dir='ltr'><strong>sancti</strong></span> <span class='ocrx_word' id='word_1_733' title='bbox 3197 4831 3504 4900; x_wconf 84' lang='lat' dir='ltr'><strong>jejunium;</strong></span> <span class='ocrx_word' id='word_1_734' title='bbox 3553 4832 3647 4885; x_wconf 84' lang='lat' dir='ltr'><strong>sed</strong></span> 
     </span>
    </p>
   </div>
   <div class='ocr_carea' id='block_1_107' title="bbox 2069 4921 3647 4990">
    <p class='ocr_par' dir='ltr' id='par_1_107' title="bbox 2069 4921 3647 4990">
     <span class='ocr_line' id='line_1_107' title="bbox 2069 4921 3647 4990; baseline 0.002 -16"><span class='ocrx_word' id='word_1_735' title='bbox 2069 4937 2315 4990; x_wconf 77' lang='lat' dir='ltr'><strong>magnam</strong></span> <span class='ocrx_word' id='word_1_736' title='bbox 2352 4921 2599 4976; x_wconf 66' lang='lat' dir='ltr'><strong>haeresim</strong></span> <span class='ocrx_word' id='word_1_737' title='bbox 2625 4961 2640 4985; x_wconf 94' lang='lat'><strong>,</strong></span> <span class='ocrx_word' id='word_1_738' title='bbox 2675 4935 2738 4975; x_wconf 91' lang='lat' dir='ltr'><strong>ac</strong></span> <span class='ocrx_word' id='word_1_739' title='bbox 2771 4921 3063 4975; x_wconf 86' lang='lat' dir='ltr'><strong>terribilem</strong></span> <span class='ocrx_word' id='word_1_740' title='bbox 3101 4921 3275 4986; x_wconf 82' lang='lat' dir='ltr'><strong>valde,</strong></span> <span class='ocrx_word' id='word_1_741' title='bbox 3308 4925 3647 4977; x_wconf 72' lang='lat' dir='ltr'><strong>contentiose</strong></span> 
     </span>
    </p>
   </div>
   <div class='ocr_carea' id='block_1_108' title="bbox 2066 5012 3642 5082">
    <p class='ocr_par' dir='ltr' id='par_1_108' title="bbox 2066 5012 3642 5082">
     <span class='ocr_line' id='line_1_108' title="bbox 2066 5012 3642 5082; baseline 0.001 -17"><span class='ocrx_word' id='word_1_742' title='bbox 2066 5012 2134 5067; x_wconf 87' lang='lat' dir='ltr'><strong>ab</strong></span> <span class='ocrx_word' id='word_1_743' title='bbox 2165 5013 2436 5067; x_wconf 66' lang='lat' dir='ltr'><strong>haereticis</strong></span> <span class='ocrx_word' id='word_1_744' title='bbox 2473 5013 2774 5082; x_wconf 82' lang='lat' dir='ltr'><strong>expositam</strong></span> <span class='ocrx_word' id='word_1_745' title='bbox 2807 5027 2868 5066; x_wconf 88' lang='lat' dir='ltr'><strong>ac</strong></span> <span class='ocrx_word' id='word_1_746' title='bbox 2900 5013 3273 5075; x_wconf 86' lang='lat' dir='ltr'><strong>adinventam,</strong></span> <span class='ocrx_word' id='word_1_747' title='bbox 3304 5015 3370 5068; x_wconf 87' lang='lat' dir='ltr'><strong>ad</strong></span> <span class='ocrx_word' id='word_1_748' title='bbox 3404 5015 3642 5070; x_wconf 82' lang='lat' dir='ltr'><strong>schisma</strong></span> 
     </span>
    </p>
   </div>
   <div class='ocr_carea' id='block_1_109' title="bbox 2067 5101 3644 5159">
    <p class='ocr_par' dir='ltr' id='par_1_109' title="bbox 2067 5101 3644 5159">
     <span class='ocr_line' id='line_1_109' title="bbox 2067 5101 3644 5159; baseline 0.002 -5"><span class='ocrx_word' id='word_1_749' title='bbox 2067 5117 2130 5156; x_wconf 89' lang='lat' dir='ltr'><strong>ac</strong></span> <span class='ocrx_word' id='word_1_750' title='bbox 2155 5102 2472 5157; x_wconf 67' lang='lat' dir='ltr'><strong>divisionem</strong></span> <span class='ocrx_word' id='word_1_751' title='bbox 2531 5120 2559 5156; x_wconf 89' lang='lat' dir='ltr'><strong>a</strong></span> <span class='ocrx_word' id='word_1_752' title='bbox 2607 5111 2750 5157; x_wconf 86' lang='lat' dir='ltr'><strong>recta</strong></span> <span class='ocrx_word' id='word_1_753' title='bbox 2797 5101 3164 5158; x_wconf 80' lang='lat' dir='ltr'><strong>Romanorum</strong></span> <span class='ocrx_word' id='word_1_754' title='bbox 3221 5104 3323 5159; x_wconf 78' lang='lat' dir='ltr'><strong>title</strong></span> <span class='ocrx_word' id='word_1_755' title='bbox 3383 5106 3644 5159; x_wconf 84' lang='lat' dir='ltr'><strong>inducen-</strong></span> 
     </span>
    </p>
   </div>
   <div class='ocr_carea' id='block_1_110' title="bbox 2064 5179 3641 5268">
    <p class='ocr_par' dir='ltr' id='par_1_110' title="bbox 2064 5179 3641 5268">
     <span class='ocr_line' id='line_1_110' title="bbox 2064 5179 3641 5268; baseline -0.002 -17"><span class='ocrx_word' id='word_1_756' title='bbox 2064 5197 2189 5251; x_wconf 88' lang='lat' dir='ltr'><strong>dam</strong></span> <span class='ocrx_word' id='word_1_757' title='bbox 2221 5215 2232 5248; x_wconf 92' lang='lat'><strong>:</strong></span> <span class='ocrx_word' id='word_1_758' title='bbox 2267 5196 2419 5263; x_wconf 82' lang='lat' dir='ltr'><strong>cujus</strong></span> <span class='ocrx_word' id='word_1_759' title='bbox 2447 5195 2774 5249; x_wconf 87' lang='lat' dir='ltr'><strong>adminiculo</strong></span> <span class='ocrx_word' id='word_1_760' title='bbox 2805 5197 2854 5249; x_wconf 88' lang='lat' dir='ltr'><strong>in</strong></span> <span class='ocrx_word' id='word_1_761' title='bbox 2895 5179 3083 5250; x_wconf 85' lang='lat' dir='ltr'><strong>eorum</strong></span> <span class='ocrx_word' id='word_1_762' title='bbox 3135 5198 3430 5268; x_wconf 85' lang='lat' dir='ltr'><strong>impietatis</strong></span> <span class='ocrx_word' id='word_1_763' title='bbox 3478 5199 3641 5252; x_wconf 82' lang='lat' dir='ltr'><strong>hara-</strong></span> 
     </span>
    </p>
   </div>
   <div class='ocr_carea' id='block_1_111' title="bbox 2069 5289 3637 5357">
    <p class='ocr_par' dir='ltr' id='par_1_111' title="bbox 2069 5289 3637 5357">
     <span class='ocr_line' id='line_1_111' title="bbox 2069 5289 3637 5357; baseline -0.001 -13"><span class='ocrx_word' id='word_1_764' title='bbox 2069 5289 2250 5344; x_wconf 89' lang='lat' dir='ltr'><strong>thrum</strong></span> <span class='ocrx_word' id='word_1_765' title='bbox 2323 5303 2513 5343; x_wconf 84' lang='lat' dir='ltr'><strong>omnes</strong></span> <span class='ocrx_word' id='word_1_766' title='bbox 2572 5289 2855 5343; x_wconf 87' lang='lat' dir='ltr'><strong>detrahere</strong></span> <span class='ocrx_word' id='word_1_767' title='bbox 2918 5290 3285 5346; x_wconf 81' lang='lat' dir='ltr'><strong>contendunt?</strong></span> <span class='ocrx_word' id='word_1_768' title='bbox 3361 5290 3637 5357; x_wconf 89' lang='lat' dir='ltr'><strong>Siquidem</strong></span> 
     </span>
    </p>
   </div>
   <div class='ocr_carea' id='block_1_112' title="bbox 2063 5377 3638 5450">
    <p class='ocr_par' dir='ltr' id='par_1_112' title="bbox 2063 5377 3638 5450">
     <span class='ocr_line' id='line_1_112' title="bbox 2063 5377 3638 5450; baseline 0.001 -16"><span class='ocrx_word' id='word_1_769' title='bbox 2063 5379 2509 5450; x_wconf 78' lang='lat' dir='ltr'><strong>igiturjejunium</strong></span> <span class='ocrx_word' id='word_1_770' title='bbox 2539 5377 2713 5449; x_wconf 86' lang='lat' dir='ltr'><strong>Sergii</strong></span> <span class='ocrx_word' id='word_1_771' title='bbox 2752 5384 3010 5449; x_wconf 81' lang='lat' dir='ltr'><strong>martyris</strong></span> <span class='ocrx_word' id='word_1_772' title='bbox 3035 5391 3137 5445; x_wconf 92' lang='lat' dir='ltr'><strong>est,</strong></span> <span class='ocrx_word' id='word_1_773' title='bbox 3167 5396 3271 5436; x_wconf 90' lang='lat' dir='ltr'><strong>non</strong></span> <span class='ocrx_word' id='word_1_774' title='bbox 3301 5381 3638 5443; x_wconf 84' lang='lat' dir='ltr'><strong>Artzeburis.</strong></span> 
     </span>
    </p>
   </div>
   <div class='ocr_carea' id='block_1_113' title="bbox 2065 5471 3639 5542">
    <p class='ocr_par' dir='ltr' id='par_1_113' title="bbox 2065 5471 3639 5542">
     <span class='ocr_line' id='line_1_113' title="bbox 2065 5471 3639 5542; baseline 0.001 -16"><span class='ocrx_word' id='word_1_775' title='bbox 2065 5472 2144 5526; x_wconf 91' lang='lat' dir='ltr'><strong>uti</strong></span> <span class='ocrx_word' id='word_1_776' title='bbox 2169 5472 2352 5526; x_wconf 87' lang='lat' dir='ltr'><strong>dicitis</strong></span> <span class='ocrx_word' id='word_1_777' title='bbox 2379 5488 2391 5523; x_wconf 94' lang='lat'>:</span> <span class='ocrx_word' id='word_1_778' title='bbox 2426 5486 2488 5524; x_wconf 89' lang='lat' dir='ltr'><strong>ac</strong></span> <span class='ocrx_word' id='word_1_779' title='bbox 2515 5471 2784 5539; x_wconf 88' lang='lat' dir='ltr'><strong>siquidem</strong></span> <span class='ocrx_word' id='word_1_780' title='bbox 2813 5482 2894 5528; x_wconf 88' lang='lat' dir='ltr'><strong>est</strong></span> <span class='ocrx_word' id='word_1_781' title='bbox 2925 5473 3260 5538; x_wconf 86' lang='lat' dir='ltr'><strong>Artzcburis,</strong></span> <span class='ocrx_word' id='word_1_782' title='bbox 3289 5474 3411 5542; x_wconf 88' lang='lat' dir='ltr'><strong>quei</strong></span> <span class='ocrx_word' id='word_1_783' title='bbox 3443 5473 3639 5527; x_wconf 87' lang='lat' dir='ltr'><strong>iterum</strong></span> 
     </span>
    </p>
   </div>
   <div class='ocr_carea' id='block_1_114' title="bbox 2063 5565 3639 5636">
    <p class='ocr_par' dir='ltr' id='par_1_114' title="bbox 2063 5565 3639 5636">
     <span class='ocr_line' id='line_1_114' title="bbox 2063 5565 3639 5636; baseline -0.001 -16"><span class='ocrx_word' id='word_1_784' title='bbox 2063 5567 2245 5621; x_wconf 87' lang='lat' dir='ltr'><strong>dicitis</strong></span> <span class='ocrx_word' id='word_1_785' title='bbox 2275 5581 2396 5620; x_wconf 87' lang='lat' dir='ltr'><strong>esse</strong></span> <span class='ocrx_word' id='word_1_786' title='bbox 2433 5565 2664 5619; x_wconf 78' lang='lat' dir='ltr'><strong>Adami?</strong></span> <span class='ocrx_word' id='word_1_787' title='bbox 2711 5567 2789 5621; x_wconf 84' lang='lat' dir='ltr'><strong>Ac</strong></span> <span class='ocrx_word' id='word_1_788' title='bbox 2835 5567 3100 5635; x_wconf 88' lang='lat' dir='ltr'><strong>siquidem</strong></span> <span class='ocrx_word' id='word_1_789' title='bbox 3134 5568 3323 5620; x_wconf 81' lang='lat' dir='ltr'><strong>Adami</strong></span> <span class='ocrx_word' id='word_1_790' title='bbox 3356 5575 3458 5632; x_wconf 91' lang='lat' dir='ltr'><strong>est,</strong></span> <span class='ocrx_word' id='word_1_791' title='bbox 3513 5566 3639 5636; x_wconf 85' lang='lat' dir='ltr'><strong>quei</strong></span> 
     </span>
    </p>
   </div>
   <div class='ocr_carea' id='block_1_115' title="bbox 2062 5655 3638 5726">
    <p class='ocr_par' dir='ltr' id='par_1_115' title="bbox 2062 5655 3638 5726">
     <span class='ocr_line' id='line_1_115' title="bbox 2062 5655 3638 5726; baseline -0.004 -12"><span class='ocrx_word' id='word_1_792' title='bbox 2062 5659 2259 5714; x_wconf 89' lang='lat' dir='ltr'><strong>iterum</strong></span> <span class='ocrx_word' id='word_1_793' title='bbox 2296 5657 2494 5711; x_wconf 81' lang='lat' dir='ltr'><strong>factum</strong></span> <span class='ocrx_word' id='word_1_794' title='bbox 2521 5667 2605 5710; x_wconf 88' lang='lat' dir='ltr'><strong>est</strong></span> <span class='ocrx_word' id='word_1_795' title='bbox 2635 5655 2879 5712; x_wconf 81' lang='lat' dir='ltr'><strong>Ninivae?</strong></span> <span class='ocrx_word' id='word_1_796' title='bbox 2906 5657 2983 5710; x_wconf 88' lang='lat' dir='ltr'><strong>Ac</strong></span> <span class='ocrx_word' id='word_1_797' title='bbox 3014 5657 3279 5726; x_wconf 84' lang='lat' dir='ltr'><strong>siquidem</strong></span> <span class='ocrx_word' id='word_1_798' title='bbox 3304 5667 3387 5711; x_wconf 90' lang='lat' dir='ltr'><strong>est</strong></span> <span class='ocrx_word' id='word_1_799' title='bbox 3409 5655 3638 5718; x_wconf 67' lang='lat' dir='ltr'><strong>Ninivze,</strong></span> 
     </span>
    </p>
   </div>
   <div class='ocr_carea' id='block_1_116' title="bbox 2063 5746 3638 5820">
    <p class='ocr_par' dir='ltr' id='par_1_116' title="bbox 2063 5746 3638 5820">
     <span class='ocr_line' id='line_1_116' title="bbox 2063 5746 3638 5820; baseline -0.004 -18"><span class='ocrx_word' id='word_1_800' title='bbox 2063 5750 2184 5820; x_wconf 89' lang='lat' dir='ltr'><strong>quei</strong></span> <span class='ocrx_word' id='word_1_801' title='bbox 2217 5746 2420 5801; x_wconf 79' lang='lat' dir='ltr'><strong>factum</strong></span> <span class='ocrx_word' id='word_1_802' title='bbox 2461 5757 2545 5800; x_wconf 88' lang='lat' dir='ltr'><strong>est</strong></span> <span class='ocrx_word' id='word_1_803' title='bbox 2578 5747 2829 5814; x_wconf 87' lang='lat' dir='ltr'><strong>baptismi</strong></span> <span class='ocrx_word' id='word_1_804' title='bbox 2875 5748 3299 5800; x_wconf 81' lang='lat' dir='ltr'><strong>Armeniorum?</strong></span> <span class='ocrx_word' id='word_1_805' title='bbox 3342 5746 3415 5800; x_wconf 83' lang='lat' dir='ltr'><strong>Ae</strong></span> <span class='ocrx_word' id='word_1_806' title='bbox 3466 5746 3638 5814; x_wconf 78' lang='lat' dir='ltr'><strong>siqni-</strong></span> 
     </span>
    </p>
   </div>
   <div class='ocr_carea' id='block_1_117' title="bbox 2140 5889 2704 5961">
    <p class='ocr_par' dir='ltr' id='par_1_117' title="bbox 2140 5889 2704 5961">
     <span class='ocr_line' id='line_1_117' title="bbox 2140 5889 2704 5961; baseline 0 -18"><span class='ocrx_word' id='word_1_807' title='bbox 2140 5889 2250 5961; x_wconf 70' lang='lat' dir='ltr'><strong>(i8)</strong></span> <span class='ocrx_word' id='word_1_808' title='bbox 2283 5889 2442 5945; x_wconf 83' lang='lat' dir='ltr'><strong>Forte</strong></span> <span class='ocrx_word' id='word_1_809' title='bbox 2473 5906 2509 5940; x_wconf 87' lang='grc' dir='ltr'><strong>π</strong></span> <span class='ocrx_word' id='word_1_810' title='bbox 2522 5891 2704 5952; x_wconf 64' lang='grc' dir='ltr'>ἐντας.</span> 
     </span>
    </p>
   </div>
  </div>
