4088 6442
329 387 474 451 1203

1416 388 1668 449 ISAACl
1710 383 2088 446 ABMENI/E
2120 386 2529 449 CATHOLICI

3449 389 3590 455 1204

320 506 445 563 dem
497 515 580 562 est
637 507 894 577 baptismi
940 507 1344 573 Armeniorum,
1395 511 1520 577 quei
1574 507 1768 560 iterum
1819 505 1892 558 itr-

2009 505 2124 568 πῶς
2165 507 2323 561 πάλιν
2365 509 2448 571 είς
2481 507 2702 580 Ῥώμην
2742 508 2961 581 εὑρέθη,
3008 509 3104 563 καὶ
3143 512 3244 581 τῆς
3284 509 3593 581 βαπτίσεως

316 608 540 651 ventum
597 606 678 652 est
729 596 934 662 Romae,
986 613 1052 654 ac
1104 597 1359 668 baptismi
1409 595 1751 652 Constantini
1812 594 1896 650 ef-

302 690 560 755 fectum?

325 840 329 842 γ
396 782 526 837 VIII.
554 783 982 838 Audiantomnia
1009 784 1123 839 haec
1150 784 1435 853 impiorum
1459 782 1592 836 falsa
1619 781 1893 852 ﬁgmenta,

318 874 440 929 falsi
471 876 707 930 nominis
735 875 1033 932 Christiani
1068 892 1132 933 ac
1184 876 1322 931 falso
1366 875 1664 930 existimati
1708 876 1897 929 ortho-

318 966 466 1032 doxi,
515 968 605 1036 qui
655 984 778 1022 cum
837 968 1130 1033 haereticis,
1192 970 1335 1023 hunc
1375 967 1573 1020 animis
1603 964 1893 1020 exitiosum

313 1060 671 1115 Artzehurem
702 1059 868 1113 alacri
899 1059 1367 1129 animojejunant,
1400 1075 1463 1114 ac
1488 1074 1677 1113 eorum
1712 1057 1893 1112 dolum

315 1153 555 1220 cogitent
589 1193 607 1218 ,
644 1162 704 1208 ut
733 1153 989 1208 nimirum
1019 1152 1419 1209 exsecrandum
1451 1152 1724 1219 quoddam
1750 1149 1894 1218 ejus—

312 1243 458 1298 modi
496 1245 569 1298 sit
595 1244 808 1299 illorum
844 1244 1130 1313 jejunium.
1156 1244 1363 1314 Nempe
1394 1243 1618 1313 Sergius
1647 1242 1890 1312 quidam,

310 1337 697 1391 Armeniorum
753 1337 977 1392 heresis
1026 1336 1307 1408 magister,
1359 1351 1550 1391 canem
1585 1334 1782 1389 haheat
1813 1333 1894 1389 sic

309 1425 643 1496 appellatum
692 1428 1069 1482 Artzehurem.
1127 1425 1298 1481 Porro
1349 1441 1414 1480 ea
1472 1441 1597 1491 vox,
1647 1440 1894 1491 proruun-

313 1519 450 1571 tium
502 1518 864 1589 signiﬁcabat.
907 1517 1177 1575 Utehatur
1235 1532 1609 1588 saepenumero
1667 1515 1891 1586 Sergius

310 1627 379 1669 eo
410 1614 675 1670 adventus
734 1614 921 1670 nuntio
959 1630 1024 1669 ac
1060 1614 1382 1677 iudicatore,
1435 1611 1680 1666 daemone
1715 1609 1889 1680 ipsum

312 1717 530 1777 agente,
572 1722 696 1763 cum
749 1709 802 1762 in
847 1705 1105 1778 Oppidum
1139 1704 1378 1777 aliquod,
1428 1714 1523 1758 aut
1561 1705 1773 1768 urbem,
1805 1702 1888 1756 vel

310 1797 490 1853 locum
533 1809 788 1855 venturus
821 1810 983 1866 esset,
1026 1799 1115 1854 ubi
1156 1797 1278 1868 ejus
1316 1795 1592 1866 discipuli,
1654 1809 1719 1849 ac
1775 1796 1886 1848 hae-

2009 599 2423 652 Κωνσταντίνου
2459 600 2679 668 ἐγένετο
2700 616 2716 665 ;

2076 781 2158 833 Η’.
2192 779 2564 835 Ἀκουέτωσαν
2587 781 2763 835 ταῦτα
2790 782 2968 836 πάντα
2991 782 3459 854 ψευδοπλάσματα
3483 785 3595 838 τῶν

2003 873 2248 939 ἀσεϐῶν,
2279 877 2327 927 οἱ
2359 874 2740 947 ψευδόχριστοι
2771 878 2865 930 καὶ
2896 875 3310 947 ψευδορθόδοξοι
3332 917 3346 940 ,
3379 878 3429 929 οἱ
3461 875 3591 929 τοῦ-

2001 983 2093 1021 τον
2124 967 2215 1021 τὸν
2244 966 2589 1039 ψυχοφθόρον
2622 968 3036 1041 ’Δρτζηϐούρην
3073 968 3213 1040 μετά
3242 969 3352 1024 τῶν
3384 971 3596 1037 αἱρετι-

2004 1059 2115 1113 κῶν
2157 1061 2456 1132 προθύμως
2499 1060 2627 1134 (49)
2673 1063 3005 1134 νοήσαντες·
3047 1063 3143 1115 καὶ
3185 1064 3464 1132 νοήτωσαν
3502 1060 3598 1111 τὶν

2000 1151 2152 1205 δόλον
2186 1153 2364 1206 αὐτῶν
2393 1171 2404 1182 ·
2440 1154 2522 1208 ὅτι
2564 1153 2802 1225 βδελυρά
2832 1154 2918 1217 τίς
2953 1155 3105 1207 ἐστιν
3138 1154 3173 1222 ἡ
3204 1152 3430 1221 τοιαύτη
3465 1149 3594 1202 τού-

1999 1263 2108 1299 των
2136 1247 2393 1311 νηστεία·
2425 1247 2507 1300 ὃτι
2537 1247 2764 1317 Σέργιός
2790 1264 2897 1312 τις,
2925 1244 3247 1307 διδάσκαλος
3267 1243 3370 1313 τῆς
3388 1244 3596 1312 Ἀρμε-

2000 1338 2159 1408 νικῆς
2203 1339 2471 1410 αἱρέσεως
2515 1340 2848 1409 γενόμενος,
2903 1335 3015 1409 εἶχε
3068 1339 3208 1391 κύνα
3254 1336 3596 1405 καλούμενον

1998 1429 2143 1484 οὕτω
2171 1430 2602 1501 ’Δρτςηὸούρην.
2637 1432 2798 1502 Δηλοί
2836 1433 2891 1485 δὲ
2930 1434 2965 1502 ἡ
3005 1430 3149 1495 λέξις
3181 1429 3273 1481 τὸν
3310 1424 3598 1496 προμηνύ-

1997 1541 2149 1593 τορα.
2191 1525 2380 1595 Τούτῳ
2424 1526 2634 1595 μηνυτῇ
2678 1524 2773 1576 καὶ
2813 1523 3116 1593 σημάντορι
3154 1522 3253 1588 τῆς
3294 1516 3593 1588 ἐπιδημίας

1997 1613 2163 1668 αὐτοῦ
2210 1614 2469 1678 πολλάκις
2506 1615 2535 1668 6
2573 1615 2800 1685 Σέργιος
2836 1614 3104 1684 ἐκέχρητο
3145 1612 3297 1683 παρὰ
3335 1610 3595 1678 δαίμονος

1997 1706 2412 1777 ἐνεργουμένῳ,
2446 1706 2656 1778 μέλλων
2686 1705 2821 1780 [δὲ]
2852 1703 3194 1775 ἐπιδημῆσαι
3223 1720 3331 1757 τινι
3358 1700 3466 1754 τῶν
3496 1717 3595 1753 πο-

1996 1799 2239 1870 λιχνίων,
2269 1798 2303 1871 ἢ
2331 1782 2559 1870 κωμῶν,
2586 1798 2619 1870 ἢ
2647 1799 2886 1871 χωρίων,
2922 1799 2980 1850 ἐν
3009 1791 3090 1859 οἷς
3116 1794 3297 1866 ᾤκουν
3325 1792 3591 1864 μαθηταὶ,

310 1891 452 1946 resis
498 1889 686 1946 infecti
736 1890 827 1944 lue
882 1889 1237 1945 habitarent:
1281 1903 1517 1956 eumque
1573 1887 1645 1941 illi
1705 1900 1892 1941 canem

2003 1894 2098 1947 ml.
2131 1894 2347 1964 μέτοχοι
2373 1894 2469 1964 τῆς
2502 1892 2683 1965 λύμης
2714 1892 2878 1945 αὑτοῦ
2899 1906 2912 1920 ⁸
2942 1891 3038 1945 καί
3065 1890 3154 1943 ὅτε
3181 1888 3273 1943 τὸν
3300 1887 3438 1940 κύνα
3463 1886 3592 1939 τοῦ·

309 1982 613 2048 vidissent,
671 1983 931 2052 postridie
986 1984 1052 2036 ad
1114 1981 1320 2052 aliquot
1370 1980 1623 2035 milliaria
1678 1980 1895 2034 obviam

313 2072 576 2144 magistro
634 2072 787 2128 επυεὶ
848 2072 1235 2142 procedebant.
1291 2072 1464 2127 Porro
1520 2070 1786 2141 contigit,
1838 2080 1898 2122 ut

310 2165 465 2218 canis
517 2166 841 2233 quandoque
897 2165 1132 2221 emissus
1183 2163 1249 2219 ad
1299 2162 1517 2218 solitum
1575 2178 1805 2228 munus,
1864 2176 1892 2214 a

302 2255 439 2325 'lupo
473 2254 885 2324 ,devoraretur;
935 2256 1098 2326 inque
1139 2254 1435 2309 crastinum
1478 2252 1756 2323 profectus
1812 2261 1897 2307 est

312 2346 562 2418 Sergius,
592 2364 702 2418 quo
737 2365 929 2404 canem
961 2348 1286 2405 destinarat.
1326 2346 1459 2403 Cum
1493 2356 1673 2401 autem
1714 2362 1893 2411 nemo,

312 2440 390 2494 uti
444 2442 529 2494 lex
558 2449 700 2504 erat,
735 2441 949 2495 obviam
999 2440 1375 2510 processisset,
1427 2440 1668 2508 graviter
1724 2439 1890 2493 tulit:

308 2533 643 2604 veniensque
675 2532 740 2587 ad
786 2547 901 2598 cos,
941 2533 1028 2588 ubi
1064 2532 1316 2603 cognovit
1342 2531 1463 2601 ejus
1501 2546 1891 2600 praecursorem

310 2623 567 2678 catellum
599 2624 825 2680 minime
855 2625 1166 2691 advenisse,
1197 2623 1350 2678 misit
1378 2625 1469 2693 qui
1495 2638 1619 2677 eum
1650 2624 1894 2692 require-

308 2726 435 2772 reut
487 2732 500 2767 :
555 2731 731 2786 exque
766 2716 1001 2772 inventis
1029 2716 1267 2779 ossibus,
1317 2731 1347 2769 a
1393 2716 1521 2787 lupo
1572 2716 1891 2770 devoratmn

310 2824 669 2880 cognoscens,
701 2810 977 2865 Armeniis
1010 2809 1266 2864 omnibus
1306 2809 1579 2878 praecepit,
1622 2818 1678 2862 ut
1717 2818 1890 2864 statu-

308 2903 383 2958 tis
411 2903 705 2974 quotannis
731 2902 938 2966 diehus,
967 2917 1063 2971 pro
1098 2903 1214 2969 ejus
1241 2912 1414 2957 morte
1450 2900 1782 2971 jejunarent,
1828 2918 1894 2957 ac

311 3001 497 3055 tristes
550 2999 755 3055 luctum
818 3010 1071 3070 agerent,
1137 3001 1299 3070 idque
1351 3000 1540 3069 jejunii
1600 3000 1894 3069 appellavit

306 3093 697 3150 Artzeburem.
750 3094 1095 3150 Detestentur
1127 3092 1242 3148 haec
1288 3101 1344 3147 et
1389 3093 1766 3155 adversentur,
1797 3093 1888 3162 qui

1998 1999 2091 2037 τον
2125 1980 2301 2049 εἶδον,
2337 1984 2616 2054 ἐξεχέοντο
2654 1983 2795 2056 μετά
2834 1984 2964 2053 μίαν
3002 1983 3220 2054 ἡμέραν
3255 1979 3361 2050 πρὸ
3398 1978 3595 2048 μιλίων

1996 2072 2158 2127 τινῶν
2194 2076 2272 2135 εἰς
2313 2074 2618 2144 ἀπάντησιν
2657 2072 2752 2126 τοῦ
2791 2071 3139 2127 διδασκάλου.
3179 2068 3317 2123 Ποτέ
3355 2067 3412 2120 δὲ
3452 2066 3594 2136 πρὸς

1997 2166 2095 2238 τὴν
2143 2167 2372 2238 συνήθη
2400 2166 2750 2237 λειτουργίαν
2793 2165 2821 2215 6
2874 2163 3020 2218 κύων
3065 2161 3438 2232 ἐκπεμφθεὶς,
3484 2158 3593 2210 ὑπὸ

1997 2258 2178 2311 λύκων
2231 2258 2493 2329 ἐϐρώθη·
2550 2258 2647 2310 καὶ
2703 2255 2844 2325 μετά
2896 2256 2996 2327 τὴν
3052 2253 3319 2307 ἐπιοῦσαν
3375 2250 3596 2320 ἡμέραν

1997 2352 2246 2406 ἐϐάδισεν
2276 2354 2304 2403 6
2339 2351 2562 2421 Σέργιος
2599 2352 2685 2419 ἐφ’
2710 2345 2792 2412 οἷς
2828 2346 3122 2402 ἀπέστειλε
3154 2345 3245 2397 τὸν
3277 2343 3435 2397 κύνα.
3470 2343 3596 2412 Μη-ι

1996 2446 2147 2508 δενὺς
2189 2444 2245 2497 δὲ
2285 2445 2428 2496 κατᾶ
2463 2443 2555 2495 τὸν
2590 2444 2761 2495 τύπον
2797 2440 3355 2511 προϋπαντήσαντος,
3389 2434 3593 2487 ἐδεινο-

1998 2538 2210 2607 πάῦησε
2236 2554 2250 2568 ·
2289 2538 2383 2589 καὶ
2415 2534 2764 2605 ἐπιδημήσας
2795 2534 3010 2597 αὐτοῖς,
3045 2529 3232 2598 ἐπειδὴ
3269 2525 3592 2598 μεμάθηκεν

1997 2629 2078 2680 ὅτι
2109 2626 2169 2679 οὐ
2203 2625 2705 2697 παρεγένετο.πρὸς
2736 2625 2934 2687 αὐτοὺς
2966 2626 2994 2678 6
3026 2624 3332 2694 πρόδρομος
3364 2620 3532 2675 αύτοῦ
3561 2620 3591 2673 6

1998 2721 2179 2782 κύων,
2211 2716 2458 2788 ἔπεμψεν
2487 2719 2568 2781 είς
2601 2717 2940 2788 ἀναζήτησιν
2971 2714 3138 2771 αὑτοῦ
3163 2735 3176 2748 ο
3212 2717 3307 2768 καὶ
3337 2714 3591 2782 διαγνοὺς

1996 2813 2159 2867 αὑτὸν
2203 2812 2310 2865 ἀπδ
2356 2811 2453 2880 τῆς
2495 2810 2603 2863 τῶν
2652 2810 2857 2863 ὀστέων
2901 2811 3197 2881 εὑρέσεως,
3241 2807 3594 2876 λυκόϐρωτον

1995 2906 2281 2976 γεγονότα,
2313 2903 2619 2976 προσέταξε
2651 2905 2785 2957 πᾶσι
2818 2906 2931 2966 τοῖς
2966 2903 3273 2974 Ἀρμενίοις
3302 2901 3591 2970 νηστεύειν

1997 3000 2139 3070 ὑπὲρ
2174 2999 2274 3069 τῆς
2313 2997 2571 3066 τελευτῆς
2614 2994 2803 3061 αὐτοῦ,
2845 2995 2938 3049 καὶ
2981 2996 3282 3065 κατηφιᾷν,
3322 2994 3417 3046 καὶ
3455 3009 3589 3044 σκυο

1996 3091 2312 3162 Ορωπάζειν
2361 3089 2446 3158 ἐφ’
2475 3089 2712 3160 ἡμέραις
2760 3086 3098 3159 ὡρισμέναις
3144 3086 3266 3141 κατ’
3293 3086 3539 3139 ἐνιαυτόν
3569 3100 3586 3116 ’

308 3184 514 3240 idcirco
590 3185 735 3256 quod
774 3187 846 3241 sit
888 3201 1083 3256 magna
1118 3200 1185 3240 ac
1220 3183 1555 3239 exsecranda
1624 3184 1888 3249 lnercsis,

1999 3186 2091 3238 καὶ
2133 3184 2233 3256 τὴν
2276 3182 2536 3254 νηστείαν
2576 3182 2781 3253 ταύτην
2821 3178 3228 3252 Ἀρτζηόούρην
3268 3179 3587 3248 ὠνόμασαν.

310 3291 434 3330 eam
469 3277 603 3332 adeo
648 3276 892 3346 pessimi,
942 3291 999 3330 se
1038 3273 1388 3345 magniﬁcare
1424 3271 1644 3327 videant
1694 3272 1892 3327 intelli-

311 3377 574 3436 gautque.

380 3650 480 3706 IX.
515 3652 711 3719 Quaeso
736 3667 867 3722 ergo
897 3669 1010 3717 vos,
1042 3668 1076 3708 o
1116 3655 1383 3721 Armenii,
1427 3655 1518 3725 qui
1555 3669 1743 3709 revera
1778 3653 1890 3708 dae-

310 3758 532 3798 monum
561 3759 755 3798 currus
776 3746 929 3808 estis,
965 3746 1251 3815 impiorum
1283 3746 1680 3817 Acephalorum
1725 3747 1890 3802 disci-

310 3835 424 3905 puli
455 3849 468 3885 :
501 3832 751 3889 Christus
780 3834 869 3889 Dei
894 3834 1087 3901 Filius,
1117 3835 1423 3891 mendaxne
1444 3838 1675 3900 videtur,
1702 3838 1895 3892 necne?

312 3926 466 3992 Quod
502 3926 547 3980 si
587 3926 769 3981 dicant
802 3941 907 3980 non
939 3942 1059 3981 esse
1094 3926 1407 3981 mendacem
1431 3943 1446 3981 :
1473 3927 1620 3996 atqui
1643 3928 1895 3982 Christus

308 4016 426 4085 ipse
480 4015 616 4070 dixit
659 4016 823 4070 Petro
872 4032 887 4067 :
952 4014 1029 4068 Tu
1082 4033 1134 4069 es
1192 4016 1402 4081 Petrus,
1452 4026 1502 4069 et
1551 4033 1709 4081 super
1757 4016 1893 4071 hanc

309 4118 516 4173 petram
563 4107 840 4176 wdiﬁcabo
890 4105 1180 4161 Ecclesia»:
1217 4125 1409 4170 nteant,
1452 4117 1502 4161 et
1536 4117 1704 4177 porta:
1733 4109 1893 4177 inferi

311 4217 415 4254 non
467 4201 824 4268 prazvalebunt
854 4201 1106 4254 adversus
1148 4216 1264 4253 eam
1288 4200 1354 4265 ³³,
1405 4200 1453 4254 id
1490 4210 1597 4265 εει,
1635 4200 1890 4255 haereses.

311 4289 447 4357 Quoi
483 4292 662 4360 itaque
681 4290 995 4357 blaspheme
1018 4291 1217 4355 dicitis,
1247 4291 1545 4346 Ecclesiam
1571 4291 1892 4346 catholicam

312 4395 370 4437 et
423 4383 777 4453 apostolicam
826 4384 1032 4451 lapsam
1090 4383 1143 4436 in
1203 4383 1473 4448 haeresim,
1529 4382 1776 4448 periisse,
1831 4396 1897 4435 ac

311 4476 590 4532 Christum
649 4476 964 4532 mendacem
1018 4474 1230 4539 Iacitis,
1277 4476 1566 4543 ,diceutes,
1625 4474 1896 4529 Romanos

1999 3276 2497 3331 Βδελυκτάσθωσαν
2522 3274 2698 3329 ταῦτα
2731 3274 2827 3327 καὶ
2858 3273 3393 3342 ἀποστραφήτωσαν,
3420 3270 3591 3340 ὁρῶν·

2000 3387 2092 3433 τες
2122 3370 2217 3424 καὶ
2246 3368 2497 3432 νοοῦντες
2525 3368 2638 3431 ὅτι,
2670 3366 2759 3420 διὰ
2789 3365 2849 3418 τὸ
2880 3361 3020 3418 εἶναι
3052 3364 3223 3435 αὐτὴν
3249 3363 3458 3432 αἵρεσιν
3488 3378 3588 3432 με·

1998 3462 2173 3532 γάλην
2199 3462 2294 3515 καὶ
2324 3459 2608 3530 βδελυρὰν,
2636 3457 2724 3511 διὰ
2749 3457 2908 3510 τοῦτο
2938 3455 3111 3519 οὕτως
3142 3454 3312 3525 αὐτὴν
3345 3452 3579 3524 μεγαλύ-

1999 3569 2182 3606 νουσιν
2211 3552 2262 3605 οἱ
2297 3551 2670 3622 παμπόνηροι.

2070 3642 2149 3699 Θ¹.
2180 3644 2617 3714 Ἑρωτάσθωσαν
2660 3636 2754 3698 οὗν
2795 3642 2844 3695 οί
2881 3643 3178 3714 Ἀρμένιοι,
3225 3640 3441 3712 ἀληθῶς
3483 3639 3586 3710 ἆρ-

2004 3756 2151 3810 ματα
2194 3737 2304 3791 τῶν
2353 3737 2625 3808 δαιμόνων
2678 3736 3038 3807 ὑπάρχοντες,
3088 3736 3137 3788 οί
3190 3734 3431 3805 μαθηταὶ¹
3476 3733 3592 3787 τῶν

2000 3827 2216 3881 ἀσεϐῶν
2251 3826 2606 3895 Ἀκεφάλων·
2644 3826 2703 3879 Ὃ
2753 3825 2994 3898 Χριστὸς
3044 3828 3071 3878 6
3127 3826 3254 3889 Υἱὸς
3299 3825 3394 3879 τοῦ
3447 3822 3588 3877 Θεοῦ

1999 3920 2204 3991 ψευδής
2240 3921 2405 3981 ἐστιν,
2430 3917 2465 3989 ἢ
2499 3916 2597 3984 οὖ;
2628 3918 2690 3971 Ei
2723 3917 2782 3970 δέ
2817 3935 2982 3987 φασιν
3011 3918 3275 3989 Ἀψευδὴς
3297 3920 3414 3971 ἐστι
3449 3916 3584 3987 (50)·

2000 4014 2096 4068 καὶ
2126 4012 2290 4075 αὐτὸς
2319 4016 2347 4066 6
2377 4013 2614 4082 Χριστὸς
2651 4006 2769 4064 εἷπε
2800 4012 2877 4081 τῷ
2915 4010 3129 4082 Πέτρῳ,
3170 4012 3252 4065 ὅτι
3284 4012 3370 4065 Σὺ
3396 4006 3449 4066 εί
3478 4011 3592 4065 Πέ-

2000 4124 2161 4175 τρος,
2208 4104 2307 4158 καὶ
2347 4104 2445 4158 ἐπὶ
2488 4104 2675 4173 ταύτῃ
2715 4103 2792 4173 τῇ
2829 4104 3014 4174 πέτρᾳ
3055 4104 3431 4174 οἰκοδομήσω
3467 4121 3592 4174 μου

2000 4199 2118 4267 τὴν
2151 4196 2548 4265 Ἐκκλησίαν,
2592 4196 2694 4250 καὶ
2741 4197 2931 4251 πύλαι
2979 4196 3128 4264 ᾅδου
3175 4199 3247 4251 οὐ
3296 4199 3585 4266 κατισχύ-

2002 4305 2230 4345 σουσιν
2266 4289 2491 4356 adhic“
2535 4290 2815 4343 τουτέστιν
2854 4291 2910 4342 αἱ
2949 4290 3228 4362 αἱρέσεις·
3271 4289 3391 4351 πῶς
3428 4291 3591 4358 ὑμεῖς

2004 4382 2411 4454 βλασφημεῖτε,
2451 4383 2536 4435 ὅτι
2572 4385 2607 4453 ἡ
2650 4382 2915 4453 καθολικὴ
2962 4386 3058 4437 καὶ
3097 4384 3430 4451 ἀποστολικὴ
3465 4384 3592 4439 Ἐκ·-

2003 4474 2202 4544 κλησία
2235 4477 2315 4535 είς
2346 4474 2562 4546 αἵρεσιν
2594 4474 2705 4545 (51)
2738 4475 3034 4545 πέμπουσα
3070 4476 3340 4540 ἀπώλετο,
3372 4476 3468 4531 καὶ
3494 4478 3592 4533 τὸν

312 4584 504 4624 omnes
566 4568 619 4622 iu
677 4568 954 4622 interitum
1013 4567 1132 4630 ire,
1185 4581 1392 4635 vosque
1442 4567 1587 4620 solos
1635 4565 1892 4632 consequi

2000 4568 2236 4639 Χριστὸν
2273 4567 2519 4638 ψεύστην
2559 4568 2803 4622 δείκνυτε
2846 4568 3118 4637 λέγοντες,
3158 4571 3242 4623 ὅτι
3285 4571 3494 4633 Πάντες
3535 4570 3590 4624 οἱ

310 4660 582 4716 salutem?
646 4658 926 4725 Quomodo
997 4657 1285 4722 Christus,
1370 4672 1437 4711 ne
1500 4664 1560 4710 ut
1627 4655 1894 4724 Propheta

310 4751 529 4819 quidem
563 4765 724 4804 verax
774 4749 896 4814 fuit,
928 4750 1019 4804 sed
1053 4748 1311 4802 mentitus
1335 4789 1353 4815 ,
1380 4745 1681 4802 Ecclesiam
1734 4760 1890 4801 suam

311 4843 662 4913 apostolicam
714 4842 767 4895 in
800 4841 1050 4896 haeresim
1082 4839 1286 4909 prolabi
1329 4838 1568 4908 reliquit,
1601 4852 1761 4907 quam
1799 4850 1896 4905 per

238 4920 241 4921 ν
311 4938 536 4992 Petrum
575 4946 630 4991 et
656 4934 882 4988 Paulum
914 4949 979 4988 ac
1030 4932 1295 4989 Joannem
1352 4931 1706 5001 Theologum,
1766 4930 1894 4986 reli-

313 5043 561 5099 quosque
591 5028 864 5097 apostolos
922 5041 1051 5081 suos
1103 5024 1385 5080 fundatam
1413 5024 1744 5079 mdificavit?
1773 5038 1893 5077 om-

246 5106 253 5113 .
311 5137 520 5193 nesque
586 5119 902 5189 pontifices,
963 5133 1346 5183 successores,
1417 5132 1480 5172 ac
1535 5115 1896 5182 confessores,

312 5212 671 5286 discipulique
730 5211 870 5265 Petri
910 5221 964 5264 et
1004 5210 1179 5275 Pauli,
1219 5209 1445 5265 Joannis
1495 5209 1748 5279 theologi,
1786 5210 1896 5262 Au-

312 5313 478 5376 dreat,
510 5307 767 5376 Philippi,
800 5314 1113 5359 sanctorum
1152 5303 1519 5373 apostolorum
1544 5345 1558 5365 ,
1595 5301 1773 5364 Luem,
1830 5318 1893 5357 ac

313 5400 574 5465 Matthaei,
608 5406 662 5452 et
692 5397 863 5451 Marci
889 5396 1342 5466 evangelistarum
1364 5439 1378 5462 ,
1410 5411 1473 5450 ac
1503 5394 1686 5449 Jacobi
1711 5394 1894 5450 fratris

313 5492 547 5558 Domini,
571 5491 807 5549 haeretici
839 5489 966 5544 facti
995 5489 1048 5542 in
1087 5487 1281 5541 malam
1309 5502 1419 5543 rem
1447 5487 1667 5553 abeunt,
1697 5500 1892 5558 nempe

383 5654 428 5684 ³³
447 5653 635 5707 Matth.
669 5669 801 5717 xvu,
830 5651 915 5715 I6_

388 5787 499 5851 (ιω)
534 5788 677 5855 Lege
707 5788 1128 5855 νηστεύσαντες,
1164 5802 1255 5843 seu
1300 5783 1681 5855 νηστεύοντες.

386 5858 498 5928 (50)
526 5856 667 5926 Lege
694 5860 805 5912 ναί.

2013 4661 2276 4731 Ῥωμαῖοι
2312 4663 2393 4724 είς
2426 4661 2707 4715 ἀπώλειαν
2745 4661 3103 4732 ἀπέρχονται,
3139 4664 3301 4732 ἡμεῖς
3337 4664 3393 4718 δὲ
3430 4664 3589 4735 μόνοι

2000 4751 2326 4822 σωζόμεθα;
2358 4752 2482 4814 Πῶς
2513 4752 2568 4805 δὲ
2595 4753 2623 4806 6
2653 4753 2888 4824 Χριστὸς
2908 4795 2922 4819 ,
2954 4752 3076 4807 οὔτε
3107 4755 3212 4808 κᾶν
3238 4757 3266 4808 6
3297 4757 3589 4828 φροφήτης

1997 4843 2325 4916 ἡλήθευσσν,
2354 4844 2494 4898 ἀλλὰ
2521 4844 2767 4915 ψεύστης
2798 4846 3061 4915 γεγονὼς,
3092 4847 3189 4919 τὴν
3220 4849 3415 4903 ἐαυτοῦ
3449 4851 3585 4904 ἀπο-

2003 4937 2257 5008 στολικὴν
2290 4937 2619 5008 Ἐκκλησίαν
2659 4940 2739 5001 είς
2779 4939 2993 5010 αἵρεσιν
3033 4942 3225 4993 πεσεῖν
3267 4941 3587 5010 κατέλιπεν,

2000 5029 2068 5099 ἣν
2099 5028 2188 5082 διὰ
2225 5029 2429 5099 Πέτρου
2467 5032 2560 5083 καὶ
2596 5030 2840 5097 Παύλου,
2866 5030 2963 5085 καὶ
2999 5030 3246 5088 Ἰωάννου
3277 5034 3372 5088 τοῦ
3389 5035 3589 5090 Θεολό-

2001 5136 2099 5188 γου
2122 5160 2135 5183 ,
2170 5122 2265 5174 καὶ
2293 5121 2402 5173 τῶν
2431 5121 2637 5175 λοιπῶν
2667 5122 2832 5177 αὑτοῦ
2863 5124 3212 5189 ἀποστόλων,
3247 5125 3588 5196 θεμελιώσας

2001 5211 2392 5282 ἀνῳκοδόμησε
2416 5227 2431 5243 ο
2477 5212 2571 5265 καὶ
2614 5216 2817 5275 πάντες
2853 5216 2901 5267 οἱ
2941 5214 3221 5286 ἀρχιερεῖς
3261 5218 3307 5267 οἱ
3348 5217 3588 5287 διάδοχοι

1998 5303 2094 5357 καὶ
2129 5303 2408 5372 σύνθρονοι
2443 5306 2539 5358 καὶ
2576 5305 2817 5377 μαθηταὶ
2851 5306 3059 5375 Πέτρου
3094 5309 3191 5360 καὶ
3222 5307 3458 5370 Παύλου,
3492 5310 3591 5363 καλ⁵

2010 5393 2260 5448 Ἰωάννου
2287 5394 2382 5448 τοῦ
2415 5395 2702 5463 Θεολόγου,
2729 5396 2823 5449 καὶ
2853 5396 3129 5467 Ἀνδρέου,
3162 5397 3257 5451 καὶ
3287 5398 3588 5465 Φιλίππου,

1995 5489 2103 5542 τῶν
2145 5487 2317 5557 ἁγίων
2363 5488 2713 5541 ἀποστόλων’
2766 5490 2948 5543 Λουκᾶ
2989 5490 3083 5543 καὶ
3124 5489 3441 5557 Ματθαίου,
3490 5489 3590 5544 καὶ

2074 5784 2186 5857 (51)
2221 5784 2385 5843 Forte
2416 5784 2680 5840 πεσοῦσα.
