4088 6406
382 443 521 505 1⁵205

1443 449 1728 511 ORATIO
1771 450 1793 508 Ι
1838 451 2135 510 CONTRA
2176 451 2592 511 ARMENIOS.

3509 440 3644 504 1205

375 557 603 624 Μάρκου
640 556 748 608 τῶν
781 555 1218 627 εὐαγγελιστῶν,
1256 561 1348 615 καὶ
1382 563 1641 617 Ἰακώϐου
1677 561 1770 615 τοῦ
1808 563 1962 615 ἀδελ-

2075 563 2296 618 Romani
2333 564 2495 616 totius
2517 560 2755 616 Orientis
2776 574 2838 614 ac
2861 557 3194 624 Occidentis,
3219 556 3430 628 cognati
3457 569 3646 610 omnes

379 645 609 713 φοϐέου,
643 649 910 718 αἱρετικοὶ
951 653 1235 722 γενόμενοι
1271 655 1351 716 εἰς
1385 653 1663 707 ἀπώλειαν
1698 655 1968 724 ἀπέρχον-

377 757 502 806 ται,
538 743 732 805 οἵτινές
775 745 913 798 εἰσιν
947 747 996 798 οἱ
1033 747 1294 817 Ῥωμαῖοι
1320 765 1334 778 ⁶
1373 748 1428 800 οἵ
1457 766 1516 801 τε
1549 751 1645 818 τῆς
1680 747 1968 815 Ἀνατολῆς

379 833 474 885 καὶ
516 834 614 904 τῆς
659 835 876 900 Δύσεως
920 838 1126 907 πάσης,
1172 841 1220 891 οἱ
1274 843 1559 908 συγγενεῖς
1611 840 1812 901 πάντες
1859 838 1968 890 τῶν

378 925 550 992 ἁγίων
577 928 874 998 μαρτύρων
902 932 994 983 καὶ
1025 933 1190 985 ὁσίων
1215 949 1227 962 ·
1257 935 1305 987 οἱ
1332 933 1390 986 δὲ
1421 933 1665 1004 μαθηται)⁸
1693 930 1967 1000 Εὐτυχοῦς

2069 667 2366 726 martyrum
2399 671 2462 708 ac
2501 663 2854 717 sanctorum;
2907 650 3224 722 Eutychetis
3267 659 3446 703 autem
3481 648 3643 700 disci-

2067 747 2172 816 puli
2213 757 2266 801 et
2312 747 2576 811 Dioscori,
2622 745 2892 799 Timothei
2947 743 3146 808 Eluri,
3191 741 3334 796 Petri
3379 739 3643 801 Fullonis,

2066 855 2129 893 ac
2157 837 2383 904 Iuliani,
2416 839 2568 908 impii
2599 853 2661 893 ac
2688 837 2902 907 profani
2929 835 3193 902 Armenii,
3228 844 3286 889 ut
3315 850 3411 888 vos
3443 832 3645 887 Christi

2066 929 2364 984 adversarii
2407 929 2707 1000 nugamiui,
2759 927 3083 982 salvantur?

379 1020 473 1073 καὶ
505 1022 796 1090 Διοσκόρου
818 1063 832 1085 ,
866 1024 1135 1094 Τιμοθέου
1168 1027 1261 1080 τοῦ
1291 1027 1557 1098 Αίλούρου
1579 1069 1593 1093 ,
1625 1028 1720 1080 καὶ
1754 1024 1962 1097 Πέτρου
2004 1025 2098 1076 τοῦ
2133 1025 2434 1093 Κναφέως,
2465 1026 2561 1078 καὶ
2596 1023 2888 1076 Ἰουλιανοῦ
2911 1065 2924 1087 ,
2959 1025 3007 1077 οί
3039 1022 3259 1082 ἀσεϐεῖς
3300 1023 3397 1074 καὶ
3437 1018 3644 1072 ἀνόσιοι

390 1113 666 1184 Ἀρμένιοι
696 1115 980 1182 σώζονται,
1009 1118 1083 1180 ὼς
1110 1119 1268 1188 ὑμεῖς
1295 1122 1344 1172 oi
1373 1120 1733 1190 χριστομάχοι
1762 1119 2092 1188 φλυαρεῖτε;

448 1201 506 1258 l'.
547 1205 610 1257 Εί
644 1204 736 1256 οὖν
764 1205 792 1256 ό
821 1205 950 1268 Θεὸς
979 1209 1088 1270 τοῖς
1125 1209 1501 1279 ὑπερηφάνοις
1533 1209 1957 1270 ἀντιτάσσεται,

376 1299 654 1358 ταπεινοῖς
685 1297 740 1349 δὲ
770 1297 952 1350 δίδωσι
985 1299 1144 1368 χάριν
1163 1317 1175 1329 ·
1210 1301 1328 1363 πῶς
1353 1300 1452 1372 τὴν
1480 1300 1676 1356 ἑαυτοῦ
1710 1301 1867 1372 χάριν
1897 1300 1961 1351 ἐκ

376 1391 486 1442 τῶν
516 1391 790 1443 ταπεινῶν
824 1394 888 1462 τῇ
927 1392 1126 1463 καρδίᾳ
1159 1395 1480 1464 Ῥωμαίων,
1514 1396 1608 1449 καὶ
1641 1394 1861 1464 πραέων
1891 1395 1958 1462 τῇ

375 1484 522 1554 ψυχῇ
559 1484 852 1552 ἁφείλατο,
889 1486 984 1556 τὴν
1015 1486 1225 1539 τελείαν
1258 1487 1588 1554 θεογνωσίαν
1619 1487 1712 1540 καὶ
1745 1486 1958 1557 ὀρθοδο-

379 1576 495 1638 ξίαν
523 1593 535 1604 ·
569 1575 767 1628 δέδωκε
797 1577 852 1628 δὲ
883 1577 982 1646 τὴν
1011 1579 1205 1631 ἑαυτοῦ
1234 1580 1394 1649 χάριν
1421 1579 1516 1632 καὶ
1542 1579 1823 1631 εὐσέϐειαν
1850 1579 1957 1638 τοῖς

380 1668 881 1740 σκληροτραχήλοις
919 1673 1005 1724 καὶ
1038 1672 1276 1740 άπηνὲσι
1305 1671 1402 1742 τὴν
1432 1671 1632 1742 ψυχὴν,
1665 1671 1758 1724 καὶ
1790 1672 1960 1738 ὑπερ-

375 1761 605 1831 ηφάνοις
631 1765 695 1832 τῇ
725 1763 923 1834 καρδίᾳ
951 1764 1259 1832 ’Λρμενίοις
1279 1781 1292 1829 ;
1314 1764 1438 1815 Ὅτι
1467 1764 1574 1834 γάρ
1605 1761 1756 1832 παρὰ
1783 1761 1960 1815 πάντα

375 1855 443 1908 τὰ
483 1855 610 1925 ἔθνη
658 1855 1008 1926 σκληρότεροι
1055 1856 1148 1909 καὶ
1194 1858 1558 1927 ὑπερήφανοι,
1599 1855 1868 1920 κενόδοξοί
1901 1872 1960 1906 τε

379 1946 473 2000 καὶ
519 1947 681 2016 ὠμοί,
733 1948 825 2000 καὶ
873 1949 1102 2018 ἀπηνεῖς
1150 1950 1509 2020 ὑπάρχουσιν,
1559 1949 1700 2002 αὐτὰ
1747 1948 1846 2018 βοᾷ
1893 1947 1962 1998 τὰ

2142 1203 2210 1260 Χ.
2243 1205 2520 1273 Siquidem
2554 1221 2680 1274 ergo
2713 1206 2849 1259 Deus
2900 1207 3134 1274 superbis
3177 1205 3397 1268 resistit,
3429 1207 3646 1260 humili-

2069 1301 2161 1352 bus
2195 1311 2367 1352 autent
2412 1300 2502 1351 dat
2540 1300 2765 1367 gratiam
2788 1299 2831 1334 'l'
2857 1340 2871 1364 ,
2896 1300 3116 1366 quinam
3153 1301 3196 1352 is
3229 1313 3380 1352 suam
3411 1301 3642 1367 gratiam

2067 1393 2134 1445 ab
2167 1392 2460 1446 humilibus
2503 1391 2668 1445 corde
2716 1391 2995 1454 Romanis,
3050 1407 3113 1444 ac
3163 1392 3383 1446 mitibus
3437 1393 3642 1454 animo,

2067 1484 2349 1546 anlercns,
2410 1497 2604 1552 nempe
2665 1483 2747 1536 sui
2812 1484 3106 1550 perfectam
3159 1483 3521 1551 cognitionem
3582 1500 3646 1538 ac

2071 1586 2272 1628 rectam
2328 1574 2529 1638 tidem,
2581 1575 2810 1644 gratiam
2864 1590 3014 1628 suam
3066 1592 3128 1629 ac
3173 1577 3427 1644 pietatem
3475 1578 3642 1640 dedit,

2069 1667 2203 1720 dura
2256 1667 2486 1728 cervice,
2546 1681 2609 1720 ac
2651 1667 2950 1721 immitibus
3007 1668 3233 1731 animo,
3291 1678 3347 1722 et
3403 1669 3648 1738 superbis

2071 1759 2233 1813 corde
2263 1757 2584 1824 Armeniis?
2633 1757 2784 1823 Quod
2841 1759 2982 1810 enim
3028 1773 3189 1827 supra
3241 1775 3428 1815 onmes
3464 1769 3650 1829 gentes

2072 1850 2320 1902 duriores
2355 1847 2480 1911 sint,
2537 1855 2698 1917 atque
2730 1847 2993 1915 superbi,
3051 1849 3228 1902 inanis
3282 1850 3410 1904 item
3463 1851 3650 1919 gloria!

2072 1940 2275 2010 cupidi,
2335 1940 2594 2008 saevique,
2646 1953 2708 1994 ac
2770 1937 3039 2002 intmites,
3099 1955 3184 1994 res
3236 1942 3367 2008 ipsa:
3411 1941 3650 2008 quotidie

380 2039 683 2108 πράγματα
726 2039 1110 2110 καθ’ἑκάστην
1145 2042 1383 2112 ἡμέραν,
1421 2041 1516 2094 καὶ¹
1556 2041 1605 2094 οἱ
1646 2039 1787 2092 λίθοι
1832 2039 1969 2108 μετᾶ

2075 2043 2326 2104 clamant,
2361 2056 2425 2095 ac
2453 2041 2658 2109 lapides
2686 2057 2809 2094 cunt
2859 2043 3112 2098 omnibus
3155 2044 3407 2112 gentibus
3450 2046 3652 2099 clama-

378 2131 599 2184 πάντων
625 2130 732 2185 τῶν
760 2131 929 2184 ἐθνῶν
960 2129 1319 2200 κεκράξονται
1342 2149 1354 2161 ’
1383 2133 1442 2183 ὲν
1471 2131 1646 2183 οὐδενὶ
1677 2131 1784 2201 γάρ
1813 2129 1954 2182 ἒθνει

377 2221 550 2293 ὲτὲρῳ
581 2221 725 2276 ἔστιν
758 2223 888 2274 ἰδεῖν
915 2223 1206 2286 τοσούτους
1235 2225 1426 2292 φόνους
1458 2224 1552 2277 καὶ
1583 2223 1835 2296 συχνοὺς,
1867 2224 1958 2275 άν-

377 2313 686 2383 δροφονίας,
721 2314 964 2384 μοιχείας
995 2316 1088 2368 καὶ
1117 2315 1364 2384 κλεψίας,
1394 2315 1748 2386 λῃστάρχίας,
1779 2315 1959 2384 ἁρπα-

376 2405 504 2473 γὰς,
555 2405 900 2476 μεθύσματα,
951 2405 1264 2475 προδοσίας,
1316 2408 1624 2476 ἐπιορκίας,
1677 2406 1957 2476 ἀρνήσεις,

381 2499 754 2571 βλασφημίας,
795 2500 1084 2570 λοιδορίας,
1132 2500 1522 2568 συκοφαντίας,
1569 2503 1688 2553 κατ’
1717 2500 1961 2570 ἀλλήλων

379 2593 816 2664 αἱματεκχυσίας
861 2593 1131 2662 διηνεκεῖς
1177 2597 1274 2648 καὶ
1319 2594 1634 2658 ἀπαύστους
1662 2610 1673 2622 ⁸
1721 2594 1962 2663 δαρμοὺς

378 2687 631 2758 ἀνηλεεῖς
676 2686 769 2739 καὶ
833 2686 1256 2751 θανατοποιούς,
1319 2688 1632 2756 δικάσματα
1675 2687 1959 2752 άπαυστα,

379 2780 826 2851 γαστριμαργίας
857 2781 1150 2851 ἀμέτρους,
1182 2779 1453 2835 ἀσωτείαν
1485 2779 1960 2851 ὑπερϐάλλουσαν,

379 2875 750 2940 ἁνυποταξίαν
777 2917 794 2940 ,
851 2873 1198 2940 κενοδοξίαν,
1250 2873 1633 2944 ὑπερηφανίαν
1683 2876 1960 2944 ἄμετρον,

380 2968 476 3020 καὶ
505 2966 693 3030 ἁπλῶς
723 2969 904 3019 πᾶσαν
935 2967 1138 3020 κακίαν
1166 2968 1262 3020 καὶ
1294 2969 1580 3038 πονηρίαν,
1612 2967 1966 3041 ἅνθρωποιρέ-

386 3074 573 3112 σκειαν
601 3059 696 3112 καὶ
724 3061 1016 3130 ὑπόκρισιν
1043 3077 1054 3089 ·
1083 3061 1130 3112 εἰ
1165 3060 1303 3128 μετά
1328 3059 1438 3128 (59.)
1469 3061 1524 3112 ὲν
1552 3060 1698 3132 μόνῳ
1723 3059 1798 3130 τῷ
1827 3061 1967 3114 ἔθνει

383 3149 494 3202 τῶν
535 3150 871 3221 ’Δρμενίων,
921 3149 1013 3212 οὓς
1057 3152 1087 3202 ὁ
1133 3150 1266 3213 Θεὸς
1311 3151 1398 3202 διὰ
1441 3150 1540 3222 τὴν
1587 3151 1969 3222 ὑπερηφανίαν

383 3241 567 3294 αὐτῶν
601 3241 694 3294 καὶ
728 3241 1047 3303 ἀλαζονείαν
1078 3241 1230 3293 ἔθετο
1261 3244 1340 3304 είς
1373 3243 1544 3305 κακά,
1577 3243 1672 3294 καὶ
1709 3241 1970 3295 Κατέϐαο

381 3336 492 3387 λεν
521 3332 744 3397 αὐτοὺς
771 3335 853 3398 είς
891 3331 1088 3384 πάντα
1118 3332 1190 3384 τὰ
1218 3331 1366 3400 ἔθνη
1394 3332 1463 3384 ἐν
1491 3329 1570 3396 τῷ
1600 3333 1932 3400 ἐπαρθῆναι
1953 3374 1968 3399 ,

385 3433 478 3482 καὶ
518 3427 898 3499 διεσκόρπισεν
939 3427 1137 3489 αὐτοὺς
1183 3419 1322 3479 εἶναι
1367 3427 1671 3496 παροίκους
1713 3427 1805 3479 καὶ
1847 3426 1970 3478 δού·

383 3521 510 3582 λους
550 3519 750 3584 αὐτῶν,
788 3520 1010 3572 πάντων
1042 3519 1151 3570 τῶν
1191 3518 1380 3580 ἐθνῶν,
1425 3518 1678 3589 καθάπερ
1722 3519 1814 3572 καὶ
1849 3519 1974 3580 τοὺς

383 3613 603 3681 ὁμοίους
631 3613 810 3665 αὐτῶν
837 3610 1353 3681 σκληροτραχήλους
1379 3610 1472 3662 καλ¹
1501 3609 1828 3680 παραϐάτας
1852 3608 1974 3662 ’1ου-

387 3703 596 3766 δαίους.
645 3703 757 3755 Καὶ
798 3703 898 3754 οὐκ
941 3700 1056 3753 ἔστι
1098 3701 1323 3753 δυνατὸν
1367 3701 1549 3771 εὑρεῖν
1593 3701 1778 3769 ἓτερον
1825 3698 1975 3761 ἔθνος

390 3796 653 3848 ὑποκάτω
685 3796 904 3848 πάντων
933 3795 1040 3848 τῶν
1070 3794 1262 3856 ἐθνῶν,
1293 3795 1388 3848 καὶ
1416 3792 1839 3864 ἐξουθενημένον
1869 3791 1974 3844 ὑπὸ

388 3891 608 3942 πάντων
649 3891 740 3941 καὶ
790 3889 1100 3958 βδελυκτδν,
1145 3889 1194 3940 εί
1244 3887 1317 3958 μὴ
1366 3888 1526 3958 μόνον
1571 3887 1630 3939 τὸ
1676 3886 1828 3950 ἔθνος
1868 3886 1976 3939 τῶν

387 3980 604 4034 ἀσεϐῶν
635 3979 938 4050 Ἀρμενίων
969 3982 1062 4034 καὶ
1097 3980 1366 4033 Ἰουδαίων
1391 3997 1405 4012 ο
1437 3979 1511 4043 ὡς
1544 3979 1636 4032 καί
1670 3996 1753 4044 τις
1786 3980 1844 4046 ἐξ
1877 3979 1976 4032 αὑ-

386 4075 498 4128 τῶν
543 4074 784 4143 γεγονὼς
818 4074 1114 4143 Ἀρμενίας
1161 4073 1482 4137 ἐπίσκοπος,
1533 4074 1815 4143 Νορσὲσης
1863 4073 1976 4125 ὀνό-

389 4183 548 4234 ματι,
575 4165 874 4234 ἐγγράφως
906 4166 1199 4234 μαρτυρεῖ,
1227 4164 1401 4232 λέγων
1419 4181 1431 4194 ο
1461 4165 1531 4218 'II
1557 4165 1818 4233 ἡμετέρα
1845 4165 1975 4235 γὰρ,

390 4257 563 4328 φησὶ,
613 4255 793 4328 γενεὰ
842 4255 960 4309 τῶν
1032 4257 1375 4326 Ἀρμενίων,
1444 4256 1830 4326 ὑπερήφανος
1879 4256 1975 4310 καί

388 4352 641 4419 ἀσεϐής.

467 4441 565 4498 lA'.
597 4445 661 4498 Εί
692 4440 785 4496 οὖν
829 4441 981 4512 παρὰ
1018 4441 1194 4496 πάντα
1227 4441 1292 4493 τὰ
1339 4439 1465 4512 ἔθνη
1505 4442 1850 4511 ὑπερήφανοι
1883 4444 1974 4496 καὶ

393 4536 870 4608 σκληροτράχηλοι
918 4538 1013 4589 καὶ
1046 4535 1468 4606 καρδιόστερροι
1510 4535 1633 4588 καθ’
1667 4535 1977 4604 ὑπερϐολὴν

394 4630 741 4699 ὑπάρχουσι·
777 4629 892 4691 πῶς
922 4628 1019 4698 τὴν
1044 4627 1240 4680 ἑαυτοῦ
1273 4627 1453 4699 χάριν,
1481 4629 1575 4680 καὶ
1601 4629 1885 4682 εὐσέϐειαν
1917 4630 1980 4680 ὲκ

1997 3373 2044 3433 C

2065 2133 2165 2185 turi
2198 2141 2344 2185 sunt.
2381 2129 2534 2183 Nulla
2569 2131 2768 2199 quippe
2817 2147 2948 2199 gens
3001 2133 3105 2185 alia
3144 2143 3247 2196 est,
3300 2136 3352 2189 in
3403 2150 3511 2203 qua
3566 2143 3645 2187 tot

2061 2221 2237 2275 etedes
2271 2234 2333 2273 ac
2376 2219 2666 2272 homicidia
2706 2219 2887 2274 videre
2922 2220 3028 2284 sit;
3057 2222 3322 2277 adulteria
3369 2239 3433 2278 ac
3478 2225 3647 2287 furta;

2063 2309 2374 2374 latrocinia,
2426 2308 2668 2377 rapinas,
2727 2308 3042 2375 ebrietates,
3102 2313 3478 2382 proditiones,
3531 2329 3654 2382 per-

2063 2403 2236 2472 iuria,
2279 2405 2620 2475 negationes,
2670 2403 3082 2472 blasphemias,
3127 2404 3398 2468 convicia,
3443 2405 3654 2459 calum-

2065 2496 2201 2557 nias,
2252 2496 2409 2567 juges
2451 2511 2516 2550 ac
2563 2495 2849 2549 continuas
2900 2503 3084 2549 mutua
3135 2495 3282 2550 aede
3326 2497 3651 2566 sanguinum

2065 2589 2395 2654 edttsiones;
2435 2589 2684 2642 crudeles
2710 2603 2771 2642 ac
2805 2587 3061 2643 mortales
3095 2587 3295 2658 plagas,
3340 2587 3464 2644 lites
3511 2590 3654 2643 assi-

2067 2680 2231 2744 duas;
2276 2679 2593 2733 immensam
2642 2680 3017 2744 voracitatem,
3071 2690 3490 2749 exsuperantem
3525 2696 3652 2751 pro-

2069 2772 2401 2840 digalitatem
2427 2787 2489 2825 ac
2515 2771 2998 2838 incontinentiam;
3026 2771 3404 2838 rebellionem,
3436 2773 3652 2828 inanem

2069 2864 2318 2933 gloriam,
2348 2865 2659 2932 super-Liam
2692 2864 3014 2920 immensam
3042 2879 3058 2922 :
3083 2879 3408 2932 omnemque
3431 2879 3656 2934 prorsus

2074 2960 2424 3014 vitiositatent
2498 2973 2564 3010 ac
2621 2956 2958 3024 nequitiam,
3019 2957 3529 3026 adulationemque,
3592 2972 3656 3008 ac

2071 3061 2502 3123 simulationem,
2537 3061 2615 3114 uti
2680 3060 2731 3112 in
2800 3072 2906 3112 una
2972 3059 3217 3112 videmus
3269 3059 3652 3112 Armeniorum

2075 3155 2314 3216 natione,
2366 3166 2503 3220 quos
2557 3149 2695 3204 Deus
2750 3159 2969 3220 propter
3005 3164 3192 3203 eorum
3247 3149 3556 3217 superbiam
3591 3163 3652 3202 ac

2075 3244 2464 3312 arrogantiam,
2517 3242 2572 3296 in
2625 3243 2766 3295 mala
2829 3243 3006 3308 posuit
3057 3258 3070 3294 :
3112 3241 3409 3312 Dejecitque
3455 3259 3542 3295 eos
3598 3241 3652 3295 in

2076 3336 2316 3389 omnibus
2349 3335 2588 3404 gentibus
2622 3335 2744 3386 dum
2776 3332 3173 3396 extollerentur,
3221 3351 3282 3386 ac
3318 3334 3565 3401 dispersit
3587 3332 3653 3396 ³⁵,

2079 3437 2134 3480 ut
2168 3437 2353 3482 essent
2379 3427 2565 3481 incola:
2588 3442 2652 3480 ac
2672 3427 2810 3480 servi
2845 3426 3084 3479 omnium
3123 3427 3425 3487 nationum,
3463 3442 3653 3495 quent-

2077 3521 2366 3574 admodum
2445 3520 2511 3573 iis
2593 3519 2798 3573 similes
2849 3518 2986 3575 dura
3038 3519 3293 3581 cervice,
3357 3534 3420 3573 ac
3485 3530 3661 3573 trans-

2077 3628 2350 3682 gressores
2380 3611 2596 3666 Judaeos
2621 3628 2635 3675 ;
2665 3626 2763 3664 nec
2799 3619 2883 3664 est
2918 3611 3160 3665 invenire
3195 3612 3468 3665 nationem
3496 3612 3658 3664 aliam

2077 3707 2158 3757 sic
2197 3705 2452 3757 omnibus
2488 3702 2801 3756 nationibus
2833 3701 3155 3769 subjectam,
3187 3711 3350 3767 atque
3391 3702 3662 3755 universis

2077 3794 2458 3864 despicabilem
2509 3808 2573 3845 ac
2625 3791 3040 3858 exsecrabilem,
3086 3793 3161 3846 uti
3215 3793 3501 3862 impiorum
3560 3794 3662 3845 Ar-

2079 3885 2377 3937 meniorum
2407 3898 2469 3936 ac
2501 3881 2814 3937 Iudaeorum
2839 3883 3112 3937 nationem
3140 3902 3156 3949 ;
3203 3886 3659 3952 quemml‘lnodunt

2078 3974 2240 4026 etiam
2300 3973 2420 4040 quis
2473 3989 2537 4026 ex
2593 3972 2718 4036 illis,
2769 3974 2857 4041 qui
2915 3971 3190 4030 Armeniae
3219 3975 3502 4045 episcopus
3537 3977 3658 4040 fuit,

2077 4063 2340 4118 Nurseses
2381 4064 2616 4126 nomine,
2653 4064 2857 4132 scripto
2893 4073 3148 4129 testatur,
3192 4067 3381 4122 dicens
3415 4087 3424 4119 :
3467 4086 3485 4119 ι
3516 4067 3661 4124 Gens

2083 4167 2287 4221 nostra,
2350 4156 2548 4226 inquit,
2599 4155 2982 4210 Armeniorum
3045 4159 3275 4227 superba
3325 4167 3446 4222 est,
3502 4169 3662 4228 atque

2049 4249 2264 4319 impia.
2310 4267 2326 4298 ν

2153 4447 2246 4502 XI.
2275 4447 2554 4518 Siquidem
2579 4449 2743 4519 igitur
2770 4464 2930 4516 supra
2960 4451 3207 4505 nationes
3233 4465 3421 4504 omnes
3445 4466 3595 4519 super
3614 4451 3668 4504 hi

2083 4553 2229 4608 sunt,
2269 4558 2329 4596 ac
2371 4545 2503 4596 dura
2535 4541 2765 4606 cervice,
2797 4540 3064 4609 sordeque
3095 4542 3416 4594 immensum
3453 4539 3666 4602 ferreo;

2084 4633 2303 4701 quinam
2337 4649 2489 4686 suam
2556 4633 2692 4687 Deus
2726 4632 2954 4698 gratiam
2998 4646 3062 4684 ac
3093 4631 3346 4699 pietatem
3380 4648 3406 4683 a
3439 4633 3668 4687 mitissi-

392 4722 505 4774 τῶν
539 4721 863 4792 πραοτάτων
911 4722 1008 4774 καὶ
1051 4721 1326 4775 ταπεινῶν
1359 4723 1425 4791 τῇ
1457 4721 1658 4790 καρδίᾳ
1692 4719 1969 4789 Ῥωμαίωι

2091 4723 2193 4778 mis
2238 4738 2300 4776 :tc
2353 4723 2646 4776 lmmilibus
2698 4721 2859 4776 corde
2913 4719 3172 4774 Romanis
3222 4723 3478 4788 abstulit;
3529 4723 3667 4790 apud

395 4817 696 4885 ἀφείλατο;
729 4815 866 4885 Παρ’
889 4811 971 4886 οἷς
1013 4814 1084 4866 τὰ
1127 4814 1357 4883 λείψανα
1407 4814 1515 4866 τῶν
1548 4813 1713 4867 αὐτοῦ
1745 4812 1980 4866 ἀποστό-

396 4913 526 4975 λων,
561 4909 655 4961 καὶ
689 4911 910 4961 πάντων
958 4906 1124 4959 αὐτοῦ
1159 4907 1268 4959 τῶν
1313 4907 1484 4976 ἁγίων
1525 4905 1850 4975 ὑπάρχουσι,
1883 4907 1981 4958 καὶ

399 5000 578 5052 πάντα
614 4997 794 5051 αὐτῶν
819 4997 887 5050 τά
943 4997 1102 5066 τίμια
1135 4997 1230 5050 καὶ
1272 4997 1548 5066 σεϐάσμια
1575 5014 1586 5026 ·
1627 4994 1720 5059 οὓς
1750 4997 1842 5048 καὶ
1876 5015 1980 5048 πα-

396 5093 634 5164 ραυτίκα
665 5092 742 5161 τῷ
769 5091 1101 5158 γεννηθῆναι
1119 5090 1339 5154 αὐτοὺς,
1361 5089 1590 5156 δοξάσας
1624 5089 1975 5161 ὑπερύψωσε,

396 5185 492 5236 καὶ
524 5183 702 5236 πάντα
726 5184 794 5235 τὰ
840 5182 966 5252 ἕυνη
1003 5181 1107 5237 ὑπὸ
1149 5183 1275 5243 τοὺς
1312 5182 1478 5244 πόδας
1509 5183 1689 5235 αὐτῶν
1720 5181 1977 5246 ὑπέταξε,

393 5276 484 5329 διὰ
511 5278 608 5344 τὴν
653 5274 834 5329 αὐτῶν
865 5274 1174 5336 εὐσέϐειαν,
1207 5273 1387 5338 καθὼς
1416 5276 1443 5326 ό
1477 5275 1766 5345 προφήτης
1796 5277 1982 5344 λέγει’

399 5362 635 5418 Λέδωκὰ
664 5378 763 5418 σοι
789 5362 932 5429 ἔθνη
969 5361 1084 5430 τὴν
1115 5364 1524 5432 κληρονομίαν
1553 5380 1690 5429 σου,
1741 5365 1839 5418 καὶ
1871 5363 1984 5432 τὴν

400 5453 784 5524 κατάσχεσιν
813 5471 929 5506 σου
975 5453 1046 5506 τὰ
1075 5454 1299 5522 πέρατα
1337 5453 1446 5522 τῆς
1489 5453 1598 5522 γῆς
1621 5472 1634 5485 ·
1673 5456 1982 5524 ποιμανεῖς

401 5549 624 5613 αὐτοὺς
647 5548 716 5599 ἐν
731 5546 932 5613 ῥάϐδῳ
965 5544 1184 5614 σιδηρᾷ
1210 5564 1221 5576 ·
1257 5547 1375 5617 ἦτοι
1406 5546 1495 5599 διὰ
1522 5549 1620 5616 τῆς
1667 5547 1984 5618 Ῥωμαῖκῆς

400 5639 701 5710 βασιλείας.
766 5639 903 5700 Τοὺς
962 5639 1071 5707 γὰρ
1130 5639 1449 5708 Ἀρμενίους
1510 5638 1711 5708 μᾶλλον
1749 5639 1835 5692 διὰ
1881 5642 1981 5712 τὴν

478 5781 654 5838 3Mlac.
692 5798 762 5848 tv,
791 5783 846 5837 6.
924 5781 1127 5836 "Psal.
1156 5784 1371 5849 Lxx,18.

477 5901 588 5972 (5‘2)
618 5902 774 5958 Forte
801 5902 873 5961 ῶς
907 5903 1139 5971 είδομεν.

1453 5787 1496 5817 δα
1544 5783 1686 5838 Psal.
1724 5799 1760 5851 I,
1794 5784 1848 5849 8,
1883 5784 1935 5837 9.

2089 4831 2224 4885 quos
2265 4815 2502 4885 reliquiae
2555 4824 2684 4870 sunt
2725 4813 2841 4883 ejus
2893 4812 3281 4883 apostolorum,
3315 4829 3380 4867 ac
3430 4813 3671 4867 omnium

2088 4915 2424 4968 sant-10mm,
2457 4919 2752 4973 eorumque
2800 4904 3030 4972 pretiosa
3077 4918 3300 4972 qumque
3347 4919 3409 4957 ac
3440 4920 3675 4958 vellera--

2089 4998 2287 5052 tionem
2345 4997 2595 5051 habentia
2633 5015 2645 5050 :
2681 5013 2816 5066 quos
2862 4996 3043 5049 statim
3089 5005 3256 5064 atque
3309 4995 3418 5048 uati
3470 5009 3672 5059 essent,

2088 5090 2396 5160 glorilicaus
2445 5088 2897 5157 superexaltavit,
2952 5103 3251 5157 omnesque
3301 5097 3515 5156 gentes,
3575 5092 3674 5142 sub

2089 5197 2274 5237 corum
2309 5181 2552 5250 pedibus,
2601 5191 2819 5250 propter
2863 5179 3072 5232 illorum
3115 5181 3389 5249 pietatem,
3423 5181 3672 5247 subjecit,

2095 5285 2150 5328 ιιι
2178 5275 2250 5328 ait
2284 5273 2547 5341 Propheta
2573 5289 2587 5325 :
2620 5273 2746 5325 Dedi
2778 5273 2871 5324 tibi
2909 5283 3085 5341 gentes
3116 5271 3476 5325 [nereditatem
3505 5282 3671 5333 tuam,

2088 5375 2135 5419 et
2185 5367 2563 5437 possessionem
2607 5372 2750 5415 tuam
2799 5363 3045 5415 terminos
3087 5373 3258 5416 terrm.
3303 5361 3460 5430 Reges
3496 5377 3582 5413 eos
3619 5363 3676 5413 in

2090 5460 2233 5528 rirgu
2279 5457 2451 5526 ferrea
2493 5455 2570 5521 ³⁶;
2611 5454 2660 5506 id
2711 5461 2813 5515 cst,
2865 5469 2958 5522 per
3008 5451 3310 5505 Romanum
3365 5451 3672 5518 imperium.

2091 5550 2376 5604 Armenios
2408 5548 2550 5602 enim
2603 5545 2800 5616 potius,
2852 5556 3068 5614 propter
3109 5560 3293 5598 eorum
3345 5543 3671 5612 superbiant,

2097 5659 2157 5696 ac
2209 5641 2460 5696 duritiam
2511 5639 2712 5706 cordis,
2747 5648 2801 5692 et
2835 5637 3165 5705 impieta!ent
3210 5637 3259 5688 in
3314 5638 3468 5690 linem
3520 5636 3672 5690 dese-
