4088 6412
448 379 583 444 1207

1512 377 1761 437 ISAACI
1804 375 2173 435 ARMENle
2212 379 2620 441 CATHOLICI

3546 366 3685 435 1208

445 508 594 554 rens.
629 492 854 560 repulit;
887 504 1148 558 suamque
1179 488 1246 543 ab
1280 488 1358 542 eis
1387 489 1616 558 gratiam
1657 487 1926 546 auferens.
1958 488 2008 540 in

2119 492 2497 562 ὑπερηφανίαν
2530 491 2731 555 αὐτῶν,
2777 488 2873 542 καὶ
2912 485 3370 558 σκληροκαρδίαν,
3418 482 3515 537 καὶ
3560 483 3687 536 ἀσέ-

442 598 657 638 onmem
690 594 847 637 terra:
881 590 1097 635 ventum
1133 581 1379 651 dispersit
1413 597 1428 636 :
1459 596 1521 633 ac
1556 595 1782 650 qumque
1815 578 2014 634 .ludaeis

444 694 541 746 per
598 676 855 746 Moysem,
889 674 1109 738 Isaiam,
1160 683 1213 728 et
1263 670 1599 727 Ezechieletn
1654 672 2014 725 comminatus

444 768 594 835 ferit,
638 769 689 822 in
726 766 1009 821 Armenios
1055 779 1288 834 quoque,
1324 765 1392 818 ob
1437 776 1621 816 eorum
1677 762 2010 832 impietatettt

447 858 673 914 induxit.

515 1146 627 1200 XII.
668 1147 798 1213 Quei
851 1162 1010 1212 vero,
1052 1161 1259 1216 magna:
1305 1146 1451 1200 urbis
1502 1142 1687 1198 Roma:
1709 1143 2012 1206 antistites,

443 1250 751 1294 sanctorum
784 1239 1146 1308 apostolorum
1189 1236 1547 1302 confuessores,
1582 1252 1645 1290 ac
1685 1236 1806 1291 ﬁdei
1842 1238 2015 1289 Intere-

444 1336 560 1400 des,
591 1335 680 1402 qui
712 1335 846 1388 duas
877 1344 1119 1396 naturas,
1145 1333 1384 1399 duasque
1407 1329 1749 1399 operationes
1778 1327 1833 1381 in
1858 1327 2017 1381 Chri-

444 1438 529 1480 sto
559 1426 874 1495 praadirant,
899 1427 973 1478 uti
997 1424 1255 1478 Dominus
1281 1423 1393 1492 ipse
1420 1422 1471 1474 in
1496 1418 1798 1489 Evangeliis
1833 1419 2012 1479 docet,

442 1516 821 1584 blasphemant
882 1535 896 1571 :
947 1532 1244 1585 eorumque
1321 1516 1609 1584 pietatem,
1686 1511 2013 1580 impii-tatem

446 1615 792 1675 nuncupant;
847 1620 912 1662 ac
960 1606 1373 1665 c0ul'essionem,
1425 1603 1760 1669 negationem
1798 1598 2013 1662 dicunt;

448 1707 760 1765 rectamque
809 1697 989 1759 ﬁdem,
1028 1697 1257 1750 alienam
1306 1713 1333 1747 a
1385 1695 1488 1750 lide
1530 1694 1868 1757 doctrinam;
1917 1705 2017 1745 nec

2118 585 2274 638 ϐειαν
2314 586 2394 648 είς
2442 584 2593 645 τέλος
2633 579 3050 649 ἐγκαταλείψεις,
3106 577 3403 631 ἀπώσατο·
3447 576 3540 629 καὶ
3588 573 3690 645 τὴν

2116 678 2310 732 ἑαυτοῦ
2353 679 2514 748 χάριν
2564 675 2622 740 ἐξ
2672 675 2854 728 αὐτῶν
2895 672 3258 742 ἀφελόμενος,
3307 669 3691 738 διεσκόρπισεν

2115 757 2314 834 αὐτοὺς
2364 772 2456 825 ἐπὶ
2514 770 2693 823 πάντα
2719 768 2923 837 ἀνεμον
2966 764 3068 833 τῆς
3104 765 3206 830 γῆς
3234 779 3247 792 ο
3279 761 3374 813 καὶ
3402 759 3547 828 ἅπερ
3572 760 3691 818 τοῖς

2127 864 2406 927 Ἰουδαίοις
2438 863 2525 915 διὰ
2563 860 2864 921 Μωῡσέως,
2893 859 2987 911 καὶ
3021 854 3268 918 Ἡσαΐου,
3299 852 3395 906 καὶ
3428 848 3692 916 ἰεζεκιὴλ

2119 955 2666 1024 προαπειλησάμενος
2711 951 3004 1020 πεποίηκε,
3054 947 3231 1001 ταῦτα
3275 944 3371 998 καὶ
3428 942 3522 995 ἐπὶ
3562 940 3691 1003 τοὺς

2129 1050 2448 1118 Ἀρμενίους
2488 1048 2737 1118 ἐπήγαγε
2768 1046 2855 1098 διὰ
2895 1042 2995 1114 τὴν
3026 1042 3205 1095 αὐτῶν
3238 1037 3514 1092 ἀσέϐειαν.

2188 1144 2289 1195 IB'.
2336 1143 2455 1203 [ιὼς
2484 1140 2538 1192 δὲ
2574 1141 2699 1201 τοὺς
2734 1138 3013 1208 ἀρχιερεῖς
3055 1133 3154 1202 τῆς
3211 1128 3452 1199 μεγάλης
3484 1125 3693 1185 πόλεως

2128 1236 2369 1305 Ῥώμης,
2407 1234 2533 1296 τοῦς
2559 1231 2879 1303 συνθρόνους
2906 1229 2999 1280 καὶ
3036 1226 3346 1295 ὁμόφρονας
3377 1219 3485 1271 τῶν
3514 1216 3691 1283 ἁγίων

2116 1326 2452 1391 ἀποστόλων,
2483 1319 2885 1394 βλασφημοῦσι,
2914 1318 3006 1372 δύο
3038 1315 3253 1386 φύσεις,
3289 1313 3385 1365 καὶ
3412 1308 3507 1363 δύο
3537 1308 3694 1372 ἔνερ-

2118 1421 2295 1487 γείας,
2338 1418 2430 1471 καὶ
2469 1416 2720 1485 θελήσεις
2766 1414 2857 1465 ἐπὶ
2911 1408 3146 1481 Χριστοῦ
3194 1402 3589 1475 κηρύττοντας,
3617 1397 3694 1459 ὡς

2118 1512 2280 1573 αὐτὸς
2320 1512 2348 1564 ὁ
2397 1509 2605 1578 Κύριος
2655 1507 2714 1559 ἐν
2743 1500 3098 1571 Εῦαγγελίοις
3148 1498 3422 1552 διδάσκει·
3471 1492 3567 1545 καὶ
3592 1489 3692 1559 τὴν

2116 1602 2397 1656 εὐσέϐειαν
2431 1599 2633 1664 αὐτῶν,
2685 1596 2943 1650 ἀσέϐειαν
3001 1590 3400 1658 ὀνομάζοντες’
3455 1584 3547 1637 καὶ
3590 1583 3692 1651 τὴν

2117 1692 2433 1762 ὁμολογίαν,
2484 1690 2714 1761 ἄρνησιν
2754 1705 2768 1719 ·
2823 1685 2920 1740 καὶ
2974 1684 3073 1755 τὴν
3130 1678 3459 1752 δρθοῖοξίαν,
3522 1690 3694 1729 κακο-

445 1787 687 1852 horrent,
724 1789 812 1857 qui
845 1788 1005 1857 impie
1047 1787 1165 1841 illos
1195 1786 1522 1840 anathemati
1558 1783 1885 1854 subjiciam?
1926 1782 2013 1837 Si-

2119 1785 2301 1851 δοξίαν
2345 1785 2602 1852 λέγοντες
2624 1797 2638 1810 ·
2675 1782 2770 1834 καὶ
2809 1774 3301 1845 ἁ-.αθεματίζοντες
3328 1768 3527 1830 αὐτοὺς
3560 1767 3697 1818 ἁσεο

445 1878 660 1948 quidem
687 1879 827 1932 enim
852 1878 1145 1948 apostolica
1171 1876 1431 1939 Ecclesia,
1456 1875 1681 1945 ejusque
1706 1875 2013 1945 pontiﬁces,

445 1969 501 2024 in
529 1968 777 2024 haeresim
813 1968 1042 2037 prolapsi
1070 1980 1216 2029 sunt,
1253 1968 1326 2020 uti
1360 1964 1560 2020 Christi
1590 1965 1883 2020 adversarii
1915 1964 2016 2017 Ar-

442 2059 607 2113 menii
635 2059 1011 2129 blasphemant
1039 2075 1054 2111 :
1081 2057 1253 2126 palam
1278 2066 1354 2111 est
1385 2057 1695 2111 mendacem
1719 2071 1838 2110 esse
1859 2055 2017 2110 Chri-

442 2163 578 2207 tum.
612 2152 707 2206 Sin
759 2164 935 2207 autem
967 2152 1213 2207 Christus
1260 2167 1367 2205 non
1401 2160 1483 2205 est
1527 2152 1777 2212 mendax,
1810 2148 1901 2218 qui
1947 2149 2017 2202 sit

441 2258 604 2297 verus
626 2242 784 2310 Deus,
806 2244 924 2314 ejus
942 2255 1030 2313 [ue
1057 2243 1322 2299 catholica
1348 2259 1412 2297 ac
1435 2242 1725 2307 apostolica
1750 2239 2013 2305 Ecclesia,

442 2350 564 2390 eum
594 2337 707 2390 suis
734 2337 983 2391 omnibus
1018 2333 1381 2405 pontiﬁcibus,
1419 2343 1617 2388 rectam
1657 2332 1815 2385 ﬁdem
1852 2340 2013 2395 tenet,

442 2438 603 2494 atque
638 2428 913 2495 prazalicat,
953 2428 1118 2497 liquet
1146 2425 1518 2509 Eutychetem,
1565 2436 1618 2479 et
1667 2423 2012 2487 Dioscomm,

441 2518 783 2574 Timotheum
823 2535 1033 2589 quoque
1067 2519 1335 2580 ASlurum,
1370 2516 1583 2571 Petrum
1623 2514 1919 2576 Fullonem,
1953 2529 2016 2569 ac

439 2611 736 2675 lulianum,
793 2627 1088 2680 eorumque
1143 2611 1408 2677 dogmatis
1460 2606 1865 2662 consentientes
1911 2607 2012 2659 Ar-

441 2707 674 2771 menios,
707 2720 771 2759 ac
817 2704 1108 2774 impietatis
1138 2704 1543 2774 negationisque
1573 2700 1813 2769 ipsorum
1848 2697 2013 2752 disci-

440 2799 620 2868 pulos,
652 2798 933 2852 haereticos
983 2812 1047 2851 ac
1095 2797 1455 2865 blasphemus,
1484 2793 1790 2862 Christique
1818 2790 2012 2844 adver-

440 2888 615 2944 sarios
642 2903 845 2942 errare.
898 2887 974 2940 At:
1014 2890 1151 2940 sicut
1190 2885 1384 2940 ludam
1434 2883 1736 2953 apostolum
1783 2896 1945 2934 unum
1985 2895 2016 2934 e

440 2980 690 3036 duodeuo
717 2979 919 3036 Christi
947 2979 1308 3050 apostolorum
1342 2978 1532 3043 choro,
1564 2975 1805 3030 diabolus
1835 2975 2016 3043 prodi-

442 3085 613 3128 torem
652 3071 852 3129 i'actum
885 3072 1153 3140 absorpsit
1185 3089 1197 3125 ι
1234 3072 1311 3125 sic
1341 3079 1395 3125 et
1428 3071 1618 3138 impios
1642 3068 1951 3131 Armenios,
1984 3081 2015 3119 a

2123 1878 2255 1943 ϐὦς,
2290 1878 2351 1929 ού
2384 1875 2698 1946 φρίττουσιν
2728 1889 2742 1935 ;
2776 1872 2838 1925 El
2871 1868 2970 1940 μὲν
2998 1865 3163 1936 γάρή
3192 1859 3525 1928 ἀποστολικὴ
3567 1859 3695 1909 Ἑκ-

2125 1972 2347 2043 κλησία,
2378 1971 2473 2024 καὶ
2501 1971 2550 2023 οἱ
2577 1968 2854 2040 ἀρχιερεῖς
2890 1964 3081 2031 αὐτῆς,
3117 1962 3197 2023 είς
3225 1960 3438 2026 αἵρεσιν
3472 1952 3696 2008 πεπτώ-

2124 2082 2307 2125 κασιν,
2354 2063 2430 2125 ὡς
2459 2062 2509 2114 οἱ
2556 2058 2914 2130 χριστομάχοι
2968 2052 3253 2124 Ἀρμένιοι
3290 2045 3694 2119 βλασφημοῦσι,

2124 2155 2393 2227 πρόδηλον
2450 2154 2533 2206 ὅτι
2589 2151 2829 2221 ψεύστης
2878 2148 3024 2200 ἐστὶν
3072 2148 3101 2198 6
3155 2141 3433 2213 Χριστὸςσ
3483 2140 3533 2191 εί
3570 2137 3628 2190 δὲ
3668 2139 3699 2189 6

2123 2246 2633 2324 Χριστὸςρψεύστης
2657 2244 2756 2297 οὐκ
2802 2241 2968 2305 ἔστιν,
3012 2239 3088 2301 ὡς
3114 2235 3247 2296 Θεὸς
3279 2230 3507 2301 ἀληθὴς,
3539 2228 3635 2281 καὶ
3661 2227 3696 2296 ἡ

2123 2320 2386 2411 καθολικῆ
2408 2340 2497 2392 καὶ
2531 2334 2861 2404 ἀποστολικὴ
2888 2328 3186 2400 Ἐκκλησία
3212 2324 3399 2390 αὐτοῦ,
3419 2321 3516 2390 τὴν
3538 2320 3699 2390 ὀρθό-

2120 2434 2272 2501 δοξον
2300 2431 2482 2486 πίστιν
2506 2428 2751 2498 κατέχει,
2778 2425 2870 2479 καὶ
2896 2422 3156 2493 κηρύττει
3195 2416 3332 2488 μετά
3361 2414 3471 2467 τῶν
3509 2413 3702 2480 ἀρχιε-

2124 2526 2264 2598 ρέων
2312 2525 2480 2593 αὐτῆς
2527 2522 2768 2584 πάντων,
2813 2514 3079 2587 πρόδηλον
3124 2514 3205 2565 ὅτι
3246 2512 3275 2564 6
3323 2505 3570 2578 Εὖτυχὴς
3603 2503 3701 2556 καὶ

2122 2620 2433 2690 Διόσκορος,
2467 2613 2733 2685 Τιμόθεος
2773 2610 2883 2681 (53)
2932 2605 3074 2680 [καὶ]
3111 2607 3139 2657 6
3166 2603 3448 2672 Λῖλουρος,
3490 2598 3702 2690 Πέτρος

2122 2713 2151 2766 6
2174 2710 2454 2777 Κναςρεὺς,
2490 2707 2583 2761 καὶ
2620 2702 2926 2765 Ἰουλιανὸς,
2964 2699 3058 2754 καὶ
3095 2699 3141 2751 oi
3184 2695 3486 2766 ὁμόφρονες
3513 2687 3700 2743 αὐτῶν

2135 2802 2434 2875 ’Δρμένιοι,
2468 2800 2563 2853 καὶ
2611 2795 2852 2867 μαθηταὶ
2898 2794 2998 2864 τῆς
3054 2788 3307 2851 ἀσεϐείας
3360 2783 3560 2844 αὐτῶν,
3604 2781 3703 2875 καὶ

2123 2872 2430 2967 ἀρνήσεως,
2466 2888 2735 2962 αἱρετικοὶ
2764 2886 2859 2939 καὶ
2895 2884 3229 2955 βλάσφημοι,
3264 2878 3358 2931 καὶ
3396 2872 3702 2967 χριστομά-

2122 2965 2207 3061 χοι
2233 2965 2517 3049 κακόδοξοι
2561 2980 2892 3051 ὑπάρχουσι.
2951 2975 3061 3031 Καὶ
3108 2973 3298 3039 ὥσπερ
3350 2969 3444 3022 τὶν
3494 2965 3701 3020 Ἰούδαν

2123 3057 2426 3136 ἀπόστολον
2454 3076 2546 3129 τὸν
2575 3077 2639 3127 ὲκ
2687 3071 2797 3124 τῶν
2848 3067 2915 3139 ιβ’
2942 3066 3049 3141 τῶν
3093 3060 3332 3135 Χριστοῦ
3382 3057 3702 3115 ἀποστόλων

441 3167 722 3222 duodecim
773 3165 1022 3234 gentibus
1070 3178 1191 3234 quae
1239 3164 1585 3218 crediderunt
1634 3161 1690 3214 in
1739 3159 2013 3214 Christum

2122 3173 2391 3244 προδότην
2423 3171 2450 3222 6
2489 3166 2733 3227 διάϐολος
2761 3158 3077 3231 πεποιηκὼς
3107 3157 3365 3211 κατέπιεν
3392 3172 3403 3183 ·
3435 3150 3580 3205 οὓτω
3605 3148 3702 3202 καὶ

440 3261 667 3324 scisses,
701 3273 764 3312 ac
795 3258 1100 3326 proditores
1130 3265 1522 3325 negatoresque
1572 3261 1732 3308 recta:
1778 3250 1899 3306 fidei
1939 3253 2020 3305 fa-

439 3361 580 3415 ctos,
612 3348 755 3403 idem
791 3351 904 3417 ipse
934 3360 1163 3414 nequam
1198 3345 1464 3412 diabolus,
1499 3354 1752 3414 tanquam
1789 3344 1874 3398 leo
1901 3343 2019 3412 glu-

443 3440 581 3502 tivit,
617 3440 708 3508 qui
758 3450 863 3492 tam
900 3438 1095 3492 multas
1141 3437 1453 3507 negationes
1485 3453 1548 3491 ac
1595 3437 1847 3497 haereses.
1897 3435 2017 3490 bla-

440 3530 821 3601 sphemiasque
858 3531 910 3586 in
945 3533 1026 3587 eis
1058 3532 1278 3596 severit,
1310 3545 1572 3600 suamque
1617 3545 1710 3587 eos
1756 3527 2019 3585 defeetio-

438 3639 564 3680 nem
592 3625 852 3681 docuerit.

516 3924 650 3979 XIII.
679 3926 880 3983 Omnes
909 3928 1051 3982 enim
1080 3942 1267 3982 eorum
1311 3925 1517 3995 antiqui
1551 3924 1691 3991 libri,
1728 3940 1849 3980 cum
1883 3923 2019 3978 duas

439 4020 494 4073 in
528 4018 748 4075 Christo
778 4030 1018 4084 naturas,
1049 4034 1114 4075 ac
1159 4020 1289 4074 duas
1332 4019 1624 4087 praedicent
1651 4017 2015 4087 Operatioues.

440 4125 711 4179 earneque
742 4111 1069 4182 passibilem,
1114 4111 1504 4181 impassibilem
1539 4110 1738 4165 deitate
1765 4111 2015 4179 probent,

439 4216 716 4269 novasque
744 4216 935 4256 omnes
970 4202 1183 4255 illorum
1228 4202 1460 4256 haereses
1505 4210 1822 4268 coarguant,
1852 4215 2016 4270 nega-

439 4302 586 4347 tores
619 4293 761 4361 ipsos
788 4293 987 4348 Christi
1016 4294 1404 4347 incarnationis
1426 4293 1820 4360 demonstrant,
1844 4292 2033 4347 Evau-‘

440 4382 679 4452 geliique
725 4384 1148 4450 adulteratores,
1199 4401 1263 4437 ac
1304 4383 1523 4449 hostes,
1570 4385 2017 4452 adversariosque

439 4482 678 4530 veterum
721 4475 960 4530 omnium
1011 4487 1320 4532 sanctorum
1370 4475 1615 4542 Patrum,
1649 4477 2011 4530 Romanorum

2122 3239 2320 3326 αύτούς
2353 3264 2482 3324 τοὺς
2519 3258 2734 3319 ἀσεϐεῖς
2782 3252 3119 3323 Ἀρμενίους,
3168 3249 3232 3301 ὲκ
3278 3245 3388 3299 τῶν
3436 3243 3501 3314 ιβ’
3525 3239 3699 3295 ἐθνῶν

2120 3355 2229 3411 τῶν
2265 3356 2344 3417 εἰς
2374 3350 2612 3421 Χριστὸν
2643 3347 3056 3401 πιστευσάντων
3087 3340 3413 3410 ἀποσχίσας,
3445 3337 3537 3389 καὶ
3562 3350 3701 3402 προ-

2120 3448 2297 3513 δὸτας,
2332 3448 2427 3500 καὶ
2455 3443 2696 3516 ἀρνητὰς
2722 3442 2823 3511 τῆς
2869 3436 3154 3510 δρθοδόξου
3188 3434 3426 3493 πίστεως
3468 3445 3705 3498 πεποιη-

2121 3540 2255 3606 κὼς,
2299 3540 2373 3602 ὡς
2408 3538 2546 3591 λέων
2586 3535 2851 3589 κατέπιεν
2889 3532 2918 3585 6
2953 3529 3112 3592 αὐτὸς
3154 3524 3387 3594 πονηρὸς
3427 3520 3698 3585 διάϐολος,

2120 3635 2149 3689 6
2176 3635 2275 3697 τὰς
2301 3630 2570 3693 τοσαύτας
2606 3628 2886 3697 ἀρνήσεις,
2911 3622 3006 3676 καὶ
3034 3621 3296 3691 αἱρέσεις,
3327 3617 3424 3671 καὶ
3454 3614 3700 3684 βλασφη-

2125 3724 2253 3795 μίας
2277 3719 2655 3789 κατασπείρας
2677 3719 2735 3770 ὲν
2764 3716 2966 3779 αὐτοῖς,
2989 3714 3082 3766 καὶ
3103 3712 3201 3782 τὴν
3235 3706 3428 3763 ἑαυτοῦ
3458 3707 3702 3760 ἀποστα-

2123 3817 2242 3870 σίαν
2280 3814 2494 3876 ἑαυτοῖς
2528 3811 2765 3876 διδάξας.

2190 3910 2293 3964 II".
2330 3908 2509 3960 Πᾶσαι
2539 3905 2650 3976 γὰρ
2683 3903 2865 3957 αὐτῶν
2907 3903 2961 3954 αἱ
2989 3900 3217 3973 ἀρχαῖαι
3243 3895 3438 3967 βίϐλοι,
3468 3892 3562 3945 δύο
3594 3890 3703 3959 φύ-

2122 4020 2258 4066 σεις,
2298 4001 2394 4053 καὶ
2427 3996 2520 4051 δύο
2562 3994 2848 4066 ἐνεργείας
2894 3993 2987 4047 ἐπὶ
3025 3987 3269 4063 Χριστοῦ
3303 3986 3695 4058 κηρύττουσαι,

2120 4096 2217 4149 καὶ
2248 4092 2495 4161 παθητὸν
2535 4078 2819 4160 τῇ’σαρκι,
2857 4087 2954 4141 καὶ
2996 4083 3180 4153 ἀπαθῆ
3220 4086 3286 4154 τῇ
3344 4080 3561 4149 θεότητι
3590 4077 3701 4131 δειι

2120 4187 2398 4244 κνύουσαι,
2426 4182 2522 4236 καὶ
2550 4182 2649 4246 τὰς
2676 4180 2803 4243 νέας
2835 4180 3015 4233 αὐτῶν
3044 4178 3285 4250 αἱρέσεις
3325 4174 3505 4234 πάσας
3541 4170 3699 4238 ἐλέγ-

2120 4293 2332 4346 χουσαι,
2360 4274 2697 4327 δεικνύουσιν
2720 4271 2921 4333 αὐτοὺς
2943 4269 3185 4341 ἀρνητάς
3207 4268 3307 4334 τῆς
3327 4263 3422 4318 τοῦ
3453 4257 3695 4333 Χριστοῦ

2121 4366 2475 4436 σαρκώσεως,
2507 4365 2601 4418 καὶ
2632 4364 3066 4434 παραχαριὴτας
3091 4359 3184 4412 τοῦ
3218 4354 3575 4424 Εὑαγγελίου,
3600 4351 3699 4405 καὶ⁵

2119 4456 2436 4526 πολεμίους,
2469 4453 2698 4525 ἐχθροὺς
2729 4453 2949 4506 πάντων
2978 4451 3088 4504 τῶν
3111 4448 3354 4520 ἀρχαίων
3388 4445 3563 4514 ἁγίων
3583 4445 3700 4497 lla-

439 4567 643 4634 pariter
661 4583 725 4621 ac
748 4567 1146 4623 Armeniorum.
1176 4569 1539 4634 Quamobrem
1564 4568 1724 4622 etiam
1751 4581 2010 4635 perquam

2119 4549 2312 4620 τέρων,
2359 4549 2648 4618 Ῥωμαίων
2693 4547 2788 4600 καὶ
2837 4543 3159 4614 Ἀρμενίων.
3197 4540 3359 4595 Ὅθεν
3411 4537 3505 4591 καὶ
3554 4536 3697 4589 πάνυ

438 4658 654 4722 merito,
685 4673 749 4713 ac
777 4658 935 4712 valde
961 4674 991 4713 e
1021 4660 1252 4723 ratione,
1279 4660 1346 4713 ab
1375 4660 1646 4721 omnibus,
1672 4667 1935 4726 quotquot
1958 4659 2011 4711 in

434 4746 710 4803 Christum
761 4748 1127 4815 crediderunt,
1187 4749 1534 4823 nationibus,
1582 4749 1635 4802 in
1690 4758 2011 4819 perpetuum

437 4839 587 4894 diras
617 4841 937 4895 sortiuntur.
972 4840 1204 4896 llorreas
1238 4842 1458 4904 coelum,
1492 4857 1555 4895 ac
1584 4840 1838 4895 universa
1869 4850 2010 4894 terra

434 4930 847 4995 contremiscas,
882 4948 1045 5001 super
1090 4934 1314 4988 audacia
1356 4933 1449 4988 Dei
1483 4950 1547 4990 ac
1577 4933 1779 4988 Christi
1822 4933 2014 4988 adver—

437 5022 723 5087 sariorum,
777 5018 1171 5092 impiorumque
1218 5025 1632 5101 Armeniorum!
1681 5024 1812 5091 Quis
1863 5025 2007 5078 enim

433 5112 658 5166 audiens
687 5128 791 5166 non
818 5115 1055 5180 horreat,
1086 5115 1392 5185 lugeatque,
1428 5124 1485 5168 ut
1509 5116 1586 5179 hi,
1614 5115 1703 5185 qui
1729 5115 2006 5170 Christum

437 5202 612 5258 media
646 5212 801 5274 parte
834 5217 1052 5274 negant,
1084 5207 1378 5273 Romanos,
1406 5208 1498 5278 qui
1527 5207 1826 5276 perfectura
1855 5206 2011 5261 Citri-

433 5305 575 5349 stum
630 5297 1025 5364 conﬁteantur,
1079 5299 1440 5368 decipientes,
1503 5308 1757 5367 tanquam
1813 5298 2008 5369 impios

430 5387 627 5443 iterato
661 5386 934 5458 baptizent
966 5404 982 5443 :
1018 5400 1181 5454 utque
1228 5391 1318 5458 qui
1368 5391 1486 5460 ejus
1522 5388 2006 5443 Annuntiationem

430 5495 494 5533 ac
524 5479 893 5549 Nativitatem,
926 5491 1178 5551 tanquam
1212 5479 1381 5536 Iudici
1411 5498 1475 5537 ac
1506 5480 1809 5538 Nestoriani
1843 5496 2007 5551 nega-

431 5581 647 5636 verunt,
670 5572 780 5627 haec
804 5574 1159 5640 celebrantes,
1194 5591 1257 5628 ac
1286 5574 1637 5638 honorantes,
1661 5589 2009 5644 congruaque

430 5660 692 5732 religione
715 5664 1142 5734 magniticantes,
1172 5680 1428 5737 tauquam
1453 5673 1734 5735 negatores
1753 5667 2007 5722 condem-

501 5819 613 5892 (53)
642 5820 803 5876 Forte
827 5840 909 5878 τε.

2112 4642 2361 4704 δικαίως,
2396 4641 2490 4694 καὶ
2523 4640 2729 4711 σφόδρα
2760 4638 3016 4706 εὐλόγως,
3050 4637 3113 4687 ὲκ
3142 4634 3362 4687 πάντων
3392 4630 3499 4684 τῶν
3522 4629 3697 4683 ἐθνῶν

2113 4736 2221 4789 τῶν
2253 4737 2334 4796 είς
2373 4734 2607 4802 Χριστὸν
2638 4731 3030 4793 πιστευόντων,
3081 4726 3171 4781 διὰ
3204 4724 3404 4787 παντὸς
3429 4724 3695 4793 κληρονο·

2117 4827 2277 4901 μοῦσι
2309 4828 2369 4881 τὸ
2398 4826 2669 4895 ἀνάθεμα.
2707 4824 2923 4895 Φρίξον,
2949 4816 2993 4875 ὦ
3011 4820 3229 4891 οῦρανὲ,
3254 4819 3350 4873 καὶ
3383 4818 3508 4888 ήγῆ
3541 4818 3693 4868 πᾶσα

2113 4921 2407 4994 τρόμαξον,
2438 4921 2528 4972 ἐπὶ
2565 4921 2631 4987 τῇ
2661 4918 2835 4989 τόλμῃ
2865 4916 2972 4969 τῶν
3000 4915 3305 4985 θεομάχων,
3346 4913 3441 4966 καὶ
3469 4925 3693 4981 χριστοο

2119 5015 2332 5085 μάχων,
2381 5011 2477 5065 καὶ
2499 5008 2714 5063 ἀσεϐῶν
2766 5006 3101 5078 Ἀρμενίωνί
3162 5005 3258 5068 Τίς
3314 5003 3422 5073 γὰρ
3474 5002 3695 5055 ἀκούων

2113 5109 2174 5160 οὐ
2201 5106 2443 5173 φρίττει,
2488 5102 2582 5155 καὶ
2629 5100 2985 5170 ἀποδύρεται,
3018 5099 3098 5151 ὅτι
3130 5090 3279 5151 οῦτοι
3326 5097 3374 5149 οί
3418 5094 3481 5149 τὸ
3514 5095 3690 5165 ἥμισυ

2113 5198 2208 5252 τοῦ
2251 5194 2491 5267 Χριστοῦ
2540 5195 2886 5266 ἀρνούμενοι,
2935 5193 3064 5252 τοὺς
3096 5191 3190 5245 τὸν
3232 5188 3468 5261 Χριστὸν
3496 5186 3695 5258 ὁμολο-

2114 5290 2346 5360 γοῦντας
2375 5289 2600 5353 τέλειον,
2643 5286 2971 5356 Ῥωμαίους,
3012 5284 3418 5350 ἐξαπατῶντες.
3459 5281 3535 5345 ὡς
3566 5283 3695 5333 ἀσε-

2111 5384 2225 5445 ϐεῖς
2264 5379 2762 5447 ἐξαναϐαπτίζουσι
2785 5394 2798 5409 ο
2832 5377 2927 5430 καὶ
2952 5378 3001 5429 οἱ
3036 5376 3128 5429 τὸν
3158 5372 3557 5444 εὐαγγελισμδν
3590 5374 3691 5424 αύ-

2107 5476 2206 5530 τοῦ
2242 5477 2335 5530 καὶ
2359 5474 2455 5546 τὴν
2486 5475 2759 5543 γέννησιν,
2799 5471 2873 5532 ὡς
2915 5470 3160 5523 Ἰουδαῖοι
3195 5470 3288 5523 καὶ
3332 5465 3693 5536 Νεστοριανοὶ

2110 5568 2508 5639 ἀρνησάμενοι,
2546 5567 2674 5627 τοὺς
2703 5562 2877 5617 ταῦτα
2928 5562 3309 5634 ἑορτάζοντας,
3341 5560 3438 5614 καὶ
3472 5558 3688 5629 τιμῶν-

2108 5680 2230 5729 τας,
2267 5663 2363 5717 καὶ
2391 5660 2797 5731 μεγαλύνοντας
2829 5658 3173 5729 θεοπρεπῶς,
3206 5655 3282 5719 ὡς
3318 5653 3562 5728 ἀρνητάς
3592 5656 3693 5707 ita-
