4088 6422
344 395 484 459 1209

1413 393 1702 454 ORATIO
1743 394 1770 454 Ι
1813 392 2115 453 CONTRA
2154 393 2572 456 ARMENIOS.

3473 394 3616 462 1210

338 508 661 582 τακρίνουσι
685 524 698 538 ·
726 508 820 561 καὶ
844 511 892 562 οί
917 509 978 562 τὸ
995 511 1089 563 τοῦ
1114 511 1353 582 Χριστοῦ
1378 511 1716 582 Εὗαγγέλιον
1739 531 1921 584 παρα-

2027 518 2153 564 nent
2182 529 2198 567 :
2228 527 2293 567 ac
2319 513 2410 582 qui
2439 512 2644 568 Christi
2685 513 3040 584 Evangelium
3075 515 3518 570 adulteraverunt
3556 530 3623 572 ac

339 604 682 674 χαράξαντες
714 604 808 655 καὶ
851 604 1276 672 περικόψαντες,
1320 606 1446 669 τοὺς
1483 606 1542 658 το
1587 606 1925 674 Εὐαγγέλιον

339 692 650 757 ἀνελλιπὲς,
677 692 772 746 καὶ
796 693 1230 766 ἀκαινοτόμητον
1251 698 1499 767 ἔχοντας,
1518 698 1614 750 καὶ
1641 696 1925 748 πιστεύον-

339 803 459 850 τας,
495 783 914 855 βλασφημοῦσι·
962 787 1057 840 καὶ
1099 791 1147 840 oi
1194 789 1295 859 τὴν
1341 789 1542 857 εὐσεϐῆ
1587 789 1790 846 πίστιν.
1829 787 1924 842 καὶ

340 877 668 948 παραδόσεις
721 878 830 930 τῶν
884 878 1055 947 ἁγίων
1113 881 1374 951 Πατέρων
1413 881 1787 952 ἀρνησάμενοι
1833 881 1926 932 καὶ

341 967 731 1038 ἀθετήσαντες,
761 969 888 1034 τοὺς
917 971 1018 1041 τὴν
1051 972 1335 1043 όρθόδοξον
1371 974 1554 1026 πίστιν
1588 974 1696 1025 τῶν
1728 973 1923 1040 ἁγίων,

341 1061 436 1113 καὶ
459 1058 556 1122 τάς
583 1061 916 1130 παραδόσεις
935 1063 1034 1133 τῆς
1059 1064 1357 1133 καθολικῆς
1389 1065 1737 1135 Ἐκκλησίας,
1761 1067 1925 1118 ἀκαι-

341 1153 676 1221 νοτομήτους
703 1150 1102 1220 φυλάττοντας,
1139 1156 1213 1218 ib;
1263 1156 1645 1225 παραϐάντας,
1682 1158 1775 1208 καὶ
1810 1157 1927 1208 δια·

343 1247 656 1315 σύραντας·
699 1248 793 1300 καὶ
845 1248 896 1299 οί
936 1248 1030 1301 τὸν
1075 1249 1314 1318 Χριστὸν
1362 1251 1468 1302 τὸν⁹
1503 1249 1925 1318 σεσαρκωμένον

341 1337 498 1402 Θεὸν,
526 1341 621 1392 καὶ
660 1338 868 1402 πάντας
914 1340 1041 1400 τοὺς
1080 1340 1276 1408 ἁγίους
1321 1340 1619 1412 θεοφόρους
1649 1342 1922 1410 Πατέρας,

342 1430 418 1492 ib;
461 1430 670 1484 ἐθνικοὶ
724 1432 819 1484 καὶ
863 1432 1208 1502 ἀχριστίανοι
1253 1433 1767 1502 ἀναθεματίζοντες,
1799 1433 1926 1495 τοὺς

340 1521 621 1591 τιμῶντας
653 1524 866 1588 πάντας
900 1526 1028 1587 τοὺς
1071 1525 1282 1590 ἁγίους,
1318 1527 1413 1579 καὶ
1445 1526 1544 1587 τὰς
1580 1527 1799 1594 μνήμας
1831 1526 1928 1576 αὑ-

340 1615 449 1668 τῶν
481 1615 864 1683 ἑορτάζοντας,
907 1618 1002 1670 καὶ
1038 1618 1106 1670 τὰ
1135 1617 1388 1686 δόγματα
1426 1617 1608 1672 αὐτῶν
1637 1620 1922 1670 πιστεύον-

338 1722 462 1767 τας,
499 1705 713 1768 καὶτὰς
747 1709 964 1770 εἰκόνας
997 1707 1177 1761 αὐτῶν
1204 1709 1646 1777 ἀσπαζομένους,
1675 1709 1750 1771 ib;
1783 1709 1925 1761 ὲθνι-

342 1796 474 1859 κοὺς
501 1797 596 1850 καὶ
629 1797 921 1860 ἀπίστους,
954 1797 1042 1851 διὰ
1065 1797 1161 1852 τοῦ
1191 1800 1414 1869 μιαροῦ,
1439 1800 1533 1853 καὶ
1559 1799 1811 1869 βεϐήλου,
1833 1801 1928 1852 καὶ

340 1888 682 1959 ἀκαθάρτου,
728 1893 824 1944 καὶ
874 1890 1192 1959 βδελυκτοῦ,
1225 1894 1320 1946 καὶ
1357 1893 1797 1963 μεμολυσμένου,
1833 1894 1928 1945 καὶ

342 1981 749 2050 ἀπροσδέκτου,
788 1986 884 2035 καὶ
917 1983 1280 2055 ἀνευ).ογήτου
1313 1984 1496 2037 αὐτῶν
1525 1983 1925 2055 βαπτίσματος,

341 2071 870 2138 ἐξαναϐαπτίζουσιο
930 2075 1131 2145 μᾶλλον
1189 2077 1246 2129 δὲ
1305 2076 1780 2146 καταμολύνουσι,
1832 2079 1928 2131 καὶ

340 2164 437 2217 τοῦ
469 2166 710 2233 Χριστοῦ
737 2167 1086 2238 ἀλλοτριοῦσι
1107 2184 1122 2196 ’
1156 2170 1250 2222 καὶ
1289 2172 1336 2221 οἱ
1384 2169 1627 2240 μαθηταὶ
1662 2169 1775 2221 τῶν
1807 2169 1927 2222 θεο-

345 2255 539 2324 μὰχων
571 2257 884 2326 αἱρετικῶν,
920 2259 1012 2310 καὶ
1041 2258 1140 2326 τῆς
1168 2258 1424 2321 ἀσεϐείας
1459 2259 1636 2312 αὐτῶν
1667 2259 1924 2328 διάδοχοι,

341 2351 472 2412 τοὺς
497 2350 606 2402 τῶν
635 2350 811 2418 ἁγίων
842 2352 1161 2405 ἀποστόλων
1196 2353 1469 2422 μαθητὰς,
1500 2353 1726 2405 καὶτῶν
1756 2353 1927 2420 ἁγίων

341 2443 608 2514 Πατέρων
644 2444 981 2514 ὁμόφρονας,
1028 2446 1103 2507 ib;
1153 2445 1492 2514 ἀλλοφύλους
1550 2445 1926 2514 κατηχίζουσι,

343 2533 440 2584 καὶ
465 2533 554 2584 διὰ
586 2536 684 2596 τὰς
722 2535 1004 2604 ἀμέτρους
1053 2536 1238 2588 αὐτῶν
1287 2535 1547 2598 ἀσεϐείας
1595 2553 1929 2605 κατακεκρι-

347 2623 501 2691 μένοι
531 2623 892 2692 ὑπάρχοντες,
925 2627 1049 2688 τοὺς
1081 2626 1328 2688 εὐσεόεῖς
1359 2628 1454 2679 καὶ
1487 2626 1823 2697 ὀρθοδόξους,
1853 2628 1928 2690 ib;

342 2718 371 2768 ὁ
401 2716 657 2784 Καϊάφας
692 2719 1046 2788 κατακρίνειν
1078 2721 1437 2789 ἐπιχειροῦσι.

417 2806 516 2859 lA'.
556 2807 854 2860 Ἀκούσατε
887 2807 1062 2862 ταῦτα
1109 2811 1313 2872 πάντες
1363 2812 1413 2862 oi
1458 2812 1576 2880 μετ’
1611 2812 1790 2865 αὐτῶν
1831 2811 1928 2876 τὰς

344 2893 570 2962 ἀγάπας
612 2897 912 2964 ποιοῦντες,
959 2903 1052 2952 καὶ
1097 2900 1494 2969 διορθώσασοε,
1530 2904 1621 2956 καὶ
1656 2904 1713 2969 ἐξ
1747 2904 1926 2957 αὐτῶν

343 2985 422 3047 ib;
452 2986 560 3038 ἀπὸ
597 2987 888 3052 Ἰουδαίων,
916 2993 1010 3043 καὶ
1036 2993 1381 3062 Μανιχαίων,
1413 2996 1509 3046 καὶ
1537 2995 1925 3065 ἁντιχρίστων,

343 3077 752 3148 ἀποφεύξασθε,
804 3082 892 3134 ἵνα
939 3083 1015 3156 μὴ
1064 3087 1444 3156 συναπολῆσθε
1487 3091 1609 3150 ταῖς
1646 3087 1928 3150 ἀσεϐείαις

343 3170 550 3224 αὐτῶν.
598 3173 895 3226 Ἀκούσατε
922 3177 1123 3240 πάντες
1160 3179 1211 3230 οἱ
1251 3179 1374 3246 μετ’
1398 3180 1580 3231 αὐτῶν
1612 3180 1926 3235 συνεσθίον-

341 3279 460 3325 τες.
504 3265 777 3334 ὀδυνηρὰν
813 3268 1092 3336 ἀπόφασιν
1117 3271 1182 3322 ἐκ
1218 3269 1439 3323 πάντων
1478 3270 1590 3323 τῶν
1623 3271 1796 3341 ἁγίων
1843 3274 1924 3326 ὅτι

341 3355 437 3408 τοῦ
469 3356 710 3426 Χριστοῦ
747 3359 933 3429 ἐχθροί
960 3363 1108 3416 ἐστε.

511 3450 651 3516 Περὶ
673 3446 757 3504 ὧν
787 3452 1312 3520 ἀναθεματίζονται
1341 3457 1396 3508 οὶ
1440 3457 1753 3524 Ἀρμένιοι.

416 3539 498 3594 A’.
531 3543 595 3595 Οί
633 3542 726 3596 οὖν
769 3543 844 3607 ib;
890 3545 1364 3616 ἀφθαρτοδοκῆται
1406 3546 1922 3617 ἀναθεματίζονται.

416 3729 493 3782 B'.
523 3730 633 3783 Καὶ
655 3731 730 3792 ib;
762 3731 892 3800 μίαν
915 3730 1080 3786 φύσιν
1114 3731 1172 3785 ἐν
1196 3732 1420 3803 Χριστῷ
1451 3731 1922 3803 βλασφημοῦντες,

341 3819 510 3873 ἀναθε
521 3819 864 3888 ματίζονται.

415 3909 490 3963 Γ’.
525 3912 634 3963 Καὶ
693 3913 948 3981 ὡς·μίαν
1005 3914 1292 3983 ἐνέργειαν
1342 3912 1510 3966 αὐτοῦ
1563 3911 1926 3981 κηρύττοντες

342 4002 584 4068 ἀσεϐῶς,
619 4006 711 4056 καὶ
741 4005 817 4066 ὡς
846 4005 973 4073 μίαν
1004 4005 1228 4076 θέλησιν
1258 4006 1318 4058 ὲν
1352 4004 1576 4076 Χριστῷ
1617 4005 1922 4076 φλυαροῦν-

341 4111 458 4161 τες,
487 4096 1006 4165 ἀναθεματίζονται.

414 4185 487 4239 Δ’.
520 4189 629 4242 Καὶ
669 4189 744 4250 ib;
790 4191 880 4241 τὸν
932 4189 1349 4260 Εὑαγγελισμὸν
1393 4190 1495 4260 τῆς
1541 4191 1804 4244 Θεοτόκου
1851 4189 1926 4263 μὴ

342 4280 720 4349 ἑορτάζοντες,
749 4280 1262 4351 ἁναθεματίζονται.

418 4372 494 4425 E'.
524 4375 632 4426 Καὶ
664 4373 738 4437 ὡς
767 4375 866 4444 τὴν
901 4376 1088 4428 εἰκόνα
1127 4374 1221 4428 τοῦ
1261 4376 1524 4446 Χριστοῦ,
1554 4379 1649 4430 καὶ
1675 4379 1774 4447 τῆς
1799 4379 1925 4431 Θεο-

342 4465 508 4519 τόκου
535 4467 610 4538 μὴ
635 4468 1090 4539 προσκυνοῦντες,
1111 4470 1206 4520 καὶ
1227 4469 1333 4522 τῶν
1358 4470 1528 4537 ἁγίων
1555 4486 1570 4500 ·
1593 4469 1708 4524 ἀλλ’
1731 4470 1927 4526 εἴδωλα

345 4560 782 4626 ἀποκαλοῦντες,
814 4560 1324 4631 ἀναθεματίζονται.

422 4652 513 4720 εἶ’.
550 4657 660 4708 Καὶ
701 4655 774 4718 ib;
807 4656 1014 4726 ἄζυμον
1063 4656 1228 4724 ἄρτον
1273 4651 1582 4718 Ἰουδαϊκῶς
1615 4655 1692 4717 εἰς
1739 4655 1930 4710 θυσίαν

345 4748 744 4818 προσάγοντες,
779 4749 1298 4817 ἀναθεματίξονται.

421 4843 494 4895 Z'.
533 4841 644 4894 Καὶ
672 4843 748 4904 ὡς
789 4843 846 4893 ὲν
876 4841 955 4913 τῷ
992 4844 1120 4911 οῐνῳ
1166 4844 1260 4897 τοῦ
1295 4845 1528 4914 αἵματος
1552 4844 1647 4898 τοῦ
1690 4841 1928 4914 Χριστοῦ

348 4932 497 5002 ὕδωρ
536 4936 611 5004 μὴ
656 4935 972 5005 κιρνῶντες,
1005 4935 1518 5006 ἀναθεματίζονται.

423 5028 506 5082 H'.
539 5029 649 5080 Καὶ
677 5028 751 5086 ὡς
774 5028 835 5080 τὸ
854 5028 1184 5095 Εὑαγγέλιον
1213 5029 1305 5083 τοῦ
1335 5027 1572 5100 Χριστοῦ
1607 5028 1929 5098 παραχαρά-

349 5120 562 5185 ξαντες,
599 5120 1113 5190 ἀναθεματίζονται.

419 5217 495 5271 Θ¹.
554 5218 663 5270 Καὶ
691 5216 766 5277 ib;
813 5216 910 5284 τὴν
961 5218 1123 5282 ἁγίαν
1155 5215 1362 5283 Τριὰδα
1415 5215 1474 5266 ὲν
1516 5213 1594 5284 τῷ
1647 5215 1928 5287 Τρισαγίῳ

349 5312 508 5387 ὕμνῳ
538 5309 920 5379 σταυροῦντες,
957 5308 1468 5377 ἀναθεματίζονται.

420 5407 476 5458 I'.
515 5405 624 5457 Καὶ
655 5402 730 5465 ib;
759 5404 858 5472 τὴν
885 5403 1146 5470 Γέννησιν
1184 5402 1276 5455 τοῦ
1305 5403 1544 5473 Χριστοῦ
1575 5403 1920 5475 ἀρνούμενοι,

347 5497 512 5553 ἁναθε
523 5513 626 5566 ματ
636 5496 863 5559 ίςονται.

417 5588 522 5642 lA'.
557 5589 669 5643 Καὶ
697 5587 771 5651 ib;
802 5588 899 5658 τὴν
927 5586 1396 5658 ψευδοιερωσύνην
1425 5587 1602 5641 αὐτῶν
1628 5587 1923 5659 προφανῶς

348 5681 781 5751 πιπράσκοντες,
823 5681 918 5731 καὶ
960 5679 1060 5748 τὴν
1113 5679 1412 5746 βδελυκτὴν
1450 5678 1661 5731 ἑαυτῶν
1707 5678 1918 5742 θυσίαν,

347 5773 616 5843 καπήλιον
652 5770 1016 5841 πεποιηκότες
1039 5788 1053 5800 ·
1086 5770 1189 5823 ὑπὸ
1221 5771 1330 5822 τῶν
1377 5770 1547 5838 ἁγίων
1584 5769 1919 5833 ἀποστόλων,

351 5869 444 5923 καὶ
471 5867 578 5922 τῶν
607 5867 882 5937 θεοφόρων
904 5864 1162 5936 Πατέρων
1193 5862 1267 5927 ὡς
1299 5862 1623 5934 Σιμωνιανοὶ
1649 5861 1925 5932 ἀναθεμαο

2030 603 2369 666 acciderunt,
2400 620 2494 658 cos
2531 606 2617 673 qui
2653 604 3005 676 Evangelium
3048 607 3314 676 integrum
3363 607 3621 676 nullaque

2030 696 2266 749 novitate
2290 697 2542 750 violatum
2577 699 2813 751 retinent
2843 713 2906 753 ac
2927 700 3175 763 credunt,
3201 698 3576 768 blasphement
3599 715 3615 762 ;

2028 787 2228 854 quique
2259 787 2400 854 piam
2439 789 2620 853 ﬁdem,
2653 805 2715 842 ac
2750 801 3062 843 sanctorum
3092 789 3315 844 Patrum
3367 791 3618 843 traditio-

2029 893 2126 930 nes
2155 890 2485 946 negaverunt
2516 894 2579 932 ac
2614 879 2798 934 irritas
2833 880 3101 945 fecerunt,
3137 897 3230 934 eos
3267 881 3358 950 qui
3396 891 3618 934 sancto-

2031 984 2148 1021 rum
2179 970 2534 1023 orthodoxam
2566 970 2746 1036 ﬁdem,
2787 987 2850 1027 ac
2895 971 3149 1026 Ecclesize
3185 971 3464 1025 catholicae
3502 982 3616 1024 tra-

2029 1060 2258 1115 ditiones
2314 1062 2600 1115 inviolatus
2656 1073 2900 1127 servant,
2963 1075 3214 1132 tanquam
3273 1061 3614 1132 praevaricati

2027 1162 2228 1215 essent,
2262 1168 2324 1206 ac
2358 1153 2716 1221 explosissent
2751 1172 2854 1208 :ac
2898 1156 2988 1224 qui
3036 1155 3312 1209 Christum
3357 1155 3616 1208 incarna-

2030 1254 2161 1307 tum,
2199 1260 2493 1312 outucsque
2535 1257 2755 1302 sanctos
2785 1263 2847 1300 ac
2879 1246 3138 1301 divinitus
3169 1247 3372 1300 aﬁlatos
3406 1245 3614 1309 Patres,

2030 1344 2283 1400 tanquam
2322 1335 2525 1389 ethnici
2562 1353 2623 1390 ac
2655 1338 2865 1406 profani
2901 1339 3114 1402 quidam
3160 1338 3456 1402 devovent;
3497 1353 3613 1400 eos,

2027 1426 2117 1494 qui
2149 1437 2368 1480 Sanetus
2399 1444 2586 1482 omnes
2622 1429 2826 1482 honore
2867 1438 3290 1498 prosequuntur,
3319 1441 3618 1494 eorumque

2030 1522 2320 1572 memorias
2351 1521 2648 1584 celebrant,
2689 1538 2750 1574 ac
2785 1521 3088 1574 doctrinam
3117 1522 3325 1574 illorum
3362 1520 3615 1580 credunt,

2029 1625 2327 1678 eorumque
2373 1613 2690 1666 osculantur
2725 1614 3009 1680 imagines,
3066 1623 3325 1680 tanquam
3371 1611 3619 1665 ethnicos

2033 1702 2132 1771 ipsi
2160 1718 2222 1756 ac
2253 1701 2521 1767 inﬁdeles,
2553 1703 2787 1757 scelesto
2839 1718 2900 1756 ac
2948 1701 3196 1771 profano,
3235 1702 3620 1769 immundoque

2031 1811 2091 1847 ac
2144 1793 2489 1858 exsecrabili,
2545 1801 2597 1848 et
2659 1793 2885 1861 polluto,
2945 1809 3043 1847 nec
3095 1791 3470 1854 admittendo,
3525 1796 3621 1842 aut

2037 1887 2298 1940 rationem
2337 1885 2570 1938 habente
2621 1901 2806 1936 eorum
2861 1884 3156 1951 baptismo,
3211 1883 3388 1935 denuo
3444 1880 3621 1948 baptio

2031 1988 2174 2042 unt,
2208 1994 2303 2032 seu
2353 1979 2531 2045 potius
2569 1977 2958 2042 eimtaminenl,
2990 1986 3043 2030 et
3079 1977 3284 2029 alienos
3331 1990 3359 2027 a
3396 1973 3618 2029 Christo

2029 2074 2262 2129 alliciant
2297 2091 2311 2129 :
2346 2089 2409 2128 ac
2441 2075 2679 2135 demum,
2709 2074 3144 2127 adversariorum
3195 2070 3290 2124 Dei
3341 2069 3621 2124 Ιιαιιηειίοον

2032 2183 2147 2220 rum
2201 2166 2483 2234 discipuli,
2527 2180 2825 2232 eorumque
2885 2163 3177 2230 impietatis
3229 2174 3614 2221 successores,

2032 2265 2346 2313 sanctorum
2393 2255 2761 2324 apostolorum
2813 2254 3142 2320 discipulos,
3193 2268 3257 2306 ac
3307 2261 3616 2304 sanctorum

2030 2350 2246 2403 Patrum
2282 2358 2555 2403 sectantes
2590 2348 2771 2409 ﬁdem,
2808 2359 3063 2414 tanquam
3111 2345 3466 2413 alienigenas,
3507 2343 3620 2411 pri-

2030 2442 2133 2495 mis
2174 2440 2295 2494 ﬁdei
2329 2441 2650 2494 rudimentis
2697 2439 2961 2500 imbuant,
3000 2435 3208 2506 ipsique
3245 2445 3461 2504 propter
3511 2433 3618 2485 im-

2033 2548 2270 2588 mensam
2307 2548 2461 2586 suam
2497 2532 2830 2600 impietatem
2862 2530 3128 2596 damnati,
3165 2527 3281 2595 pios
3326 2542 3387 2579 ac
3431 2524 3618 2578 ortho-

2031 2629 2220 2692 doxos,
2248 2626 2467 2695 Caiphae
2491 2625 2696 2694 judicio
2723 2622 3084 2678 condemnare
3113 2621 3365 2674 audeant.

2099 2812 2241 2867 XIV.
2271 2813 2470 2865 Audite
2515 2810 2629 2863 haec
2673 2823 2884 2872 omnes,
2929 2807 3174 2875 quicum
3229 2805 3306 2860 eis
3351 2803 3619 2858 amicitias

2023 2905 2272 2976 iungitis,
2306 2919 2371 2957 ac
2396 2900 2787 2962 etnendamini,
2819 2907 2980 2966 atque
3010 2897 3078 2950 ab
3106 2896 3230 2959 illis,
3265 2905 3322 2948 ut
3355 2911 3382 2948 a
3415 2894 3618 2950 Judtcis

2030 3014 2094 3052 ac
2140 2995 2486 3059 Manichteis,
2532 3002 2586 3047 et
2635 2991 2971 3045 antichristis
3023 2989 3227 3057 fugite,
3279 2997 3336 3041 ut
3389 3003 3455 3041 ne
3493 3002 3614 3040 cum

2031 3105 2220 3146 eorum
2275 3085 2642 3156 impietatibus
2703 3082 2956 3152 pereatis.
3017 3081 3216 3134 Audite
3271 3094 3464 3134 omnes
3521 3077 3614 3147 qui

1957 3206 2001 3264 ρ
2035 3180 2312 3238 communi
2342 3195 2462 3233 cum
2506 3177 2585 3232 eis
2625 3189 2812 3229 mensa
2851 3173 3207 3236 mantlucalis,
3240 3171 3444 3225 tristem
3495 3185 3618 3224 sen-

2036 3277 2259 3331 tentiam
2315 3270 2556 3326 omnium
2603 3277 2912 3322 sanctorum
2963 3262 3236 3332 suﬂragiis
3275 3263 3460 3328 latam,
3497 3276 3620 3316 esse

2032 3381 2130 3422 vos
2161 3365 2505 3420 adversarios
2538 3360 2762 3415 Christi.

2179 3457 2364 3525 Capita
2396 3469 2619 3525 quorum
2650 3452 2854 3505 ratione
2881 3449 3118 3502 Armenii
3142 3449 3472 3502 devoventtir.

2103 3549 2143 3604 l.
2202 3551 2388 3616 Itaque
2426 3545 2955 3600 anathematizantur
2994 3541 3106 3606 iiii,
3165 3549 3421 3610 tanquam
3472 3535 3622 3606 Aph-

2036 3639 2447 3696 thartodocetze.

2105 3733 2174 3787 ll.
2214 3731 2490 3798 Tanquam
2524 3741 2686 3780 unam
2731 3727 2784 3778 in
2815 3722 3033 3778 Christo
3080 3730 3330 3776 naturam
3368 3719 3623 3787 blasphe-

2032 3834 2268 3880 mantes.

2105 3915 2195 3969 ΙΙΙ.
2231 3912 2296 3968 Ut
2324 3927 2484 3965 unam
2512 3907 2627 3977 ejus
2658 3907 3026 3976 operationem
3051 3903 3216 3974 impie
3239 3902 3615 3973 praedicantes,

2032 4022 2095 4062 ac
2131 4021 2290 4060 unam
2325 4004 2377 4057 in
2410 4001 2525 4071 ipso
2554 4009 2820 4068 nugantes
2860 3999 3216 4051 voluntatem.

2103 4194 2192 4250 ιγ.
2231 4191 2301 4248 Ut
2333 4189 2427 4244 Dei
2461 4186 2751 4243 Genitricis
2790 4182 3269 4239 Aununtiationem
3323 4195 3431 4234 non
3477 4179 3618 4235 cele-

2034 4290 2276 4435 ω’νῖιειῖί
2305 4376 2512 4432 Christi
2550 4373 2866 4443 imaginem,
2912 4385 2976 4424 ac
3020 4368 3114 4423 Dei
3148 4365 3460 4430 Genitricis,
3493 4380 3620 4420 san-

2037 4485 2320 4540 torumque
2354 4483 2458 4521 non
2489 4467 2800 4529 adorantes,
2831 4460 2924 4514 sed
2950 4459 3089 4514 idola
3119 4457 3474 4526 appellantes.

2105 4663 2195 4720 Vl.
2232 4663 2301 4719 Ut
2333 4676 2528 4734 panem
2562 4669 2810 4726 azymum
2836 4650 3144 4719 Iud-corum
3177 4661 3326 4700 more
3363 4646 3415 4698 in
3443 4643 3615 4700 sacri-

2033 4760 2210 4814 ﬁcium
2248 4757 2558 4811 oﬂerentes.

2107 4851 2216 4906 Vll.
2253 4850 2320 4906 Ut
2352 4849 2443 4918 qui
2479 4851 2532 4902 in
2561 4847 2686 4900 vino
2731 4837 3011 4911 sanguinis
3042 4832 3243 4891 Christi
3281 4845 3472 4900 aquam
3504 4845 3611 4883 non

2031 4950 2316 5002 misceant.

2099 5039 2240 5094 Vlll.
2281 5038 2349 5094 Ut
2394 5036 2483 5106 qui
2533 5033 2732 5090 Christi
2782 5025 3127 5097 Evangelium
3166 5017 3608 5073 adulteraveriut.

2101 5221 2192 5275 IX.
2245 5220 2315 5276 Ut
2363 5219 2452 5290 qui
2497 5227 2736 5272 sanctam
2783 5213 3106 5269 Trinitatem
3159 5211 3212 5264 in
3262 5209 3463 5278 hymno
3511 5200 3603 5254 Ter

2027 5329 2262 5381 sanctus,
2309 5313 2655 5379 cruciligant.

2097 5407 2167 5462 Χ.
2200 5406 2273 5462 Ut
2302 5405 2390 5474 qui
2426 5401 2629 5458 Christi
2663 5399 3008 5454 Nativitatem
3045 5407 3255 5469 negent.

2099 5585 2190 5640 XI.
2224 5585 2297 5640 Ut
2327 5581 2416 5652 qui
2449 5580 2587 5636 falso
2625 5579 2990 5634 existimatum
3043 5576 3398 5632 sacerdotium
3450 5590 3606 5629 suum

2028 5675 2312 5746 perspicue
2335 5674 2589 5735 vendant,
2613 5685 2678 5725 ac
2700 5667 3033 5723 exsecrabile
3059 5666 3386 5720 sacriﬁcium
3413 5665 3606 5719 venale

2029 5767 2262 5831 faciant;
2299 5766 2500 5819 idcirco
2551 5773 2806 5829 tanquam
2840 5757 3139 5813 Simoniani
3169 5775 3198 5810 a
3226 5757 3432 5812 sanctis
3471 5771 3607 5826 apo-

2027 5860 2180 5917 stolis
2240 5875 2317 5930 ac_
2352 5857 2573 5915 deiferis
2614 5853 2869 5909 Patribus
2914 5850 3264 5910 anathemate
3314 5851 3601 5907 feriuntur.
