4088 6422
403 397 536 465 1211

1466 404 1720 467 ISAACI
1762 404 2130 469 ARMENI/E
2174 409 2586 472 CATHOLICI

3520 410 3660 475 1212

398 520 699 575 Anathema
744 528 924 575 antem
957 520 1011 574 in
1058 519 1203 574 hunc
1254 518 1469 574 modum
1512 519 1842 591 exponitur:
1872 518 1971 575 Re.

2078 523 2341 588 τίζονται.
2377 525 2452 578 Τὸ
2482 525 2539 578 δέ
2575 523 2828 596 ἀνάθεμα
2868 523 3235 596 ἑρμηνεύεται
3266 524 3463 591 οὕτως.
3508 529 3673 582 Ἀνα-

396 625 549 676 vera,
580 610 774 678 inquit,
808 609 1016 664 diabolo
1045 609 1324 664 devolutus
1360 609 1587 663 exsistat
1615 609 1706 678 qui
1752 613 1975 665 anathe-

396 702 713 766 matizatur;
738 701 942 755 nullum
962 701 1073 769 jam
1096 700 1283 756 salutis
1305 700 1480 756 locum
1506 701 1738 768 habeat;
1765 702 1974 757 alienus

397 794 472 848 sit
498 809 529 848 a
558 793 795 847 Christo.

467 896 585 952 XV.
619 895 897 965 Siquidem
937 912 1066 967 ergo
1098 905 1174 951 tot
1199 896 1558 951 anathematis
1584 896 1651 950 ab
1683 897 1830 953 orbis
1859 898 1976 950 nni-

396 990 539 1043 versi
573 989 918 1058 pontilicibus
943 988 1122 1044 devoti
1153 997 1299 1054 sunt,
1324 1006 1352 1041 a
1384 987 1603 1043 Christo
1644 990 1974 1058 pronuntiati

394 1080 579 1145 alieni,
624 1090 677 1135 et
715 1080 942 1135 ‘diabolo
993 1081 1196 1145 traditi,
1241 1089 1402 1150 atque
1453 1081 1517 1133 ad
1570 1080 1752 1134 mundi
1810 1096 1979 1151 usque

399 1172 923 1227 consummationem
975 1189 1006 1227 a
1035 1173 1362 1228 Christianis
1406 1173 1672 1227 universis
1712 1174 1978 1227 devoven-

395 1265 838 1330 tnrzqnomodo
891 1281 1078 1320 rursus
1133 1275 1390 1334 tanquam
1445 1264 1558 1319 veri
1606 1264 1894 1319 Christiani
1946 1278 1976 1317 a

393 1353 647 1408 ﬁdelibus
695 1356 891 1409 debent
945 1355 1222 1426 reputari?
1266 1355 1401 1422 Quei
1448 1371 1578 1410 vero
1618 1357 1809 1422 etiam,
1842 1355 1977 1411 falso

394 1446 615 1500 nomine
649 1444 947 1501 Christiani
1004 1463 1067 1501 ac
1113 1447 1438 1509 orthodoxi,
1489 1446 1771 1501 scelestum
1817 1462 1975 1501 suum

393 1537 664 1608 baptisma
709 1555 774 1594 ac
817 1541 1100 1611 mysteria,
1147 1556 1272 1596 vera
1327 1557 1390 1596 ac
1443 1541 1595 1594 ﬁrma
1630 1542 1981 1597 existimant?

395 1629 680 1699 Siquidem
720 1631 889 1700 igitur
933 1634 1206 1687 sexcentis
1239 1633 1445 1687 vicibus
1481 1632 1707 1703 subjecti
1751 1634 1979 1688 anathe-

393 1722 549 1788 mati,
582 1722 798 1778 diabolo
826 1726 1006 1778 traditi
1039 1736 1198 1791 sunt;
1229 1727 1498 1794 quomodo
1529 1725 1597 1780 ab
1633 1727 1979 1781 anathemate

395 1826 462 1865 ac
490 1811 624 1867 diris
658 1822 815 1867 exeat
847 1814 1193 1870 benedictio?
1218 1827 1309 1869 aut
1342 1816 1614 1884 quomodo
1646 1817 1886 1885 spiritale
1915 1833 1979 1872 ac

392 1912 640 1956 sanctum
687 1918 822 1974 Opus
859 1921 889 1958 a
922 1905 1137 1961 diabolo
1182 1906 1631 1961 consummatur?
1660 1906 1977 1962 Benedictio

391 1992 537 2048 enim
565 1993 978 2064 haudquaquam
1022 2005 1335 2064 procreatur
1381 1997 1447 2050 ab
1479 1997 1846 2064 anathemate,
1878 2012 1977 2053 nec

389 2090 631 2154 precatio
654 2086 766 2140 exit
794 2103 822 2139 a
863 2087 1262 2152 maledictione,
1294 2103 1393 2142 nec
1421 2087 1626 2144 Christi
1656 2091 1973 2158 mysterium

394 2177 671 2246 peragitur
698 2193 729 2231 a
762 2178 980 2233 diabolo
1009 2192 1023 2232 :
1053 2181 1235 2233 suavis
1277 2180 1403 2233 item
1448 2180 1584 2235 odor
1615 2196 1717 2235 non
1757 2197 1976 2251 progre-

394 2269 541 2322 ditur
571 2284 601 2322 a
632 2278 899 2335 stercore,
932 2286 1032 2325 nec
1065 2272 1132 2326 ab
1159 2273 1338 2326 ulcere
1365 2270 1485 2327 aliis
1513 2273 1721 2327 accedit
1745 2273 1971 2337 sanitas,

389 2375 493 2414 nec
522 2361 655 2415 alius
687 2372 912 2417 curatur
936 2354 975 2416 al
995 2363 1241 2427 vulnere,
1274 2378 1371 2417 nec
1401 2379 1432 2418 a
1462 2364 1691 2433 putridis
1718 2364 1974 2419 membris

388 2466 589 2518 corpus
618 2451 761 2506 aliud
795 2468 986 2507 sanum
1011 2453 1303 2521 efficietur;
1337 2470 1509 2525 neque
1537 2455 1729 2510 hmresi
1760 2470 1821 2510 ac
1853 2456 1974 2511 inli-

388 2541 615 2597 delitate
660 2544 1130 2599 consummabitur
1174 2546 1421 2615 spiritale
1466 2562 1602 2616 opus
1634 2564 1649 2601 :
1678 2563 1779 2602 nec
1828 2548 1972 2617 quod

385 2645 634 2690 errantes
664 2653 729 2692 ac
755 2637 901 2706 impii
945 2639 1211 2707 baptisma
1251 2640 1566 2703 coniiciunt,
1596 2650 1678 2695 est
1722 2651 1971 2709 accepta-

387 2724 515 2791 bile,
543 2728 996 2796 quemadmodum
1028 2730 1104 2783 ait
1136 2729 1400 2785 Dominus
1428 2749 1442 2785 :
1474 2729 1595 2783 Non
1640 2731 1777 2784 enim
1823 2731 1975 2784 colli-

388 2824 519 2881 gunt
545 2815 609 2870 de
641 2818 808 2885 spinis
852 2834 999 2883 uvas,
1026 2834 1118 2872 nec
1148 2819 1212 2873 de
1239 2820 1448 2875 tribulis
1483 2821 1614 2889 ﬁcus
1641 2821 1709 2874 ⁸⁷.
1742 2820 1973 2877 Proinde

387 2919 512 2960 cum
545 2922 732 2962 eorum
766 2909 1058 2977 baptisma,
1096 2921 1206 2964 tum
1241 2913 1533 2966 universim
1566 2927 1719 2967 sacra
1765 2913 1969 2977 omnia,

387 3002 677 3068 perspicue
707 3002 936 3070 reproba
963 3010 1091 3056 sunt
1119 3013 1281 3072 atque
1305 3003 1478 3068 irrita,
1505 3003 1765 3072 quidquid
1798 3003 1968 3068 stulti,

388 3108 454 3147 ac
489 3094 942 3164 insipientissimi,
982 3096 1463 3165 inconstantesque
1505 3096 1643 3151 falso
1672 3096 1968 3152 existimati

2083 614 2283 684 θέσθω,
2318 618 2508 686 φησιν,
2527 617 2721 683 ὅντως,
2750 616 3288 688 ἀναθεματιζόμενος
3312 619 3390 690 τῷ
3408 620 3664 689 διαϐόλῳ·

2084 707 2282 778 μηκέτι
2327 706 2513 779 χώραν
2561 709 2838 779 σωτηρίας
2868 709 3077 779 ἐχέτω⁶
3117 709 3361 779 γενέσθω
3401 710 3456 765 δέ
3501 711 3666 766 ἀλλό-

2080 816 2232 868 τριος
2259 799 2368 853 ἀπὸ
2393 797 2487 852 τοῦ
2511 800 2771 871 Χριστοῦ.

2149 888 2255 945 1Ε’.
2297 892 2361 944 Εἰ
2391 891 2485 944 οὖν
2522 891 2763 946 τοσαῦτα
2795 891 2903 945 ὑπὸ
2936 891 3157 946 πάντων
3191 892 3302 945 τῶν
3334 892 3436 961 τῆς
3478 894 3664 946 οἱκουο

2084 984 2254 1054 μένης
2287 985 2595 1056 ἀρχιερέων
2621 984 3153 1056 ἀνεθεματίσθησαν,
3182 985 3386 1039 καὶτοῦ
3416 987 3661 1057 Χριστοῦ

2080 1077 2563 1147 ἀλλοτριωθέντες,
2598 1079 2676 1150 τῷ
2709 1078 2947 1151 διαϐόλῳ
2986 1080 3391 1151 παρεδόθησαν,
3425 1080 3519 1133 καὶ
3554 1080 3663 1143 ἕως

2080 1168 2182 1238 τῆς
2223 1170 2536 1231 συντελείας
2574 1170 2673 1223 τοῦ
2722 1172 2919 1236 αἰῶνος
2953 1171 3058 1225 ὑπὸ
3102 1172 3323 1227 πάντων
3368 1173 3478 1226 τῶν
3507 1174 3664 1243 ξΧριο

2085 1262 2321 1316 στιανῶν
2349 1263 2869 1335 ίάναθεματίζονται
2905 1281 2922 1299 ⁸
2949 1266 3068 1330 πῶς
3118 1268 3282 1320 πάλιν
3316 1266 3394 1329 ὡς
3432 1264 3661 1335 ἀληθεῖς

2081 1353 2396 1420 Χριστιανοὶ
2446 1354 2551 1408 ὑπὸ
2581 1356 2690 1409 τῶν
2728 1355 2939 1411 πιστῶν
2975 1356 3291 1427 λογισθῆναι
3338 1357 3658 1426 ὀφείλουσις

2084 1440 2205 1503 Πῶς
2236 1442 2295 1495 δὲ
2345 1444 2442 1495 καὶ
2486 1445 2535 1495 ot
2564 1442 2947 1514 ψευδόχριστοι
2975 1444 3072 1497 καὶ
3110 1445 3161 1496 οἱ
3193 1441 3661 1513 ψευδοορθόδοξοι,

2080 1534 2140 1586 τὸ
2160 1534 2355 1606 μιαρὸν
2378 1534 2684 1606 βάπτισμα,
2713 1538 2808 1589 καὶ
2839 1537 2940 1599 τὰς
2975 1536 3198 1597 τελετὰς
3228 1535 3411 1589 αὐτῶν
3427 1534 3504 1597 ὡς
3522 1534 3663 1605 ἀλη-

2082 1625 2150 1696 θῆ
2192 1626 2289 1680 καὶ
2331 1628 2526 1698 βέϐαια
2576 1624 2712 1682 εἶναι
2748 1630 3085 1697 λογίζονται,
3134 1630 3197 1682 Et
3244 1628 3338 1681 οὖν
3392 1627 3659 1699 μυριάκις

2081 1718 2610 1788 ἀναθεματισθέντες
2634 1761 2648 1786 ,
2680 1721 2760 1792 τῷ
2788 1719 3022 1793 διαϐόλῳ
3052 1720 3440 1791 παρεδόθησαν
3481 1736 3496 1752 ο
3539 1719 3663 1781 πῶς

2083 1809 2191 1862 ἀπὸ
2217 1810 2582 1881 ἀναθέματος,
2627 1816 2721 1866 καὶ
2759 1813 3009 1886 κατάρας
3051 1812 3275 1883 εὐλογία
3309 1811 3596 1886 ἐξέρχεται
3628 1852 3644 1875 ,

2079 1898 2267 1969 ἢπῶς
2309 1901 2417 1981 ἀπδ
2462 1902 2557 1956 τοῦ
2604 1898 2881 1968 διαϐόλοὺ,
2934 1902 3310 1972 πνευματικὸν
3359 1902 3453 1955 καὶ
3500 1900 3663 1967 ἅγιον

2078 1990 2406 2046 ἐπιτελεῖται
2441 1993 2643 2064 ἕργονς
2693 1994 2824 2048 Ἀπὸ
2861 1996 2971 2066 γὰρ
3019 1994 3387 2064 ἀναθέματος,
3437 1993 3662 2059 εὐλογία

2077 2084 2138 2136 οὐ
2166 2084 2382 2153 γίνεται
2410 2101 2425 2115 ·
2460 2086 2557 2138 καὶ
2591 2086 2702 2140 ἀπὸ
2739 2087 3013 2157 κατάρας,
3048 2085 3182 2157 εὐχὴ
3215 2085 3314 2139 οὐκ
3345 2084 3656 2156 ἐξέρχεται*

2078 2173 2173 2226 καὶ
2202 2173 2312 2226 ἀπὸ
2344 2173 2616 2240 διαϐόλου,
2651 2175 2893 2247 Χριστοῦ
2928 2177 3231 2246 μυστήριον
3260 2175 3358 2227 οὐκ
3381 2175 3657 2226 ἐπιτελεῖ-

2080 2281 2171 2318 ται
2200 2281 2215 2296 ’
2245 2265 2339 2317 καὶ
2370 2265 2477 2319 ἀπὸ
2510 2266 2715 2336 κόπρου
2745 2310 2759 2333 ,
2787 2265 2988 2320 εὐωδία
3023 2267 3127 2320 οὐκ
3165 2267 3448 2337 ἐξέρχεται
3472 2282 3489 2297 ·
3528 2265 3655 2318 οὔτε

2075 2357 2184 2410 ἀπὸ
2216 2358 2431 2421 ἕλκους,
2468 2357 2616 2421 ῐασις
2644 2358 2853 2429 ἑτέροις
2882 2360 3088 2413 δίδοται
3114 2363 3129 2389 ⁸
3165 2358 3294 2412 οὔτε
3334 2358 3442 2412 ἀπὸ
3475 2358 3655 2428 τραύ-

2084 2466 2278 2518 ματος,
2313 2450 2475 2514 ἄλλος
2510 2449 2877 2522 θεραπεύεται
2913 2464 2928 2481 ·
2958 2450 3084 2505 οὔτε
3116 2451 3226 2505 ἀπὺ
3256 2451 3657 2521 σεσηπομένων

2080 2540 2284 2609 μελῶν,
2318 2542 2499 2610 ὑγίεια
2525 2544 2698 2614 ἐτέρῳ
2721 2543 2937 2614 σώματι
2966 2543 3456 2615 παρασχεθήσεται
3486 2559 3499 2575 ⁸
3526 2539 3655 2595 οὔτε

2072 2634 2183 2688 ἀπὸ
2208 2636 2478 2707 αἱρέσεως
2507 2638 2604 2690 καὶ
2630 2638 2912 2704 ἀπιστίας,
2949 2640 3328 2708 πνευματικὸν
3354 2636 3518 2708 ἔργον
3557 2654 3657 2688 τε·-

2073 2729 2313 2784 λειοῦται
2335 2748 2349 2762 ο
2384 2730 2507 2784 οὔτε
2537 2731 2647 2784 ἀπὸ
2676 2731 2985 2797 κακοδόξων
3014 2732 3110 2785 καὶ
3132 2731 3349 2786 ἀσεϐῶν
3375 2729 3659 2784 τετελειω-

2078 2823 2263 2891 μένον,
2307 2823 2710 2893 εύπρόσδεκτον
2749 2825 3038 2896 βάπτισμα
3092 2825 3342 2893 γίνεται,
3381 2821 3568 2885 καθὼς
3626 2825 3655 2877 ό

2073 2916 2279 2986 Κύριος
2300 2916 2447 2984 λέγει
2466 2933 2481 2946 ·
2505 2918 2588 2971 Οὐ
2618 2916 2730 2985 γὰρ
2757 2917 3175 2986 συλλέγουσιν
3214 2914 3333 2969 ἀπὸ
3375 2912 3659 2968 ἀκανθῶν

2071 3008 2431 3077 σταφυλὴν,
2468 3009 2609 3063 οὔτε
2662 3008 2782 3064 ἀπὸ
2828 3009 3116 3078 τριϐόλων
3153 3007 3336 3062 σῦκα.
3367 3005 3530 3060 Ὅθεν
3559 3006 3658 3058 καὶ

2072 3102 2133 3154 τὸ
2166 3101 2457 3173 βάπτισμα
2485 3102 2689 3166 αὐτῶν,
2723 3102 2994 3173 πρόδηλον
3027 3100 3123 3156 καὶ
3149 3097 3437 3163 παντελῶς
3468 3097 3657 3151 τελού-

387 3185 698 3249 orthodoxi,
714 3202 832 3254 qnze
854 3188 953 3257 ipsi
975 3189 1278 3253 celebrant,
1299 3198 1551 3257 tanquam
1573 3203 1699 3241 vera
1721 3197 1967 3255 rataque,

2080 3211 2218 3262 μενα
2264 3195 2619 3266 ἅπρόσδεκτα
2665 3197 2760 3249 καὶ
2805 3193 3040 3249 ἀϐέϐαια
3092 3193 3425 3264 ὑπάρχουσι,
3473 3190 3524 3243 εί
3557 3189 3657 3243 καὶ

389 3291 455 3332 ac
484 3288 725 3347 accepta,
755 3281 899 3335 credi
932 3289 1186 3350 oportere
1217 3297 1281 3335 ac
1329 3281 1565 3350 reputari
1619 3268 1969 3336 contendant.

388 3367 678 3425 Enimvero
698 3370 922 3426 audiant
944 3371 1175 3442 imperiti
1199 3386 1263 3426 ac
1295 3373 1495 3426 indocti
1516 3370 1780 3426 Joannem
1822 3372 1975 3426 theo-

387 3475 568 3545 legum
593 3475 667 3529 ita
690 3476 740 3530 in
769 3475 1004 3545 Epistola
1027 3477 1291 3531 dicentem
1321 3494 1333 3528 :
1362 3475 1423 3530 Si
1444 3475 1562 3546 quis
1587 3476 1747 3541 enim,
1771 3476 1969 3544 inquit,

388 3569 524 3621 venit
550 3570 616 3620 ad
644 3585 750 3634 vos,
779 3579 827 3622 et
858 3570 992 3622 hanc
1022 3568 1319 3622 doctrinam
1352 3585 1452 3621 non
1487 3568 1663 3637 a/fert,
1701 3584 1762 3621 ne
1790 3570 1836 3621 ei
1866 3566 1972 3622 Ave

388 3659 655 3725 dixeritis,
682 3674 746 3712 ac
778 3657 934 3712 nolite
957 3660 1009 3711 in
1036 3659 1246 3712 domum
1273 3660 1518 3727 recipere.
1550 3658 1653 3721 Qui
1681 3657 1818 3711 enim
1842 3657 1968 3710 dicit

386 3752 469 3805 illi
526 3753 663 3816 Ave,
723 3752 1076 3806 communicat
1145 3750 1386 3821 operibus
1445 3750 1560 3820 ejus
1614 3750 1858 3819 malignis
1900 3750 1966 3804 ³⁸.

385 3845 755 3912 Quamobrem
808 3845 1153 3916 perspicuum
1201 3853 1307 3910 est,
1337 3858 1431 3898 eos
1475 3858 1712 3913 quoque,
1747 3843 1837 3909 qui
1880 3857 1968 3896 or-

387 3936 607 3991 thodoxi
636 3948 913 4006 putantur,
944 3946 1147 3992 etcum
1177 3935 1450 3991 haereticis
1481 3935 1537 3989 in
1573 3934 1695 3989 cibo
1724 3947 1787 3986 ac
1816 3943 1966 4002 potu,

387 4028 653 4095 amicitia,
690 4012 769 4083 ac.
799 4043 932 4098 pace
980 4028 1410 4094 communicant,
1443 4036 1603 4097 atque
1639 4041 1700 4081 ea
1737 4039 1857 4094 qua:
1902 4026 1969 4079 ab

387 4120 495 4175 illis
530 4129 883 4191 peraguntur,
935 4128 1154 4189 accepta
1206 4119 1409 4173 habent
1457 4125 1661 4183 errata,
1699 4117 1971 4185 impieque

387 4226 454 4266 ac
481 4211 645 4266 stulte
673 4227 863 4266 revera
909 4211 1250 4266 Christianos
1296 4212 1598 4275 nominant,
1634 4224 1820 4264 eorum
1855 4224 1969 4264 ma-

384 4304 689 4359 ledictionis
719 4305 896 4359 socios
927 4303 1180 4369 inveniri,
1215 4311 1401 4372 totque
1434 4303 1692 4357 adversus
1724 4318 1819 4358 eos
1847 4316 1970 4372 pro-

384 4397 619 4451 latorum
688 4398 1095 4451 anathematnm
1151 4395 1220 4450 ab
1275 4395 1531 4450 universo
1582 4394 1746 4457 orbe,
1808 4401 1970 4463 atque

383 4488 655 4543 catholica
679 4498 733 4542 et
757 4487 1055 4557 apostolica
1086 4486 1323 4543 Ecclesia
1348 4487 1417 4543 ab
1442 4496 1564 4541 ortu
1595 4486 1661 4540 ad
1685 4499 1963 4541 occasum.

384 4575 520 4630 Nam
571 4587 630 4630 ut
679 4576 755 4631 ait
799 4577 1134 4633 admirabilis
1166 4575 1592 4648 Chrysostomus
1637 4593 1706 4630 ιι
1754 4575 1811 4631 Si
1845 4576 1968 4646 quis

389 4667 604 4722 videtur
631 4669 838 4723 amicus
866 4667 1414 4733 esse'hzereticorum,
1445 4666 1537 4722 Dei
1569 4668 1738 4724 hostis
1764 4668 1967 4724 consti-

383 4760 576 4814 tuitur.
631 4781 648 4813 ι

2077 3283 2358 3355 βιάζονται
2406 3288 2455 3340 οἱ
2488 3285 2743 3340 ἀσύνετοι
2776 3286 2872 3340 καὶ
2919 3285 3321 3357 ἀφρονέστατοι
3362 3284 3457 3336 καὶ
3485 3282 3656 3353 ἀστή-

2077 3396 2250 3449 ρικτοι
2279 3379 2720 3449 ψευδοορθόδοξοι
2744 3422 2758 3439 ,
2795 3379 2864 3433 τὰ
2895 3379 2990 3431 ὑπ’
3040 3377 3269 3431 ἐκείνων
3312 3374 3616 3444 τελούμενα
3638 3413 3654 3438 ,

2072 3467 2149 3527 ὡς
2189 3468 2367 3538 ἀληθῆ
2418 3470 2512 3522 καί⁵
2556 3468 2749 3538 βέϐαια
2782 3467 3093 3533 πιστεύειν,
3146 3467 3242 3523 καὶ
3276 3466 3657 3536 εύπρόσδεκτα

2073 3558 2405 3626 λογίζεσθαι.
2447 3560 2591 3615 Ἀλλ’
2625 3560 2975 3614 ἀκουέτωσαν
3004 3561 3055 3615 οἱ
3089 3560 3324 3631 ἀμαθεῖς
3360 3560 3454 3612 καὶ
3485 3558 3658 3610 ἀπαί-

2075 3651 2252 3705 δευτοι
2300 3651 2556 3705 Ἰωάννου
2588 3653 2684 3706 τοῦ
2723 3651 2992 3721 Θεολόγου
3024 3654 3083 3706 ἐν
3126 3652 3195 3722 τῆ
3218 3650 3474 3720 ἐπιστολῇ
3510 3649 3658 3703 οὕτω

2073 3744 2325 3813 λέγοντος
2352 3760 2365 3774 ·
2400 3742 2474 3797 El
2505 3761 2595 3809 τις
2628 3744 2759 3813 γὰρ,
2806 3745 2994 3816 φησὶν,
3030 3746 3273 3815 ἔρχεται
3295 3743 3445 3812 πρὸς
3470 3740 3653 3811 ἡμᾶς,

2078 3836 2179 3889 καὶ
2212 3836 2438 3902 ταύτην
2468 3834 2585 3902 τὴν
2628 3834 2887 3904 διδαχὴν
2919 3837 2992 3890 οὐ
3037 3836 3203 3905 φέρει
3239 3835 3369 3907 μεθ’
3409 3834 3654 3899 ἑαυτοῦ,

2072 3928 2312 3995 Χαίρειν
2335 3925 2497 3992 αὑτῷ
2524 3925 2611 3996 μὴ
2644 3925 2873 3996 λέγετε,
2915 3925 3014 3981 καί
3043 3929 3130 3994 εἷς
3181 3927 3384 3981 οὶκίαν
3413 3926 3499 3996 μὴ
3541 3942 3660 3981 πα-

2062 4014 2503 4090 ραλαμϐάνετε.
2555 4019 2618 4074 '0
2648 4018 2760 4091 γὰρ
2794 4021 2991 4091 λέγων
3018 4018 3179 4085 αὑτῷ
3225 4021 3486 4089 Χαίρειν,
3530 4036 3655 4073 κοι-

2069 4111 2255 4167 νωνεῖ
2300 4112 2429 4179 τοῖς
2480 4111 2593 4186 (54)
2645 4114 2854 4185 λόγοις
2908 4112 3101 4168 αὐτοῦ
3153 4112 3278 4179 τοῖς
3314 4111 3601 4180 πονηροῖς
3634 4127 3651 4142 ο

2068 4201 2193 4256 ὅθεν
2224 4200 2497 4274 πρόδηλον
2533 4204 2632 4257 καὶ
2661 4203 2710 4256 οἱ
2743 4203 3097 4275 νομιζόμενοι
3135 4201 3431 4273 ὀρθόδοξοι,
3453 4216 3654 4254 κοινω-

2068 4295 2292 4360 νοῦντες
2337 4297 2454 4360 τοῖς
2499 4296 2801 4368 αἱρετικοίς
2846 4298 2905 4351 ἐν
2956 4295 3161 4367 βρώσει
3211 4298 3308 4349 καὶ
3333 4294 3515 4359 πόσει,
3557 4297 3657 4347 καὶ

2071 4387 2249 4458 φιλίᾳ,
2298 4387 2397 4440 καὶ
2447 4388 2667 4459 εἰρήνῃ,
2706 4388 2805 4441 καὶ
2838 4386 2909 4440 τὰ
2954 4384 3048 4439 ὑπ’
3078 4385 3305 4439 ἐκείνων
3350 4383 3658 4453 τελούμενα

2070 4480 2449 4553 εὐπρόσδεκτα
2476 4479 2850 4551 λογιζόμενοι,
2884 4480 2981 4534 καὶ
3008 4479 3246 4545 ἀσεϐῶς,
3278 4478 3374 4532 καὶ
3409 4476 3659 4547 ἀνοήτως

2071 4575 2148 4638 ὡς
2200 4574 2443 4645 ἀληθῶς,
2499 4572 2868 4645 Χριστιανοὺς
2929 4571 3333 4643 ὀνομάζοντες,
3402 4568 3659 4623 κοινωνοὶ

2075 4667 2428 4738 εὑρίσκονται
2462 4667 2562 4736 τῆς
2582 4666 2721 4736 ἀρᾶς
2756 4665 2957 4730 αὐτῶν,
2986 4667 3082 4719 καὶ
3107 4664 3217 4719 τῶν
3240 4661 3513 4718 τοσούτων
3534 4660 3659 4713 κατ’

2075 4759 2261 4813 αὐτῶν
2291 4758 2679 4828 ἀναθεμάτων,
2711 4758 2823 4811 τῶν
2848 4755 3251 4828 ἐπενεχθέντων
3270 4755 3477 4816 αὐτοῖς,
3501 4753 3661 4820 παρὰ

383 4851 569 4923 πάσης
601 4853 701 4922 τῆς
740 4856 1096 4924 οίκουμενης,
1127 4853 1225 4907 καὶ
1284 4827 1384 4923 τῆς
1419 4852 1530 4906 ἀπὸ
1600 4852 1880 4906 ἀνατολῶν
1919 4851 2027 4915 ἓως
2066 4851 2291 4922 δυσμῶν
2348 4827 2648 4919 καθολικῆς
2704 4850 2802 4905 καὶ
2855 4849 3225 4918 ἀποστολικῆς
3277 4844 3610 4915 Ἐκκλησίας
3640 4860 3654 4875 ο

383 4947 567 5010 καθὼς
600 4947 699 5001 καὶ
735 4949 764 5001 ὁ
821 4948 967 5012 θεῖος
1015 4948 1407 5020 Χρυσόστομος
1457 4946 1608 5016 λέγει
1636 4962 1653 4982 ο
1694 4966 1713 4999 ι
1757 4949 1856 5010 Ὃς
1894 4945 1963 5002 ἂν
2003 4946 2134 5018 δοκῇ
2176 4945 2333 5013 φίλος
2396 4942 2538 4999 εἶναι
2601 4944 2712 4999 τῶν
2754 4941 3084 5016 αἱρετικῶν,
3130 4941 3328 5014 ἐχθρὸς
3376 4939 3471 4994 τοῦ
3513 4935 3656 4993 Θεοῦ

383 5037 733 5093 καθίσταται.
777 5058 796 5090 ι

457 5130 602 5186 XVI.
631 5130 774 5186 Sane
800 5143 859 5185 ut
889 5135 1008 5203 quis
1036 5150 1225 5191 sacras
1252 5135 1563 5204 Scripturas
1593 5134 1704 5201 ipse
1734 5131 1965 5187 scrutari

382 5224 585 5287 valeat,
620 5238 683 5278 ac
713 5233 1024 5279 sanctorum
1069 5224 1292 5281 Patrum
1344 5227 1644 5298 intelligere
1689 5226 1964 5295 dogmata,

384 5313 518 5370 isms
559 5314 697 5369 alios
730 5328 920 5368 omnes
956 5315 1238 5369 haereticos
1270 5315 1560 5384 plurimum
1596 5310 1968 5382 impietatibns

385 5415 647 5471 superare
697 5402 935 5456 inveniet
977 5418 993 5458 :
1042 5412 1101 5457 ut
1152 5403 1240 5458 alii
1275 5404 1489 5474 quidem
1546 5401 1782 5457 haeretici
1833 5403 1969 5457 satis

387 5492 697 5560 habuerint,
749 5495 940 5565 singuli
972 5494 1039 5549 ab
1082 5512 1185 5550 una
1218 5496 1395 5566 aliqua
1428 5494 1634 5567 synodo
1666 5495 1918 5549 devoveri
1951 5511 1965 5547 :

387 5583 486 5638 hos
519 5592 697 5640 autem
733 5601 919 5642 eorum
952 5587 1242 5657 impietatis
1270 5587 1439 5642 duces
1472 5602 1538 5641 ac
1570 5586 1877 5656 magistros,
1904 5601 1969 5642 eo

459 5721 502 5754 ³⁷
555 5721 749 5779 Matth.
779 5741 875 5793 vu,
910 5726 997 5781 16.
1074 5727 1118 5760 ³⁸
1156 5726 1197 5782 Il
1244 5725 1399 5784 Joan.
1444 5725 1532 5794 10,
1570 5726 1653 5781 11.

460 5847 574 5917 (Si)
602 5847 741 5916 Lege
770 5850 973 5918 ἔργοις.

2138 5129 2257 5198 IQ".
2284 5130 2344 5184 Ὀ
2378 5129 2478 5201 μὲν
2506 5129 2807 5200 δυνάμενος
2829 5132 3060 5202 ἐρευνᾷν
3086 5130 3185 5195 τὰς
3216 5129 3370 5193 θείας
3402 5126 3655 5198 Γραφάς,

2074 5220 2172 5274 καὶ
2206 5223 2349 5273 νοεῖν
2380 5221 2449 5274 τὰ
2475 5221 2726 5293 δόγματα
2752 5224 2864 5277 τῶν
2894 5223 3069 5291 ἁγίων
3096 5222 3385 5292 Πατέρων,
3424 5218 3657 5291 εὑρήσει

2070 5310 2304 5374 τούτους
2336 5310 2480 5382 ὑπὲρ
2509 5314 2720 5376 πάντας
2759 5315 2889 5377 τοὺς
2923 5313 3118 5376 ἄλλους
3164 5312 3485 5383 αἱρετικοὺς
3530 5313 3657 5373 ταῖς

2070 5401 2356 5467 ἀσεϐείαις
2416 5403 2552 5458 πολὺ
2612 5404 3087 5475 ὑπερϐαίνοντας·
3137 5404 3280 5459 ὥστε
3332 5406 3458 5467 τοὺς
3512 5404 3657 5472 μετά

2072 5495 2268 5560 ἄλλους
2308 5497 2626 5568 αίρετικοὺς
2668 5499 2901 5570 ἀρκετὸν
2941 5495 3081 5553 εῖναι
3123 5497 3229 5551 ὑπὸ
3260 5500 3393 5566 μιᾶς
3428 5496 3653 5550 συνόδου

2070 5589 2170 5644 ἕνα
2198 5589 2435 5645 ἕκαστον
2471 5590 2653 5644 αὐτῶν
2679 5591 3208 5663 ἀναθεματισθῆναι.
3264 5589 3505 5654 Τούτους
3532 5589 3652 5659 (55)

2138 5854 2249 5926 (55)
2278 5854 2438 5911 Forte
2465 5849 2611 5909 οὗτοι
2642 5855 2697 5909 δὲ
2732 5857 2800 5909 oi.
