  <div class='ocr_page' id='page_1' title='image "/cluster/home/n/w/nwhite01/storage/ocr_20150623/132/coo.31924054870377/614.png"; bbox 0 0 4088 6410; ppageno 0'>
   <div class='ocr_carea' id='block_1_1' title="bbox 344 382 480 449">
    <p class='ocr_par' dir='ltr' id='par_1_1' title="bbox 344 382 480 449">
     <span class='ocr_line' id='line_1_1' title="bbox 344 382 480 449; baseline 0.022 -3"><span class='ocrx_word' id='word_1_1' title='bbox 344 382 480 449; x_wconf 76' lang='grc'><strong>1213</strong></span> 
     </span>
    </p>
   </div>
   <div class='ocr_carea' id='block_1_2' title="bbox 1386 383 2544 446">
    <p class='ocr_par' dir='ltr' id='par_1_2' title="bbox 1386 383 2544 446">
     <span class='ocr_line' id='line_1_2' title="bbox 1386 383 2544 446; baseline -0.003 -1"><span class='ocrx_word' id='word_1_2' title='bbox 1386 385 1673 445; x_wconf 76' lang='lat' dir='ltr'><strong>ORATIO</strong></span> <span class='ocrx_word' id='word_1_3' title='bbox 1715 384 1740 441; x_wconf 91' lang='lat' dir='ltr'><strong>l</strong></span> <span class='ocrx_word' id='word_1_4' title='bbox 1781 383 2075 441; x_wconf 68' lang='lat' dir='ltr'><strong>CONTRA</strong></span> <span class='ocrx_word' id='word_1_5' title='bbox 2132 385 2544 446; x_wconf 52' lang='lat' dir='ltr'><strong>ARMENIOS.</strong></span> 
     </span>
    </p>
   </div>
   <div class='ocr_carea' id='block_1_3' title="bbox 3477 383 3609 444">
    <p class='ocr_par' dir='ltr' id='par_1_3' title="bbox 3477 383 3609 444">
     <span class='ocr_line' id='line_1_3' title="bbox 3477 383 3609 444; baseline 0.015 -2"><span class='ocrx_word' id='word_1_6' title='bbox 3477 383 3609 444; x_wconf 64' lang='lat'><strong>12‘”</strong></span> 
     </span>
    </p>
   </div>
   <div class='ocr_carea' id='block_1_4' title="bbox 337 491 1922 566">
    <p class='ocr_par' dir='ltr' id='par_1_4' title="bbox 337 493 1917 566">
     <span class='ocr_line' id='line_1_4' title="bbox 337 493 1917 566; baseline -0.001 -18"><span class='ocrx_word' id='word_1_7' title='bbox 337 495 394 548; x_wconf 81' lang='grc' dir='ltr'>δὲ</span> <span class='ocrx_word' id='word_1_8' title='bbox 433 494 562 558; x_wconf 71' lang='grc' dir='ltr'>τοὺς</span> <span class='ocrx_word' id='word_1_9' title='bbox 602 495 700 564; x_wconf 76' lang='grc' dir='ltr'>τῆς</span> <span class='ocrx_word' id='word_1_10' title='bbox 731 494 986 557; x_wconf 97' lang='grc' dir='ltr'>ἀσεϐείας</span> <span class='ocrx_word' id='word_1_11' title='bbox 1014 493 1196 549; x_wconf 82' lang='grc' dir='ltr'>αὐτῶν</span> <span class='ocrx_word' id='word_1_12' title='bbox 1221 495 1500 566; x_wconf 72' lang='grc' dir='ltr'>ἀρχηγοὺς</span> <span class='ocrx_word' id='word_1_13' title='bbox 1533 496 1628 547; x_wconf 72' lang='grc' dir='ltr'><strong>καὶ</strong></span> <span class='ocrx_word' id='word_1_14' title='bbox 1659 495 1917 548; x_wconf 80' lang='grc' dir='ltr'>διδασκά-</span> 
     </span>
    </p>
   </div>
   <div class='ocr_carea' id='block_1_5' title="bbox 2028 491 3611 566">
    <p class='ocr_par' dir='ltr' id='par_1_5' title="bbox 2028 491 3611 564">
     <span class='ocr_line' id='line_1_5' title="bbox 2028 491 3611 564; baseline 0.003 -19"><span class='ocrx_word' id='word_1_15' title='bbox 2028 497 2166 562; x_wconf 86' lang='lat' dir='ltr'><strong>quod</strong></span> <span class='ocrx_word' id='word_1_16' title='bbox 2217 511 2323 564; x_wconf 67' lang='lat' dir='ltr'><strong>prce</strong></span> <span class='ocrx_word' id='word_1_17' title='bbox 2359 495 2628 549; x_wconf 60' lang='lat' dir='ltr'><strong>haereticis</strong></span> <span class='ocrx_word' id='word_1_18' title='bbox 2658 493 2779 548; x_wconf 90' lang='lat' dir='ltr'><strong>aliis</strong></span> <span class='ocrx_word' id='word_1_19' title='bbox 2811 493 3153 558; x_wconf 87' lang='lat' dir='ltr'><strong>audaciores,</strong></span> <span class='ocrx_word' id='word_1_20' title='bbox 3185 509 3248 547; x_wconf 87' lang='lat' dir='ltr'><strong>ac</strong></span> <span class='ocrx_word' id='word_1_21' title='bbox 3279 491 3468 560; x_wconf 68' lang='lat' dir='ltr'><strong>majori</strong></span> <span class='ocrx_word' id='word_1_22' title='bbox 3507 497 3611 550; x_wconf 85' lang='lat' dir='ltr'><strong>iro-</strong></span> 
     </span>
    </p>
   </div>
   <div class='ocr_carea' id='block_1_6' title="bbox 337 587 1920 659">
    <p class='ocr_par' dir='ltr' id='par_1_6' title="bbox 337 587 1920 659">
     <span class='ocr_line' id='line_1_6' title="bbox 337 587 1920 659; baseline -0.001 -19"><span class='ocrx_word' id='word_1_23' title='bbox 337 587 488 653; x_wconf 84' lang='grc' dir='ltr'>λους,</span> <span class='ocrx_word' id='word_1_24' title='bbox 541 588 734 659; x_wconf 80' lang='grc' dir='ltr'>ἐπειδὴ</span> <span class='ocrx_word' id='word_1_25' title='bbox 785 587 894 640; x_wconf 87' lang='grc' dir='ltr'><strong>τῶν</strong></span> <span class='ocrx_word' id='word_1_26' title='bbox 944 587 1119 641; x_wconf 83' lang='grc' dir='ltr'>ἄλλων</span> <span class='ocrx_word' id='word_1_27' title='bbox 1177 589 1473 659; x_wconf 86' lang='grc' dir='ltr'>αίρετικῶν</span> <span class='ocrx_word' id='word_1_28' title='bbox 1524 588 1920 658; x_wconf 82' lang='grc' dir='ltr'>τολμηρότεροι</span> 
     </span>
    </p>
   </div>
   <div class='ocr_carea' id='block_1_7' title="bbox 342 679 1922 752">
    <p class='ocr_par' dir='ltr' id='par_1_7' title="bbox 342 679 1922 752">
     <span class='ocr_line' id='line_1_7' title="bbox 342 679 1922 752; baseline 0 -20"><span class='ocrx_word' id='word_1_29' title='bbox 342 682 439 732; x_wconf 59' lang='grc' dir='ltr'><strong>καὶ⁵</strong></span> <span class='ocrx_word' id='word_1_30' title='bbox 487 679 846 751; x_wconf 84' lang='grc' dir='ltr'>ἀσεϐέστεροι</span> <span class='ocrx_word' id='word_1_31' title='bbox 898 679 1206 750; x_wconf 85' lang='grc' dir='ltr'>γενόμενοι,</span> <span class='ocrx_word' id='word_1_32' title='bbox 1277 681 1477 752; x_wconf 85' lang='grc' dir='ltr'>μυρίας</span> <span class='ocrx_word' id='word_1_33' title='bbox 1525 682 1770 750; x_wconf 78' lang='grc' dir='ltr'><strong>αἱρέσεις</strong></span> <span class='ocrx_word' id='word_1_34' title='bbox 1826 681 1922 742; x_wconf 71' lang='grc' dir='ltr'><strong>καὶ</strong></span> 
     </span>
    </p>
   </div>
   <div class='ocr_carea' id='block_1_8' title="bbox 345 771 1921 845">
    <p class='ocr_par' dir='ltr' id='par_1_8' title="bbox 345 771 1921 845">
     <span class='ocr_line' id='line_1_8' title="bbox 345 771 1921 845; baseline 0.001 -23"><span class='ocrx_word' id='word_1_35' title='bbox 345 771 702 841; x_wconf 76' lang='grc' dir='ltr'><strong>βλασφημίας</strong></span> <span class='ocrx_word' id='word_1_36' title='bbox 757 775 850 826; x_wconf 71' lang='grc' dir='ltr'><strong>καὶ</strong></span> <span class='ocrx_word' id='word_1_37' title='bbox 901 775 1168 845; x_wconf 84' lang='grc' dir='ltr'><strong>ἀρνήσεις</strong></span> <span class='ocrx_word' id='word_1_38' title='bbox 1227 774 1368 827; x_wconf 88' lang='grc' dir='ltr'><strong>κατὰ</strong></span> <span class='ocrx_word' id='word_1_39' title='bbox 1405 774 1504 843; x_wconf 77' lang='grc' dir='ltr'><strong>τῆς</strong></span> <span class='ocrx_word' id='word_1_40' title='bbox 1551 774 1644 827; x_wconf 88' lang='grc' dir='ltr'><strong>τοῦ</strong></span> <span class='ocrx_word' id='word_1_41' title='bbox 1683 772 1921 843; x_wconf 78' lang='grc' dir='ltr'>Χριστοῦ</span> 
     </span>
    </p>
   </div>
   <div class='ocr_carea' id='block_1_9' title="bbox 345 864 1924 936">
    <p class='ocr_par' dir='ltr' id='par_1_9' title="bbox 345 864 1924 936">
     <span class='ocr_line' id='line_1_9' title="bbox 345 864 1924 936; baseline 0 -19"><span class='ocrx_word' id='word_1_42' title='bbox 345 864 704 935; x_wconf 86' lang='grc' dir='ltr'>σαρκώσεως,</span> <span class='ocrx_word' id='word_1_43' title='bbox 736 868 830 917; x_wconf 73' lang='grc' dir='ltr'><strong>καὶ</strong></span> <span class='ocrx_word' id='word_1_44' title='bbox 862 865 1146 928; x_wconf 79' lang='grc' dir='ltr'>εὐσεϐείας</span> <span class='ocrx_word' id='word_1_45' title='bbox 1192 866 1501 920; x_wconf 83' lang='grc' dir='ltr'>ὲπλάσαντο</span> <span class='ocrx_word' id='word_1_46' title='bbox 1525 909 1538 929; x_wconf 88' lang='grc'><strong>,</strong></span> <span class='ocrx_word' id='word_1_47' title='bbox 1569 867 1666 918; x_wconf 74' lang='grc' dir='ltr'><strong>καὶ</strong></span> <span class='ocrx_word' id='word_1_48' title='bbox 1700 881 1924 936; x_wconf 87' lang='grc' dir='ltr'>χριστο-</span> 
     </span>
    </p>
   </div>
   <div class='ocr_carea' id='block_1_10' title="bbox 348 956 1924 1028">
    <p class='ocr_par' dir='ltr' id='par_1_10' title="bbox 348 956 1924 1028">
     <span class='ocr_line' id='line_1_10' title="bbox 348 956 1924 1028; baseline 0 -19"><span class='ocrx_word' id='word_1_49' title='bbox 348 956 515 1026; x_wconf 69' lang='grc' dir='ltr'>μάχοι</span> <span class='ocrx_word' id='word_1_50' title='bbox 553 957 850 1027; x_wconf 62' lang='grc' dir='ltr'>προφανῶς</span> <span class='ocrx_word' id='word_1_51' title='bbox 890 958 1304 1028; x_wconf 76' lang='grc' dir='ltr'>ἀνεδείχθησαν,</span> <span class='ocrx_word' id='word_1_52' title='bbox 1365 961 1464 1027; x_wconf 86' lang='grc' dir='ltr'>οὑχ</span> <span class='ocrx_word' id='word_1_53' title='bbox 1508 958 1612 1010; x_wconf 74' lang='grc' dir='ltr'><strong>ὑπὸ</strong></span> <span class='ocrx_word' id='word_1_54' title='bbox 1663 959 1792 1028; x_wconf 79' lang='grc' dir='ltr'>μιᾶς</span> <span class='ocrx_word' id='word_1_55' title='bbox 1830 959 1924 1010; x_wconf 73' lang='grc' dir='ltr'><strong>καὶ</strong></span> 
     </span>
    </p>
   </div>
   <div class='ocr_carea' id='block_1_11' title="bbox 347 1052 1924 1126">
    <p class='ocr_par' dir='ltr' id='par_1_11' title="bbox 347 1052 1924 1126">
     <span class='ocr_line' id='line_1_11' title="bbox 347 1052 1924 1126; baseline -0.001 -20"><span class='ocrx_word' id='word_1_56' title='bbox 347 1055 518 1124; x_wconf 90' lang='grc' dir='ltr'>μόνης</span> <span class='ocrx_word' id='word_1_57' title='bbox 584 1055 818 1107; x_wconf 84' lang='grc' dir='ltr'>συνόδου</span> <span class='ocrx_word' id='word_1_58' title='bbox 881 1057 1336 1126; x_wconf 84' lang='grc' dir='ltr'>κατεκρίθησαν’</span> <span class='ocrx_word' id='word_1_59' title='bbox 1401 1055 1517 1107; x_wconf 83' lang='grc' dir='ltr'>ἀλλ’</span> <span class='ocrx_word' id='word_1_60' title='bbox 1551 1053 1656 1106; x_wconf 79' lang='grc' dir='ltr'><strong>ὑπὸ</strong></span> <span class='ocrx_word' id='word_1_61' title='bbox 1713 1052 1924 1106; x_wconf 81' lang='grc' dir='ltr'>πολλῶν</span> 
     </span>
    </p>
   </div>
   <div class='ocr_carea' id='block_1_12' title="bbox 345 1146 1925 1219">
    <p class='ocr_par' dir='ltr' id='par_1_12' title="bbox 345 1146 1925 1219">
     <span class='ocr_line' id='line_1_12' title="bbox 345 1146 1925 1219; baseline -0.001 -21"><span class='ocrx_word' id='word_1_62' title='bbox 345 1147 440 1199; x_wconf 78' lang='grc' dir='ltr'><strong>καὶ</strong></span> <span class='ocrx_word' id='word_1_63' title='bbox 479 1147 731 1217; x_wconf 78' lang='grc' dir='ltr'><strong>μεγάλων</strong></span> <span class='ocrx_word' id='word_1_64' title='bbox 763 1148 1159 1219; x_wconf 79' lang='grc' dir='ltr'>οίκουμενικῶν</span> <span class='ocrx_word' id='word_1_65' title='bbox 1195 1149 1288 1200; x_wconf 70' lang='grc' dir='ltr'><strong>καὶ</strong></span> <span class='ocrx_word' id='word_1_66' title='bbox 1318 1147 1560 1200; x_wconf 78' lang='grc' dir='ltr'>τοπικῶν</span> <span class='ocrx_word' id='word_1_67' title='bbox 1585 1146 1755 1213; x_wconf 80' lang='grc' dir='ltr'>ἁγίων</span> <span class='ocrx_word' id='word_1_68' title='bbox 1793 1163 1925 1197; x_wconf 88' lang='grc' dir='ltr'>συν-</span> 
     </span>
    </p>
   </div>
   <div class='ocr_carea' id='block_1_13' title="bbox 343 1239 1630 1309">
    <p class='ocr_par' dir='ltr' id='par_1_13' title="bbox 343 1239 1630 1309">
     <span class='ocr_line' id='line_1_13' title="bbox 343 1239 1630 1309; baseline 0.001 -17"><span class='ocrx_word' id='word_1_69' title='bbox 343 1239 478 1293; x_wconf 86' lang='grc' dir='ltr'>όδων</span> <span class='ocrx_word' id='word_1_70' title='bbox 505 1240 934 1309; x_wconf 78' lang='grc' dir='ltr'><strong>κατακριθέντες</strong></span> <span class='ocrx_word' id='word_1_71' title='bbox 957 1242 1051 1293; x_wconf 77' lang='grc' dir='ltr'><strong>καὶ</strong></span> <span class='ocrx_word' id='word_1_72' title='bbox 1080 1239 1630 1309; x_wconf 83' lang='grc' dir='ltr'>ἀναθεματισθέντες.</span> 
     </span>
    </p>
   </div>
   <div class='ocr_carea' id='block_1_14' title="bbox 417 1329 1924 1402">
    <p class='ocr_par' dir='ltr' id='par_1_14' title="bbox 417 1329 1924 1402">
     <span class='ocr_line' id='line_1_14' title="bbox 417 1329 1924 1402; baseline -0.002 -18"><span class='ocrx_word' id='word_1_73' title='bbox 417 1332 515 1384; x_wconf 88' lang='grc' dir='ltr'><strong>ΙΖ’.</strong></span> <span class='ocrx_word' id='word_1_74' title='bbox 559 1332 664 1385; x_wconf 75' lang='grc' dir='ltr'><strong>Τὸν</strong></span> <span class='ocrx_word' id='word_1_75' title='bbox 725 1331 825 1400; x_wconf 78' lang='grc' dir='ltr'><strong>μὲν</strong></span> <span class='ocrx_word' id='word_1_76' title='bbox 878 1333 985 1402; x_wconf 86' lang='grc' dir='ltr'>γὰρ</span> <span class='ocrx_word' id='word_1_77' title='bbox 1029 1332 1252 1401; x_wconf 83' lang='grc' dir='ltr'>Ἀρειον</span> <span class='ocrx_word' id='word_1_78' title='bbox 1293 1333 1438 1384; x_wconf 81' lang='grc' dir='ltr'>κατὰ</span> <span class='ocrx_word' id='word_1_79' title='bbox 1494 1330 1587 1383; x_wconf 90' lang='grc' dir='ltr'><strong>τοῦ</strong></span> <span class='ocrx_word' id='word_1_80' title='bbox 1643 1330 1771 1382; x_wconf 82' lang='grc' dir='ltr'>Υξοῦ</span> <span class='ocrx_word' id='word_1_81' title='bbox 1829 1329 1924 1382; x_wconf 84' lang='grc' dir='ltr'><strong>τοῦ</strong></span> 
     </span>
    </p>
   </div>
   <div class='ocr_carea' id='block_1_15' title="bbox 343 1422 1924 1494">
    <p class='ocr_par' dir='ltr' id='par_1_15' title="bbox 343 1422 1924 1494">
     <span class='ocr_line' id='line_1_15' title="bbox 343 1422 1924 1494; baseline -0.003 -16"><span class='ocrx_word' id='word_1_82' title='bbox 343 1425 479 1478; x_wconf 85' lang='grc' dir='ltr'>Θεοῦ</span> <span class='ocrx_word' id='word_1_83' title='bbox 533 1423 993 1494; x_wconf 84' lang='grc' dir='ltr'>βλασφημοῦντα,</span> <span class='ocrx_word' id='word_1_84' title='bbox 1047 1427 1080 1493; x_wconf 84' lang='grc' dir='ltr'><strong>ή</strong></span> <span class='ocrx_word' id='word_1_85' title='bbox 1136 1423 1329 1494; x_wconf 82' lang='grc' dir='ltr'>πρώτη</span> <span class='ocrx_word' id='word_1_86' title='bbox 1384 1423 1517 1492; x_wconf 80' lang='grc' dir='ltr'>ἁγία</span> <span class='ocrx_word' id='word_1_87' title='bbox 1570 1422 1924 1492; x_wconf 83' lang='grc' dir='ltr'>οίκουμενικὴ</span> 
     </span>
    </p>
   </div>
   <div class='ocr_carea' id='block_1_16' title="bbox 345 1515 1925 1587">
    <p class='ocr_par' dir='ltr' id='par_1_16' title="bbox 345 1515 1925 1587">
     <span class='ocr_line' id='line_1_16' title="bbox 345 1515 1925 1587; baseline -0.004 -15"><span class='ocrx_word' id='word_1_88' title='bbox 345 1518 588 1582; x_wconf 80' lang='grc' dir='ltr'>σύνοδος,</span> <span class='ocrx_word' id='word_1_89' title='bbox 621 1517 732 1569; x_wconf 89' lang='grc' dir='ltr'><strong>τῶν</strong></span> <span class='ocrx_word' id='word_1_90' title='bbox 779 1523 888 1586; x_wconf 82' lang='grc' dir='ltr'>τιη⁹</span> <span class='ocrx_word' id='word_1_91' title='bbox 929 1517 1100 1584; x_wconf 82' lang='grc' dir='ltr'>ἁγίων</span> <span class='ocrx_word' id='word_1_92' title='bbox 1132 1519 1274 1570; x_wconf 83' lang='grc' dir='ltr'>Πατέ</span> <span class='ocrx_word' id='word_1_93' title='bbox 1286 1535 1391 1587; x_wconf 90' lang='grc' dir='ltr'><strong>ρων</strong></span> <span class='ocrx_word' id='word_1_94' title='bbox 1419 1516 1782 1584; x_wconf 84' lang='grc' dir='ltr'>ἀνεθεμάτισε</span> <span class='ocrx_word' id='word_1_95' title='bbox 1805 1515 1925 1566; x_wconf 79' lang='grc' dir='ltr'>’τὸν</span> 
     </span>
    </p>
   </div>
   <div class='ocr_carea' id='block_1_17' title="bbox 341 1603 1926 1676">
    <p class='ocr_par' dir='ltr' id='par_1_17' title="bbox 341 1603 1926 1676">
     <span class='ocr_line' id='line_1_17' title="bbox 341 1603 1926 1676; baseline -0.001 -16"><span class='ocrx_word' id='word_1_96' title='bbox 341 1607 401 1661; x_wconf 78' lang='grc' dir='ltr'>δὲ</span> <span class='ocrx_word' id='word_1_97' title='bbox 438 1606 896 1676; x_wconf 85' lang='grc' dir='ltr'>πνευματομάχον</span> <span class='ocrx_word' id='word_1_98' title='bbox 933 1605 1287 1667; x_wconf 86' lang='grc' dir='ltr'>Μακεδόνιον,</span> <span class='ocrx_word' id='word_1_99' title='bbox 1328 1604 1436 1656; x_wconf 88' lang='grc' dir='ltr'><strong>τῶν</strong></span> <span class='ocrx_word' id='word_1_100' title='bbox 1465 1603 1540 1675; x_wconf 85' lang='grc' dir='ltr'>ρν⁹</span> <span class='ocrx_word' id='word_1_101' title='bbox 1596 1607 1769 1674; x_wconf 86' lang='grc' dir='ltr'>ἁγίων</span> <span class='ocrx_word' id='word_1_102' title='bbox 1815 1607 1926 1658; x_wconf 88' lang='grc' dir='ltr'>Πα-</span> 
     </span>
    </p>
   </div>
   <div class='ocr_carea' id='block_1_18' title="bbox 340 1698 1923 1770">
    <p class='ocr_par' dir='ltr' id='par_1_18' title="bbox 340 1698 1923 1770">
     <span class='ocr_line' id='line_1_18' title="bbox 340 1698 1923 1770; baseline -0.001 -18"><span class='ocrx_word' id='word_1_103' title='bbox 340 1701 639 1770; x_wconf 84' lang='grc' dir='ltr'>τέρων.....</span> <span class='ocrx_word' id='word_1_104' title='bbox 729 1698 1170 1770; x_wconf 69' lang='grc' dir='ltr'>Βλασφημοῦντα</span> <span class='ocrx_word' id='word_1_105' title='bbox 1200 1739 1214 1765; x_wconf 91' lang='grc'><strong>,</strong></span> <span class='ocrx_word' id='word_1_106' title='bbox 1269 1699 1366 1752; x_wconf 75' lang='grc' dir='ltr'>καὶ</span> <span class='ocrx_word' id='word_1_107' title='bbox 1425 1698 1580 1768; x_wconf 65' lang='grc' dir='ltr'>ψιλὸν</span> <span class='ocrx_word' id='word_1_108' title='bbox 1637 1699 1923 1770; x_wconf 83' lang='grc' dir='ltr'>ἄνθρωπον</span> 
     </span>
    </p>
   </div>
   <div class='ocr_carea' id='block_1_19' title="bbox 342 1791 1925 1863">
    <p class='ocr_par' dir='ltr' id='par_1_19' title="bbox 342 1791 1925 1863">
     <span class='ocr_line' id='line_1_19' title="bbox 342 1791 1925 1863; baseline -0.001 -17"><span class='ocrx_word' id='word_1_109' title='bbox 342 1793 506 1847; x_wconf 67' lang='grc' dir='ltr'>αὑτὸν</span> <span class='ocrx_word' id='word_1_110' title='bbox 543 1791 796 1861; x_wconf 85' lang='grc' dir='ltr'>λέγοντα,</span> <span class='ocrx_word' id='word_1_111' title='bbox 830 1793 923 1844; x_wconf 77' lang='grc' dir='ltr'><strong>καὶ</strong></span> <span class='ocrx_word' id='word_1_112' title='bbox 953 1791 1376 1862; x_wconf 87' lang='grc' dir='ltr'>ἀνθρωποτόκον</span> <span class='ocrx_word' id='word_1_113' title='bbox 1408 1791 1509 1863; x_wconf 87' lang='grc' dir='ltr'>τὴν</span> <span class='ocrx_word' id='word_1_114' title='bbox 1550 1791 1767 1862; x_wconf 84' lang='grc' dir='ltr'>ἀληθῶς</span> <span class='ocrx_word' id='word_1_115' title='bbox 1796 1793 1925 1844; x_wconf 86' lang='grc' dir='ltr'>Θεο-</span> 
     </span>
    </p>
   </div>
   <div class='ocr_carea' id='block_1_20' title="bbox 341 1883 1918 1954">
    <p class='ocr_par' dir='ltr' id='par_1_20' title="bbox 341 1883 1918 1954">
     <span class='ocr_line' id='line_1_20' title="bbox 341 1883 1918 1954; baseline 0 -18"><span class='ocrx_word' id='word_1_116' title='bbox 341 1884 504 1937; x_wconf 82' lang='grc' dir='ltr'>τόκον</span> <span class='ocrx_word' id='word_1_117' title='bbox 535 1883 969 1954; x_wconf 86' lang='grc' dir='ltr'>δογματίσαντα,</span> <span class='ocrx_word' id='word_1_118' title='bbox 1017 1885 1050 1953; x_wconf 83' lang='grc' dir='ltr'>ἡ</span> <span class='ocrx_word' id='word_1_119' title='bbox 1097 1885 1156 1935; x_wconf 78' lang='grc' dir='ltr'>ἐν</span> <span class='ocrx_word' id='word_1_120' title='bbox 1183 1883 1398 1954; x_wconf 82' lang='grc' dir='ltr'><strong>Ἐφέσῳ</strong></span> <span class='ocrx_word' id='word_1_121' title='bbox 1433 1883 1627 1954; x_wconf 82' lang='grc' dir='ltr'>πρώτη</span> <span class='ocrx_word' id='word_1_122' title='bbox 1663 1883 1769 1936; x_wconf 78' lang='grc' dir='ltr'><strong>τῶν</strong></span> <span class='ocrx_word' id='word_1_123' title='bbox 1801 1883 1918 1937; x_wconf 80' lang='grc' dir='ltr'>διαο</span> 
     </span>
    </p>
   </div>
   <div class='ocr_carea' id='block_1_21' title="bbox 343 1975 1921 2046">
    <p class='ocr_par' dir='ltr' id='par_1_21' title="bbox 343 1975 1921 2046">
     <span class='ocr_line' id='line_1_21' title="bbox 343 1975 1921 2046; baseline -0.001 -17"><span class='ocrx_word' id='word_1_124' title='bbox 343 1976 546 2029; x_wconf 86' lang='grc' dir='ltr'>κοσίων</span> <span class='ocrx_word' id='word_1_125' title='bbox 611 1975 917 2029; x_wconf 82' lang='grc' dir='ltr'>θεσπεσίων</span> <span class='ocrx_word' id='word_1_126' title='bbox 965 1975 1248 2045; x_wconf 86' lang='grc' dir='ltr'>Πατέρων,</span> <span class='ocrx_word' id='word_1_127' title='bbox 1300 1977 1332 2046; x_wconf 81' lang='grc' dir='ltr'><strong>ἠ</strong></span> <span class='ocrx_word' id='word_1_128' title='bbox 1380 1976 1514 2044; x_wconf 85' lang='grc' dir='ltr'>ἁγία</span> <span class='ocrx_word' id='word_1_129' title='bbox 1567 1975 1921 2045; x_wconf 84' lang='grc' dir='ltr'>οίκουμενικὴ</span> 
     </span>
    </p>
   </div>
   <div class='ocr_carea' id='block_1_22' title="bbox 341 2069 1923 2140">
    <p class='ocr_par' dir='ltr' id='par_1_22' title="bbox 341 2069 1923 2140">
     <span class='ocr_line' id='line_1_22' title="bbox 341 2069 1923 2140; baseline 0.001 -18"><span class='ocrx_word' id='word_1_130' title='bbox 341 2069 502 2139; x_wconf 87' lang='grc' dir='ltr'>τρίτη</span> <span class='ocrx_word' id='word_1_131' title='bbox 539 2069 762 2132; x_wconf 82' lang='grc' dir='ltr'>σύνοδος</span> <span class='ocrx_word' id='word_1_132' title='bbox 787 2109 801 2132; x_wconf 93' lang='grc'><strong>,</strong></span> <span class='ocrx_word' id='word_1_133' title='bbox 842 2069 1064 2122; x_wconf 82' lang='grc' dir='ltr'>καθεῖλε</span> <span class='ocrx_word' id='word_1_134' title='bbox 1116 2070 1211 2122; x_wconf 87' lang='grc' dir='ltr'><strong>καὶ</strong></span> <span class='ocrx_word' id='word_1_135' title='bbox 1266 2069 1640 2140; x_wconf 70' lang='grc' dir='ltr'>ἀπεκήρυξεν.</span> <span class='ocrx_word' id='word_1_136' title='bbox 1679 2069 1923 2140; x_wconf 79' lang='grc' dir='ltr'>Εὐτυχέα</span> 
     </span>
    </p>
   </div>
   <div class='ocr_carea' id='block_1_23' title="bbox 341 2155 1924 2230">
    <p class='ocr_par' dir='ltr' id='par_1_23' title="bbox 341 2155 1924 2230">
     <span class='ocr_line' id='line_1_23' title="bbox 341 2155 1924 2230; baseline 0.002 -22"><span class='ocrx_word' id='word_1_137' title='bbox 341 2157 398 2209; x_wconf 85' lang='grc' dir='ltr'>δὲ</span> <span class='ocrx_word' id='word_1_138' title='bbox 429 2157 523 2209; x_wconf 75' lang='grc' dir='ltr'><strong>καὶ</strong></span> <span class='ocrx_word' id='word_1_139' title='bbox 558 2157 852 2227; x_wconf 82' lang='grc' dir='ltr'>Διόσκορον</span> <span class='ocrx_word' id='word_1_140' title='bbox 875 2197 890 2220; x_wconf 90' lang='grc'><strong>,</strong></span> <span class='ocrx_word' id='word_1_141' title='bbox 924 2155 1191 2226; x_wconf 84' lang='grc' dir='ltr'>Τιμόθεον</span> <span class='ocrx_word' id='word_1_142' title='bbox 1240 2159 1330 2210; x_wconf 82' lang='grc' dir='ltr'><strong>τὸν</strong></span> <span class='ocrx_word' id='word_1_143' title='bbox 1377 2158 1640 2229; x_wconf 80' lang='grc' dir='ltr'>Αἷλουρον</span> <span class='ocrx_word' id='word_1_144' title='bbox 1662 2198 1674 2222; x_wconf 92' lang='grc'><strong>,</strong></span> <span class='ocrx_word' id='word_1_145' title='bbox 1717 2160 1924 2230; x_wconf 79' lang='grc' dir='ltr'>Πέτρον</span> 
     </span>
    </p>
   </div>
   <div class='ocr_carea' id='block_1_24' title="bbox 340 2247 1919 2320">
    <p class='ocr_par' dir='ltr' id='par_1_24' title="bbox 340 2247 1919 2320">
     <span class='ocr_line' id='line_1_24' title="bbox 340 2247 1919 2320; baseline 0.002 -20"><span class='ocrx_word' id='word_1_146' title='bbox 340 2249 434 2300; x_wconf 74' lang='grc' dir='ltr'>τὸν</span> <span class='ocrx_word' id='word_1_147' title='bbox 469 2247 716 2316; x_wconf 80' lang='grc' dir='ltr'>Κναφέα,</span> <span class='ocrx_word' id='word_1_148' title='bbox 751 2247 864 2312; x_wconf 67' lang='lat' dir='ltr'><strong>faui.</strong></span> <span class='ocrx_word' id='word_1_149' title='bbox 907 2247 1167 2301; x_wconf 86' lang='grc' dir='ltr'>Ἰάκωϐον</span> <span class='ocrx_word' id='word_1_150' title='bbox 1214 2249 1305 2302; x_wconf 71' lang='grc' dir='ltr'>τὸν</span> <span class='ocrx_word' id='word_1_151' title='bbox 1357 2248 1553 2320; x_wconf 86' lang='grc' dir='ltr'>Σύρον,</span> <span class='ocrx_word' id='word_1_152' title='bbox 1611 2250 1919 2317; x_wconf 82' lang='grc' dir='ltr'>Ἰουλιανὸν,</span> 
     </span>
    </p>
   </div>
   <div class='ocr_carea' id='block_1_25' title="bbox 341 2336 1921 2410">
    <p class='ocr_par' dir='ltr' id='par_1_25' title="bbox 341 2336 1921 2410">
     <span class='ocr_line' id='line_1_25' title="bbox 341 2336 1921 2410; baseline 0.003 -21"><span class='ocrx_word' id='word_1_153' title='bbox 341 2336 434 2389; x_wconf 75' lang='grc' dir='ltr'><strong>καὶ</strong></span> <span class='ocrx_word' id='word_1_154' title='bbox 471 2336 730 2406; x_wconf 79' lang='grc' dir='ltr'>Σευῆρον,</span> <span class='ocrx_word' id='word_1_155' title='bbox 767 2337 860 2388; x_wconf 79' lang='grc' dir='ltr'><strong>καὶ</strong></span> <span class='ocrx_word' id='word_1_156' title='bbox 891 2337 1019 2399; x_wconf 76' lang='grc' dir='ltr'>τοὺς</span> <span class='ocrx_word' id='word_1_157' title='bbox 1052 2336 1371 2408; x_wconf 80' lang='grc' dir='ltr'>ὁμόφρονας</span> <span class='ocrx_word' id='word_1_158' title='bbox 1399 2339 1581 2390; x_wconf 85' lang='grc' dir='ltr'>αὐτῶν</span> <span class='ocrx_word' id='word_1_159' title='bbox 1603 2357 1619 2372; x_wconf 77' lang='grc' dir='ltr'><strong><em>ο</em></strong></span> <span class='ocrx_word' id='word_1_160' title='bbox 1651 2341 1921 2410; x_wconf 86' lang='grc' dir='ltr'>πρότερον</span> 
     </span>
    </p>
   </div>
   <div class='ocr_carea' id='block_1_26' title="bbox 344 2426 1923 2503">
    <p class='ocr_par' dir='ltr' id='par_1_26' title="bbox 344 2426 1923 2503">
     <span class='ocr_line' id='line_1_26' title="bbox 344 2426 1923 2503; baseline 0.004 -24"><span class='ocrx_word' id='word_1_161' title='bbox 344 2426 445 2494; x_wconf 81' lang='grc' dir='ltr'><strong>μὲν</strong></span> <span class='ocrx_word' id='word_1_162' title='bbox 504 2427 732 2496; x_wconf 78' lang='grc' dir='ltr'>μηδέπω</span> <span class='ocrx_word' id='word_1_163' title='bbox 789 2427 997 2480; x_wconf 86' lang='grc' dir='ltr'>τούτων</span> <span class='ocrx_word' id='word_1_164' title='bbox 1064 2429 1474 2498; x_wconf 80' lang='grc' dir='ltr'>ἀναφανέντων,</span> <span class='ocrx_word' id='word_1_165' title='bbox 1535 2432 1575 2482; x_wconf 91' lang='grc' dir='ltr'>Γ</span> <span class='ocrx_word' id='word_1_166' title='bbox 1583 2433 1836 2503; x_wconf 85' lang='grc' dir='ltr'>ρηγόριος</span> <span class='ocrx_word' id='word_1_167' title='bbox 1895 2436 1923 2486; x_wconf 92' lang='lat'><strong>6</strong></span> 
     </span>
    </p>
   </div>
   <div class='ocr_carea' id='block_1_27' title="bbox 339 2517 1923 2596">
    <p class='ocr_par' dir='ltr' id='par_1_27' title="bbox 339 2517 1923 2596">
     <span class='ocr_line' id='line_1_27' title="bbox 339 2517 1923 2596; baseline 0.006 -27"><span class='ocrx_word' id='word_1_168' title='bbox 339 2517 801 2589; x_wconf 77' lang='grc' dir='ltr'>Θαυματουργος,</span> <span class='ocrx_word' id='word_1_169' title='bbox 849 2520 1174 2584; x_wconf 82' lang='grc' dir='ltr'>Ἀθανάσιος</span> <span class='ocrx_word' id='word_1_170' title='bbox 1206 2525 1233 2576; x_wconf 98' lang='lat'><strong>6</strong></span> <span class='ocrx_word' id='word_1_171' title='bbox 1281 2523 1481 2591; x_wconf 81' lang='grc' dir='ltr'>μέγας,</span> <span class='ocrx_word' id='word_1_172' title='bbox 1537 2524 1840 2596; x_wconf 85' lang='grc' dir='ltr'>Γρηγόριος</span> <span class='ocrx_word' id='word_1_173' title='bbox 1895 2527 1923 2578; x_wconf 93' lang='grc' dir='ltr'><strong>ὁ</strong></span> 
     </span>
    </p>
   </div>
   <div class='ocr_carea' id='block_1_28' title="bbox 339 2609 1917 2688">
    <p class='ocr_par' dir='ltr' id='par_1_28' title="bbox 339 2609 1917 2688">
     <span class='ocr_line' id='line_1_28' title="bbox 339 2609 1917 2688; baseline 0.005 -25"><span class='ocrx_word' id='word_1_174' title='bbox 339 2609 624 2680; x_wconf 83' lang='grc' dir='ltr'>Θεολόγος,</span> <span class='ocrx_word' id='word_1_175' title='bbox 651 2613 955 2684; x_wconf 77' lang='grc' dir='ltr'>Γρηγόριος</span> <span class='ocrx_word' id='word_1_176' title='bbox 981 2614 1009 2666; x_wconf 94' lang='lat'><strong>6</strong></span> <span class='ocrx_word' id='word_1_177' title='bbox 1036 2612 1081 2667; x_wconf 91' lang='grc' dir='ltr'><strong>Ν</strong></span> <span class='ocrx_word' id='word_1_178' title='bbox 1089 2613 1340 2685; x_wconf 85' lang='grc' dir='ltr'>ύσσης,Ἀ</span> <span class='ocrx_word' id='word_1_179' title='bbox 1351 2615 1917 2688; x_wconf 71' lang='grc' dir='ltr'>μϐρώσιος,Έφραὶμ,</span> 
     </span>
    </p>
   </div>
   <div class='ocr_carea' id='block_1_29' title="bbox 352 2700 1920 2776">
    <p class='ocr_par' dir='ltr' id='par_1_29' title="bbox 352 2700 1920 2776">
     <span class='ocr_line' id='line_1_29' title="bbox 352 2700 1920 2776; baseline 0.013 -23"><span class='ocrx_word' id='word_1_180' title='bbox 352 2700 611 2772; x_wconf 79' lang='grc' dir='ltr'>Ἰωάννης</span> <span class='ocrx_word' id='word_1_181' title='bbox 667 2703 694 2754; x_wconf 88' lang='lat'><strong>6</strong></span> <span class='ocrx_word' id='word_1_182' title='bbox 748 2704 1169 2773; x_wconf 86' lang='grc' dir='ltr'>Χρυσόστομος,</span> <span class='ocrx_word' id='word_1_183' title='bbox 1242 2704 1598 2776; x_wconf 78' lang='grc' dir='ltr'>Σίλϐεστρος,</span> <span class='ocrx_word' id='word_1_184' title='bbox 1676 2705 1920 2772; x_wconf 70' lang='grc' dir='ltr'><strong>Ἰούλιος»</strong></span> 
     </span>
    </p>
   </div>
   <div class='ocr_carea' id='block_1_30' title="bbox 339 2793 1920 2870">
    <p class='ocr_par' dir='ltr' id='par_1_30' title="bbox 339 2793 1920 2870">
     <span class='ocr_line' id='line_1_30' title="bbox 339 2793 1920 2870; baseline 0.005 -24"><span class='ocrx_word' id='word_1_185' title='bbox 339 2793 598 2861; x_wconf 82' lang='grc' dir='ltr'>Δάμασος</span> <span class='ocrx_word' id='word_1_186' title='bbox 620 2835 634 2859; x_wconf 90' lang='grc'><strong>,</strong></span> <span class='ocrx_word' id='word_1_187' title='bbox 676 2795 947 2867; x_wconf 87' lang='grc' dir='ltr'>Κύριλλος</span> <span class='ocrx_word' id='word_1_188' title='bbox 990 2797 1388 2868; x_wconf 82' lang='grc' dir='ltr'>Ἰεροσολύμων</span> <span class='ocrx_word' id='word_1_189' title='bbox 1419 2838 1433 2862; x_wconf 89' lang='grc'><strong>,</strong></span> <span class='ocrx_word' id='word_1_190' title='bbox 1469 2799 1736 2870; x_wconf 85' lang='grc' dir='ltr'>Κύριλλος</span> <span class='ocrx_word' id='word_1_191' title='bbox 1768 2801 1920 2854; x_wconf 83' lang='grc' dir='ltr'>Ἀλε-</span> 
     </span>
    </p>
   </div>
   <div class='ocr_carea' id='block_1_31' title="bbox 343 2887 1923 2962">
    <p class='ocr_par' dir='ltr' id='par_1_31' title="bbox 343 2887 1923 2962">
     <span class='ocr_line' id='line_1_31' title="bbox 343 2887 1923 2962; baseline 0.004 -22"><span class='ocrx_word' id='word_1_192' title='bbox 343 2887 652 2958; x_wconf 83' lang='grc' dir='ltr'>ξανδρείας,</span> <span class='ocrx_word' id='word_1_193' title='bbox 703 2888 1043 2956; x_wconf 74' lang='grc' dir='ltr'>Ἐπιφάνιος,</span> <span class='ocrx_word' id='word_1_194' title='bbox 1095 2889 1380 2955; x_wconf 84' lang='grc' dir='ltr'>Βασίλειος</span> <span class='ocrx_word' id='word_1_195' title='bbox 1421 2895 1449 2946; x_wconf 95' lang='lat'><strong>6</strong></span> <span class='ocrx_word' id='word_1_196' title='bbox 1498 2893 1693 2960; x_wconf 80' lang='grc' dir='ltr'>Μέγας</span> <span class='ocrx_word' id='word_1_197' title='bbox 1723 2911 1735 2922; x_wconf 92' lang='grc'><strong>·</strong></span> <span class='ocrx_word' id='word_1_198' title='bbox 1770 2894 1923 2962; x_wconf 89' lang='grc' dir='ltr'>ίσάγ-</span> 
     </span>
    </p>
   </div>
   <div class='ocr_carea' id='block_1_32' title="bbox 342 2979 1924 3055">
    <p class='ocr_par' dir='ltr' id='par_1_32' title="bbox 342 2979 1924 3055">
     <span class='ocr_line' id='line_1_32' title="bbox 342 2979 1924 3055; baseline 0.004 -24"><span class='ocrx_word' id='word_1_199' title='bbox 342 2979 494 3048; x_wconf 87' lang='grc' dir='ltr'>γελοι</span> <span class='ocrx_word' id='word_1_200' title='bbox 527 2980 625 3033; x_wconf 77' lang='grc' dir='ltr'>καὶ</span> <span class='ocrx_word' id='word_1_201' title='bbox 655 2979 906 3050; x_wconf 72' lang='grc' dir='ltr'>θεοφόροι</span> <span class='ocrx_word' id='word_1_202' title='bbox 932 2982 1026 3034; x_wconf 74' lang='grc' dir='ltr'>καὶ</span> <span class='ocrx_word' id='word_1_203' title='bbox 1052 2982 1466 3052; x_wconf 65' lang='grc' dir='ltr'>θαυματουργοὶ</span> <span class='ocrx_word' id='word_1_204' title='bbox 1499 2984 1594 3037; x_wconf 77' lang='grc' dir='ltr'><strong>καὶ</strong></span> <span class='ocrx_word' id='word_1_205' title='bbox 1629 2987 1924 3055; x_wconf 69' lang='grc' dir='ltr'>σημειοφό-</span> 
     </span>
    </p>
   </div>
   <div class='ocr_carea' id='block_1_33' title="bbox 345 3072 1919 3146">
    <p class='ocr_par' dir='ltr' id='par_1_33' title="bbox 345 3072 1919 3146">
     <span class='ocr_line' id='line_1_33' title="bbox 345 3072 1919 3146; baseline 0.003 -22"><span class='ocrx_word' id='word_1_206' title='bbox 345 3088 430 3143; x_wconf 84' lang='grc' dir='ltr'><strong>ροι</strong></span> <span class='ocrx_word' id='word_1_207' title='bbox 483 3072 631 3139; x_wconf 83' lang='grc' dir='ltr'>ἆγιοι</span> <span class='ocrx_word' id='word_1_208' title='bbox 685 3073 954 3143; x_wconf 82' lang='grc' dir='ltr'>Πατέρες,</span> <span class='ocrx_word' id='word_1_209' title='bbox 1007 3075 1387 3143; x_wconf 76' lang='grc' dir='ltr'>προφητικῶς,</span> <span class='ocrx_word' id='word_1_210' title='bbox 1424 3076 1498 3138; x_wconf 79' lang='grc' dir='ltr'>ὡς</span> <span class='ocrx_word' id='word_1_211' title='bbox 1551 3077 1642 3129; x_wconf 79' lang='grc' dir='ltr'><strong>τὸν</strong></span> <span class='ocrx_word' id='word_1_212' title='bbox 1677 3077 1919 3146; x_wconf 79' lang='grc' dir='ltr'>Ἀρειον,</span> 
     </span>
    </p>
   </div>
   <div class='ocr_carea' id='block_1_34' title="bbox 342 3163 1922 3238">
    <p class='ocr_par' dir='ltr' id='par_1_34' title="bbox 342 3163 1922 3238">
     <span class='ocr_line' id='line_1_34' title="bbox 342 3163 1922 3238; baseline 0.003 -22"><span class='ocrx_word' id='word_1_213' title='bbox 342 3163 439 3216; x_wconf 76' lang='lat' dir='ltr'><strong>xa‘t</strong></span> <span class='ocrx_word' id='word_1_214' title='bbox 490 3164 822 3230; x_wconf 76' lang='grc' dir='ltr'>Μανιχαῖον,</span> <span class='ocrx_word' id='word_1_215' title='bbox 869 3165 962 3216; x_wconf 77' lang='grc' dir='ltr'><strong>καὶ</strong></span> <span class='ocrx_word' id='word_1_216' title='bbox 1025 3165 1459 3236; x_wconf 87' lang='grc' dir='ltr'>Ἀπολλινάριον,</span> <span class='ocrx_word' id='word_1_217' title='bbox 1504 3168 1705 3238; x_wconf 86' lang='grc' dir='ltr'>ὁμοίως</span> <span class='ocrx_word' id='word_1_218' title='bbox 1739 3170 1922 3233; x_wconf 83' lang='grc' dir='ltr'>αὐτοῖς</span> 
     </span>
    </p>
   </div>
   <div class='ocr_carea' id='block_1_35' title="bbox 343 3255 1923 3328">
    <p class='ocr_par' dir='ltr' id='par_1_35' title="bbox 343 3255 1923 3328">
     <span class='ocr_line' id='line_1_35' title="bbox 343 3255 1923 3328; baseline 0.003 -19"><span class='ocrx_word' id='word_1_219' title='bbox 343 3256 442 3309; x_wconf 73' lang='grc' dir='ltr'>καὶ</span> <span class='ocrx_word' id='word_1_220' title='bbox 471 3257 599 3320; x_wconf 78' lang='grc' dir='ltr'>τοὺς</span> <span class='ocrx_word' id='word_1_221' title='bbox 633 3255 763 3327; x_wconf 87' lang='grc' dir='ltr'>μίαν</span> <span class='ocrx_word' id='word_1_222' title='bbox 783 3256 946 3326; x_wconf 79' lang='grc' dir='ltr'>φύσιν</span> <span class='ocrx_word' id='word_1_223' title='bbox 978 3258 1036 3310; x_wconf 84' lang='grc' dir='ltr'><strong>ἐν</strong></span> <span class='ocrx_word' id='word_1_224' title='bbox 1063 3259 1287 3328; x_wconf 83' lang='grc' dir='ltr'>Χριστῷ</span> <span class='ocrx_word' id='word_1_225' title='bbox 1313 3258 1801 3328; x_wconf 78' lang='grc' dir='ltr'>βλασφημοῦντας,</span> <span class='ocrx_word' id='word_1_226' title='bbox 1829 3262 1923 3314; x_wconf 71' lang='grc' dir='ltr'><strong>καὶ</strong></span> 
     </span>
    </p>
   </div>
   <div class='ocr_carea' id='block_1_36' title="bbox 339 3347 1925 3422">
    <p class='ocr_par' dir='ltr' id='par_1_36' title="bbox 339 3347 1925 3422">
     <span class='ocr_line' id='line_1_36' title="bbox 339 3347 1925 3422; baseline 0.003 -23"><span class='ocrx_word' id='word_1_227' title='bbox 339 3347 443 3418; x_wconf 78' lang='grc' dir='ltr'>τὴν</span> <span class='ocrx_word' id='word_1_228' title='bbox 476 3347 708 3418; x_wconf 87' lang='grc' dir='ltr'>θεότητα</span> <span class='ocrx_word' id='word_1_229' title='bbox 736 3347 905 3401; x_wconf 77' lang='grc' dir='ltr'>αὐτοῦ</span> <span class='ocrx_word' id='word_1_230' title='bbox 953 3348 1206 3418; x_wconf 75' lang='grc' dir='ltr'>παθητὴν</span> <span class='ocrx_word' id='word_1_231' title='bbox 1251 3350 1346 3401; x_wconf 79' lang='grc' dir='ltr'><strong>καὶ</strong></span> <span class='ocrx_word' id='word_1_232' title='bbox 1394 3350 1596 3422; x_wconf 84' lang='grc' dir='ltr'>θνητὴν</span> <span class='ocrx_word' id='word_1_233' title='bbox 1647 3351 1925 3422; x_wconf 86' lang='grc' dir='ltr'>δογματί-</span> 
     </span>
    </p>
   </div>
   <div class='ocr_carea' id='block_1_37' title="bbox 341 3437 1923 3510">
    <p class='ocr_par' dir='ltr' id='par_1_37' title="bbox 341 3437 1923 3510">
     <span class='ocr_line' id='line_1_37' title="bbox 341 3437 1923 3510; baseline 0.003 -20"><span class='ocrx_word' id='word_1_234' title='bbox 341 3438 556 3505; x_wconf 79' lang='grc' dir='ltr'>ζοντας,</span> <span class='ocrx_word' id='word_1_235' title='bbox 619 3439 882 3508; x_wconf 80' lang='grc' dir='ltr'>μυριάκις</span> <span class='ocrx_word' id='word_1_236' title='bbox 925 3437 1371 3508; x_wconf 76' lang='grc' dir='ltr'>ἀνεθεμάτισανο</span> <span class='ocrx_word' id='word_1_237' title='bbox 1426 3440 1810 3510; x_wconf 72' lang='grc' dir='ltr'>ἀναφανέντας</span> <span class='ocrx_word' id='word_1_238' title='bbox 1865 3442 1923 3495; x_wconf 87' lang='grc' dir='ltr'><strong>δὲ</strong></span> 
     </span>
    </p>
   </div>
   <div class='ocr_carea' id='block_1_38' title="bbox 340 3530 1922 3604">
    <p class='ocr_par' dir='ltr' id='par_1_38' title="bbox 340 3530 1922 3604">
     <span class='ocr_line' id='line_1_38' title="bbox 340 3530 1922 3604; baseline 0.001 -19"><span class='ocrx_word' id='word_1_239' title='bbox 340 3531 540 3594; x_wconf 79' lang='grc' dir='ltr'>αὐτούς</span> <span class='ocrx_word' id='word_1_240' title='bbox 589 3547 603 3561; x_wconf 91' lang='grc'><strong>·</strong></span> <span class='ocrx_word' id='word_1_241' title='bbox 651 3531 796 3600; x_wconf 89' lang='grc' dir='ltr'>λέγω</span> <span class='ocrx_word' id='word_1_242' title='bbox 832 3530 896 3601; x_wconf 79' lang='grc' dir='ltr'>δὴ</span> <span class='ocrx_word' id='word_1_243' title='bbox 935 3531 1186 3600; x_wconf 83' lang='grc' dir='ltr'>Εὑτυχέα</span> <span class='ocrx_word' id='word_1_244' title='bbox 1227 3531 1320 3584; x_wconf 71' lang='grc' dir='ltr'><strong>καὶ</strong></span> <span class='ocrx_word' id='word_1_245' title='bbox 1373 3533 1704 3603; x_wconf 83' lang='grc' dir='ltr'>Διόσκορον,</span> <span class='ocrx_word' id='word_1_246' title='bbox 1749 3535 1922 3604; x_wconf 82' lang='grc' dir='ltr'>Τιμό-</span> 
     </span>
    </p>
   </div>
   <div class='ocr_carea' id='block_1_39' title="bbox 342 3621 1924 3694">
    <p class='ocr_par' dir='ltr' id='par_1_39' title="bbox 342 3621 1924 3694">
     <span class='ocr_line' id='line_1_39' title="bbox 342 3621 1924 3694; baseline 0.002 -19"><span class='ocrx_word' id='word_1_247' title='bbox 342 3623 488 3686; x_wconf 83' lang='grc' dir='ltr'>θεον,</span> <span class='ocrx_word' id='word_1_248' title='bbox 530 3623 625 3676; x_wconf 77' lang='grc' dir='ltr'><strong>καὶ</strong></span> <span class='ocrx_word' id='word_1_249' title='bbox 654 3622 884 3692; x_wconf 81' lang='grc' dir='ltr'>Πέτρον,</span> <span class='ocrx_word' id='word_1_250' title='bbox 927 3623 1024 3675; x_wconf 77' lang='grc' dir='ltr'><strong>καὶ</strong></span> <span class='ocrx_word' id='word_1_251' title='bbox 1056 3621 1367 3688; x_wconf 83' lang='grc' dir='ltr'>Ἰουλιανὸν,</span> <span class='ocrx_word' id='word_1_252' title='bbox 1405 3625 1502 3677; x_wconf 67' lang='grc' dir='ltr'><strong>καλ⁵</strong></span> <span class='ocrx_word' id='word_1_253' title='bbox 1529 3625 1654 3687; x_wconf 84' lang='grc' dir='ltr'>τοὺς</span> <span class='ocrx_word' id='word_1_254' title='bbox 1687 3627 1924 3694; x_wconf 81' lang='grc' dir='ltr'>ὁμόφρο-</span> 
     </span>
    </p>
   </div>
   <div class='ocr_carea' id='block_1_40' title="bbox 340 3712 1923 3783">
    <p class='ocr_par' dir='ltr' id='par_1_40' title="bbox 340 3712 1923 3783">
     <span class='ocr_line' id='line_1_40' title="bbox 340 3712 1923 3783; baseline 0.003 -17"><span class='ocrx_word' id='word_1_255' title='bbox 340 3730 442 3775; x_wconf 88' lang='grc' dir='ltr'><strong>νας</strong></span> <span class='ocrx_word' id='word_1_256' title='bbox 473 3712 652 3765; x_wconf 79' lang='grc' dir='ltr'>αύτῶν</span> <span class='ocrx_word' id='word_1_257' title='bbox 681 3729 696 3745; x_wconf 79' lang='grc' dir='ltr'><strong>ο</strong></span> <span class='ocrx_word' id='word_1_258' title='bbox 737 3712 957 3783; x_wconf 87' lang='grc' dir='ltr'>πρῶτον</span> <span class='ocrx_word' id='word_1_259' title='bbox 997 3713 1121 3782; x_wconf 82' lang='grc' dir='ltr'>μὲν,</span> <span class='ocrx_word' id='word_1_260' title='bbox 1156 3713 1306 3766; x_wconf 85' lang='grc' dir='ltr'>Λέων</span> <span class='ocrx_word' id='word_1_261' title='bbox 1346 3716 1374 3766; x_wconf 86' lang='grc' dir='ltr'><strong>ὁ</strong></span> <span class='ocrx_word' id='word_1_262' title='bbox 1405 3715 1618 3782; x_wconf 84' lang='grc' dir='ltr'>Μέγας,</span> <span class='ocrx_word' id='word_1_263' title='bbox 1667 3717 1758 3768; x_wconf 73' lang='grc' dir='ltr'><strong>καὶ</strong></span> <span class='ocrx_word' id='word_1_264' title='bbox 1786 3717 1923 3769; x_wconf 84' lang='grc' dir='ltr'>Φλα-</span> 
     </span>
    </p>
   </div>
   <div class='ocr_carea' id='block_1_41' title="bbox 342 3803 1922 3878">
    <p class='ocr_par' dir='ltr' id='par_1_41' title="bbox 342 3803 1922 3878">
     <span class='ocr_line' id='line_1_41' title="bbox 342 3803 1922 3878; baseline 0.003 -22"><span class='ocrx_word' id='word_1_265' title='bbox 342 3803 531 3867; x_wconf 80' lang='grc' dir='ltr'>ϐιανὸς</span> <span class='ocrx_word' id='word_1_266' title='bbox 559 3804 608 3856; x_wconf 83' lang='lat' dir='ltr'><strong>oi</strong></span> <span class='ocrx_word' id='word_1_267' title='bbox 641 3805 941 3872; x_wconf 80' lang='grc' dir='ltr'>ἁγιώτατοι</span> <span class='ocrx_word' id='word_1_268' title='bbox 980 3818 992 3831; x_wconf 81' lang='grc'><strong>⁸</strong></span> <span class='ocrx_word' id='word_1_269' title='bbox 1033 3805 1126 3858; x_wconf 69' lang='grc' dir='ltr'><strong>καὶ</strong></span> <span class='ocrx_word' id='word_1_270' title='bbox 1168 3807 1198 3876; x_wconf 84' lang='grc' dir='ltr'><strong>ή</strong></span> <span class='ocrx_word' id='word_1_271' title='bbox 1235 3805 1484 3875; x_wconf 78' lang='grc' dir='ltr'>μεγάλη,</span> <span class='ocrx_word' id='word_1_272' title='bbox 1523 3808 1618 3860; x_wconf 72' lang='grc' dir='ltr'><strong>καὶ</strong></span> <span class='ocrx_word' id='word_1_273' title='bbox 1667 3809 1922 3878; x_wconf 81' lang='grc' dir='ltr'>οἰκούμε-</span> 
     </span>
    </p>
   </div>
   <div class='ocr_carea' id='block_1_42' title="bbox 341 3896 1923 3969">
    <p class='ocr_par' dir='ltr' id='par_1_42' title="bbox 341 3896 1923 3969">
     <span class='ocr_line' id='line_1_42' title="bbox 341 3896 1923 3969; baseline 0.001 -18"><span class='ocrx_word' id='word_1_274' title='bbox 341 3896 468 3965; x_wconf 83' lang='grc' dir='ltr'>νικὴ</span> <span class='ocrx_word' id='word_1_275' title='bbox 498 3896 607 3950; x_wconf 90' lang='grc' dir='ltr'><strong>τῶν</strong></span> <span class='ocrx_word' id='word_1_276' title='bbox 658 3896 734 3968; x_wconf 80' lang='grc' dir='ltr'>χλ¹</span> <span class='ocrx_word' id='word_1_277' title='bbox 767 3897 1044 3967; x_wconf 73' lang='grc' dir='ltr'>θεοφόρων</span> <span class='ocrx_word' id='word_1_278' title='bbox 1078 3897 1340 3968; x_wconf 83' lang='grc' dir='ltr'>Πατέρων</span> <span class='ocrx_word' id='word_1_279' title='bbox 1375 3901 1432 3951; x_wconf 77' lang='grc' dir='ltr'>ἐν</span> <span class='ocrx_word' id='word_1_280' title='bbox 1457 3897 1764 3969; x_wconf 77' lang='grc' dir='ltr'>Χαλκηδόνι</span> <span class='ocrx_word' id='word_1_281' title='bbox 1792 3902 1923 3968; x_wconf 85' lang='grc' dir='ltr'>ἁγία</span> 
     </span>
    </p>
   </div>
   <div class='ocr_carea' id='block_1_43' title="bbox 343 3990 1920 4062">
    <p class='ocr_par' dir='ltr' id='par_1_43' title="bbox 343 3990 1920 4062">
     <span class='ocr_line' id='line_1_43' title="bbox 343 3990 1920 4062; baseline 0 -17"><span class='ocrx_word' id='word_1_282' title='bbox 343 3991 584 4055; x_wconf 80' lang='grc' dir='ltr'>σύνοδος,</span> <span class='ocrx_word' id='word_1_283' title='bbox 636 3990 958 4052; x_wconf 84' lang='grc' dir='ltr'>καθελόντες</span> <span class='ocrx_word' id='word_1_284' title='bbox 995 3991 1197 4052; x_wconf 70' lang='grc' dir='ltr'>αὐτοὺς</span> <span class='ocrx_word' id='word_1_285' title='bbox 1242 3993 1337 4044; x_wconf 82' lang='grc' dir='ltr'><strong>καὶ</strong></span> <span class='ocrx_word' id='word_1_286' title='bbox 1394 3991 1920 4062; x_wconf 83' lang='grc' dir='ltr'>ἁναθεματίσαντες,</span> 
     </span>
    </p>
   </div>
   <div class='ocr_carea' id='block_1_44' title="bbox 339 4082 1926 4156">
    <p class='ocr_par' dir='ltr' id='par_1_44' title="bbox 339 4082 1926 4156">
     <span class='ocr_line' id='line_1_44' title="bbox 339 4082 1926 4156; baseline 0.014 -19"><span class='ocrx_word' id='word_1_287' title='bbox 339 4083 420 4154; x_wconf 74' lang='grc' dir='ltr'>τῷ</span> <span class='ocrx_word' id='word_1_288' title='bbox 451 4083 683 4152; x_wconf 83' lang='grc' dir='ltr'>διαϐόλῳ</span> <span class='ocrx_word' id='word_1_289' title='bbox 717 4082 1064 4152; x_wconf 85' lang='grc' dir='ltr'>παρέδωκαν.</span> <span class='ocrx_word' id='word_1_290' title='bbox 1109 4083 1390 4145; x_wconf 79' lang='grc' dir='ltr'>Ὡσαύτως</span> <span class='ocrx_word' id='word_1_291' title='bbox 1424 4084 1482 4136; x_wconf 70' lang='grc' dir='ltr'><strong>δὲ</strong></span> <span class='ocrx_word' id='word_1_292' title='bbox 1514 4085 1608 4137; x_wconf 62' lang='grc' dir='ltr'><strong>καὶ</strong></span> <span class='ocrx_word' id='word_1_293' title='bbox 1637 4085 1696 4138; x_wconf 71' lang='grc' dir='ltr'>ἐν</span> <span class='ocrx_word' id='word_1_294' title='bbox 1724 4083 1926 4156; x_wconf 59' lang='lat'><strong>13.90&quot;&quot;</strong></span> 
     </span>
    </p>
   </div>
   <div class='ocr_carea' id='block_1_45' title="bbox 342 4168 1924 4240">
    <p class='ocr_par' dir='ltr' id='par_1_45' title="bbox 342 4168 1924 4240">
     <span class='ocr_line' id='line_1_45' title="bbox 342 4168 1924 4240; baseline 0.002 -16"><span class='ocrx_word' id='word_1_295' title='bbox 342 4171 550 4240; x_wconf 81' lang='grc' dir='ltr'>σαλὴμ,</span> <span class='ocrx_word' id='word_1_296' title='bbox 581 4171 673 4222; x_wconf 69' lang='grc' dir='ltr'><strong>ἐπὶ</strong></span> <span class='ocrx_word' id='word_1_297' title='bbox 698 4168 1066 4221; x_wconf 85' lang='grc' dir='ltr'>Ἀναστασίου</span> <span class='ocrx_word' id='word_1_298' title='bbox 1105 4168 1200 4220; x_wconf 92' lang='grc' dir='ltr'><strong>τοῦ</strong></span> <span class='ocrx_word' id='word_1_299' title='bbox 1244 4169 1481 4233; x_wconf 86' lang='grc' dir='ltr'>ἀσεϐοῦς</span> <span class='ocrx_word' id='word_1_300' title='bbox 1514 4171 1800 4240; x_wconf 83' lang='grc' dir='ltr'>βασιλέως,</span> <span class='ocrx_word' id='word_1_301' title='bbox 1829 4175 1924 4226; x_wconf 79' lang='grc' dir='ltr'>καὶ</span> 
     </span>
    </p>
   </div>
   <div class='ocr_carea' id='block_1_46' title="bbox 352 4260 1924 4332">
    <p class='ocr_par' dir='ltr' id='par_1_46' title="bbox 352 4260 1924 4332">
     <span class='ocr_line' id='line_1_46' title="bbox 352 4260 1924 4332; baseline 0.001 -14"><span class='ocrx_word' id='word_1_302' title='bbox 352 4264 606 4318; x_wconf 76' lang='grc' dir='ltr'>Ἰωάννου</span> <span class='ocrx_word' id='word_1_303' title='bbox 650 4260 994 4332; x_wconf 76' lang='grc' dir='ltr'>πατριάρχου</span> <span class='ocrx_word' id='word_1_304' title='bbox 1054 4262 1470 4332; x_wconf 83' lang='grc' dir='ltr'>Ἱεροσολύμων,</span> <span class='ocrx_word' id='word_1_305' title='bbox 1503 4265 1786 4332; x_wconf 78' lang='grc' dir='ltr'>Θεοδόσιος</span> <span class='ocrx_word' id='word_1_306' title='bbox 1831 4268 1924 4320; x_wconf 67' lang='grc' dir='ltr'>καὶ</span> 
     </span>
    </p>
   </div>
   <div class='ocr_carea' id='block_1_47' title="bbox 339 4351 1924 4426">
    <p class='ocr_par' dir='ltr' id='par_1_47' title="bbox 339 4351 1924 4426">
     <span class='ocr_line' id='line_1_47' title="bbox 339 4351 1924 4426; baseline 0.003 -20"><span class='ocrx_word' id='word_1_307' title='bbox 339 4353 526 4416; x_wconf 86' lang='grc' dir='ltr'>Σάϐας</span> <span class='ocrx_word' id='word_1_308' title='bbox 561 4353 610 4404; x_wconf 71' lang='grc' dir='ltr'>οἱ</span> <span class='ocrx_word' id='word_1_309' title='bbox 645 4351 963 4420; x_wconf 87' lang='grc' dir='ltr'>ἁγιώτατοι,</span> <span class='ocrx_word' id='word_1_310' title='bbox 1000 4351 1134 4404; x_wconf 85' lang='grc' dir='ltr'>δέκα</span> <span class='ocrx_word' id='word_1_311' title='bbox 1174 4353 1426 4422; x_wconf 80' lang='grc' dir='ltr'>χιλιάδας</span> <span class='ocrx_word' id='word_1_312' title='bbox 1469 4356 1700 4426; x_wconf 84' lang='grc' dir='ltr'>πλήρεις</span> <span class='ocrx_word' id='word_1_313' title='bbox 1753 4357 1924 4411; x_wconf 83' lang='grc' dir='ltr'>ἀϐϐά-</span> 
     </span>
    </p>
   </div>
   <div class='ocr_carea' id='block_1_48' title="bbox 338 4443 1924 4520">
    <p class='ocr_par' dir='ltr' id='par_1_48' title="bbox 338 4443 1924 4520">
     <span class='ocr_line' id='line_1_48' title="bbox 338 4443 1924 4520; baseline 0.005 -25"><span class='ocrx_word' id='word_1_314' title='bbox 338 4447 440 4508; x_wconf 89' lang='grc' dir='ltr'><strong>δας</strong></span> <span class='ocrx_word' id='word_1_315' title='bbox 495 4443 860 4516; x_wconf 83' lang='grc' dir='ltr'>ὲρημιτικοὺς</span> <span class='ocrx_word' id='word_1_316' title='bbox 927 4443 1199 4511; x_wconf 70' lang='grc' dir='ltr'>μοναχοίις</span> <span class='ocrx_word' id='word_1_317' title='bbox 1257 4444 1603 4508; x_wconf 83' lang='grc' dir='ltr'>συνάξαντες.</span> <span class='ocrx_word' id='word_1_318' title='bbox 1677 4449 1924 4520; x_wconf 84' lang='grc' dir='ltr'>Εύτυχέα</span> 
     </span>
    </p>
   </div>
   <div class='ocr_carea' id='block_1_49' title="bbox 2027 583 3607 652">
    <p class='ocr_par' dir='ltr' id='par_1_49' title="bbox 2027 583 3607 652">
     <span class='ocr_line' id='line_1_49' title="bbox 2027 583 3607 652; baseline -0.001 -16"><span class='ocrx_word' id='word_1_319' title='bbox 2027 584 2224 652; x_wconf 83' lang='lat' dir='ltr'><strong>pietate</strong></span> <span class='ocrx_word' id='word_1_320' title='bbox 2259 583 2457 646; x_wconf 71' lang='lat' dir='ltr'><strong>allecti,</strong></span> <span class='ocrx_word' id='word_1_321' title='bbox 2495 583 2809 637; x_wconf 90' lang='lat' dir='ltr'><strong>innumeras</strong></span> <span class='ocrx_word' id='word_1_322' title='bbox 2843 584 3096 644; x_wconf 72' lang='lat' dir='ltr'><strong>haareses,</strong></span> <span class='ocrx_word' id='word_1_323' title='bbox 3131 598 3192 636; x_wconf 88' lang='lat' dir='ltr'><strong>ac</strong></span> <span class='ocrx_word' id='word_1_324' title='bbox 3226 583 3607 651; x_wconf 81' lang='lat' dir='ltr'><strong>blaspltemias,</strong></span> 
     </span>
    </p>
   </div>
   <div class='ocr_carea' id='block_1_50' title="bbox 2025 674 3611 744">
    <p class='ocr_par' dir='ltr' id='par_1_50' title="bbox 2025 674 3611 744">
     <span class='ocr_line' id='line_1_50' title="bbox 2025 674 3611 744; baseline 0.001 -16"><span class='ocrx_word' id='word_1_325' title='bbox 2025 686 2078 728; x_wconf 89' lang='lat' dir='ltr'><strong>et</strong></span> <span class='ocrx_word' id='word_1_326' title='bbox 2136 677 2456 744; x_wconf 82' lang='lat' dir='ltr'><strong>negationes</strong></span> <span class='ocrx_word' id='word_1_327' title='bbox 2509 676 2772 729; x_wconf 85' lang='lat' dir='ltr'><strong>adversus</strong></span> <span class='ocrx_word' id='word_1_328' title='bbox 2820 674 3019 729; x_wconf 82' lang='lat' dir='ltr'><strong>Christi</strong></span> <span class='ocrx_word' id='word_1_329' title='bbox 3073 676 3497 729; x_wconf 72' lang='lat' dir='ltr'><strong>incarnationem</strong></span> <span class='ocrx_word' id='word_1_330' title='bbox 3549 691 3611 729; x_wconf 92' lang='lat' dir='ltr'><strong>ac</strong></span> 
     </span>
    </p>
   </div>
   <div class='ocr_carea' id='block_1_51' title="bbox 2026 765 3611 835">
    <p class='ocr_par' dir='ltr' id='par_1_51' title="bbox 2026 765 3611 835">
     <span class='ocr_line' id='line_1_51' title="bbox 2026 765 3611 835; baseline -0.002 -16"><span class='ocrx_word' id='word_1_331' title='bbox 2026 769 2278 835; x_wconf 73' lang='lat' dir='ltr'><strong>pietatem</strong></span> <span class='ocrx_word' id='word_1_332' title='bbox 2313 765 2719 830; x_wconf 71' lang='lat' dir='ltr'><strong>conﬂuxissent,</strong></span> <span class='ocrx_word' id='word_1_333' title='bbox 2750 781 2813 818; x_wconf 88' lang='lat' dir='ltr'><strong>ac</strong></span> <span class='ocrx_word' id='word_1_334' title='bbox 2844 765 3130 834; x_wconf 76' lang='lat' dir='ltr'><strong>perspicue</strong></span> <span class='ocrx_word' id='word_1_335' title='bbox 3176 765 3380 818; x_wconf 85' lang='lat' dir='ltr'><strong>Christi</strong></span> <span class='ocrx_word' id='word_1_336' title='bbox 3417 781 3476 820; x_wconf 92' lang='lat' dir='ltr'><strong>se</strong></span> <span class='ocrx_word' id='word_1_337' title='bbox 3513 766 3611 817; x_wconf 84' lang='lat' dir='ltr'><strong>ad-</strong></span> 
     </span>
    </p>
   </div>
   <div class='ocr_carea' id='block_1_52' title="bbox 2025 857 3609 928">
    <p class='ocr_par' dir='ltr' id='par_1_52' title="bbox 2025 857 3609 928">
     <span class='ocr_line' id='line_1_52' title="bbox 2025 857 3609 928; baseline -0.008 -15"><span class='ocrx_word' id='word_1_338' title='bbox 2025 860 2296 913; x_wconf 86' lang='lat' dir='ltr'><strong>versarios</strong></span> <span class='ocrx_word' id='word_1_339' title='bbox 2343 857 2729 928; x_wconf 70' lang='lat' dir='ltr'><strong>prodidissent.</strong></span> <span class='ocrx_word' id='word_1_340' title='bbox 2761 858 2958 910; x_wconf 88' lang='lat' dir='ltr'><strong>nedum</strong></span> <span class='ocrx_word' id='word_1_341' title='bbox 2991 857 3058 909; x_wconf 88' lang='lat' dir='ltr'><strong>ah</strong></span> <span class='ocrx_word' id='word_1_342' title='bbox 3094 873 3198 910; x_wconf 79' lang='lat' dir='ltr'><strong>una</strong></span> <span class='ocrx_word' id='word_1_343' title='bbox 3247 873 3311 910; x_wconf 76' lang='lat' dir='ltr'><strong>ac</strong></span> <span class='ocrx_word' id='word_1_344' title='bbox 3348 857 3609 923; x_wconf 65' lang='lat' dir='ltr'><strong>singulari</strong></span> 
     </span>
    </p>
   </div>
   <div class='ocr_carea' id='block_1_53' title="bbox 2027 950 3616 1023">
    <p class='ocr_par' dir='ltr' id='par_1_53' title="bbox 2027 950 3616 1023">
     <span class='ocr_line' id='line_1_53' title="bbox 2027 950 3616 1023; baseline -0.002 -18"><span class='ocrx_word' id='word_1_345' title='bbox 2027 951 2230 1023; x_wconf 83' lang='lat' dir='ltr'><strong>synodo</strong></span> <span class='ocrx_word' id='word_1_346' title='bbox 2265 951 2507 1002; x_wconf 83' lang='lat' dir='ltr'><strong>damnari</strong></span> <span class='ocrx_word' id='word_1_347' title='bbox 2556 954 2818 1017; x_wconf 89' lang='lat' dir='ltr'><strong>oportuit,</strong></span> <span class='ocrx_word' id='word_1_348' title='bbox 2870 965 3056 1002; x_wconf 87' lang='lat' dir='ltr'><strong>verum</strong></span> <span class='ocrx_word' id='word_1_349' title='bbox 3095 965 3123 1002; x_wconf 87' lang='lat' dir='ltr'><strong>a</strong></span> <span class='ocrx_word' id='word_1_350' title='bbox 3166 950 3348 1004; x_wconf 88' lang='lat' dir='ltr'><strong>multis</strong></span> <span class='ocrx_word' id='word_1_351' title='bbox 3375 951 3616 1019; x_wconf 83' lang='lat' dir='ltr'><strong>magnis-</strong></span> 
     </span>
    </p>
   </div>
   <div class='ocr_carea' id='block_1_54' title="bbox 2027 1040 3608 1113">
    <p class='ocr_par' dir='ltr' id='par_1_54' title="bbox 2027 1040 3608 1113">
     <span class='ocr_line' id='line_1_54' title="bbox 2027 1040 3608 1113; baseline 0 -18"><span class='ocrx_word' id='word_1_352' title='bbox 2027 1058 2131 1113; x_wconf 86' lang='lat' dir='ltr'><strong>que</strong></span> <span class='ocrx_word' id='word_1_353' title='bbox 2187 1042 2579 1096; x_wconf 81' lang='lat' dir='ltr'><strong>nniversalibns</strong></span> <span class='ocrx_word' id='word_1_354' title='bbox 2641 1058 2703 1095; x_wconf 89' lang='lat' dir='ltr'><strong>ac</strong></span> <span class='ocrx_word' id='word_1_355' title='bbox 2763 1041 3026 1095; x_wconf 83' lang='lat' dir='ltr'><strong>localibus</strong></span> <span class='ocrx_word' id='word_1_356' title='bbox 3116 1042 3291 1094; x_wconf 87' lang='lat' dir='ltr'><strong>sacris</strong></span> <span class='ocrx_word' id='word_1_357' title='bbox 3351 1040 3608 1110; x_wconf 84' lang='lat' dir='ltr'><strong>synodis,</strong></span> 
     </span>
    </p>
   </div>
   <div class='ocr_carea' id='block_1_55' title="bbox 2029 1133 3114 1205">
    <p class='ocr_par' dir='ltr' id='par_1_55' title="bbox 2029 1133 3114 1205">
     <span class='ocr_line' id='line_1_55' title="bbox 2029 1133 3114 1205; baseline 0.001 -19"><span class='ocrx_word' id='word_1_358' title='bbox 2029 1135 2290 1205; x_wconf 86' lang='lat' dir='ltr'><strong>proscribi</strong></span> <span class='ocrx_word' id='word_1_359' title='bbox 2331 1149 2564 1188; x_wconf 75' lang='lat' dir='ltr'><strong>necessu</strong></span> <span class='ocrx_word' id='word_1_360' title='bbox 2586 1133 2705 1198; x_wconf 79' lang='lat' dir='ltr'><strong>fuit,</strong></span> <span class='ocrx_word' id='word_1_361' title='bbox 2740 1149 2803 1187; x_wconf 88' lang='lat' dir='ltr'><strong>ac</strong></span> <span class='ocrx_word' id='word_1_362' title='bbox 2841 1133 3114 1187; x_wconf 74' lang='lat' dir='ltr'><strong>devoveri.</strong></span> 
     </span>
    </p>
   </div>
   <div class='ocr_carea' id='block_1_56' title="bbox 2097 1317 3611 1395">
    <p class='ocr_par' dir='ltr' id='par_1_56' title="bbox 2097 1317 3611 1395">
     <span class='ocr_line' id='line_1_56' title="bbox 2097 1317 3611 1395; baseline -0.005 -13"><span class='ocrx_word' id='word_1_363' title='bbox 2097 1328 2262 1382; x_wconf 77' lang='lat' dir='ltr'><strong>XVII.</strong></span> <span class='ocrx_word' id='word_1_364' title='bbox 2296 1328 2481 1381; x_wconf 80' lang='lat' dir='ltr'><strong>Arium</strong></span> <span class='ocrx_word' id='word_1_365' title='bbox 2532 1326 2748 1395; x_wconf 84' lang='lat' dir='ltr'><strong>quidem</strong></span> <span class='ocrx_word' id='word_1_366' title='bbox 2798 1325 3058 1377; x_wconf 82' lang='lat' dir='ltr'><strong>adversus</strong></span> <span class='ocrx_word' id='word_1_367' title='bbox 3110 1322 3199 1375; x_wconf 87' lang='lat' dir='ltr'><strong>Dei</strong></span> <span class='ocrx_word' id='word_1_368' title='bbox 3252 1317 3446 1374; x_wconf 84' lang='lat' dir='ltr'><strong>Filium</strong></span> <span class='ocrx_word' id='word_1_369' title='bbox 3497 1319 3611 1374; x_wconf 84' lang='lat' dir='ltr'><strong>hla-</strong></span> 
     </span>
    </p>
   </div>
   <div class='ocr_carea' id='block_1_57' title="bbox 2029 1413 3608 1491">
    <p class='ocr_par' dir='ltr' id='par_1_57' title="bbox 2029 1413 3608 1491">
     <span class='ocr_line' id='line_1_57' title="bbox 2029 1413 3608 1491; baseline -0.009 -16"><span class='ocrx_word' id='word_1_370' title='bbox 2029 1423 2438 1491; x_wconf 89' lang='lat' dir='ltr'><strong>sphemantem,</strong></span> <span class='ocrx_word' id='word_1_371' title='bbox 2481 1419 2651 1486; x_wconf 83' lang='lat' dir='ltr'><strong>prima</strong></span> <span class='ocrx_word' id='word_1_372' title='bbox 2705 1426 2887 1469; x_wconf 86' lang='lat' dir='ltr'><strong>sancta</strong></span> <span class='ocrx_word' id='word_1_373' title='bbox 2950 1413 3280 1466; x_wconf 72' lang='lat' dir='ltr'><strong>mcumenica</strong></span> <span class='ocrx_word' id='word_1_374' title='bbox 3337 1413 3608 1479; x_wconf 76' lang='lat' dir='ltr'><strong>synodus,</strong></span> 
     </span>
    </p>
   </div>
   <div class='ocr_carea' id='block_1_58' title="bbox 2027 1504 3610 1570">
    <p class='ocr_par' dir='ltr' id='par_1_58' title="bbox 2027 1504 3610 1570">
     <span class='ocr_line' id='line_1_58' title="bbox 2027 1504 3610 1570; baseline -0.009 -2"><span class='ocrx_word' id='word_1_375' title='bbox 2027 1523 2340 1568; x_wconf 80' lang='lat' dir='ltr'><strong>sanctorum</strong></span> <span class='ocrx_word' id='word_1_376' title='bbox 2401 1526 2630 1565; x_wconf 74' lang='lat' dir='ltr'><strong>CCCXVIII</strong></span> <span class='ocrx_word' id='word_1_377' title='bbox 2683 1507 2907 1562; x_wconf 82' lang='lat' dir='ltr'><strong>Patrum</strong></span> <span class='ocrx_word' id='word_1_378' title='bbox 2945 1507 3189 1570; x_wconf 83' lang='lat' dir='ltr'><strong>devovit;</strong></span> <span class='ocrx_word' id='word_1_379' title='bbox 3240 1504 3610 1558; x_wconf 82' lang='lat' dir='ltr'><strong>Maccdonium</strong></span> 
     </span>
    </p>
   </div>
   <div class='ocr_carea' id='block_1_59' title="bbox 2029 1598 3612 1673">
    <p class='ocr_par' dir='ltr' id='par_1_59' title="bbox 2029 1598 3612 1673">
     <span class='ocr_line' id='line_1_59' title="bbox 2029 1598 3612 1673; baseline -0.008 -15"><span class='ocrx_word' id='word_1_380' title='bbox 2029 1615 2208 1659; x_wconf 85' lang='lat' dir='ltr'><strong>autem</strong></span> <span class='ocrx_word' id='word_1_381' title='bbox 2257 1603 2494 1673; x_wconf 84' lang='lat' dir='ltr'><strong>Spiritus</strong></span> <span class='ocrx_word' id='word_1_382' title='bbox 2527 1602 2702 1655; x_wconf 82' lang='lat' dir='ltr'><strong>sancti</strong></span> <span class='ocrx_word' id='word_1_383' title='bbox 2749 1598 3150 1662; x_wconf 86' lang='lat' dir='ltr'><strong>adversarium,</strong></span> <span class='ocrx_word' id='word_1_384' title='bbox 3184 1612 3248 1651; x_wconf 70' lang='grc' dir='ltr'>αι.</span> <span class='ocrx_word' id='word_1_385' title='bbox 3297 1605 3612 1648; x_wconf 83' lang='lat' dir='ltr'><strong>sanctorum</strong></span> 
     </span>
    </p>
   </div>
   <div class='ocr_carea' id='block_1_60' title="bbox 2027 1688 3614 1764">
    <p class='ocr_par' dir='ltr' id='par_1_60' title="bbox 2027 1688 3614 1764">
     <span class='ocr_line' id='line_1_60' title="bbox 2027 1688 3614 1764; baseline -0.007 -15"><span class='ocrx_word' id='word_1_386' title='bbox 2027 1695 2365 1750; x_wconf 83' lang='lat' dir='ltr'><strong>Patrum.....</strong></span> <span class='ocrx_word' id='word_1_387' title='bbox 2421 1692 2753 1764; x_wconf 78' lang='lat' dir='ltr'><strong>(Nestorium</strong></span> <span class='ocrx_word' id='word_1_388' title='bbox 2810 1691 2960 1758; x_wconf 87' lang='lat' dir='ltr'><strong>vero)</strong></span> <span class='ocrx_word' id='word_1_389' title='bbox 3016 1688 3499 1758; x_wconf 86' lang='lat' dir='ltr'><strong>blasphemautem,</strong></span> <span class='ocrx_word' id='word_1_390' title='bbox 3553 1700 3614 1738; x_wconf 90' lang='lat' dir='ltr'><strong>ac</strong></span> 
     </span>
    </p>
   </div>
   <div class='ocr_carea' id='block_1_61' title="bbox 2030 1778 3614 1858">
    <p class='ocr_par' dir='ltr' id='par_1_61' title="bbox 2030 1778 3614 1858">
     <span class='ocr_line' id='line_1_61' title="bbox 2030 1778 3614 1858; baseline -0.008 -17"><span class='ocrx_word' id='word_1_391' title='bbox 2030 1803 2219 1858; x_wconf 88' lang='lat' dir='ltr'><strong>purum</strong></span> <span class='ocrx_word' id='word_1_392' title='bbox 2249 1787 2522 1842; x_wconf 81' lang='lat' dir='ltr'><strong>hominem</strong></span> <span class='ocrx_word' id='word_1_393' title='bbox 2554 1786 2726 1854; x_wconf 88' lang='lat' dir='ltr'><strong>ipsum</strong></span> <span class='ocrx_word' id='word_1_394' title='bbox 2759 1782 3052 1844; x_wconf 87' lang='lat' dir='ltr'><strong>dicentem,</strong></span> <span class='ocrx_word' id='word_1_395' title='bbox 3082 1795 3144 1833; x_wconf 88' lang='lat' dir='ltr'><strong>ac</strong></span> <span class='ocrx_word' id='word_1_396' title='bbox 3177 1791 3404 1832; x_wconf 79' lang='lat' dir='ltr'><strong>matrem</strong></span> <span class='ocrx_word' id='word_1_397' title='bbox 3437 1778 3614 1832; x_wconf 88' lang='lat' dir='ltr'><strong>homi-</strong></span> 
     </span>
    </p>
   </div>
   <div class='ocr_carea' id='block_1_62' title="bbox 2034 1873 3614 1950">
    <p class='ocr_par' dir='ltr' id='par_1_62' title="bbox 2034 1873 3614 1950">
     <span class='ocr_line' id='line_1_62' title="bbox 2034 1873 3614 1950; baseline -0.005 -15"><span class='ocrx_word' id='word_1_398' title='bbox 2034 1884 2137 1946; x_wconf 90' lang='lat' dir='ltr'><strong>nis,</strong></span> <span class='ocrx_word' id='word_1_399' title='bbox 2173 1896 2290 1950; x_wconf 86' lang='lat' dir='ltr'><strong>quae</strong></span> <span class='ocrx_word' id='word_1_400' title='bbox 2323 1894 2445 1935; x_wconf 79' lang='lat' dir='ltr'><strong>vere</strong></span> <span class='ocrx_word' id='word_1_401' title='bbox 2478 1878 2773 1942; x_wconf 84' lang='lat' dir='ltr'><strong>Deiparens</strong></span> <span class='ocrx_word' id='word_1_402' title='bbox 2801 1887 2967 1939; x_wconf 87' lang='lat' dir='ltr'><strong>esset,</strong></span> <span class='ocrx_word' id='word_1_403' title='bbox 3010 1874 3178 1944; x_wconf 89' lang='lat' dir='ltr'><strong>prima</strong></span> <span class='ocrx_word' id='word_1_404' title='bbox 3219 1873 3486 1942; x_wconf 84' lang='lat' dir='ltr'><strong>Ephesina</strong></span> <span class='ocrx_word' id='word_1_405' title='bbox 3532 1873 3614 1927; x_wconf 85' lang='lat' dir='ltr'><strong>di-</strong></span> 
     </span>
    </p>
   </div>
   <div class='ocr_carea' id='block_1_63' title="bbox 2033 1965 3612 2026">
    <p class='ocr_par' dir='ltr' id='par_1_63' title="bbox 2033 1965 3612 2026">
     <span class='ocr_line' id='line_1_63' title="bbox 2033 1965 3612 2026; baseline -0.004 -2"><span class='ocrx_word' id='word_1_406' title='bbox 2033 1974 2277 2026; x_wconf 81' lang='lat' dir='ltr'><strong>vinorum</strong></span> <span class='ocrx_word' id='word_1_407' title='bbox 2347 1972 2700 2025; x_wconf 79' lang='lat' dir='ltr'><strong>ducentorum</strong></span> <span class='ocrx_word' id='word_1_408' title='bbox 2762 1968 2978 2020; x_wconf 79' lang='lat' dir='ltr'><strong>Patrum</strong></span> <span class='ocrx_word' id='word_1_409' title='bbox 3037 1975 3221 2020; x_wconf 83' lang='lat' dir='ltr'><strong>sancta</strong></span> <span class='ocrx_word' id='word_1_410' title='bbox 3277 1965 3612 2018; x_wconf 77' lang='lat' dir='ltr'><strong>(Bt&#39;umenica</strong></span> 
     </span>
    </p>
   </div>
   <div class='ocr_carea' id='block_1_64' title="bbox 2033 2055 3613 2134">
    <p class='ocr_par' dir='ltr' id='par_1_64' title="bbox 2033 2055 3613 2134">
     <span class='ocr_line' id='line_1_64' title="bbox 2033 2055 3613 2134; baseline -0.005 -19"><span class='ocrx_word' id='word_1_411' title='bbox 2033 2066 2192 2119; x_wconf 87' lang='lat' dir='ltr'><strong>tertia</strong></span> <span class='ocrx_word' id='word_1_412' title='bbox 2244 2065 2505 2134; x_wconf 83' lang='lat' dir='ltr'><strong>synodus,</strong></span> <span class='ocrx_word' id='word_1_413' title='bbox 2557 2061 2806 2130; x_wconf 64' lang='lat' dir='ltr'><strong>deposuTI</strong></span> <span class='ocrx_word' id='word_1_414' title='bbox 2856 2057 3297 2127; x_wconf 75' lang='lat' dir='ltr'><strong>proscripsitque.</strong></span> <span class='ocrx_word' id='word_1_415' title='bbox 3347 2057 3416 2110; x_wconf 72' lang='lat' dir='ltr'><strong>At</strong></span> <span class='ocrx_word' id='word_1_416' title='bbox 3452 2055 3613 2126; x_wconf 79' lang='lat' dir='ltr'><strong>Euty-</strong></span> 
     </span>
    </p>
   </div>
   <div class='ocr_carea' id='block_1_65' title="bbox 2032 2148 3609 2214">
    <p class='ocr_par' dir='ltr' id='par_1_65' title="bbox 2032 2148 3609 2214">
     <span class='ocr_line' id='line_1_65' title="bbox 2032 2148 3609 2214; baseline -0.009 0"><span class='ocrx_word' id='word_1_417' title='bbox 2032 2161 2238 2214; x_wconf 84' lang='lat' dir='ltr'><strong>chetem</strong></span> <span class='ocrx_word' id='word_1_418' title='bbox 2268 2173 2330 2211; x_wconf 92' lang='lat' dir='ltr'><strong>ac</strong></span> <span class='ocrx_word' id='word_1_419' title='bbox 2367 2157 2704 2213; x_wconf 86' lang='lat' dir='ltr'><strong>Dioscorum,</strong></span> <span class='ocrx_word' id='word_1_420' title='bbox 2729 2151 3074 2206; x_wconf 77' lang='lat' dir='ltr'><strong>&#39;l‘imotheum</strong></span> <span class='ocrx_word' id='word_1_421' title='bbox 3101 2150 3368 2213; x_wconf 68' lang='lat' dir='ltr'><strong>AZ&#39;qum,</strong></span> <span class='ocrx_word' id='word_1_422' title='bbox 3396 2148 3609 2201; x_wconf 79' lang='lat' dir='ltr'><strong>Petrum</strong></span> 
     </span>
    </p>
   </div>
   <div class='ocr_carea' id='block_1_66' title="bbox 2032 2242 3609 2318">
    <p class='ocr_par' dir='ltr' id='par_1_66' title="bbox 2032 2242 3609 2318">
     <span class='ocr_line' id='line_1_66' title="bbox 2032 2242 3609 2318; baseline -0.009 -12"><span class='ocrx_word' id='word_1_423' title='bbox 2032 2252 2332 2315; x_wconf 87' lang='lat' dir='ltr'><strong>Fullonem,</strong></span> <span class='ocrx_word' id='word_1_424' title='bbox 2367 2249 2625 2304; x_wconf 88' lang='lat' dir='ltr'><strong>Jacobum</strong></span> <span class='ocrx_word' id='word_1_425' title='bbox 2656 2246 2870 2318; x_wconf 84' lang='lat' dir='ltr'><strong>Syrum,</strong></span> <span class='ocrx_word' id='word_1_426' title='bbox 2899 2244 3196 2307; x_wconf 85' lang='lat' dir='ltr'><strong>Julianum,</strong></span> <span class='ocrx_word' id='word_1_427' title='bbox 3231 2259 3291 2296; x_wconf 88' lang='lat' dir='ltr'><strong>ac</strong></span> <span class='ocrx_word' id='word_1_428' title='bbox 3325 2242 3609 2304; x_wconf 80' lang='lat' dir='ltr'><strong>Severum,</strong></span> 
     </span>
    </p>
   </div>
   <div class='ocr_carea' id='block_1_67' title="bbox 2031 2334 3610 2411">
    <p class='ocr_par' dir='ltr' id='par_1_67' title="bbox 2031 2334 3610 2411">
     <span class='ocr_line' id='line_1_67' title="bbox 2031 2334 3610 2411; baseline -0.008 -13"><span class='ocrx_word' id='word_1_429' title='bbox 2031 2361 2093 2398; x_wconf 90' lang='lat' dir='ltr'><strong>ac</strong></span> <span class='ocrx_word' id='word_1_430' title='bbox 2136 2345 2200 2397; x_wconf 91' lang='lat' dir='ltr'><strong>iis</strong></span> <span class='ocrx_word' id='word_1_431' title='bbox 2251 2342 2499 2411; x_wconf 80' lang='lat' dir='ltr'><strong>dogmate</strong></span> <span class='ocrx_word' id='word_1_432' title='bbox 2553 2339 2996 2402; x_wconf 85' lang='lat' dir='ltr'><strong>consentientes;</strong></span> <span class='ocrx_word' id='word_1_433' title='bbox 3034 2337 3182 2405; x_wconf 89' lang='lat' dir='ltr'><strong>prius</strong></span> <span class='ocrx_word' id='word_1_434' title='bbox 3229 2334 3444 2403; x_wconf 85' lang='lat' dir='ltr'><strong>quidem</strong></span> <span class='ocrx_word' id='word_1_435' title='bbox 3490 2349 3610 2387; x_wconf 89' lang='lat' dir='ltr'><strong>cum</strong></span> 
     </span>
    </p>
   </div>
   <div class='ocr_carea' id='block_1_68' title="bbox 2031 2427 3610 2503">
    <p class='ocr_par' dir='ltr' id='par_1_68' title="bbox 2031 2427 3610 2503">
     <span class='ocr_line' id='line_1_68' title="bbox 2031 2427 3610 2503; baseline -0.008 -11"><span class='ocrx_word' id='word_1_436' title='bbox 2031 2437 2263 2492; x_wconf 87' lang='lat' dir='ltr'><strong>necdum</strong></span> <span class='ocrx_word' id='word_1_437' title='bbox 2314 2432 2712 2503; x_wconf 87' lang='lat' dir='ltr'><strong>apparuissent,</strong></span> <span class='ocrx_word' id='word_1_438' title='bbox 2758 2430 3052 2499; x_wconf 81' lang='lat' dir='ltr'><strong>Gregorius</strong></span> <span class='ocrx_word' id='word_1_439' title='bbox 3099 2430 3184 2482; x_wconf 89' lang='lat' dir='ltr'><strong>ille</strong></span> <span class='ocrx_word' id='word_1_440' title='bbox 3225 2427 3610 2481; x_wconf 87' lang='lat' dir='ltr'><strong>miraculorum</strong></span> 
     </span>
    </p>
   </div>
   <div class='ocr_carea' id='block_1_69' title="bbox 2031 2519 3608 2599">
    <p class='ocr_par' dir='ltr' id='par_1_69' title="bbox 2031 2519 3608 2599">
     <span class='ocr_line' id='line_1_69' title="bbox 2031 2519 3608 2599; baseline -0.004 -18"><span class='ocrx_word' id='word_1_441' title='bbox 2031 2536 2294 2599; x_wconf 82' lang='lat' dir='ltr'><strong>patrator,</strong></span> <span class='ocrx_word' id='word_1_442' title='bbox 2328 2525 2556 2594; x_wconf 85' lang='lat' dir='ltr'><strong>Magnus</strong></span> <span class='ocrx_word' id='word_1_443' title='bbox 2590 2523 2942 2586; x_wconf 83' lang='lat' dir='ltr'><strong>Athanasius,</strong></span> <span class='ocrx_word' id='word_1_444' title='bbox 2966 2521 3258 2588; x_wconf 75' lang='lat' dir='ltr'><strong>Gregorius</strong></span> <span class='ocrx_word' id='word_1_445' title='bbox 3286 2519 3608 2587; x_wconf 76' lang='lat' dir='ltr'><strong>TheOIOgus,</strong></span> 
     </span>
    </p>
   </div>
   <div class='ocr_carea' id='block_1_70' title="bbox 2029 2612 3615 2692">
    <p class='ocr_par' dir='ltr' id='par_1_70' title="bbox 2029 2612 3615 2692">
     <span class='ocr_line' id='line_1_70' title="bbox 2029 2612 3615 2692; baseline -0.007 -15"><span class='ocrx_word' id='word_1_446' title='bbox 2029 2621 2326 2692; x_wconf 82' lang='lat' dir='ltr'><strong>Gregorius</strong></span> <span class='ocrx_word' id='word_1_447' title='bbox 2373 2617 2670 2690; x_wconf 87' lang='lat' dir='ltr'><strong>Nyssenus,</strong></span> <span class='ocrx_word' id='word_1_448' title='bbox 2701 2615 3040 2678; x_wconf 81' lang='lat' dir='ltr'><strong>Ambrosius,</strong></span> <span class='ocrx_word' id='word_1_449' title='bbox 3069 2613 3344 2684; x_wconf 85' lang='lat' dir='ltr'><strong>Ephrem,</strong></span> <span class='ocrx_word' id='word_1_450' title='bbox 3377 2612 3615 2668; x_wconf 84' lang='lat' dir='ltr'><strong>Joannes</strong></span> 
     </span>
    </p>
   </div>
   <div class='ocr_carea' id='block_1_71' title="bbox 2031 2702 3613 2780">
    <p class='ocr_par' dir='ltr' id='par_1_71' title="bbox 2031 2702 3613 2780">
     <span class='ocr_line' id='line_1_71' title="bbox 2031 2702 3613 2780; baseline -0.003 -17"><span class='ocrx_word' id='word_1_451' title='bbox 2031 2710 2466 2780; x_wconf 90' lang='lat' dir='ltr'><strong>Chrysostomus,</strong></span> <span class='ocrx_word' id='word_1_452' title='bbox 2499 2706 2793 2778; x_wconf 83' lang='lat' dir='ltr'><strong>Sylvester,</strong></span> <span class='ocrx_word' id='word_1_453' title='bbox 2835 2703 3033 2768; x_wconf 88' lang='lat' dir='ltr'><strong>Julius,</strong></span> <span class='ocrx_word' id='word_1_454' title='bbox 3071 2704 3354 2768; x_wconf 88' lang='lat' dir='ltr'><strong>Damasus,</strong></span> <span class='ocrx_word' id='word_1_455' title='bbox 3382 2702 3613 2772; x_wconf 80' lang='lat' dir='ltr'><strong>Cyrillus</strong></span> 
     </span>
    </p>
   </div>
   <div class='ocr_carea' id='block_1_72' title="bbox 2031 2797 3614 2870">
    <p class='ocr_par' dir='ltr' id='par_1_72' title="bbox 2031 2797 3614 2870">
     <span class='ocr_line' id='line_1_72' title="bbox 2031 2797 3614 2870; baseline -0.003 -16"><span class='ocrx_word' id='word_1_456' title='bbox 2031 2800 2576 2870; x_wconf 82' lang='lat' dir='ltr'><strong>Hierosolymitanus,</strong></span> <span class='ocrx_word' id='word_1_457' title='bbox 2624 2797 2856 2870; x_wconf 86' lang='lat' dir='ltr'><strong>Cyrillus</strong></span> <span class='ocrx_word' id='word_1_458' title='bbox 2907 2797 3332 2862; x_wconf 82' lang='lat' dir='ltr'><strong>Alexandrinus,</strong></span> <span class='ocrx_word' id='word_1_459' title='bbox 3383 2797 3614 2864; x_wconf 76' lang='lat' dir='ltr'><strong>Epipha-</strong></span> 
     </span>
    </p>
   </div>
   <div class='ocr_carea' id='block_1_73' title="bbox 2032 2888 3612 2960">
    <p class='ocr_par' dir='ltr' id='par_1_73' title="bbox 2032 2888 3612 2960">
     <span class='ocr_line' id='line_1_73' title="bbox 2032 2888 3612 2960; baseline -0.005 -12"><span class='ocrx_word' id='word_1_460' title='bbox 2032 2895 2190 2958; x_wconf 88' lang='lat' dir='ltr'><strong>nius,</strong></span> <span class='ocrx_word' id='word_1_461' title='bbox 2237 2891 2466 2947; x_wconf 87' lang='lat' dir='ltr'><strong>Basilius</strong></span> <span class='ocrx_word' id='word_1_462' title='bbox 2515 2891 2772 2960; x_wconf 76' lang='lat' dir='ltr'><strong>Magnus,</strong></span> <span class='ocrx_word' id='word_1_463' title='bbox 2808 2889 3013 2960; x_wconf 80' lang='lat' dir='ltr'><strong>angelis</strong></span> <span class='ocrx_word' id='word_1_464' title='bbox 3046 2890 3249 2944; x_wconf 88' lang='lat' dir='ltr'><strong>similes</strong></span> <span class='ocrx_word' id='word_1_465' title='bbox 3279 2906 3342 2943; x_wconf 86' lang='lat' dir='ltr'><strong>ac</strong></span> <span class='ocrx_word' id='word_1_466' title='bbox 3385 2888 3612 2946; x_wconf 83' lang='lat' dir='ltr'><strong>deiferi.</strong></span> 
     </span>
    </p>
   </div>
   <div class='ocr_carea' id='block_1_74' title="bbox 2032 2981 3612 3053">
    <p class='ocr_par' dir='ltr' id='par_1_74' title="bbox 2032 2981 3612 3053">
     <span class='ocr_line' id='line_1_74' title="bbox 2032 2981 3612 3053; baseline -0.004 -13"><span class='ocrx_word' id='word_1_467' title='bbox 2032 2985 2535 3053; x_wconf 88' lang='lat' dir='ltr'><strong>miraculorumque</strong></span> <span class='ocrx_word' id='word_1_468' title='bbox 2604 2991 2947 3052; x_wconf 88' lang='lat' dir='ltr'><strong>patratores,</strong></span> <span class='ocrx_word' id='word_1_469' title='bbox 3014 2998 3077 3035; x_wconf 90' lang='lat' dir='ltr'><strong>ac</strong></span> <span class='ocrx_word' id='word_1_470' title='bbox 3145 2981 3386 3051; x_wconf 80' lang='lat' dir='ltr'><strong>signiferi</strong></span> <span class='ocrx_word' id='word_1_471' title='bbox 3440 2981 3612 3035; x_wconf 89' lang='lat' dir='ltr'><strong>sancti</strong></span> 
     </span>
    </p>
   </div>
   <div class='ocr_carea' id='block_1_75' title="bbox 2032 3071 3606 3145">
    <p class='ocr_par' dir='ltr' id='par_1_75' title="bbox 2032 3071 3606 3145">
     <span class='ocr_line' id='line_1_75' title="bbox 2032 3071 3606 3145; baseline -0.006 -12"><span class='ocrx_word' id='word_1_472' title='bbox 2032 3079 2243 3141; x_wconf 85' lang='lat' dir='ltr'><strong>Patres,</strong></span> <span class='ocrx_word' id='word_1_473' title='bbox 2280 3077 2595 3145; x_wconf 84' lang='lat' dir='ltr'><strong>prophetico</strong></span> <span class='ocrx_word' id='word_1_474' title='bbox 2647 3074 2860 3144; x_wconf 87' lang='lat' dir='ltr'><strong>spiritu,</strong></span> <span class='ocrx_word' id='word_1_475' title='bbox 2923 3073 2997 3126; x_wconf 92' lang='lat' dir='ltr'><strong>uti</strong></span> <span class='ocrx_word' id='word_1_476' title='bbox 3047 3071 3258 3138; x_wconf 82' lang='lat' dir='ltr'><strong>Arium,</strong></span> <span class='ocrx_word' id='word_1_477' title='bbox 3323 3088 3387 3126; x_wconf 89' lang='lat' dir='ltr'><strong>ac</strong></span> <span class='ocrx_word' id='word_1_478' title='bbox 3447 3072 3606 3125; x_wconf 80' lang='lat' dir='ltr'><strong>Mani-</strong></span> 
     </span>
    </p>
   </div>
   <div class='ocr_carea' id='block_1_76' title="bbox 2031 3162 3616 3237">
    <p class='ocr_par' dir='ltr' id='par_1_76' title="bbox 2031 3162 3616 3237">
     <span class='ocr_line' id='line_1_76' title="bbox 2031 3162 3616 3237; baseline -0.005 -12"><span class='ocrx_word' id='word_1_479' title='bbox 2031 3172 2261 3233; x_wconf 68' lang='lat' dir='ltr'><strong>chzeum,</strong></span> <span class='ocrx_word' id='word_1_480' title='bbox 2302 3167 2820 3237; x_wconf 86' lang='lat' dir='ltr'><strong>Apollinariumque,</strong></span> <span class='ocrx_word' id='word_1_481' title='bbox 2858 3165 2928 3218; x_wconf 90' lang='lat' dir='ltr'><strong>ita</strong></span> <span class='ocrx_word' id='word_1_482' title='bbox 2973 3164 3177 3233; x_wconf 87' lang='lat' dir='ltr'><strong>pariter</strong></span> <span class='ocrx_word' id='word_1_483' title='bbox 3207 3179 3326 3217; x_wconf 91' lang='lat' dir='ltr'><strong>cum</strong></span> <span class='ocrx_word' id='word_1_484' title='bbox 3360 3162 3483 3226; x_wconf 90' lang='lat' dir='ltr'><strong>illis,</strong></span> <span class='ocrx_word' id='word_1_485' title='bbox 3523 3179 3616 3217; x_wconf 85' lang='lat' dir='ltr'><strong>eos</strong></span> 
     </span>
    </p>
   </div>
   <div class='ocr_carea' id='block_1_77' title="bbox 2030 3253 3614 3332">
    <p class='ocr_par' dir='ltr' id='par_1_77' title="bbox 2030 3253 3614 3332">
     <span class='ocr_line' id='line_1_77' title="bbox 2030 3253 3614 3332; baseline -0.004 -19"><span class='ocrx_word' id='word_1_486' title='bbox 2030 3261 2123 3332; x_wconf 91' lang='lat' dir='ltr'><strong>qui</strong></span> <span class='ocrx_word' id='word_1_487' title='bbox 2171 3270 2418 3314; x_wconf 90' lang='lat' dir='ltr'><strong>naturam</strong></span> <span class='ocrx_word' id='word_1_488' title='bbox 2441 3272 2600 3311; x_wconf 91' lang='lat' dir='ltr'><strong>unam</strong></span> <span class='ocrx_word' id='word_1_489' title='bbox 2639 3257 2693 3309; x_wconf 93' lang='lat' dir='ltr'><strong>in</strong></span> <span class='ocrx_word' id='word_1_490' title='bbox 2721 3255 2936 3310; x_wconf 88' lang='lat' dir='ltr'><strong>Christo</strong></span> <span class='ocrx_word' id='word_1_491' title='bbox 2966 3255 3435 3321; x_wconf 83' lang='lat' dir='ltr'><strong>blasphemarent,</strong></span> <span class='ocrx_word' id='word_1_492' title='bbox 3471 3253 3614 3322; x_wconf 86' lang='lat' dir='ltr'><strong>ejus-</strong></span> 
     </span>
    </p>
   </div>
   <div class='ocr_carea' id='block_1_78' title="bbox 2026 3345 3614 3423">
    <p class='ocr_par' dir='ltr' id='par_1_78' title="bbox 2026 3345 3614 3423">
     <span class='ocr_line' id='line_1_78' title="bbox 2026 3345 3614 3423; baseline -0.006 -19"><span class='ocrx_word' id='word_1_493' title='bbox 2026 3369 2132 3423; x_wconf 90' lang='lat' dir='ltr'><strong>que</strong></span> <span class='ocrx_word' id='word_1_494' title='bbox 2183 3351 2452 3406; x_wconf 87' lang='lat' dir='ltr'><strong>Deitatem</strong></span> <span class='ocrx_word' id='word_1_495' title='bbox 2507 3347 2818 3418; x_wconf 88' lang='lat' dir='ltr'><strong>passibilem</strong></span> <span class='ocrx_word' id='word_1_496' title='bbox 2872 3361 2936 3400; x_wconf 92' lang='lat' dir='ltr'><strong>ac</strong></span> <span class='ocrx_word' id='word_1_497' title='bbox 2993 3346 3275 3400; x_wconf 90' lang='lat' dir='ltr'><strong>mortalem</strong></span> <span class='ocrx_word' id='word_1_498' title='bbox 3347 3345 3614 3407; x_wconf 88' lang='lat' dir='ltr'><strong>dicerent,</strong></span> 
     </span>
    </p>
   </div>
   <div class='ocr_carea' id='block_1_79' title="bbox 2027 3436 3614 3506">
    <p class='ocr_par' dir='ltr' id='par_1_79' title="bbox 2027 3436 3614 3506">
     <span class='ocr_line' id='line_1_79' title="bbox 2027 3436 3614 3506; baseline -0.004 -9"><span class='ocrx_word' id='word_1_499' title='bbox 2027 3444 2302 3497; x_wconf 80' lang='lat' dir='ltr'><strong>sexcentis</strong></span> <span class='ocrx_word' id='word_1_500' title='bbox 2348 3442 2558 3495; x_wconf 87' lang='lat' dir='ltr'><strong>vicibus</strong></span> <span class='ocrx_word' id='word_1_501' title='bbox 2595 3439 2952 3494; x_wconf 79' lang='lat' dir='ltr'><strong>devoverunt.</strong></span> <span class='ocrx_word' id='word_1_502' title='bbox 2990 3436 3089 3493; x_wconf 89' lang='lat' dir='ltr'><strong>Ubi</strong></span> <span class='ocrx_word' id='word_1_503' title='bbox 3127 3445 3304 3491; x_wconf 87' lang='lat' dir='ltr'><strong>autem</strong></span> <span class='ocrx_word' id='word_1_504' title='bbox 3340 3437 3614 3506; x_wconf 84' lang='lat' dir='ltr'><strong>apparuis-</strong></span> 
     </span>
    </p>
   </div>
   <div class='ocr_carea' id='block_1_80' title="bbox 2027 3527 3614 3602">
    <p class='ocr_par' dir='ltr' id='par_1_80' title="bbox 2027 3527 3614 3602">
     <span class='ocr_line' id='line_1_80' title="bbox 2027 3527 3614 3602; baseline -0.006 -14"><span class='ocrx_word' id='word_1_505' title='bbox 2027 3543 2167 3596; x_wconf 84' lang='lat' dir='ltr'><strong>sent,</strong></span> <span class='ocrx_word' id='word_1_506' title='bbox 2204 3533 2495 3602; x_wconf 87' lang='lat' dir='ltr'><strong>Eutyches,</strong></span> <span class='ocrx_word' id='word_1_507' title='bbox 2545 3531 2787 3599; x_wconf 86' lang='lat' dir='ltr'><strong>inquam,</strong></span> <span class='ocrx_word' id='word_1_508' title='bbox 2819 3540 2874 3584; x_wconf 89' lang='lat' dir='ltr'><strong>et</strong></span> <span class='ocrx_word' id='word_1_509' title='bbox 2925 3529 3239 3593; x_wconf 87' lang='lat' dir='ltr'><strong>Dioscorus,</strong></span> <span class='ocrx_word' id='word_1_510' title='bbox 3271 3527 3614 3595; x_wconf 82' lang='lat' dir='ltr'><strong>Timotheus,</strong></span> 
     </span>
    </p>
   </div>
   <div class='ocr_carea' id='block_1_81' title="bbox 2025 3619 3610 3692">
    <p class='ocr_par' dir='ltr' id='par_1_81' title="bbox 2025 3619 3610 3692">
     <span class='ocr_line' id='line_1_81' title="bbox 2025 3619 3610 3692; baseline -0.004 -14"><span class='ocrx_word' id='word_1_511' title='bbox 2025 3623 2352 3692; x_wconf 89' lang='lat' dir='ltr'><strong>Petrusque,</strong></span> <span class='ocrx_word' id='word_1_512' title='bbox 2406 3637 2471 3675; x_wconf 87' lang='lat' dir='ltr'><strong>ac</strong></span> <span class='ocrx_word' id='word_1_513' title='bbox 2521 3620 2792 3684; x_wconf 85' lang='lat' dir='ltr'><strong>Julianus,</strong></span> <span class='ocrx_word' id='word_1_514' title='bbox 2857 3621 3032 3687; x_wconf 88' lang='lat' dir='ltr'><strong>iisque</strong></span> <span class='ocrx_word' id='word_1_515' title='bbox 3091 3619 3289 3672; x_wconf 90' lang='lat' dir='ltr'><strong>similia</strong></span> <span class='ocrx_word' id='word_1_516' title='bbox 3337 3627 3610 3683; x_wconf 86' lang='lat' dir='ltr'><strong>errantes;</strong></span> 
     </span>
    </p>
   </div>
   <div class='ocr_carea' id='block_1_82' title="bbox 2026 3709 3614 3786">
    <p class='ocr_par' dir='ltr' id='par_1_82' title="bbox 2026 3709 3614 3786">
     <span class='ocr_line' id='line_1_82' title="bbox 2026 3709 3614 3786; baseline -0.004 -17"><span class='ocrx_word' id='word_1_517' title='bbox 2026 3717 2258 3786; x_wconf 88' lang='lat' dir='ltr'><strong>primum</strong></span> <span class='ocrx_word' id='word_1_518' title='bbox 2291 3714 2506 3784; x_wconf 79' lang='lat' dir='ltr'><strong>quidem</strong></span> <span class='ocrx_word' id='word_1_519' title='bbox 2555 3711 2906 3773; x_wconf 88' lang='lat' dir='ltr'><strong>sanctissimi,</strong></span> <span class='ocrx_word' id='word_1_520' title='bbox 2944 3711 3168 3780; x_wconf 90' lang='lat' dir='ltr'><strong>Magnus</strong></span> <span class='ocrx_word' id='word_1_521' title='bbox 3203 3709 3289 3764; x_wconf 90' lang='lat' dir='ltr'><strong>ille</strong></span> <span class='ocrx_word' id='word_1_522' title='bbox 3318 3709 3449 3773; x_wconf 85' lang='lat' dir='ltr'><strong>Leo,</strong></span> <span class='ocrx_word' id='word_1_523' title='bbox 3490 3709 3614 3763; x_wconf 88' lang='lat' dir='ltr'><strong>Fla-</strong></span> 
     </span>
    </p>
   </div>
   <div class='ocr_carea' id='block_1_83' title="bbox 2026 3803 3612 3876">
    <p class='ocr_par' dir='ltr' id='par_1_83' title="bbox 2026 3803 3612 3876">
     <span class='ocr_line' id='line_1_83' title="bbox 2026 3803 3612 3876; baseline -0.004 -18"><span class='ocrx_word' id='word_1_524' title='bbox 2026 3809 2258 3872; x_wconf 84' lang='lat' dir='ltr'><strong>vianus,</strong></span> <span class='ocrx_word' id='word_1_525' title='bbox 2328 3821 2629 3876; x_wconf 85' lang='lat' dir='ltr'><strong>magnaque</strong></span> <span class='ocrx_word' id='word_1_526' title='bbox 2694 3816 2749 3857; x_wconf 91' lang='lat' dir='ltr'><strong>et</strong></span> <span class='ocrx_word' id='word_1_527' title='bbox 2819 3803 3153 3858; x_wconf 88' lang='lat' dir='ltr'><strong>oecmnenica</strong></span> <span class='ocrx_word' id='word_1_528' title='bbox 3227 3811 3612 3856; x_wconf 80' lang='lat' dir='ltr'><strong>sexcentornm</strong></span> 
     </span>
    </p>
   </div>
   <div class='ocr_carea' id='block_1_84' title="bbox 2027 3893 3614 3968">
    <p class='ocr_par' dir='ltr' id='par_1_84' title="bbox 2027 3893 3614 3968">
     <span class='ocr_line' id='line_1_84' title="bbox 2027 3893 3614 3968; baseline -0.004 -17"><span class='ocrx_word' id='word_1_529' title='bbox 2027 3900 2245 3968; x_wconf 35' lang='lat' dir='ltr'><strong>triginta</strong></span> <span class='ocrx_word' id='word_1_530' title='bbox 2292 3912 2321 3950; x_wconf 91' lang='lat' dir='ltr'><strong>a</strong></span> <span class='ocrx_word' id='word_1_531' title='bbox 2353 3897 2461 3952; x_wconf 90' lang='lat' dir='ltr'><strong>Deo</strong></span> <span class='ocrx_word' id='word_1_532' title='bbox 2506 3895 2806 3950; x_wconf 78' lang='lat' dir='ltr'><strong>amatorum</strong></span> <span class='ocrx_word' id='word_1_533' title='bbox 2844 3893 3060 3948; x_wconf 88' lang='lat' dir='ltr'><strong>Patrum</strong></span> <span class='ocrx_word' id='word_1_534' title='bbox 3099 3905 3284 3948; x_wconf 88' lang='lat' dir='ltr'><strong>sancta</strong></span> <span class='ocrx_word' id='word_1_535' title='bbox 3317 3893 3614 3948; x_wconf 86' lang='lat' dir='ltr'><strong>Chalcedo-</strong></span> 
     </span>
    </p>
   </div>
   <div class='ocr_carea' id='block_1_85' title="bbox 2029 3987 3607 4059">
    <p class='ocr_par' dir='ltr' id='par_1_85' title="bbox 2029 3987 3607 4059">
     <span class='ocr_line' id='line_1_85' title="bbox 2029 3987 3607 4059; baseline -0.003 -15"><span class='ocrx_word' id='word_1_536' title='bbox 2029 3991 2212 4044; x_wconf 86' lang='lat' dir='ltr'><strong>nensis</strong></span> <span class='ocrx_word' id='word_1_537' title='bbox 2267 3990 2540 4059; x_wconf 88' lang='lat' dir='ltr'><strong>synodus,</strong></span> <span class='ocrx_word' id='word_1_538' title='bbox 2597 4003 2689 4042; x_wconf 88' lang='lat' dir='ltr'><strong>eos</strong></span> <span class='ocrx_word' id='word_1_539' title='bbox 2737 3987 3070 4056; x_wconf 79' lang='lat' dir='ltr'><strong>deponentes</strong></span> <span class='ocrx_word' id='word_1_540' title='bbox 3134 4003 3197 4041; x_wconf 90' lang='lat' dir='ltr'><strong>ac</strong></span> <span class='ocrx_word' id='word_1_541' title='bbox 3252 3988 3607 4050; x_wconf 85' lang='lat' dir='ltr'><strong>devoventes,</strong></span> 
     </span>
    </p>
   </div>
   <div class='ocr_carea' id='block_1_86' title="bbox 2028 4074 3610 4133">
    <p class='ocr_par' dir='ltr' id='par_1_86' title="bbox 2028 4074 3610 4133">
     <span class='ocr_line' id='line_1_86' title="bbox 2028 4074 3610 4133; baseline -0.003 0"><span class='ocrx_word' id='word_1_542' title='bbox 2028 4081 2241 4133; x_wconf 87' lang='lat' dir='ltr'><strong>diaholo</strong></span> <span class='ocrx_word' id='word_1_543' title='bbox 2285 4079 2639 4132; x_wconf 78' lang='lat' dir='ltr'><strong>tradiderunt.</strong></span> <span class='ocrx_word' id='word_1_544' title='bbox 2686 4075 2948 4131; x_wconf 87' lang='lat' dir='ltr'><strong>Similiter</strong></span> <span class='ocrx_word' id='word_1_545' title='bbox 2991 4087 3170 4130; x_wconf 90' lang='lat' dir='ltr'><strong>autem</strong></span> <span class='ocrx_word' id='word_1_546' title='bbox 3225 4075 3280 4129; x_wconf 85' lang='lat' dir='ltr'><strong>in</strong></span> <span class='ocrx_word' id='word_1_547' title='bbox 3311 4074 3610 4128; x_wconf 83' lang='lat' dir='ltr'><strong>Jerusalem</strong></span> 
     </span>
    </p>
   </div>
   <div class='ocr_carea' id='block_1_87' title="bbox 2029 4165 3613 4241">
    <p class='ocr_par' dir='ltr' id='par_1_87' title="bbox 2029 4165 3613 4241">
     <span class='ocr_line' id='line_1_87' title="bbox 2029 4165 3613 4241; baseline -0.004 -16"><span class='ocrx_word' id='word_1_548' title='bbox 2029 4189 2241 4241; x_wconf 86' lang='lat' dir='ltr'><strong>quoque</strong></span> <span class='ocrx_word' id='word_1_549' title='bbox 2272 4172 2374 4226; x_wconf 90' lang='lat' dir='ltr'><strong>sub</strong></span> <span class='ocrx_word' id='word_1_550' title='bbox 2409 4171 2576 4241; x_wconf 89' lang='lat' dir='ltr'><strong>impio</strong></span> <span class='ocrx_word' id='word_1_551' title='bbox 2610 4171 2939 4238; x_wconf 87' lang='lat' dir='ltr'><strong>imperatore</strong></span> <span class='ocrx_word' id='word_1_552' title='bbox 2969 4169 3279 4233; x_wconf 82' lang='lat' dir='ltr'><strong>Anastasio,</strong></span> <span class='ocrx_word' id='word_1_553' title='bbox 3311 4184 3374 4222; x_wconf 90' lang='lat' dir='ltr'><strong>ac</strong></span> <span class='ocrx_word' id='word_1_554' title='bbox 3402 4165 3613 4219; x_wconf 85' lang='lat' dir='ltr'><strong>Joanne</strong></span> 
     </span>
    </p>
   </div>
   <div class='ocr_carea' id='block_1_88' title="bbox 2031 4259 3612 4334">
    <p class='ocr_par' dir='ltr' id='par_1_88' title="bbox 2031 4259 3612 4334">
     <span class='ocr_line' id='line_1_88' title="bbox 2031 4259 3612 4334; baseline -0.004 -17"><span class='ocrx_word' id='word_1_555' title='bbox 2031 4263 2528 4334; x_wconf 88' lang='lat' dir='ltr'><strong>Hierosolymorum</strong></span> <span class='ocrx_word' id='word_1_556' title='bbox 2555 4261 2880 4332; x_wconf 80' lang='lat' dir='ltr'><strong>patriarcha,</strong></span> <span class='ocrx_word' id='word_1_557' title='bbox 2905 4261 3234 4316; x_wconf 89' lang='lat' dir='ltr'><strong>sanctissimi</strong></span> <span class='ocrx_word' id='word_1_558' title='bbox 3254 4259 3612 4320; x_wconf 88' lang='lat' dir='ltr'><strong>Theodosius,</strong></span> 
     </span>
    </p>
   </div>
   <div class='ocr_carea' id='block_1_89' title="bbox 2030 4350 3613 4426">
    <p class='ocr_par' dir='ltr' id='par_1_89' title="bbox 2030 4350 3613 4426">
     <span class='ocr_line' id='line_1_89' title="bbox 2030 4350 3613 4426; baseline -0.006 -15"><span class='ocrx_word' id='word_1_559' title='bbox 2030 4374 2093 4412; x_wconf 89' lang='lat' dir='ltr'><strong>ac</strong></span> <span class='ocrx_word' id='word_1_560' title='bbox 2124 4356 2315 4420; x_wconf 78' lang='lat' dir='ltr'><strong>Subas,</strong></span> <span class='ocrx_word' id='word_1_561' title='bbox 2354 4355 2774 4426; x_wconf 81' lang='lat' dir='ltr'><strong>congregatione</strong></span> <span class='ocrx_word' id='word_1_562' title='bbox 2820 4353 2960 4406; x_wconf 79' lang='lat' dir='ltr'><strong>facta</strong></span> <span class='ocrx_word' id='word_1_563' title='bbox 3001 4354 3186 4406; x_wconf 88' lang='lat' dir='ltr'><strong>decem</strong></span> <span class='ocrx_word' id='word_1_564' title='bbox 3221 4350 3444 4405; x_wconf 88' lang='lat' dir='ltr'><strong>millium</strong></span> <span class='ocrx_word' id='word_1_565' title='bbox 3477 4364 3613 4417; x_wconf 66' lang='lat' dir='ltr'><strong>pra:-</strong></span> 
     </span>
    </p>
   </div>
   <div class='ocr_carea' id='block_1_90' title="bbox 2030 4443 3612 4518">
    <p class='ocr_par' dir='ltr' id='par_1_90' title="bbox 2030 4443 3612 4518">
     <span class='ocr_line' id='line_1_90' title="bbox 2030 4443 3612 4518; baseline -0.006 -16"><span class='ocrx_word' id='word_1_566' title='bbox 2030 4449 2328 4518; x_wconf 85' lang='lat' dir='ltr'><strong>positorum</strong></span> <span class='ocrx_word' id='word_1_567' title='bbox 2389 4463 2451 4500; x_wconf 92' lang='lat' dir='ltr'><strong>ac</strong></span> <span class='ocrx_word' id='word_1_568' title='bbox 2501 4447 2894 4499; x_wconf 85' lang='lat' dir='ltr'><strong>monachorum</strong></span> <span class='ocrx_word' id='word_1_569' title='bbox 2921 4443 3110 4506; x_wconf 88' lang='lat' dir='ltr'><strong>eremi,</strong></span> <span class='ocrx_word' id='word_1_570' title='bbox 3139 4443 3490 4511; x_wconf 88' lang='lat' dir='ltr'><strong>Eutychetem</strong></span> <span class='ocrx_word' id='word_1_571' title='bbox 3548 4454 3612 4492; x_wconf 90' lang='lat' dir='ltr'><strong>ac</strong></span> 
     </span>
    </p>
   </div>
   <div class='ocr_carea' id='block_1_91' title="bbox 338 4527 1922 4607">
    <p class='ocr_par' dir='ltr' id='par_1_91' title="bbox 338 4527 1922 4607">
     <span class='ocr_line' id='line_1_91' title="bbox 338 4527 1922 4607; baseline 0.002 -15"><span class='ocrx_word' id='word_1_572' title='bbox 338 4538 439 4592; x_wconf 73' lang='grc' dir='ltr'>καὶ</span> <span class='ocrx_word' id='word_1_573' title='bbox 482 4539 794 4606; x_wconf 88' lang='grc' dir='ltr'>Διόσκορον,</span> <span class='ocrx_word' id='word_1_574' title='bbox 833 4535 1132 4604; x_wconf 85' lang='grc' dir='ltr'>Τιμόθεον,</span> <span class='ocrx_word' id='word_1_575' title='bbox 1170 4537 1377 4606; x_wconf 86' lang='grc' dir='ltr'>Πέτρον</span> <span class='ocrx_word' id='word_1_576' title='bbox 1408 4537 1496 4590; x_wconf 75' lang='grc' dir='ltr'><strong>τὸν</strong></span> <span class='ocrx_word' id='word_1_577' title='bbox 1523 4527 1775 4607; x_wconf 81' lang='grc' dir='ltr'>Κναφέα,</span> <span class='ocrx_word' id='word_1_578' title='bbox 1829 4545 1922 4595; x_wconf 75' lang='grc' dir='ltr'><strong>καὶ</strong></span> 
     </span>
    </p>
   </div>
   <div class='ocr_carea' id='block_1_92' title="bbox 2028 4527 3612 4607">
    <p class='ocr_par' dir='ltr' id='par_1_92' title="bbox 2031 4531 3612 4601">
     <span class='ocr_line' id='line_1_92' title="bbox 2031 4531 3612 4601; baseline -0.006 -7"><span class='ocrx_word' id='word_1_579' title='bbox 2031 4541 2374 4601; x_wconf 86' lang='lat' dir='ltr'><strong>Dioscorum,</strong></span> <span class='ocrx_word' id='word_1_580' title='bbox 2423 4538 2793 4600; x_wconf 89' lang='lat' dir='ltr'><strong>Timotheum,</strong></span> <span class='ocrx_word' id='word_1_581' title='bbox 2843 4535 3062 4589; x_wconf 84' lang='lat' dir='ltr'><strong>Petrum</strong></span> <span class='ocrx_word' id='word_1_582' title='bbox 3111 4533 3412 4596; x_wconf 82' lang='lat' dir='ltr'><strong>Fullonem,</strong></span> <span class='ocrx_word' id='word_1_583' title='bbox 3448 4531 3612 4584; x_wconf 86' lang='lat' dir='ltr'><strong>Seve-</strong></span> 
     </span>
    </p>
   </div>
   <div class='ocr_carea' id='block_1_93' title="bbox 339 4625 1926 4700">
    <p class='ocr_par' dir='ltr' id='par_1_93' title="bbox 339 4625 1926 4700">
     <span class='ocr_line' id='line_1_93' title="bbox 339 4625 1926 4700; baseline 0.001 -18"><span class='ocrx_word' id='word_1_584' title='bbox 339 4628 608 4700; x_wconf 80' lang='grc' dir='ltr'>Σευῆρον,</span> <span class='ocrx_word' id='word_1_585' title='bbox 652 4627 750 4680; x_wconf 76' lang='grc' dir='ltr'>καὶ</span> <span class='ocrx_word' id='word_1_586' title='bbox 795 4627 925 4689; x_wconf 73' lang='grc' dir='ltr'>τοὺς</span> <span class='ocrx_word' id='word_1_587' title='bbox 958 4625 1164 4679; x_wconf 82' lang='grc' dir='ltr'>τούτων</span> <span class='ocrx_word' id='word_1_588' title='bbox 1213 4627 1546 4696; x_wconf 79' lang='grc' dir='ltr'>ὁμόφρονας,</span> <span class='ocrx_word' id='word_1_589' title='bbox 1602 4629 1682 4698; x_wconf 81' lang='grc' dir='ltr'>τῷ</span> <span class='ocrx_word' id='word_1_590' title='bbox 1729 4631 1926 4683; x_wconf 86' lang='grc' dir='ltr'>ἀναθέ-</span> 
     </span>
    </p>
   </div>
   <div class='ocr_carea' id='block_1_94' title="bbox 343 4719 1926 4791">
    <p class='ocr_par' dir='ltr' id='par_1_94' title="bbox 343 4719 1926 4791">
     <span class='ocr_line' id='line_1_94' title="bbox 343 4719 1926 4791; baseline 0.002 -18"><span class='ocrx_word' id='word_1_591' title='bbox 343 4737 478 4791; x_wconf 85' lang='grc' dir='ltr'>ματι</span> <span class='ocrx_word' id='word_1_592' title='bbox 528 4719 878 4789; x_wconf 88' lang='grc' dir='ltr'>παρέδωκαν.</span> <span class='ocrx_word' id='word_1_593' title='bbox 939 4719 1052 4771; x_wconf 77' lang='grc' dir='ltr'><strong>Καὶ</strong></span> <span class='ocrx_word' id='word_1_594' title='bbox 1113 4719 1147 4788; x_wconf 80' lang='grc' dir='ltr'><strong>ἡ</strong></span> <span class='ocrx_word' id='word_1_595' title='bbox 1207 4721 1436 4789; x_wconf 85' lang='grc' dir='ltr'>πέμπτη</span> <span class='ocrx_word' id='word_1_596' title='bbox 1486 4719 1544 4772; x_wconf 81' lang='grc' dir='ltr'>δὲ</span> <span class='ocrx_word' id='word_1_597' title='bbox 1606 4721 1775 4788; x_wconf 85' lang='grc' dir='ltr'>ἁγία,</span> <span class='ocrx_word' id='word_1_598' title='bbox 1829 4725 1926 4776; x_wconf 77' lang='grc' dir='ltr'><strong>καὶ</strong></span> 
     </span>
    </p>
   </div>
   <div class='ocr_carea' id='block_1_95' title="bbox 340 4813 1925 4888">
    <p class='ocr_par' dir='ltr' id='par_1_95' title="bbox 340 4813 1925 4888">
     <span class='ocr_line' id='line_1_95' title="bbox 340 4813 1925 4888; baseline 0.002 -19"><span class='ocrx_word' id='word_1_599' title='bbox 340 4814 701 4886; x_wconf 80' lang='grc' dir='ltr'>οίκουμενικὴ</span> <span class='ocrx_word' id='word_1_600' title='bbox 747 4814 987 4880; x_wconf 86' lang='grc' dir='ltr'>σύνοδος,</span> <span class='ocrx_word' id='word_1_601' title='bbox 1041 4813 1154 4867; x_wconf 82' lang='grc' dir='ltr'><strong>τῶν</strong></span> <span class='ocrx_word' id='word_1_602' title='bbox 1191 4813 1298 4883; x_wconf 82' lang='grc' dir='ltr'>ρξε’</span> <span class='ocrx_word' id='word_1_603' title='bbox 1361 4816 1532 4882; x_wconf 83' lang='grc' dir='ltr'>ἁγίων</span> <span class='ocrx_word' id='word_1_604' title='bbox 1566 4817 1828 4888; x_wconf 80' lang='grc' dir='ltr'>Πατέρων</span> <span class='ocrx_word' id='word_1_605' title='bbox 1867 4819 1925 4872; x_wconf 81' lang='grc' dir='ltr'><strong>έν</strong></span> 
     </span>
    </p>
   </div>
   <div class='ocr_carea' id='block_1_96' title="bbox 339 4907 1922 4964">
    <p class='ocr_par' dir='ltr' id='par_1_96' title="bbox 339 4907 1922 4964">
     <span class='ocr_line' id='line_1_96' title="bbox 339 4907 1922 4964; baseline 0 0"><span class='ocrx_word' id='word_1_606' title='bbox 339 4907 926 4964; x_wconf 84' lang='grc' dir='ltr'>Κωνσταντινουπόλει</span> <span class='ocrx_word' id='word_1_607' title='bbox 978 4907 1316 4962; x_wconf 86' lang='grc' dir='ltr'>συνελθοῦσα</span> <span class='ocrx_word' id='word_1_608' title='bbox 1377 4909 1471 4962; x_wconf 75' lang='grc' dir='ltr'>ἐπὶ</span> <span class='ocrx_word' id='word_1_609' title='bbox 1537 4911 1922 4964; x_wconf 83' lang='grc' dir='ltr'>Ἰουστινιανοῦ</span> 
     </span>
    </p>
   </div>
   <div class='ocr_carea' id='block_1_97' title="bbox 345 4998 1924 5073">
    <p class='ocr_par' dir='ltr' id='par_1_97' title="bbox 345 4998 1924 5073">
     <span class='ocr_line' id='line_1_97' title="bbox 345 4998 1924 5073; baseline 0 -17"><span class='ocrx_word' id='word_1_610' title='bbox 345 5001 615 5073; x_wconf 86' lang='grc' dir='ltr'>βασιλέως</span> <span class='ocrx_word' id='word_1_611' title='bbox 646 4998 742 5052; x_wconf 86' lang='grc' dir='ltr'><strong>τοῦ</strong></span> <span class='ocrx_word' id='word_1_612' title='bbox 779 4998 1040 5070; x_wconf 81' lang='grc' dir='ltr'>μεγάλου,</span> <span class='ocrx_word' id='word_1_613' title='bbox 1073 4999 1169 5051; x_wconf 74' lang='grc' dir='ltr'>καὶ</span> <span class='ocrx_word' id='word_1_614' title='bbox 1198 4999 1299 5070; x_wconf 71' lang='grc' dir='ltr'><strong>τὴν</strong></span> <span class='ocrx_word' id='word_1_615' title='bbox 1331 5003 1388 5053; x_wconf 84' lang='grc' dir='ltr'>ὲν</span> <span class='ocrx_word' id='word_1_616' title='bbox 1427 5001 1729 5072; x_wconf 86' lang='grc' dir='ltr'>Χαλκηδόνι</span> <span class='ocrx_word' id='word_1_617' title='bbox 1760 5003 1924 5070; x_wconf 80' lang='grc' dir='ltr'>ἁγίαν</span> 
     </span>
    </p>
   </div>
   <div class='ocr_carea' id='block_1_98' title="bbox 347 5089 1925 5165">
    <p class='ocr_par' dir='ltr' id='par_1_98' title="bbox 347 5089 1925 5165">
     <span class='ocr_line' id='line_1_98' title="bbox 347 5089 1925 5165; baseline 0.003 -19"><span class='ocrx_word' id='word_1_618' title='bbox 347 5092 571 5147; x_wconf 88' lang='grc' dir='ltr'>σύνοδον</span> <span class='ocrx_word' id='word_1_619' title='bbox 604 5089 1024 5162; x_wconf 83' lang='grc' dir='ltr'>ὲπικυρώσασα,</span> <span class='ocrx_word' id='word_1_620' title='bbox 1058 5092 1313 5161; x_wconf 85' lang='grc' dir='ltr'>Εὑτυχέα</span> <span class='ocrx_word' id='word_1_621' title='bbox 1343 5095 1438 5145; x_wconf 77' lang='grc' dir='ltr'><strong>καὶ</strong></span> <span class='ocrx_word' id='word_1_622' title='bbox 1464 5095 1756 5165; x_wconf 84' lang='grc' dir='ltr'>Διόσκορον</span> <span class='ocrx_word' id='word_1_623' title='bbox 1778 5136 1792 5160; x_wconf 91' lang='grc'><strong>,</strong></span> <span class='ocrx_word' id='word_1_624' title='bbox 1829 5098 1925 5150; x_wconf 73' lang='grc' dir='ltr'>καὶ</span> 
     </span>
    </p>
   </div>
   <div class='ocr_carea' id='block_1_99' title="bbox 342 5183 1532 5254">
    <p class='ocr_par' dir='ltr' id='par_1_99' title="bbox 342 5183 1532 5254">
     <span class='ocr_line' id='line_1_99' title="bbox 342 5183 1532 5254; baseline 0.002 -16"><span class='ocrx_word' id='word_1_625' title='bbox 342 5186 469 5246; x_wconf 81' lang='grc' dir='ltr'>τοὺς</span> <span class='ocrx_word' id='word_1_626' title='bbox 500 5185 812 5254; x_wconf 80' lang='grc' dir='ltr'>ὁμόφρονας</span> <span class='ocrx_word' id='word_1_627' title='bbox 845 5183 1026 5236; x_wconf 81' lang='grc' dir='ltr'>αὐτῶν</span> <span class='ocrx_word' id='word_1_628' title='bbox 1057 5183 1532 5252; x_wconf 86' lang='grc' dir='ltr'>ἀναθεματίσασα.</span> 
     </span>
    </p>
   </div>
   <div class='ocr_carea' id='block_1_100' title="bbox 417 5273 1923 5349">
    <p class='ocr_par' dir='ltr' id='par_1_100' title="bbox 417 5273 1923 5349">
     <span class='ocr_line' id='line_1_100' title="bbox 417 5273 1923 5349; baseline 0.003 -21"><span class='ocrx_word' id='word_1_629' title='bbox 417 5276 526 5329; x_wconf 83' lang='lat' dir='ltr'><strong>IH’.</strong></span> <span class='ocrx_word' id='word_1_630' title='bbox 582 5275 754 5327; x_wconf 84' lang='grc' dir='ltr'>Πάλιν</span> <span class='ocrx_word' id='word_1_631' title='bbox 803 5273 860 5325; x_wconf 83' lang='grc' dir='ltr'>δὲ</span> <span class='ocrx_word' id='word_1_632' title='bbox 902 5275 1097 5344; x_wconf 83' lang='grc' dir='ltr'>Μηνᾶς</span> <span class='ocrx_word' id='word_1_633' title='bbox 1153 5275 1181 5326; x_wconf 93' lang='lat'><strong>6</strong></span> <span class='ocrx_word' id='word_1_634' title='bbox 1232 5274 1539 5341; x_wconf 88' lang='grc' dir='ltr'>ἁγιώτατος</span> <span class='ocrx_word' id='word_1_635' title='bbox 1582 5279 1923 5349; x_wconf 86' lang='grc' dir='ltr'>πατριάρχης</span> 
     </span>
    </p>
   </div>
   <div class='ocr_carea' id='block_1_101' title="bbox 345 5366 1925 5440">
    <p class='ocr_par' dir='ltr' id='par_1_101' title="bbox 345 5366 1925 5440">
     <span class='ocr_line' id='line_1_101' title="bbox 345 5366 1925 5440; baseline 0.002 -18"><span class='ocrx_word' id='word_1_636' title='bbox 345 5366 1024 5432; x_wconf 79' lang='grc' dir='ltr'>Κωνσταντινουπόλεως,</span> <span class='ocrx_word' id='word_1_637' title='bbox 1073 5367 1172 5419; x_wconf 72' lang='grc' dir='ltr'><strong>καὶ</strong></span> <span class='ocrx_word' id='word_1_638' title='bbox 1215 5367 1526 5439; x_wconf 82' lang='grc' dir='ltr'>Ἀγαπητὸς</span> <span class='ocrx_word' id='word_1_639' title='bbox 1557 5369 1586 5421; x_wconf 93' lang='grc' dir='ltr'><strong>ὁ</strong></span> <span class='ocrx_word' id='word_1_640' title='bbox 1615 5373 1925 5440; x_wconf 82' lang='grc' dir='ltr'>τρισμακά-</span> 
     </span>
    </p>
   </div>
   <div class='ocr_carea' id='block_1_102' title="bbox 347 5457 1918 5535">
    <p class='ocr_par' dir='ltr' id='par_1_102' title="bbox 347 5457 1918 5535">
     <span class='ocr_line' id='line_1_102' title="bbox 347 5457 1918 5535; baseline 0.003 -22"><span class='ocrx_word' id='word_1_641' title='bbox 347 5477 465 5531; x_wconf 89' lang='grc' dir='ltr'>ριος</span> <span class='ocrx_word' id='word_1_642' title='bbox 495 5460 686 5521; x_wconf 85' lang='grc' dir='ltr'>πάπας</span> <span class='ocrx_word' id='word_1_643' title='bbox 718 5457 964 5528; x_wconf 84' lang='grc' dir='ltr'>Ῥώμης,</span> <span class='ocrx_word' id='word_1_644' title='bbox 990 5458 1133 5512; x_wconf 86' lang='grc' dir='ltr'><strong>κατὰ</strong></span> <span class='ocrx_word' id='word_1_645' title='bbox 1172 5461 1490 5532; x_wconf 88' lang='grc' dir='ltr'>Διοσκόρου,</span> <span class='ocrx_word' id='word_1_646' title='bbox 1523 5463 1616 5516; x_wconf 77' lang='grc' dir='ltr'>καὶ</span> <span class='ocrx_word' id='word_1_647' title='bbox 1655 5465 1918 5535; x_wconf 82' lang='grc' dir='ltr'>Σευὴρου,</span> 
     </span>
    </p>
   </div>
   <div class='ocr_carea' id='block_1_103' title="bbox 345 5549 1924 5624">
    <p class='ocr_par' dir='ltr' id='par_1_103' title="bbox 345 5549 1924 5624">
     <span class='ocr_line' id='line_1_103' title="bbox 345 5549 1924 5624; baseline 0.001 -15"><span class='ocrx_word' id='word_1_648' title='bbox 345 5553 441 5609; x_wconf 74' lang='grc' dir='ltr'>καὶ</span> <span class='ocrx_word' id='word_1_649' title='bbox 474 5553 685 5622; x_wconf 87' lang='grc' dir='ltr'>Πέτρου</span> <span class='ocrx_word' id='word_1_650' title='bbox 712 5549 808 5603; x_wconf 85' lang='grc' dir='ltr'><strong>τοῦ</strong></span> <span class='ocrx_word' id='word_1_651' title='bbox 839 5551 1135 5619; x_wconf 84' lang='grc' dir='ltr'>Κναφέως,</span> <span class='ocrx_word' id='word_1_652' title='bbox 1165 5554 1262 5607; x_wconf 73' lang='grc' dir='ltr'>καὶ</span> <span class='ocrx_word' id='word_1_653' title='bbox 1295 5555 1507 5623; x_wconf 87' lang='grc' dir='ltr'>Πέτρου</span> <span class='ocrx_word' id='word_1_654' title='bbox 1545 5557 1770 5624; x_wconf 87' lang='grc' dir='ltr'>Μογγοῦ</span> <span class='ocrx_word' id='word_1_655' title='bbox 1799 5558 1924 5612; x_wconf 84' lang='grc' dir='ltr'>σύν-</span> 
     </span>
    </p>
   </div>
   <div class='ocr_carea' id='block_1_104' title="bbox 345 5643 1924 5717">
    <p class='ocr_par' dir='ltr' id='par_1_104' title="bbox 345 5643 1924 5717">
     <span class='ocr_line' id='line_1_104' title="bbox 345 5643 1924 5717; baseline 0.002 -17"><span class='ocrx_word' id='word_1_656' title='bbox 345 5647 464 5700; x_wconf 87' lang='grc' dir='ltr'>οδον</span> <span class='ocrx_word' id='word_1_657' title='bbox 501 5643 982 5717; x_wconf 85' lang='grc' dir='ltr'>συναθροίσαντες,</span> <span class='ocrx_word' id='word_1_658' title='bbox 1015 5645 1265 5712; x_wconf 82' lang='grc' dir='ltr'>τούτους,</span> <span class='ocrx_word' id='word_1_659' title='bbox 1301 5649 1397 5699; x_wconf 72' lang='grc' dir='ltr'>καὶ</span> <span class='ocrx_word' id='word_1_660' title='bbox 1430 5649 1528 5710; x_wconf 79' lang='grc' dir='ltr'>τὰς</span> <span class='ocrx_word' id='word_1_661' title='bbox 1553 5648 1760 5703; x_wconf 89' lang='grc' dir='ltr'>τούτων</span> <span class='ocrx_word' id='word_1_662' title='bbox 1807 5651 1924 5703; x_wconf 80' lang='grc' dir='ltr'>θεο-</span> 
     </span>
    </p>
   </div>
   <div class='ocr_carea' id='block_1_105' title="bbox 349 5737 1920 5816">
    <p class='ocr_par' dir='ltr' id='par_1_105' title="bbox 349 5737 1920 5816">
     <span class='ocr_line' id='line_1_105' title="bbox 349 5737 1920 5816; baseline 0.004 -24"><span class='ocrx_word' id='word_1_663' title='bbox 349 5739 560 5810; x_wconf 87' lang='grc' dir='ltr'>μάχους</span> <span class='ocrx_word' id='word_1_664' title='bbox 617 5737 963 5810; x_wconf 77' lang='grc' dir='ltr'>συγγραφὰς,</span> <span class='ocrx_word' id='word_1_665' title='bbox 1017 5737 1115 5792; x_wconf 73' lang='grc' dir='ltr'><strong>καὶ</strong></span> <span class='ocrx_word' id='word_1_666' title='bbox 1177 5739 1305 5802; x_wconf 79' lang='grc' dir='ltr'>τοὺς</span> <span class='ocrx_word' id='word_1_667' title='bbox 1365 5741 1570 5796; x_wconf 83' lang='grc' dir='ltr'>τούτων</span> <span class='ocrx_word' id='word_1_668' title='bbox 1611 5745 1920 5816; x_wconf 65' lang='grc' dir='ltr'>ὁμόφρονας</span> 
     </span>
    </p>
   </div>
   <div class='ocr_carea' id='block_1_106' title="bbox 349 5830 1636 5903">
    <p class='ocr_par' dir='ltr' id='par_1_106' title="bbox 349 5830 1636 5903">
     <span class='ocr_line' id='line_1_106' title="bbox 349 5830 1636 5903; baseline 0.002 -15"><span class='ocrx_word' id='word_1_669' title='bbox 349 5831 878 5901; x_wconf 81' lang='grc' dir='ltr'>ἁναθεματίσαντες,</span> <span class='ocrx_word' id='word_1_670' title='bbox 914 5830 992 5902; x_wconf 82' lang='grc' dir='ltr'>τῷ</span> <span class='ocrx_word' id='word_1_671' title='bbox 1024 5831 1254 5899; x_wconf 80' lang='grc' dir='ltr'>διαϐόλῳ</span> <span class='ocrx_word' id='word_1_672' title='bbox 1285 5834 1636 5903; x_wconf 82' lang='grc' dir='ltr'>παρέδωκαν.</span> 
     </span>
    </p>
   </div>
   <div class='ocr_carea' id='block_1_107' title="bbox 2027 4620 3613 4698">
    <p class='ocr_par' dir='ltr' id='par_1_107' title="bbox 2027 4620 3613 4698">
     <span class='ocr_line' id='line_1_107' title="bbox 2027 4620 3613 4698; baseline -0.007 -14"><span class='ocrx_word' id='word_1_673' title='bbox 2027 4647 2172 4693; x_wconf 88' lang='lat' dir='ltr'><strong>rum,</strong></span> <span class='ocrx_word' id='word_1_674' title='bbox 2204 4645 2268 4684; x_wconf 92' lang='lat' dir='ltr'><strong>ac</strong></span> <span class='ocrx_word' id='word_1_675' title='bbox 2316 4643 2602 4698; x_wconf 81' lang='lat' dir='ltr'><strong>sequaces,</strong></span> <span class='ocrx_word' id='word_1_676' title='bbox 2635 4626 2971 4680; x_wconf 85' lang='lat' dir='ltr'><strong>anathemati</strong></span> <span class='ocrx_word' id='word_1_677' title='bbox 3009 4623 3364 4677; x_wconf 88' lang='lat' dir='ltr'><strong>tradiderunt.</strong></span> <span class='ocrx_word' id='word_1_678' title='bbox 3417 4620 3520 4673; x_wconf 89' lang='lat' dir='ltr'><strong>Sed</strong></span> <span class='ocrx_word' id='word_1_679' title='bbox 3556 4631 3613 4673; x_wconf 85' lang='lat' dir='ltr'><strong>et</strong></span> 
     </span>
    </p>
   </div>
   <div class='ocr_carea' id='block_1_108' title="bbox 2027 4717 3610 4793">
    <p class='ocr_par' dir='ltr' id='par_1_108' title="bbox 2027 4717 3610 4793">
     <span class='ocr_line' id='line_1_108' title="bbox 2027 4717 3610 4793; baseline -0.006 -18"><span class='ocrx_word' id='word_1_680' title='bbox 2027 4725 2216 4793; x_wconf 86' lang='lat' dir='ltr'><strong>quinta</strong></span> <span class='ocrx_word' id='word_1_681' title='bbox 2274 4732 2460 4776; x_wconf 87' lang='lat' dir='ltr'><strong>sancta</strong></span> <span class='ocrx_word' id='word_1_682' title='bbox 2510 4719 2842 4774; x_wconf 68' lang='lat' dir='ltr'><strong>ozenmenica</strong></span> <span class='ocrx_word' id='word_1_683' title='bbox 2875 4717 3137 4787; x_wconf 87' lang='lat' dir='ltr'><strong>synodus,</strong></span> <span class='ocrx_word' id='word_1_684' title='bbox 3182 4723 3396 4770; x_wconf 89' lang='lat' dir='ltr'><strong>centum</strong></span> <span class='ocrx_word' id='word_1_685' title='bbox 3449 4728 3610 4767; x_wconf 73' lang='lat' dir='ltr'><strong>sexa-</strong></span> 
     </span>
    </p>
   </div>
   <div class='ocr_carea' id='block_1_109' title="bbox 2027 4804 3608 4884">
    <p class='ocr_par' dir='ltr' id='par_1_109' title="bbox 2027 4804 3608 4884">
     <span class='ocr_line' id='line_1_109' title="bbox 2027 4804 3608 4884; baseline -0.006 -16"><span class='ocrx_word' id='word_1_686' title='bbox 2027 4817 2174 4884; x_wconf 77' lang='lat' dir='ltr'><strong>ginta</strong></span> <span class='ocrx_word' id='word_1_687' title='bbox 2204 4816 2442 4884; x_wconf 89' lang='lat' dir='ltr'><strong>quinque</strong></span> <span class='ocrx_word' id='word_1_688' title='bbox 2474 4824 2786 4868; x_wconf 87' lang='lat' dir='ltr'><strong>sanctorum</strong></span> <span class='ocrx_word' id='word_1_689' title='bbox 2817 4811 3062 4876; x_wconf 86' lang='lat' dir='ltr'><strong>Patrum,</strong></span> <span class='ocrx_word' id='word_1_690' title='bbox 3084 4804 3608 4873; x_wconf 87' lang='lat' dir='ltr'><strong>Constantinopolim</strong></span> 
     </span>
    </p>
   </div>
   <div class='ocr_carea' id='block_1_110' title="bbox 2026 4899 3612 4976">
    <p class='ocr_par' dir='ltr' id='par_1_110' title="bbox 2026 4899 3612 4976">
     <span class='ocr_line' id='line_1_110' title="bbox 2026 4899 3612 4976; baseline -0.006 -14"><span class='ocrx_word' id='word_1_691' title='bbox 2026 4907 2127 4962; x_wconf 86' lang='lat' dir='ltr'><strong>sub</strong></span> <span class='ocrx_word' id='word_1_692' title='bbox 2170 4919 2365 4976; x_wconf 89' lang='lat' dir='ltr'><strong>magno</strong></span> <span class='ocrx_word' id='word_1_693' title='bbox 2411 4903 2716 4958; x_wconf 89' lang='lat' dir='ltr'><strong>Justiniano</strong></span> <span class='ocrx_word' id='word_1_694' title='bbox 2762 4905 3088 4969; x_wconf 85' lang='lat' dir='ltr'><strong>imperatore</strong></span> <span class='ocrx_word' id='word_1_695' title='bbox 3135 4899 3496 4962; x_wconf 83' lang='lat' dir='ltr'><strong>conveniens,</strong></span> <span class='ocrx_word' id='word_1_696' title='bbox 3546 4911 3612 4952; x_wconf 87' lang='lat' dir='ltr'><strong>ac</strong></span> 
     </span>
    </p>
   </div>
   <div class='ocr_carea' id='block_1_111' title="bbox 2027 4990 3608 5064">
    <p class='ocr_par' dir='ltr' id='par_1_111' title="bbox 2027 4990 3608 5064">
     <span class='ocr_line' id='line_1_111' title="bbox 2027 4990 3608 5064; baseline -0.007 -12"><span class='ocrx_word' id='word_1_697' title='bbox 2027 5005 2269 5052; x_wconf 90' lang='lat' dir='ltr'><strong>sanctam</strong></span> <span class='ocrx_word' id='word_1_698' title='bbox 2338 4996 2601 5064; x_wconf 88' lang='lat' dir='ltr'><strong>synodum</strong></span> <span class='ocrx_word' id='word_1_699' title='bbox 2679 4992 3173 5046; x_wconf 88' lang='lat' dir='ltr'><strong>Chalcedonensem</strong></span> <span class='ocrx_word' id='word_1_700' title='bbox 3242 4990 3608 5049; x_wconf 76' lang='lat' dir='ltr'><strong>conﬁrmans,</strong></span> 
     </span>
    </p>
   </div>
   <div class='ocr_carea' id='block_1_112' title="bbox 2027 5079 3609 5158">
    <p class='ocr_par' dir='ltr' id='par_1_112' title="bbox 2027 5079 3609 5158">
     <span class='ocr_line' id='line_1_112' title="bbox 2027 5079 3609 5158; baseline -0.007 -15"><span class='ocrx_word' id='word_1_701' title='bbox 2027 5089 2382 5158; x_wconf 89' lang='lat' dir='ltr'><strong>Eutychetem</strong></span> <span class='ocrx_word' id='word_1_702' title='bbox 2415 5095 2469 5141; x_wconf 87' lang='lat' dir='ltr'><strong>et</strong></span> <span class='ocrx_word' id='word_1_703' title='bbox 2517 5085 2861 5150; x_wconf 90' lang='lat' dir='ltr'><strong>Dioscorum,</strong></span> <span class='ocrx_word' id='word_1_704' title='bbox 2893 5085 3078 5152; x_wconf 87' lang='lat' dir='ltr'><strong>eisque</strong></span> <span class='ocrx_word' id='word_1_705' title='bbox 3126 5083 3465 5136; x_wconf 78' lang='lat' dir='ltr'><strong>adluerentes</strong></span> <span class='ocrx_word' id='word_1_706' title='bbox 3511 5079 3609 5133; x_wconf 83' lang='lat' dir='ltr'><strong>de-</strong></span> 
     </span>
    </p>
   </div>
   <div class='ocr_carea' id='block_1_113' title="bbox 2027 5182 2189 5236">
    <p class='ocr_par' dir='ltr' id='par_1_113' title="bbox 2027 5182 2189 5236">
     <span class='ocr_line' id='line_1_113' title="bbox 2027 5182 2189 5236; baseline -0.006 0"><span class='ocrx_word' id='word_1_707' title='bbox 2027 5182 2189 5236; x_wconf 79' lang='lat' dir='ltr'><strong>vovit.</strong></span> 
     </span>
    </p>
   </div>
   <div class='ocr_carea' id='block_1_114' title="bbox 2097 5278 3606 5348">
    <p class='ocr_par' dir='ltr' id='par_1_114' title="bbox 2097 5278 3606 5348">
     <span class='ocr_line' id='line_1_114' title="bbox 2097 5278 3606 5348; baseline -0.006 -7"><span class='ocrx_word' id='word_1_708' title='bbox 2097 5285 2284 5341; x_wconf 80' lang='lat' dir='ltr'><strong>XVIII.</strong></span> <span class='ocrx_word' id='word_1_709' title='bbox 2311 5289 2511 5340; x_wconf 86' lang='lat' dir='ltr'><strong>lterum</strong></span> <span class='ocrx_word' id='word_1_710' title='bbox 2543 5299 2670 5337; x_wconf 89' lang='lat' dir='ltr'><strong>vero</strong></span> <span class='ocrx_word' id='word_1_711' title='bbox 2696 5283 3074 5337; x_wconf 87' lang='lat' dir='ltr'><strong>sanctissimus</strong></span> <span class='ocrx_word' id='word_1_712' title='bbox 3099 5281 3279 5335; x_wconf 81' lang='lat' dir='ltr'><strong>Menas</strong></span> <span class='ocrx_word' id='word_1_713' title='bbox 3301 5278 3606 5348; x_wconf 83' lang='lat' dir='ltr'><strong>patriarcha</strong></span> 
     </span>
    </p>
   </div>
   <div class='ocr_carea' id='block_1_115' title="bbox 2024 5367 3608 5444">
    <p class='ocr_par' dir='ltr' id='par_1_115' title="bbox 2024 5367 3608 5444">
     <span class='ocr_line' id='line_1_115' title="bbox 2024 5367 3608 5444; baseline -0.008 -11"><span class='ocrx_word' id='word_1_714' title='bbox 2024 5375 2686 5444; x_wconf 83' lang='lat' dir='ltr'><strong>Constantinopolitanus,</strong></span> <span class='ocrx_word' id='word_1_715' title='bbox 2741 5389 2806 5427; x_wconf 91' lang='lat' dir='ltr'><strong>ac</strong></span> <span class='ocrx_word' id='word_1_716' title='bbox 2867 5383 2946 5427; x_wconf 91' lang='lat' dir='ltr'><strong>ter</strong></span> <span class='ocrx_word' id='word_1_717' title='bbox 2998 5375 3184 5427; x_wconf 89' lang='lat' dir='ltr'><strong>beatus</strong></span> <span class='ocrx_word' id='word_1_718' title='bbox 3233 5385 3368 5440; x_wconf 85' lang='lat' dir='ltr'><strong>papa</strong></span> <span class='ocrx_word' id='word_1_719' title='bbox 3421 5367 3608 5422; x_wconf 78' lang='lat' dir='ltr'><strong>Roma:</strong></span> 
     </span>
    </p>
   </div>
   <div class='ocr_carea' id='block_1_116' title="bbox 2025 5459 3605 5539">
    <p class='ocr_par' dir='ltr' id='par_1_116' title="bbox 2025 5459 3605 5539">
     <span class='ocr_line' id='line_1_116' title="bbox 2025 5459 3605 5539; baseline -0.006 -16"><span class='ocrx_word' id='word_1_720' title='bbox 2025 5470 2318 5539; x_wconf 78' lang='lat' dir='ltr'><strong>Agapctus,</strong></span> <span class='ocrx_word' id='word_1_721' title='bbox 2355 5468 2616 5521; x_wconf 88' lang='lat' dir='ltr'><strong>adversus</strong></span> <span class='ocrx_word' id='word_1_722' title='bbox 2662 5465 3001 5528; x_wconf 88' lang='lat' dir='ltr'><strong>Dioscorum,</strong></span> <span class='ocrx_word' id='word_1_723' title='bbox 3052 5479 3116 5516; x_wconf 90' lang='lat' dir='ltr'><strong>ac</strong></span> <span class='ocrx_word' id='word_1_724' title='bbox 3166 5461 3449 5525; x_wconf 83' lang='lat' dir='ltr'><strong>Severum,</strong></span> <span class='ocrx_word' id='word_1_725' title='bbox 3502 5459 3605 5514; x_wconf 77' lang='lat' dir='ltr'><strong>Pe-</strong></span> 
     </span>
    </p>
   </div>
   <div class='ocr_carea' id='block_1_117' title="bbox 2026 5554 3602 5626">
    <p class='ocr_par' dir='ltr' id='par_1_117' title="bbox 2026 5554 3602 5626">
     <span class='ocr_line' id='line_1_117' title="bbox 2026 5554 3602 5626; baseline -0.006 -10"><span class='ocrx_word' id='word_1_726' title='bbox 2026 5572 2276 5620; x_wconf 87' lang='lat' dir='ltr'><strong>trumoue</strong></span> <span class='ocrx_word' id='word_1_727' title='bbox 2311 5558 2612 5619; x_wconf 83' lang='lat' dir='ltr'><strong>Fullonem.</strong></span> <span class='ocrx_word' id='word_1_728' title='bbox 2651 5573 2714 5611; x_wconf 86' lang='lat' dir='ltr'><strong>ac</strong></span> <span class='ocrx_word' id='word_1_729' title='bbox 2755 5557 2972 5613; x_wconf 88' lang='lat' dir='ltr'><strong>Petrum</strong></span> <span class='ocrx_word' id='word_1_730' title='bbox 3022 5556 3290 5626; x_wconf 84' lang='lat' dir='ltr'><strong>Moggum,</strong></span> <span class='ocrx_word' id='word_1_731' title='bbox 3340 5554 3602 5626; x_wconf 80' lang='lat' dir='ltr'><strong>synodum</strong></span> 
     </span>
    </p>
   </div>
   <div class='ocr_carea' id='block_1_118' title="bbox 2025 5647 3606 5724">
    <p class='ocr_par' dir='ltr' id='par_1_118' title="bbox 2025 5647 3606 5724">
     <span class='ocr_line' id='line_1_118' title="bbox 2025 5647 3606 5724; baseline -0.007 -17"><span class='ocrx_word' id='word_1_732' title='bbox 2025 5665 2438 5724; x_wconf 77' lang='lat' dir='ltr'><strong>congregantes,</strong></span> <span class='ocrx_word' id='word_1_733' title='bbox 2484 5661 2725 5714; x_wconf 85' lang='lat' dir='ltr'><strong>eosdem,</strong></span> <span class='ocrx_word' id='word_1_734' title='bbox 2772 5664 2835 5702; x_wconf 91' lang='lat' dir='ltr'><strong>ac</strong></span> <span class='ocrx_word' id='word_1_735' title='bbox 2873 5648 2982 5703; x_wconf 53' lang='lat' dir='ltr'><strong>Dio</strong></span> <span class='ocrx_word' id='word_1_736' title='bbox 3030 5647 3372 5702; x_wconf 84' lang='lat' dir='ltr'><strong>adversantia</strong></span> <span class='ocrx_word' id='word_1_737' title='bbox 3420 5659 3606 5698; x_wconf 85' lang='lat' dir='ltr'><strong>eorum</strong></span> 
     </span>
    </p>
   </div>
   <div class='ocr_carea' id='block_1_119' title="bbox 2024 5739 3599 5812">
    <p class='ocr_par' dir='ltr' id='par_1_119' title="bbox 2024 5739 3599 5812">
     <span class='ocr_line' id='line_1_119' title="bbox 2024 5739 3599 5812; baseline -0.009 -11"><span class='ocrx_word' id='word_1_738' title='bbox 2024 5747 2246 5811; x_wconf 77' lang='lat' dir='ltr'><strong>scripta,</strong></span> <span class='ocrx_word' id='word_1_739' title='bbox 2285 5759 2584 5812; x_wconf 89' lang='lat' dir='ltr'><strong>eorumque</strong></span> <span class='ocrx_word' id='word_1_740' title='bbox 2635 5741 2857 5797; x_wconf 65' lang='lat' dir='ltr'><strong>haeresis</strong></span> <span class='ocrx_word' id='word_1_741' title='bbox 2905 5749 3200 5796; x_wconf 85' lang='lat' dir='ltr'><strong>sectatores</strong></span> <span class='ocrx_word' id='word_1_742' title='bbox 3252 5739 3599 5800; x_wconf 85' lang='lat' dir='ltr'><strong>devoventes,</strong></span> 
     </span>
    </p>
   </div>
   <div class='ocr_carea' id='block_1_120' title="bbox 2025 5836 2625 5894">
    <p class='ocr_par' dir='ltr' id='par_1_120' title="bbox 2025 5836 2625 5894">
     <span class='ocr_line' id='line_1_120' title="bbox 2025 5836 2625 5894; baseline -0.008 0"><span class='ocrx_word' id='word_1_743' title='bbox 2025 5837 2236 5894; x_wconf 82' lang='lat' dir='ltr'><strong>diabolo</strong></span> <span class='ocrx_word' id='word_1_744' title='bbox 2274 5836 2625 5891; x_wconf 83' lang='lat' dir='ltr'><strong>tradiderunt.</strong></span> 
     </span>
    </p>
   </div>
  </div>
