4088 6430
415 394 556 461 1215

483 505 629 561 XIX.
664 505 771 561 Sed
799 513 853 561 et
884 503 1216 560 sanctissimi
1252 504 1578 575 patriarchae
1608 521 1816 576 magnae
1852 504 1999 560 urhis
2026 503 2077 563 Α

413 599 565 653 Felix
600 614 663 653 ac
691 597 1075 670 Symmachus,
1106 611 1316 652 necnon
1344 597 1693 665 Quintianus,
1723 613 1843 651 cum
1875 597 1996 652 uni-

415 692 587 745 versis
627 691 775 745 orbis
810 700 1077 745 terrarum
1107 691 1397 760 episcopis,
1427 690 1643 745 Petrum
1692 689 1993 753 Fullonem,

414 800 481 839 ac
509 799 789 855 sequaces,
826 800 998 854 usque
1032 783 1193 839 tertio
1224 785 1580 855 deponentes,
1608 792 1860 854 tanquam
1900 784 1996 839 Dei

415 874 755 928 adversarios
780 875 916 929 diris
948 874 1316 945 subjecerunt.
1350 874 1613 929 Martinus
1641 891 1773 931 vero
1802 878 1996 945 angelo

416 965 610 1020 similis
654 963 932 1020 Romanus
968 966 1231 1035 pontifex,
1284 966 1512 1023 collecto
1545 965 1733 1022 Roma:
1777 979 1993 1023 centum

415 1057 802 1124 quinquaginta
851 1057 1231 1125 episcotiorum
1274 1068 1443 1123 metu,
1492 1060 1757 1130 synodum
1808 1077 1991 1130 agens,

411 1160 505 1199 eos
536 1161 748 1212 rursus,
777 1162 898 1202 cum
939 1136 1314 1205 Menotbelitis
1345 1164 1533 1204 eorum
1568 1152 1774 1206 erroris
1814 1162 1994 1207 secta-

412 1237 644 1302 toribus,
686 1248 941 1308 tanquam
982 1240 1076 1295 Dei
1113 1242 1480 1310 adversarios,
1528 1248 1696 1313 gradu
1750 1259 1991 1309 movens,

410 1327 648 1385 devovit.
674 1328 799 1384 Post
831 1347 952 1385 eum
985 1343 1165 1387 autem
1198 1334 1577 1390 sanctissimus
1611 1350 1827 1404 quoque
1860 1351 1991 1405 papa

409 1414 690 1473 Romanus
723 1421 954 1489 Agatho,
988 1437 1093 1475 una
1129 1437 1250 1476 cum
1283 1432 1499 1478 centum
1538 1423 1727 1493 viginti
1759 1426 1995 1494 quinque

409 1508 677 1579 episcopis
706 1511 892 1566 Roma:
926 1523 1254 1568 conventum
1289 1530 1478 1586 agens,
1517 1531 1612 1571 eos
1647 1533 1837 1573 rursus
1870 1532 1991 1573 cum

408 1599 777 1658 Monothelitis
809 1604 1043 1659 devovit.
1078 1605 1242 1660 Sexta
1279 1608 1409 1661 item
1443 1616 1628 1663 sancta
1672 1618 1727 1664 et
1754 1623 1993 1667 (Boume-

409 1691 558 1756 nica,
588 1703 799 1748 centum
847 1698 1193 1767 septuaginta
1232 1708 1543 1754 sanctorqu
1574 1700 1795 1756 Patrum
1826 1719 1991 1774 syno-

411 1782 514 1836 dus
567 1785 1057 1858 Constantinopoli,
1127 1801 1477 1861 congregata,
1538 1791 1874 1858 Nestorium,
1926 1810 1991 1850 ac

412 1873 789 1946 Eutyt-hetem,
832 1889 886 1932 et
935 1879 1275 1947 Dioscorum,
1320 1898 1385 1938 ac
1414 1898 1700 1953 sequaces,
1736 1903 1839 1940 una
1870 1904 1992 1942 cum

409 1964 780 2023 Monothelitis
829 1972 1127 2039 devoveas,
1175 1975 1391 2031 diabolo
1439 1978 1683 2032 tradidit.
1730 1978 1996 2036 Similiter

407 2074 625 2128 quoque
671 2066 899 2131 septima
947 2076 1132 2121 sancta
1163 2076 1218 2121 et
1251 2071 1586 2125 (ecumcnica
1623 2080 1990 2128 trecentorum

409 2151 799 2222 quinquaginta
848 2155 1069 2210 Patrum
1120 2161 1362 2228 synodus
1405 2159 1598 2218 Nicaea:
1637 2178 1991 2235 congregata,

405 2258 501 2299 eos
533 2253 588 2299 et
625 2245 738 2317 ipsa
768 2262 891 2302 cum
925 2248 1298 2308 lconomachis
1328 2255 1564 2311 devovit.

477 2347 597 2404 XX.
657 2351 758 2416 Qui
814 2366 942 2422 ergo
992 2363 1068 2408 tot
1097 2354 1232 2410 diris
1264 2356 1442 2412 devoti
1488 2356 1711 2426 fuerint,
1743 2376 1806 2416 ac
1830 2364 1992 2419 toties

407 2442 623 2498 diabolo
680 2446 891 2508 traditi,
951 2463 1053 2501 una
1110 2463 1235 2503 cum
1277 2450 1527 2519 ducibus,
1592 2470 1655 2508 ac
1715 2455 1993 2526 magistris

403 2548 591 2590 eorum
628 2538 875 2606 plurimae
936 2540 1181 2609 haeresis,
1235 2544 1437 2613 quique
1467 2547 1690 2602 adhuca
1725 2549 1994 2604 Christia-

404 2627 490 2681 nis
522 2629 776 2684 omnibus
805 2633 1211 2700 devoveantnr;
1246 2636 1368 2704 quei
1415 2636 1591 2695 adhuc
1621 2643 1990 2697 vtChrisdani

403 2725 641 2788 reputari
669 2721 929 2789 debeant,
959 2740 1022 2779 ac
1046 2742 1149 2780 non
1185 2728 1361 2796 potius
1382 2740 1440 2784 ut
1468 2730 1667 2786 Christi
1694 2736 1990 2790 adversarii

405 2825 472 2864 ac
527 2825 813 2880 negatores
842 2814 1086 2871 Christi?
1128 2817 1262 2884 Qnei
1324 2824 1634 2876 veroetiam
1692 2841 1877 2879 eorum
1899 2828 1993 2881 ba-

401 2903 596 2973 ptisma
645 2920 817 2960 ratum
888 2910 1189 2965 habeatur?
1240 2912 1394 2968 Enim
1480 2932 1607 2968 vero
1666 2921 1992 2973 obturentur

402 2994 689 3050 Stultorum
728 2999 1002 3054 immunda
1040 3021 1134 3056 ora
1158 3046 1169 3065 ,
1205 3022 1325 3073 qua:
1375 3024 1468 3062 eos
1494 3026 1616 3063 vere
1645 3011 1992 3069 Christianos

401 3086 607 3139 frustra
643 3092 943 3157 nominent,
965 3110 1258 3165 eorumque
1285 3100 1463 3152 dicant
1492 3113 1665 3154 talum
1697 3105 1985 3172 baptisma.

1482 393 1734 454 ISAACI
1776 391 2153 452 ΑΗΜΕΝΗΕ
2196 391 2609 454 CATHOLICI

3542 392 3687 460 12216

2180 506 2282 562 19'.
2322 506 2491 577 Φῆλιξ
2530 506 2588 560 δὲ
2635 504 2731 560 καὶ
2787 505 3083 577 Σύμμαχος
3132 508 3179 561 oi
3231 504 3529 577 ἁγιώτατοι
3582 527 3679 563 πα-

2100 601 2363 671 τριάρχαι
2395 601 2496 670 τῆς
2532 599 2956 668 μεγαλοπὸλεως
2973 598 3216 671 Ῥώμης,
3240 603 3335 654 καὶ
3357 602 3681 669 Κυντιανδς,

2100 694 2308 764 Πέτρον
2337 696 2433 747 τὸν
2465 693 2724 759 Κναφέα,
2774 693 2869 747 καὶ
2924 693 3052 756 τοὺς
3094 693 3291 748 τούτου
3344 693 3683 765 ὁμόφρονας,

2101 789 2240 858 μετὰ
2276 787 2498 840 πάντων
2534 786 2645 839 τῶν
2686 787 2787 855 τῆς
2820 786 3152 856 οἰκουμένης
3191 787 3532 857 ἀρχιερέων,
3577 786 3687 850 ἕως

2097 879 2281 950 τρίτου
2308 879 2657 941 καθελόντες,
2690 876 2768 941 ὡς
2795 877 3101 948 θεομάχους
3134 876 3211 948 τῷ
3242 877 3545 948 ἀναθέματι
3578 894 3686 931 κα-

2099 970 2425 1025 θυπέὸαλον.
2460 972 2739 1042 Μαρτῖνος
2764 969 2818 1023 δὲ
2848 972 2875 1023 ὁ
2911 970 3200 1039 ίσάγγελος
3235 971 3424 1034 πάπας
3462 970 3688 1042 Ῥώμης

2102 1064 2242 1134 μετὰ
2279 1070 2356 1135 ρν¹
2409 1064 2751 1127 ἐπισκόπων,
2793 1062 3014 1118 σύνοδον
3058 1064 3296 1135 ποιήσας
3344 1067 3402 1118 ὲν
3468 1063 3682 1136 Ῥώμῃ,

2097 1157 2323 1229 τούτους
2375 1157 2536 1210 πάλιν
2586 1156 2728 1226 μετᾶ
2762 1156 2873 1210 τῶν
2920 1156 3312 1230 Μονοθελητῶν
3357 1160 3684 1230 ὁμοφρύνων

2096 1228 2302 1315 αὐτῶν,
2330 1249 2406 1312 ὡς
2445 1249 2750 1320 θεομάχους
2786 1248 3058 1316 καθελὼν,
3091 1228 3459 1321 ἀνεθεμάτισε
3488 1228 3517 1279 ’ἡ
3554 1251 3680 1322 μεθ’

2095 1342 2154 1395 ὂν
2180 1343 2274 1395 καὶ
2321 1341 2569 1409 Ἁγάθων
2597 1343 2625 1394 ὁ
2653 1340 2962 1409 ἁγιώτατος
3002 1343 3191 1407 πάπας
3243 1343 3484 1415 Ῥώμης,
3542 1345 3684 1415 μετά

2099 1433 2209 1506 ρκε¹
2242 1434 2414 1504 ἁγίων
2462 1435 2808 1499 ἐπισκόπων,
2842 1436 3062 1491 συνόδον
3090 1437 3326 1508 ποιήσας
3369 1439 3429 1490 ὲν
3465 1436 3684 1509 Ῥώμῃ,

2095 1528 2321 1593 τούτους
2346 1529 2511 1584 πάλιν
2538 1528 2678 1599 μετὰ
2699 1529 2809 1582 τῶν
2831 1528 3226 1600 Μονοθελητῶν
3244 1529 3680 1599 ἁναθεματίσαςο

2098 1620 2192 1675 καὶ
2237 1622 2271 1692 ή
2310 1620 2443 1692 ἕκτη
2495 1621 2629 1690 ἁγία
2676 1621 2776 1675 καὶ
2808 1621 3198 1691 οίκουμενικὴ,
3232 1621 3344 1674 τῶν
3386 1621 3459 1694 ρο¹
3508 1623 3684 1692 ἁγίων

2099 1712 2361 1783 Πατὲρων
2429 1712 2650 1777 σύνοδος
2722 1713 2783 1766 ἐν
2853 1712 3441 1768 Κωνσταντινουπόλει
3489 1713 3687 1767 συνελο

2098 1804 2267 1860 θοῦσα
2293 1848 2306 1870 ,
2361 1806 2693 1879 Νεστόριον,
2756 1809 2852 1862 καὶ
2890 1807 3174 1879 Εὐτυχέα,
3219 1809 3319 1864 καὶ
3363 1808 3681 1881 Διόσκορον,

2098 1898 2193 1951 καὶ
2224 1900 2351 1962 τοὺς
2383 1901 2697 1970 ὁμόφρονας
2732 1901 2938 1967 αὐτῶν,
2993 1901 3134 1970 μετὰ
3154 1901 3264 1954 τῶν
3286 1901 3683 1973 Μονοθελητῶν

2095 1988 2572 2058 ἀναθεματίσασα,
2606 1989 2686 2062 τῷ
2718 1990 2954 2062 διαϐόλῳ
2987 1991 3308 2061 παρέδωκεν
3337 2005 3354 2022 ⁹
3409 1992 3682 2056 ὡσαύτως

2097 2084 2192 2136 καὶ
2235 2084 2267 2153 ἡ
2313 2083 2358 2147 ζ’
2404 2083 2538 2151 ἁγία
2591 2085 2687 2136 καὶ
2742 2083 3097 2155 οίκουμενικὴ
3131 2083 3241 2137 τῶν
3286 2091 3363 2138 τν¹
3412 2085 3679 2157 Πατέρων

2097 2175 2317 2239 σύνοδος
2369 2176 2428 2228 ἐν
2476 2175 2687 2247 Nucan
2738 2175 3097 2242 συνελθοῦσα,
3145 2176 3371 2241 τούτους
3402 2178 3685 2248 μετὰτῶν

2094 2268 2489 2339 Εἰκονομάχων
2509 2270 2893 2341 ἀνεθεμάτισε.

2166 2356 2254 2416 κ’.
2298 2361 2552 2414 Τοσαῦτα
2592 2360 2688 2415 οῦν
2727 2361 2803 2425 ὡς
2834 2361 3093 2435 θεομάχοι
3125 2363 3680 2435 ἀναθεματισθέντες,

2095 2454 2191 2508 καὶ
2238 2454 2316 2526 τῷ
2347 2455 2587 2527 διαϐόλῳ
2621 2455 3045 2525 παραδοθέντες,
3083 2457 3224 2528 μετὰ
3266 2457 3377 2512 τῶν
3416 2458 3682 2530 ἀρχηγῶν

2094 2552 2188 2603 καὶ
2217 2550 2554 2604 διδασκάλων
2596 2552 2697 2621 τῆς
2739 2550 2943 2623 πολλῆς
2975 2551 3158 2607 αὐτῶν
3203 2553 3547 2618 κακοδοξίας,
3585 2555 3684 2607 καὶ

2095 2642 2176 2696 ἔτι
2199 2643 2306 2696 ὑπὸ
2342 2645 2560 2697 πάντων
2588 2645 2696 2697 τῶν
2724 2644 3073 2715 Χριστιανῶν
3108 2644 3637 2714 ἁναθεματιζὸμενοι
3662 2660 3678 2675 ⁶

2095 2738 2212 2801 πῶς
2241 2738 2404 2790 πάλιν
2446 2737 2521 2802 ὡς
2551 2738 2869 2807 Χριστιανοὶ
2897 2737 3217 2809 λογισθῆναι
3251 2738 3549 2807 ὀφείλουσι,
3584 2740 3682 2792 καὶ

2093 2830 2152 2881 οὗ
2189 2829 2389 2899 μᾶλλον
2426 2829 2502 2892 ὡς
2550 2831 2915 2901 χριστομάχοι
2964 2832 3061 2884 καὶ
3112 2831 3565 2903 ἀρνησίχριστοι;
3607 2832 3682 2886 Ἤ

2096 2922 2215 2986 πῶς
2270 2922 2332 2975 τὸ
2402 2923 2686 2995 βάπτισμα
2759 2923 2944 2979 αὐτῶν
3013 2924 3445 2998 εύπρόσδεκτον;
3532 2926 3682 2981 Ἀλλ’

2094 3015 2607 3084 ὲμφραττέσθωσαν
2658 3018 2726 3072 τὰ
2773 3017 2885 3072 τῶν
2930 3019 3178 3090 ἀνοήτων
3231 3020 3522 3091 ἀκάθαρτα
3554 3021 3683 3074 πόα

2098 3125 2264 3176 ματα,
2299 3108 2367 3160 τὰ
2408 3109 2629 3172 τούτους
2667 3111 2845 3181 μάτην
2885 3111 3246 3181 Χριστιανοὺς
3288 3112 3519 3183 ἀληθεῖς.
3562 3116 3685 3168 δνο-

401 3175 554 3242 Quod
582 3179 627 3233 si
681 3182 802 3248 quis
832 3184 993 3237 etiam
1035 3186 1200 3241 libros
1234 3206 1297 3243 ac
1349 3192 1548 3259 scripta
1576 3194 1732 3261 legat,
1766 3210 1886 3261 quae
1914 3196 1986 3250 illi

2099 3200 2361 3270 μάζοντα,
2392 3204 2487 3255 καὶ
2516 3203 2575 3255 τὸ
2618 3203 2905 3274 βάπτισμα
2950 3206 3130 3260 αὐτῶν
3165 3206 3565 3277 εὐπρόσδεκτον
3591 3208 3683 3262 λέ-

400 3270 664 3325 adversus
731 3274 931 3330 Citriin
976 3279 1408 3337 ittcarttatiunettt
1484 3302 1546 3337 nt:
1601 3286 1985 3357 Evangeliuut,

402 3369 566 3431 atque
615 3364 669 3418 in
731 3368 921 3433 primis
967 3371 1277 3425 atlvet'susa
1309 3374 1642 3431 Deoalﬂatns
1689 3379 1892 3440 Patres,
1927 3398 1990 3433 ac

404 3454 691 3521 pontiﬁces
724 3473 931 3528 magna:
955 3462 1100 3514 urhis
1129 3461 1311 3515 lloma:
1343 3469 1800 3536 conscripserunt,
1833 3473 1988 3539 plane

413 3551 471 3596 ut
499 3542 716 3599 Judteos
741 3562 806 3601 ac
834 3550 1185 3612 Sarracenos.
1203 3552 1630 3628 Maniclnuosquc
1674 3574 1989 3619 exseCratus

399 3637 767 3692 aversahitur.
797 3637 891 3695 Sin
915 3651 1094 3697 autem
1125 3646 1339 3715 aliquis,
1380 3649 1557 3705 minus
1581 3654 1697 3722 ipse
1730 3659 1985 3723 serutari,

398 3743 465 3783 ac
523 3731 832 3799 perspicere
889 3737 1102 3803 possit:
1139 3754 1201 3792 ex
1254 3745 1632 3800 communibus
1653 3748 1841 3801 saltem
1873 3751 1988 3803 bla-

397 3819 679 3889 Spbemiis,
705 3826 900 3892 quibus
924 3826 1145 3896 jngitcr,
1166 3839 1421 3902 tauquam
1456 3833 1553 3888 feri
1588 3850 1769 3901 canes,
1796 3840 1988 3894 adver-

396 3926 492 3967 Stts
524 3915 855 3971 orthodoxos
884 3916 1182 3985 Romanos,
1232 3938 1294 3977 ac
1336 3937 1537 3980 rectam
1557 3928 1715 3984 ﬁdem
1746 3943 1984 3986 nostram

393 4002 689 4071 oblatrant,
741 4022 926 4063 eorum
961 4012 1136 4068 discat
1166 4015 1539 4087 impietatem;
1575 4030 1736 4092 atque
1766 4024 1833 4079 ab
1857 4025 1982 4094 illis,

396 4110 462 4150 ac
523 4111 711 4152 eorum
778 4103 1016 4158 amicitia
1103 4107 1352 4174 resiliat,
1417 4126 1617 4182 eosque
1679 4130 1984 4188 aversetur,

395 4200 561 4256 atque
603 4190 670 4245 ab
754 4208 940 4248 eorum
1005 4198 1246 4253 doctrina
1303 4219 1462 4256 aures
1517 4207 1787 4263 occludat.
1857 4209 1984 4266 Non

397 4283 540 4335 enim
599 4286 760 4339 estin
817 4305 906 4341 ore
965 4306 1147 4343 eorum
1203 4296 1553 4358 tverilas;cor
1586 4314 1982 4356 eorumvanum

394 4386 494 4429 est.
523 4373 829 4444 Sepulcrum
861 4392 1045 4449 patens
1079 4383 1145 4437 ad
1170 4385 1556 4454 blasphemiam
1582 4402 1760 4459 guttur
1778 4411 1980 4461 eorum,

394 4494 458 4531 ac
507 4480 700 4551 linguw
758 4499 939 4538 eorum
967 4487 1172 4556 jugiter
1193 4489 1374 4546 dolose
1404 4505 1565 4564 agunt
1591 4497 1657 4550 ³⁹.
1708 4497 1879 4555 Verba
1908 4502 1982 4556 si-

393 4572 609 4641 quidem
643 4576 749 4628 oris
780 4591 980 4639 eorum,
1010 4579 1263 4651 iniquitas
1300 4593 1349 4637 et
1377 4586 1528 4640 dolus
1553 4586 1620 4642 ⁸ο.
1666 4590 1976 4648 υἱίείεειωιι

393 4664 537 4718 enim
583 4668 759 4721 omnia
812 4670 968 4723 verba
1020 4672 1413 4741 submersionis,
1480 4679 1662 4749 lingua
1698 4684 1882 4739 dolosa
1909 4685 1975 4742 η.

395 4763 771 4834 Cogitauerunt
798 4780 848 4823 et
875 4770 1038 4824 locuti
1056 4784 1174 4825 sunt
1197 4774 1252 4827 in
1268 4776 1976 4853 malignitate:iniquilatem

396 4855 762 4926 loquunturin
798 4865 1003 4918 excelso
1034 4865 1080 4897 ⁵⁸³
1143 4867 1536 4926 inc:trnationis
1566 4873 1785 4930 Christi.
1822 4878 1975 4944 Quod

392 4948 538 5002 enim
587 4965 772 5007 eorum
830 4954 1097 5025 baptisma
1155 4960 1392 5016 alienum
1443 4965 1552 5030 sit,
1601 4984 1700 5024 nec
1742 4969 1977 5040 Spiritus

393 5040 568 5093 sancti
633 5046 820 5111 gratia:
881 5051 1170 5119 particeps,
1230 5055 1298 5107 ob
1322 5069 1507 5109 eorum
1570 5060 1841 5129 haeresim,
1877 5081 1977 5121 nec

394 5130 623 5186 Satanas
646 5149 742 5204 per
770 5152 953 5192 eorum
984 5144 1246 5207 baptisma
1280 5148 1347 5201 ab
1364 5149 1442 5204 eis
1458 5153 1779 5209 exturbetur
1811 5167 1975 5226 atque

389 5224 642 5293 pellatur,
695 5242 791 5282 nec
824 5228 1058 5296 Spiritus
1087 5247 1311 5293 sant-tus
1361 5240 1636 5299 domicilio
1660 5224 1971 5315 inducatur,

389 5331 453 5369 cx
476 5333 543 5372 eo
569 5318 755 5389 liquet,
777 5323 919 5389 quod
971 5325 1167 5379 nodum
1196 5344 1381 5384 corum
1417 5333 1537 5389 laici
1562 5351 1626 5389 ac
1657 5337 1858 5399 idiotte,
1884 5354 1974 5394 ve-

392 5424 514 5462 rum
579 5413 741 5465 etiam
806 5415 992 5468 eximii
1046 5432 1231 5472 eorum
1267 5423 1504 5493 episcopi
1537 5442 1599 5481 ac
1630 5429 1971 5495 sacerdotes;

390 5516 482 5555 seu
520 5505 695 5571 putiu-
720 5507 959 5562 tenebris
980 5509 1360 5579 obscurati,3ac
1378 5515 1586 5582 profani
1615 5519 1885 5587 homines,
1916 5532 1976 5577 ut

390 5605 514 5646 mox
542 5592 819 5653 Manicltzci
846 5599 1097 5669 adierint,
1118 5613 1210 5656 aut
1231 5619 1326 5658 eos
1359 5607 1763 5678 illustraverint,
1789 5614 1972 5667 statim

388 5683 671 5754 relictogc
702 5706 922 5759 prorsus
953 5695 1218 5766 abnegato
1259 5696 1394 5752 falso
1429 5699 1870 5772 Christianismo,
1905 5704 1975 5759 ad

461 5839 505 5873 ³’
545 5843 757 5911 t‘sal.v,
785 5847 875 5916 10,
905 5850 991 5906 ll.
1067 5850 1112 5884 ⁸ο
1145 5850 1287 5908 Psal.
1315 5870 1481 5925 xxxv,
1514 5856 1570 5911 4.
1649 5857 1691 5891 ⁸³
1714 5858 1857 5915 Psal.
1891 5875 1966 5927 ιι,
2010 5861 2061 5916 6.

2092 3310 2276 3360 γοντα.
2310 3294 2373 3347 Εἰ
2407 3293 2463 3347 δὲ
2505 3297 2596 3347 καὶ
2624 3296 2725 3359 τὰς
2753 3297 2976 3351 ἐκείνων
3007 3298 3245 3368 βίϐλους,
3284 3300 3379 3353 καὶ
3415 3301 3516 3364 τὰς
3549 3318 3685 3372 συγ-

2095 3384 2316 3455 γραφὰς
2350 3386 2688 3455 ἀναγνώσειέ
2738 3405 2845 3452 τις,
2888 3389 2954 3454 ἃς
3003 3394 3147 3443 κατὰ
3203 3392 3303 3462 τῆς
3347 3392 3681 3461 σαρκώσεως

2091 3479 2187 3531 τοῦ
2216 3479 2480 3548 Χριστοῦ,
2512 3482 2606 3534 καὶ
2650 3480 2746 3534 τοῦ
2774 3482 3139 3551 Εὑαγγελίου,
3176 3486 3272 3539 καὶ
3323 3485 3543 3540 πάντων
3568 3486 3680 3543 τῶν

2092 3572 2263 3639 ἁγίων
2298 3573 2555 3641 Πατέρων
2596 3574 2947 3644 συνέγραψαν
2981 3592 2995 3608 ο
3042 3576 3277 3646 μάλιστα
3303 3577 3358 3632 δὲ
3396 3580 3541 3633 κατά
3567 3580 3683 3636 τῶν

2092 3664 2367 3736 θεοφὸρων
2423 3665 2689 3736 Πατέρων
2725 3667 2820 3719 καὶ
2856 3669 3164 3739 ἀρχιερέων
3209 3669 3312 3740 τῆς
3365 3671 3679 3742 μεγαλοπό-

2089 3755 2228 3821 λεως
2299 3756 2542 3828 Ῥώμης,
2594 3757 2670 3822 ὡς
2730 3758 2839 3813 ἀπὸ
2886 3758 3153 3814 Ἰουδαίων
3199 3764 3294 3816 καὶ
3342 3763 3681 3835 Σαρακηνῶν

2094 3851 2190 3902 καὶ
2232 3849 2575 3918 Μανιχαίων,
2609 3847 2669 3914 ἐξ
2708 3848 2891 3903 αὐτῶν
2925 3850 3352 3921 βδελυσσόμενος
3401 3856 3683 3927 ἀποστρα-

2091 3944 2346 4012 φήσεται.
2395 3943 2454 3996 '0
2484 3942 2541 3994 δὲ
2573 3943 2649 4013 μὴ
2680 3943 2980 4009 δυνάμενος
3008 3946 3236 4017 ἐρευνᾷν
3267 3948 3360 3999 καὶ
3381 3950 3542 4010 νοεῖν,
3570 3949 3680 4001 κᾶν

2088 4036 2154 4088 ὲκ
2179 4034 2287 4087 τῶν
2341 4034 2539 4087 κοινῶν
2588 4035 2770 4088 αὐτῶν
2823 4034 3209 4107 βλασφημιῶν,
3241 4031 3317 4091 ὧν
3357 4037 3444 4092 διὰ
3474 4039 3678 4105 παντὸς

2090 4128 2232 4181 κατὰ
2265 4127 2373 4181 τῶν
2402 4126 2706 4197 ὀρθοδόξων
2737 4128 3046 4198 Ῥωμαίων,
3087 4129 3182 4182 καὶ
3208 4129 3350 4184 κατὰ
3378 4130 3477 4198 τῆς
3502 4131 3679 4204 ὀρθῆς

2088 4219 2247 4289 ἡμῶν
2279 4219 2516 4282 πίστεως
2536 4221 2866 4274 ὑλακτοῦσιν
2892 4221 2967 4284 ὡς
2985 4220 3169 4291 ἄγριοι
3203 4220 3386 4288 κύνες,
3416 4222 3518 4294 τὴν
3548 4224 3679 4277 ἀσέ-

2088 4311 2242 4363 ϐειαν
2270 4310 2450 4363 αὐτῶν
2480 4311 2785 4382 διδαχθήτω
2812 4328 2827 4342 ο
2861 4313 2956 4365 καὶ
2981 4311 3040 4377 ἐξ
3070 4312 3273 4379 αὐτῶν,
3312 4312 3409 4367 καὶ
3444 4315 3546 4385 τῆς
3577 4316 3679 4368 αὐ-

2083 4401 2193 4453 τῶν
2241 4402 2425 4468 φιλίας
2486 4403 2761 4471 φευγέτω,
2814 4404 2910 4457 καὶ
2969 4405 3406 4476 ἁποστραφήτω,
3462 4408 3558 4459 καὶ
3604 4408 3678 4460 τὰ

2085 4491 2199 4551 ὦτα
2228 4497 2413 4559 αὑτοῦ,
2446 4498 2511 4550 ἐκ
2541 4501 2640 4567 τῆς
2686 4496 2872 4550 αὐτῶν
2902 4498 3125 4567 διδαχῆς
3175 4499 3354 4569 βυέτω
3381 4540 3394 4552 .
3434 4500 3675 4570 Ἐπειδὴ

2082 4593 2194 4645 οὐκ
2222 4591 2398 4645 ἐστιν
2426 4591 2498 4645 ἐν
2524 4588 2604 4656 τῷ
2634 4592 2884 4661 στόματι
2912 4590 3112 4646 αὐτῶν
3136 4591 3389 4659 ἀλήθεια
3414 4608 3433 4624 ο
3464 4595 3503 4662 ἠ
3533 4610 3678 4663 καρο

2087 4684 2186 4737 δία
2234 4682 2436 4738 αὐτῶν
2480 4686 2706 4753 ματαία
2735 4700 2751 4714 ο
2792 4684 2983 4754 τάφος
3015 4686 3390 4756 ἀνεῳγμένος
3429 4688 3508 4751 είς
3538 4687 3675 4758 βλα-

2088 4777 2335 4847 σφημίαν
2369 4779 2404 4829 ὁ
2424 4777 2659 4847 λάρυγξ
2690 4774 2910 4840 αὐτῶν,
2939 4778 3035 4831 καὶ
3075 4781 3136 4831 al
3165 4778 3440 4848 γλῶσσαι
3472 4782 3676 4837 αὐτῶν

2085 4870 2184 4925 διὰ
2211 4871 2438 4936 παντὸς
2467 4868 2749 4924 δολιοῦσι
2773 4885 2787 4901 ⁸
2817 4874 2890 4925 τὰ
2898 4871 3141 4940 ῥήματα
3169 4872 3277 4945 γὰρ
3310 4872 3417 4926 τοῦ
3449 4875 3676 4943 στόμα-

2085 4980 2188 5029 τος
2233 4960 2433 5016 αὐτῶν
2471 4962 2713 5032 ἀνομίαι
2743 4961 2843 5016 καὶ
2901 4962 3086 5031 δόλος
3128 4980 3144 4997 ο
3196 4964 3529 5033 ἠγάπησαν
3560 4967 3672 5037 γὰρ

2082 5056 2281 5110 πάντα
2299 5057 2370 5111 τὰ
2391 5056 2634 5126 ῥήματα
2663 5059 3154 5127 καταποντισμοῦ
3184 5058 3437 5129 γλῶσσῃ
3467 5059 3668 5128 δολίᾳ.

2084 5148 2498 5218 Διενοήθησαν
2529 5149 2627 5202 καὶ
2654 5148 2975 5214 ἐλάλησαν
3003 5151 3072 5204 ἐν
3092 5151 3372 5219 πονηρίᾳ.
3395 5151 3673 5208 Ἀδικίαν

2082 5243 2169 5306 είς
2195 5241 2259 5293 τὸ
2291 5239 2452 5309 ὕψος
2483 5240 2704 5294 λαλοῦσι
2742 5242 2841 5310 τῆς
2880 5240 2976 5295 τοῦ
3023 5242 3265 5312 Χριστοῦ
3308 5242 3669 5314 σαρκώσεως.

2086 5335 2210 5388 Ὅτι
2232 5334 2342 5406 γὰρ
2371 5334 2433 5386 τὸ
2464 5333 2752 5402 βάπτισμα
2781 5334 2964 5388 αὐτῶν
2988 5333 3294 5406 ἀλλότριον,
3326 5336 3423 5391 καὶ
3463 5337 3672 5406 ἀμέτο-

2090 5425 2185 5497 χόν
2215 5427 2332 5479 ἐστι
2360 5425 2461 5495 τῆς
2493 5425 2589 5479 τοῦ
2626 5426 2785 5496 ἁγίου
2825 5425 3144 5498 Πνεύματος
3199 5430 3421 5499 χάριτος
3451 5429 3670 5498 διὰοτὴν

2083 5519 2264 5572 αὐτῶν
2307 5516 2653 5584 κακοδοξίαν,
2701 5519 2796 5574 καὶ
2846 5517 2971 5573 οὔτε
3015 5518 3045 5573 ὁ
3079 5520 3330 5585 Σατανᾶς
3372 5521 3434 5587 ἐξ
3477 5522 3667 5575 αὐτῶν

2083 5610 2410 5665 ὲκὸάλλεται
2452 5611 2547 5665 καὶ
2601 5611 2861 5666 διώκεται
2892 5612 2980 5666 διὰ
3009 5612 3103 5666 τοῦ
3151 5612 3533 5684 βαπτίσματος
3564 5613 3668 5666 αὖ-

2081 5703 2213 5772 τῶν,
2254 5702 2379 5757 οὔτε
2422 5703 2483 5757 τὸ
2520 5702 2677 5772 ἆγιον
2709 5703 2935 5778 Πνεῦμα
2974 5705 3348 5773 είσοικίζεται,
3384 5705 3540 5778 δῆλον
3573 5707 3666 5759 ὲν-

2142 5861 2186 5892 "
2224 5858 2366 5916 Psal.
2422 5874 2592 5926 uxtt,

3400 6406 3424 6410 “
3514 6405 3552 6410 Ἰ
3604 6404 3646 6410 77-
3742 6409 3762 6414 Ἴ
3834 6412 3864 6426 ⁷-1
