4088 6416
360 358 497 422 1217

1348 358 1634 422 ORATIO
1674 359 1736 420 II
1778 359 2077 418 CONTRA
2117 356 2536 418 ARMENIOS.

3487 359 3623 427 1218

355 473 548 526 -τεῦθεν
573 489 587 504 ·
623 473 684 526 οῦ
720 471 829 544 γὰρ
867 473 1025 544 μόνον
1052 473 1100 527 οἱ
1131 473 1312 528 λαῖκοὶ
1337 475 1518 530 αὐτῶν
1550 476 1645 529 καὶ
1679 475 1890 529 ἰδιῶται
1922 489 1933 502 '

2046 472 2466 528 MUNiClIrBOI‘IIIII
2521 471 2821 541 perfidiam,
2849 487 2912 528 ac
2940 475 3324 530 exsccrandam
3362 478 3486 533 vitae
3514 479 3628 548 pri.

357 565 496 618 ἀλλά
529 565 622 616 καὶ
651 567 696 618 οἱ
734 567 981 619 ἐκλεκτοὶ
1015 567 1197 621 αὐτῶν
1247 569 1557 633 ἐπίσκοποι,
1599 569 1694 620 καὶ
1727 570 1893 638 ίερεῖς
1920 585 1933 599 ·

361 658 566 726 μᾶλλον
603 657 659 709 δὲ
708 659 996 710 ἐπίσκοποι
1045 661 1137 710 καὶ
1177 660 1405 730 ἀνίεροι,
1453 657 1570 727 ἅμα
1599 657 1677 726 τῷ
1709 657 1941 726 πλησιά-

361 767 472 814 σαι,
505 750 537 819 ἢ
579 749 655 820 τῷ
688 750 914 816 ἁγιάσαι
949 750 1063 820 (56)
1096 753 1278 812 αὐτοῖς
1309 754 1421 813 τοῖς
1455 750 1800 819 Μανιχαίοις,
1834 765 1940 800 πα-

361 842 596 912 ραυτίκα
631 845 723 894 τὸν
759 843 1345 914 ψευδοχριστιανισμὸν
1371 843 1552 896 αὐτῶν
1586 843 1937 912 καταλιμπά-

361 953 566 999 νοντες,
595 938 690 989 καὶ
719 938 998 1000 παντελῶς
1038 938 1393 1007 ἀρνούμενοι,
1433 939 1512 1000 εἰς
1542 935 1642 1006 τὴν
1673 937 1782 988 τῶν
1809 937 1932 989 Μα-

358 1027 584 1096 νιχαίων
617 1028 896 1094 ἀπιστίαν,
956 1031 1052 1082 καὶ
1085 1029 1346 1099 βδελυρὰν
1377 1027 1653 1098 διαγωγὴν
1688 1028 1939 1096 ἐπιστρέ-

359 1137 574 1187 φουσιν.
623 1123 683 1173 El
715 1127 823 1191 γὰρ
853 1125 885 1191 ἡ
930 1123 1092 1192 χάρις
1123 1123 1215 1176 τοῦ
1264 1123 1420 1190 ἁγίου
1467 1121 1807 1191 Πνεύματος,
1851 1121 1939 1174 διὰ

359 1211 454 1263 τοῦ
489 1211 864 1283 βαπτίσματος
890 1215 1090 1279 αὐτῶν,
1122 1215 1266 1285 ἢδιά
1298 1214 1639 1284 χειροθεσίας
1665 1216 1723 1266 ὲν
1755 1214 1941 1276 αὐτοῖς

358 1303 675 1373 είσῳκίζετο
713 1306 806 1356 καὶ
834 1309 1199 1375 κατεσκήνου,
1233 1306 1333 1358 οὐκ
1368 1307 1434 1358 ἂν
1465 1304 1609 1358 οὕτω
1632 1304 1829 1374 ῥαδίως
1857 1307 1938 1368 εἰς

357 1391 572 1444 τελείαν
621 1392 856 1463 ἄρνησιν
904 1394 1001 1446 τοῦ
1048 1394 1288 1464 Χριστοῦ
1343 1396 1659 1463 ἐτρέποντο,
1698 1395 1804 1446 ὑπὸ
1837 1395 1935 1463 τῆς

358 1487 724 1559 κατοικούσης
775 1492 832 1541 ἐν
876 1490 1061 1554 αὐτοῖς
1109 1492 1334 1561 χάριτος
1377 1490 1800 1560 φρουρούμενοι.
1839 1489 1935 1540 Γέ-

2043 567 2238 619 stiuam
2277 567 2564 627 rationem,
2621 576 2982 622 revertantur.
3010 566 3292 637 Siquidem
3329 571 3468 625 enim
3499 572 3626 640 Spi-

2044 657 2177 709 ritus
2208 657 2381 710 sancti
2410 657 2580 725 gratia
2599 673 2694 726 per
2713 674 2898 712 eorum
2929 659 3196 728 baptisma
3217 668 3309 714 aut
3368 677 3623 715 manuum

2046 748 2452 816 impositionem
2518 750 2570 802 in
2612 749 2740 818 ipsis
2803 751 3146 805 induceretur
3175 766 3239 806 ac
3280 752 3627 818 inhabitaret,

2045 855 2150 892 non
2181 841 2259 892 sic
2284 839 2439 894 facile
2470 844 2535 894 ad
2569 841 2772 895 Christi
2801 844 3100 897 absolutam
3136 845 3476 913 negationem
3503 861 3629 899 ver-

2049 939 2310 993 terentur.
2372 935 2646 988 muniente
2703 950 2766 987 ac
2826 945 3052 1001 tutante,
3107 951 3224 1004 quae
3262 939 3311 989 in
3349 938 3428 990 cis
3457 936 3627 1006 gratia

2049 1023 2337 1077 habitaret.
2376 1017 2574 1078 Donet
2605 1025 2742 1080 Deus
2787 1037 2844 1078 ut
2871 1042 3062 1080 omnes
3093 1042 3212 1088 nos,
3239 1043 3426 1080 eorum
3457 1043 3628 1096 nugas

2051 1130 2114 1170 ac
2143 1131 2356 1170 errores
2384 1118 2639 1182 vitemus,
2667 1129 2723 1170 ut
2755 1119 2803 1170 in
2828 1119 3004 1172 futuro
3034 1135 3248 1186 quoque
3275 1136 3387 1173 aevo
3407 1121 3628 1174 liberari

2045 1207 2320 1276 contingat
2377 1208 2444 1260 ab
2489 1213 2704 1263 aeternis
2731 1209 3037 1278 suppliciis,
3071 1227 3187 1276 qua:
3219 1221 3339 1264 sunt
3391 1210 3495 1264 iltis
3537 1226 3628 1265 re-

2044 1305 2216 1370 posita
2248 1319 2264 1356 :
2298 1305 2470 1373 gratia
2518 1319 2576 1356 ac
2602 1304 2929 1373 benignitate
2954 1306 3148 1358 Christi
3177 1307 3287 1358 veri
3309 1305 3397 1358 Dei
3431 1308 3627 1369 nostri,

2041 1417 2162 1454 cum
2229 1417 2336 1470 quo
2381 1400 2526 1454 Patri
2559 1403 2752 1471 gloria,
2787 1417 2893 1456 una
2927 1417 3048 1456 cum
3078 1412 3270 1456 sancto
3305 1416 3369 1456 ac
3414 1403 3631 1457 \‘ivilico

2041 1491 2265 1558 Spiritu,
2294 1507 2436 1544 nunc
2470 1502 2522 1545 et
2560 1508 2795 1560 semper.

358 1600 505 1637 νοιτο
537 1583 592 1636 δὲ
635 1587 844 1648 πάντας
876 1587 1022 1655 ἡμᾶς
1054 1587 1360 1653 ἀποφυγεῖν
1392 1585 1488 1652 τῆς
1533 1583 1762 1637 ἐκείνων
1806 1583 2074 1652 φλυαρίας
2139 1601 2196 1636 τε
2260 1585 2354 1636 καὶ
2389 1586 2734 1650 κακοδοξίας,
2780 1587 2867 1640 ἵνα
2913 1590 3009 1641 καὶ
3043 1589 3124 1658 τῷ
3158 1589 3408 1659 μέλλοντι
3468 1589 3630 1640 αἰῶνι

357 1676 783 1747 ῥυσθῶμενςτῶν
814 1680 1049 1732 αἰωνίων
1107 1678 1385 1731 κολάσεων
1455 1676 1565 1730 τῶν
1607 1678 1842 1738 ἐκείνοις
1905 1679 2350 1747 ἡτοιμασμένων.
2401 1677 2588 1748 χάριτι
2649 1682 2742 1732 καὶ
2801 1680 3184 1753 φιλανθρωπίᾳ
3239 1680 3477 1751 Χριστοῦ
3531 1680 3630 1732 τοῦ

357 1766 618 1838 ἀληθινοῦ
665 1767 798 1821 Θεοῦ
831 1770 1012 1840 ἡμῶν,
1043 1768 1162 1840 μεθ’
1188 1765 1249 1823 οῦ
1281 1770 1361 1842 τῷ
1391 1771 1568 1840 Πατρὶ
1591 1769 1720 1833 δόξα
1755 1766 1871 1835 ἅμα
1899 1766 1975 1836 τῷ
2010 1768 2172 1835 ἁγίῳ,
2227 1769 2320 1820 καὶ
2378 1768 2631 1839 ζωοποιῷ
2671 1769 2972 1838 Πνεύματι,
3026 1771 3121 1824 νῦν
3163 1771 3257 1824 καὶ
3299 1773 3405 1825 ἀεί.

433 1921 542 1994 (56)
584 1923 724 1995 Lege
770 1925 966 1988 αὐτοὺς
1008 1926 1135 1988 τοὺς
1174 1926 1533 1996 Μανιχαίους.
1577 1923 1790 1990 Melius,
1841 1923 2120 1991 ὲγγιᾶσαι.

933 2285 1306 2372 ΛΟΓΟΣ
1379 2287 2283 2374 ΣΤΗΑΙΤΕΥΤΙΚΟΣ
2357 2288 2585 2376 ΤΟΥ
2658 2286 3020 2375 ΙΣΑΑΚ,

1115 2463 1276 2516 ΠΕΡΙ
1312 2463 1449 2517 ΤΩΝ
1476 2465 1895 2519 ΚΑΚΟΔΟΞΩΝ
1923 2465 2282 2520 ΑΡΜΕΝῘΩΝ
2313 2467 2434 2519 ΚΑΙ
2462 2465 2878 2533 ΛΙΡΕΤΙΚΩΝ,

742 2636 854 2690 Καὶ
893 2635 982 2690 ὅτι
1019 2638 1206 2692 πόσαι
1233 2635 1494 2705 αἶρέσεις
1523 2632 1644 2690 εισι
1682 2631 1802 2687 τῶν
1843 2631 2043 2687 αὐτῶν
2083 2633 2416 2689 σκοτεινῶν
2459 2633 2591 2704 περὶ
2633 2635 2701 2689 τὸ
2729 2635 2854 2706 φῶς
2893 2637 3227 2708 Ἀρμενίων.

854 2945 1268 3035 SANCTI
1368 2943 1742 3033 ISAACI
1856 2939 2313 3060 ORATIO
2416 2945 3119 3072 INVECTIVA,

1068 3155 1398 3201 ADVERSUS
1424 3157 1595 3200 MALE
1625 3157 2016 3202 SENTIRNTES
2043 3156 2122 3200 AC
2149 3155 2527 3202 HERETICOS
2551 3156 2875 3203 ARMENIOS
2901 3161 2918 3201 ε

1109 3307 1198 3367 Ac
1228 3313 1525 3385 quamam
1555 3307 1700 3368 caeci
1734 3304 1836 3367 illi
1863 3321 2036 3364 czrca
2067 3304 2276 3366 lumen
2309 3304 2570 3368 haereses
2596 3306 2884 3370 habeant.

426 3625 506 3676 A'.
551 3619 662 3693 (57)
696 3619 820 3673 Ὀτι
851 3617 886 3687 ἡ
921 3613 1014 3668 τοῦ
1056 3610 1190 3667 Θεοῦ
1229 3609 1456 3681 πρόνοια
1491 3606 1794 3679 προσέταξε
1821 3607 1914 3659 τὸν
1964 3617 2003 3669 Β

351 3717 650 3784 κορυφαῖον
682 3713 912 3780 Πέτρον,
948 3705 1202 3775 γενέσθαι
1234 3705 1393 3756 ἁλιέα
1434 3699 1739 3767 ἀνθρώπων
1763 3714 1780 3731 ο
1807 3699 1930 3751 τότε

353 3810 390 3877 ή
443 3804 720 3876 προσευχὴ
776 3799 942 3875 αὐτοῦ
1014 3800 1240 3868 γέγονεν
1294 3797 1613 3863 ἄγκιστρον,
1676 3793 1812 3862 πρὸς
1871 3792 1931 3843 τὸ

355 3897 655 3952 ἀνελκύσαι
679 3899 774 3949 καὶ
804 3893 1086 3964 ζωγρῆσαι
1121 3892 1184 3943 ὲκ
1210 3888 1300 3941 τοῦ
1328 3887 1490 3958 βυθοῦ
1521 3886 1621 3954 τῆς
1651 3885 1928 3946 ἀπιστίας,

356 3991 498 4063 πρὸς
539 3990 817 4059 σωτηρίαν
857 3987 1092 4049 πάντας.
1132 3983 1244 4035 Καὶ
1281 3981 1346 4050 δὴ
1384 3979 1535 4051 βυθεῖ
1568 3978 1659 4031 τὸν
1695 3975 1819 4029 νοῦν
1852 3978 1932 4039 εἰς

353 4085 426 4140 τὰ
463 4083 604 4154 βάθη
631 4083 703 4134 τὰ
731 4079 1106 4150 σεσηπωμένα
1135 4075 1231 4129 καὶ
1262 4071 1651 4144 ῥερυπωμένα,
1689 4071 1782 4121 καὶ
1815 4067 1932 4121 δια-

355 4175 672 4248 φωλεύοντα
702 4173 812 4225 τῶν
842 4167 1154 4238 δρακόντων
1188 4167 1256 4218 τὰ
1300 4165 1469 4217 ὕδατα
1494 4178 1508 4192 ·
1546 4163 1690 4228 λέγω
1729 4162 1815 4231 δὴ,
1847 4160 1934 4211 Σί-

358 4286 536 4341 μωνος
593 4266 686 4320 τοῦ
728 4265 920 4330 Μάγου
959 4278 974 4294 ο
1029 4262 1125 4313 καὶ
1179 4261 1246 4328 τῇ
1307 4256 1554 4326 θεοσόιρῳ
1612 4253 1933 4323 διδασκαλία

354 4361 668 4434 προσέφερε
710 4358 838 4417 τοὺς
885 4352 1134 4423 μαθητάς
1181 4347 1370 4412 αὐτοῦ,
1406 4347 1503 4399 καὶ
1540 4347 1797 4434 γεγόνασι
1838 4361 1935 4434 μα-

353 4431 518 4522 θηταὶ
555 4449 649 4501 τοῦ
679 4445 845 4500 αὐτοῦ
872 4435 1358 4513 πρωτοκορυφαίου
1397 4434 1606 4503 Πέτρου
1638 4449 1652 4464 ο
1695 4432 1789 4485 καὶ
1811 4431 1932 4483 τότε

351 4544 561 4615 ἦρξατο
594 4543 621 4592 ὁ
654 4539 854 4606 Πέτρος
886 4533 946 4597 ἐξ
983 4531 1147 4586 αὑτοῦ
1184 4529 1295 4580 τῶν
1335 4523 1614 4596 μαθητῶν,
1665 4523 1935 4590 σαφέστε-

355 4654 449 4708 ρον
474 4636 566 4688 καὶ
596 4631 990 4700 ἀκριὸέστερον
1033 4623 1224 4695 μαθεῖν
1256 4621 1357 4689 τὴν
1385 4617 1810 4708 κεκαλυμμένην
1838 4616 1934 4668 καὶ

351 4707 570 4795 ζοφώδη
603 4721 820 4791 διδαχὴν
861 4718 957 4770 τοῦ
1007 4712 1252 4785 πονηροῦ
1300 4711 1544 4778 Σίμωνος
1575 4708 1670 4760 τοῦ
1703 4707 1922 4774 Μάγου.

363 4821 526 4876 Ἀλλά
556 4820 649 4872 καὶ
676 4821 703 4870 ὁ
729 4816 918 4879 Μέγας
941 4810 1176 4872 Παῦλος,
1204 4810 1230 4860 ὁ
1253 4807 1500 4877 οὐράνιος
1525 4802 1811 4874 ἄνθρωπος
1829 4800 1932 4867 ,καὶ

353 4915 599 4983 ἐπίγειος
646 4909 898 4978 ἄγγελος,
942 4907 1030 4959 ὅτε
1058 4901 1338 4973 ὴϐουλήθη
1383 4901 1417 4968 ἡ
1447 4896 1540 4950 τοῦ
1572 4896 1705 4950 Θεοῦ
1743 4894 1933 4962 φιλαν-

355 5006 574 5079 θρωπία
607 5004 834 5058 καλέσαι
874 4997 1038 5053 αὑτὸν
1075 4996 1154 5057 είς
1182 4993 1480 5060 ἐπίγνωσιν
1513 4989 1612 5056 τῆς
1646 4985 1930 5056 ἀληθείας,

353 5104 414 5156 ὲν
440 5105 505 5172 τῇ
530 5098 635 5168 ὁδῷ
669 5095 824 5164 ὤφθη
859 5094 886 5145 ὁ
925 5089 1138 5159 Σωτὴρ,
1171 5088 1234 5158 τῇ
1272 5083 1520 5154 πηρώσει
1550 5082 1660 5135 τῶν
1684 5096 1929 5148 σωματι-

353 5193 469 5248 κῶν
491 5189 787 5259 ὀφθαλμῶν
816 5185 1004 5249 αὑτοῦ,
1050 5184 1146 5235 καὶ
1173 5180 1252 5248 τῷ
1299 5177 1522 5248 μεγάλῳ
1547 5176 1686 5244 φωτὶ
1713 5189 1933 5244 προσοι-

352 5285 594 5348 κειώσας
631 5282 816 5342 αὑτὸν,
849 5283 942 5333 καὶ
969 5280 1072 5340 ἕως
1107 5275 1291 5346 τρίτου
1323 5269 1549 5341 οὐρανοῦ
1597 5267 1932 5324 ἀναϐιϐάσας

354 5380 541 5440 αὐτὸν,
600 5375 695 5429 καὶ
749 5375 859 5434 τοῖς
911 5371 1119 5440 νοεροῖς
1167 5365 1470 5434 ὀφθαλμοῖς
1508 5362 1786 5436 αὑτὸπτης
1831 5358 1928 5412 τοῦ

355 5467 693 5543 παραδείσου
720 5465 934 5532 γέγονε,
954 5461 1048 5514 καὶ
1074 5462 1100 5511 ὁ
1119 5456 1252 5511 ποτὲ
1274 5456 1508 5525 διώκτης
1568 5455 1664 5506 xui.
1691 5453 1929 5520 λοίδορος

356 5568 456 5636 τῆς
501 5560 855 5630 Ἐκκλησίας,
891 5555 1089 5609 αὐτίκα
1119 5547 1318 5624 κῆρυξ,
1356 5550 1452 5604 καὶ
1482 5547 1803 5636 διδάσκαλος
1831 5546 1927 5614 γέ-

363 5635 490 5728 γονε
525 5659 624 5725 τῆς
651 5650 931 5722 ἀληθείας,
953 5647 1046 5702 καὶ
1079 5645 1178 5716 τῆς
1208 5643 1316 5696 τῶν
1343 5639 1712 5694 κνισσοθύτων
1749 5635 1931 5706 Ἑλλή-

428 5802 540 5876 (57)
569 5801 709 5872 Lege
735 5801 845 5854 ὅτε.

2107 3608 2145 3661 l.
2197 3607 2332 3661 Cum
2367 3607 2461 3662 Dei
2505 3609 2846 3675 providentia
2911 3609 3279 3678 apostolorum
3325 3611 3622 3681 principem

2034 3699 2252 3754 Petrum
2285 3698 2398 3752 lieri
2430 3699 2590 3767 jussit
2618 3702 2943 3768 piscatorem
2993 3702 3298 3768 hominum,
3341 3703 3458 3769 ejus
3494 3713 3621 3758 tunc

2033 3795 2211 3845 oratio
2245 3792 2438 3844 hamus
2490 3790 2632 3844 facta
2686 3800 2790 3854 est,
2815 3806 2924 3862 quo
2962 3793 3007 3848 is
3057 3807 3247 3846 omnes
3288 3794 3353 3846 ad
3385 3794 3618 3849 salutem

2035 3883 2104 3936 ab
2150 3883 2484 3936 inﬁdelitatis
2531 3882 2794 3951 profundo
2843 3885 3238 3938 estraheretac
3288 3884 3616 3952 piscaretur.

2036 3977 2110 4028 Ac
2137 3990 2266 4029 sane
2337 3977 2576 4029 animum
2633 3975 2826 4043 mergit
2873 3974 2926 4027 in
2963 3975 3176 4044 putrida
3237 3976 3506 4042 profunda
3553 3989 3619 4030 ac

2035 4067 2272 4126 sordida,
2301 4065 2633 4133 latentesquc
2660 4065 2951 4119 draconum
2981 4079 3150 4133 aquas
3170 4105 3186 4131 ,
3243 4066 3496 4119 nimirum
3533 4066 3620 4120 Si-

2038 4155 2212 4208 monis
2251 4155 2411 4225 Magi,
2469 4155 2694 4224 ejusque
2745 4157 3040 4227 discipulos
3107 4156 3307 4211 divina:
3367 4157 3619 4226 adjunxit

2037 4247 2322 4314 doctrinm;
2379 4247 2545 4317 quiet
2597 4249 2696 4318 ipsi
2721 4248 2960 4317 ejusdem
3008 4251 3204 4303 summi
3242 4249 3500 4319 principis
3538 4251 3618 4304 di-

2037 4342 2226 4410 scipuli
2263 4357 2486 4397 evasere
2519 4359 2533 4395 :
2568 4352 2793 4410 tumque
2823 4342 3012 4398 Petrus
3045 4357 3112 4398 ex
3164 4344 3277 4398 suis
3317 4343 3618 4412 discipulis,

2035 4433 2303 4488 occultam
2359 4447 2418 4485 ac
2486 4433 2720 4486 tenebris
2773 4433 3002 4486 obsitam
3049 4433 3348 4487 doctrinam
3383 4431 3622 4488 Simonis

2036 4526 2198 4594 Magi,
2247 4525 2534 4579 dilucidius
2581 4526 2994 4593 accuratiusque
3023 4524 3231 4578 discere
3275 4525 3462 4592 cepit.
3510 4523 3619 4579 Sed

2035 4627 2090 4672 et
2145 4633 2339 4684 magno
2402 4617 2590 4679 Paulo,
2650 4617 2858 4671 ccelesti
2893 4617 2967 4668 illi
3021 4614 3248 4675 homini.
3275 4631 3338 4670 ac
3374 4618 3617 4671 terrestri

2035 4711 2248 4778 angelo,
2297 4726 2419 4764 cum
2481 4711 2573 4764 Dei
2615 4708 2918 4763 clementia:
2947 4705 3172 4775 placuit,
3203 4716 3262 4760 ut
3292 4708 3358 4761 ad
3387 4709 3621 4778 agnitio-

2036 4818 2157 4857 nem
2207 4804 2455 4858 veritatis
2511 4813 2753 4863 vocaret,
2815 4803 3070 4871 apparuit
3133 4802 3296 4854 invia
3345 4801 3620 4869 Salvator,

2034 4897 2502 4966 corporaliumque
2587 4895 2867 4949 oculorum
2953 4894 3219 4957 caecitate,
3268 4908 3464 4964 magno
3518 4910 3623 4950 suo

2039 4989 2229 5044 lumini
2258 4987 2520 5050 admovit,
2545 5002 2609 5040 ac
2641 5000 2812 5055 usque
2831 4983 2897 5038 ad
2930 4985 3144 5039 tertium
3169 4985 3364 5039 caelum
3413 4987 3618 5052 evexit,

2040 5079 2197 5148 isque
2262 5079 2594 5146 spiritalibus
2672 5075 2845 5129 oculis
2897 5083 3170 5143 spectator
3217 5075 3332 5144 ipse
3375 5077 3620 5145 paradisi

2041 5171 2235 5234 lactus,
2270 5171 2361 5238 qui
2392 5168 2520 5222 olim
2573 5176 2886 5234 persecutor
2916 5177 2970 5220 et
2995 5167 3326 5221 conviciator
3357 5167 3623 5222 Ecclesia:

2037 5270 2202 5328 esset,
2253 5276 2376 5314 mox
2421 5261 2746 5329 praedicator
2800 5273 2863 5313 ac
2914 5258 3161 5312 veritatis
3206 5261 3412 5322 doctor,
3443 5256 3620 5324 genti.

2037 5354 2274 5422 liumque
2318 5351 2604 5408 sacriﬁciis
2675 5351 3010 5405 atltlictorum
3070 5350 3246 5404 cultus
3295 5350 3508 5411 vetitur,
3550 5362 3622 5402 ac

2036 5446 2311 5513 Evangelii
2349 5445 2574 5513 portitor
2597 5445 2769 5498 evasit
2807 5461 2821 5498 :
2856 5455 2914 5497 ut
2938 5444 3014 5496 ira
3064 5440 3213 5508 gravi
3257 5441 3466 5493 turbata
3505 5438 3621 5493 He-

2041 5540 2306 5593 braeorum
2370 5535 2652 5608 Synagoga
2703 5537 2865 5590 iniret
2909 5534 3213 5596 consilium,
3261 5532 3381 5586 dolo
3408 5533 3617 5584 interti-

2036 5633 2213 5689 ciendi
2254 5629 2504 5687 Paulum.
2560 5628 2638 5683 En
2672 5644 2800 5685 vero
2838 5629 2964 5700 quid
3026 5627 3177 5684 brevi
3227 5625 3329 5680 hac
3350 5624 3618 5694 oratione,
