4088 6422
376 363 514 428 1219
602 340 607 344 ’

1439 364 1693 425 ISAACI
1732 345 2108 424 ARMENI/u
2147 363 2555 424 CATHOLICI

3512 353 3653 420 1220

369 478 638 533 sermonis
711 478 1074 549 prolixitatem
1158 477 1414 540 vitantes,
1486 477 1602 530 viro
1672 475 1834 529 idiota
1898 489 1961 529 ac

2085 493 2173 528 mw
2218 476 2521 546 θρησκείας
2556 474 2834 547 κωλυτὴς,
2880 476 2975 531 καὶ
3021 475 3137 547 (58)
3179 472 3522 547 πορθμευτὴς
3559 476 3656 542 γε·

369 579 657 634 peecatore
676 571 992 639 memetipso
1010 568 1344 630 commoniti,
1370 568 1459 635 qui
1485 568 1553 621 ab
1576 568 1757 635 impiis
1784 567 1959 620 luere-

374 659 499 714 ticis
540 661 942 727 persecutiones
976 660 1171 713 multas
1202 674 1265 713 ac
1295 659 1538 728 pericula
1557 657 1812 711 sustinui.

2069 584 2231 632 γονεν
2252 588 2265 600 ι
2298 569 2438 621 ὥστε
2466 570 2944 640 διαταραχθέντων
2991 571 3109 639 μετ’
3139 569 3316 640 ὀργῆς
3352 567 3590 639 σφοδρᾶς
3621 567 3656 636 ἡ

2069 659 2178 710 τῶν
2237 658 2505 727 Ἐϐραίων
2556 659 2872 729 συναγωγὴ,
2932 660 3461 731 συμϐουλευσαμένη
3514 658 3659 728 μετὰ

373 754 527 807 δόλου
571 754 881 809 θανατῶσαι
913 753 1004 805 τὸν
1045 751 1275 804 Παῦλον.
1330 752 1440 805 Καὶ
1513 750 1623 802 ἰδοὺ
1655 749 1707 801 τί
1745 749 2147 818 ύπεμνήσαμεν
2178 749 2374 819 βραχεῖ
2410 752 2595 821 τούτῳ
2650 750 2812 821 λόγῳ,
2861 750 3266 821 ἑκφευξάμενοι
3329 749 3431 822 τὴν
3487 750 3660 803 πολυ-

374 847 582 914 λογίαν,
623 847 764 916 ὐπέρ
803 844 996 911 ἀνδρὸς
1044 844 1255 897 ἰδιώτου
1302 847 1395 895 καὶ
1434 841 1788 912 ἁμαρτωλοῦ,
1817 842 1965 902 ὅστις
2007 841 2237 906 πολλοὺς
2262 844 2538 912 διωγμοὺς
2607 844 2701 896 καὶ
2741 843 3025 905 κινδύνους
3055 844 3300 901 ὑπέστην
3359 842 3511 911 παρὰ
3545 841 3661 894 τῶν

373 943 550 995 ἀθέων
577 939 897 1012 αίρετικῶν.

454 1033 517 1087 Il.
553 1033 763 1087 Etenim
803 1043 964 1088 natus
1023 1047 1141 1086 sum
1176 1044 1239 1085 ac
1272 1028 1536 1083 educatus
1569 1028 1622 1081 in
1649 1027 1824 1081 medio
1850 1027 1964 1081 ha:-

375 1127 662 1181 reticorum
717 1141 778 1180 ac
810 1126 1118 1194 impiorum,
1151 1126 1203 1178 in
1255 1139 1442 1179 eorum
1475 1121 1729 1176 omnibus
1758 1120 1962 1175 doctri-

375 1217 465 1272 nis
515 1217 778 1281 eruditus,
850 1216 1111 1286 valdeque
1159 1215 1457 1284 iniuriosus
1507 1230 1572 1269 ac
1623 1215 1965 1270 adversarius

380 1309 923 1378 Christianorumque
975 1324 1039 1363 ac
1077 1310 1498 1363 orthodoxorum
1533 1307 1847 1377 religionem
1877 1307 1964 1361 lu-

380 1401 555 1455 dibrio
587 1401 815 1454 habens.
847 1399 1137 1454 Enimvero
1160 1399 1342 1454 divina
1392 1399 1704 1462 clementia,
1743 1408 1963 1454 saneto-

380 1509 497 1545 rum
527 1492 1031 1556 intercessionibus,
1064 1491 1246 1547 mnltis
1295 1491 1555 1545 hactenus
1584 1491 1777 1553 modis,
1809 1489 1965 1544 Chri-

380 1586 586 1638 stianos
629 1584 696 1637 ah
761 1584 1044 1652 impiorum
1077 1598 1263 1636 errore
1294 1582 1551 1642 extraxit,
1589 1589 1749 1650 atque
1785 1581 1967 1636 scien-

379 1675 467 1727 tia:
517 1673 759 1727 veritatis
798 1674 981 1726 lumini
1017 1672 1275 1726 admovit.
1312 1671 1680 1725 Misericordia
1739 1685 1867 1723 vero
1911 1671 1964 1723 in

382 1778 555 1816 meam
592 1777 806 1830 quoque
847 1772 1022 1814 motus
1051 1760 1430 1825 humilitatem,
1486 1774 1594 1812 non
1623 1758 1747 1825 quia
1771 1760 1967 1827 dignus

2142 1027 2214 1084 B'.
2286 1028 2618 1099 Ἐγεννήθην
2655 1029 2763 1099 γὰρ
2814 1031 2910 1083 καὶ
2942 1031 3256 1103 ἅνετράφην
3282 1032 3339 1082 ἐν
3373 1031 3522 1102 μέσῳ
3549 1030 3663 1085 τῶν

2070 1122 2367 1190 αίρετικῶν
2411 1124 2506 1175 καὶ
2538 1123 2740 1188 ἀθέων,
2788 1123 2885 1177 καὶ
2912 1124 3184 1195 διδαχθεὶς
3225 1126 3283 1175 ἐν
3307 1123 3509 1187 πάσαις
3538 1127 3664 1187 ταῖς

2087 1215 2464 1279 διδασκαλίαις
2494 1216 2699 1283 αὐτῶν,
2728 1218 2823 1271 καὶ
2857 1218 3062 1289 σφόδρα
3095 1217 3356 1291 ὑϐριστὴς
3386 1218 3480 1271 καὶ
3508 1218 3665 1272 ἀντι-

2081 1306 2436 1376 τασσόμενος,
2489 1309 2586 1361 καὶ
2625 1308 2882 1380 λοιδορῶν
2909 1309 3008 1381 τὴν
3038 1308 3148 1364 τῶν
3185 1307 3530 1379 Χριστιανῶν
3563 1308 3665 1360 καὶ

2072 1398 2370 1470 ὀρθοδόξων
2397 1399 2725 1471 θρησκείαν.
2758 1402 2898 1455 Ἀλλ’
2921 1402 2954 1473 ἡ
2976 1402 3070 1456 τοῦ
3096 1402 3232 1456 Θεοῦ
3252 1401 3665 1471 φιλανθρωπία,

2071 1490 2159 1543 διὰ
2197 1491 2506 1561 πρεσϐειῶν
2527 1492 2637 1544 τῶν
2672 1492 2866 1561 ἁγίων,
2906 1491 3068 1562 μέχρι
3092 1490 3187 1545 τοῦ
3221 1490 3518 1562 παρόντος,
3559 1504 3667 1542 πο⁸

2073 1580 2359 1653 λυτρόπως
2390 1584 2701 1648 ἀνείλκυσε,
2750 1585 2880 1648 τοὺς
2916 1584 3282 1656 Χριστιανοὺς
3328 1584 3393 1636 ἐκ
3421 1581 3522 1651 τῆς
3549 1580 3667 1633 τῶν

2074 1672 2251 1726 ἀθέων
2298 1673 2528 1745 πλάνης,
2569 1677 2665 1728 καὶ
2702 1675 2837 1745 πρὸς
2877 1676 2938 1729 τὸ
2979 1674 3097 1745 φῶς
3125 1675 3229 1745 τῆς
3265 1673 3526 1743 γνώσεως
3564 1673 3670 1742 τῆς

2076 1764 2336 1832 ἀληθείας
2362 1766 2697 1837 προσέφερε.
2734 1766 3182 1837 Σπλαγχνισθεπς
3215 1765 3274 1819 δὲ
3308 1765 3404 1818 καὶ
3446 1765 3541 1818 ἐπὶ
3565 1766 3673 1833 τὴν

384 1871 587 1918 essem,
642 1854 735 1909 sed
792 1862 1011 1923 prOpter
1067 1868 1218 1906 suam
1281 1851 1734 1915 misericordiam,
1776 1851 1971 1905 mentis

2085 1856 2215 1925 ἐμὴν
2254 1857 2609 1921 ταπείνωσιν,
2661 1859 2756 1910 καὶ
2802 1858 2925 1929 οὐχὶ
2965 1857 3057 1911 διὰ
3100 1856 3163 1911 τὸ
3205 1852 3346 1910 εἷναί
3381 1873 3448 1926 με
3483 1855 3666 1920 ἄξιον,

382 1960 514 1999 mea:
555 1945 765 2014 aperuit
790 1944 972 1997 oculos
997 1959 1061 1998 ac
1100 1944 1533 2014 intelligentiam,
1562 1942 1788 2008 utquod
1821 1942 1973 2011 pejus

381 2042 547 2097 esset,
606 2048 633 2085 a
664 2033 873 2087 meliori
929 2033 1317 2098 discernerent,
1352 2048 1415 2086 ac
1456 2033 1649 2102 impias
1681 2033 1965 2087 haaretico-

379 2142 500 2180 rum
551 2126 871 2180 traditiones
918 2124 1070 2179 ﬂocci
1106 2128 1417 2196 penderem,
1466 2125 1718 2194 malaque
1770 2140 1833 2179 ac
1880 2140 1978 2178 ex-

381 2215 643 2271 secranda
686 2229 870 2268 eorum
903 2223 1044 2280 acta,
1082 2229 1112 2267 a
1141 2213 1579 2268 Christianorum
1619 2227 1681 2266 ac
1712 2211 1976 2265 orthodo-

383 2323 572 2360 xormn
637 2306 739 2360 (ide
784 2320 1095 2373 separarem
1127 2306 1410 2375 :ceepique
1461 2305 1780 2375 praedicare,
1842 2318 1981 2372 eque

387 2400 685 2470 Scriptnris
742 2398 1003 2453 divinitus
1058 2397 1353 2466 inspiratis,
1417 2411 1536 2463 qua:
1584 2398 1649 2449 ab
1712 2395 1981 2450 haereticis

392 2492 645 2560 dogmata
680 2490 889 2545 occulta
921 2499 1180 2545 essentac
1215 2489 1421 2559 ignota,
1450 2487 1750 2558 divulgare.
1781 2488 1982 2553 Quatu—

384 2581 570 2634 obrem
601 2580 742 2648 apud
776 2594 988 2641 omnes,
1032 2594 1119 2633 res
1181 2593 1317 2632 meae
1346 2577 1706 2647 percrebuere
1736 2593 1753 2632 :
1783 2590 1978 2644 quam-

384 2684 489 2738 que
517 2670 641 2723 olim
667 2670 731 2723 ad
754 2683 847 2723 eos
876 2669 1227 2723 dilectionem
1255 2678 1309 2721 et
1339 2666 1637 2721 amicitiam
1689 2666 1979 2730 habebam,

387 2760 441 2813 iu
504 2759 843 2815 inimicitiam
898 2760 1067 2815 cessit
1117 2768 1170 2813 et
1205 2760 1386 2814 odium
1428 2774 1492 2812 ac
1544 2758 1835 2812 maximam
1875 2772 1978 2827 pun

393 2866 554 2920 gnam
591 2869 605 2907 :
640 2852 881 2921 adeoque
937 2859 1189 2922 cogentes
1243 2850 1551 2915 consilium,
1609 2848 1776 2905 semel
1805 2850 1983 2904 etite-

404 2958 544 3007 rum,
600 2944 888 3011 tertioque,
941 2945 992 2997 in
1020 2958 1163 3007 eam,
1203 2959 1323 2997 cum
1358 2941 1737 2996 Armeniorum
1767 2940 1982 3011 episco—

395 3035 500 3103 pis,
551 3044 603 3088 et
658 3035 1006 3105 presbyteris,
1033 3050 1098 3088 ac
1162 3036 1363 3103 reliqua
1423 3033 1598 3103 plebe,
1655 3032 1982 3087 sententiam

396 3130 655 3192 inierunt,
692 3137 748 3181 ut
797 3142 880 3181 me
938 3127 1321 3181 interﬁcerent.
1364 3125 1624 3180 chebant
1661 3124 1805 3178 enim
1859 3136 1982 3176 eum

2078 1947 2214 2002 ἀλλὰ
2245 1949 2334 2002 διὰ
2364 1949 2463 2020 τὴν
2510 1950 2675 2003 αὐτοῦ
2714 1951 3141 2022 εὐσπλαγχνίαν,
3181 1951 3275 2003 καὶ
3300 1949 3573 2014 διανοίξας
3602 1948 3676 2002 τὰ

2077 2036 2173 2090 τοῦ
2205 2039 2326 2096 νοός
2358 2055 2460 2107 μου
2488 2037 2738 2107 ὄμματα,
2767 2039 2864 2092 καὶ
2887 2038 2987 2110 τὴν
3021 2037 3286 2100 διάνοιαν,
3315 2035 3411 2088 τοῦ
3452 2034 3673 2104 διακρῖ-

2079 2142 2167 2177 ναι
2196 2125 2254 2178 τὸ
2281 2127 2463 2195 χεῖρον
2497 2126 2606 2178 ἀπὸ
2650 2125 2745 2179 τοῦ
2787 2127 3122 2197 κρείττονος,
3158 2126 3254 2179 καὶ
3285 2124 3675 2193 διαφαυλῶσαι

2079 2214 2177 2277 τὰς
2205 2214 2316 2267 τῶν
2355 2215 2662 2286 αίρετικῶν
2700 2215 2895 2279 ἀθέους
2947 2216 3302 2289 παραδόσεις,
3351 2217 3444 2268 καὶ
3472 2214 3681 2285 διαχω-

2083 2308 2235 2378 ρίσαι
2275 2308 2374 2370 τὰς
2411 2308 2657 2381 πονηρὰς
2693 2311 2788 2363 καὶ
2840 2309 3142 2381 βδελυκτὰς
3189 2309 3373 2363 αὐτῶν
3410 2307 3671 2377 πράξεις,

2082 2400 2147 2452 ἐκ
2172 2398 2273 2468 τῆς
2297 2399 2407 2452 τῶν
2444 2401 2790 2470 Χριστιανῶν
2824 2401 2919 2455 καὶ
2942 2400 3243 2472 ὀρθοδόξων
3276 2401 3515 2463 πίστεως
3536 2415 3551 2432 ·
3576 2400 3678 2453 καὶ

2080 2489 2337 2560 ἠρξάμην
2364 2490 2687 2559 κηρύττειν,
2716 2491 2813 2545 καὶ
2843 2490 3125 2547 διαλαλεῖν
3155 2495 3220 2548 ἐκ
3263 2492 3370 2545 τῶν
3405 2490 3675 2545 θεοπνεύ-

2085 2597 2227 2633 στων
2258 2581 2511 2652 Γραφῶν,
2544 2581 2609 2634 τὰ
2637 2584 2788 2653 παρὰ
2815 2583 2923 2637 τῶν
2953 2584 3250 2655 αίρετικῶν
3274 2584 3677 2654 κεκαλυμμένα

2084 2673 2178 2725 καὶ
2206 2672 2549 2742 ἀγνοούμενα
2582 2674 2854 2744 δόγματα.
2893 2676 3061 2729 Ὥστε
3097 2675 3392 2747 διελαλήθη
3438 2677 3509 2731 τὰ
3540 2678 3675 2749 περὶ

2085 2763 2220 2833 ἐμοῦ
2252 2764 2346 2818 ἐπὶ
2375 2767 2510 2818 πᾶσι
2534 2782 2550 2798 ·
2582 2767 2679 2818 καὶ
2721 2767 2755 2833 ή
2790 2765 2983 2838 πρώην
3016 2767 3207 2839 ἀγάπη
3249 2768 3344 2821 καὶ
3375 2768 3675 2839 συμφιλία,

2084 2857 2152 2929 ἣν
2192 2852 2339 2927 εἶχον
2388 2858 2526 2928 πρδς
2576 2859 2794 2922 αὐτοὺς,
2823 2860 3147 2931 μετετράπη
3199 2861 3280 2923 είς
3328 2860 3532 2931 ἔχθραν
3574 2860 3682 2914 καὶ

2092 2950 2269 3017 μῖσος,
2310 2951 2405 3003 καὶ
2434 2953 2517 3012 είς
2541 2949 2759 3003 τελείαν
2794 2951 2996 3023 μάχην,
3028 2951 3170 3006 ὥστε
3204 2951 3677 3022 συνεδριάσαντες,

2088 3044 2184 3093 καὶ
2222 3041 2374 3106 ἅπαξ
2404 3043 2501 3095 καὶ
2550 3042 2656 3107 δὶς,
2689 3043 2784 3096 καὶ
2812 3045 2954 3114 τρὶς,
3002 3044 3099 3098 καὶ
3133 3044 3678 3115 συμϐουλευσάμενοι

2096 3128 2236 3197 μετὰ
2263 3128 2373 3183 τῶν
2418 3129 2726 3201 Ἀρμενίων
2773 3133 3091 3188 ἐπισκόπων
3119 3136 3213 3187 καὶ
3256 3134 3674 3206 πρεσϐυτέρων,

388 3221 481 3291 qui
532 3236 618 3275 me
671 3222 903 3274 traderet
922 3234 985 3273 ac
1013 3219 1324 3283 occideret,
1380 3226 1730 3287 peccatorum
1764 3214 1980 3269 veniam

2091 3222 2186 3275 καὶ
2216 3220 2309 3275 τοῦ
2366 3222 2558 3277 λοιποῦ
2613 3224 2766 3293 λαοῦ,
2802 3224 2896 3279 τοῦ
2952 3226 3267 3281 θανατῶσαι
3311 3244 3401 3297 με.
3444 3227 3677 3296 Ἔλεγον

390 3321 799 3381 percepturum,
845 3322 1009 3378 utque
1030 3324 1181 3363 meus
1239 3309 1461 3378 sanguis
1510 3321 1673 3375 super
1705 3319 1797 3361 eos
1821 3315 1985 3369 esset,

392 3418 456 3457 ac
490 3405 628 3457 lilius
674 3416 884 3456 eorum.
910 3400 1046 3455 Tum
1076 3415 1202 3454 vero
1239 3401 1497 3468 scriptam
1535 3398 1716 3452 multae
1767 3408 1991 3453 senten-

398 3492 547 3551 tiam.
592 3507 653 3546 ac
688 3492 899 3561 plenam
933 3494 1008 3544 ira
1061 3491 1112 3544 in
1144 3491 1257 3546 haec
1275 3489 1436 3544 verba
1462 3490 1730 3544 miserunt
1760 3506 1775 3542 :
1813 3505 1832 3539 ι
1862 3486 1989 3541 ΝιιΙο

392 3581 497 3635 lam
545 3595 766 3647 prorsus
818 3580 990 3635 sacris
1033 3581 1291 3648 operandi
1326 3587 1650 3648 potestatem
1702 3580 1893 3643 habes,
1924 3593 1989 3631 eo

393 3674 537 3742 quod
610 3674 679 3728 ab
735 3674 1121 3728 Armeniorum
1155 3681 1208 3728 te
1258 3673 1519 3742 religione
1557 3673 1920 3742 separaveris.
1963 3688 1981 3721 ι

391 3765 463 3817 At
517 3778 617 3833 ego
670 3764 837 3818 multo
871 3764 1068 3834 gaudio
1131 3763 1197 3816 ad
1248 3777 1344 3818 eos
1374 3763 1626 3833 rescripsi
1663 3780 1678 3819 :
1722 3781 1741 3814 ι
1778 3762 1986 3817 Nedum

392 3855 777 3919 sacerdotium,
837 3854 1133 3921 quodnon
1220 3853 1407 3917 habui,
1488 3852 1714 3922 repudio
1736 3855 1757 3905 ‘:
1792 3867 1982 3907 verum

392 3948 556 4001 etiam
619 3947 925 4016 episcopos,
989 3961 1051 4000 ac
1093 3945 1409 4016 religionem
1471 3954 1708 4000 vestram
1745 3943 1989 3999 detestor

393 4056 459 4094 ac
494 4040 752 4093 devoveo.
786 4037 994 4093 Idcirco
1029 4038 1096 4092 ad
1159 4037 1490 4107 ineulpatam
1518 4051 1582 4090 ac
1605 4050 1790 4091 veram
1825 4035 1984 4092 fidem

393 4129 630 4199 confugi,
668 4140 831 4199 atque
850 4130 916 4183 ad
940 4130 1341 4185 sanctissimam
1368 4129 1706 4197 metropolim
1732 4130 1941 4183 recurri
1970 4144 1986 4182 :
2036 4144 2046 4152 ·

394 4235 458 4274 ac
496 4222 691 4274 amodo
728 4221 1004 4282 delector,
1056 4220 1321 4288 valdeque
1352 4219 1719 4274 exsecrandas
1745 4233 1809 4274 ac
1851 4219 1989 4273 mul-

395 4324 478 4366 tas
548 4313 779 4366 haereses
830 4323 1043 4365 vestras
1100 4309 1384 4363 traducere
1441 4324 1505 4364 ac
1569 4310 1743 4376 palam
1810 4310 1990 4365 lacere

398 4403 580 4474 cupio.
631 4423 650 4455 ι

468 4703 557 4759 Ill.
616 4702 754 4756 Aliae
800 4702 941 4756 enim
976 4714 1165 4755 eorum
1217 4698 1453 4753 haereses
1486 4694 1787 4750 manifestae
1823 4706 1974 4761 sunt,

395 4798 516 4853 alia:
579 4795 826 4860 occulta,
859 4808 1089 4862 quarum
1124 4806 1223 4861 ego
1263 4804 1385 4844 cum
1418 4789 1525 4843 illis
1549 4803 1654 4842 una
1704 4788 1889 4843 socius
1915 4801 1982 4842 ac

395 4889 666 4958 particeps
725 4886 822 4940 fui.
877 4882 1037 4940 Nunc
1064 4898 1193 4937 vero
1228 4884 1478 4952 praesenti
1514 4881 1737 4950 scripto,
1771 4882 1984 4936 illorum

398 4979 667 5050 ejusmodi
709 4979 944 5031 haereses
1002 4974 1272 5029 declaravi
1305 4990 1317 5025 :
1352 4972 1580 5042 singulis
1618 4972 1843 5028 vocibus
1891 4986 1988 5041 per

399 5081 509 5126 tres
542 5069 857 5134 lestiﬁcans,
880 5083 1010 5136 rego
1044 5081 1139 5135 per
1160 5081 1275 5125 eos.
1303 5080 1369 5119 ac
1387 5078 1705 5118 commoneo
1740 5073 1980 5125 sanctos,

396 5178 461 5217 ac
508 5177 535 5213 a
580 5161 685 5213 Deo
733 5158 939 5212 amatos
989 5158 1287 5220 auditores,
1344 5163 1402 5208 ut
1467 5171 1531 5209 ex
1571 5156 1636 5209 iis
1673 5156 1982 5209 accuratius

397 5252 747 5323 perspimant,
784 5263 890 5318 quo
923 5249 1068 5318 digni
1107 5250 1214 5302 sint
1244 5248 1448 5302 honore
1478 5247 1568 5314 qui
1603 5247 1701 5300 ista
1733 5247 1984 5315 sapiunt:

396 5356 559 5416 utque
588 5343 934 5399 exsecranda:
953 5342 1160 5394 illorum
1180 5342 1413 5394 hatreses
1445 5339 1712 5409 fugienda:
1736 5341 1846 5393 sint
1871 5356 1885 5404 ;
1911 5340 1989 5393 sic

376 5441 609 5505 quidem
635 5437 823 5491 scribit
855 5434 1076 5502 Magnus
1105 5433 1315 5502 Moyses
1348 5452 1363 5488 :
1410 5433 1590 5488 Videte
1621 5449 1682 5488 ne
1701 5449 1806 5502 qua
1830 5433 1987 5484 radix

404 5524 774 5577 amaritudinis
824 5539 1032 5577 sursum
1076 5523 1401 5592 germinans,
1457 5532 1507 5578 et
1547 5538 1640 5593 per
1661 5521 1984 5590 eaminqni-

412 5624 517 5665 mu
586 5612 775 5665 multo:
818 5611 886 5664 ”.
915 5609 1053 5666 Nam
1090 5621 1144 5667 et
1176 5611 1316 5665 Esau
1364 5612 1659 5668 fornicator
1694 5627 1756 5667 ac
1806 5610 1989 5681 profa-

468 5734 514 5766 "
576 5731 729 5786 Deut.
791 5746 946 5797 XXIX,
980 5733 1086 5800 25;
1114 5731 1281 5788 Hebr.
1324 5748 1424 5795 xu,
1460 5733 1546 5788 15.

468 5829 579 5903 (58)
609 5830 761 5884 Deest
795 5824 1156 5899 Εὐαγγελίου,
1184 5829 1218 5900 ἦ
1242 5845 1296 5881 τι
1327 5827 1558 5882 τοιοῦτο.

2090 3314 2223 3386 γὰρ,
2261 3316 2342 3369 ὅτι
2374 3316 2401 3369 ὁ
2433 3316 2751 3387 ἐγχειρίσας
2776 3318 2940 3372 αὐτὸν
2969 3304 3065 3372 κάι
3094 3317 3439 3384 θανατώσας,
3460 3336 3683 3391 συγχω-

2097 3409 2436 3478 ρηθήσονται
2473 3408 2624 3480 αύτῷ
2664 3411 2722 3463 al
2767 3412 3035 3481 ἁμαρτίαι
3077 3411 3247 3466 αὐτοῦ
3269 3427 3283 3443 ⁸
3310 3412 3407 3466 καὶ
3441 3413 3501 3466 τὸ
3533 3408 3680 3483 αἷμα

2096 3500 2264 3553 αὐτοῦ
2295 3501 2383 3570 ἐφ’
2422 3503 2594 3572 ἡμᾶς,
2642 3503 2737 3555 καὶ
2771 3503 2866 3557 ἐπὶ
2911 3503 2982 3556 τά
3020 3505 3189 3558 τέκνα
3218 3503 3400 3576 ἡμῶν.
3432 3504 3588 3559 Μετὰ
3620 3505 3680 3560 δέ

2092 3592 2269 3646 ταῦτα
2291 3594 2511 3662 γραφὰς
2537 3595 2856 3665 ἐπιτιμίων,
2881 3597 2977 3650 καὶ
3013 3597 3187 3667 ὀργῆς
3217 3597 3465 3668 μεγάλης
3494 3598 3678 3651 ἔστει-

2096 3680 2196 3733 λαν
2257 3681 2620 3752 πρὸςεήμᾶς,
2666 3684 2750 3738 ὅτι
2805 3704 2825 3737 ι
2856 3687 2975 3740 Οὐκ
3029 3686 3179 3756 ἔχεις
3228 3686 3482 3754 ἐξουσίαν
3535 3686 3680 3751 ὅλως

2091 3771 2468 3842 ἱερουργῆσαι.
2492 3774 2618 3827 ἐπεὶ
2644 3774 2949 3846 ἀπέσχισάς
2985 3777 3216 3831 σεαυτὸν
3236 3777 3336 3847 τῆς
3375 3778 3681 3850 Ἀρμενίων

2096 3860 2425 3932 θρησκείας.
2467 3879 2487 3913 ι
2542 3860 2684 3930 Ἐγὼ
2718 3863 2775 3916 δὲ
2820 3863 2963 3933 μετὰ
3008 3868 3186 3936 χαρᾶς
3233 3866 3477 3938 μεγάλης
3521 3867 3682 3922 ἀντέ-

2100 3952 2294 4022 γραψα
2327 3954 2513 4018 αὐτοῖς
2538 3966 2553 3983 ⁸
2605 3954 2688 4007 ὅτι
2728 3971 2748 4005 ι
2786 3956 2862 4010 Οὐ
2909 3956 3071 4027 μόνον
3122 3958 3224 4029 τὴν
3274 3958 3578 4032 ίερωσύνην
3608 3960 3681 4030 ἢν

2089 4046 2190 4098 οὐκ
2232 4039 2381 4115 εῐχον
2414 4044 2797 4117 παραιτοῦμαι
2822 4065 2838 4081 ο
2868 4047 3008 4102 ἀλλὰ
3058 4048 3154 4103 καὶ
3192 4051 3319 4114 τοὺς
3349 4052 3685 4116 ἐπισκόπους

2095 4136 2191 4190 καὶ
2220 4136 2320 4205 τὴν
2344 4135 2644 4208 θρησκείαν
2677 4138 2831 4210 ὑμῶν
2859 4141 3218 4211 βδελύττομαι
3243 4143 3342 4197 καὶ
3384 4143 3676 4215 ἀναθεμα-

2088 4225 2226 4291 τίζω
2254 4243 2270 4259 ’
2297 4227 2385 4281 διὰ
2413 4226 2570 4281 τοῦτο
2606 4229 2957 4299 προσέφυγον
2986 4234 3054 4302 τῇ
3098 4234 3390 4304 ἀμωμήτῳ
3423 4234 3518 4289 καὶ
3546 4235 3684 4305 ἀλη-

2091 4317 2212 4389 θινῇ
2272 4318 2479 4382 πίστει,
2524 4322 2620 4374 καὶ
2667 4321 2805 4392 πρὸς
2836 4322 2936 4394 τὴν
2974 4325 3295 4393 ἀγιωτάτην
3340 4326 3683 4398 μητρόπολιν

2092 4409 2399 4482 ἀνέδραμον
2430 4427 2444 4442 ο
2486 4414 2581 4467 καὶ
2624 4412 2685 4466 ἐκ
2716 4430 2839 4467 τοτε
2873 4414 3172 4487 τέρπομαι,
3223 4418 3317 4471 καὶ
3350 4417 3493 4472 πάνυ
3521 4417 3680 4471 ποθῶ

2010 4535 2057 4591 D
2088 4499 2185 4554 τοῦ
2211 4501 2585 4572 στηλιτεῦσαι,
2638 4502 2731 4557 καὶ
2767 4504 3045 4576 κατάδηλα
3096 4507 3321 4576 ποιῆσαι
3371 4508 3465 4561 ἐπὶ
3514 4510 3680 4574 πᾶσι,

2085 4591 2185 4657 τὰς
2218 4592 2481 4663 βδελυράς
2508 4595 2604 4649 καὶ
2635 4593 2841 4658 πολλὰς
2865 4596 2896 4648 ὑ
2906 4597 3022 4666 μῶν
3048 4599 3313 4666 αἱρέσεις.

2078 4732 2081 4737 .
2164 4688 2243 4743 Γ’.
2287 4687 2484 4741 ’Δλλαι
2514 4688 2624 4758 γάρ
2668 4689 2774 4741 είσι
2805 4692 3041 4759 φανεραὶ⁵
3082 4692 3149 4743 τὰ
3186 4696 3315 4760 περὶ
3341 4694 3547 4759 αὐτῶν,
3582 4694 3681 4748 καὶ

2088 4776 2251 4831 ἄλλαι
2284 4778 2393 4830 εἰσὶ
2426 4778 2846 4849 κεκαλυμμέναι
2876 4794 2893 4811 °
2928 4780 3075 4851 ἆπερ
3104 4780 3262 4851 κάγὼ
3292 4784 3480 4847 αὐτοῖς
3513 4802 3677 4839 συνε-

2093 4860 2390 4924 κοινώνουν
2416 4885 2431 4901 '
2455 4871 2553 4924 καὶ
2575 4873 2686 4926 ἰδοὺ
2709 4871 2801 4925 διὰ
2818 4872 2917 4942 τῆς
2935 4874 3219 4944 παρούσης
3248 4874 3406 4944 ἡμῶν
3432 4877 3679 4946 γραφῆς,

2097 4962 2426 5033 ἐφανέρωσα
2471 4964 2571 5025 τὰς
2618 4965 2800 5017 αὐτῶν
2840 4966 3107 5037 αἱρέσεις,
3141 4967 3238 5021 καὶ
3293 4968 3497 5039 ἑκάστῃ
3531 4968 3681 5034 λέξει

2095 5055 2182 5108 διὰ
2213 5057 2383 5127 τριῶν
2416 5058 2735 5128 μαρτύρων,
2768 5058 2954 5111 πεύθω
2984 5058 3103 5129 μετ’
3128 5060 3323 5124 αὐτοὺς
3354 5060 3446 5112 καὶ
3476 5059 3682 5128 ὑπομι-

2096 5152 2331 5221 μνήσκω
2356 5153 2481 5213 τοὺς
2515 5153 2708 5219 ἁγίους
2732 5152 2828 5207 καὶ
2865 5151 3159 5221 θεοφόρους
3203 5154 3504 5224 ἀκροατὰς,
3526 5153 3680 5214 ὅπως

2102 5242 2165 5305 ἐξ
2187 5240 2371 5295 αὐτῶν
2418 5244 2814 5314 ἀκριϐέστερον
2861 5245 3100 5314 μάθωσι,
3138 5247 3298 5306 ποίας
3332 5246 3498 5315 τιμῆς
3537 5247 3681 5296 εἰσιν

2100 5335 2265 5427 ἄξιοὶ
2287 5337 2338 5386 οἱ
2383 5334 2560 5389 ταῦτα
2600 5336 2930 5406 φρονοῦντες
2956 5351 2970 5364 ⁸
3000 5338 3094 5389 καὶ
3129 5336 3246 5398 πῶς
3282 5338 3364 5389 δεῖ
3414 5338 3681 5404 ἐκφυγεῖν

2098 5428 2284 5480 αὐτῶν
2314 5429 2413 5489 τὰς
2472 5428 2736 5497 βδελυρὰς
2760 5429 3028 5498 αἱρέσεις.
3073 5429 3226 5481 Ἐπεὶ
3249 5431 3277 5483 ὁ
3307 5429 3480 5499 μέγας
3512 5429 3680 5481 Μωῡ-

2098 5518 2199 5583 σῆς
2229 5517 2433 5586 γράφει
2469 5530 2486 5546 ·
2516 5514 2781 5568 Βλέπετε
2822 5514 2907 5583 μή
2960 5532 3050 5581 τις
3089 5515 3223 5583 ῥίζα
3273 5516 3513 5584 πικρίας
3554 5516 3672 5583 (59)

2096 5611 2151 5663 ἁ.
2175 5625 2254 5677 αφ
2264 5608 2454 5672 υεῐσα,
2476 5608 2571 5661 καὶ
2593 5606 2667 5658 δι’
2686 5610 2795 5659 ait:
2808 5606 2878 5674 ἧς
2899 5606 3173 5673 πολλοὺς
3191 5608 3678 5675 καταῤῥυπῶσιν.

2171 5824 2282 5895 (59)
2317 5823 2477 5879 Forte
2505 5823 2617 5877 ἅνω
2648 5821 2875 5890 φύουσα.
