4088 6420
289 370 418 436 ιεει

1351 369 1634 430 ORATIO
1661 369 1708 432 ΙΙ
1745 367 2044 428 CONTRA
2081 369 2124 424 Α
2139 367 2504 429 BMENIOS.

3414 367 3556 432 1222

296 489 450 540 Ἐπεὶ
482 487 576 539 καὶ
609 489 636 539 6
677 484 850 538 Ἠσαῦ
887 486 1084 557 πόρνος
1116 487 1212 539 καὶ
1236 485 1490 556 βδελυρὸς
1514 485 1744 556 ἐκλήθη,
1768 484 1864 536 καὶ

1980 495 2073 534 nus
2102 482 2404 549 appellatus
2429 493 2532 547 est,
2563 489 2726 550 alque
2759 497 2786 532 a
2825 482 3106 534 duodecim
3143 482 3556 552 tribttutn,quas

281 577 612 646 διεχωρίσοη
648 578 710 628 ὲκ
739 577 847 627 τῶν
874 574 940 644 ιβ’
972 575 1176 644 φυλῶν,
1214 574 1281 638 ἃς
1315 574 1530 641 ἐδέξατο
1561 576 1590 626 6
1625 574 1760 636 Θεὸς
1791 575 1870 635 εἰς

284 669 654 738 κληρονομίαν
705 666 902 719 ἑαυτοῦ
931 685 944 697 ·
987 669 1072 720 ὅτι
1101 667 1190 720 διὰ
1227 668 1356 736 μιᾶς
1409 665 1665 735 βρώσεως
1697 663 1872 730 παρέ-

285 761 428 812 δωκε
456 760 553 830 τὴν
596 761 1009 829 πρωτοτοκυῖαν
1059 758 1226 813 αὐτοῦ
1254 777 1266 790 ο
1307 759 1458 828 πόσῳ
1498 757 1700 826 μᾶλλον
1753 757 1870 824 βδε-

285 853 602 922 λυκτότεροι
632 850 1014 921 τυγχάνουσιν,
1043 853 1092 906 οἱ
1122 855 1220 921 τῆς
1252 850 1621 919 ἀποστολικῆς
1649 849 1743 902 καὶ
1769 865 1872 900 κα-

287 943 513 1012 θολικῆς
562 943 888 1014 Ἐκκλησίας
918 943 1400 1014 ἀλλοτριωθέντες,
1422 942 1517 994 καὶ
1550 941 1691 1007 ξένοι
1718 941 1874 1008 γενό-

292 1053 442 1104 μενοι
478 1034 576 1102 τ’ἦς
617 1036 924 1104 ἀμωμήτου
961 1037 1218 1097 πίστεως,
1267 1034 1386 1103 ἅμα
1431 1034 1540 1086 τῶν
1574 1033 1745 1100 ἁγίων
1779 1033 1873 1084 καὶ

287 1123 660 1178 αποστολικῶν
693 1125 918 1195 θρόνων.
952 1127 1060 1178 Καὶ
1100 1125 1356 1178 Ἰωνάθαν
1387 1123 1499 1194 (60)
1527 1123 1736 1190 ἀγνοῶν
1765 1139 1873 1175 πα·-

295 1215 429 1286 ρέὀη
457 1216 553 1286 τὴν
589 1217 810 1288 ἐντολὴν
843 1218 938 1271 τοῦ
963 1219 1172 1288 πατρὸς
1203 1216 1368 1272 αὐτοῦ
1408 1216 1580 1270 Σαοὺλ
1606 1217 1664 1268 ὲν
1697 1215 1873 1286 καιρῷ

292 1310 653 1379 παρατάξεως
689 1310 778 1363 διά
801 1311 1152 1381 βραχυτάτης
1179 1311 1457 1382 βρώσεως,
1491 1310 1673 1378 ψῆφον
1703 1307 1874 1362 θανά-

291 1419 386 1456 του
418 1401 656 1467 ὲδὲξατο.
689 1400 755 1456 Τί
778 1402 844 1457 ἂν
866 1405 1076 1474 εἴποιμι
1101 1404 1229 1474 περὶ
1255 1404 1359 1455 τῶν
1385 1402 1666 1465 τοιούτων,
1689 1402 1740 1453 οἱ
1766 1400 1874 1454 τῶν

289 1493 466 1564 ἁγίων
505 1495 850 1559 ἀποστόλων,
883 1496 976 1548 κα)¹
1014 1496 1126 1549 τῶν
1149 1495 1306 1549 θείων
1347 1494 1608 1563 Πατέρων
1643 1493 1874 1545 ἐντολῶν

293 1585 610 1655 παραϐάται
641 1627 655 1652 ,
685 1588 780 1640 καὶ
825 1589 895 1640 τὰ
922 1587 1032 1640 τῶν
1076 1587 1345 1656 Ἐϐραίων
1375 1584 1738 1655 φρονούντων.
1767 1583 1876 1636 Καὶ

292 1683 322 1734 6
349 1680 514 1732 Aa6‘tr3
544 1682 572 1732 6
617 1681 906 1751 προφήτης
937 1681 1024 1733 διὰ
1070 1681 1129 1732 τὸ
1177 1677 1602 1748 ἀπογράψασθαι
1641 1679 1740 1738 τάς
1783 1675 1874 1728 ὑπ’

295 1771 464 1826 αὑτοῦ
515 1771 817 1841 βασιλείας,
852 1772 1022 1843 ὀργὴν
1052 1771 1187 1823 Θεοῦ
1207 1771 1574 1834 ἐπεσπάσατο,
1597 1769 1691 1821 καὶ
1723 1769 1873 1821 6660-

1977 573 2117 625 Deus
2166 574 2232 628 ad
2289 574 2654 628 haereditatem
2719 573 2993 642 elegisset,
3055 583 3201 628 sorte
3250 575 3552 642 abdicatus,

1974 667 2114 729 quod
2145 674 2364 732 prepter
2391 680 2552 717 unam
2579 678 2757 717 escam
2796 661 3066 730 p’rimitiva
3097 677 3193 717 Sua
3233 665 3546 728 tradiderit;

1973 763 2180 820 quanto
2241 757 2412 824 magis
2445 753 2653 824 profani
2690 769 2753 808 ac
2797 755 2922 808 odio
2951 757 3332 822 prosequendi,
3363 759 3451 823 qui
3481 758 3555 811 ab

1974 849 2267 914 apostolica
2323 862 2487 919 atque
2536 851 2799 904 catholica
2842 849 3079 905 Ecclesia
3129 850 3254 903 facti
3285 851 3552 914 alieni,ae

1973 940 2213 990 extranei
2270 937 2334 991 ab
2363 940 2627 1008 inculpata
2672 941 2792 1003 lide,
2833 955 2862 992 a
2908 942 3111 994 sanctis
3163 942 3552 1010 etapostolicis

1979 1029 2187 1083 thronis
2220 1031 2420 1099 pariter
2449 1032 2800 1087 defecerunt?
2853 1032 3114 1086 Jonathas
3139 1049 3373 1102 quoque,
3406 1036 3551 1103 igno-

1978 1120 2151 1173 rantia
2206 1131 2578 1189 transgressus
2642 1124 2813 1192 patris
2867 1133 3192 1193 praeceptum
3240 1127 3338 1178 sub
3373 1127 3547 1193 ipsum

1975 1213 2147 1281 pradii
2189 1226 2396 1281 tempus
2424 1225 2634 1284 gustato
2658 1216 2866 1270 modico
2898 1217 3073 1278 melle,
3110 1219 3296 1271 mortis
3331 1230 3554 1272 senten-

1982 1305 2111 1357 tiam
2162 1307 2392 1373 excepit.
2447 1307 2585 1372 Quid
2656 1323 2781 1362 vero
2822 1310 2888 1363 de
2925 1311 3119 1366 talibus
3177 1311 3425 1376 dixerim,
3458 1311 3552 1380 qui

1975 1407 2285 1451 sanctorum
2315 1400 2706 1468 apostolorum,
2744 1416 2806 1455 ac
2837 1402 3142 1456 divinorum
3163 1403 3378 1457 Patrum
3403 1414 3556 1458 man-

1976 1489 2100 1540 data
2137 1489 2624 1557 transgrediantur,
2654 1506 2716 1545 ac
2747 1493 2960 1560 sapiant
2985 1507 3104 1562 quas
3130 1503 3254 1548 sunt
3302 1494 3556 1549 Hebraeo-

1976 1580 2136 1632 rum?
2172 1581 2338 1634 David
2379 1583 2502 1635 item
2525 1585 2807 1652 propheta,
2843 1583 3116 1652 subjectos
3148 1587 3370 1653 imperio
3392 1601 3558 1655 p0pu-

1979 1672 2057 1726 los
2074 1673 2409 1735 describens,
2451 1675 2541 1726 Dei
2571 1675 2706 1729 iram
2733 1679 2953 1731 attraxit
2980 1693 3194 1746 unaque
3223 1678 3307 1732 die
3335 1688 3558 1747 septua-

1979 1765 2122 1830 ginta
2157 1765 2439 1817 hominum
2496 1766 2659 1819 millia
2702 1778 2875 1821 morte
2907 1769 3118 1822 sublata
3154 1780 3282 1824 sunt
3314 1786 3328 1824 :
3361 1771 3556 1840 potiori

299 1829 544 1934 μήκοντα
596 1829 828 1933 χιλιάδες
873 1829 942 1916 έν.
980 1829 1090 1934 ’μιᾷ
1135 1863 1318 1933 ἡμέρᾳ
1348 1860 1621 1914 ἀπέθανον
1645 1875 1658 1890 ·
1693 1858 1873 1928 πολλῴ

1980 1851 2095 1919 iure
2128 1855 2410 1907 animabus
2433 1865 2658 1908 mortem
2704 1856 3100 1920 consciverunt,
3124 1859 3212 1926 qui
3259 1858 3559 1913 adversan-

301 1956 500 2027 μᾶλλον
524 1957 749 2011 θάνατον
765 1956 953 2026 ψυχῶν
979 1957 1326 2028 εἰργάσαντο,
1353 1956 1400 2006 οἱ
1427 1955 1496 2006 τὰ
1526 1953 1743 2018 ζιζάνια
1765 1952 1873 2004 τῶν

297 2047 584 2120 θεομάχων
652 2049 920 2120 Ἐϐραίων
970 2050 1423 2120 διασπείραντες,
1476 2048 1569 2101 ἐπὶ
1614 2047 1872 2100 τοσούτου

299 2141 432 2193 λαοῦ
477 2142 572 2194 καὶ
609 2142 783 2212 δήμου
809 2159 823 2173 ’
867 2142 994 2194 ἐπεὶ
1030 2143 1122 2195 καὶ
1153 2144 1180 2194 6
1220 2141 1393 2210 μέγας
1435 2139 1647 2204 Παῦλος
1678 2139 1823 2206 λέγει
1856 2156 1870 2169 ’

298 2236 380 2288 ὅτι
401 2235 708 2302 Αίρετικὸν
729 2236 1047 2302 ἄνθρωπον
1076 2234 1224 2303 μετὰ
1251 2235 1422 2302 μίαν,
1447 2233 1547 2287 καί
1584 2233 1875 2299 δευτέραν

296 2326 626 2380 νοιθεσίαν
653 2326 964 2396 παραιτοῦ.
1004 2327 1114 2379 Καὶ
1149 2330 1176 2379 6
1219 2327 1446 2386 ’Πσαῖας
1497 2326 1698 2395 φησιν’
1745 2325 1878 2389 Ἐξ·-

296 2419 504 2472 έλθετε
552 2418 652 2471 καί
680 2417 1154 2487 διαμακρύνθητε
1184 2417 1470 2486 διαμέσον
1508 2418 1728 2481 αὐτῶν,
1776 2417 1874 2470 καὶ

297 2510 649 2579 ἀκαθάρτων
690 2511 776 2581 μὴ
828 2511 1108 2566 ἅπτεσθε.
1166 2513 1274 2564 Ka‘t
1321 2512 1430 2564 ἰδοὺ
1479 2509 1590 2577 ἐγὼ
1618 2509 1875 2580 ἠρξάμην

299 2604 616 2675 κηρύττειν.
648 2607 704 2657 ὲν
810 2605 1018 2677 ἑκάστῃ
1042 2603 1204 2666 λέξει.

662 2703 732 2750 α’.
758 2697 998 2764 Αἵρεσις
1025 2695 1144 2748 τῶν
1185 2696 1517 2764 Ἀρμενίων.

372 2789 446 2846 Δ’.
487 2792 608 2845 ’Ότι
642 2791 734 2844 τὸν
761 2791 887 2844 Υἱὺν
919 2790 1014 2843 τοῦ
1060 2789 1195 2843 Θεοῦ
1229 2789 1575 2859 ὁμολογοῦσι,
1617 2791 1744 2858 μίαν
1771 2788 1874 2858 φύ-

302 2900 410 2947 σιν,
445 2884 539 2936 καὶ
578 2882 705 2952 μίαν
751 2882 991 2951 θέλησιν,
1027 2881 1122 2934 καὶ
1166 2879 1292 2951 μίαν
1326 2879 1609 2950 ἐνέργειαν
1655 2879 1823 2950 ἔχειν,
1849 2881 1876 2933 ὅ

1978 1948 2110 1997 titttn
2164 1943 2274 1998 Deo
2324 1946 2668 2000 Hebraeorum
2706 1949 2934 2012 zizania,
2987 1949 3040 2002 in
3079 1960 3228 2002 tanto
3261 1953 3459 2019 populo
3491 1968 3556 2006 ac

1977 2039 2129 2107 plebe
2174 2040 2531 2093 seminarunt.
2586 2041 2816 2106 Quando
2854 2041 3015 2095 etiam
3067 2059 3294 2112 magnus
3357 2042 3556 2098 Paulus

1975 2129 2095 2184 ait:
2161 2129 2481 2184 ereticnm
2522 2132 2780 2185 hominem
2831 2143 2945 2200 post
3005 2151 3160 2187 unam
3192 2145 3240 2188 et
3273 2135 3557 2190 secundant

1977 2223 2352 2276 correctionem
2401 2221 2572 2276 devita
2602 2223 2666 2276 ⁸⁸⁸.
2711 2223 2878 2279 Isaias
2939 2240 3156 2294 quoque
3185 2227 3311 2280 dicit
3345 2225 3557 2290 :Exite,

1977 2328 2040 2366 ac
2099 2313 2284 2381 procul
2334 2315 2555 2368 recedite
2604 2316 2668 2368 de
2719 2316 2889 2368 medio
2954 2333 3154 2382 eorum,
3197 2329 3243 2370 et
3288 2320 3558 2372 immunda

1979 2403 2138 2458 nolite
2171 2416 2381 2475 tangere
2411 2405 2478 2458 “.
2510 2405 2588 2459 En
2623 2421 2748 2460 vero
2780 2423 3100 2478 unaquaque
3151 2410 3252 2464 hac
3279 2413 3552 2465 sententia

1976 2497 2280 2565 praedicare
2306 2497 2470 2566 ccepi.

2408 2698 2459 2751 l.
2489 2696 2719 2752 eresis
2744 2698 3129 2758 Armeniorum.

2049 2787 2136 2843 IV.
2202 2791 2293 2844 Dei
2352 2789 2546 2846 Filium
2607 2797 2937 2849 conlttentur
2987 2812 3149 2850 unam
3205 2809 3475 2867 naturam,
3502 2811 3558 2855 et

1979 2893 2139 2932 unam
2200 2879 2550 2946 voluntatem,
2591 2899 2860 2952 unamque
2891 2885 3093 2941 habere
3162 2892 3555 2958 Operatiouem,

303 2978 421 3028 ἐστι
464 2974 641 3044 δόγμα
685 2974 935 3044 Σεργίου,
981 2973 1227 3043 Πύρῥου,
1271 2973 1367 3024 καὶ
1427 2971 1664 3037 Παύλου,
1709 2971 1804 3036 οὓς
1842 2974 1876 3043 ἡ

1980 2984 2100 3038 qua:
2151 2979 2232 3024 est
2280 2973 2521 3026 doctrina
2582 2971 2778 3044 Sergii,
2846 2973 3034 3046 Pyrrhi
3111 2990 3162 3032 et
3202 2979 3372 3045 l’auli,
3424 2999 3560 3052 quos

302 3067 438 3134 ἁγία
474 3073 528 3128 ς’
560 3066 780 3128 σύνοδος
809 3067 843 3134 ὴ
877 3068 934 3118 ἐν
985 3065 1562 3120 Κωνσταντινουτιόλει
1607 3065 1875 3136 γενομένη

1981 3073 2161 3115 sancta
2183 3073 2334 3118 sexta
2365 3066 2599 3133 synodus
2640 3067 3110 3138 Constantinpuli
3139 3073 3401 3126 celebrata
3429 3091 3559 3129 cen-

297 3159 411 3211 τῶν
445 3158 521 3227 ρο¹
557 3158 835 3228 θεοφόρων
884 3158 1146 3228 Πατέρων
1177 3158 1571 3228 ἀνεθεμάτισεν
1597 3161 1690 3211 ἐπὶ
1725 3158 1876 3226 βασι-

1983 3161 2093 3206 tum
2149 3156 2489 3223 septuaginta
2524 3171 2553 3208 a
2603 3157 2712 3212 Deo
2764 3158 3063 3214 alllatoruin
3109 3162 3347 3230 Patrum,
3387 3168 3557 3234 impe-

301 3253 452 3314 λείας
498 3249 931 3304 Κωνσταντίνου.
1003 3249 1254 3320 Ἐλέγχει
1307 3250 1364 3302 δὲ
1421 3252 1547 3313 τοὺς
1599 3251 1876 3313 τοιούτους

301 3341 606 3411 Γρηγόριος
633 3341 662 3392 ὁ
691 3340 976 3407 Θεολόγος,
1021 3340 1196 3408 λέγων
1225 3357 1239 3370 θ
1275 3361 1292 3392 ι
1335 3341 1581 3393 Πιστεύω
1614 3341 1703 3393 τὸν
1750 3341 1876 3393 Υἱὸν

299 3433 395 3486 τοῦ
423 3432 558 3485 Θεοῦ
585 3435 642 3484 ὲν
670 3432 762 3485 δύο
791 3432 1008 3502 φύσεσι,
1045 3432 1263 3502 πνεῦμα
1293 3433 1389 3485 καὶ
1438 3434 1618 3500 σάρκα
1645 3450 1658 3464 ·
1697 3433 1876 3503 παθη-

301 3527 394 3580 τὸν
436 3527 530 3578 καὶ
572 3523 800 3594 ἀπαθῆ·
841 3542 860 3575 ›
897 3525 994 3577 καὶ
1051 3522 1320 3594 Κύριλλος
1371 3523 1561 3592 λέγει’
1607 3543 1624 3575 ι
1693 3524 1752 3577 '0
1797 3519 1877 3586 εἷς

303 3619 510 3686 ἔπασχε
539 3617 635 3668 καὶ
663 3615 890 3686 τέθνηκε
911 3631 926 3645 ο
955 3616 1050 3667 καὶ
1079 3619 1106 3670 6
1141 3611 1220 3678 εἷς
1248 3615 1464 3685 ἀπαθὴς
1494 3617 1589 3669 xal
1610 3616 1877 3679 ἀθάνατος

301 3711 565 3779 διέμεινε.
607 3727 626 3762 ι
658 3710 822 3781 Λέγει
860 3709 918 3761 δὲ
961 3709 1238 3780 Ἐφραίμο
1281 3727 1300 3760 ι
1331 3711 1395 3761 Al.
1435 3709 1534 3778 μὲν
1565 3708 1658 3761 δύο
1687 3709 1878 3776 φύσεις

302 3803 383 3863 εἰς
421 3800 480 3852 ἓν
511 3799 770 3871 συνῆλθον
806 3815 820 3829 ·
859 3797 976 3852 ἀλλ’
1029 3800 1062 3869 ἡ
1099 3797 1291 3868 θεότης
1328 3801 1388 3852 οὐ
1436 3802 1754 3870 μετετράπη
1797 3803 1878 3863 εἰς

306 3893 489 3962 σάρκα
518 3907 532 3922 '
562 3892 658 3945 καὶ
682 3889 780 3962 τὴν
804 3890 983 3962 σάρκα
1003 3889 1186 3944 λαϐὼν
1216 3893 1316 3945 οὐκ
1335 3893 1559 3961 ἐγένετο
1591 3894 1876 3964 προσθήκη

305 3989 385 4048 ei;
413 3984 517 4054 τὴν
543 3984 798 4056 θεότητα.
841 4002 859 4034 ι

913 4164 976 4236 β’.
1009 4168 1269 4234 Αἵρεσις.

379 4261 451 4313 Γ’.
486 4260 608 4313 ’Ότι
631 4259 708 4324 εις
733 4257 833 4330 τὴν
859 4257 1165 4326 δοξολογίαν
1196 4259 1491 4330 σφάλλουσι
1545 4263 1640 4318 καὶ
1680 4265 1760 4328 εἰς
1793 4264 1882 4319 τὸν

305 4350 594 4422 τρισάγιον
635 4349 891 4420 βάλλουσι
929 4349 1019 4402 τὸν
1061 4353 1470 4422 σταυρωθέντα,
1503 4357 1598 4408 καὶ
1624 4356 1734 4410 είσὶ
1763 4359 1884 4411 θεο-

1981 3254 2134 3297 rante
2187 3243 2540 3300 Consmntino
2616 3248 2851 3304 devovit.
2922 3251 3012 3305 Sic
3068 3265 3243 3307 autem
3286 3259 3560 3323 sapienter

1980 3332 2153 3404 arguit
2198 3336 2486 3408 Gregorius
2541 3338 2850 3411 Theologus
2909 3345 3133 3398 dicens:
3170 3366 3186 3396 ι
3227 3348 3402 3401 Credo
3465 3349 3556 3404 Dei

1981 3429 2173 3482 Filium
2209 3431 2261 3483 in
2287 3433 2493 3486 duabus
2519 3435 2748 3499 naturis,
2767 3437 3017 3505 spiritum
3045 3446 3097 3491 et
3116 3455 3331 3494 carnem
3352 3459 3368 3509 ;
3388 3445 3560 3510 passi-

1980 3521 2140 3575 bilem
2166 3531 2219 3576 et
2263 3523 2664 3592 impassihilem.
2705 3529 2818 3598 (65)
2853 3548 2872 3580 ι
2925 3531 3152 3601 Cyrillus
3199 3550 3412 3603 quoque
3436 3537 3556 3590 ait:

1987 3613 2178 3669 «Unus
2235 3630 2422 3683 passus
2472 3628 2557 3672 cst
2613 3630 2774 3689 atque
2816 3636 3079 3686 mortuus,
3113 3643 3356 3697 unusque
3418 3631 3559 3687 idem

1983 3709 2328 3776 inpassibilis
2386 3713 2706 3781 permansit,
2761 3728 2824 3769 ac
2873 3715 3214 3774 immortalis.
3282 3739 3300 3772 ι
3349 3723 3452 3776 Sed
3504 3737 3556 3778 et

1982 3798 2231 3871 Ephreml
2261 3801 2336 3855 ait
2371 3819 2385 3856 :
2427 3824 2444 3854 ι
2491 3804 2612 3858 Dua‘
2644 3805 2858 3873 quidem
2891 3818 3096 3863 natura:
3125 3811 3174 3864 in
3230 3828 3393 3865 unum
3425 3826 3558 3868 cen-

1986 3900 2279 3956 venerunt;
2329 3906 2516 3946 verum
2565 3893 2747 3948 Deitas
2793 3896 3209 3968 haudquaquam
3257 3911 3563 3957 inuitaticst

1985 3979 2039 4030 in
2064 3993 2282 4033 carnem
2317 3997 2332 4032 :
2362 3991 2748 4051 assumptaque
2787 3999 2968 4051 carne,
3000 3989 3143 4039 nulla
3198 3987 3379 4043 deitati
3417 3990 3556 4045 facta

1983 4071 2224 4125 accessio
2253 4079 2353 4126 est.
2399 4091 2417 4123 ι

2582 4171 2639 4224 2.
2698 4170 2947 4224 eresis.

2059 4255 2120 4310 V.
2158 4258 2442 4314 Errantin
2495 4260 2674 4315 divina
2699 4261 3025 4327 laudatione,
3080 4265 3315 4334 atquein
3364 4266 3562 4335 hymno

1987 4347 2271 4418 Trisagion
2293 4351 2582 4420 adjiciunt:
2601 4353 2702 4419 Qui
2723 4357 3006 4425 cruciﬁxus
3035 4373 3108 4424 es,
3129 4369 3358 4427 suntque
3388 4360 3564 4413 Theo-

308 4444 595 4511 πασχίται,
640 4441 668 4493 ὃ
697 4442 724 4494 6
758 4441 932 4504 δόλιος
976 4441 1182 4511 Πέτρος
1231 4444 1580 4514 ἐδογμάτισε,
1625 4450 1721 4501 καὶ
1768 4447 1876 4518 ἔχει

1989 4443 2264 4511 paschitae,
2320 4460 2481 4514 quam
2533 4449 2776 4502 haeresim
2837 4451 3020 4503 docuit
3047 4461 3300 4504 versutus
3345 4451 3556 4515 Petrus,

308 4537 556 4603 κατάραν
609 4534 674 4586 ὲκ
729 4534 836 4586 τῶν
873 4534 1250 4588 θεοπνεύστων
1293 4537 1550 4606 Γραφῶν.
1601 4539 1876 4608 Γράφουσι

1987 4549 2049 4588 ac
2075 4548 2427 4592 exsecrantnr
2455 4554 2484 4592 a
2513 4541 2619 4594 Deo
2651 4540 2922 4609 inspirata:
2948 4542 3262 4610 Scriptor-ae.
3301 4542 3558 4596 Scrihuut

305 4625 438 4696 γὰρ,
479 4625 561 4678 ὃτι
597 4643 616 4677 ‹
658 4625 934 4695 Ἀνάθεμα
964 4625 1055 4677 τὸν
1094 4625 1325 4694 λέγοντα
1349 4629 1442 4680 τὸν
1474 4630 1696 4700 Πατέρα
1718 4647 1882 4683 σταυ-

311 4719 576 4793 ρωθέντα,
614 4718 710 4770 καὶ
755 4719 815 4770 τὸ
853 4717 1078 4789 Πνεῦμα
1124 4721 1186 4771 τὸ
1221 4719 1375 4788 ἅγιον
1419 4720 1679 4775 παθόντα.
1718 4741 1737 4774 ι
1779 4723 1881 4773 E6-

311 4811 490 4874 σέϐιος
518 4811 664 4878 λέγει
690 4827 704 4842 ο
749 4828 768 4862 ι
808 4811 940 4878 Περὶ
967 4812 1063 4880 τῆς
1107 4813 1268 4880 ἁγίας
1301 4814 1528 4884 Τριάδος
1555 4814 1698 4868 οὕτω
1727 4816 1884 4868 νοοῦ‹

314 4923 436 4975 μεν,
485 4905 677 4958 καθότι
723 4906 818 4958 καὶ
863 4905 931 4958 τὰ
980 4907 1229 4976 Σεραφὶμ
1277 4906 1634 4972 δοξάζουσιν⁸
1668 4909 1882 4978 ”Αγιος,

309 4993 524 5061 Ἀγιος,
557 4996 764 5063 Ἄγιος,
805 4995 1007 5066 Κύριος
1037 4997 1285 5049 Σαϐαὼθ.
1315 5017 1333 5050 ι
1367 4999 1666 5072 Γρηγόριος
1700 5003 1728 5054 6
1751 5002 1884 5054 Θεο-

307 5086 468 5152 λόγος
496 5085 642 5152 λέγει
671 5084 813 5139 οὕτω
834 5102 846 5114 ·
892 5105 910 5138 ι
943 5087 1052 5138 Καὶ
1089 5087 1156 5140 τὰ
1175 5086 1342 5155 ’Ἂγια
1368 5088 1477 5140 τῶν
1503 5091 1692 5156 ἁγίων,
1720 5091 1756 5142 ἃ
1789 5091 1884 5142 καὶ

307 5179 378 5233 τὰ
419 5178 669 5247 Σεραφὶμ
698 5178 808 5250 (61)
841 5177 1319 5232 ἀποκαλύπτουσιν
1349 5183 1429 5243 είς
1455 5180 1554 5252 τὴν
1589 5182 1883 5254 Τρισάγιον

310 5265 640 5336 δοξολογίαν,
674 5270 732 5322 ἐν
766 5271 866 5340 μιᾷ
895 5270 1129 5341 θεότητι.
1160 5289 1179 5322 ι

389 5366 464 5426 ς’.
507 5361 616 5414 Ka‘t
658 5362 723 5414 ἂν
766 5361 1209 5431 προφασίζωνται
1240 5363 1353 5434 (62)
1381 5359 1527 5420 οὗτοι
1553 5367 1629 5430 είς
1655 5366 1754 5440 τὴν
1787 5371 1883 5423 τοῦ

385 5524 430 5555 ⁸⁵
471 5525 577 5579 Tit.
614 5537 696 5588 ιιι,
729 5521 814 5576 l0.
891 5523 935 5556 “
968 5523 1066 5577 Isa.
1106 5539 1200 5590 ιιι,
1235 5525 1322 5582 Η.

387 5661 496 5732 (60)
533 5663 689 5719 Deest
719 5665 815 5717 ὅτι.

390 5733 497 5808 (tit)
528 5733 652 5808 μελε.
680 5751 742 5808 ex
773 5734 929 5808 Greg.
965 5738 1305 5807 συγκαλύπτ.

385 5804 498 5872 (ti?)
529 5804 664 5874 Lege
690 5807 790 5858 ὅτι.

1983 4629 2126 4681 enim
2161 4647 2174 4682 :
2216 4647 2233 4679 ι
2256 4631 2555 4684 Anathema
2615 4631 2800 4699 siquis
2833 4630 3044 4687 Patrem
3103 4633 3419 4687 crucifixum
3448 4675 3462 4697 ,
3497 4651 3562 4689 ac

1985 4717 2242 4783 Spiritum
2303 4733 2549 4776 sanctum
2593 4723 2899 4791 passibiletn
2974 4725 3174 4778 dixerit
3222 4723 3356 4794 (64).
3418 4744 3436 4776 ι
3472 4727 3561 4779 Ait

1988 4808 2251 4865 Eusebius
2283 4829 2297 4864 :
2333 4833 2352 4864 ι
2413 4815 2486 4868 De
2528 4827 2713 4870 sancta
2752 4815 3019 4869 'l‘riuitale
3071 4816 3151 4870 sic
3186 4817 3554 4886 intelligimus,

1987 4900 2059 4950 uti
2095 4898 2374 4969 Seraphin)
2401 4903 3010 4970 gloriﬁcant:Sanctus,
3066 4916 3299 4970 sanctus,
3339 4918 3556 4962 sanctus

1989 4988 2242 5043 Dominus
2292 4991 2547 5046 Sabaoth.
2581 5011 2600 5044 ι
2631 4993 2924 5062 Gregorius
2978 4994 3281 5065 Theologus
3329 4999 3398 5049 ita
3434 4999 3508 5050 ait
3543 5019 3556 5052 :

1993 5099 2011 5131 ι
2069 5079 2266 5136 Sancta
2318 5097 2534 5153 quoque
2587 5096 2920 5149 sanctorum,
2985 5103 3104 5155 qua:
3159 5098 3212 5141 et
3271 5087 3554 5158 Seraphitn

1985 5172 2246 5244 obtegunt
2281 5175 2330 5228 in
2361 5175 2594 5246 Trisagii
2618 5176 2946 5242 laudatione,
2985 5181 3034 5232 in
3059 5196 3160 5232 una
3192 5181 3391 5235 deitate
3423 5183 3561 5251 (65).

2063 5373 2148 5427 γι.
2187 5370 2280 5427 Sin
2306 5382 2485 5429 autem
2525 5375 2883 5445 praetendant,
2912 5375 2964 5429 in
2990 5376 3110 5431 Filii
3142 5379 3558 5449 appellationem

2061 5681 2171 5749 (ῡὸ)
2202 5683 2352 5738 Orat.
2383 5683 2470 5736 41.

2064 5750 2176 5884 (64;
2201 5751 2257 5805 S.
2290 5750 2460 5819 Felix,
2487 5753 2656 5825 Epist.
2682 5755 2752 5810 44
2773 5767 2827 5811 et
2855 5753 2968 5808 alii.

2064 5821 2150 5880 (65
2202 5823 2352 5877 Orat.
2387 5825 2476 5879 58.

2062 5821 2173 5880 (65)
2202 5823 2352 5877 Orat.
2387 5825 2476 5879 58.
