4088 6418
526 359 664 424 19.23

1595 350 1845 412 ISAACI
1885 346 2262 409 ΑΒΜΕΝΙΛΞ
2304 343 2711 404 CATHOLICI

3665 340 3687 404 1
3701 340 3809 403 224

522 478 752 538 referre,
790 472 1084 529 Sabelliani
1117 479 1265 536 sunt,
1295 486 1394 526 nec
1427 479 1539 523 tres
1563 482 1824 536 personas
1855 465 2106 524 credunt,

2227 463 2348 517 Υίοῦ
2387 460 2785 531 ’προσηγορίαν
2824 459 3176 528 άναφέρομεν
3199 471 3214 486 ⁶
3251 458 3321 512 τὰ
3367 458 3458 512 τοῦ
3511 459 3803 512 Σαϐελλίου

525 573 810 626 Deitatem.
877 567 1093 619 Alienas
1168 564 1313 618 enim
1368 564 1603 616 hmrescs
1655 559 1754 613 sihi
1812 557 2108 610 vindicant.

527 661 687 730 Atqui
721 674 825 712 non
848 657 1092 718 laudant,
1124 656 1215 723 qui
1247 656 1462 707 laudent
1507 653 1680 704 solum
1708 649 1920 703 Filium.
1959 648 2115 716 Igno—

530 762 652 805 rant
709 751 850 802 enim
903 746 1076 815 majus
1108 747 1206 798 hoc
1231 745 1770 798 dehoaestamentum
1833 753 1974 801 esse,
2009 753 2112 790 non

529 844 812 896 honorem.
842 839 948 891 Alii
977 847 1154 892 autem
1183 845 1466 897 excusant,
1515 835 1720 888 referre
1767 831 1986 901 quidem
2016 831 2113 882 tri-

531 949 654 988 nam
687 931 1029 987 sanctitatem
1067 929 1117 981 in
1146 928 1407 982 Deitatem
1439 946 1451 979 :
1483 939 1537 979 at.
1559 941 1744 979 vocem
1772 941 1784 975 :
1811 923 1914 988 Qui
1951 923 2116 975 cruci-

527 1029 666 1097 ﬁxus
688 1038 784 1088 est,
850 1024 1052 1079 referre
1119 1025 1174 1076 in
1231 1021 1448 1076 Filium.
1507 1020 1570 1073 Hi
1613 1036 1774 1089 porro
1805 1021 1854 1070 in
1883 1017 2116 1070 Nestorii

535 1134 725 1174 errore
765 1127 1079 1180 versantur,
1140 1131 1203 1170 ac
1242 1126 1486 1170 sanctam
1523 1112 1866 1176 Trinitatem,
1896 1119 2117 1180 quataro

531 1215 762 1268 nitatem
800 1210 1151 1264 conﬁtentur.

1125 1300 1180 1354 5.
1239 1298 1495 1354 Ilwresis.

606 1394 713 1449 VII.
747 1394 886 1447 Tres
919 1392 992 1445 illi
1014 1406 1206 1446 cruces
1236 1393 1596 1462 conjunguut,
1635 1408 1697 1446 ac
1739 1391 1872 1446 duas
1907 1390 2118 1458 quidem

533 1485 730 1554 mquali
771 1483 940 1552 ﬁgura
983 1498 1048 1536 ac
1077 1482 1412 1548 longitudine
1441 1483 1646 1536 faciunt
1678 1499 1692 1547 ;
1727 1486 1941 1536 tertiam
1972 1497 2120 1546 vero,

536 1580 802 1633 minorem
839 1593 902 1630 ac
939 1577 1290 1640 exsiliorem;
1328 1590 1551 1643 easque,
1610 1586 1852 1628 sanctam
1882 1573 2121 1628 Trinita-

536 1681 644 1724 tem
692 1670 983 1738 appellant.
1017 1670 1103 1732 Ea
1137 1684 1296 1737 porro
1355 1684 1437 1720 res
1461 1669 1694 1736 grandes
1720 1669 1856 1721 duas
1885 1669 2122 1721 haereses

536 1763 814 1815 continet:
846 1777 976 1824 una,
998 1761 1124 1827 quia
1143 1770 1328 1812 sancta
1351 1757 1585 1811 Trinitas
1607 1774 1710 1812 non
1740 1770 1820 1812 est
1850 1759 2122 1826 liguranda

539 1855 592 1906 in
659 1853 905 1913 materia,
951 1869 1012 1904 ne
1065 1852 1224 1904 rebus
1256 1868 1374 1918 qua:
1413 1853 1465 1903 in
1515 1863 1658 1905 terra
1694 1852 1933 1905 visib'les
1964 1860 2121 1917 sunt;

539 1946 734 2009 altera,
769 1946 909 2012 quod
941 1955 1140 1998 sancta:
1174 1942 1458 1997 Trinitatis
1509 1959 1795 2012 personam
1831 1960 1990 1996 unam
2019 1945 2121 1996 mi-

540 2049 727 2088 norem
759 2034 1145 2087 conﬁteantur.

1157 2126 1210 2177 4.
1251 2124 1500 2180 Iltrresis.

605 2216 744 2271 Vlll.
779 2216 958 2271 Alieni
989 2227 1112 2268 sunt
1139 2232 1165 2268 a
1188 2220 1394 2272 sanctis
1425 2231 1679 2288 quatuor,
1711 2234 1775 2274 ac
1809 2218 2122 2289 apostolicis

538 2312 770 2374 thronis,
809 2327 904 2363 nec
941 2311 1140 2364 habent
1196 2315 1628 2383 ordinationem;
1692 2317 1956 2384 siquidem
1990 2333 2120 2370 san-

537 2410 745 2454 ctorum
802 2401 1019 2454 Patrum
1086 2402 1218 2455 scita
1270 2406 1590 2472 transgressi
1632 2416 1778 2469 sunt,
1815 2409 2122 2476 habentque

541 2495 1007 2562 scriptameorum
1037 2495 1537 2560 reprehensionem,
1569 2511 1631 2550 ac
1669 2499 1906 2564 quotidie
1939 2501 2123 2569 legunt

536 2589 592 2640 in
619 2588 856 2655 ipsorum
905 2584 1077 2638 libris.
1118 2583 1252 2638 Nam
1288 2586 1583 2656 Gregorius
1626 2589 1830 2659 Magna:
1858 2594 2123 2646 Armenia:

542 2678 858 2747 episcopus,
903 2677 1298 2731 ordinationem
1358 2681 1561 2748 accepit
1589 2679 1640 2734 in
1698 2683 1941 2736 Cms-rea
1969 2687 2120 2738 urbe.

537 2772 671 2824 Cum
731 2787 862 2842 ergo
912 2789 1137 2844 magnus
1199 2772 1441 2844 pontifex
1506 2773 1764 2828 Leontius
1828 2777 2118 2843 malignam

535 2867 912 2922 Armeniorum
969 2879 1201 2924 mentem
1245 2876 1581 2938 perspectam
1635 2867 1998 2933 haherct,per
2033 2867 2121 2918 lit-

538 2969 684 3014 teras
716 2961 1041 3029 signiﬁcavit
1066 2960 1323 3014 'l‘iridata:
1355 2961 1486 3029 regi,
1523 2962 1574 3012 in
1609 2962 1720 3012 hanc
1775 2961 1934 3013 verba
1963 2973 1977 3010 :
2023 2976 2040 3009 ι
2078 2960 2123 3012 Α

538 3066 623 3105 me
653 3052 1018 3106 sacerdotium
1073 3054 1359 3119 accepistis
1388 3070 1402 3115 ;
1434 3062 1649 3105 maneat
1687 3067 1814 3121 ergo
1843 3066 1976 3105 mete
2009 3051 2123 3106 sedi

2217 553 2498 624 φρονοῦσι,
2527 553 2624 605 καὶ
2651 552 2712 603 οὐ
2743 551 3067 604 πιστεύουσι
3107 549 3233 619 τρία
3260 551 3534 620 πρόσωπα
3557 549 3655 620 τὴν
3681 550 3804 602 θεό-

2215 664 2382 717 τητα·
2411 645 2698 714 ἁλλοτριόφ
2710 662 2862 713 ρονες
2887 645 2996 716 γάρ
3020 646 3148 709 εἱσι,
3185 643 3278 697 καί
3301 661 3384 696 τοι
3411 643 3488 714 μὴ
3512 644 3803 710 δοξάζουσι

2215 739 2306 790 τὸν
2339 739 2466 792 Υίδν
2502 738 2748 802 δοξάζειν
2783 739 2944 807 μόνον
2970 754 2984 768 ⁸
3013 735 3270 806 ἀγνοοῦσι
3295 737 3406 806 γάρ
3430 739 3511 789 ὅτι
3547 740 3579 808 ἡ
3608 737 3808 806 άτιμία

2222 829 2424 901 μείζων
2453 833 2571 884 ἐστὶ
2600 833 2781 898 τοῦτο,
2809 833 2906 885 καὶ
2932 831 3056 902 οὐχὶ
3082 832 3238 900 τιμή.
3275 830 3459 882 Ἀλλοι
3488 829 3546 882 δὲ
3584 846 3808 899 προφα-

2222 923 2485 986 σίζονται,
2513 925 2596 976 δτι
2631 924 2724 976 τὸν
2753 923 2853 992 μὲν
2884 923 3190 995 τρισάγιον,
3217 925 3296 984 εἰς
3328 923 3429 989 τὴν
3457 921 3689 990 θεότητα
3722 921 3812 974 λέο

2221 1032 2394 1085 γομεν
2421 1031 2436 1047 ο
2463 1015 2556 1068 τὸν
2585 1016 2639 1068 δὲ
2668 1015 3120 1084 Σταυρωθέντα,
3145 1017 3225 1078 είς
3257 1014 3352 1067 τὸν
3387 1015 3514 1068 Υίὶν
3544 1015 3816 1086 ἀναφέρο-

2223 1125 2343 1176 μεν.
2376 1101 2538 1162 Οὗτοι
2596 1107 2668 1160 τὰ
2719 1108 2814 1160 τοῦ
2871 1110 3176 1178 Νεστορίου
3225 1110 3486 1183 φρονοῦσι
3556 1111 3647 1162 καὶ
3713 1108 3818 1180 τὴν

2220 1201 2384 1270 ἁγίαν
2438 1202 2669 1273 Τριάδα,
2716 1204 2950 1274 τετράδα
3005 1205 3384 1275 ὁμολογοῦσιν.

2859 1303 2930 1366 γ’.
2957 1299 3222 1365 Αἵρεσις.

2295 1387 2374 1444 Z'.
2411 1390 2535 1444 Ὅτι
2562 1397 2609 1458 γ’
2644 1390 2914 1460 σταυροὺς
2939 1390 3336 1458 συζευγνύουσι
3358 1406 3370 1419 °
3412 1391 3506 1443 καὶ
3536 1390 3660 1451 τοὺς
3712 1389 3815 1459 μὲν

2221 1483 2316 1536 δύο
2367 1483 2749 1548 ίσότυπα,καὶ
2816 1485 3057 1555 ίσόμηκα
3133 1483 3395 1538 ποιοῦσι·
3454 1484 3546 1536 τὸν
3597 1483 3814 1553 ἕτερον,

2224 1576 2446 1628 ἔλαττον
2503 1579 2598 1629 καὶ
2636 1577 2998 1647 σμικρότερον
3031 1591 3043 1604 ·
3075 1579 3168 1631 καὶ
3191 1577 3525 1646 ὀνομάζουσι
3557 1577 3814 1640 τούτους,

2225 1669 2391 1735 ἁγίαν
2423 1668 2654 1739 Τριάδα.
2695 1669 2868 1722 Τοῦτο
2886 1669 2948 1722 τὸ
2984 1669 3146 1740 ἔργον
3174 1671 3292 1739 ἔχει
3354 1671 3603 1740 μεγάλας
3659 1674 3822 1744 αἶρέ-

2231 1778 2344 1824 σεις
2376 1762 2498 1826 δύοο
2530 1762 2628 1830 μία
2675 1763 2795 1830 μὲν,
2833 1763 2914 1814 δτι
2956 1763 3056 1832 τὴν
3093 1763 3262 1830 ἁγίαν
3316 1764 3548 1834 Τριάδαν
3587 1765 3651 1817 οὐ
3711 1764 3821 1836 χρὴ

2228 1855 2308 1914 ei;
2342 1852 2534 1922 ὑλικὴν
2562 1854 3020 1923 χαρακτηρίζειν,
3058 1854 3154 1905 καὶ
3209 1853 3543 1924 φανεροῦσιν
3576 1855 3820 1908 ὑπόστα-

2229 1962 2313 1996 σιν
2347 1945 2444 1996 ἐπὶ
2475 1945 2609 2013 γῆς’
2648 1946 2838 2014 ἕτερον
2865 1945 2922 1998 δὲ
2944 1948 3042 2015 τῆς
3072 1945 3238 2012 ἁγίας
3295 1945 3528 2013 Τριάδος
3590 1947 3820 1999 ἔλαττον

2225 2038 2605 2110 ὁμολογοῦσιν.

2859 2133 2922 2185 δ’.
2957 2133 3214 2200 Αἵρεσις.

2300 2220 2382 2278 H'.
2421 2224 2547 2276 Ὀτι
2590 2221 2698 2276 τῶν
2737 2225 3021 2293 τεσσάρων
3048 2224 3142 2276 καὶ
3181 2223 3560 2278 ἀποπολικῶν
3605 2224 3820 2295 θρόνων

2227 2314 2657 2382 ἀλλότριοίείσι,
2701 2315 2795 2366 καὶ
2845 2315 3186 2384 χειροτονίαν
3241 2317 3344 2368 οὐκ
3398 2315 3658 2386 ἔχουσιν·
3691 2316 3820 2369 ἐπεὶ

2227 2408 2549 2476 παρᾶϐάται
2584 2408 2849 2474 γεγόνασι
2884 2408 2996 2477 (δι)
3026 2410 3147 2471 ταῖς
3189 2409 3298 2460 τῶν
3340 2409 3514 2476 ἁγίων
3553 2408 3821 2479 Πατέρων

2227 2496 2636 2565 θεσμοθεσίαις,
2698 2497 2793 2547 xui.
2849 2496 2940 2547 τδν
2991 2495 3212 2566 ἔλεγχον
3275 2496 3458 2549 αὐτῶν
3519 2498 3820 2566 ἐγγράφως

2226 2585 2429 2654 ἔχουσι,
2463 2585 2558 2636 καὶ
2582 2585 2640 2634 ὲν
2689 2586 2809 2645 ταῖς
2842 2583 3046 2649 βίϐλοις
3084 2583 3264 2635 αὐτῶν
3309 2585 3656 2653 καθεκάστην
3679 2587 3813 2638 sva.

2228 2677 2586 2744 γινώσκουσι.
2613 2675 2920 2746 Γρηγόριος
2967 2679 2993 2728 ὁ
3046 2677 3146 2744 τῆς
3197 2677 3440 2747 μεγάλης
3509 2677 3816 2748 Ἀρμενίας

2228 2768 2454 2831 ἐδέξατο
2485 2768 2583 2837 τὴν
2611 2767 2956 2838 χειροτονίαν
2989 2769 3047 2820 ὲν
3074 2771 3381 2840 Καισαρείᾳ
3429 2770 3604 2824 πόλει.
3643 2770 3823 2834 Εἰδὼς

2227 2861 2408 2912 τοίνυν
2464 2863 2492 2912 ὁ
2526 2859 2702 2930 μέγας
2728 2860 3025 2930 ἀρχιερεὺς
3068 2863 3325 2924 Λεόντιος
3358 2863 3458 2932 τὴν
3485 2862 3822 2932 κακότεχνον

2226 2953 2454 3022 γνώμην
2498 2953 2704 3018 αὐτῶν,
2751 2953 2839 3004 διὰ
2898 2953 3119 3022 γραφῆς
3176 2955 3414 3024 ἐδήλωσε
3467 2955 3541 3024 τῷ
3609 2953 3824 3024 βασιλεῖ

2228 3046 2530 3116 Ὶήριδάτῃ,
2573 3046 2656 3097 ὅτι
2690 3063 2706 3095 ι
2741 3044 2852 3114 Τὴν
2887 3047 3187 3116 ἱερωσύνην
3215 3047 3472 3112 ἐδέξασθε
3503 3047 3819 3118 παρ’ἐμοῦ,

539 3142 920 3196 inconcussum
951 3143 1040 3211 jus
1072 3143 1431 3197 ordinationis
1461 3143 1514 3194 in
1549 3153 1730 3196 vestra
1757 3142 2060 3210 metropoli.
2097 3159 2114 3193 ι

2228 3133 2449 3186 καὶτοῦ
2483 3134 2676 3205 θρόνου
2718 3151 2820 3202 μου
2843 3134 3299 3204 ἀπαρασὰλευτος
3351 3138 3563 3207 μενέτω
3612 3137 3646 3206 ἡ
3699 3152 3822 3204 χει-

536 3235 866 3303 Aceepitqne
894 3236 1127 3288 validum
1152 3250 1214 3289 ac
1243 3235 1455 3287 [irinum
1496 3235 1817 3303 rescriptum
1865 3233 2023 3300 hujus
2047 3243 2126 3288 te-

543 3327 693 3379 noris
730 3343 744 3380 :
800 3342 818 3375 ι
865 3323 1040 3393 Hujus
1071 3331 1150 3380 rei
1186 3340 1476 3393 sponsores
1511 3325 2124 3380 exhibemnsdettteram

543 3416 780 3479 Excelsi,
827 3432 888 3469 ac
921 3416 1208 3484 pretiosam
1245 3431 1484 3483 crucem,
1519 3417 1700 3485 inqua
1751 3418 2000 3472 Christus
2033 3435 2129 3473 ex-

543 3518 727 3562 tensus
763 3508 883 3573 iuit,
916 3523 1142 3562 necnon
1169 3507 1458 3578 baptisma,
1489 3511 1539 3562 in
1599 3525 1705 3580 quo
1738 3525 1925 3564 sumus
1953 3511 2128 3580 bapti-

550 3597 682 3660 zati,
735 3597 788 3650 in
850 3599 1064 3652 nomine
1095 3598 1290 3661 Patris,
1324 3608 1378 3652 et
1408 3599 1552 3665 Filii,
1582 3613 1635 3652 et
1663 3601 1898 3668 Spiritus
1927 3603 2124 3666 sancti,

545 3703 612 3741 ac
662 3691 856 3744 mortis
889 3691 1128 3743 omnium
1166 3701 1499 3754 sanctorum,
1527 3695 1616 3761 qui
1645 3703 1768 3746 sunt
1801 3697 1998 3748 mortui
2029 3710 2127 3763 pro

537 3779 774 3844 Christo,
802 3781 995 3835 forent
1033 3783 1341 3837 inconcussi
1390 3799 1820 3854 perseveremus,
1854 3801 1916 3840 ac
1943 3802 2128 3842 serve-

541 3889 660 3927 mus
687 3885 833 3926 tuum
885 3875 1218 3928 mandatum.
1253 3893 1270 3924 ι
1303 3876 1541 3930 Armenii
1593 3876 1948 3932 nihilominus
1974 3891 2128 3946 spre-

542 3973 684 4018 tores
740 3965 864 4019 facti
911 3976 1060 4027 sunt,
1118 3966 1515 4038 violatorcsque
1573 3983 1636 4024 ac
1695 3981 2129 4040 transgressores

541 4059 868 4112 sacramenti
922 4057 1099 4127 hujus.

1171 4324 1224 4377 5.
1282 4323 1329 4376 11
1337 4326 1536 4379 (tresis.

615 4413 704 4469 IX.
746 4415 947 4470 Errant
983 4419 1035 4472 in
1069 4432 1166 4473 sua
1215 4421 1401 4482 missa,
1436 4434 1535 4473 nec
1571 4419 1772 4474 habent
1799 4419 2125 4473 sacriﬁcium

2235 3223 2452 3292 ροτονία
2483 3225 2563 3285 εἰς
2591 3226 2690 3292 τὴν
2728 3222 2852 3275 καθ’
2880 3225 3029 3292 ἡμᾶς
3077 3224 3390 3294 άγιωτάτην
3419 3223 3814 3294 μητρόπολιν.»

2234 3317 2340 3368 Καὶ
2391 3316 2618 3385 ἰσχυρὰν
2654 3316 2748 3367 καὶ
2773 3315 3000 3384 βεϐαίαν
3025 3316 3371 3386 ἀντιγραφὴν
3435 3317 3655 3381 ἐδέξατο
3717 3333 3826 3368 πε-

2235 3409 2518 3480 ριέχουσαν
2551 3407 2726 3468 οὕτως
2754 3423 2768 3438 ⁶
2805 3409 2888 3461 ὅτι
2924 3426 2943 3459 ι
2996 3409 3306 3476 Ἐγγυητάς
3342 3409 3442 3478 τῆς
3489 3409 3658 3478 αὐτῆς
3685 3409 3824 3462 ὑπο⁴

2231 3499 2438 3562 Θέσεως
2463 3500 2804 3569 παραϐῶμεν
2825 3501 2924 3569 τὴν
2955 3499 3135 3564 δεξιάν
3156 3501 3250 3554 τοῦ
3293 3499 3570 3568 Ὑψίστου,
3604 3500 3697 3553 καὶ
3725 3500 3821 3552 τὸν

2228 3589 2412 3657 τίμιον
2441 3588 2698 3658 σταυρὸν,
2723 3589 2782 3642 ὲν
2909 3589 3079 3656 ἐτάθη
3120 3589 3378 3658 Χριστὸς,
3405 3589 3504 3641 καὶ
3532 3587 3822 3658 βάπτισμα

2229 3683 2310 3744 εἰς
2339 3680 2368 3735 ὃ
2404 3679 2844 3752 βεϐαπτίσμεθα,
2872 3683 2952 3745 εἰς
2982 3682 3043 3734 τὸ
3059 3681 3232 3751 ὄνομα
3265 3681 3361 3734 τοῦ
3430 3681 3667 3752 Πατρὸς,
3723 3683 3822 3733 καὶ

2229 3773 2323 3826 τοῦ
2357 3773 2510 3837 Υίοῦ,
2549 3775 2644 3826 καὶ
2681 3772 2775 3825 τοῦ
2813 3773 2972 3840 ἁγίου
3013 3773 3354 3842 Πνεῦματος,
3385 3775 3477 3825 καὶ
3521 3773 3616 3825 τοῦ
3648 3771 3822 3825 θανά-

2231 3883 2328 3919 του
2396 3868 2624 3918 πάντων
2687 3866 2799 3919 τῶν
2844 3867 3017 3933 ἁγίων
3066 3867 3155 3920 διὰ
3215 3866 3456 3936 Χριστὸν
3513 3866 3819 3930 παθόντων,

2229 3959 2312 4012 δτι
2364 3956 2822 4026 ἀπαρασάλευτον
2853 3957 3212 4026 ὲπιμὲνοιμεν
3251 3956 3347 4010 καὶ
3380 3957 3714 4027 φυλάξοιμεν
3744 3962 3816 4028 τῇ

2231 4051 2300 4118 σῇ
2373 4048 2692 4118 προστάξει.
2727 4064 2745 4096 ι
2813 4047 2922 4100 Καὶ
2998 4048 3154 4100 αὐτοὶ
3212 4049 3644 4118 καταφρονηταὶ,
3720 4048 3870 4122 καὶ,

2233 4140 2490 4209 ὑϐρισταὶ
2541 4139 2823 4206 γεγόνασι,
2867 4139 2964 4192 καὶ
2997 4139 3317 4210 παραϐάται
3373 4139 3470 4192 τοῦ
3508 4140 3816 4210 μυστηρίου

2228 4233 2445 4286 τούτου.

2799 4323 2859 4378 ε’.
2899 4326 3166 4394 Αἵρεσις.

2301 4417 2740 4488 Θ’.Σφάλλουσιν
2773 4420 2829 4470 ἐν
2853 4421 2919 4490 τῇ
2951 4419 3265 4489 λειτουργία
3315 4418 3518 4485 αὐτῶν,
3574 4421 3667 4473 καὶ
3709 4420 3818 4474 οὐκ

551 4509 839 4578 mysticum
872 4549 886 4574 ,
946 4513 1088 4578 quod
1158 4512 1292 4566 dixit
1348 4511 1598 4565 Christus
1633 4528 1646 4563 :
1687 4513 1882 4580 Alfene
1910 4513 2121 4566 vitulum

2237 4511 2541 4580 ἕχουσιτὴν
2577 4509 2848 4580 μυστικὴν
2883 4510 3097 4572 θυσίαν,
3132 4512 3197 4578 ἢν
3233 4505 3389 4562 εἶπεν
3433 4513 3461 4563 ὁ
3520 4511 3754 4581 Χριστός
3797 4528 3814 4542 ο

539 4602 866 4669 saginatum,
935 4602 1194 4668 occidite,
1254 4611 1303 4655 et
1352 4605 1732 4656 manducantu
1763 4605 2032 4672 epulemur
2058 4603 2126 4656 ⁸⁸.

542 4691 598 4744 In
631 4708 752 4762 qua:
792 4695 952 4746 verba
989 4695 1064 4749 ait
1111 4695 1575 4765 Chrysostomus:
1615 4713 1634 4746 ι
1677 4694 1910 4750 Sanetus
1943 4695 2124 4761 Pater,

543 4786 636 4853 qui
691 4785 810 4839 vult
864 4787 1141 4855 mysticam
1210 4787 1491 4840 hostiam:
1529 4784 1761 4840 Sanctus
1809 4785 1998 4850 Filius,
2030 4786 2124 4856 qui

550 4892 769 4945 semper
795 4879 1081 4943 occiditur,
1113 4894 1216 4934 nec
1251 4889 1428 4934 tamen
1480 4879 1816 4933 consumitur
1845 4896 1858 4933 :
1896 4877 2125 4933 Sanctus

545 4969 780 5037 Spiritus
802 4981 1042 5037 sanctus,
1067 4974 1156 5040 qui
1179 4971 1504 5026 sacrificium
1534 4980 1874 5026 consummat
1905 4986 1969 5024 ac
1990 4986 2117 5040 per-

547 5062 656 5114 licit
684 5061 850 5129 (67).»
891 5062 1182 5131 Gregorius
1207 5077 1424 5132 quoque
1447 5062 1755 5132 Thcologns
1792 5080 1806 5116 :
1836 5079 1855 5114 ι
1884 5061 2113 5127 Idcirco,

543 5165 642 5219 att,
675 5166 842 5221 agnus
879 5149 1036 5206 .Iesus
1081 5154 1332 5208 Christus
1390 5155 1714 5224 appellatur,
1740 5164 1958 5224 propter
1985 5155 2120 5208 leni-

545 5253 735 5305 tatem,
793 5244 1097 5311 veterisque
1153 5247 1410 5303 nuditatis
1436 5250 1828 5304 indumentum.
1861 5248 2114 5316 Quapro-

545 5347 668 5406 pter
698 5335 860 5389 etiam
893 5335 1108 5387 victima
1143 5339 1381 5407 mystica:
1434 5354 1635 5395 mensae
1661 5339 1927 5409 apposita,
1963 5342 2120 5393 indu-

549 5442 784 5483 mentum
830 5428 984 5483 nobis
1015 5439 1099 5482 est
1158 5431 1593 5503 incorruptionis.
1625 5449 1688 5489 ac
1741 5435 1916 5489 tunica
1955 5436 2121 5488 casn-

546 5521 671 5598 tatis
709 5519 852 5591 (68).
882 5539 900 5572 ι

616 5635 662 5667 ⁸⁸
693 5635 824 5689 Luc.
870 5650 956 5700 xv,
987 5635 1078 5690 23.

619 5730 728 5798 (66)
764 5730 923 5784 Forte
953 5735 1051 5800 τῆς
1085 5733 1463 5802 Θεσμοθεσίας.

615 5803 724 5868 t6?)
761 5802 951 5856 Hnnizl.
977 5808 1040 5856 de
1073 5802 1326 5874 [Ὑραίου.

2241 4603 2562 4673 Ἐνέγκατε
2584 4606 2692 4656 τὸν
2702 4604 2946 4671 μόσχον
2970 4603 3077 4656 τὸν
3091 4603 3373 4656 σιτευτὸν
3393 4620 3406 4634 ο
3443 4603 3690 4667 θύσατε,
3710 4604 3816 4657 καὶ

2227 4695 2519 4766 φαγόντες
2553 4689 3006 4761 ειῖνφρανθῶμεν.
3052 4692 3112 4742 Ὀ
3164 4690 3550 4760 Χρυσόστομος
3612 4689 3761 4758 λέγει
3796 4704 3816 4722 ·

2230 4788 2381 4854 ἅγιος
2414 4788 2441 4838 ὁ
2491 4785 2700 4853 Πατὴρ,
2729 4785 2757 4836 ὁ
2787 4784 3020 4852 θελητὴς
3079 4783 3180 4852 τῆς
3236 4785 3506 4852 μυστικῆς
3567 4781 3759 4846 Ονσίας
3793 4799 3811 4816 ο

2228 4881 2417 4948 Ἄγιος
2451 4879 2478 4930 ὁ
2499 4877 2648 4940 Υἱὸς,
2684 4877 2770 4929 ἀεὶ
2794 4876 3078 4945 Θυόμενος,
3107 4874 3204 4926 καὶ
3257 4874 3331 4944 μὴ
3378 4873 3768 4944 δαπανώμενος
3792 4890 3810 4905 ·

2229 4975 2386 5042 ἆγιον
2434 4972 2494 5024 τὸ
2527 4969 2753 5038 Πνεῦμα
2777 4967 2838 5021 τὸ
2879 4967 3056 5036 ἅγιον.
3114 4967 3499 5037 τελεσιουργὸν
3546 4968 3645 5037 τῆς
3714 4968 3818 5019 θυ-

2231 5068 2352 5130 σίας
2377 5083 2390 5097 ·
2421 5084 2438 5117 ι
2475 5067 2566 5116 καὶ
2595 5063 2891 5132 Γρηγόριος
2929 5062 3234 5128 ὁΘεο).όγος
3261 5061 3408 5129 λέγει
3427 5077 3440 5091 ·
3493 5062 3624 5114 «Διὰ
3652 5060 3819 5115 τοῦτο

2228 5159 2402 5226 ἀμνὸς
2469 5154 2936 5226 προσαγορεύεται
3029 5153 3237 5222 Ἰησοῦς
3295 5152 3565 5222 Χριστὸς,
3610 5153 3698 5206 διὰ
3744 5154 3814 5207 τὸ

2230 5252 2447 5320 πρᾶον,
2499 5248 2594 5300 καὶ
2643 5247 2701 5299 τὸ
2752 5247 2956 5316 ἔνδυμα
3012 5245 3111 5314 τῆς
3166 5245 3360 5316 πρώην
3434 5245 3802 5315 γυρνὼσεως.

2226 5345 2316 5396 Διὸ
2349 5343 2439 5395 καὶ
2467 5343 2502 5411 ἡ
2536 5341 2790 5411 παροῦσα
2820 5341 2982 5393 Ουσία
3011 5341 3078 5409 τῇ
3129 5343 3368 5409 μυστικῇ
3412 5337 3684 5409 τραπέζῃ,
3723 5339 3818 5390 ἔν..

2225 5439 2370 5506 δυμα
2429 5437 2560 5506 ἡμῖν
2623 5437 2777 5488 ἐστιν
2855 5432 3190 5503 ἀφθαρσίας,
3239 5437 3336 5490 καὶ
3387 5433 3554 5505 χιτὼν
3588 5450 3816 5504 σωφρο-

2234 5545 2422 5597 συνης.
2458 5546 2474 5577 ›

2306 5737 2415 5807 (08)
2443 5735 2591 5792 Orat.
2629 5736 2718 5790 42.
