4088 6416
415 342 551 408 Ῑὲἒὶῖ)

1045 456 1282 524 Αἵρεσις
1319 463 1395 521 ς’.

483 549 620 606 1¹Τὸ
674 549 906 620 ἄζυμον,
968 548 1068 620 τὴν
1119 553 1320 619 νεκρὰν
1376 548 1590 614 θυσίαν,
1647 548 1993 620 ἀναισχύντῳ

410 641 692 713 προσώπῳ
723 641 1056 712 παριστᾶσιν
1089 641 1326 694 ἐνώπιον
1369 641 1462 694 τοῦ
1511 639 1669 706 Θεοῦ,
1722 642 1864 695 κατὰ
1899 644 2000 712 τὴν

409 732 714 802 παράδισιν
758 731 866 784 τῶν
901 730 1172 800 Ἐϐραίων
1191 746 1203 758 ·
1234 731 1316 784 διὸ
1347 733 1376 784 6
1409 731 1618 796 Παῦλος
1645 732 2001 803 πολυτρόπως

414 826 620 895 γράφει
652 825 790 898 πρὸς
827 825 1174 894 Κορινθίους,
1204 823 1348 878 οὕτω
1369 841 1384 858 ο
1418 826 1611 894 Μικρίι
1641 825 1813 895 ζύμη,
1852 825 2005 879 ὅλον

409 916 476 968 τὸ
511 918 753 986 φύραμα
779 914 964 986 ζυμοῖ.
1001 919 1110 970 Καὶ
1143 917 1306 972 πάλιν
1341 918 1491 985 λέγει
1521 933 1534 948 ⁸
1569 919 1711 972 Ἐὰν
1733 921 1770 985 ὴ
1801 916 2000 986 πρώτη

411 1007 676 1074 ἀσπιλος
705 1005 806 1079 ἦν,
828 1010 894 1063 τὸ
927 1009 1206 1078 δεύτερον
1244 1009 1443 1078 χῶρον
1468 1012 1579 1064 οὐκ
1633 1009 1842 1078 ἔσχεν.
1892 1010 2003 1062 Καὶ

412 1099 550 1168 πρὸς
573 1100 820 1164 Γαλάτας
853 1103 1076 1172 γράφει,
1111 1104 1194 1154 ὅτι
1230 1101 1672 1172 Ἐκατήρτηντο
1724 1104 1844 1158 ἀπὸ
1895 1103 2004 1157 τοῦ

411 1191 693 1256 Χριστοῦ,
727 1191 863 1245 ὅσοι
883 1193 954 1246 ἐι·
978 1195 1142 1262 νόμῳ
1160 1192 1556 1256 δικαιοῦνται,
1581 1193 1679 1247 καί
1703 1193 2004 1257 ἐξέπεσον

413 1281 528 1348 τῆς
555 1282 818 1350 χάριτος.
847 1285 959 1338 Καὶ
983 1287 1145 1338 πάλιν
1165 1285 1316 1354 λέγει
1351 1301 1364 1314 ·
1401 1284 1544 1339 Ἐάν
1581 1303 1672 1352 τις
1751 1284 2004 1353 θελήσει

413 1373 668 1444 ποιῆσαι
690 1375 760 1430 ἐν
788 1378 855 1430 ἐκ
884 1377 984 1431 τοῦ
1007 1378 1217 1446 νόμου,
1241 1378 1680 1447 ἐπικατάρατός
1705 1379 1876 1432 ἐστιν
1891 1379 2003 1431 ἐὰν

407 1471 494 1540 μὴ
535 1472 764 1543 ποιήσῃ
788 1473 1006 1528 πάντα.
1036 1476 1146 1528 Καὶ
1180 1478 1208 1529 6
1235 1474 1425 1546 Σωτὴρ
1461 1476 1519 1528 ἐν
1547 1474 1626 1544 τῷ
1655 1473 1889 1545 ὑπερῴῳ
1909 1474 2002 1525 τὸν

416 1566 682 1633 μυστικὸν
714 1567 933 1621 δεῖπνον
962 1564 1052 1622 ὅτε
1097 1569 1258 1640 ἤθελε
1309 1573 1426 1632 τοῖς
1505 1569 1779 1640 μαθηταῖς
1832 1568 1999 1621 αὑτοῦ

413 1660 791 1730 ἀποκαλύψαι,
826 1663 924 1714 οὐκ
949 1664 1006 1714 ἐν
1025 1660 1245 1732 saepe),
1303 1659 1421 1714 ἀλλ’
1467 1661 1526 1714 ὲν
1580 1661 1730 1732 ἄρτῳ
1773 1661 1999 1731 τελείῳο

405 1753 489 1805 ὅτι
555 1753 657 1805 οὐκ
709 1749 776 1824 ἦν
823 1754 1024 1824 καιρὸς
1086 1753 1316 1823 ἀζύμων
1341 1753 1487 1806 κατὰ
1543 1753 1636 1806 τὸν
1661 1754 1829 1821 νόμον
1888 1753 2000 1806 τῶν

424 1844 697 1916 Ἐὃραίων
729 1862 744 1878 ⁸
778 1846 904 1898 ἐπεὶ
936 1848 1031 1900 καὶ
1077 1847 1138 1898 τὸ
1185 1846 1487 1916 μυστήριον
1545 1845 1706 1898 τοῦτο
1739 1845 1844 1916 πρὸ
1902 1847 1994 1899 τοῦ

411 1937 607 2008 Πάσχα
640 1933 732 2010 ἦν,
768 1937 954 2002 καθὼς
983 1939 1080 1991 καὶ
1107 1940 1136 1991 6
1166 1940 1351 2008 μέγας
1387 1938 1640 2009 Ἰωάννης
1691 1941 1718 1992 6
1748 1939 1996 2007 Εὐαγγε-

411 2030 602 2102 λιστὴς
630 2031 779 2099 λέγει
807 2047 821 2060 ·
853 2031 976 2099 Πρὸ
1003 2030 1116 2098 τῆς
1163 2031 1375 2101 ἑορτῆς
1424 2032 1531 2086 τοῦ
1576 2030 1812 2100 Πάσχα.
1887 2032 1996 2085 Καὶ

412 2123 580 2178 πάλιν
607 2124 762 2191 λέγει
790 2139 803 2151 ·
860 2122 940 2191 Τῇ
991 2123 1286 2192 ἐπαύριον
1317 2127 1536 2192 ἄγουσι
1575 2124 1682 2177 τὸν
1750 2123 1997 2191 Ἰησοῦν

411 2212 531 2267 ἀπὸ
557 2215 794 2283 Καϊάφα
812 2217 902 2281 εἰς
926 2214 994 2268 τὸ
1015 2216 1378 2285 πραιτώριον
1401 2231 1414 2246 °
1451 2219 1552 2270 ira
1593 2216 1681 2286 μὴ
1737 2214 1995 2286 μιανθῶο

410 2307 702 2371 «nam
745 2308 846 2362 ἵνα
875 2306 1112 2377 φάγωσι
1135 2311 1198 2362 τὸ
1235 2308 1471 2377 Πάσχα.

1034 2401 1278 2467 Αἵρεσις
1321 2397 1385 2463 ζ’.

481 2488 586 2544 IA'.
619 2488 746 2542 Ὅτι
781 2489 927 2560 ὕδωρ
957 2494 1036 2554 είς
1089 2490 1183 2543 τὸν
1220 2486 1368 2544 οῐνον
1412 2491 1473 2544 οὐ
1503 2489 1794 2560 βάλλουσιν
1819 2491 1898 2554 εἰς
1925 2490 1995 2544 τὰ

411 2578 535 2635 θεῖα.
569 2584 850 2652 μυστήρια
872 2599 886 2613 ·
918 2583 1011 2636 καὶ
1033 2583 1160 2653 περὶ
1197 2583 1389 2636 τούτου
1421 2585 1448 2636 6
1476 2583 1774 2647 ἀπόστολος
1817 2584 1996 2637 Ἰωάν-

411 2689 513 2742 νης
539 2674 567 2726 6
588 2673 853 2742 Θεολόγος
905 2676 1109 2744 γράφει
1139 2692 1150 2704 ·
1179 2677 1262 2729 ὅτι
1312 2671 1502 2742 Οὗτός
1537 2675 1710 2730 ἐστιν
1742 2679 1774 2729 ὀ
1799 2675 1994 2729 ἐλθὼν

407 2765 480 2818 ἐν
519 2767 834 2836 πνεύματι,
865 2769 963 2821 καί
1024 2768 1247 2838 αἵματι,
1288 2769 1387 2821 καὶ
1453 2767 1644 2821 ὕδατι.
1703 2769 1814 2823 Kal
1883 2769 1992 2838 γὰρ

407 2857 599 2911 ταῦτα
630 2861 702 2914 τὰ
755 2861 888 2928 τριά
921 2863 1005 2927 είς
1029 2860 1098 2914 ἓν
1126 2864 1266 2915 εἱσι.
1300 2862 1411 2914 Καὶ
1464 2862 1782 2933 Γρηγόριος
1803 2864 1830 2914 6
1859 2861 1991 2914 Θεο-

408 2949 569 3019 λόγος
594 2951 765 3019 λέγει,
787 2953 872 3005 ὅτι
908 2953 1135 3024 ἐξῆλθεν
1161 2954 1228 3006 ὲκ
1255 2955 1351 3024 τῆς
1380 2952 1627 3024 πλευρᾶς
1655 2952 1750 3005 τοῦ
1782 2955 1990 3021 Κυρίου

408 3039 552 3110 αἷμα
587 3044 684 3094 καὶ
714 3041 858 3112 ὕδωρ
878 3058 892 3073 ·
935 3059 954 3094 ι
1003 3043 1074 3095 Τὸ
1131 3043 1232 3121 μὲν
1275 3043 1350 3106 ὡς
1381 3043 1745 3114 ἀνθρωπίνως
1775 3061 1788 3073 ο
1820 3044 1882 3096 τὸ
1912 3044 1990 3108 δὲ,

1439 345 1724 405 ORATIO
1768 346 1823 404 lI
1864 343 2162 406 CONTRA
2201 343 2617 406 ARMENIOS.

2028 462 2078 521 Α

3551 350 3573 414 Ῑ
3586 351 3690 415 226

2711 454 2942 511 Heresis
2965 454 3022 511 θ.

2169 548 2240 602 Χ.
2291 551 2574 620 Azymum,
2626 561 2893 606 mortuam
2920 545 3157 602 hostiam
3212 545 3510 617 impudenti
3543 549 3686 607 facie

2104 641 2158 693 in
2194 651 2485 710 conspectu
2519 641 2608 695 Dei
2633 640 2785 709 juxta
2822 637 3170 693 Hebraeorum
3229 639 3571 694 traditionem
3605 642 3683 696 si-

2102 741 2274 786 stunt.
2336 731 2698 799 Quamobrem
2753 731 2954 786 Paulus
3017 731 3335 786 multimode
3404 732 3686 789 scribitad

2105 823 2414 878 Corinthios
2482 828 2535 878 in
2571 825 2714 879 hunc
2765 806 3021 878 modum:
3053 821 3316 877 Modicum
3371 824 3686 894 fermentum
3724 865 3731 870 η

2104 895 2528 970 totam’massam
2577 917 2854 985 fermentat
2881 916 2946 968 ‘7.
2973 918 3051 972 Ac
3087 933 3301 971 rursum
3351 918 3426 970 ait
3451 933 3462 966 :
3487 916 3546 971 Si
3571 919 3687 986 pri-

2104 1023 2244 1060 mum
2302 1007 2456 1076 culpa
2483 1020 2735 1073 vacasset,
2763 1010 3044 1063 secundant
3103 1010 3274 1064 locum
3336 1027 3440 1063 non
3465 1012 3687 1064 habuis-

2103 1110 2175 1150 set
2202 1098 2269 1151 ⁸⁸.
2326 1100 2406 1152 Ad
2453 1100 2668 1156 Galatas
2711 1116 2928 1171 quoque
2978 1103 3168 1155 scribit
3215 1113 3504 1156 evacuatus
3563 1118 3684 1156 esse

2105 1202 2134 1239 a
2177 1189 2397 1245 Christo
2451 1206 2658 1256 omnes,
2688 1194 2779 1261 qui
2821 1193 2872 1245 in
2903 1193 3016 1262 lege
3056 1191 3446 1258 justiﬁcantur,
3490 1207 3554 1246 ac
3589 1209 3682 1246 ex-

2103 1283 2300 1337 cidisse
2318 1301 2345 1336 ιι
2369 1287 2542 1354 gratia
2579 1286 2646 1340 ".
2683 1286 3090 1354 Atqueitermn.
3122 1287 3164 1339 si
3219 1287 3340 1355 quis
3369 1302 3530 1341 unum
3556 1287 3684 1356 quid

2104 1377 2304 1446 delege
2332 1378 2564 1431 voluerit
2593 1377 2794 1443 facere,
2827 1368 3170 1432 maledictum
3203 1391 3344 1443 esse,
3371 1379 3478 1434 nisi
3501 1381 3682 1432 munia

2102 1468 2290 1522 fecerit
2346 1469 2414 1523 ⁸ο.
2469 1469 2717 1522 Salvator
2769 1483 2984 1539 quoque
3055 1469 3180 1523 dum
3268 1469 3320 1523 in
3399 1471 3684 1524 cmnaculu

2103 1574 2314 1614 sternam
2356 1561 2639 1630 mysticam
2709 1560 2862 1614 vellet
2891 1559 3148 1628 apostolis
3195 1559 3456 1624 revelare,
3495 1574 3598 1613 non
3633 1560 3684 1612 in

2105 1665 2298 1722 azymo
2330 1650 2480 1715 fecit,
2524 1651 2615 1705 sed
2669 1650 2722 1704 in
2773 1665 2912 1719 pane
2963 1650 3200 1719 perfecto
3238 1650 3544 1719 :siquidem
3574 1665 3685 1704 non

2107 1749 2225 1794 erat
2278 1741 2603 1812 Azymornm
2667 1750 2877 1809 tempus
2928 1740 3081 1809 juxta
3115 1741 3284 1811 legem
3315 1739 3684 1796 Hebraeorum.

2037 1815 2075 1868 Β
2107 1834 2239 1889 Nam
2267 1836 2430 1890 etiam
2483 1833 2794 1904 mysterium
2819 1833 2921 1886 hoc
2953 1841 3078 1886 ante
3109 1832 3315 1886 Pascha
3348 1833 3469 1894 fuit,
3491 1847 3686 1901 quem-

2103 1926 2392 1980 admodum
2465 1940 2694 1992 magnus
2763 1939 2977 1995 quoque
3052 1923 3288 1980 Joannes
3355 1926 3685 1998 evangelista

2104 2019 2178 2072 ait
2210 2017 2400 2072 :'Ante
2434 2016 2572 2070 diem
2597 2015 2788 2086 festum
2830 2015 3054 2072 Pascha:
3081 2019 3151 2072 ".
3184 2018 3261 2072 Ac
3300 2033 3516 2073 rursum
3557 2019 3634 2072 ait
3665 2035 3681 2076 :

2105 2110 2172 2165 1η
2207 2110 2497 2162 crastinum
2531 2110 2798 2162 adducunt
2853 2109 3036 2166 Jesum
3091 2128 3123 2164 a
3149 2108 3353 2179 Caipha
3395 2110 3465 2162 ad
3490 2121 3686 2178 pra-to-

2105 2205 2263 2263 rium,
2327 2211 2383 2252 ut
2436 2215 2536 2252 non
2593 2201 3108 2268 contaminarentur,
3162 2203 3252 2256 sed
3302 2204 3686 2256 mamlucarent

2104 2290 2313 2344 Pascha
2335 2291 2400 2340 θ’.

2725 2397 2771 2451 11
2779 2400 2956 2452 ωνεείδ
3003 2397 3052 2450 7.

2172 2489 2266 2545 XI.
2310 2491 2519 2561 Aquam
2567 2490 2620 2543 in
2668 2489 2852 2544 vinum
2906 2490 2958 2543 in
3011 2487 3208 2543 divinis
3253 2488 3540 2568 mysteriis.
3575 2503 3681 2543 non

2105 2584 2342 2638 mittunt.
2378 2583 2452 2636 De
2497 2582 2599 2637 hoc
2639 2581 2828 2636 scribit
2866 2582 3142 2651 apostolus
3177 2579 3411 2634 Joannes
3447 2579 3683 2636 Theolo-

2101 2689 2199 2745 gus
2240 2691 2254 2727 :
2304 2675 2426 2742 Ipse
2467 2683 2564 2738 est,
2594 2672 2683 2742 qui
2724 2673 2860 2725 venit
2903 2670 2957 2724 in
2996 2671 3209 2740 spiritu,
3241 2678 3289 2724 et
3330 2673 3603 2740 sanguine,
3635 2681 3684 2724 et

2101 2782 2260 2834 aqua.
2301 2762 2443 2818 Nam
2499 2763 2608 2817 Itazc
2658 2764 2764 2818 tria
2816 2776 2882 2816 aa
2932 2779 3090 2816 unum
3145 2775 3262 2816 sunt
3287 2762 3352 2816 ".
3391 2761 3684 2831 Gregorius

2101 2855 2319 2927 quoque
2355 2852 2664 2926 Theologus
2698 2855 2795 2919 ait,
2827 2855 3005 2910 exisse
3039 2868 3068 2908 e
3107 2855 3277 2909 latere
3310 2855 3523 2908 Domini
3560 2871 3673 2908 san-

2099 2951 2314 3020 guinem
2362 2959 2416 3004 et
2444 2964 2640 3018 aquam
2692 2967 2705 3002 :
2763 2965 2782 2998 ι
2837 2947 3081 3001 Alterum
3129 2949 3381 3016 quidem,
3429 2958 3684 3017 tanquam

2103 3038 2374 3102 hominis;
2433 3038 2695 3102 alterum,
2749 3046 2806 3091 ut
2859 3036 3092 3090 humana
3147 3037 3456 3092 conditione
3507 3040 3684 3108 majo-

408 3134 550 3206 ὑπὲρ
577 3134 885 3204 ἄνθρωπον.
925 3152 944 3186 ι
970 3137 1081 3188 Καὶ
1110 3136 1427 3205 Ἐπιφάνιος
1469 3135 1652 3204 λέγει·
1697 3154 1715 3187 ι
1739 3133 1992 3206 Ἐξῆλθεν

2101 3130 2176 3183 ris
2203 3129 2337 3200 (75).
2365 3147 2383 3178 ι
2414 3127 2750 3198 Epiphanius
2773 3128 2900 3182 item
2929 3127 3006 3182 sic
3031 3129 3106 3181 ait
3134 3145 3147 3182 :
3182 3146 3201 3179 ι
3238 3127 3415 3182 Exivit
3439 3129 3685 3198 sanguis,

409 3221 578 3295 αἷμα..
606 3227 683 3290 ὡς
707 3226 818 3281 ἀπὸ
844 3226 1053 3280 τελείου
1091 3229 1408 3300 ἀνθρώπου,
1439 3227 1552 3300 (69)
1580 3226 1676 3280 τοῦ
1713 3227 1769 3280 δὲ
1800 3245 1991 3298 περισ-

409 3315 688 3386 σεύματος
717 3316 814 3370 τοῦ
849 3317 1066 3383 ὕδατος,
1099 3320 1198 3389 τὴν
1227 3318 1584 3388 καθαρότητα
1615 3315 1725 3389 (70)
1747 3317 1842 3370 τοῦ
1866 3318 1995 3370 ὕδα-

407 3422 521 3468 τος,
549 3406 846 3476 ἐδήλωσεν,
877 3409 1068 3478 ἐπειδὴ
1101 3409 1129 3460 6
1167 3410 1402 3478 σταυρὸς
1453 3409 1707 3479 τράπεζα
1749 3408 1988 3480 ἐκλήθη·

391 3497 504 3548 ,καὶ
539 3497 574 3568 ἡ
608 3497 747 3569 σὰρξ
775 3498 870 3552 τοῦ
904 3500 1111 3570 Κυρίου
1145 3501 1306 3570 ἄρτος
1348 3499 1515 3570 ζωῆς.
1554 3500 1787 3568 Ὁμοίως
1817 3500 1993 3552 καὶτὸ

408 3584 574 3656 αἷμα,
616 3592 712 3642 καὶ
736 3591 797 3641 τὸ
831 3590 977 3660 ὕδωρ
1008 3592 1067 3645 τὸ
1099 3593 1351 3663 ἐκχυθὲν,
1403 3593 1557 3662 πόμα
1606 3593 1772 3660 ζωῆς.
1819 3611 1836 3642 ι
1884 3593 1993 3644 Καὶ

413 3677 524 3731 ίδοὺ
556 3681 734 3733 ὲὰντὸ
768 3681 911 3752 ὕδωρ
971 3683 1030 3734 τὸ
1082 3684 1384 3754 μυστήριον
1414 3687 1511 3755 τῆς
1567 3684 1821 3750 θεότητος
1857 3683 1992 3754 ἔχει,

409 3771 598 3828 λοιπὸν
627 3775 660 3843 ὴ
685 3773 806 3828 θεία
842 3774 1159 3846 λειτουργία
1187 3777 1315 3830 ἄνευ
1349 3776 1563 3844 ὓδατος,
1587 3775 1745 3847 ψιλοῦ
1774 3778 1990 3848 ἀνθρώ-

413 3881 518 3917 που
553 3867 814 3936 σημαίνει
845 3867 1028 3938 σῶμα.

1018 3973 1260 4042 Αἵρεσις
1321 3971 1392 4042 η’.

488 4066 590 4121 lB’.
627 4068 752 4120 Ὀτι
783 4068 912 4122 ἄνευ
965 4068 1163 4130 eam;
1193 4066 1379 4136 ἔχουσι
1404 4067 1495 4120 τὸν
1531 4069 1694 4138 ἄρτον
1717 4083 1733 4100 ο
1764 4069 1860 4122 καὶ
1892 4067 1994 4121 οὐκ

410 4160 635 4224 ἀκούεις
667 4161 759 4213 τοῦ
794 4161 1050 4234 Σωτῆρος
1098 4163 1351 4232 λέγοντος
1405 4164 1518 4224 τοῖς
1564 4159 1836 4231 μαθηταῖς
1859 4201 1874 4224 ,
1911 4160 1992 4213 ὅτι

425 4249 625 4322 ἠιεῖς
649 4253 790 4306 ἐστε
815 4253 882 4305 τὸ
918 4253 1074 4318 ἅλας
1108 4254 1213 4307 τοῦ
1269 4255 1504 4321 κόσμου
1535 4266 1547 4281 ⁸
1583 4255 1679 4306 καὶ
1709 4252 1870 4306 πάλιν
1903 4252 1992 4304 λέ-

410 4361 500 4414 γει
521 4362 535 4376 ο
574 4347 657 4399 ὃτι
689 4343 820 4402 Πᾶν
854 4343 1011 4412 εἶδος
1071 4349 1138 4398 τὸ
1171 4345 1326 4411 ἅλας
1360 4346 1583 4413 ἀρτύει.
1627 4347 1685 4399 Ὀ
1725 4346 1782 4398 δὲ
1813 4347 1995 4415 μακά-

413 4459 530 4512 ριος
574 4443 696 4494 Ἰὼϐ
723 4445 906 4512 λέγει’
941 4441 1036 4511 Μή
1076 4459 1220 4496 ποτε
1239 4443 1618 4511 ,βρωθήσετιιι
1651 4444 1829 4511 ἄρτος
1847 4445 1994 4499 ἄνευ

2100 3231 2157 3275 ιιι
2201 3238 2230 3276 a
2274 3221 2514 3291 perfecto
2555 3220 2774 3275 homine
2809 3237 2826 3274 :
2863 3235 3015 3290 aqua:
3051 3228 3229 3275 autem
3274 3235 3339 3276 ex
3385 3220 3683 3276 abundanti

2098 3314 2350 3383 adjectio,
2382 3322 2600 3383 prapter
2639 3313 2756 3383 ejus
2797 3312 3051 3367 elementi
3087 3313 3396 3382 puritatem,
3433 3313 3688 3369 divinita-

2103 3416 2210 3459 tem
2248 3404 2600 3475 signiﬁcavit.
2634 3393 2778 3459 Crux
2812 3404 3010 3474 quippe
3049 3419 3246 3480 mensa
3270 3403 3536 3475 appellata
3570 3416 3686 3467 est;

2097 3509 2160 3548 ac
2192 3494 2394 3548 Christi
2427 3508 2578 3558 caro,
2612 3494 2768 3562 panis
2799 3494 2922 3547 vitae
2959 3511 2973 3547 :
3011 3493 3172 3548 simili
3209 3509 3422 3563 quoque
3455 3495 3686 3558 ratione,

2100 3587 2321 3654 sanguis
2367 3593 2420 3638 et
2461 3600 2620 3653 aqua,
2651 3600 2771 3654 qua!
2809 3583 2980 3640 éﬁ‘usa
3027 3594 3131 3648 est,
3165 3593 3323 3652 potus
3362 3587 3503 3641 vitae.
3541 3605 3560 3639 ι
3607 3587 3685 3642 En

2098 3690 2250 3744 ergo,
2285 3674 2554 3744 siquidem
2605 3689 2746 3744 aqua
2787 3673 3089 3728 divinitatis
3136 3675 3453 3745 mysterium
3502 3679 3685 3742 habet,

2097 3766 2254 3835 plane
2310 3767 2416 3836 jam
2479 3765 2720 3821 divinum
2781 3765 3111 3821 sacriﬁcium
3169 3767 3290 3822 sine
3349 3783 3520 3836 aqua,
3557 3773 3681 3838 puri

2098 3856 2336 3913 hominis
2368 3873 2564 3927 corpus
2596 3857 2855 3912 ostendit.

2729 3974 2960 4029 ﬂarresis
3004 3975 3054 4029 8.

2168 4065 2284 4119 XII.
2317 4063 2516 4120 Panem
2563 4066 2675 4137 (74)
2723 4069 2928 4134 absque
2972 4068 3084 4120 sale
3130 4066 3362 4134 habent;
3400 4082 3499 4122 nec
3533 4066 3686 4122 audis

2100 4158 2386 4214 Dominum
2433 4160 2703 4215 dicentem
2747 4159 3027 4229 discipulis
3062 4178 3076 4215 :
3122 4159 3221 4214 Vos
3258 4162 3384 4215 estis
3417 4160 3501 4215 sal
3533 4177 3686 4215 mun-

2097 4253 2152 4305 di
2175 4253 2239 4308 “.
2272 4252 2335 4305 Et
2368 4255 2566 4309 iterum
2601 4253 2677 4306 ait
2711 4271 2724 4307 :
2765 4252 2950 4306 Omnis
2986 4254 3201 4308 victima
3235 4252 3346 4306 sale
3377 4254 3598 4307 satietur
3614 4255 3680 4306 ⁵⁸.

2101 4347 2299 4402 Beatus
2323 4361 2538 4415 quoque
2562 4344 2664 4400 Job
2693 4349 2768 4401 ait
2800 4365 2814 4401 :
2849 4347 3122 4416 Numquid
3155 4348 3357 4400 comedi
3390 4356 3559 4416 potest
3589 4365 3684 4417 pa-

2099 4444 2181 4496 nis
2212 4443 2324 4496 sine
2355 4441 2467 4495 sale
2487 4441 2563 4495 '5?
2592 4440 2760 4496 Plane
2793 4441 2970 4495 morbi
3001 4455 3160 4495 omne
3195 4455 3366 4508 genus
3398 4441 3686 4495 edentibus

409 4533 636 4603 ἅλατος
665 4553 686 4601 ;
721 4537 910 4590 Πᾶσαν
973 4536 1291 4608 ἀρρωστίαν
1318 4537 1573 4605 ἐπιφέρει
1609 4541 1724 4600 τοῖς
1781 4537 1989 4608 βεϐρω-

2099 4532 2247 4588 facit.
2277 4534 2518 4588 Joannes
2548 4533 2676 4588 item
2709 4534 3137 4605 Chrysostomus
3167 4533 3300 4587 dicit
3333 4551 3346 4586 :
3387 4551 3408 4586 ι
3446 4531 3503 4587 1η
3535 4538 3682 4588 omni

411 4630 556 4686 κόσι.
579 4630 690 4684 Kal.
720 4632 748 4683 6
790 4629 1045 4700 Ἰωάννης
1071 4632 1098 4682 6
1118 4629 1508 4700 Χρυσόστομος
1534 4629 1686 4697 λέγει
1708 4648 1720 4660 ·
1740 4631 1822 4683 ὅτι
1852 4650 1870 4682 ι
1901 4632 1994 4693 Εἰς

2099 4626 2363 4681 sacriﬁcio
2389 4636 2568 4680 vestro
2601 4625 2679 4678 sal
2713 4625 3010 4680 immittite.
3050 4643 3070 4675 ι

411 4711 595 4777 πᾶσαν
625 4721 784 4790 ὑμῶν
815 4721 1165 4792 λειτουργίαν
1193 4720 1328 4785 ἃλας
1373 4721 1687 4774 ὲπιῦἀλετε.
1723 4741 1742 4774 s

1033 4831 1280 4899 Αἵρεσις
1306 4829 1371 4884 θ’.

485 4927 581 4983 ΙΓ⁹.
611 4929 735 4982 Ὅτι
765 4929 880 5000 (Ἠ)
910 4929 938 4981 6
969 4922 1376 4995 εὐαγγελισμδς
1411 4921 1514 4993 τῆς
1540 4922 1844 4993 ὑπεραγὶας
1863 4921 1994 4974 Θεο-

409 5023 573 5073 τόκου
612 5022 672 5074 οὐ
703 5021 1057 5088 γινώσκουσι,
1091 5017 1190 5088 τὴν
1245 5015 1473 5086 πρώτην
1519 5015 1736 5084 ἑορτὴν,
1775 5013 1998 5084 καὶτῆς

415 5115 690 5186 σωτηρίας
718 5114 878 5184 ἡμῶν
898 5112 960 5165 τὸ
994 5112 1313 5181 κεφάλαιον·
1345 5110 1438 5163 καὶ
1461 5108 1764 5179 Γρηγόριος
1793 5109 1822 5160 6
1845 5107 1993 5160 Θαυ-

416 5207 726 5275 ματουρ·;ὸς
772 5206 951 5275 λέγει,
986 5206 1072 5258 ὅτι
1110 5222 1129 5254 ι
1169 5203 1356 5256 Πᾶσαν
1404 5201 1620 5270 ἑορτὴν,
1655 5201 1748 5252 καὶ
1788 5198 1995 5264 δοξολο-

411 5299 537 5368 γίαν
571 5299 648 5363 ὡς
699 5300 891 5363 θυσίας
936 5302 1032 5353 καὶ
1078 5296 1478 5365 ὁλοκαυτώσεις
1531 5292 1870 5363 προσφέρετε
1911 5290 1989 5361 τῷ

2725 4830 2974 4887 Ηωνεείε·
2996 4833 3050 4887 9.

2167 4922 2307 4980 Xlll.
2343 4923 2825 4978 Annuntiatiouem
2861 4925 3222 4982 sanctissimae
3257 4925 3355 4982 Dei
3391 4925 3685 4982 Geuitrit-is

2100 5031 2204 5072 non
2249 5025 2539 5077 noverunt,
2572 5017 2807 5083 primam
2847 5015 2994 5070 illam
3038 5017 3454 5085 solemnitatem,
3484 5033 3549 5073 ac
3591 5035 3686 5072 no-

2101 5119 2228 5163 sua:
2266 5106 2458 5171 salutjs
2493 5115 2676 5175 caput.
2707 5107 2799 5159 Ait
2831 5121 2960 5162 vero
2995 5106 3290 5178 Gregorius
3323 5109 3685 5165 Thaumatur-

2097 5214 2196 5268 gus
2243 5216 2256 5251 :
2312 5216 2330 5248 ι
2383 5197 2618 5251 Cunctas
2666 5197 2880 5266 quidem
2924 5196 3189 5254 festorum
3231 5203 3578 5258 celebritates
3620 5217 3684 5255 ac

2096 5292 2458 5355 laudationes,
2488 5301 2744 5361 tanquam
2777 5292 3026 5348 victimas
3057 5307 3120 5349 ac
3149 5293 3468 5349 holocausta
3494 5293 3684 5348 oﬁ'erte

483 5446 527 5480 ⁸⁷
560 5445 580 5502 1
607 5447 736 5501 Cor.
769 5459 819 5510 ν,
845 5443 902 5498 6.
976 5445 1022 5477 ⁸⁸
1060 5443 1222 5499 llebr.
1252 5441 1446 5503 viti.7.
1522 5440 1566 5472 ’δ’
1597 5437 1921 5510 Galat.v,_§.

2099 5435 2255 5510 hiat.
2288 5452 2367 5510 ιιι,
2394 5437 2490 5510 l0;
2531 5435 2647 5510 Jac.
2690 5451 2750 5502 ιι,
2781 5435 2866 5491 10.
2946 5438 2987 5469 ⁵³
3031 5436 3188 5491 Joan.
3221 5450 3342 5502 (ιιι,
3373 5435 3422 5490 1.
3444 5434 3490 5468 ⁸¹
3522 5431 3677 5488 Joan.

411 5533 543 5574 “tu
573 5517 664 5572 28.
739 5504 829 5570 ⁸³1
862 5513 1017 5568 Joan.
1039 5530 1092 5580 ν,
1117 5516 1171 5568 6.
1247 5514 1292 5547 ”
1317 5513 1509 5568 Matth.
1539 5527 1591 5578 v,
1618 5511 1706 5567 i5.
1781 5509 1828 5541 ”
1850 5506 1996 5562 Marc

2111 5549 2125 5574 ,
2148 5507 2236 5562 48.
2315 5506 2361 5537 ⁵⁵
2385 5504 2486 5561 Job
2518 5523 2591 5574 Vl,
2622 5509 2675 5562 6.

483 5658 596 5730 (69)
621 5657 781 5730 Forte
805 5655 866 5730 τρ
897 5653 954 5730 δὲ),
984 5653 1347 5730 περίσσευμα.

481 5721 593 5798 (7οᾗ
623 5728 765 5796 Lege
795 5727 895 5796 τῆς
929 5721 1203 5798 θεότητος,
1247 5721 1322 5796 ἧι
1373 5725 1462 5779 διὰ
1502 5723 1600 5796 τὴν
1635 5721 1987 5792 καθαρότητα

411 5799 507 5855 τοῦ
540 5799 756 5861 ὓδατος,
786 5800 886 5866 τὴν
919 5797 1173 5864 θεότητα.

720 5893 1002 5955 ΡΑτιιοι..
1035 5891 1494 5956 Gn.CXXXll.

2171 5650 2188 5710 (
2194 5648 2284 5718 7|)
2320 5645 2425 5718 Τὸν
2458 5647 2882 5717 εὐαγγελισμόν.
3392 5589 3428 5645 1

2170 5719 2283 5785 (7⁸5)
2311 5717 2465 5771 Orat.
2495 5718 2585 5770 42.

2174 5791 2286 5861 (Ἧι
2315 5787 2742 5845 Eucharisticum
2790 5801 3000 5859 nempe.
3037 5787 3273 5844 Consule
3303 5787 3675 5844 Hunibcrtum.

3202 5882 3276 5944 39
