4088 6424
421 328 559 392 ΞΞΞἸ

1482 322 1741 385 ῙΞΑΑΟΙ
1780 319 2153 381 ΑΒΜΕΝΙᾸΞ.
2186 318 2598 379 CATHOLICI

3542 317 3680 379 1228

425 444 534 496 beo
565 462 574 495 :
610 438 877 509 praecipue
905 445 1083 492 autem
1113 450 1178 492 ac
1206 450 1316 507 prae
1340 434 1615 504 omnibus,
1644 434 1990 490 sanctissima

2105 430 2255 501 Θεῴ’
2294 431 2590 501 ἐξαιρέτως
2616 428 2673 482 δὲ
2711 428 2859 500 παρᾶ
2907 428 3106 494 πάντα,
3147 427 3237 481 τὸν
3283 426 3689 495 εύαγγελισμου

426 536 516 590 itei
548 533 866 597 Genitricis;
903 531 1068 595 illius,
1094 530 1334 599 inquam,
1361 529 1533 597 gratia
1554 527 1747 598 plenae,
1773 541 1836 581 ac
1862 540 2003 582 sem-

422 642 519 697 per
554 625 791 695 Virginis
832 622 1034 686 Mariae,
1068 621 1555 675 annuntiationem.
1598 638 1616 671 ι
1665 621 1742 674 Ae
1784 634 1999 673 rursum

428 719 506 770 ait
544 734 557 769 ι
604 732 620 764 ι
661 714 715 769 Si
754 712 873 781 quis
906 712 1142 766 salutare
1175 708 1372 763 festum
1408 711 1508 762 hoc
1547 707 1805 770 celebret,
1838 705 2002 774 majo‘

424 822 536 860 rem
567 805 820 859 omnibus
848 801 1258 856 retributionem
1294 816 1356 854 ac
1391 799 1617 867 gratiam
1656 799 1796 865 apud
1828 796 2000 851 Deum

421 913 542 953 esse
585 906 963 964 percepturum
1016 892 1150 963 (75).
1191 910 1210 944 r
1258 892 1678 960 Chrysostomus
1718 905 1835 944 eam
1884 889 2002 942 lau-

421 985 557 1040 dans
597 985 995 1039 solenmitatem
1039 983 1228 1037 scribit
1273 999 1290 1038 :
1339 1000 1358 1033 ι
1411 979 1619 1034 Rursus
1663 981 1782 1034 lecta
1825 980 2001 1048 gaudii

421 1079 607 1133 nuntia
631 1094 643 1130 :
664 1092 849 1131 rursus
873 1076 1139 1130 libertatis
1168 1074 1365 1127 indicia
1399 1072 1569 1143 (76),»
1600 1083 1704 1126 etc.
1736 1072 1792 1125 lu
1822 1074 1997 1127 (ἥνυτε

420 1170 498 1224 sis
534 1183 751 1238 quoque
782 1166 940 1221 libris
976 1165 1186 1235 liquido
1214 1163 1414 1219 festum
1453 1164 1559 1218 hoc
1590 1163 1853 1217 llebraica
1898 1164 2002 1217 liu-

420 1276 548 1330 gua,
580 1261 767 1327 quinta
810 1258 1015 1314 mensis
1057 1256 1247 1323 Nisau,
1286 1256 1339 1310 id
1379 1269 1483 1321 εει,
1514 1255 1771 1311 vicesima
1814 1256 2001 1325 quinta

420 1352 621 1418 Martii,
646 1352 912 1413 indicant.

1045 1440 1282 1497 literati:
1316 1439 1405 1494 10.

488 1534 628 1591 XIV.
655 1534 853 1605 Ingrati
883 1542 1011 1587 sunt
1036 1548 1099 1587 ac
1128 1531 1300 1595 stulti,
1322 1529 1464 1600 quod
1492 1538 1701 1599 spectat
1721 1532 1788 1584 ad
1813 1527 2003 1583 Natale

426 1625 658 1679 licinini.
683 1626 759 1678 Ac
785 1638 959 1692 neque
982 1620 1309 1691 Gregorium
1334 1617 1669 1687 Thcologum
1698 1617 2000 1681 attendunt,

424 1732 546 1771 cum
581 1715 657 1769 ait
696 1732 710 1771 :
744 1732 769 1767 4
808 1715 1063 1769 Christus
1099 1712 1362 1771 nascitur,
1388 1707 1710 1779 gloriﬁcate.
1743 1726 1764 1758 ι
1808 1705 1869 1758 Et
1902 1707 2002 1759 ite-

2102 525 2203 594 τῆς
2225 524 2518 587 Θεοτόκου,
2546 524 2642 593 τῆς
2670 520 3259 593 κεχαριτωμένης,ξκαὶ
3289 520 3685 587 ’Δειπαρῢένου

2103 617 2344 687 Μαρίας.
2386 636 2404 668 ι
2435 616 2548 670 Καὶ
2581 616 2746 669 πάλιν
2772 614 2923 682 λέγει
2952 629 2965 643 ·
3009 632 3028 665 t
3080 614 3209 666 Ἐάν
3238 631 3322 675 τις
3347 613 3553 681 ταύτην
3584 612 3684 683 τὴν

2107 709 2378 778 σωτήριον
2408 708 2603 779 ἑορτὴν
2633 707 2886 778 ἐπιτελῇ.
2920 707 3145 760 πλείονα
3164 706 3313 776 παρὰ
3335 705 3543 767 πάντας
3568 705 3686 776 ἔχει

2103 799 2203 869 τὴν
2253 799 2514 869 ἀμοιϐὴν,
2551 799 2645 851 καὶ
2702 799 2802 869 τὴν
2829 798 2989 869 χάριν
3020 798 3171 869 παρὰ
3213 797 3351 868 Θεῷ.
3391 817 3407 848 ι
3452 797 3511 850 '0
3538 799 3686 869 Χρυ-

2107 891 2373 960 σόστομος
2405 892 2771 961 ἐγκωμιάζων
2795 891 2894 962 τὴν
2928 891 3184 960 τοιαύτην
3214 889 3410 960 ἑορτὴν
3443 890 3680 960 γράψει’

2109 1002 2129 1035 ι
2172 983 2345 1037 Πάλιν
2377 987 2554 1054 χαρᾶς
2581 983 2880 1052 εὐαγγέλια
2906 999 2920 1015 ο
2958 984 3123 1036 πάλιν
3154 982 3469 1055 ἐλευθερίας
3505 981 3682 1052 μηνύ-

2107 1093 2274 1145 ματα,
2300 1094 2328 1128 ει
2363 1076 2459 1129 καὶ
2492 1076 2560 1128 τὰ
2594 1076 2744 1144 ἑξῆς.
2778 1075 2889 1128 Καὶ
2923 1076 2981 1127 ὲν
3011 1073 3293 1143 διαφόροις
3329 1074 3536 1141 βίϐλοις
3580 1092 3682 1125 κα-

2105 1167 2278 1237 Θαρὰν
2303 1169 2401 1238 τὴν
2421 1170 2590 1238 αὐτὴν
2612 1170 2830 1238 ἡμέραν
2859 1167 3170 1221 δεικνύουσι
3202 1170 3267 1237 τῇ
3298 1166 3681 1235 Ἐϐραῖδιδια-

2102 1257 2271 1325 λέξει,
2314 1259 2490 1313 Νισὰν
2518 1259 2632 1333 (72)
2659 1261 2692 1330 ὴ
2738 1260 2965 1331 πέμπτη
2992 1274 3005 1288 ·
3043 1259 3211 1329 ἧγουν
3257 1258 3505 1329 Μαρτίου
3535 1259 3680 1311 εἰκο-

2106 1349 2352 1408 σιπέντε.

2730 1443 2984 1512 Αἵρεσις
3028 1440 3079 1495 ι’.

2175 1534 2273 1588 IA'.
2309 1534 2431 1586 Ὅτι
2465 1534 2784 1604 ἀγνώμονες
2813 1537 2921 1588 εἱσι
2945 1536 3040 1588 καὶ
3065 1535 3283 1606 ἀνόητοι
3307 1534 3554 1605 περὶτῆς
3584 1533 3680 1587 τοῦ

2103 1624 2308 1693 Κυρίου
2341 1622 2499 1693 ἡμῶν
2524 1624 2839 1693 Γεννήσεως
2860 1640 2872 1654 ·
2906 1626 2999 1677 καὶ
3018 1624 3142 1677 οὐδὲ
3167 1625 3268 1678 κᾶν
3295 1623 3389 1679 τοῦ
3414 1624 3679 1692 Θεολόγου

2102 1714 2411 1784 Γρηγορίου
2470 1715 2800 1785 προσέχουσι
2843 1716 3129 1784 λέγοντος’
3168 1735 3187 1768 ι
3222 1716 3459 1787 Χριστὸς
3490 1719 3683 1785 γεννᾶο

421 1820 539 1859 rum
585 1806 660 1858 ait
699 1822 713 1857 :
764 1821 784 1857 ι
823 1804 1091 1872 Apparuit
1130 1801 1273 1855 enim
1317 1798 1567 1854 Christus
1608 1812 1704 1866 per
1736 1796 1990 1850 Nativita-

2103 1824 2216 1872 ται,
2243 1806 2529 1873 δοξάσατε.
2575 1825 2593 1859 ι
2634 1809 2741 1861 Καὶ
2806 1808 2972 1862 πάλιν
3021 1809 3167 1877 λέγει
3198 1826 3213 1841 ο
3247 1830 3265 1862 r
3315 1809 3519 1880 Ἑράνη
3571 1812 3681 1880 γὰρ

418 1900 556 1955 tem,
596 1910 619 1943 ο
668 1900 774 1946 ctc.
807 1894 890 1945 Ac
934 1905 1149 1944 rursum
1199 1888 1275 1941 ait
1323 1903 1337 1941 :
1389 1905 1410 1939 ι
1456 1885 1537 1941 Ac
1582 1888 1800 1958 quidem
1843 1886 1999 1955 paulo

412 1993 559 2054 post,
600 1983 765 2037 etiam
813 1983 1133 2052 purgatione
1191 1995 1311 2035 mea
1377 1980 1430 2033 iu
1487 1977 1722 2033 Jordane
1780 1978 1997 2048 purgari

419 2075 621 2129 videbis
649 2074 795 2146 (77),
830 2092 850 2126 ι
888 2083 994 2127 etc.
1030 2073 1236 2139 Quibus
1283 2071 1461 2127 verbis
1489 2071 1748 2133 ostendit,
1787 2068 1997 2122 Domini

416 2162 746 2233 baptismum
798 2163 1138 2232 postmodum
1187 2170 1473 2215 venturum
1521 2174 1661 2215 esse.
1707 2158 1770 2211 lli
1815 2166 1996 2211 autem

415 2255 739 2309 traditiones
792 2252 1024 2317 habent,
1062 2251 1260 2321 quibus
1305 2260 1577 2306 Statuatur
1626 2266 1641 2304 :
1698 2266 1715 2299 ι
1772 2248 1828 2303 Si
1874 2250 1997 2318 quis

414 2346 616 2401 Christi
661 2344 935 2412 Natalitla,
970 2360 1032 2399 ac
1064 2343 1264 2398 festum
1307 2342 1592 2397 Luminutn
1637 2343 1990 2410 separaverit,

416 2438 745 2492 maledictus
774 2445 879 2492 est.
922 2455 941 2489 ›
981 2436 1291 2504 Scrihilque
1322 2435 1516 2488 iterum
1548 2434 1601 2486 in
1630 2434 1768 2487 idem
1797 2442 1998 2503 mystc-

414 2524 553 2577 rium
593 2540 608 2577 :
649 2541 668 2575 ι
707 2521 863 2577 Nunc
893 2534 1072 2578 autem
1110 2535 1321 2590 partum
1356 2523 1560 2590 accipe,
1589 2537 1651 2574 ac
1688 2522 1943 2590 przesulta
1978 2539 1992 2575 :

411 2614 499 2670 sin
530 2615 709 2669 minus
741 2625 797 2668 ut
824 2613 1059 2669 Joannes
1087 2631 1151 2668 ex
1181 2624 1355 2676 utero,
1390 2633 1411 2666 ι
1442 2625 1548 2668 etc.
1581 2614 1646 2666 Et
1678 2625 1795 2682 post
1825 2629 1995 2684 pauca

412 2704 608 2760 scribit
654 2721 668 2759 :
723 2722 742 2757 ι
789 2702 873 2759 Sit
909 2704 1213 2760 ccelestium
1259 2714 1313 2758 et
1353 2713 1694 2758 terrenarum
1739 2705 1995 2760 virtutum

406 2795 713 2849 communis
769 2795 1077 2851 celebritas.
1121 2793 1257 2848 Nam
1316 2802 1372 2849 et
1423 2794 1541 2849 illas
1588 2793 1748 2850 simul
1799 2794 1995 2850 festum

411 2900 593 2956 agere,
621 2899 685 2941 ac
714 2886 831 2956 pari
860 2886 1044 2941 laetitia
1072 2885 1278 2956 gestire
1308 2886 1544 2941 conlido.
1580 2904 1598 2938 ι

1038 3078 1268 3135 "remis
1305 3080 1327 3133 l
1347 3082 1391 3134 Ι.

2099 1900 2336 1970 Χριστὸς
2365 1899 2454 1953 διὰ
2491 1901 2803 1971 γεννήσεως
2825 1914 2840 1930 ⁶
2879 1920 2897 1952 δ
2930 1902 3025 1953 καὶ
3057 1902 3123 1954 τά
3155 1901 3305 1970 ἑξῆς.
3375 1903 3485 1954 Καὶ
3518 1903 3682 1956 πάλιν

2098 1993 2284 2059 λέγει·
2322 2010 2340 2043 r
2382 1993 2595 2063 Μικρὸν
2632 1995 2770 2063 μετὰ
2823 1992 3085 2064 ὕστερον,
3122 1994 3243 2063 ὄψει
3296 1995 3389 2048 καὶ
3419 1994 3683 2063 καθαιρό-

2101 2101 2262 2153 μενον
2298 2085 2354 2136 sv
2384 2083 2462 2153 τῷ
2505 2084 2749 2157 Ἰορδάνῃ
2792 2085 2891 2154 τὴν
2926 2085 3067 2156 ἐμὴν
3097 2085 3391 2155 κάθαρσιν,
3427 2104 3445 2138 ι
3484 2087 3576 2139 καὶ
3612 2088 3682 2141 τὰ

2099 2174 2259 2246 ἑξῆς·
2299 2176 2394 2229 καὶ
2447 2179 2507 2229 ἐν
2536 2177 2717 2247 τούτῳ
2750 2178 3022 2244 δεικνύει,
3047 2178 3143 2249 τὴν
3189 2179 3284 2231 τοῦ
3333 2179 3543 2249 Κυρίου
3577 2179 3679 2249 βά-

2098 2287 2282 2323 πτισιν
2298 2270 2605 2339 μέλλουσαν
2637 2269 2988 2340 είσέρχεσϐαι
3010 2284 3024 2298 ·
3059 2271 3156 2323 καὶ
3176 2270 3332 2324 αὐτοὶ
3356 2270 3540 2340 έχουσι
3572 2289 3683 2324 πα-

2100 2362 2363 2434 ραδόσεις,
2419 2362 2721 2433 δηλούσαςο
2760 2382 2779 2415 ‹
2827 2364 2951 2419 Ἐάν
2979 2379 3065 2425 τις
3104 2364 3410 2435 διαχωρίζῃ
3442 2364 3509 2416 τὰ
3544 2364 3681 2435 Χρι-

2098 2456 2226 2508 στοῦ
2259 2456 2427 2510 Γέννα
2457 2457 2552 2510 καὶ
2593 2456 2660 2510 τὰ
2688 2457 2867 2522 Φῶτα,
2920 2457 3323 2527 ὲπικατάρατός
3346 2458 3484 2510 ἐστι,
3514 2475 3533 2508 ι
3564 2457 3679 2510 Καὶ

2097 2548 2261 2602 πάλιν
2282 2549 2362 2611 είς
2392 2548 2525 2602 αὐτὸ
2558 2548 2863 2619 μυστήριον
2914 2550 3119 2618 γράφει
3142 2565 3156 2579 ·
3201 2568 3219 2600 r
3245 2549 3359 2602 Νῦν
3388 2549 3443 2602 δέ
3478 2566 3567 2619 μοι
3592 2549 3682 2602 δέ·

2097 2638 2186 2704 ξαι
2231 2639 2331 2709 τὴν
2364 2639 2588 2710 κύησιν,
2641 2641 2737 2693 καὶ
2794 2642 3222 2712 προσκίρτησον,
3276 2643 3329 2694 ετ
3384 2659 3464 2695 τοι
3495 2642 3571 2711 μὴ
3600 2642 3680 2706 ὡς

2111 2726 2364 2798 Ἰωάννης
2387 2729 2495 2781 ἀπὸ
2513 2729 2769 2798 γαστρόςο
2807 2747 2825 2781 ι
2880 2730 2972 2783 καὶ
3008 2732 3074 2783 τὰ
3101 2731 3247 2801 ἑξῆς.
3280 2733 3385 2784 Καὶ
3412 2732 3549 2802 μετὰ
3582 2750 3679 2801 μισ

2097 2818 2230 2891 κρόν
2270 2822 2475 2892 γράφει
2504 2837 2519 2852 ’
2558 2841 2577 2873 ‹
2619 2823 2801 2876 Ἔστω
2840 2823 2994 2894 κοινὴ
3044 2828 3354 2895 πανήγυρις
3387 2825 3675 2896 οὐρανίων,

2098 2913 2196 2966 καὶ
2254 2915 2515 2981 ἐπιγείων
2571 2916 2877 2984 δυνάμεων.
2915 2917 3184 2986 Πείθομαι
3246 2926 3353 2988 γὰρ
3411 2918 3675 2981 κάκείνας

2100 3005 2536 3076 συναγάλλεσθαι
2568 3007 2662 3059 καὶ
2701 3010 3236 3080 συμπανηγυρίζειν.
3285 3029 3303 3062 ι

2731 3101 2973 3170 Αἵρεσις
3011 3100 3099 3154 ια’.

481 3169 598 3228 XV.
650 3170 850 3238 Quinta
910 3170 1153 3228 Januarii
1213 3172 1696 3229 Annuntiationem
1758 3175 1989 3244 habent;

2168 3186 2268 3240 IE’.
2308 3186 2429 3241 ’Ότι
2474 3148 2917 3260 Ἰανουαρίουτείς
2944 3148 3047 3263 ἲτὴν
3084 3201 3125 3247 ε’
3152 3195 3334 3267 ἔχουσι
3362 3196 3452 3250 τὸν
3495 3196 3677 3263 Εὐαγ-

410 3272 574 3334 atque
606 3263 681 3326 id.
717 3279 824 3317 non
859 3264 981 3333 quia
1019 3275 1260 3318 sanctam
1298 3265 1390 3319 Dei
1427 3264 1754 3322 Genitricem
1789 3267 1994 3324 honore

415 3362 835 3422 prosequantur,
873 3353 966 3408 sed
1017 3353 1143 3423 quia
1196 3355 1373 3423 potius
1418 3355 1683 3410 dedecore
1733 3355 1989 3412 alliciant.

408 3441 545 3497 Nam
596 3441 888 3498 Deminicte
938 3441 1335 3499 lncarnationis
1380 3448 1662 3516 mysteria,
1701 3457 1850 3503 certo
1897 3465 1993 3518 per

408 3552 609 3590 annum
638 3535 829 3590 ordine
856 3535 1145 3591 distributa
1176 3546 1323 3592 sunt.
1349 3536 1430 3591 Ab
1460 3536 1893 3594 Annuntiaiione
1927 3555 1990 3594 ac

407 3626 775 3697 Conceptione
801 3627 866 3681 ad
894 3641 1064 3696 usque
1090 3625 1297 3684 ChriSti
1326 3628 1466 3683 diem
1493 3626 1765 3693 Natalem,
1794 3647 1986 3685 novem

409 3734 623 3774 menses
670 3727 828 3783 sunt;
878 3734 944 3774 ac
993 3729 1114 3788 post
1157 3730 1280 3774 octo
1327 3721 1443 3775 dies
1490 3725 1666 3791 agitur
1711 3721 1987 3777 Dominica

406 3808 790 3876 Circumcisio;
837 3820 961 3880 post
999 3811 1115 3865 dies
1162 3821 1340 3866 autem
1393 3812 1747 3880 quadraginta
1789 3812 1986 3867 festum

411 3900 707 3966 Occursus,
738 3900 952 3955 Domini
992 3911 1173 3956 autem
1208 3901 1500 3970 Baptisma,
1530 3902 1985 3970 quemadmodum

407 3994 570 4045 etiam
612 4008 638 4045 a
681 3990 790 4046 Deo
833 3992 1107 4061 inspirata:
1146 3991 1440 4061 Scriptura:
1467 3993 1781 4060 lnquuntur,
1817 4009 1867 4045 vr
1902 3996 1987 4046 die

406 4076 667 4133 Januarii.
701 4078 949 4133 lla-retici
980 4095 1105 4134 vero
1130 4082 1302 4149 pridie
1336 4079 1645 4148 larurinum,
1679 4084 1983 4136 Aununtia-

410 4171 570 4224 tionis
614 4168 847 4223 oﬂlcium
898 4172 1135 4239 psallunt
1188 4187 1251 4226 ac
1299 4174 1487 4227 dicunt
1532 4190 1545 4226 :
1602 4173 1776 4229 Hodie
1825 4192 1889 4229 ea:
1936 4185 1985 4229 te

408 4264 714 4316 incarnatus
758 4274 829 4315 eu
869 4262 1127 4316 Dominus
1164 4278 1226 4315 ac
1266 4263 1402 4316 Deus
1445 4276 1649 4333 noster;
1689 4271 1984 4335 eademque

407 4354 494 4404 die
549 4352 876 4406 centiteutur
922 4350 1198 4405 Christum
1251 4363 1436 4405 natum
1484 4368 1634 4421 esse,
1673 4370 1737 4409 ac
1781 4354 1982 4411 Christi

2093 3278 2520 3349 γελισμόνοκαὶ
2575 3283 2771 3349 τοῦτο,
2823 3287 2923 3357 οὐχ
2977 3288 3061 3341 ὄτι
3134 3289 3265 3358 περὶ
3314 3291 3481 3359 τιμὴν
3511 3291 3678 3358 ἁγίαν

2093 3370 2277 3440 έχουσι
2312 3374 2411 3442 τὴν
2445 3375 2743 3443 Θεοτόκον,
2775 3378 2913 3434 ἀλλὰ
2940 3382 3068 3450 περὶ
3123 3383 3367 3450 μεγάλην
3399 3383 3626 3452 ἀτιμίτν
3658 3400 3673 3414 ·

2092 3463 2280 3532 ἐπειδὴ
2300 3465 2368 3518 τὰ
2389 3469 2665 3538 μυστήρια
2692 3469 2791 3539 τῆς
2810 3471 2903 3525 τοῦ
2937 3473 3147 3542 Κυρίου
3174 3475 3672 3545 ἐνανορωπήσεως,

2092 3555 2234 3609 κατὰ
2261 3557 2415 3622 τάξιν
2441 3559 2560 3611 ἐστὶ
2588 3561 2684 3614 τοῦ
2725 3563 2977 3616 ἐνιαυτοῦ
3011 3579 3026 3595 ο
3060 3565 3168 3618 ἀπὸ
3186 3546 3279 3619 τοῦ
3306 3568 3403 3635 μὲν
3429 3568 3675 3636 Εύαγγε-

2091 3644 2288 3716 λισμοῦ
2315 3650 2410 3702 καὶ
2440 3650 2540 3719 τῆς
2582 3652 2909 3724 Συλλήψεως
2944 3655 3103 3727 μέχρι
3130 3660 3239 3710 τῶν
3274 3659 3513 3728 Χριστοῦ
3544 3660 3675 3711 Γεν-

2089 3738 2217 3803 νῶν,
2253 3739 2425 3808 μῆνες
2456 3740 2501 3794 θ’
2531 3744 2625 3795 καὶ
2658 3746 2797 3814 μετὰ
2826 3747 3040 3817 ἡμέρας
3067 3755 3119 3818 η’
3149 3749 3430 3820 Περιτομὴ
3456 3750 3547 3803 τοῦ
3570 3752 3674 3803 Ku-

2092 3828 2210 3900 ρίου
2239 3847 2252 3858 ·
2282 3833 2422 3899 μετὰ
2448 3831 2504 3885 δὲ
2560 3836 2973 3903 τεσσαράκοντα
3004 3838 3239 3910 ἡμέρας,
3262 3843 3292 3910 ἡ
3316 3840 3671 3913 ’Υπαπαντή’

2086 3921 2147 3972 τὸ
2179 3921 2236 3973 δὲ
2268 3920 2551 3993 βάπτισμα
2580 3926 2672 3978 τοῦ
2696 3928 2921 3997 Κυρίου,
2965 3930 3147 3993 καθὼς
3176 3932 3269 3984 καὶ
3298 3933 3354 3984 al
3414 3933 3673 3987 Θεόπνευ-

2089 4026 2202 4061 στοι
2239 4010 2453 4080 Γραφαὶ
2473 4013 2747 4081 λέγουσιν,
2774 4015 3104 4089 Ἰανουαρίου
3131 4026 3206 4083 ς’,
3236 4021 3298 4072 Οί
3320 4020 3374 4073 δὲ
3404 4023 3673 4091 αἱρετικοὶ

2087 4102 2144 4152 ἐν
2175 4105 2240 4172 τῇ
2279 4106 2567 4174 παραμονῇ
2599 4105 2709 4159 τῶν
2732 4107 2951 4172 Φώτων,
2984 4109 3249 4178 ψάλλουσι
3288 4111 3440 4174 τάξιν
3495 4114 3672 4181 Εὐαγ-

2086 4194 2355 4265 γελισμοῦ
2400 4196 2497 4248 καὶ
2529 4196 2814 4264 λέγουσιν’
2846 4202 2927 4253 ὅτι
2964 4201 3234 4269 Σήμερον
3292 4202 3671 4271 σεσάρκωτιιι

2085 4286 2152 4337 ἐκ
2189 4285 2307 4339 σοῦ
2336 4289 2367 4339 ό
2420 4288 2635 4354 Κύριος
2666 4291 2765 4345 καί
2801 4291 2945 4357 Θεὸς
2994 4291 3194 4360 ἡμῶν·
3260 4294 3351 4346 καὶ
3412 4299 3476 4366 τῇ
3532 4296 3669 4366 αὐτῇ

2085 4377 2270 4447 ᾑμέρᾳ
2301 4378 2622 4447 ὁμολογοῦσι
2652 4380 2742 4433 τὸν
2784 4382 3022 4453 Χριστὸν
3048 4384 3396 4453 γεννηθέντα,
3427 4387 3519 4437 καὶ
3538 4386 3670 4454 ψάλ-

406 4444 748 4497 Nativitatem
794 4442 1027 4512 psallunt
1072 4458 1085 4495 :
1135 4454 1295 4511 atque
1334 4453 1392 4497 ut
1440 4444 1675 4511 videtur,
1708 4448 1971 4517 ejusmodi

2095 4472 2233 4520 leuat
2262 4469 2361 4540 τὴν
2392 4472 2644 4541 γέννησιν
2675 4472 2769 4525 τοῦ
2801 4475 3061 4543 Χριστοῦ·
3090 4477 3206 4540 καὶ,
3242 4477 3315 4539 ὡς
3343 4478 3466 4546 ἐμοὶ
3499 4478 3668 4542 δοκεῖ,

408 4537 647 4600 han-esis,
670 4535 984 4605 Eutychetis
1008 4550 1070 4589 ac
1096 4533 1379 4591 Severiani
1404 4537 1595 4593 haeresi
1623 4540 1972 4610 sutl‘ragatur,

407 4630 494 4695 qui
524 4627 703 4680 dicunt
729 4630 1029 4692 Christum,
1058 4643 1157 4683 ceu
1192 4644 1288 4698 per
1317 4630 1581 4697 canalem,
1613 4646 1709 4700 per
1737 4642 1978 4688 sanctaru

413 4718 685 4786 Virginem
721 4722 1102 4789 pcnransisse,
1136 4736 1268 4790 quos
1308 4723 1471 4777 etiam
1503 4723 1717 4779 devovit
1746 4728 1982 4796 synodus

402 4811 881 4866 Chalcedonensis.

1034 4916 1268 4971 "(tresis
1300 4917 1387 4971 12.

474 5006 615 5063 XVI.
643 5008 760 5063 Non
793 5021 989 5067 nerunt
1023 5023 1173 5065 sexta
1204 5010 1446 5065 Januarii
1477 5011 1754 5067 celebrare
1781 5012 1979 5070 festum

403 5101 713 5165 Luminum,
753 5118 853 5156 nec
900 5106 1099 5158 habent
1146 5103 1379 5158 ollieium
1424 5103 1683 5173 Baptismi
1735 5107 1975 5173 Chrisﬁ;

405 5195 499 5247 sed
530 5205 738 5247 tantum
770 5195 968 5248 abeunt
997 5196 1062 5249 ad
1092 5194 1314 5250 (lumen.
1347 5196 1641 5251 Cenfundit
1671 5206 1851 5253 autem
1884 5213 1978 5253 eos

404 5286 700 5356 Gregorius
730 5283 1053 5355 Theologus,
1079 5297 1220 5341 erat.
1250 5302 1369 5355 qua:
1404 5288 1592 5358 incipit
1626 5306 1639 5342 :
1684 5307 1701 5339 ι
1744 5290 1977 5343 Rursum

402 5378 557 5434 Jesus
591 5394 762 5441 meus,
793 5388 847 5433 ct
879 5392 1091 5433 rursum
1127 5382 1467 5448 mysterium.
1504 5398 1523 5432 ι
1566 5381 1627 5435 Et
1658 5394 1772 5450 posr
1808 5396 1977 5449 pauca

401 5472 478 5524 ait
513 5489 527 5527 :
575 5490 594 5523 ι
639 5471 855 5525 Initium
895 5471 1113 5541 quidem
1153 5469 1359 5525 (λιιι-ἱειί
1403 5473 1668 5542 baptisma
1728 5475 1917 5527 habet.
1953 5490 1971 5523 ι

472 5608 585 5681 (72)
616 5606 776 5681 Forte
796 5610 862 5681 τῇ
886 5608 1137 5681 πέμπτῃ.

472 5680 584 5749 (75)
615 5679 767 5749 Orat.
788 5679 843 5743 2,
870 5685 919 5731 in
950 5679 1191 5735 Anntint.
1654 5718 1659 5723 -

471 5748 582 5811 (τισί,
615 5748 766 5804 Orat.
790 5751 842 5803 in
868 5752 1108 5804 Annunt.
1135 5767 1256 5822 quae
1275 5751 1436 5807 etiam
1458 5751 1713 5808 tribuitur
1739 5751 1968 5823 Gregor.

2085 4563 2119 4630 ἡ
2145 4560 2369 4631 τοιαύτη
2406 4562 2618 4633 αἵρεσις
2652 4565 2853 4619 δικαιοί
2880 4566 2978 4635 τὴν
3005 4568 3214 4636 αἵρεσιν
3248 4569 3522 4638 Εὐτυχοῦς
3573 4572 3670 4622 καὶ

2085 4654 2419 4726 Σευηριανοῦ
2459 4656 2569 4707 τῶν
2599 4656 2996 4725 λεγόντων,ὅτι
3039 4662 3229 4730 ὥσπερ
3258 4659 3392 4733 [διὰ]
3429 4664 3667 4729 σωλῆνος

2086 4744 2300 4815 διῆλθεν
2331 4746 2395 4798 ὲκ
2412 4745 2510 4815 τῆς
2542 4747 2704 4815 ἁγίας
2743 4749 3053 4818 Παρθένου·
3087 4749 3182 4815 οὒς
3239 4752 3334 4804 καὶ
3399 4752 3670 4823 ἀνεοεμά-

2089 4853 2238 4891 τισεν
2264 4839 2296 4908 ἡ
2332 4838 2461 4907 ἁγία
2502 4839 2713 4903 σύνοδος
2743 4842 2776 4911 ἡ
2812 4843 2866 4893 ὲν
2888 4844 3214 4912 Χαλκηδόνι.

2728 4934 2971 5001 Αἵρεσις
3013 4933 3100 5004 ιβ’.

2162 5023 2280 5089 ις’.
2324 5022 2446 5076 Ὅτι
2488 5024 2820 5095 Ἰανουαρίου
2862 5028 2941 5089 είς
2970 5026 3067 5097 τὴν
3112 5042 3150 5087 ς
3206 5026 3267 5077 οὐ
3306 5024 3668 5093 γινώσκουσιν

2090 5114 2369 5184 ἑορτάζειν
2393 5114 2461 5167 τά
2490 5116 2669 5182 Φῶτα,
2689 5117 2811 5169 οὐδὲ
2830 5117 3044 5187 ἔχουσιν
3090 5117 3415 5170 ἀκολουθίαν
3462 5117 3667 5168 Banti-

2085 5224 2258 5276 σματο
2272 5227 2288 5270 ;
2308 5209 2399 5260 τοῦ
2418 5209 2676 5278 Χριστοῶ
2692 5211 2740 5262 εί
2757 5211 2832 5281 μὴ
2851 5211 3008 5281 μόνον
3034 5211 3362 5280 ἀπέρχονται
3387 5212 3442 5262 ὲν
3472 5209 3548 5279 τῷ
3570 5225 3665 5261 πο-

2082 5297 2263 5367 ταμῷ.
2294 5299 2660 5369 Καταισχύνει
2694 5300 2751 5353 δὲ
2781 5302 2977 5364 αὐτοὺς
2999 5302 3300 5371 Γρηγὸριος
3325 5303 3352 5353 ὁ
3380 5302 3661 5367 Θεολὸγος,

2084 5394 2163 5450 εἰς
2203 5392 2262 5442 τό
2298 5407 2312 5421 ’
2353 5409 2371 5441 ι
2410 5392 2579 5444 Πάλιν
2623 5392 2829 5462 Ἰησοῦς
2860 5395 2887 5445 ὁ
2927 5392 3078 5465 ἐμὸς,
3109 5394 3203 5446 καὶ
3230 5395 3392 5447 πάλιν
3456 5393 3662 5463 μυστή-

2089 5500 2224 5555 ριον.
2262 5502 2281 5535 ι
2314 5485 2421 5538 Καὶ
2449 5485 2567 5555 μετ’
2594 5485 2750 5555 ὀλίγα
2788 5486 2936 5555 λέγει
2963 5503 2976 5518 ο
3035 5506 3052 5539 r
3099 5487 3296 5558 Ἀρχὴν
3343 5486 3442 5558 μὲν
3476 5486 3536 5539 τὸ
3563 5484 3660 5541 τοῦ

2085 5616 2370 5679 Thaumat.

2154 5689 2206 5760 (7
2216 5692 2267 5761 7)
2302 5692 2452 5749 Orat.
2481 5692 2570 5749 38.
