  <div class='ocr_page' id='page_1' title='image "/cluster/home/n/w/nwhite01/storage/ocr_20150623/132/coo.31924054870377/622.png"; bbox 0 0 4088 6418; ppageno 0'>
   <div class='ocr_carea' id='block_1_1' title="bbox 361 407 499 471">
    <p class='ocr_par' dir='ltr' id='par_1_1' title="bbox 361 407 499 471">
     <span class='ocr_line' id='line_1_1' title="bbox 361 407 499 471; baseline -0.014 -1"><span class='ocrx_word' id='word_1_1' title='bbox 361 407 499 471; x_wconf 66' lang='lat'><strong>1‘3?)</strong></span> 
     </span>
    </p>
   </div>
   <div class='ocr_carea' id='block_1_2' title="bbox 1420 411 2604 475">
    <p class='ocr_par' dir='ltr' id='par_1_2' title="bbox 1420 411 2604 475">
     <span class='ocr_line' id='line_1_2' title="bbox 1420 411 2604 475; baseline 0.001 -2"><span class='ocrx_word' id='word_1_2' title='bbox 1420 412 1704 474; x_wconf 79' lang='lat' dir='ltr'><strong>ORATIO</strong></span> <span class='ocrx_word' id='word_1_3' title='bbox 1749 412 1804 472; x_wconf 90' lang='lat' dir='ltr'><strong>ll</strong></span> <span class='ocrx_word' id='word_1_4' title='bbox 1846 411 2142 474; x_wconf 78' lang='lat' dir='ltr'><strong>CONTRA</strong></span> <span class='ocrx_word' id='word_1_5' title='bbox 2188 413 2604 475; x_wconf 82' lang='lat' dir='ltr'><strong>ARMENIOS.</strong></span> 
     </span>
    </p>
   </div>
   <div class='ocr_carea' id='block_1_3' title="bbox 3492 409 3630 473">
    <p class='ocr_par' dir='ltr' id='par_1_3' title="bbox 3492 409 3630 473">
     <span class='ocr_line' id='line_1_3' title="bbox 3492 409 3630 473; baseline -0.014 0"><span class='ocrx_word' id='word_1_6' title='bbox 3492 409 3630 473; x_wconf 76' lang='lat'><strong>1230</strong></span> 
     </span>
    </p>
   </div>
   <div class='ocr_carea' id='block_1_4' title="bbox 359 523 1964 598">
    <p class='ocr_par' dir='ltr' id='par_1_4' title="bbox 359 523 1947 596">
     <span class='ocr_line' id='line_1_4' title="bbox 359 523 1947 596; baseline -0.001 -17"><span class='ocrx_word' id='word_1_7' title='bbox 359 527 599 596; x_wconf 77' lang='grc' dir='ltr'><strong>Χριστοῦ</strong></span> <span class='ocrx_word' id='word_1_8' title='bbox 631 523 918 594; x_wconf 78' lang='grc' dir='ltr'><strong>βάπτισμα</strong></span> <span class='ocrx_word' id='word_1_9' title='bbox 970 525 1277 596; x_wconf 73' lang='grc' dir='ltr'><strong>λαμϐάνει·</strong></span> <span class='ocrx_word' id='word_1_10' title='bbox 1322 545 1336 578; x_wconf 84' lang='grc' dir='ltr'><strong>ι</strong></span> <span class='ocrx_word' id='word_1_11' title='bbox 1389 529 1484 580; x_wconf 83' lang='grc' dir='ltr'><strong>καὶ</strong></span> <span class='ocrx_word' id='word_1_12' title='bbox 1544 526 1708 580; x_wconf 84' lang='grc' dir='ltr'><strong>πάλιν</strong></span> <span class='ocrx_word' id='word_1_13' title='bbox 1741 525 1892 592; x_wconf 80' lang='grc' dir='ltr'><strong>λέγει</strong></span> <span class='ocrx_word' id='word_1_14' title='bbox 1932 541 1947 556; x_wconf 73' lang='grc' dir='ltr'><strong>ο</strong></span> 
     </span>
    </p>
   </div>
   <div class='ocr_carea' id='block_1_5' title="bbox 2068 523 3714 598">
    <p class='ocr_par' dir='ltr' id='par_1_5' title="bbox 2068 526 3714 598">
     <span class='ocr_line' id='line_1_5' title="bbox 2068 526 3714 598; baseline 0.004 -19"><span class='ocrx_word' id='word_1_15' title='bbox 2068 526 2403 597; x_wconf 74' lang='lat' dir='ltr'><strong>Rursumque</strong></span> <span class='ocrx_word' id='word_1_16' title='bbox 2439 530 2512 582; x_wconf 90' lang='lat' dir='ltr'><strong>ait</strong></span> <span class='ocrx_word' id='word_1_17' title='bbox 2549 547 2562 583; x_wconf 90' lang='lat'><strong>:</strong></span> <span class='ocrx_word' id='word_1_18' title='bbox 2603 547 2620 580; x_wconf 85' lang='grc' dir='ltr'><strong>ι</strong></span> <span class='ocrx_word' id='word_1_19' title='bbox 2663 531 2740 585; x_wconf 86' lang='lat' dir='ltr'><strong>Ac</strong></span> <span class='ocrx_word' id='word_1_20' title='bbox 2773 529 2974 584; x_wconf 80' lang='lat' dir='ltr'><strong>Christi</strong></span> <span class='ocrx_word' id='word_1_21' title='bbox 3017 529 3236 598; x_wconf 86' lang='lat' dir='ltr'><strong>quidem</strong></span> <span class='ocrx_word' id='word_1_22' title='bbox 3281 529 3623 586; x_wconf 82' lang='lat' dir='ltr'><strong>Nativitatem</strong></span> <span class='ocrx_word' id='word_1_23' title='bbox 3709 593 3714 596; x_wconf 92' lang='lat'><strong><em>_</em></strong></span> 
     </span>
    </p>
   </div>
   <div class='ocr_carea' id='block_1_6' title="bbox 363 613 1944 689">
    <p class='ocr_par' dir='ltr' id='par_1_6' title="bbox 363 613 1944 689">
     <span class='ocr_line' id='line_1_6' title="bbox 363 613 1944 689; baseline 0.002 -23"><span class='ocrx_word' id='word_1_24' title='bbox 363 634 382 666; x_wconf 79' lang='grc' dir='ltr'><strong>ι</strong></span> <span class='ocrx_word' id='word_1_25' title='bbox 420 615 533 685; x_wconf 85' lang='grc' dir='ltr'><strong>Τὴν</strong></span> <span class='ocrx_word' id='word_1_26' title='bbox 554 613 650 669; x_wconf 81' lang='grc' dir='ltr'><strong>οὖν</strong></span> <span class='ocrx_word' id='word_1_27' title='bbox 683 617 964 685; x_wconf 78' lang='grc' dir='ltr'><strong>Γέννησιν,</strong></span> <span class='ocrx_word' id='word_1_28' title='bbox 1031 615 1100 670; x_wconf 85' lang='grc' dir='ltr'><strong>τὰ</strong></span> <span class='ocrx_word' id='word_1_29' title='bbox 1187 617 1374 670; x_wconf 74' lang='grc' dir='ltr'><strong>εἰκότα</strong></span> <span class='ocrx_word' id='word_1_30' title='bbox 1443 619 1944 689; x_wconf 84' lang='grc' dir='ltr'><strong>προεωρτάσαμεν,</strong></span> 
     </span>
    </p>
   </div>
   <div class='ocr_carea' id='block_1_7' title="bbox 359 705 1950 778">
    <p class='ocr_par' dir='ltr' id='par_1_7' title="bbox 359 705 1950 778">
     <span class='ocr_line' id='line_1_7' title="bbox 359 705 1950 778; baseline 0.002 -19"><span class='ocrx_word' id='word_1_31' title='bbox 359 705 470 773; x_wconf 68' lang='grc' dir='ltr'><strong>ἐγὼ</strong></span> <span class='ocrx_word' id='word_1_32' title='bbox 503 708 603 777; x_wconf 86' lang='grc' dir='ltr'><strong>μὲν</strong></span> <span class='ocrx_word' id='word_1_33' title='bbox 635 709 662 760; x_wconf 99' lang='lat'><strong>6</strong></span> <span class='ocrx_word' id='word_1_34' title='bbox 695 708 794 770; x_wconf 72' lang='grc' dir='ltr'><strong>τῆς</strong></span> <span class='ocrx_word' id='word_1_35' title='bbox 817 708 1010 777; x_wconf 76' lang='grc' dir='ltr'><strong>ἑορτῆς</strong></span> <span class='ocrx_word' id='word_1_36' title='bbox 1036 707 1285 778; x_wconf 77' lang='grc' dir='ltr'><strong>ἔξαρχος.</strong></span> <span class='ocrx_word' id='word_1_37' title='bbox 1310 710 1405 763; x_wconf 71' lang='grc' dir='ltr'><strong>καὶ</strong></span> <span class='ocrx_word' id='word_1_38' title='bbox 1427 710 1585 778; x_wconf 86' lang='grc' dir='ltr'>ὑμεῖς</span> <span class='ocrx_word' id='word_1_39' title='bbox 1615 725 1629 739; x_wconf 92' lang='grc'><strong>·</strong></span> <span class='ocrx_word' id='word_1_40' title='bbox 1670 729 1688 760; x_wconf 78' lang='grc' dir='ltr'><strong>ι</strong></span> <span class='ocrx_word' id='word_1_41' title='bbox 1725 709 1813 762; x_wconf 78' lang='grc' dir='ltr'><strong>διὰ</strong></span> <span class='ocrx_word' id='word_1_42' title='bbox 1831 709 1950 762; x_wconf 79' lang='grc' dir='ltr'><strong>τούο</strong></span> 
     </span>
    </p>
   </div>
   <div class='ocr_carea' id='block_1_8' title="bbox 357 798 1941 870">
    <p class='ocr_par' dir='ltr' id='par_1_8' title="bbox 357 798 1941 870">
     <span class='ocr_line' id='line_1_8' title="bbox 357 798 1941 870; baseline 0.001 -20"><span class='ocrx_word' id='word_1_43' title='bbox 357 816 477 861; x_wconf 82' lang='grc' dir='ltr'><strong>του,</strong></span> <span class='ocrx_word' id='word_1_44' title='bbox 509 799 673 852; x_wconf 82' lang='grc' dir='ltr'><strong>πάλιν</strong></span> <span class='ocrx_word' id='word_1_45' title='bbox 695 798 1006 869; x_wconf 78' lang='grc' dir='ltr'><strong>διαχωρίξει</strong></span> <span class='ocrx_word' id='word_1_46' title='bbox 1031 800 1098 852; x_wconf 83' lang='grc' dir='ltr'><strong>τὰ</strong></span> <span class='ocrx_word' id='word_1_47' title='bbox 1146 800 1384 870; x_wconf 80' lang='grc' dir='ltr'><strong>Χριστοῦ</strong></span> <span class='ocrx_word' id='word_1_48' title='bbox 1440 800 1608 853; x_wconf 82' lang='grc' dir='ltr'><strong>Γέννα</strong></span> <span class='ocrx_word' id='word_1_49' title='bbox 1659 801 1765 853; x_wconf 74' lang='grc' dir='ltr'><strong>ἀπὸ</strong></span> <span class='ocrx_word' id='word_1_50' title='bbox 1833 799 1941 852; x_wconf 81' lang='grc' dir='ltr'><strong>τῶν</strong></span> 
     </span>
    </p>
   </div>
   <div class='ocr_carea' id='block_1_9' title="bbox 360 888 1954 960">
    <p class='ocr_par' dir='ltr' id='par_1_9' title="bbox 360 888 1954 960">
     <span class='ocr_line' id='line_1_9' title="bbox 360 888 1954 960; baseline 0 -19"><span class='ocrx_word' id='word_1_51' title='bbox 360 889 581 953; x_wconf 77' lang='grc' dir='ltr'><strong>Φὼτων,</strong></span> <span class='ocrx_word' id='word_1_52' title='bbox 610 888 792 952; x_wconf 74' lang='grc' dir='ltr'><strong>καθὼς</strong></span> <span class='ocrx_word' id='word_1_53' title='bbox 825 889 921 942; x_wconf 80' lang='grc' dir='ltr'><strong>καὶ</strong></span> <span class='ocrx_word' id='word_1_54' title='bbox 947 891 1110 944; x_wconf 87' lang='grc' dir='ltr'><strong>πάλιν</strong></span> <span class='ocrx_word' id='word_1_55' title='bbox 1150 890 1343 959; x_wconf 82' lang='grc' dir='ltr'><strong>λέγει·</strong></span> <span class='ocrx_word' id='word_1_56' title='bbox 1384 909 1403 942; x_wconf 75' lang='grc' dir='ltr'><strong>ι</strong></span> <span class='ocrx_word' id='word_1_57' title='bbox 1455 892 1608 944; x_wconf 78' lang='grc' dir='ltr'><strong>Ἐπεὶ</strong></span> <span class='ocrx_word' id='word_1_58' title='bbox 1659 891 1714 943; x_wconf 85' lang='grc' dir='ltr'><strong>δὲ</strong></span> <span class='ocrx_word' id='word_1_59' title='bbox 1761 889 1954 960; x_wconf 81' lang='grc' dir='ltr'><strong>βαπτί-</strong></span> 
     </span>
    </p>
   </div>
   <div class='ocr_carea' id='block_1_10' title="bbox 363 981 1953 1052">
    <p class='ocr_par' dir='ltr' id='par_1_10' title="bbox 363 981 1953 1052">
     <span class='ocr_line' id='line_1_10' title="bbox 363 981 1953 1052; baseline 0 -20"><span class='ocrx_word' id='word_1_60' title='bbox 363 997 594 1046; x_wconf 83' lang='grc' dir='ltr'><strong>σματος,</strong></span> <span class='ocrx_word' id='word_1_61' title='bbox 629 981 663 1050; x_wconf 86' lang='grc' dir='ltr'>ὴ</span> <span class='ocrx_word' id='word_1_62' title='bbox 693 984 1028 1052; x_wconf 75' lang='grc' dir='ltr'><strong>πανήγυρις,</strong></span> <span class='ocrx_word' id='word_1_63' title='bbox 1057 981 1152 1034; x_wconf 75' lang='grc' dir='ltr'><strong>καὶ</strong></span> <span class='ocrx_word' id='word_1_64' title='bbox 1181 982 1262 1034; x_wconf 84' lang='grc' dir='ltr'><strong>δεῖ</strong></span> <span class='ocrx_word' id='word_1_65' title='bbox 1293 983 1618 1052; x_wconf 81' lang='grc' dir='ltr'><strong>μικρότερον</strong></span> <span class='ocrx_word' id='word_1_66' title='bbox 1644 996 1953 1050; x_wconf 81' lang='grc' dir='ltr'><strong>προσκοικο-</strong></span> 
     </span>
    </p>
   </div>
   <div class='ocr_carea' id='block_1_11' title="bbox 365 1069 1950 1141">
    <p class='ocr_par' dir='ltr' id='par_1_11' title="bbox 365 1069 1950 1141">
     <span class='ocr_line' id='line_1_11' title="bbox 365 1069 1950 1141; baseline -0.001 -21"><span class='ocrx_word' id='word_1_67' title='bbox 365 1069 608 1138; x_wconf 75' lang='grc' dir='ltr'><strong>παῡῆσαι</strong></span> <span class='ocrx_word' id='word_1_68' title='bbox 649 1069 727 1136; x_wconf 76' lang='grc' dir='ltr'><strong>τῷ</strong></span> <span class='ocrx_word' id='word_1_69' title='bbox 754 1069 822 1122; x_wconf 85' lang='grc' dir='ltr'><strong>δι’</strong></span> <span class='ocrx_word' id='word_1_70' title='bbox 871 1071 1021 1138; x_wconf 72' lang='grc' dir='ltr'><strong>ἡμᾶς</strong></span> <span class='ocrx_word' id='word_1_71' title='bbox 1053 1070 1394 1141; x_wconf 75' lang='grc' dir='ltr'><strong>μορφωθέντι</strong></span> <span class='ocrx_word' id='word_1_72' title='bbox 1448 1070 1543 1122; x_wconf 79' lang='grc' dir='ltr'><strong>καὶ</strong></span> <span class='ocrx_word' id='word_1_73' title='bbox 1577 1069 1950 1139; x_wconf 77' lang='grc' dir='ltr'><strong>βαπτισθέντι’</strong></span> 
     </span>
    </p>
   </div>
   <div class='ocr_carea' id='block_1_12' title="bbox 365 1158 1953 1232">
    <p class='ocr_par' dir='ltr' id='par_1_12' title="bbox 365 1158 1953 1232">
     <span class='ocr_line' id='line_1_12' title="bbox 365 1158 1953 1232; baseline 0.002 -23"><span class='ocrx_word' id='word_1_74' title='bbox 365 1160 526 1228; x_wconf 72' lang='grc' dir='ltr'><strong>ἡμεῖς</strong></span> <span class='ocrx_word' id='word_1_75' title='bbox 591 1158 646 1211; x_wconf 84' lang='grc' dir='ltr'><strong>δὲ</strong></span> <span class='ocrx_word' id='word_1_76' title='bbox 696 1163 1020 1230; x_wconf 75' lang='grc' dir='ltr'><strong>τιμησωμεν</strong></span> <span class='ocrx_word' id='word_1_77' title='bbox 1088 1161 1148 1213; x_wconf 83' lang='grc' dir='ltr'><strong>τὸ</strong></span> <span class='ocrx_word' id='word_1_78' title='bbox 1202 1159 1296 1214; x_wconf 86' lang='grc' dir='ltr'><strong>τοῦ</strong></span> <span class='ocrx_word' id='word_1_79' title='bbox 1358 1159 1597 1232; x_wconf 81' lang='grc' dir='ltr'><strong>Χριστοῦ</strong></span> <span class='ocrx_word' id='word_1_80' title='bbox 1667 1160 1953 1230; x_wconf 82' lang='grc' dir='ltr'><strong>βάπτισμα</strong></span> 
     </span>
    </p>
   </div>
   <div class='ocr_carea' id='block_1_13' title="bbox 367 1250 1442 1324">
    <p class='ocr_par' dir='ltr' id='par_1_13' title="bbox 367 1250 1442 1324">
     <span class='ocr_line' id='line_1_13' title="bbox 367 1250 1442 1324; baseline 0.002 -22"><span class='ocrx_word' id='word_1_81' title='bbox 367 1253 631 1321; x_wconf 80' lang='grc' dir='ltr'><strong>σήμερον,</strong></span> <span class='ocrx_word' id='word_1_82' title='bbox 670 1251 764 1304; x_wconf 74' lang='grc' dir='ltr'><strong>καὶ</strong></span> <span class='ocrx_word' id='word_1_83' title='bbox 797 1250 975 1314; x_wconf 65' lang='lat' dir='ltr'><strong>mm,-</strong></span> <span class='ocrx_word' id='word_1_84' title='bbox 1002 1253 1372 1324; x_wconf 79' lang='grc' dir='ltr'><strong>ὲορτάσωμεν.</strong></span> <span class='ocrx_word' id='word_1_85' title='bbox 1423 1271 1442 1304; x_wconf 74' lang='grc' dir='ltr'><strong>ι</strong></span> 
     </span>
    </p>
   </div>
   <div class='ocr_carea' id='block_1_14' title="bbox 975 1345 1344 1412">
    <p class='ocr_par' dir='ltr' id='par_1_14' title="bbox 975 1345 1344 1412">
     <span class='ocr_line' id='line_1_14' title="bbox 975 1345 1344 1412; baseline 0.003 -14"><span class='ocrx_word' id='word_1_86' title='bbox 975 1345 1218 1412; x_wconf 72' lang='grc' dir='ltr'><strong>Αἵρεσις</strong></span> <span class='ocrx_word' id='word_1_87' title='bbox 1254 1351 1344 1412; x_wconf 85' lang='grc' dir='ltr'><strong>ιγ’.</strong></span> 
     </span>
    </p>
   </div>
   <div class='ocr_carea' id='block_1_15' title="bbox 439 1432 1958 1507">
    <p class='ocr_par' dir='ltr' id='par_1_15' title="bbox 439 1432 1958 1507">
     <span class='ocr_line' id='line_1_15' title="bbox 439 1432 1958 1507; baseline 0.002 -22"><span class='ocrx_word' id='word_1_88' title='bbox 439 1433 540 1486; x_wconf 88' lang='lat' dir='ltr'><strong>IZ&#39;.</strong></span> <span class='ocrx_word' id='word_1_89' title='bbox 573 1432 743 1486; x_wconf 78' lang='grc' dir='ltr'><strong>Τοῦτὸ</strong></span> <span class='ocrx_word' id='word_1_90' title='bbox 771 1436 888 1487; x_wconf 80' lang='grc' dir='ltr'><strong>ἐστι</strong></span> <span class='ocrx_word' id='word_1_91' title='bbox 915 1435 1122 1507; x_wconf 82' lang='grc' dir='ltr'>μεγάλη</span> <span class='ocrx_word' id='word_1_92' title='bbox 1181 1437 1394 1506; x_wconf 81' lang='grc' dir='ltr'><strong>αἵρεσις</strong></span> <span class='ocrx_word' id='word_1_93' title='bbox 1416 1453 1428 1468; x_wconf 74' lang='grc'><strong><em>⁸</em></strong></span> <span class='ocrx_word' id='word_1_94' title='bbox 1487 1438 1567 1489; x_wconf 77' lang='grc' dir='ltr'><strong>ὅτι</strong></span> <span class='ocrx_word' id='word_1_95' title='bbox 1613 1436 1958 1506; x_wconf 75' lang='grc' dir='ltr'><strong>ἑορτάζουσιν</strong></span> 
     </span>
    </p>
   </div>
   <div class='ocr_carea' id='block_1_16' title="bbox 381 1523 1951 1601">
    <p class='ocr_par' dir='ltr' id='par_1_16' title="bbox 381 1523 1951 1601">
     <span class='ocr_line' id='line_1_16' title="bbox 381 1523 1951 1601; baseline 0.005 -26"><span class='ocrx_word' id='word_1_96' title='bbox 381 1523 716 1594; x_wconf 80' lang='grc' dir='ltr'><strong>ἰανουαρίου</strong></span> <span class='ocrx_word' id='word_1_97' title='bbox 744 1523 788 1578; x_wconf 81' lang='grc' dir='ltr'><strong>θ’</strong></span> <span class='ocrx_word' id='word_1_98' title='bbox 815 1526 975 1578; x_wconf 79' lang='grc' dir='ltr'><strong>ἄλλον</strong></span> <span class='ocrx_word' id='word_1_99' title='bbox 998 1526 1541 1597; x_wconf 80' lang='grc' dir='ltr'><strong>Εὐαγγελισμὸν,καὶ</strong></span> <span class='ocrx_word' id='word_1_100' title='bbox 1560 1528 1823 1598; x_wconf 74' lang='grc' dir='ltr'><strong>ψάλλουσι</strong></span> <span class='ocrx_word' id='word_1_101' title='bbox 1849 1530 1951 1601; x_wconf 85' lang='grc' dir='ltr'><strong>τὴν</strong></span> 
     </span>
    </p>
   </div>
   <div class='ocr_carea' id='block_1_17' title="bbox 371 1615 1960 1690">
    <p class='ocr_par' dir='ltr' id='par_1_17' title="bbox 371 1615 1960 1690">
     <span class='ocr_line' id='line_1_17' title="bbox 371 1615 1960 1690; baseline 0.004 -22"><span class='ocrx_word' id='word_1_102' title='bbox 371 1615 793 1686; x_wconf 80' lang='grc' dir='ltr'><strong>Εὐαγγελισμοῦ</strong></span> <span class='ocrx_word' id='word_1_103' title='bbox 823 1617 1168 1683; x_wconf 78' lang='grc' dir='ltr'><strong>ἀκολουθίαν,</strong></span> <span class='ocrx_word' id='word_1_104' title='bbox 1209 1621 1300 1671; x_wconf 85' lang='grc' dir='ltr'><strong>καὶ</strong></span> <span class='ocrx_word' id='word_1_105' title='bbox 1328 1619 1546 1687; x_wconf 86' lang='grc' dir='ltr'><strong>λέγουσι</strong></span> <span class='ocrx_word' id='word_1_106' title='bbox 1593 1621 1655 1673; x_wconf 81' lang='grc' dir='ltr'><strong>τὸ</strong></span> <span class='ocrx_word' id='word_1_107' title='bbox 1711 1621 1960 1690; x_wconf 79' lang='grc' dir='ltr'><strong>Εὐαγγέ-</strong></span> 
     </span>
    </p>
   </div>
   <div class='ocr_carea' id='block_1_18' title="bbox 368 1708 1961 1782">
    <p class='ocr_par' dir='ltr' id='par_1_18' title="bbox 368 1708 1961 1782">
     <span class='ocr_line' id='line_1_18' title="bbox 368 1708 1961 1782; baseline 0.005 -22"><span class='ocrx_word' id='word_1_108' title='bbox 368 1709 483 1762; x_wconf 90' lang='grc' dir='ltr'><strong>λιον</strong></span> <span class='ocrx_word' id='word_1_109' title='bbox 504 1708 616 1774; x_wconf 81' lang='grc' dir='ltr'><strong>’Τῷ</strong></span> <span class='ocrx_word' id='word_1_110' title='bbox 653 1709 806 1775; x_wconf 74' lang='grc' dir='ltr'><strong>ἕκτῳ</strong></span> <span class='ocrx_word' id='word_1_111' title='bbox 823 1708 970 1778; x_wconf 78' lang='grc' dir='ltr'><strong>μηνὶ</strong></span> <span class='ocrx_word' id='word_1_112' title='bbox 993 1709 1317 1778; x_wconf 75' lang='grc' dir='ltr'><strong>ἀπεστάλη</strong></span> <span class='ocrx_word' id='word_1_113' title='bbox 1351 1715 1383 1764; x_wconf 88' lang='grc' dir='ltr'><em>ό</em></span> <span class='ocrx_word' id='word_1_114' title='bbox 1429 1711 1802 1782; x_wconf 74' lang='grc' dir='ltr'><strong>ἀρχάγγελος</strong></span> <span class='ocrx_word' id='word_1_115' title='bbox 1841 1716 1961 1768; x_wconf 65' lang='grc' dir='ltr'><strong>Γαη</strong></span> 
     </span>
    </p>
   </div>
   <div class='ocr_carea' id='block_1_19' title="bbox 2050 619 3624 690">
    <p class='ocr_par' dir='ltr' id='par_1_19' title="bbox 2050 619 3624 690">
     <span class='ocr_line' id='line_1_19' title="bbox 2050 619 3624 690; baseline 0.004 -20"><span class='ocrx_word' id='word_1_116' title='bbox 2050 629 2170 686; x_wconf 85' lang='lat' dir='ltr'><strong>apta</strong></span> <span class='ocrx_word' id='word_1_117' title='bbox 2212 619 2552 675; x_wconf 69' lang='lat' dir='ltr'><strong>solemnitate</strong></span> <span class='ocrx_word' id='word_1_118' title='bbox 2589 622 2735 688; x_wconf 89' lang='lat' dir='ltr'><strong>prius</strong></span> <span class='ocrx_word' id='word_1_119' title='bbox 2770 621 3182 688; x_wconf 72' lang='lat' dir='ltr'><strong>celebravimus,</strong></span> <span class='ocrx_word' id='word_1_120' title='bbox 3224 630 3335 676; x_wconf 90' lang='lat' dir='ltr'><strong>tum</strong></span> <span class='ocrx_word' id='word_1_121' title='bbox 3372 639 3470 690; x_wconf 81' lang='lat' dir='ltr'><strong>ego</strong></span> <span class='ocrx_word' id='word_1_122' title='bbox 3502 621 3624 677; x_wconf 70' lang='lat' dir='ltr'><strong>festi</strong></span> 
     </span>
    </p>
   </div>
   <div class='ocr_carea' id='block_1_20' title="bbox 2051 711 3626 781">
    <p class='ocr_par' dir='ltr' id='par_1_20' title="bbox 2051 711 3626 781">
     <span class='ocr_line' id='line_1_20' title="bbox 2051 711 3626 781; baseline 0.005 -19"><span class='ocrx_word' id='word_1_123' title='bbox 2051 711 2160 764; x_wconf 83' lang='lat' dir='ltr'><strong>dux</strong></span> <span class='ocrx_word' id='word_1_124' title='bbox 2205 720 2258 765; x_wconf 90' lang='lat' dir='ltr'><strong>et</strong></span> <span class='ocrx_word' id='word_1_125' title='bbox 2299 725 2523 781; x_wconf 81' lang='lat' dir='ltr'><strong>auspex,</strong></span> <span class='ocrx_word' id='word_1_126' title='bbox 2560 723 2670 766; x_wconf 88' lang='lat' dir='ltr'><strong>tum</strong></span> <span class='ocrx_word' id='word_1_127' title='bbox 2710 728 2824 768; x_wconf 76' lang='lat' dir='ltr'><strong>vos.</strong></span> <span class='ocrx_word' id='word_1_128' title='bbox 2864 732 2883 766; x_wconf 85' lang='grc'><strong>›</strong></span> <span class='ocrx_word' id='word_1_129' title='bbox 2922 714 3026 768; x_wconf 80' lang='lat' dir='ltr'><strong>Per</strong></span> <span class='ocrx_word' id='word_1_130' title='bbox 3063 717 3162 770; x_wconf 86' lang='lat' dir='ltr'><strong>hoc</strong></span> <span class='ocrx_word' id='word_1_131' title='bbox 3198 727 3376 770; x_wconf 84' lang='lat' dir='ltr'><strong>autem</strong></span> <span class='ocrx_word' id='word_1_132' title='bbox 3415 732 3626 771; x_wconf 82' lang='lat' dir='ltr'><strong>rursum</strong></span> 
     </span>
    </p>
   </div>
   <div class='ocr_carea' id='block_1_21' title="bbox 2053 800 3627 874">
    <p class='ocr_par' dir='ltr' id='par_1_21' title="bbox 2053 800 3627 874">
     <span class='ocr_line' id='line_1_21' title="bbox 2053 800 3627 874; baseline 0.001 -20"><span class='ocrx_word' id='word_1_133' title='bbox 2053 810 2272 869; x_wconf 87' lang='lat' dir='ltr'><strong>separat</strong></span> <span class='ocrx_word' id='word_1_134' title='bbox 2318 800 2521 858; x_wconf 87' lang='lat' dir='ltr'><strong>Christi</strong></span> <span class='ocrx_word' id='word_1_135' title='bbox 2575 801 2824 858; x_wconf 84' lang='lat' dir='ltr'><strong>Natalem</strong></span> <span class='ocrx_word' id='word_1_136' title='bbox 2873 805 3012 860; x_wconf 88' lang='lat' dir='ltr'><strong>diem</strong></span> <span class='ocrx_word' id='word_1_137' title='bbox 3065 822 3092 858; x_wconf 88' lang='lat' dir='ltr'><strong>a</strong></span> <span class='ocrx_word' id='word_1_138' title='bbox 3141 805 3275 861; x_wconf 81' lang='lat' dir='ltr'><strong>festo</strong></span> <span class='ocrx_word' id='word_1_139' title='bbox 3317 806 3627 874; x_wconf 76' lang='lat' dir='ltr'><strong>Luminum,</strong></span> 
     </span>
    </p>
   </div>
   <div class='ocr_carea' id='block_1_22' title="bbox 2053 892 3630 965">
    <p class='ocr_par' dir='ltr' id='par_1_22' title="bbox 2053 892 3630 965">
     <span class='ocr_line' id='line_1_22' title="bbox 2053 892 3630 965; baseline 0.003 -24"><span class='ocrx_word' id='word_1_140' title='bbox 2053 892 2502 958; x_wconf 72' lang='lat' dir='ltr'><strong>quemadmodum</strong></span> <span class='ocrx_word' id='word_1_141' title='bbox 2538 895 2700 948; x_wconf 87' lang='lat' dir='ltr'><strong>etiam</strong></span> <span class='ocrx_word' id='word_1_142' title='bbox 2735 907 2918 963; x_wconf 82' lang='lat' dir='ltr'><strong>p05tca</strong></span> <span class='ocrx_word' id='word_1_143' title='bbox 2953 897 3069 950; x_wconf 87' lang='lat' dir='ltr'><strong>ait:</strong></span> <span class='ocrx_word' id='word_1_144' title='bbox 3111 915 3129 947; x_wconf 78' lang='grc' dir='ltr'><strong>ι</strong></span> <span class='ocrx_word' id='word_1_145' title='bbox 3160 896 3424 963; x_wconf 75' lang='lat' dir='ltr'><strong>Quoniam</strong></span> <span class='ocrx_word' id='word_1_146' title='bbox 3455 897 3630 965; x_wconf 83' lang='lat' dir='ltr'><strong>bapti-</strong></span> 
     </span>
    </p>
   </div>
   <div class='ocr_carea' id='block_1_23' title="bbox 2055 979 3625 1056">
    <p class='ocr_par' dir='ltr' id='par_1_23' title="bbox 2055 979 3625 1056">
     <span class='ocr_line' id='line_1_23' title="bbox 2055 979 3625 1056; baseline 0.003 -20"><span class='ocrx_word' id='word_1_147' title='bbox 2055 983 2155 1036; x_wconf 90' lang='lat' dir='ltr'><strong>smi</strong></span> <span class='ocrx_word' id='word_1_148' title='bbox 2185 979 2380 1037; x_wconf 83' lang='lat' dir='ltr'><strong>festum</strong></span> <span class='ocrx_word' id='word_1_149' title='bbox 2415 985 2531 1050; x_wconf 34' lang='lat' dir='ltr'><strong>esti,</strong></span> <span class='ocrx_word' id='word_1_150' title='bbox 2559 1001 2658 1054; x_wconf 88' lang='lat' dir='ltr'><strong>par</strong></span> <span class='ocrx_word' id='word_1_151' title='bbox 2683 995 2796 1050; x_wconf 76' lang='lat' dir='ltr'><strong>est,</strong></span> <span class='ocrx_word' id='word_1_152' title='bbox 2827 998 2884 1041; x_wconf 92' lang='lat' dir='ltr'><strong>ut</strong></span> <span class='ocrx_word' id='word_1_153' title='bbox 2911 989 2958 1042; x_wconf 88' lang='lat' dir='ltr'><strong>ei</strong></span> <span class='ocrx_word' id='word_1_154' title='bbox 2993 991 3081 1056; x_wconf 87' lang='lat' dir='ltr'><strong>qui</strong></span> <span class='ocrx_word' id='word_1_155' title='bbox 3118 989 3283 1043; x_wconf 90' lang='lat' dir='ltr'><strong>nostri</strong></span> <span class='ocrx_word' id='word_1_156' title='bbox 3321 1004 3478 1041; x_wconf 80' lang='lat' dir='ltr'><strong>causa</strong></span> <span class='ocrx_word' id='word_1_157' title='bbox 3511 987 3625 1041; x_wconf 83' lang='lat' dir='ltr'><strong>for-</strong></span> 
     </span>
    </p>
   </div>
   <div class='ocr_carea' id='block_1_24' title="bbox 2057 1077 3632 1144">
    <p class='ocr_par' dir='ltr' id='par_1_24' title="bbox 2057 1077 3632 1144">
     <span class='ocr_line' id='line_1_24' title="bbox 2057 1077 3632 1144; baseline 0.004 -18"><span class='ocrx_word' id='word_1_158' title='bbox 2057 1083 2236 1127; x_wconf 86' lang='lat' dir='ltr'><strong>matus</strong></span> <span class='ocrx_word' id='word_1_159' title='bbox 2266 1084 2369 1139; x_wconf 88' lang='lat' dir='ltr'><strong>est,</strong></span> <span class='ocrx_word' id='word_1_160' title='bbox 2403 1089 2466 1128; x_wconf 84' lang='lat' dir='ltr'><strong>ac</strong></span> <span class='ocrx_word' id='word_1_161' title='bbox 2499 1077 2820 1144; x_wconf 59' lang='lat' dir='ltr'><strong>baptizatus,</strong></span> <span class='ocrx_word' id='word_1_162' title='bbox 2849 1079 3061 1133; x_wconf 89' lang='lat' dir='ltr'><strong>abunde</strong></span> <span class='ocrx_word' id='word_1_163' title='bbox 3091 1080 3317 1132; x_wconf 73' lang='lat' dir='ltr'><strong>dicendo</strong></span> <span class='ocrx_word' id='word_1_164' title='bbox 3349 1081 3632 1133; x_wconf 68' lang='lat' dir='ltr'><strong>adlabore—</strong></span> 
     </span>
    </p>
   </div>
   <div class='ocr_carea' id='block_1_25' title="bbox 2060 1169 3632 1243">
    <p class='ocr_par' dir='ltr' id='par_1_25' title="bbox 2060 1169 3632 1243">
     <span class='ocr_line' id='line_1_25' title="bbox 2060 1169 3632 1243; baseline 0.004 -25"><span class='ocrx_word' id='word_1_165' title='bbox 2060 1181 2207 1232; x_wconf 88' lang='lat' dir='ltr'><strong>mus;</strong></span> <span class='ocrx_word' id='word_1_166' title='bbox 2239 1182 2335 1221; x_wconf 88' lang='lat' dir='ltr'><strong>nos</strong></span> <span class='ocrx_word' id='word_1_167' title='bbox 2362 1179 2536 1222; x_wconf 89' lang='lat' dir='ltr'><strong>autem</strong></span> <span class='ocrx_word' id='word_1_168' title='bbox 2566 1169 2721 1224; x_wconf 82' lang='lat' dir='ltr'><strong>hodie</strong></span> <span class='ocrx_word' id='word_1_169' title='bbox 2751 1170 2951 1225; x_wconf 85' lang='lat' dir='ltr'><strong>Christi</strong></span> <span class='ocrx_word' id='word_1_170' title='bbox 2986 1172 3245 1240; x_wconf 62' lang='lat' dir='ltr'><strong>baptiqna</strong></span> <span class='ocrx_word' id='word_1_171' title='bbox 3276 1174 3479 1226; x_wconf 81' lang='lat' dir='ltr'><strong>honore</strong></span> <span class='ocrx_word' id='word_1_172' title='bbox 3508 1190 3632 1243; x_wconf 84' lang='lat' dir='ltr'><strong>pro-</strong></span> 
     </span>
    </p>
   </div>
   <div class='ocr_carea' id='block_1_26' title="bbox 2059 1259 3528 1333">
    <p class='ocr_par' dir='ltr' id='par_1_26' title="bbox 2059 1259 3528 1333">
     <span class='ocr_line' id='line_1_26' title="bbox 2059 1259 3528 1333; baseline 0.005 -24"><span class='ocrx_word' id='word_1_173' title='bbox 2059 1271 2368 1326; x_wconf 84' lang='lat' dir='ltr'><strong>sequanmr,</strong></span> <span class='ocrx_word' id='word_1_174' title='bbox 2397 1273 2459 1312; x_wconf 89' lang='lat' dir='ltr'><strong>ac</strong></span> <span class='ocrx_word' id='word_1_175' title='bbox 2484 1259 2676 1315; x_wconf 82' lang='lat' dir='ltr'><strong>festum</strong></span> <span class='ocrx_word' id='word_1_176' title='bbox 2715 1263 2941 1316; x_wconf 83' lang='lat' dir='ltr'><strong>honeste</strong></span> <span class='ocrx_word' id='word_1_177' title='bbox 2971 1263 3306 1319; x_wconf 87' lang='lat' dir='ltr'><strong>celebrenms</strong></span> <span class='ocrx_word' id='word_1_178' title='bbox 3336 1264 3473 1333; x_wconf 84' lang='lat'><strong>(78).</strong></span> <span class='ocrx_word' id='word_1_179' title='bbox 3511 1285 3528 1317; x_wconf 80' lang='grc' dir='ltr'><strong>ι</strong></span> 
     </span>
    </p>
   </div>
   <div class='ocr_carea' id='block_1_27' title="bbox 2368 1349 3055 1407">
    <p class='ocr_par' dir='ltr' id='par_1_27' title="bbox 2368 1349 3055 1407">
     <span class='ocr_line' id='line_1_27' title="bbox 2368 1349 3055 1407; baseline 0.01 -7"><span class='ocrx_word' id='word_1_180' title='bbox 2368 1382 2396 1400; x_wconf 69' lang='grc' dir='ltr'><em>ν</em></span> <span class='ocrx_word' id='word_1_181' title='bbox 2661 1349 2892 1406; x_wconf 72' lang='lat' dir='ltr'><strong>[heresis</strong></span> <span class='ocrx_word' id='word_1_182' title='bbox 2927 1353 3014 1407; x_wconf 69' lang='lat'><strong>1&#39;5.</strong></span> <span class='ocrx_word' id='word_1_183' title='bbox 3047 1351 3055 1358; x_wconf 80' lang='grc'><strong>’</strong></span> 
     </span>
    </p>
   </div>
   <div class='ocr_carea' id='block_1_28' title="bbox 2131 1439 3630 1513">
    <p class='ocr_par' dir='ltr' id='par_1_28' title="bbox 2131 1439 3630 1513">
     <span class='ocr_line' id='line_1_28' title="bbox 2131 1439 3630 1513; baseline 0.006 -20"><span class='ocrx_word' id='word_1_184' title='bbox 2131 1439 2295 1494; x_wconf 69' lang='lat' dir='ltr'><strong>XVII.</strong></span> <span class='ocrx_word' id='word_1_185' title='bbox 2332 1439 2458 1496; x_wconf 59' lang='lat' dir='ltr'><strong>[Iste</strong></span> <span class='ocrx_word' id='word_1_186' title='bbox 2503 1458 2696 1513; x_wconf 81' lang='lat' dir='ltr'><strong>magna</strong></span> <span class='ocrx_word' id='word_1_187' title='bbox 2738 1445 2959 1499; x_wconf 73' lang='lat' dir='ltr'><strong>haeresis</strong></span> <span class='ocrx_word' id='word_1_188' title='bbox 2997 1454 3106 1510; x_wconf 87' lang='lat' dir='ltr'><strong>est;</strong></span> <span class='ocrx_word' id='word_1_189' title='bbox 3147 1462 3268 1499; x_wconf 89' lang='lat' dir='ltr'><strong>nam</strong></span> <span class='ocrx_word' id='word_1_190' title='bbox 3307 1463 3358 1501; x_wconf 78' lang='lat' dir='ltr'><strong>ix</strong></span> <span class='ocrx_word' id='word_1_191' title='bbox 3393 1448 3630 1502; x_wconf 80' lang='lat' dir='ltr'><strong>Januarii</strong></span> 
     </span>
    </p>
   </div>
   <div class='ocr_carea' id='block_1_29' title="bbox 2063 1529 3632 1607">
    <p class='ocr_par' dir='ltr' id='par_1_29' title="bbox 2063 1529 3632 1607">
     <span class='ocr_line' id='line_1_29' title="bbox 2063 1529 3632 1607; baseline 0.004 -22"><span class='ocrx_word' id='word_1_192' title='bbox 2063 1529 2337 1585; x_wconf 83' lang='lat' dir='ltr'><strong>celebrant</strong></span> <span class='ocrx_word' id='word_1_193' title='bbox 2383 1532 2542 1586; x_wconf 89' lang='lat' dir='ltr'><strong>aliam</strong></span> <span class='ocrx_word' id='word_1_194' title='bbox 2587 1535 3100 1600; x_wconf 84' lang='lat' dir='ltr'><strong>Anmmtiatiouem,</strong></span> <span class='ocrx_word' id='word_1_195' title='bbox 3136 1551 3198 1591; x_wconf 91' lang='lat' dir='ltr'><strong>ac</strong></span> <span class='ocrx_word' id='word_1_196' title='bbox 3242 1538 3480 1607; x_wconf 81' lang='lat' dir='ltr'><strong>psallunt</strong></span> <span class='ocrx_word' id='word_1_197' title='bbox 3521 1541 3632 1592; x_wconf 82' lang='lat' dir='ltr'><strong>An-</strong></span> 
     </span>
    </p>
   </div>
   <div class='ocr_carea' id='block_1_30' title="bbox 2063 1623 3635 1699">
    <p class='ocr_par' dir='ltr' id='par_1_30' title="bbox 2063 1623 3635 1699">
     <span class='ocr_line' id='line_1_30' title="bbox 2063 1623 3635 1699; baseline 0.008 -24"><span class='ocrx_word' id='word_1_198' title='bbox 2063 1623 2701 1686; x_wconf 77' lang='lat' dir='ltr'><strong>nnntiatiouis-oﬂicium,</strong></span> <span class='ocrx_word' id='word_1_199' title='bbox 2733 1626 3026 1694; x_wconf 77' lang='lat' dir='ltr'><strong>dicuntque</strong></span> <span class='ocrx_word' id='word_1_200' title='bbox 3058 1629 3401 1699; x_wconf 81' lang='lat' dir='ltr'><strong>Evangelium</strong></span> <span class='ocrx_word' id='word_1_201' title='bbox 3435 1650 3448 1685; x_wconf 92' lang='lat'><strong>:</strong></span> <span class='ocrx_word' id='word_1_202' title='bbox 3476 1631 3635 1686; x_wconf 59' lang='lat' dir='ltr'><strong>Sexto</strong></span> 
     </span>
    </p>
   </div>
   <div class='ocr_carea' id='block_1_31' title="bbox 2064 1715 3641 1790">
    <p class='ocr_par' dir='ltr' id='par_1_31' title="bbox 2064 1715 3641 1790">
     <span class='ocr_line' id='line_1_31' title="bbox 2064 1715 3641 1790; baseline 0.007 -25"><span class='ocrx_word' id='word_1_203' title='bbox 2064 1729 2238 1767; x_wconf 80' lang='lat' dir='ltr'><strong>mense</strong></span> <span class='ocrx_word' id='word_1_204' title='bbox 2280 1715 2469 1768; x_wconf 83' lang='lat' dir='ltr'><strong>missus</strong></span> <span class='ocrx_word' id='word_1_205' title='bbox 2517 1723 2594 1768; x_wconf 78' lang='lat' dir='ltr'><strong>est</strong></span> <span class='ocrx_word' id='word_1_206' title='bbox 2637 1715 2983 1786; x_wconf 80' lang='lat' dir='ltr'><strong>archangelus</strong></span> <span class='ocrx_word' id='word_1_207' title='bbox 3027 1716 3327 1774; x_wconf 75' lang='lat' dir='ltr'><strong>Gabriel&quot;.</strong></span> <span class='ocrx_word' id='word_1_208' title='bbox 3362 1718 3537 1790; x_wconf 84' lang='lat' dir='ltr'><strong>Atque</strong></span> <span class='ocrx_word' id='word_1_209' title='bbox 3581 1733 3641 1776; x_wconf 90' lang='lat' dir='ltr'><strong>ut</strong></span> 
     </span>
    </p>
   </div>
   <div class='ocr_carea' id='block_1_32' title="bbox 371 1801 1964 1877">
    <p class='ocr_par' dir='ltr' id='par_1_32' title="bbox 371 1801 1960 1877">
     <span class='ocr_line' id='line_1_32' title="bbox 371 1801 1960 1877; baseline 0.002 -21"><span class='ocrx_word' id='word_1_210' title='bbox 371 1801 550 1869; x_wconf 74' lang='grc' dir='ltr'><strong>ὄριὴλ</strong></span> <span class='ocrx_word' id='word_1_211' title='bbox 595 1801 731 1870; x_wconf 81' lang='grc' dir='ltr'><strong>πρὸς</strong></span> <span class='ocrx_word' id='word_1_212' title='bbox 778 1801 1075 1869; x_wconf 81' lang='grc' dir='ltr'><strong>Παρθένον.</strong></span> <span class='ocrx_word' id='word_1_213' title='bbox 1128 1801 1235 1854; x_wconf 79' lang='grc' dir='ltr'><strong>Καὶ</strong></span> <span class='ocrx_word' id='word_1_214' title='bbox 1294 1803 1362 1855; x_wconf 86' lang='grc' dir='ltr'><strong>ἂν</strong></span> <span class='ocrx_word' id='word_1_215' title='bbox 1395 1802 1524 1874; x_wconf 83' lang='grc' dir='ltr'>θέλῃ</span> <span class='ocrx_word' id='word_1_216' title='bbox 1577 1821 1660 1868; x_wconf 86' lang='grc' dir='ltr'><strong>τις</strong></span> <span class='ocrx_word' id='word_1_217' title='bbox 1717 1805 1960 1877; x_wconf 76' lang='grc' dir='ltr'><strong>ἀκριϐῶς</strong></span> 
     </span>
    </p>
   </div>
   <div class='ocr_carea' id='block_1_33' title="bbox 2068 1801 3642 1877">
    <p class='ocr_par' dir='ltr' id='par_1_33' title="bbox 2068 1805 3642 1876">
     <span class='ocr_line' id='line_1_33' title="bbox 2068 1805 3642 1876; baseline 0.007 -19"><span class='ocrx_word' id='word_1_218' title='bbox 2068 1806 2185 1873; x_wconf 89' lang='lat' dir='ltr'><strong>quis</strong></span> <span class='ocrx_word' id='word_1_219' title='bbox 2210 1805 2336 1858; x_wconf 80' lang='lat' dir='ltr'><strong>velit</strong></span> <span class='ocrx_word' id='word_1_220' title='bbox 2365 1805 2683 1874; x_wconf 72' lang='lat' dir='ltr'><strong>intelligere,</strong></span> <span class='ocrx_word' id='word_1_221' title='bbox 2713 1819 2929 1876; x_wconf 88' lang='lat' dir='ltr'><strong>superat</strong></span> <span class='ocrx_word' id='word_1_222' title='bbox 2960 1809 3210 1865; x_wconf 66' lang='lat' dir='ltr'><strong>humanm</strong></span> <span class='ocrx_word' id='word_1_223' title='bbox 3239 1823 3446 1870; x_wconf 63' lang='lat' dir='ltr'><strong>natura:</strong></span> <span class='ocrx_word' id='word_1_224' title='bbox 3479 1817 3642 1870; x_wconf 81' lang='lat' dir='ltr'><strong>ratio-</strong></span> 
     </span>
    </p>
   </div>
   <div class='ocr_carea' id='block_1_34' title="bbox 375 1869 1964 1976">
    <p class='ocr_par' dir='ltr' id='par_1_34' title="bbox 375 1869 1960 1964">
     <span class='ocr_line' id='line_1_34' title="bbox 375 1869 1960 1964; baseline 0.005 -20"><span class='ocrx_word' id='word_1_225' title='bbox 375 1869 692 1959; x_wconf 78' lang='grc' dir='ltr'><strong>μανθάνειν,</strong></span> <span class='ocrx_word' id='word_1_226' title='bbox 730 1891 879 1944; x_wconf 81' lang='grc' dir='ltr'><strong>ἔστιν</strong></span> <span class='ocrx_word' id='word_1_227' title='bbox 910 1891 1052 1962; x_wconf 82' lang='grc' dir='ltr'><strong>ὑπὲρ</strong></span> <span class='ocrx_word' id='word_1_228' title='bbox 1077 1892 1429 1964; x_wconf 80' lang='grc' dir='ltr'><strong>ἀνθρωπίνην</strong></span> <span class='ocrx_word' id='word_1_229' title='bbox 1489 1869 1656 1964; x_wconf 64' lang='grc' dir='ltr'><strong>ιρύσιν</strong></span> <span class='ocrx_word' id='word_1_230' title='bbox 1681 1911 1697 1926; x_wconf 74' lang='grc'><strong><em>⁸</em></strong></span> <span class='ocrx_word' id='word_1_231' title='bbox 1751 1869 1960 1952; x_wconf 53' lang='lat' dir='ltr'><strong>ademi</strong></span> 
     </span>
    </p>
   </div>
   <div class='ocr_carea' id='block_1_35' title="bbox 2068 1869 3641 1976">
    <p class='ocr_par' dir='ltr' id='par_1_35' title="bbox 2068 1869 3641 1976">
     <span class='ocr_line' id='line_1_35' title="bbox 2068 1869 3641 1976; baseline 0.01 -26"><span class='ocrx_word' id='word_1_232' title='bbox 2068 1869 2211 1950; x_wconf 82' lang='lat' dir='ltr'><strong>nem.</strong></span> <span class='ocrx_word' id='word_1_233' title='bbox 2249 1896 2328 1949; x_wconf 82' lang='lat' dir='ltr'><strong>Ab</strong></span> <span class='ocrx_word' id='word_1_234' title='bbox 2362 1911 2549 1950; x_wconf 86' lang='lat' dir='ltr'><strong>eorum</strong></span> <span class='ocrx_word' id='word_1_235' title='bbox 2587 1900 2729 1951; x_wconf 88' lang='lat' dir='ltr'><strong>enim</strong></span> <span class='ocrx_word' id='word_1_236' title='bbox 2761 1899 3294 1967; x_wconf 78' lang='lat' dir='ltr'><strong>Annuntiationibus,</strong></span> <span class='ocrx_word' id='word_1_237' title='bbox 3329 1905 3393 1960; x_wconf 91' lang='lat' dir='ltr'><strong>ad</strong></span> <span class='ocrx_word' id='word_1_238' title='bbox 3430 1917 3641 1976; x_wconf 80' lang='lat' dir='ltr'><strong>tempus</strong></span> 
     </span>
    </p>
   </div>
   <div class='ocr_carea' id='block_1_36' title="bbox 373 1981 1963 2058">
    <p class='ocr_par' dir='ltr' id='par_1_36' title="bbox 373 1981 1963 2058">
     <span class='ocr_line' id='line_1_36' title="bbox 373 1981 1963 2058; baseline 0.006 -26"><span class='ocrx_word' id='word_1_239' title='bbox 373 1993 484 2051; x_wconf 74' lang='grc' dir='ltr'><strong>γαρ</strong></span> <span class='ocrx_word' id='word_1_240' title='bbox 509 1981 679 2051; x_wconf 77' lang='grc' dir='ltr'><strong>μῆνες</strong></span> <span class='ocrx_word' id='word_1_241' title='bbox 714 1981 1053 2052; x_wconf 81' lang='grc' dir='ltr'><strong>πληροῦνται</strong></span> <span class='ocrx_word' id='word_1_242' title='bbox 1085 1983 1193 2036; x_wconf 84' lang='grc' dir='ltr'><strong>ἀπὸ</strong></span> <span class='ocrx_word' id='word_1_243' title='bbox 1228 1984 1338 2037; x_wconf 87' lang='grc' dir='ltr'><strong>τῶν</strong></span> <span class='ocrx_word' id='word_1_244' title='bbox 1388 1985 1820 2057; x_wconf 83' lang='grc' dir='ltr'><strong>Εὑαγγελισμῶν</strong></span> <span class='ocrx_word' id='word_1_245' title='bbox 1849 1989 1963 2058; x_wconf 35' lang='grc' dir='ltr'><strong>,αὔ-</strong></span> 
     </span>
    </p>
   </div>
   <div class='ocr_carea' id='block_1_37' title="bbox 371 2071 1424 2142">
    <p class='ocr_par' dir='ltr' id='par_1_37' title="bbox 371 2071 1424 2142">
     <span class='ocr_line' id='line_1_37' title="bbox 371 2071 1424 2142; baseline 0.005 -18"><span class='ocrx_word' id='word_1_246' title='bbox 371 2073 502 2136; x_wconf 79' lang='grc' dir='ltr'><strong>τῶν,</strong></span> <span class='ocrx_word' id='word_1_247' title='bbox 531 2072 636 2132; x_wconf 76' lang='grc' dir='ltr'><strong>ἓως</strong></span> <span class='ocrx_word' id='word_1_248' title='bbox 659 2071 728 2124; x_wconf 84' lang='grc' dir='ltr'><strong>τὰ</strong></span> <span class='ocrx_word' id='word_1_249' title='bbox 760 2071 1002 2142; x_wconf 80' lang='grc' dir='ltr'><strong>Χριστοῦ</strong></span> <span class='ocrx_word' id='word_1_250' title='bbox 1028 2072 1194 2126; x_wconf 67' lang='grc' dir='ltr'><strong>Γέννα</strong></span> <span class='ocrx_word' id='word_1_251' title='bbox 1220 2073 1424 2130; x_wconf 78' lang='grc' dir='ltr'><strong>αὐτῶν.</strong></span> 
     </span>
    </p>
   </div>
   <div class='ocr_carea' id='block_1_38' title="bbox 973 2165 1340 2233">
    <p class='ocr_par' dir='ltr' id='par_1_38' title="bbox 973 2165 1340 2233">
     <span class='ocr_line' id='line_1_38' title="bbox 973 2165 1340 2233; baseline 0.011 -15"><span class='ocrx_word' id='word_1_252' title='bbox 973 2166 1218 2233; x_wconf 81' lang='grc' dir='ltr'><strong>Αἵρεσις</strong></span> <span class='ocrx_word' id='word_1_253' title='bbox 1256 2165 1340 2221; x_wconf 88' lang='grc' dir='ltr'><strong>ιδ’.</strong></span> 
     </span>
    </p>
   </div>
   <div class='ocr_carea' id='block_1_39' title="bbox 447 2256 1965 2338">
    <p class='ocr_par' dir='ltr' id='par_1_39' title="bbox 447 2256 1965 2338">
     <span class='ocr_line' id='line_1_39' title="bbox 447 2256 1965 2338; baseline 0.006 -27"><span class='ocrx_word' id='word_1_254' title='bbox 447 2256 555 2312; x_wconf 84' lang='lat' dir='ltr'><strong>lH&#39;.</strong></span> <span class='ocrx_word' id='word_1_255' title='bbox 579 2258 758 2327; x_wconf 84' lang='grc' dir='ltr'><strong>Ὅπερ</strong></span> <span class='ocrx_word' id='word_1_256' title='bbox 783 2259 900 2310; x_wconf 75' lang='grc' dir='ltr'><strong>ἐστὶ</strong></span> <span class='ocrx_word' id='word_1_257' title='bbox 926 2260 1136 2330; x_wconf 80' lang='grc' dir='ltr'>μεγάλη</span> <span class='ocrx_word' id='word_1_258' title='bbox 1164 2262 1489 2332; x_wconf 79' lang='grc' dir='ltr'><strong>στρεϐλότης</strong></span> <span class='ocrx_word' id='word_1_259' title='bbox 1511 2265 1603 2318; x_wconf 71' lang='grc' dir='ltr'><strong>καὶ</strong></span> <span class='ocrx_word' id='word_1_260' title='bbox 1632 2266 1965 2338; x_wconf 80' lang='grc' dir='ltr'><strong>ἀπωλυμὲνη</strong></span> 
     </span>
    </p>
   </div>
   <div class='ocr_carea' id='block_1_40' title="bbox 379 2350 1965 2429">
    <p class='ocr_par' dir='ltr' id='par_1_40' title="bbox 379 2350 1965 2429">
     <span class='ocr_line' id='line_1_40' title="bbox 379 2350 1965 2429; baseline 0.004 -25"><span class='ocrx_word' id='word_1_261' title='bbox 379 2351 616 2419; x_wconf 85' lang='grc' dir='ltr'><strong>αἵρεσις.</strong></span> <span class='ocrx_word' id='word_1_262' title='bbox 670 2350 1027 2422; x_wconf 75' lang='grc' dir='ltr'><strong>Ἐορτάζουσι</strong></span> <span class='ocrx_word' id='word_1_263' title='bbox 1054 2354 1163 2424; x_wconf 84' lang='grc' dir='ltr'><strong>γὰρ</strong></span> <span class='ocrx_word' id='word_1_264' title='bbox 1206 2355 1540 2426; x_wconf 80' lang='grc' dir='ltr'><strong>Ίανουαρίου</strong></span> <span class='ocrx_word' id='word_1_265' title='bbox 1563 2359 1641 2421; x_wconf 78' lang='grc' dir='ltr'><strong>εἰς</strong></span> <span class='ocrx_word' id='word_1_266' title='bbox 1667 2359 1767 2428; x_wconf 76' lang='grc' dir='ltr'><strong>τὴν</strong></span> <span class='ocrx_word' id='word_1_267' title='bbox 1793 2357 1858 2429; x_wconf 76' lang='grc' dir='ltr'><strong>ιβ’</strong></span> <span class='ocrx_word' id='word_1_268' title='bbox 1885 2361 1965 2422; x_wconf 73' lang='grc' dir='ltr'><strong>εἰς</strong></span> 
     </span>
    </p>
   </div>
   <div class='ocr_carea' id='block_1_41' title="bbox 377 2441 1962 2519">
    <p class='ocr_par' dir='ltr' id='par_1_41' title="bbox 377 2441 1962 2519">
     <span class='ocr_line' id='line_1_41' title="bbox 377 2441 1962 2519; baseline 0.006 -26"><span class='ocrx_word' id='word_1_269' title='bbox 377 2443 470 2494; x_wconf 84' lang='grc' dir='ltr'><strong>τὸν</strong></span> <span class='ocrx_word' id='word_1_270' title='bbox 491 2441 710 2511; x_wconf 75' lang='grc' dir='ltr'><strong>δρορον,</strong></span> <span class='ocrx_word' id='word_1_271' title='bbox 742 2443 834 2494; x_wconf 74' lang='grc' dir='ltr'><strong>καὶ</strong></span> <span class='ocrx_word' id='word_1_272' title='bbox 862 2441 1127 2511; x_wconf 72' lang='grc' dir='ltr'><strong>ψάλλουσι</strong></span> <span class='ocrx_word' id='word_1_273' title='bbox 1166 2444 1228 2496; x_wconf 85' lang='grc' dir='ltr'><strong>τὸ</strong></span> <span class='ocrx_word' id='word_1_274' title='bbox 1266 2445 1564 2516; x_wconf 84' lang='grc' dir='ltr'><strong>Βάπτισμα</strong></span> <span class='ocrx_word' id='word_1_275' title='bbox 1599 2448 1694 2500; x_wconf 89' lang='grc' dir='ltr'><strong>τοῦ</strong></span> <span class='ocrx_word' id='word_1_276' title='bbox 1731 2449 1962 2519; x_wconf 82' lang='grc' dir='ltr'><strong>Κυρίου,</strong></span> 
     </span>
    </p>
   </div>
   <div class='ocr_carea' id='block_1_42' title="bbox 379 2531 1966 2610">
    <p class='ocr_par' dir='ltr' id='par_1_42' title="bbox 379 2531 1966 2610">
     <span class='ocr_line' id='line_1_42' title="bbox 379 2531 1966 2610; baseline 0.006 -25"><span class='ocrx_word' id='word_1_277' title='bbox 379 2534 473 2586; x_wconf 73' lang='grc' dir='ltr'><strong>καὶ</strong></span> <span class='ocrx_word' id='word_1_278' title='bbox 500 2535 683 2586; x_wconf 81' lang='grc' dir='ltr'><strong>πᾶσαν</strong></span> <span class='ocrx_word' id='word_1_279' title='bbox 709 2531 1038 2587; x_wconf 78' lang='grc' dir='ltr'><strong>ἀκολουθίαν</strong></span> <span class='ocrx_word' id='word_1_280' title='bbox 1077 2535 1187 2587; x_wconf 85' lang='grc' dir='ltr'><strong>τῶν</strong></span> <span class='ocrx_word' id='word_1_281' title='bbox 1220 2535 1419 2592; x_wconf 78' lang='grc' dir='ltr'><strong>Φὼτων</strong></span> <span class='ocrx_word' id='word_1_282' title='bbox 1438 2555 1452 2570; x_wconf 78' lang='grc' dir='ltr'><strong>ο</strong></span> <span class='ocrx_word' id='word_1_283' title='bbox 1480 2539 1576 2591; x_wconf 78' lang='grc' dir='ltr'><strong>καὶ</strong></span> <span class='ocrx_word' id='word_1_284' title='bbox 1633 2541 1713 2602; x_wconf 73' lang='grc' dir='ltr'><strong>εἰς</strong></span> <span class='ocrx_word' id='word_1_285' title='bbox 1737 2540 1838 2610; x_wconf 85' lang='grc' dir='ltr'><strong>τὴν</strong></span> <span class='ocrx_word' id='word_1_286' title='bbox 1866 2541 1966 2594; x_wconf 82' lang='grc' dir='ltr'><strong>αὑ-</strong></span> 
     </span>
    </p>
   </div>
   <div class='ocr_carea' id='block_1_43' title="bbox 379 2623 1968 2698">
    <p class='ocr_par' dir='ltr' id='par_1_43' title="bbox 379 2623 1968 2698">
     <span class='ocr_line' id='line_1_43' title="bbox 379 2623 1968 2698; baseline 0.006 -23"><span class='ocrx_word' id='word_1_287' title='bbox 379 2623 477 2694; x_wconf 87' lang='grc' dir='ltr'><strong>τὴν</strong></span> <span class='ocrx_word' id='word_1_288' title='bbox 507 2623 725 2696; x_wconf 81' lang='grc' dir='ltr'><strong>ἡμέραν</strong></span> <span class='ocrx_word' id='word_1_289' title='bbox 747 2625 826 2686; x_wconf 75' lang='grc' dir='ltr'><strong>εις</strong></span> <span class='ocrx_word' id='word_1_290' title='bbox 852 2624 951 2694; x_wconf 83' lang='grc' dir='ltr'><strong>τὴν</strong></span> <span class='ocrx_word' id='word_1_291' title='bbox 982 2623 1326 2698; x_wconf 82' lang='grc' dir='ltr'><strong>λειτουργίαν</strong></span> <span class='ocrx_word' id='word_1_292' title='bbox 1356 2629 1606 2696; x_wconf 86' lang='grc' dir='ltr'><strong>λέγουσιν</strong></span> <span class='ocrx_word' id='word_1_293' title='bbox 1645 2631 1968 2685; x_wconf 81' lang='grc' dir='ltr'><strong>Ἀπόστολον</strong></span> 
     </span>
    </p>
   </div>
   <div class='ocr_carea' id='block_1_44' title="bbox 381 2716 1967 2796">
    <p class='ocr_par' dir='ltr' id='par_1_44' title="bbox 381 2716 1967 2796">
     <span class='ocr_line' id='line_1_44' title="bbox 381 2716 1967 2796; baseline 0.005 -27"><span class='ocrx_word' id='word_1_294' title='bbox 381 2717 478 2770; x_wconf 80' lang='grc' dir='ltr'><strong>καὶ</strong></span> <span class='ocrx_word' id='word_1_295' title='bbox 508 2716 862 2785; x_wconf 82' lang='grc' dir='ltr'><strong>Εὑαγγέλιον,</strong></span> <span class='ocrx_word' id='word_1_296' title='bbox 897 2717 992 2770; x_wconf 75' lang='grc' dir='ltr'><strong>καὶ</strong></span> <span class='ocrx_word' id='word_1_297' title='bbox 1013 2719 1194 2772; x_wconf 81' lang='grc' dir='ltr'><strong>πᾶσαν</strong></span> <span class='ocrx_word' id='word_1_298' title='bbox 1225 2720 1548 2775; x_wconf 80' lang='grc' dir='ltr'><strong>ἀκολουθίαν</strong></span> <span class='ocrx_word' id='word_1_299' title='bbox 1607 2726 1705 2796; x_wconf 78' lang='grc' dir='ltr'><strong>τῆς</strong></span> <span class='ocrx_word' id='word_1_300' title='bbox 1741 2725 1967 2795; x_wconf 80' lang='grc' dir='ltr'><strong>Περιτο·</strong></span> 
     </span>
    </p>
   </div>
   <div class='ocr_carea' id='block_1_45' title="bbox 385 2812 513 2880">
    <p class='ocr_par' dir='ltr' id='par_1_45' title="bbox 385 2812 513 2880">
     <span class='ocr_line' id='line_1_45' title="bbox 385 2812 513 2880; baseline -0.047 1"><span class='ocrx_word' id='word_1_301' title='bbox 385 2812 513 2880; x_wconf 55' lang='lat' dir='ltr'><strong>tui;-</strong></span> 
     </span>
    </p>
   </div>
   <div class='ocr_carea' id='block_1_46' title="bbox 999 2908 1364 2975">
    <p class='ocr_par' dir='ltr' id='par_1_46' title="bbox 999 2908 1364 2975">
     <span class='ocr_line' id='line_1_46' title="bbox 999 2908 1364 2975; baseline -0.005 -13"><span class='ocrx_word' id='word_1_302' title='bbox 999 2908 1247 2975; x_wconf 81' lang='grc' dir='ltr'><strong>Αἵρεσις</strong></span> <span class='ocrx_word' id='word_1_303' title='bbox 1279 2912 1338 2959; x_wconf 86' lang='grc' dir='ltr'><strong>ιε’</strong></span> <span class='ocrx_word' id='word_1_304' title='bbox 1352 2947 1364 2960; x_wconf 94' lang='grc'><strong>.</strong></span> 
     </span>
    </p>
   </div>
   <div class='ocr_carea' id='block_1_47' title="bbox 457 2991 1965 3070">
    <p class='ocr_par' dir='ltr' id='par_1_47' title="bbox 457 2991 1965 3070">
     <span class='ocr_line' id='line_1_47' title="bbox 457 2991 1965 3070; baseline 0.004 -24"><span class='ocrx_word' id='word_1_305' title='bbox 457 2991 557 3048; x_wconf 86' lang='grc' dir='ltr'><strong>ΙΘ¹.</strong></span> <span class='ocrx_word' id='word_1_306' title='bbox 592 2995 718 3048; x_wconf 78' lang='grc' dir='ltr'><strong>Ὀτι</strong></span> <span class='ocrx_word' id='word_1_307' title='bbox 753 2995 924 3068; x_wconf 85' lang='grc' dir='ltr'><strong>μῦρον</strong></span> <span class='ocrx_word' id='word_1_308' title='bbox 957 2999 1058 3052; x_wconf 80' lang='grc' dir='ltr'><strong>οὐκ</strong></span> <span class='ocrx_word' id='word_1_309' title='bbox 1083 2999 1291 3069; x_wconf 74' lang='grc' dir='ltr'><strong>ἔχουσι,</strong></span> <span class='ocrx_word' id='word_1_310' title='bbox 1315 3001 1408 3054; x_wconf 73' lang='grc' dir='ltr'><strong>καὶ</strong></span> <span class='ocrx_word' id='word_1_311' title='bbox 1437 2999 1536 3070; x_wconf 77' lang='grc' dir='ltr'><strong>τὴν</strong></span> <span class='ocrx_word' id='word_1_312' title='bbox 1568 2999 1702 3070; x_wconf 83' lang='grc' dir='ltr'><strong>ὓλην</strong></span> <span class='ocrx_word' id='word_1_313' title='bbox 1729 2999 1818 3054; x_wconf 85' lang='grc' dir='ltr'><strong>τοῦ</strong></span> <span class='ocrx_word' id='word_1_314' title='bbox 1863 3000 1965 3070; x_wconf 84' lang='grc' dir='ltr'><strong>μύ-</strong></span> 
     </span>
    </p>
   </div>
   <div class='ocr_carea' id='block_1_48' title="bbox 389 3086 1970 3163">
    <p class='ocr_par' dir='ltr' id='par_1_48' title="bbox 389 3086 1970 3163">
     <span class='ocr_line' id='line_1_48' title="bbox 389 3086 1970 3163; baseline 0.005 -27"><span class='ocrx_word' id='word_1_315' title='bbox 389 3101 484 3153; x_wconf 90' lang='grc' dir='ltr'><strong>ρου</strong></span> <span class='ocrx_word' id='word_1_316' title='bbox 513 3086 575 3138; x_wconf 80' lang='grc' dir='ltr'><strong>οὐ</strong></span> <span class='ocrx_word' id='word_1_317' title='bbox 614 3087 950 3153; x_wconf 83' lang='grc' dir='ltr'><strong>γινώσκουσι</strong></span> <span class='ocrx_word' id='word_1_318' title='bbox 989 3091 1156 3143; x_wconf 75' lang='grc' dir='ltr'><strong>πόθεν</strong></span> <span class='ocrx_word' id='word_1_319' title='bbox 1179 3091 1410 3159; x_wconf 81' lang='grc' dir='ltr'><strong>γίνεται.</strong></span> <span class='ocrx_word' id='word_1_320' title='bbox 1445 3091 1719 3159; x_wconf 85' lang='grc' dir='ltr'><strong>Ἀγνοοῦσι</strong></span> <span class='ocrx_word' id='word_1_321' title='bbox 1746 3091 1854 3163; x_wconf 86' lang='grc' dir='ltr'><strong>γὰρ</strong></span> <span class='ocrx_word' id='word_1_322' title='bbox 1878 3092 1970 3144; x_wconf 83' lang='grc' dir='ltr'><strong>τὸν</strong></span> 
     </span>
    </p>
   </div>
   <div class='ocr_carea' id='block_1_49' title="bbox 2066 1985 3563 2058">
    <p class='ocr_par' dir='ltr' id='par_1_49' title="bbox 2066 1985 3563 2058">
     <span class='ocr_line' id='line_1_49' title="bbox 2066 1985 3563 2058; baseline 0.01 -17"><span class='ocrx_word' id='word_1_323' title='bbox 2066 2003 2172 2058; x_wconf 89' lang='lat' dir='ltr'><strong>quo</strong></span> <span class='ocrx_word' id='word_1_324' title='bbox 2203 1988 2415 2042; x_wconf 91' lang='lat' dir='ltr'><strong>Domini</strong></span> <span class='ocrx_word' id='word_1_325' title='bbox 2445 1985 2636 2044; x_wconf 80' lang='lat' dir='ltr'><strong>Natale</strong></span> <span class='ocrx_word' id='word_1_326' title='bbox 2668 1989 2873 2056; x_wconf 87' lang='lat' dir='ltr'><strong>colunt,</strong></span> <span class='ocrx_word' id='word_1_327' title='bbox 2907 1991 3204 2055; x_wconf 81' lang='lat' dir='ltr'><strong>implentur</strong></span> <span class='ocrx_word' id='word_1_328' title='bbox 3233 1995 3300 2050; x_wconf 76' lang='grc'><strong>12</strong></span> <span class='ocrx_word' id='word_1_329' title='bbox 3329 2013 3563 2055; x_wconf 86' lang='lat' dir='ltr'><strong>menses.</strong></span> 
     </span>
    </p>
   </div>
   <div class='ocr_carea' id='block_1_50' title="bbox 2691 2169 3042 2227">
    <p class='ocr_par' dir='ltr' id='par_1_50' title="bbox 2691 2169 3042 2227">
     <span class='ocr_line' id='line_1_50' title="bbox 2691 2169 3042 2227; baseline 0.009 -3"><span class='ocrx_word' id='word_1_330' title='bbox 2691 2169 2926 2227; x_wconf 71' lang='lat' dir='ltr'><strong>Heresis</strong></span> <span class='ocrx_word' id='word_1_331' title='bbox 2955 2172 3042 2227; x_wconf 75' lang='grc' dir='ltr'><strong>Η.</strong></span> 
     </span>
    </p>
   </div>
   <div class='ocr_carea' id='block_1_51' title="bbox 2132 2261 3637 2340">
    <p class='ocr_par' dir='ltr' id='par_1_51' title="bbox 2132 2261 3637 2340">
     <span class='ocr_line' id='line_1_51' title="bbox 2132 2261 3637 2340; baseline 0.008 -25"><span class='ocrx_word' id='word_1_332' title='bbox 2132 2261 2323 2316; x_wconf 80' lang='lat' dir='ltr'><strong>XVIII.</strong></span> <span class='ocrx_word' id='word_1_333' title='bbox 2375 2262 2506 2329; x_wconf 68' lang='lat' dir='ltr'><strong>Qum</strong></span> <span class='ocrx_word' id='word_1_334' title='bbox 2564 2271 2646 2317; x_wconf 84' lang='lat' dir='ltr'><strong>est</strong></span> <span class='ocrx_word' id='word_1_335' title='bbox 2693 2279 2887 2333; x_wconf 77' lang='lat' dir='ltr'><strong>magna</strong></span> <span class='ocrx_word' id='word_1_336' title='bbox 2947 2266 3275 2334; x_wconf 85' lang='lat' dir='ltr'><strong>perversitas</strong></span> <span class='ocrx_word' id='word_1_337' title='bbox 3324 2284 3388 2325; x_wconf 90' lang='lat' dir='ltr'><strong>ac</strong></span> <span class='ocrx_word' id='word_1_338' title='bbox 3433 2271 3637 2340; x_wconf 85' lang='lat' dir='ltr'><strong>perdita</strong></span> 
     </span>
    </p>
   </div>
   <div class='ocr_carea' id='block_1_52' title="bbox 2066 2348 3638 2427">
    <p class='ocr_par' dir='ltr' id='par_1_52' title="bbox 2066 2348 3638 2427">
     <span class='ocr_line' id='line_1_52' title="bbox 2066 2348 3638 2427; baseline 0.008 -24"><span class='ocrx_word' id='word_1_339' title='bbox 2066 2348 2309 2404; x_wconf 73' lang='lat' dir='ltr'><strong>bmresis.</strong></span> <span class='ocrx_word' id='word_1_340' title='bbox 2345 2349 2636 2404; x_wconf 81' lang='lat' dir='ltr'><strong>Celebrant</strong></span> <span class='ocrx_word' id='word_1_341' title='bbox 2671 2350 2813 2405; x_wconf 90' lang='lat' dir='ltr'><strong>enim</strong></span> <span class='ocrx_word' id='word_1_342' title='bbox 2848 2368 2924 2406; x_wconf 78' lang='lat' dir='ltr'><strong>xu</strong></span> <span class='ocrx_word' id='word_1_343' title='bbox 2956 2352 3198 2410; x_wconf 80' lang='lat' dir='ltr'><strong>Januarii</strong></span> <span class='ocrx_word' id='word_1_344' title='bbox 3243 2357 3294 2411; x_wconf 90' lang='lat' dir='ltr'><strong>in</strong></span> <span class='ocrx_word' id='word_1_345' title='bbox 3339 2358 3638 2427; x_wconf 82' lang='lat' dir='ltr'><strong>Matutinis,</strong></span> 
     </span>
    </p>
   </div>
   <div class='ocr_carea' id='block_1_53' title="bbox 2063 2442 3638 2520">
    <p class='ocr_par' dir='ltr' id='par_1_53' title="bbox 2063 2442 3638 2520">
     <span class='ocr_line' id='line_1_53' title="bbox 2063 2442 3638 2520; baseline 0.01 -25"><span class='ocrx_word' id='word_1_346' title='bbox 2063 2455 2127 2496; x_wconf 87' lang='lat' dir='ltr'><strong>ac</strong></span> <span class='ocrx_word' id='word_1_347' title='bbox 2171 2442 2406 2510; x_wconf 84' lang='lat' dir='ltr'><strong>psallunt</strong></span> <span class='ocrx_word' id='word_1_348' title='bbox 2452 2442 2662 2497; x_wconf 86' lang='lat' dir='ltr'><strong>Domini</strong></span> <span class='ocrx_word' id='word_1_349' title='bbox 2709 2443 2985 2514; x_wconf 87' lang='lat' dir='ltr'><strong>Baptisma</strong></span> <span class='ocrx_word' id='word_1_350' title='bbox 3030 2463 3045 2502; x_wconf 89' lang='lat'><strong>:</strong></span> <span class='ocrx_word' id='word_1_351' title='bbox 3091 2457 3370 2520; x_wconf 90' lang='lat' dir='ltr'><strong>totumque</strong></span> <span class='ocrx_word' id='word_1_352' title='bbox 3394 2453 3638 2510; x_wconf 82' lang='lat' dir='ltr'><strong>Oilicium</strong></span> 
     </span>
    </p>
   </div>
   <div class='ocr_carea' id='block_1_54' title="bbox 2067 2533 3640 2614">
    <p class='ocr_par' dir='ltr' id='par_1_54' title="bbox 2067 2533 3640 2614">
     <span class='ocr_line' id='line_1_54' title="bbox 2067 2533 3640 2614; baseline 0.011 -29"><span class='ocrx_word' id='word_1_353' title='bbox 2067 2533 2379 2599; x_wconf 89' lang='lat' dir='ltr'><strong>Luminum,</strong></span> <span class='ocrx_word' id='word_1_354' title='bbox 2409 2535 2710 2604; x_wconf 88' lang='lat' dir='ltr'><strong>eademque</strong></span> <span class='ocrx_word' id='word_1_355' title='bbox 2739 2537 2825 2592; x_wconf 90' lang='lat' dir='ltr'><strong>die</strong></span> <span class='ocrx_word' id='word_1_356' title='bbox 2857 2539 2910 2592; x_wconf 88' lang='lat' dir='ltr'><strong>in</strong></span> <span class='ocrx_word' id='word_1_357' title='bbox 2944 2538 3101 2594; x_wconf 84' lang='lat' dir='ltr'><strong>Missa</strong></span> <span class='ocrx_word' id='word_1_358' title='bbox 3131 2541 3316 2597; x_wconf 90' lang='lat' dir='ltr'><strong>dicunt</strong></span> <span class='ocrx_word' id='word_1_359' title='bbox 3348 2544 3640 2614; x_wconf 83' lang='lat' dir='ltr'><strong>Epistolam</strong></span> 
     </span>
    </p>
   </div>
   <div class='ocr_carea' id='block_1_55' title="bbox 2066 2623 3640 2695">
    <p class='ocr_par' dir='ltr' id='par_1_55' title="bbox 2066 2623 3640 2695">
     <span class='ocr_line' id='line_1_55' title="bbox 2066 2623 3640 2695; baseline 0.011 -18"><span class='ocrx_word' id='word_1_360' title='bbox 2066 2634 2117 2678; x_wconf 91' lang='lat' dir='ltr'><strong>et</strong></span> <span class='ocrx_word' id='word_1_361' title='bbox 2147 2623 2516 2692; x_wconf 78' lang='lat' dir='ltr'><strong>Evangelium,</strong></span> <span class='ocrx_word' id='word_1_362' title='bbox 2539 2639 2604 2681; x_wconf 87' lang='lat' dir='ltr'><strong>ac</strong></span> <span class='ocrx_word' id='word_1_363' title='bbox 2632 2624 2878 2682; x_wconf 85' lang='lat' dir='ltr'><strong>Ollicium</strong></span> <span class='ocrx_word' id='word_1_364' title='bbox 2913 2637 3080 2684; x_wconf 89' lang='lat' dir='ltr'><strong>totum</strong></span> <span class='ocrx_word' id='word_1_365' title='bbox 3107 2632 3172 2687; x_wconf 87' lang='lat' dir='ltr'><strong>de</strong></span> <span class='ocrx_word' id='word_1_366' title='bbox 3195 2631 3640 2695; x_wconf 83' lang='lat' dir='ltr'><strong>Circumeisione.</strong></span> 
     </span>
    </p>
   </div>
   <div class='ocr_carea' id='block_1_56' title="bbox 2671 2895 3023 2955">
    <p class='ocr_par' dir='ltr' id='par_1_56' title="bbox 2671 2895 3023 2955">
     <span class='ocr_line' id='line_1_56' title="bbox 2671 2895 3023 2955; baseline 0.014 -5"><span class='ocrx_word' id='word_1_367' title='bbox 2671 2895 2720 2950; x_wconf 89' lang='grc'><em>11</em></span> <span class='ocrx_word' id='word_1_368' title='bbox 2725 2899 2904 2954; x_wconf 61' lang='lat' dir='ltr'><strong>«erasis</strong></span> <span class='ocrx_word' id='word_1_369' title='bbox 2937 2900 3023 2955; x_wconf 82' lang='grc'><strong>15.</strong></span> 
     </span>
    </p>
   </div>
   <div class='ocr_carea' id='block_1_57' title="bbox 2137 2985 3644 3058">
    <p class='ocr_par' dir='ltr' id='par_1_57' title="bbox 2137 2985 3644 3058">
     <span class='ocr_line' id='line_1_57' title="bbox 2137 2985 3644 3058; baseline 0.011 -17"><span class='ocrx_word' id='word_1_370' title='bbox 2137 2985 2281 3043; x_wconf 80' lang='lat' dir='ltr'><strong>XIX.</strong></span> <span class='ocrx_word' id='word_1_371' title='bbox 2341 2986 2542 3043; x_wconf 87' lang='lat' dir='ltr'><strong>Carent</strong></span> <span class='ocrx_word' id='word_1_372' title='bbox 2601 3001 2906 3058; x_wconf 78' lang='lat' dir='ltr'><strong>unguento,</strong></span> <span class='ocrx_word' id='word_1_373' title='bbox 2962 3009 3060 3049; x_wconf 84' lang='lat' dir='ltr'><strong>nec</strong></span> <span class='ocrx_word' id='word_1_374' title='bbox 3117 2997 3298 3052; x_wconf 89' lang='lat' dir='ltr'><strong>sciunt</strong></span> <span class='ocrx_word' id='word_1_375' title='bbox 3353 3001 3494 3056; x_wconf 89' lang='lat' dir='ltr'><strong>unde</strong></span> <span class='ocrx_word' id='word_1_376' title='bbox 3553 3005 3644 3058; x_wconf 75' lang='lat' dir='ltr'><strong>ﬁni.</strong></span> 
     </span>
    </p>
   </div>
   <div class='ocr_carea' id='block_1_58' title="bbox 2071 3080 3643 3164">
    <p class='ocr_par' dir='ltr' id='par_1_58' title="bbox 2071 3080 3643 3164">
     <span class='ocr_line' id='line_1_58' title="bbox 2071 3080 3643 3164; baseline 0.009 -30"><span class='ocrx_word' id='word_1_377' title='bbox 2071 3081 2331 3150; x_wconf 77' lang='lat' dir='ltr'><strong>unguenti</strong></span> <span class='ocrx_word' id='word_1_378' title='bbox 2373 3081 2621 3136; x_wconf 85' lang='lat' dir='ltr'><strong>materia.</strong></span> <span class='ocrx_word' id='word_1_379' title='bbox 2649 3080 2904 3151; x_wconf 81' lang='lat' dir='ltr'><strong>Ignorant</strong></span> <span class='ocrx_word' id='word_1_380' title='bbox 2928 3084 3072 3139; x_wconf 86' lang='lat' dir='ltr'><strong>enim</strong></span> <span class='ocrx_word' id='word_1_381' title='bbox 3105 3091 3227 3157; x_wconf 89' lang='lat' dir='ltr'><strong>quis</strong></span> <span class='ocrx_word' id='word_1_382' title='bbox 3258 3090 3400 3144; x_wconf 86' lang='lat' dir='ltr'><strong>dicat</strong></span> <span class='ocrx_word' id='word_1_383' title='bbox 3427 3091 3592 3164; x_wconf 79' lang='lat' dir='ltr'><strong>Moysi</strong></span> <span class='ocrx_word' id='word_1_384' title='bbox 3629 3114 3643 3148; x_wconf 93' lang='lat'><strong>:</strong></span> 
     </span>
    </p>
   </div>
   <div class='ocr_carea' id='block_1_59' title="bbox 384 3171 1964 3272">
    <p class='ocr_par' dir='ltr' id='par_1_59' title="bbox 384 3176 1964 3248">
     <span class='ocr_line' id='line_1_59' title="bbox 384 3176 1964 3248; baseline 0.006 -19"><span class='ocrx_word' id='word_1_385' title='bbox 384 3176 614 3246; x_wconf 82' lang='grc' dir='ltr'><strong>λέγοντα</strong></span> <span class='ocrx_word' id='word_1_386' title='bbox 665 3179 740 3248; x_wconf 84' lang='grc' dir='ltr'><strong>τῷ</strong></span> <span class='ocrx_word' id='word_1_387' title='bbox 796 3181 1064 3234; x_wconf 83' lang='grc' dir='ltr'><strong>Μωῡσεῖ·</strong></span> <span class='ocrx_word' id='word_1_388' title='bbox 1129 3183 1212 3235; x_wconf 83' lang='grc' dir='ltr'><strong>ὅτι</strong></span> <span class='ocrx_word' id='word_1_389' title='bbox 1253 3180 1409 3237; x_wconf 77' lang='grc' dir='ltr'><strong>Λάϐε</strong></span> <span class='ocrx_word' id='word_1_390' title='bbox 1471 3183 1690 3238; x_wconf 77' lang='grc' dir='ltr'><strong>ἐλαίαν</strong></span> <span class='ocrx_word' id='word_1_391' title='bbox 1740 3184 1809 3238; x_wconf 83' lang='grc' dir='ltr'><strong>ἐκ</strong></span> <span class='ocrx_word' id='word_1_392' title='bbox 1852 3181 1964 3238; x_wconf 77' lang='grc' dir='ltr'><strong>τῶν</strong></span> 
     </span>
    </p>
   </div>
   <div class='ocr_carea' id='block_1_60' title="bbox 2068 3171 3635 3272">
    <p class='ocr_par' dir='ltr' id='par_1_60' title="bbox 2075 3171 3635 3254">
     <span class='ocr_line' id='line_1_60' title="bbox 2075 3171 3635 3254; baseline 0.007 -27"><span class='ocrx_word' id='word_1_393' title='bbox 2075 3171 2234 3227; x_wconf 83' lang='lat' dir='ltr'><strong>Sume</strong></span> <span class='ocrx_word' id='word_1_394' title='bbox 2264 3172 2435 3226; x_wconf 81' lang='lat' dir='ltr'><strong>oleum</strong></span> <span class='ocrx_word' id='word_1_395' title='bbox 2462 3172 2525 3227; x_wconf 84' lang='lat' dir='ltr'><strong>de</strong></span> <span class='ocrx_word' id='word_1_396' title='bbox 2552 3171 2723 3236; x_wconf 81' lang='lat' dir='ltr'><strong>oliuis,</strong></span> <span class='ocrx_word' id='word_1_397' title='bbox 2751 3182 2799 3226; x_wconf 80' lang='lat' dir='ltr'><strong>et</strong></span> <span class='ocrx_word' id='word_1_398' title='bbox 2833 3173 2920 3243; x_wconf 76' lang='lat' dir='ltr'><strong>[ac</strong></span> <span class='ocrx_word' id='word_1_399' title='bbox 2951 3175 3123 3231; x_wconf 80' lang='lat' dir='ltr'><strong>oleum</strong></span> <span class='ocrx_word' id='word_1_400' title='bbox 3155 3195 3220 3234; x_wconf 70' lang='lat' dir='ltr'><strong>ea;</strong></span> <span class='ocrx_word' id='word_1_401' title='bbox 3247 3197 3306 3235; x_wconf 89' lang='lat' dir='ltr'><strong>eo</strong></span> <span class='ocrx_word' id='word_1_402' title='bbox 3324 3181 3390 3234; x_wconf 82' lang='grc'><strong>³³.</strong></span> <span class='ocrx_word' id='word_1_403' title='bbox 3424 3181 3635 3254; x_wconf 72' lang='lat' dir='ltr'><strong>Unguli-</strong></span> 
     </span>
    </p>
   </div>
   <div class='ocr_carea' id='block_1_61' title="bbox 383 3265 3652 3347">
    <p class='ocr_par' dir='ltr' id='par_1_61' title="bbox 383 3265 3652 3347">
     <span class='ocr_line' id='line_1_61' title="bbox 383 3265 3652 3347; baseline 0.006 -23"><span class='ocrx_word' id='word_1_404' title='bbox 383 3271 624 3337; x_wconf 72' lang='grc' dir='ltr'><strong>ἐλαιῶν,</strong></span> <span class='ocrx_word' id='word_1_405' title='bbox 657 3273 758 3326; x_wconf 79' lang='grc' dir='ltr'><strong>καὶ</strong></span> <span class='ocrx_word' id='word_1_406' title='bbox 811 3274 1062 3340; x_wconf 84' lang='grc' dir='ltr'><strong>ποίησαι</strong></span> <span class='ocrx_word' id='word_1_407' title='bbox 1120 3275 1331 3330; x_wconf 70' lang='grc' dir='ltr'><strong>ἔλαιον</strong></span> <span class='ocrx_word' id='word_1_408' title='bbox 1354 3275 1428 3340; x_wconf 80' lang='grc' dir='ltr'><strong>ἐξ</strong></span> <span class='ocrx_word' id='word_1_409' title='bbox 1471 3277 1681 3331; x_wconf 83' lang='grc' dir='ltr'><strong>αὐτοῦ.</strong></span> <span class='ocrx_word' id='word_1_410' title='bbox 1711 3277 1973 3347; x_wconf 81' lang='grc' dir='ltr'><strong>Χρίονται</strong></span> <span class='ocrx_word' id='word_1_411' title='bbox 2005 3265 2039 3272; x_wconf 52' lang='grc'>⁷</span> <span class='ocrx_word' id='word_1_412' title='bbox 2078 3274 2164 3319; x_wconf 79' lang='grc' dir='ltr'><strong>ιω·</strong></span> <span class='ocrx_word' id='word_1_413' title='bbox 2187 3265 2330 3320; x_wconf 64' lang='lat' dir='ltr'><strong>cui!“</strong></span> <span class='ocrx_word' id='word_1_414' title='bbox 2360 3265 2691 3330; x_wconf 66' lang='grc' dir='ltr'><strong>εδθθτάοιθεν</strong></span> <span class='ocrx_word' id='word_1_415' title='bbox 2717 3274 2772 3319; x_wconf 69' lang='lat'><strong>0&#39;-</strong></span> <span class='ocrx_word' id='word_1_416' title='bbox 2801 3279 2980 3334; x_wconf 71' lang='grc' dir='ltr'><strong>τεεθε,</strong></span> <span class='ocrx_word' id='word_1_417' title='bbox 3005 3278 3058 3323; x_wconf 60' lang='lat' dir='ltr'><strong>ei</strong></span> <span class='ocrx_word' id='word_1_418' title='bbox 3085 3271 3360 3341; x_wconf 64' lang='grc' dir='ltr'><strong>Ρτοριιειεὲ</strong></span> <span class='ocrx_word' id='word_1_419' title='bbox 3386 3291 3400 3328; x_wconf 75' lang='grc'>³</span> <span class='ocrx_word' id='word_1_420' title='bbox 3428 3280 3568 3344; x_wconf 63' lang='lat' dir='ltr'><strong>quo“</strong></span> <span class='ocrx_word' id='word_1_421' title='bbox 3595 3288 3652 3330; x_wconf 67' lang='grc' dir='ltr'><strong>υι</strong></span> 
     </span>
    </p>
   </div>
   <div class='ocr_carea' id='block_1_62' title="bbox 384 3365 1975 3440">
    <p class='ocr_par' dir='ltr' id='par_1_62' title="bbox 384 3365 1975 3440">
     <span class='ocr_line' id='line_1_62' title="bbox 384 3365 1975 3440; baseline 0.003 -23"><span class='ocrx_word' id='word_1_422' title='bbox 384 3365 495 3436; x_wconf 85' lang='grc' dir='ltr'><strong>γὰρ</strong></span> <span class='ocrx_word' id='word_1_423' title='bbox 528 3367 714 3436; x_wconf 81' lang='grc' dir='ltr'><strong>ἱερεῖς,</strong></span> <span class='ocrx_word' id='word_1_424' title='bbox 742 3366 835 3419; x_wconf 79' lang='grc' dir='ltr'><strong>καὶ</strong></span> <span class='ocrx_word' id='word_1_425' title='bbox 864 3365 1124 3437; x_wconf 77' lang='grc' dir='ltr'><strong>βασιλεῖς,</strong></span> <span class='ocrx_word' id='word_1_426' title='bbox 1162 3369 1256 3422; x_wconf 85' lang='grc' dir='ltr'><strong>καὶ</strong></span> <span class='ocrx_word' id='word_1_427' title='bbox 1309 3369 1588 3440; x_wconf 78' lang='grc' dir='ltr'><strong>προφῆται</strong></span> <span class='ocrx_word' id='word_1_428' title='bbox 1625 3384 1637 3400; x_wconf 83' lang='grc'><em>’</em></span> <span class='ocrx_word' id='word_1_429' title='bbox 1683 3369 1820 3439; x_wconf 85' lang='grc' dir='ltr'><strong>ὅπερ</strong></span> <span class='ocrx_word' id='word_1_430' title='bbox 1881 3369 1975 3422; x_wconf 78' lang='grc' dir='ltr'><strong>καὶ</strong></span> 
     </span>
    </p>
   </div>
   <div class='ocr_carea' id='block_1_63' title="bbox 387 3457 1975 3532">
    <p class='ocr_par' dir='ltr' id='par_1_63' title="bbox 387 3457 1975 3532">
     <span class='ocr_line' id='line_1_63' title="bbox 387 3457 1975 3532; baseline 0.003 -23"><span class='ocrx_word' id='word_1_431' title='bbox 387 3459 482 3510; x_wconf 77' lang='grc' dir='ltr'><strong>ἐπὶ</strong></span> <span class='ocrx_word' id='word_1_432' title='bbox 511 3457 608 3510; x_wconf 87' lang='grc' dir='ltr'><strong>τοῦ</strong></span> <span class='ocrx_word' id='word_1_433' title='bbox 642 3458 764 3511; x_wconf 75' lang='grc' dir='ltr'><strong>Νῶε</strong></span> <span class='ocrx_word' id='word_1_434' title='bbox 793 3457 986 3530; x_wconf 81' lang='grc' dir='ltr'><strong>πρώην</strong></span> <span class='ocrx_word' id='word_1_435' title='bbox 1030 3463 1096 3530; x_wconf 81' lang='grc' dir='ltr'><strong>τῇ</strong></span> <span class='ocrx_word' id='word_1_436' title='bbox 1160 3460 1456 3532; x_wconf 70' lang='grc' dir='ltr'><strong>συνεργεία</strong></span> <span class='ocrx_word' id='word_1_437' title='bbox 1505 3459 1600 3512; x_wconf 85' lang='grc' dir='ltr'><strong>τοῦ</strong></span> <span class='ocrx_word' id='word_1_438' title='bbox 1654 3459 1975 3529; x_wconf 85' lang='grc' dir='ltr'><strong>Πνεύματος</strong></span> 
     </span>
    </p>
   </div>
   <div class='ocr_carea' id='block_1_64' title="bbox 385 3547 1976 3622">
    <p class='ocr_par' dir='ltr' id='par_1_64' title="bbox 385 3547 1976 3622">
     <span class='ocr_line' id='line_1_64' title="bbox 385 3547 1976 3622; baseline 0.003 -23"><span class='ocrx_word' id='word_1_439' title='bbox 385 3547 552 3613; x_wconf 71' lang='grc' dir='ltr'>ἔδειξε</span> <span class='ocrx_word' id='word_1_440' title='bbox 583 3551 883 3622; x_wconf 78' lang='grc' dir='ltr'><strong>περιστερὰ</strong></span> <span class='ocrx_word' id='word_1_441' title='bbox 910 3550 1110 3621; x_wconf 75' lang='grc' dir='ltr'><strong>ἔχουσα</strong></span> <span class='ocrx_word' id='word_1_442' title='bbox 1145 3550 1350 3620; x_wconf 79' lang='grc' dir='ltr'><strong>κάρφος</strong></span> <span class='ocrx_word' id='word_1_443' title='bbox 1375 3550 1561 3614; x_wconf 84' lang='grc' dir='ltr'><strong>ὲλαιας</strong></span> <span class='ocrx_word' id='word_1_444' title='bbox 1606 3552 1664 3604; x_wconf 81' lang='grc' dir='ltr'><strong>ὲν</strong></span> <span class='ocrx_word' id='word_1_445' title='bbox 1720 3551 1799 3622; x_wconf 85' lang='grc' dir='ltr'><strong>τῷ</strong></span> <span class='ocrx_word' id='word_1_446' title='bbox 1855 3553 1976 3604; x_wconf 83' lang='grc' dir='ltr'><strong>στό-</strong></span> 
     </span>
    </p>
   </div>
   <div class='ocr_carea' id='block_1_65' title="bbox 389 3642 1973 3715">
    <p class='ocr_par' dir='ltr' id='par_1_65' title="bbox 389 3642 1973 3715">
     <span class='ocr_line' id='line_1_65' title="bbox 389 3642 1973 3715; baseline 0.004 -24"><span class='ocrx_word' id='word_1_447' title='bbox 389 3656 520 3708; x_wconf 85' lang='grc' dir='ltr'><strong>ματι</strong></span> <span class='ocrx_word' id='word_1_448' title='bbox 542 3642 736 3712; x_wconf 77' lang='grc' dir='ltr'><strong>αὐτῆς,</strong></span> <span class='ocrx_word' id='word_1_449' title='bbox 779 3645 1042 3712; x_wconf 83' lang='grc' dir='ltr'><strong>σημαῖνον</strong></span> <span class='ocrx_word' id='word_1_450' title='bbox 1075 3643 1152 3714; x_wconf 83' lang='grc' dir='ltr'><strong>τῷ</strong></span> <span class='ocrx_word' id='word_1_451' title='bbox 1189 3643 1314 3697; x_wconf 83' lang='grc' dir='ltr'><strong>Νῶε</strong></span> <span class='ocrx_word' id='word_1_452' title='bbox 1343 3644 1444 3715; x_wconf 88' lang='grc' dir='ltr'><strong>τὴν</strong></span> <span class='ocrx_word' id='word_1_453' title='bbox 1485 3643 1582 3696; x_wconf 88' lang='grc' dir='ltr'><strong>τοῦ</strong></span> <span class='ocrx_word' id='word_1_454' title='bbox 1607 3643 1743 3696; x_wconf 87' lang='grc' dir='ltr'><strong>Θεοῦ</strong></span> <span class='ocrx_word' id='word_1_455' title='bbox 1771 3643 1973 3715; x_wconf 76' lang='grc' dir='ltr'><strong>πολλὴν</strong></span> 
     </span>
    </p>
   </div>
   <div class='ocr_carea' id='block_1_66' title="bbox 387 3734 1969 3805">
    <p class='ocr_par' dir='ltr' id='par_1_66' title="bbox 387 3734 1969 3805">
     <span class='ocr_line' id='line_1_66' title="bbox 387 3734 1969 3805; baseline 0.003 -20"><span class='ocrx_word' id='word_1_456' title='bbox 387 3734 759 3804; x_wconf 76' lang='grc' dir='ltr'><strong>χρηστότητα.</strong></span> <span class='ocrx_word' id='word_1_457' title='bbox 787 3734 1010 3788; x_wconf 69' lang='grc' dir='ltr'><strong>Ἐλάιον</strong></span> <span class='ocrx_word' id='word_1_458' title='bbox 1045 3734 1146 3805; x_wconf 82' lang='grc' dir='ltr'><strong>μὲν</strong></span> <span class='ocrx_word' id='word_1_459' title='bbox 1178 3734 1284 3787; x_wconf 87' lang='grc' dir='ltr'><strong>ἀπὸ</strong></span> <span class='ocrx_word' id='word_1_460' title='bbox 1307 3735 1509 3798; x_wconf 74' lang='grc' dir='ltr'><strong>παντὸς</strong></span> <span class='ocrx_word' id='word_1_461' title='bbox 1539 3735 1712 3798; x_wconf 81' lang='grc' dir='ltr'><strong>εἴδους</strong></span> <span class='ocrx_word' id='word_1_462' title='bbox 1737 3736 1969 3804; x_wconf 78' lang='grc' dir='ltr'><strong>γίνεται.</strong></span> 
     </span>
    </p>
   </div>
   <div class='ocr_carea' id='block_1_67' title="bbox 401 3826 1975 3898">
    <p class='ocr_par' dir='ltr' id='par_1_67' title="bbox 401 3826 1975 3898">
     <span class='ocr_line' id='line_1_67' title="bbox 401 3826 1975 3898; baseline 0.003 -21"><span class='ocrx_word' id='word_1_463' title='bbox 401 3826 563 3879; x_wconf 81' lang='grc' dir='ltr'><strong>Ἀλλὰ</strong></span> <span class='ocrx_word' id='word_1_464' title='bbox 590 3827 650 3879; x_wconf 74' lang='grc' dir='ltr'><strong>τὸ</strong></span> <span class='ocrx_word' id='word_1_465' title='bbox 677 3828 856 3880; x_wconf 77' lang='grc' dir='ltr'><strong>ἔλαιον</strong></span> <span class='ocrx_word' id='word_1_466' title='bbox 882 3827 986 3894; x_wconf 83' lang='grc' dir='ltr'><strong>τῆς</strong></span> <span class='ocrx_word' id='word_1_467' title='bbox 1016 3826 1252 3896; x_wconf 80' lang='grc' dir='ltr'><strong>χρίσεως</strong></span> <span class='ocrx_word' id='word_1_468' title='bbox 1285 3826 1444 3880; x_wconf 88' lang='grc' dir='ltr'><strong>τοῦτό</strong></span> <span class='ocrx_word' id='word_1_469' title='bbox 1467 3829 1636 3891; x_wconf 77' lang='grc' dir='ltr'><strong>ἐστιν,</strong></span> <span class='ocrx_word' id='word_1_470' title='bbox 1685 3827 1822 3898; x_wconf 84' lang='grc' dir='ltr'><strong>ὅπερ</strong></span> <span class='ocrx_word' id='word_1_471' title='bbox 1845 3829 1975 3882; x_wconf 75' lang='grc' dir='ltr'><strong>ἑδω-</strong></span> 
     </span>
    </p>
   </div>
   <div class='ocr_carea' id='block_1_68' title="bbox 387 3919 1972 3991">
    <p class='ocr_par' dir='ltr' id='par_1_68' title="bbox 387 3919 1972 3991">
     <span class='ocr_line' id='line_1_68' title="bbox 387 3919 1972 3991; baseline 0.001 -19"><span class='ocrx_word' id='word_1_472' title='bbox 387 3936 484 3972; x_wconf 86' lang='grc' dir='ltr'><strong>κεν</strong></span> <span class='ocrx_word' id='word_1_473' title='bbox 523 3920 588 3972; x_wconf 83' lang='grc' dir='ltr'><strong>ἐκ</strong></span> <span class='ocrx_word' id='word_1_474' title='bbox 613 3919 707 3973; x_wconf 85' lang='grc' dir='ltr'><strong>τοῦ</strong></span> <span class='ocrx_word' id='word_1_475' title='bbox 734 3920 894 3987; x_wconf 79' lang='grc' dir='ltr'><strong>ἁγίου</strong></span> <span class='ocrx_word' id='word_1_476' title='bbox 921 3921 1264 3988; x_wconf 77' lang='grc' dir='ltr'><strong>Πνεῦματος.</strong></span> <span class='ocrx_word' id='word_1_477' title='bbox 1293 3921 1456 3974; x_wconf 71' lang='grc' dir='ltr'><strong>Αὐτοὶ</strong></span> <span class='ocrx_word' id='word_1_478' title='bbox 1486 3921 1542 3973; x_wconf 82' lang='grc' dir='ltr'><strong>δὲ</strong></span> <span class='ocrx_word' id='word_1_479' title='bbox 1568 3921 1972 3991; x_wconf 76' lang='grc' dir='ltr'><strong>ἐναντιούμενοι</strong></span> 
     </span>
    </p>
   </div>
   <div class='ocr_carea' id='block_1_69' title="bbox 387 4010 1970 4084">
    <p class='ocr_par' dir='ltr' id='par_1_69' title="bbox 387 4010 1970 4084">
     <span class='ocr_line' id='line_1_69' title="bbox 387 4010 1970 4084; baseline 0.001 -22"><span class='ocrx_word' id='word_1_480' title='bbox 387 4010 468 4081; x_wconf 83' lang='grc' dir='ltr'><strong>τῷ</strong></span> <span class='ocrx_word' id='word_1_481' title='bbox 516 4011 687 4081; x_wconf 81' lang='grc' dir='ltr'><strong>νόμῳ,</strong></span> <span class='ocrx_word' id='word_1_482' title='bbox 760 4013 858 4065; x_wconf 73' lang='grc' dir='ltr'><strong>καὶ</strong></span> <span class='ocrx_word' id='word_1_483' title='bbox 920 4012 1252 4084; x_wconf 78' lang='grc' dir='ltr'><strong>θεσμοθεσία</strong></span> <span class='ocrx_word' id='word_1_484' title='bbox 1304 4011 1413 4066; x_wconf 81' lang='grc' dir='ltr'><strong>τῶν</strong></span> <span class='ocrx_word' id='word_1_485' title='bbox 1463 4011 1635 4080; x_wconf 82' lang='grc' dir='ltr'><strong>ἁγίων</strong></span> <span class='ocrx_word' id='word_1_486' title='bbox 1690 4012 1970 4081; x_wconf 83' lang='grc' dir='ltr'><strong>Πατέρων,</strong></span> 
     </span>
    </p>
   </div>
   <div class='ocr_carea' id='block_1_70' title="bbox 390 4101 1968 4175">
    <p class='ocr_par' dir='ltr' id='par_1_70' title="bbox 390 4101 1968 4175">
     <span class='ocr_line' id='line_1_70' title="bbox 390 4101 1968 4175; baseline 0.001 -20"><span class='ocrx_word' id='word_1_487' title='bbox 390 4101 642 4156; x_wconf 83' lang='grc' dir='ltr'><strong>ποιοῦσιν</strong></span> <span class='ocrx_word' id='word_1_488' title='bbox 670 4102 853 4155; x_wconf 76' lang='grc' dir='ltr'><strong>ἔλαιον</strong></span> <span class='ocrx_word' id='word_1_489' title='bbox 882 4106 1194 4174; x_wconf 84' lang='grc' dir='ltr'><strong>σισάμινον,</strong></span> <span class='ocrx_word' id='word_1_490' title='bbox 1223 4106 1318 4157; x_wconf 78' lang='grc' dir='ltr'><strong>καὶ</strong></span> <span class='ocrx_word' id='word_1_491' title='bbox 1350 4103 1596 4175; x_wconf 84' lang='grc' dir='ltr'><strong>χρίονται</strong></span> <span class='ocrx_word' id='word_1_492' title='bbox 1612 4104 1736 4158; x_wconf 77' lang='grc' dir='ltr'><strong>ἀντὶ</strong></span> <span class='ocrx_word' id='word_1_493' title='bbox 1773 4103 1968 4174; x_wconf 87' lang='grc' dir='ltr'><strong>μύρου,</strong></span> 
     </span>
    </p>
   </div>
   <div class='ocr_carea' id='block_1_71' title="bbox 391 4191 1154 4264">
    <p class='ocr_par' dir='ltr' id='par_1_71' title="bbox 391 4191 1154 4264">
     <span class='ocr_line' id='line_1_71' title="bbox 391 4191 1154 4264; baseline 0 -18"><span class='ocrx_word' id='word_1_494' title='bbox 391 4193 486 4246; x_wconf 72' lang='grc' dir='ltr'><strong>καὶ</strong></span> <span class='ocrx_word' id='word_1_495' title='bbox 509 4193 649 4264; x_wconf 76' lang='grc' dir='ltr'><strong>βαρὺ</strong></span> <span class='ocrx_word' id='word_1_496' title='bbox 689 4191 965 4247; x_wconf 81' lang='grc' dir='ltr'><strong>πωλοῦσιν</strong></span> <span class='ocrx_word' id='word_1_497' title='bbox 997 4195 1154 4247; x_wconf 84' lang='grc' dir='ltr'><strong>αὑτό.</strong></span> 
     </span>
    </p>
   </div>
   <div class='ocr_carea' id='block_1_72' title="bbox 997 4286 1370 4353">
    <p class='ocr_par' dir='ltr' id='par_1_72' title="bbox 997 4286 1370 4353">
     <span class='ocr_line' id='line_1_72' title="bbox 997 4286 1370 4353; baseline 0.005 -15"><span class='ocrx_word' id='word_1_498' title='bbox 997 4286 1240 4353; x_wconf 79' lang='grc' dir='ltr'><strong>Αἵρεσις</strong></span> <span class='ocrx_word' id='word_1_499' title='bbox 1273 4291 1370 4350; x_wconf 83' lang='grc' dir='ltr'><strong>ις’.</strong></span> 
     </span>
    </p>
   </div>
   <div class='ocr_carea' id='block_1_73' title="bbox 463 4375 1970 4448">
    <p class='ocr_par' dir='ltr' id='par_1_73' title="bbox 463 4375 1970 4448">
     <span class='ocr_line' id='line_1_73' title="bbox 463 4375 1970 4448; baseline 0.001 -17"><span class='ocrx_word' id='word_1_500' title='bbox 463 4375 549 4434; x_wconf 69' lang='grc' dir='ltr'><strong>κ’.</strong></span> <span class='ocrx_word' id='word_1_501' title='bbox 579 4378 702 4432; x_wconf 77' lang='grc' dir='ltr'><strong>Ὀτι</strong></span> <span class='ocrx_word' id='word_1_502' title='bbox 734 4379 814 4442; x_wconf 72' lang='grc' dir='ltr'><strong>εἰς</strong></span> <span class='ocrx_word' id='word_1_503' title='bbox 851 4377 912 4430; x_wconf 82' lang='grc' dir='ltr'><strong>τὸ</strong></span> <span class='ocrx_word' id='word_1_504' title='bbox 935 4376 1222 4448; x_wconf 78' lang='grc' dir='ltr'><strong>βάπτισμα</strong></span> <span class='ocrx_word' id='word_1_505' title='bbox 1258 4387 1319 4428; x_wconf 81' lang='grc' dir='ltr'><strong>ου</strong></span> <span class='ocrx_word' id='word_1_506' title='bbox 1345 4377 1593 4447; x_wconf 75' lang='grc' dir='ltr'><strong>χρίουσιν</strong></span> <span class='ocrx_word' id='word_1_507' title='bbox 1616 4378 1796 4434; x_wconf 78' lang='grc' dir='ltr'><strong>ἔλαιον</strong></span> <span class='ocrx_word' id='word_1_508' title='bbox 1843 4380 1970 4443; x_wconf 72' lang='grc' dir='ltr'><strong>τοὺς</strong></span> 
     </span>
    </p>
   </div>
   <div class='ocr_carea' id='block_1_74' title="bbox 2075 3354 3669 3426">
    <p class='ocr_par' dir='ltr' id='par_1_74' title="bbox 2075 3354 3669 3426">
     <span class='ocr_line' id='line_1_74' title="bbox 2075 3354 3669 3426; baseline 0.006 -14"><span class='ocrx_word' id='word_1_509' title='bbox 2075 3357 2201 3412; x_wconf 88' lang='lat' dir='ltr'><strong>olim</strong></span> <span class='ocrx_word' id='word_1_510' title='bbox 2231 3357 2563 3426; x_wconf 88' lang='lat' dir='ltr'><strong>temporibus</strong></span> <span class='ocrx_word' id='word_1_511' title='bbox 2586 3355 2698 3411; x_wconf 82' lang='lat' dir='ltr'><strong>Noe</strong></span> <span class='ocrx_word' id='word_1_512' title='bbox 2725 3354 2960 3426; x_wconf 85' lang='lat' dir='ltr'><strong>Spiritus</strong></span> <span class='ocrx_word' id='word_1_513' title='bbox 2988 3361 3159 3416; x_wconf 85' lang='lat' dir='ltr'><strong>sancti</strong></span> <span class='ocrx_word' id='word_1_514' title='bbox 3186 3364 3385 3418; x_wconf 81' lang='lat' dir='ltr'><strong>auxilio</strong></span> <span class='ocrx_word' id='word_1_515' title='bbox 3411 3370 3669 3422; x_wconf 84' lang='lat' dir='ltr'><strong>ostendit.</strong></span> 
     </span>
    </p>
   </div>
   <div class='ocr_carea' id='block_1_75' title="bbox 2076 3446 3650 3526">
    <p class='ocr_par' dir='ltr' id='par_1_75' title="bbox 2076 3446 3650 3526">
     <span class='ocr_line' id='line_1_75' title="bbox 2076 3446 3650 3526; baseline 0.007 -24"><span class='ocrx_word' id='word_1_516' title='bbox 2076 3446 2350 3510; x_wconf 81' lang='lat' dir='ltr'><strong>columba,</strong></span> <span class='ocrx_word' id='word_1_517' title='bbox 2380 3446 2589 3502; x_wconf 86' lang='lat' dir='ltr'><strong>habens</strong></span> <span class='ocrx_word' id='word_1_518' title='bbox 2617 3447 2671 3500; x_wconf 90' lang='lat' dir='ltr'><strong>in</strong></span> <span class='ocrx_word' id='word_1_519' title='bbox 2699 3461 2796 3502; x_wconf 89' lang='lat' dir='ltr'><strong>ore</strong></span> <span class='ocrx_word' id='word_1_520' title='bbox 2825 3462 2924 3504; x_wconf 88' lang='lat' dir='ltr'><strong>suo</strong></span> <span class='ocrx_word' id='word_1_521' title='bbox 2953 3464 3166 3505; x_wconf 86' lang='lat' dir='ltr'><strong>ramum</strong></span> <span class='ocrx_word' id='word_1_522' title='bbox 3195 3451 3372 3519; x_wconf 61' lang='lat' dir='ltr'><strong>olivas,</strong></span> <span class='ocrx_word' id='word_1_523' title='bbox 3399 3470 3507 3526; x_wconf 87' lang='lat' dir='ltr'><strong>quo</strong></span> <span class='ocrx_word' id='word_1_524' title='bbox 3536 3457 3650 3514; x_wconf 86' lang='lat' dir='ltr'><strong>Noe</strong></span> 
     </span>
    </p>
   </div>
   <div class='ocr_carea' id='block_1_76' title="bbox 2075 3536 3648 3609">
    <p class='ocr_par' dir='ltr' id='par_1_76' title="bbox 2075 3536 3648 3609">
     <span class='ocr_line' id='line_1_76' title="bbox 2075 3536 3648 3609; baseline 0.008 -19"><span class='ocrx_word' id='word_1_525' title='bbox 2075 3537 2321 3608; x_wconf 83' lang='lat' dir='ltr'><strong>symbolo</strong></span> <span class='ocrx_word' id='word_1_526' title='bbox 2359 3539 2528 3592; x_wconf 88' lang='lat' dir='ltr'><strong>multa</strong></span> <span class='ocrx_word' id='word_1_527' title='bbox 2565 3536 2662 3592; x_wconf 87' lang='lat' dir='ltr'><strong>Dei</strong></span> <span class='ocrx_word' id='word_1_528' title='bbox 2697 3537 3000 3609; x_wconf 70' lang='lat' dir='ltr'><strong>benignitas</strong></span> <span class='ocrx_word' id='word_1_529' title='bbox 3023 3557 3088 3596; x_wconf 88' lang='lat' dir='ltr'><strong>ac</strong></span> <span class='ocrx_word' id='word_1_530' title='bbox 3129 3542 3410 3600; x_wconf 86' lang='lat' dir='ltr'><strong>clementia</strong></span> <span class='ocrx_word' id='word_1_531' title='bbox 3437 3548 3648 3604; x_wconf 86' lang='lat' dir='ltr'><strong>innote-</strong></span> 
     </span>
    </p>
   </div>
   <div class='ocr_carea' id='block_1_77' title="bbox 2073 3627 3646 3705">
    <p class='ocr_par' dir='ltr' id='par_1_77' title="bbox 2073 3627 3646 3705">
     <span class='ocr_line' id='line_1_77' title="bbox 2073 3627 3646 3705; baseline 0.005 -22"><span class='ocrx_word' id='word_1_532' title='bbox 2073 3638 2269 3683; x_wconf 78' lang='lat' dir='ltr'><strong>sceret.</strong></span> <span class='ocrx_word' id='word_1_533' title='bbox 2302 3627 2567 3697; x_wconf 83' lang='lat' dir='ltr'><strong>Equidem</strong></span> <span class='ocrx_word' id='word_1_534' title='bbox 2612 3627 2902 3681; x_wconf 75' lang='lat' dir='ltr'><strong>coniicitur</strong></span> <span class='ocrx_word' id='word_1_535' title='bbox 2933 3631 3112 3684; x_wconf 82' lang='lat' dir='ltr'><strong>oleum</strong></span> <span class='ocrx_word' id='word_1_536' title='bbox 3151 3647 3214 3685; x_wconf 79' lang='lat' dir='ltr'><strong>ex</strong></span> <span class='ocrx_word' id='word_1_537' title='bbox 3251 3636 3397 3687; x_wconf 82' lang='lat' dir='ltr'><strong>muni</strong></span> <span class='ocrx_word' id='word_1_538' title='bbox 3432 3639 3646 3705; x_wconf 84' lang='lat' dir='ltr'><strong>specie;</strong></span> 
     </span>
    </p>
   </div>
   <div class='ocr_carea' id='block_1_78' title="bbox 2073 3717 3646 3795">
    <p class='ocr_par' dir='ltr' id='par_1_78' title="bbox 2073 3717 3646 3795">
     <span class='ocr_line' id='line_1_78' title="bbox 2073 3717 3646 3795; baseline 0.004 -20"><span class='ocrx_word' id='word_1_539' title='bbox 2073 3721 2254 3775; x_wconf 73' lang='lat' dir='ltr'><strong>oleum</strong></span> <span class='ocrx_word' id='word_1_540' title='bbox 2291 3729 2469 3773; x_wconf 88' lang='lat' dir='ltr'><strong>tamen</strong></span> <span class='ocrx_word' id='word_1_541' title='bbox 2507 3717 2796 3782; x_wconf 87' lang='lat' dir='ltr'><strong>unctionis,</strong></span> <span class='ocrx_word' id='word_1_542' title='bbox 2828 3719 2973 3788; x_wconf 77' lang='lat' dir='ltr'><strong>istud</strong></span> <span class='ocrx_word' id='word_1_543' title='bbox 3011 3730 3116 3787; x_wconf 89' lang='lat' dir='ltr'><strong>est,</strong></span> <span class='ocrx_word' id='word_1_544' title='bbox 3145 3726 3288 3793; x_wconf 88' lang='lat' dir='ltr'><strong>quod</strong></span> <span class='ocrx_word' id='word_1_545' title='bbox 3329 3740 3392 3780; x_wconf 77' lang='lat' dir='ltr'><strong>ex</strong></span> <span class='ocrx_word' id='word_1_546' title='bbox 3442 3727 3646 3795; x_wconf 78' lang='lat' dir='ltr'><strong>Spiiitu</strong></span> 
     </span>
    </p>
   </div>
   <div class='ocr_carea' id='block_1_79' title="bbox 2074 3809 3649 3888">
    <p class='ocr_par' dir='ltr' id='par_1_79' title="bbox 2074 3809 3649 3888">
     <span class='ocr_line' id='line_1_79' title="bbox 2074 3809 3649 3888; baseline 0.006 -23"><span class='ocrx_word' id='word_1_547' title='bbox 2074 3819 2266 3867; x_wconf 87' lang='lat' dir='ltr'><strong>sancto</strong></span> <span class='ocrx_word' id='word_1_548' title='bbox 2317 3809 2576 3863; x_wconf 84' lang='lat' dir='ltr'><strong>traditum</strong></span> <span class='ocrx_word' id='word_1_549' title='bbox 2629 3817 2732 3863; x_wconf 88' lang='lat' dir='ltr'><strong>est.</strong></span> <span class='ocrx_word' id='word_1_550' title='bbox 2768 3810 2840 3864; x_wconf 85' lang='lat' dir='ltr'><strong>At</strong></span> <span class='ocrx_word' id='word_1_551' title='bbox 2891 3810 2996 3877; x_wconf 89' lang='lat' dir='ltr'><strong>illi,</strong></span> <span class='ocrx_word' id='word_1_552' title='bbox 3031 3812 3384 3870; x_wconf 83' lang='lat' dir='ltr'><strong>adversantes</strong></span> <span class='ocrx_word' id='word_1_553' title='bbox 3435 3817 3535 3888; x_wconf 77' lang='lat' dir='ltr'><strong>legi</strong></span> <span class='ocrx_word' id='word_1_554' title='bbox 3585 3836 3649 3874; x_wconf 70' lang='lat' dir='ltr'><strong>at:</strong></span> 
     </span>
    </p>
   </div>
   <div class='ocr_carea' id='block_1_80' title="bbox 2073 3897 3650 3968">
    <p class='ocr_par' dir='ltr' id='par_1_80' title="bbox 2073 3897 3650 3968">
     <span class='ocr_line' id='line_1_80' title="bbox 2073 3897 3650 3968; baseline 0.005 -11"><span class='ocrx_word' id='word_1_555' title='bbox 2073 3901 2341 3957; x_wconf 78' lang='lat' dir='ltr'><strong>Sanctioni</strong></span> <span class='ocrx_word' id='word_1_556' title='bbox 2400 3907 2714 3955; x_wconf 87' lang='lat' dir='ltr'><strong>sanctorum</strong></span> <span class='ocrx_word' id='word_1_557' title='bbox 2774 3897 3031 3962; x_wconf 84' lang='lat' dir='ltr'><strong>Patrum,</strong></span> <span class='ocrx_word' id='word_1_558' title='bbox 3077 3902 3254 3958; x_wconf 86' lang='lat' dir='ltr'><strong>olequ</strong></span> <span class='ocrx_word' id='word_1_559' title='bbox 3311 3921 3379 3962; x_wconf 77' lang='lat' dir='ltr'><strong>ex</strong></span> <span class='ocrx_word' id='word_1_560' title='bbox 3437 3923 3650 3968; x_wconf 84' lang='lat' dir='ltr'><strong>sesamo</strong></span> 
     </span>
    </p>
   </div>
   <div class='ocr_carea' id='block_1_81' title="bbox 2074 3991 3648 4071">
    <p class='ocr_par' dir='ltr' id='par_1_81' title="bbox 2074 3991 3648 4071">
     <span class='ocr_line' id='line_1_81' title="bbox 2074 3991 3648 4071; baseline 0.005 -23"><span class='ocrx_word' id='word_1_561' title='bbox 2074 3992 2386 4056; x_wconf 76' lang='lat' dir='ltr'><strong>conﬁciunt,</strong></span> <span class='ocrx_word' id='word_1_562' title='bbox 2411 4005 2586 4061; x_wconf 87' lang='lat' dir='ltr'><strong>eoque</strong></span> <span class='ocrx_word' id='word_1_563' title='bbox 2623 4002 2898 4059; x_wconf 71' lang='lat' dir='ltr'><strong>unguntur</strong></span> <span class='ocrx_word' id='word_1_564' title='bbox 2933 3991 3052 4048; x_wconf 88' lang='lat' dir='ltr'><strong>loco</strong></span> <span class='ocrx_word' id='word_1_565' title='bbox 3088 3999 3368 4065; x_wconf 72' lang='lat' dir='ltr'><strong>unguenti,</strong></span> <span class='ocrx_word' id='word_1_566' title='bbox 3401 4014 3466 4054; x_wconf 90' lang='lat' dir='ltr'><strong>ac</strong></span> <span class='ocrx_word' id='word_1_567' title='bbox 3497 4004 3648 4071; x_wconf 77' lang='lat' dir='ltr'><strong>gravi</strong></span> 
     </span>
    </p>
   </div>
   <div class='ocr_carea' id='block_1_82' title="bbox 2072 4087 2461 4143">
    <p class='ocr_par' dir='ltr' id='par_1_82' title="bbox 2072 4087 2461 4143">
     <span class='ocr_line' id='line_1_82' title="bbox 2072 4087 2461 4143; baseline -0.003 -1"><span class='ocrx_word' id='word_1_568' title='bbox 2072 4103 2177 4143; x_wconf 66' lang='lat' dir='ltr'><strong>aue</strong></span> <span class='ocrx_word' id='word_1_569' title='bbox 2205 4087 2461 4141; x_wconf 82' lang='lat' dir='ltr'><strong>vendunt.</strong></span> 
     </span>
    </p>
   </div>
   <div class='ocr_carea' id='block_1_83' title="bbox 2697 4281 3050 4336">
    <p class='ocr_par' dir='ltr' id='par_1_83' title="bbox 2697 4281 3050 4336">
     <span class='ocr_line' id='line_1_83' title="bbox 2697 4281 3050 4336; baseline 0.003 -1"><span class='ocrx_word' id='word_1_570' title='bbox 2697 4281 2926 4336; x_wconf 78' lang='lat' dir='ltr'><strong>eresis</strong></span> <span class='ocrx_word' id='word_1_571' title='bbox 2964 4281 3050 4336; x_wconf 80' lang='lat' dir='ltr'><strong>Ili.</strong></span> 
     </span>
    </p>
   </div>
   <div class='ocr_carea' id='block_1_84' title="bbox 2143 4372 3650 4452">
    <p class='ocr_par' dir='ltr' id='par_1_84' title="bbox 2143 4372 3650 4452">
     <span class='ocr_line' id='line_1_84' title="bbox 2143 4372 3650 4452; baseline 0.007 -25"><span class='ocrx_word' id='word_1_572' title='bbox 2143 4372 2262 4428; x_wconf 79' lang='lat' dir='ltr'><strong>XX.</strong></span> <span class='ocrx_word' id='word_1_573' title='bbox 2298 4373 2354 4426; x_wconf 90' lang='lat' dir='ltr'><strong>In</strong></span> <span class='ocrx_word' id='word_1_574' title='bbox 2392 4373 2663 4442; x_wconf 86' lang='lat' dir='ltr'><strong>baptismo</strong></span> <span class='ocrx_word' id='word_1_575' title='bbox 2707 4390 2812 4430; x_wconf 89' lang='lat' dir='ltr'><strong>non</strong></span> <span class='ocrx_word' id='word_1_576' title='bbox 2855 4386 3067 4446; x_wconf 78' lang='lat' dir='ltr'><strong>ungunt</strong></span> <span class='ocrx_word' id='word_1_577' title='bbox 3095 4375 3221 4431; x_wconf 90' lang='lat' dir='ltr'><strong>oleo</strong></span> <span class='ocrx_word' id='word_1_578' title='bbox 3254 4394 3444 4436; x_wconf 88' lang='lat' dir='ltr'><strong>recens</strong></span> <span class='ocrx_word' id='word_1_579' title='bbox 3475 4383 3650 4452; x_wconf 81' lang='lat' dir='ltr'><strong>bapti-</strong></span> 
     </span>
    </p>
   </div>
   <div class='ocr_carea' id='block_1_85' title="bbox 392 4465 1964 4544">
    <p class='ocr_par' dir='ltr' id='par_1_85' title="bbox 392 4468 1964 4541">
     <span class='ocr_line' id='line_1_85' title="bbox 392 4468 1964 4541; baseline 0 -19"><span class='ocrx_word' id='word_1_580' title='bbox 392 4469 813 4539; x_wconf 79' lang='grc' dir='ltr'><strong>νεοφωτιστους.</strong></span> <span class='ocrx_word' id='word_1_581' title='bbox 848 4469 1018 4536; x_wconf 85' lang='grc' dir='ltr'><strong>Λέγει</strong></span> <span class='ocrx_word' id='word_1_582' title='bbox 1049 4468 1159 4539; x_wconf 87' lang='grc' dir='ltr'><strong>γὰρ</strong></span> <span class='ocrx_word' id='word_1_583' title='bbox 1180 4470 1208 4522; x_wconf 88' lang='lat'><strong>6</strong></span> <span class='ocrx_word' id='word_1_584' title='bbox 1246 4468 1402 4537; x_wconf 77' lang='grc' dir='ltr'><strong>ἆγιος</strong></span> <span class='ocrx_word' id='word_1_585' title='bbox 1425 4469 1700 4533; x_wconf 86' lang='grc' dir='ltr'><strong>Διονύσιος</strong></span> <span class='ocrx_word' id='word_1_586' title='bbox 1719 4473 1748 4524; x_wconf 83' lang='lat'><strong>6</strong></span> <span class='ocrx_word' id='word_1_587' title='bbox 1786 4471 1964 4541; x_wconf 78' lang='grc' dir='ltr'><strong>Ἄρεο-</strong></span> 
     </span>
    </p>
   </div>
   <div class='ocr_carea' id='block_1_86' title="bbox 2068 4465 3653 4544">
    <p class='ocr_par' dir='ltr' id='par_1_86' title="bbox 2075 4465 3653 4544">
     <span class='ocr_line' id='line_1_86' title="bbox 2075 4465 3653 4544; baseline 0.005 -24"><span class='ocrx_word' id='word_1_588' title='bbox 2075 4476 2244 4520; x_wconf 73' lang='lat' dir='ltr'><strong>latos.</strong></span> <span class='ocrx_word' id='word_1_589' title='bbox 2277 4466 2369 4518; x_wconf 83' lang='lat' dir='ltr'><strong>Ait</strong></span> <span class='ocrx_word' id='word_1_590' title='bbox 2408 4465 2553 4519; x_wconf 86' lang='lat' dir='ltr'><strong>enim</strong></span> <span class='ocrx_word' id='word_1_591' title='bbox 2593 4475 2816 4520; x_wconf 80' lang='lat' dir='ltr'><strong>sanctus</strong></span> <span class='ocrx_word' id='word_1_592' title='bbox 2856 4465 3142 4538; x_wconf 81' lang='lat' dir='ltr'><strong>Dionysius</strong></span> <span class='ocrx_word' id='word_1_593' title='bbox 3181 4472 3509 4542; x_wconf 79' lang='lat' dir='ltr'><strong>Areopagita</strong></span> <span class='ocrx_word' id='word_1_594' title='bbox 3555 4489 3653 4544; x_wconf 86' lang='lat' dir='ltr'><strong>per</strong></span> 
     </span>
    </p>
   </div>
   <div class='ocr_carea' id='block_1_87' title="bbox 395 4545 1964 4634">
    <p class='ocr_par' dir='ltr' id='par_1_87' title="bbox 395 4559 1964 4633">
     <span class='ocr_line' id='line_1_87' title="bbox 395 4559 1964 4633; baseline -0.001 -20"><span class='ocrx_word' id='word_1_595' title='bbox 395 4562 634 4632; x_wconf 86' lang='grc' dir='ltr'><strong>παγίτης</strong></span> <span class='ocrx_word' id='word_1_596' title='bbox 666 4561 1077 4633; x_wconf 79' lang='grc' dir='ltr'><strong>παραὸολικῶς,</strong></span> <span class='ocrx_word' id='word_1_597' title='bbox 1113 4560 1198 4613; x_wconf 84' lang='grc' dir='ltr'><strong>ὅτι</strong></span> <span class='ocrx_word' id='word_1_598' title='bbox 1234 4577 1252 4609; x_wconf 77' lang='grc' dir='ltr'><strong>ι</strong></span> <span class='ocrx_word' id='word_1_599' title='bbox 1277 4559 1366 4613; x_wconf 86' lang='grc' dir='ltr'><strong>Ἐν</strong></span> <span class='ocrx_word' id='word_1_600' title='bbox 1399 4559 1578 4630; x_wconf 84' lang='grc' dir='ltr'><strong>καιρῷ</strong></span> <span class='ocrx_word' id='word_1_601' title='bbox 1619 4561 1964 4630; x_wconf 76' lang='grc' dir='ltr'><strong>ἱπποδρομίοι</strong></span> 
     </span>
    </p>
   </div>
   <div class='ocr_carea' id='block_1_88' title="bbox 2068 4545 3654 4634">
    <p class='ocr_par' dir='ltr' id='par_1_88' title="bbox 2083 4553 3654 4634">
     <span class='ocr_line' id='line_1_88' title="bbox 2083 4553 3654 4634; baseline 0.006 -28"><span class='ocrx_word' id='word_1_602' title='bbox 2083 4555 2392 4624; x_wconf 84' lang='lat' dir='ltr'><strong>parobolam</strong></span> <span class='ocrx_word' id='word_1_603' title='bbox 2424 4571 2438 4608; x_wconf 89' lang='lat'><strong>:</strong></span> <span class='ocrx_word' id='word_1_604' title='bbox 2476 4572 2495 4606; x_wconf 77' lang='grc' dir='ltr'><strong>ι</strong></span> <span class='ocrx_word' id='word_1_605' title='bbox 2527 4553 2738 4609; x_wconf 87' lang='lat' dir='ltr'><strong>Curruli</strong></span> <span class='ocrx_word' id='word_1_606' title='bbox 2767 4558 3066 4611; x_wconf 78' lang='lat' dir='ltr'><strong>certamine</strong></span> <span class='ocrx_word' id='word_1_607' title='bbox 3093 4573 3276 4613; x_wconf 88' lang='lat' dir='ltr'><strong>coram</strong></span> <span class='ocrx_word' id='word_1_608' title='bbox 3309 4576 3433 4632; x_wconf 76' lang='lat' dir='ltr'><strong>rege</strong></span> <span class='ocrx_word' id='word_1_609' title='bbox 3454 4577 3654 4634; x_wconf 84' lang='lat' dir='ltr'><strong>propu-</strong></span> 
     </span>
    </p>
   </div>
   <div class='ocr_carea' id='block_1_89' title="bbox 394 4650 1974 4722">
    <p class='ocr_par' dir='ltr' id='par_1_89' title="bbox 394 4650 1974 4722">
     <span class='ocr_line' id='line_1_89' title="bbox 394 4650 1974 4722; baseline -0.001 -19"><span class='ocrx_word' id='word_1_610' title='bbox 394 4652 627 4706; x_wconf 74' lang='grc' dir='ltr'><strong>ἐνώπιον</strong></span> <span class='ocrx_word' id='word_1_611' title='bbox 669 4652 766 4705; x_wconf 86' lang='grc' dir='ltr'><strong>τοῦ</strong></span> <span class='ocrx_word' id='word_1_612' title='bbox 810 4652 1100 4722; x_wconf 79' lang='grc' dir='ltr'><strong>βασιλέως,</strong></span> <span class='ocrx_word' id='word_1_613' title='bbox 1155 4653 1204 4704; x_wconf 78' lang='lat' dir='ltr'><strong>oi</strong></span> <span class='ocrx_word' id='word_1_614' title='bbox 1262 4652 1319 4703; x_wconf 82' lang='grc' dir='ltr'><strong>ὲν</strong></span> <span class='ocrx_word' id='word_1_615' title='bbox 1368 4650 1446 4720; x_wconf 85' lang='grc' dir='ltr'><strong>τῷ</strong></span> <span class='ocrx_word' id='word_1_616' title='bbox 1515 4650 1714 4720; x_wconf 83' lang='grc' dir='ltr'><strong>σταδίῳ</strong></span> <span class='ocrx_word' id='word_1_617' title='bbox 1758 4651 1974 4722; x_wconf 74' lang='grc' dir='ltr'><strong>ἄνδρες,</strong></span> 
     </span>
    </p>
   </div>
   <div class='ocr_carea' id='block_1_90' title="bbox 395 4743 1976 4817">
    <p class='ocr_par' dir='ltr' id='par_1_90' title="bbox 395 4743 1976 4817">
     <span class='ocr_line' id='line_1_90' title="bbox 395 4743 1976 4817; baseline 0 -21"><span class='ocrx_word' id='word_1_618' title='bbox 395 4744 530 4798; x_wconf 70' lang='grc' dir='ltr'><strong>ἔνθα</strong></span> <span class='ocrx_word' id='word_1_619' title='bbox 567 4747 618 4798; x_wconf 79' lang='grc' dir='ltr'><strong>οἱ</strong></span> <span class='ocrx_word' id='word_1_620' title='bbox 675 4744 893 4814; x_wconf 83' lang='grc' dir='ltr'><strong>δόκιμοι</strong></span> <span class='ocrx_word' id='word_1_621' title='bbox 959 4745 1183 4817; x_wconf 83' lang='grc' dir='ltr'><strong>δρομεῖς</strong></span> <span class='ocrx_word' id='word_1_622' title='bbox 1235 4743 1554 4812; x_wconf 84' lang='grc' dir='ltr'><strong>φαίνονται,</strong></span> <span class='ocrx_word' id='word_1_623' title='bbox 1611 4743 1826 4814; x_wconf 81' lang='grc' dir='ltr'><strong>πρῶτον</strong></span> <span class='ocrx_word' id='word_1_624' title='bbox 1875 4743 1976 4812; x_wconf 82' lang='grc' dir='ltr'><strong>μὲν</strong></span> 
     </span>
    </p>
   </div>
   <div class='ocr_carea' id='block_1_91' title="bbox 393 4834 1976 4908">
    <p class='ocr_par' dir='ltr' id='par_1_91' title="bbox 393 4834 1976 4908">
     <span class='ocr_line' id='line_1_91' title="bbox 393 4834 1976 4908; baseline -0.002 -19"><span class='ocrx_word' id='word_1_625' title='bbox 393 4835 646 4908; x_wconf 79' lang='grc' dir='ltr'><strong>χρίουσιν</strong></span> <span class='ocrx_word' id='word_1_626' title='bbox 670 4837 866 4900; x_wconf 82' lang='grc' dir='ltr'><strong>αὐτοὺς</strong></span> <span class='ocrx_word' id='word_1_627' title='bbox 891 4836 1096 4900; x_wconf 69' lang='grc' dir='ltr'><strong>ἔλαιον,</strong></span> <span class='ocrx_word' id='word_1_628' title='bbox 1130 4836 1218 4888; x_wconf 84' lang='grc' dir='ltr'><strong>ἵνα</strong></span> <span class='ocrx_word' id='word_1_629' title='bbox 1250 4834 1326 4905; x_wconf 82' lang='grc' dir='ltr'><strong>μὴ</strong></span> <span class='ocrx_word' id='word_1_630' title='bbox 1359 4835 1632 4906; x_wconf 80' lang='grc' dir='ltr'><strong>εὐκαίρως</strong></span> <span class='ocrx_word' id='word_1_631' title='bbox 1658 4834 1976 4904; x_wconf 80' lang='grc' dir='ltr'><strong>κρατηθῶσι</strong></span> 
     </span>
    </p>
   </div>
   <div class='ocr_carea' id='block_1_92' title="bbox 396 4927 1975 5000">
    <p class='ocr_par' dir='ltr' id='par_1_92' title="bbox 396 4927 1975 5000">
     <span class='ocr_line' id='line_1_92' title="bbox 396 4927 1975 5000; baseline -0.001 -18"><span class='ocrx_word' id='word_1_632' title='bbox 396 4930 551 5000; x_wconf 78' lang='grc' dir='ltr'><strong>παρὰ</strong></span> <span class='ocrx_word' id='word_1_633' title='bbox 570 4930 680 4984; x_wconf 83' lang='grc' dir='ltr'><strong>τῶν</strong></span> <span class='ocrx_word' id='word_1_634' title='bbox 700 4929 991 4984; x_wconf 76' lang='grc' dir='ltr'><strong>ἀντιδίκων</strong></span> <span class='ocrx_word' id='word_1_635' title='bbox 1017 4929 1219 4983; x_wconf 82' lang='grc' dir='ltr'><strong>αὐτῶν.</strong></span> <span class='ocrx_word' id='word_1_636' title='bbox 1248 4929 1358 4982; x_wconf 78' lang='grc' dir='ltr'><strong>Καὶ</strong></span> <span class='ocrx_word' id='word_1_637' title='bbox 1386 4931 1453 4999; x_wconf 79' lang='grc' dir='ltr'><strong>τῇ</strong></span> <span class='ocrx_word' id='word_1_638' title='bbox 1470 4928 1649 4997; x_wconf 84' lang='grc' dir='ltr'><strong>χρίσει</strong></span> <span class='ocrx_word' id='word_1_639' title='bbox 1670 4927 1764 4980; x_wconf 83' lang='grc' dir='ltr'><strong>τοῦ</strong></span> <span class='ocrx_word' id='word_1_640' title='bbox 1794 4928 1975 4980; x_wconf 77' lang='grc' dir='ltr'><strong>ἐλαίου</strong></span> 
     </span>
    </p>
   </div>
   <div class='ocr_carea' id='block_1_93' title="bbox 392 5019 1970 5089">
    <p class='ocr_par' dir='ltr' id='par_1_93' title="bbox 392 5019 1970 5089">
     <span class='ocr_line' id='line_1_93' title="bbox 392 5019 1970 5089; baseline -0.001 -16"><span class='ocrx_word' id='word_1_641' title='bbox 392 5019 649 5073; x_wconf 83' lang='grc' dir='ltr'><strong>δύνανται</strong></span> <span class='ocrx_word' id='word_1_642' title='bbox 675 5022 933 5089; x_wconf 62' lang='grc' dir='ltr'><strong>ἐκφυγεῖν</strong></span> <span class='ocrx_word' id='word_1_643' title='bbox 965 5021 1088 5082; x_wconf 69' lang='grc' dir='ltr'><strong>τοὺς</strong></span> <span class='ocrx_word' id='word_1_644' title='bbox 1123 5019 1421 5088; x_wconf 80' lang='grc' dir='ltr'><strong>μέλλοντας</strong></span> <span class='ocrx_word' id='word_1_645' title='bbox 1454 5020 1653 5081; x_wconf 70' lang='grc' dir='ltr'><strong>αὐτοὺς</strong></span> <span class='ocrx_word' id='word_1_646' title='bbox 1677 5021 1970 5089; x_wconf 64' lang='grc' dir='ltr'><strong>κρατῆσαι⁹</strong></span> 
     </span>
    </p>
   </div>
   <div class='ocr_carea' id='block_1_94' title="bbox 395 5109 1970 5182">
    <p class='ocr_par' dir='ltr' id='par_1_94' title="bbox 395 5109 1970 5182">
     <span class='ocr_line' id='line_1_94' title="bbox 395 5109 1970 5182; baseline -0.001 -18"><span class='ocrx_word' id='word_1_647' title='bbox 395 5112 538 5165; x_wconf 68' lang='grc' dir='ltr'><strong>οὕτω</strong></span> <span class='ocrx_word' id='word_1_648' title='bbox 564 5114 656 5166; x_wconf 83' lang='grc' dir='ltr'><strong>καὶ</strong></span> <span class='ocrx_word' id='word_1_649' title='bbox 675 5115 722 5165; x_wconf 82' lang='grc' dir='ltr'><strong>οἱ</strong></span> <span class='ocrx_word' id='word_1_650' title='bbox 751 5111 1038 5182; x_wconf 83' lang='grc' dir='ltr'><strong>μέλλοντες</strong></span> <span class='ocrx_word' id='word_1_651' title='bbox 1067 5111 1243 5164; x_wconf 80' lang='grc' dir='ltr'><strong>ἐλθεῖν</strong></span> <span class='ocrx_word' id='word_1_652' title='bbox 1269 5113 1363 5164; x_wconf 78' lang='grc' dir='ltr'><strong>ἐπὶ</strong></span> <span class='ocrx_word' id='word_1_653' title='bbox 1393 5111 1454 5163; x_wconf 81' lang='grc' dir='ltr'><strong>τὸ</strong></span> <span class='ocrx_word' id='word_1_654' title='bbox 1483 5114 1633 5178; x_wconf 61' lang='grc' dir='ltr'><strong>ἅγιον</strong></span> <span class='ocrx_word' id='word_1_655' title='bbox 1663 5109 1970 5180; x_wconf 84' lang='grc' dir='ltr'><strong>βάπτισμα,</strong></span> 
     </span>
    </p>
   </div>
   <div class='ocr_carea' id='block_1_95' title="bbox 398 5201 1967 5273">
    <p class='ocr_par' dir='ltr' id='par_1_95' title="bbox 398 5201 1967 5273">
     <span class='ocr_line' id='line_1_95' title="bbox 398 5201 1967 5273; baseline -0.001 -17"><span class='ocrx_word' id='word_1_656' title='bbox 398 5203 616 5273; x_wconf 70' lang='grc' dir='ltr'><strong>πρῶτεν</strong></span> <span class='ocrx_word' id='word_1_657' title='bbox 649 5205 746 5273; x_wconf 78' lang='grc' dir='ltr'><strong>μὲν</strong></span> <span class='ocrx_word' id='word_1_658' title='bbox 776 5205 1055 5273; x_wconf 82' lang='grc' dir='ltr'><strong>χρίσονται</strong></span> <span class='ocrx_word' id='word_1_659' title='bbox 1074 5203 1260 5272; x_wconf 75' lang='grc' dir='ltr'><strong>ἐλαίῳ,</strong></span> <span class='ocrx_word' id='word_1_660' title='bbox 1295 5201 1430 5272; x_wconf 71' lang='grc' dir='ltr'><strong>πρὸς</strong></span> <span class='ocrx_word' id='word_1_661' title='bbox 1465 5202 1524 5253; x_wconf 82' lang='grc' dir='ltr'><strong>τὸ</strong></span> <span class='ocrx_word' id='word_1_662' title='bbox 1553 5204 1814 5269; x_wconf 78' lang='grc' dir='ltr'><strong>ἐκφυγεῖν</strong></span> <span class='ocrx_word' id='word_1_663' title='bbox 1843 5205 1967 5266; x_wconf 80' lang='grc' dir='ltr'><strong>τοὺς</strong></span> 
     </span>
    </p>
   </div>
   <div class='ocr_carea' id='block_1_96' title="bbox 396 5296 737 5366">
    <p class='ocr_par' dir='ltr' id='par_1_96' title="bbox 396 5296 737 5366">
     <span class='ocr_line' id='line_1_96' title="bbox 396 5296 737 5366; baseline -0.003 -17"><span class='ocrx_word' id='word_1_664' title='bbox 396 5296 690 5366; x_wconf 73' lang='grc' dir='ltr'><strong>πολεμίους</strong></span> <span class='ocrx_word' id='word_1_665' title='bbox 722 5313 737 5328; x_wconf 89' lang='grc'><strong>·</strong></span> 
     </span>
    </p>
   </div>
   <div class='ocr_carea' id='block_1_97' title="bbox 401 5383 1964 5460">
    <p class='ocr_par' dir='ltr' id='par_1_97' title="bbox 401 5383 1964 5460">
     <span class='ocr_line' id='line_1_97' title="bbox 401 5383 1964 5460; baseline -0.003 -19"><span class='ocrx_word' id='word_1_666' title='bbox 401 5388 578 5460; x_wconf 82' lang='grc' dir='ltr'><strong>μένων</strong></span> <span class='ocrx_word' id='word_1_667' title='bbox 614 5389 642 5439; x_wconf 89' lang='lat'><strong>6</strong></span> <span class='ocrx_word' id='word_1_668' title='bbox 665 5388 935 5451; x_wconf 75' lang='grc' dir='ltr'><strong>διάϐολος,</strong></span> <span class='ocrx_word' id='word_1_669' title='bbox 969 5392 1063 5440; x_wconf 81' lang='grc' dir='ltr'>καί</span> <span class='ocrx_word' id='word_1_670' title='bbox 1097 5387 1421 5457; x_wconf 84' lang='grc' dir='ltr'><strong>δυνήσονται</strong></span> <span class='ocrx_word' id='word_1_671' title='bbox 1452 5383 1543 5436; x_wconf 68' lang='grc' dir='ltr'><strong>διὰ</strong></span> <span class='ocrx_word' id='word_1_672' title='bbox 1581 5385 1678 5452; x_wconf 76' lang='grc' dir='ltr'><strong>τῆς</strong></span> <span class='ocrx_word' id='word_1_673' title='bbox 1729 5386 1964 5455; x_wconf 78' lang='grc' dir='ltr'><strong>χρίσεως</strong></span> 
     </span>
    </p>
   </div>
   <div class='ocr_carea' id='block_1_98' title="bbox 397 5477 1968 5548">
    <p class='ocr_par' dir='ltr' id='par_1_98' title="bbox 397 5477 1968 5548">
     <span class='ocr_line' id='line_1_98' title="bbox 397 5477 1968 5548; baseline -0.002 -16"><span class='ocrx_word' id='word_1_674' title='bbox 397 5481 493 5533; x_wconf 86' lang='grc' dir='ltr'><strong>τοῦ</strong></span> <span class='ocrx_word' id='word_1_675' title='bbox 517 5481 696 5535; x_wconf 77' lang='grc' dir='ltr'><strong>ελαίου</strong></span> <span class='ocrx_word' id='word_1_676' title='bbox 724 5481 820 5532; x_wconf 70' lang='grc' dir='ltr'><strong>καὶ</strong></span> <span class='ocrx_word' id='word_1_677' title='bbox 848 5480 943 5532; x_wconf 87' lang='grc' dir='ltr'><strong>τοῦ</strong></span> <span class='ocrx_word' id='word_1_678' title='bbox 973 5479 1372 5548; x_wconf 66' lang='grc' dir='ltr'><strong>βαπτίσματος,</strong></span> <span class='ocrx_word' id='word_1_679' title='bbox 1402 5479 1467 5546; x_wconf 83' lang='grc' dir='ltr'><strong>τῇ</strong></span> <span class='ocrx_word' id='word_1_680' title='bbox 1527 5477 1822 5547; x_wconf 74' lang='grc' dir='ltr'><strong>συνεργεέα</strong></span> <span class='ocrx_word' id='word_1_681' title='bbox 1871 5477 1968 5529; x_wconf 82' lang='grc' dir='ltr'><strong>τοῦ</strong></span> 
     </span>
    </p>
   </div>
   <div class='ocr_carea' id='block_1_99' title="bbox 401 5567 1961 5644">
    <p class='ocr_par' dir='ltr' id='par_1_99' title="bbox 401 5567 1961 5644">
     <span class='ocr_line' id='line_1_99' title="bbox 401 5567 1961 5644; baseline -0.004 -18"><span class='ocrx_word' id='word_1_682' title='bbox 401 5573 556 5641; x_wconf 77' lang='grc' dir='ltr'><strong>ἁγίου</strong></span> <span class='ocrx_word' id='word_1_683' title='bbox 589 5575 906 5644; x_wconf 76' lang='grc' dir='ltr'><strong>Ιὶνευματος</strong></span> <span class='ocrx_word' id='word_1_684' title='bbox 939 5573 1201 5640; x_wconf 68' lang='grc' dir='ltr'><strong>ἐκφυγεῖν</strong></span> <span class='ocrx_word' id='word_1_685' title='bbox 1226 5571 1318 5623; x_wconf 74' lang='grc' dir='ltr'><strong>τὸν</strong></span> <span class='ocrx_word' id='word_1_686' title='bbox 1384 5567 1623 5620; x_wconf 84' lang='grc' dir='ltr'><strong>τοιοῦτον</strong></span> <span class='ocrx_word' id='word_1_687' title='bbox 1693 5567 1961 5639; x_wconf 82' lang='grc' dir='ltr'><strong>Θηρευτὴν</strong></span> 
     </span>
    </p>
   </div>
   <div class='ocr_carea' id='block_1_100' title="bbox 469 5698 1716 5774">
    <p class='ocr_par' dir='ltr' id='par_1_100' title="bbox 469 5698 1716 5774">
     <span class='ocr_line' id='line_1_100' title="bbox 469 5698 1716 5774; baseline -0.001 -19"><span class='ocrx_word' id='word_1_688' title='bbox 469 5705 513 5737; x_wconf 70' lang='grc'><strong>⁸⁷</strong></span> <span class='ocrx_word' id='word_1_689' title='bbox 539 5701 670 5759; x_wconf 90' lang='lat' dir='ltr'><strong>Luc.</strong></span> <span class='ocrx_word' id='word_1_690' title='bbox 697 5719 737 5771; x_wconf 79' lang='grc' dir='ltr'><strong>ι,</strong></span> <span class='ocrx_word' id='word_1_691' title='bbox 757 5703 828 5758; x_wconf 69' lang='lat'><em>26</em></span> <span class='ocrx_word' id='word_1_692' title='bbox 861 5719 1011 5774; x_wconf 88' lang='lat' dir='ltr'><strong>seqq.</strong></span> <span class='ocrx_word' id='word_1_693' title='bbox 1088 5702 1135 5734; x_wconf 81' lang='grc'>⁸⁸</span> <span class='ocrx_word' id='word_1_694' title='bbox 1161 5701 1328 5757; x_wconf 76' lang='lat' dir='ltr'><strong>Exod.</strong></span> <span class='ocrx_word' id='word_1_695' title='bbox 1354 5715 1483 5770; x_wconf 77' lang='lat' dir='ltr'><strong>xxx,</strong></span> <span class='ocrx_word' id='word_1_696' title='bbox 1510 5698 1599 5766; x_wconf 73' lang='lat'><strong>25,</strong></span> <span class='ocrx_word' id='word_1_697' title='bbox 1624 5699 1716 5754; x_wconf 74' lang='lat'><strong>26.</strong></span> 
     </span>
    </p>
   </div>
   <div class='ocr_carea' id='block_1_101' title="bbox 477 5843 1282 5918">
    <p class='ocr_par' dir='ltr' id='par_1_101' title="bbox 477 5843 1282 5918">
     <span class='ocr_line' id='line_1_101' title="bbox 477 5843 1282 5918; baseline -0.005 -16"><span class='ocrx_word' id='word_1_698' title='bbox 477 5843 590 5918; x_wconf 88' lang='lat'><strong>(78)</strong></span> <span class='ocrx_word' id='word_1_699' title='bbox 623 5844 775 5903; x_wconf 87' lang='lat' dir='ltr'><strong>Orat.</strong></span> <span class='ocrx_word' id='word_1_700' title='bbox 809 5846 897 5902; x_wconf 75' lang='lat'><strong>39.</strong></span> <span class='ocrx_word' id='word_1_701' title='bbox 1243 5873 1282 5898; x_wconf 86' lang='lat'><strong>.</strong></span> 
     </span>
    </p>
   </div>
   <div class='ocr_carea' id='block_1_102' title="bbox 773 5293 1987 5366">
    <p class='ocr_par' dir='ltr' id='par_1_102' title="bbox 773 5293 1987 5366">
     <span class='ocr_line' id='line_1_102' title="bbox 773 5293 1987 5366; baseline -0.001 -19"><span class='ocrx_word' id='word_1_702' title='bbox 773 5299 898 5348; x_wconf 72' lang='grc' dir='ltr'><strong>ἐπεὶ</strong></span> <span class='ocrx_word' id='word_1_703' title='bbox 937 5297 1114 5366; x_wconf 73' lang='grc' dir='ltr'><strong>μέγας</strong></span> <span class='ocrx_word' id='word_1_704' title='bbox 1138 5293 1411 5356; x_wconf 80' lang='grc' dir='ltr'><strong>ἁντίδικός</strong></span> <span class='ocrx_word' id='word_1_705' title='bbox 1453 5296 1570 5345; x_wconf 82' lang='grc' dir='ltr'><strong>ἐστι</strong></span> <span class='ocrx_word' id='word_1_706' title='bbox 1606 5293 1712 5344; x_wconf 83' lang='grc' dir='ltr'><strong>τῶν</strong></span> <span class='ocrx_word' id='word_1_707' title='bbox 1736 5297 1987 5361; x_wconf 68' lang='grc' dir='ltr'><strong>φωτιςοευ</strong></span> 
     </span>
    </p>
   </div>
   <div class='ocr_carea' id='block_1_103' title="bbox 2075 4646 3653 4715">
    <p class='ocr_par' dir='ltr' id='par_1_103' title="bbox 2075 4646 3653 4715">
     <span class='ocr_line' id='line_1_103' title="bbox 2075 4646 3653 4715; baseline 0.008 -16"><span class='ocrx_word' id='word_1_708' title='bbox 2075 4646 2212 4711; x_wconf 89' lang='lat' dir='ltr'><strong>sito,</strong></span> <span class='ocrx_word' id='word_1_709' title='bbox 2242 4647 2334 4714; x_wconf 90' lang='lat' dir='ltr'><strong>qui</strong></span> <span class='ocrx_word' id='word_1_710' title='bbox 2373 4646 2425 4700; x_wconf 87' lang='lat' dir='ltr'><strong>in</strong></span> <span class='ocrx_word' id='word_1_711' title='bbox 2461 4646 2642 4700; x_wconf 87' lang='lat' dir='ltr'><strong>stadio</strong></span> <span class='ocrx_word' id='word_1_712' title='bbox 2675 4647 2835 4715; x_wconf 88' lang='lat' dir='ltr'><strong>positi</strong></span> <span class='ocrx_word' id='word_1_713' title='bbox 2871 4657 2997 4704; x_wconf 90' lang='lat' dir='ltr'><strong>sunt</strong></span> <span class='ocrx_word' id='word_1_714' title='bbox 3031 4649 3124 4704; x_wconf 87' lang='lat' dir='ltr'><strong>ubi</strong></span> <span class='ocrx_word' id='word_1_715' title='bbox 3158 4666 3410 4708; x_wconf 86' lang='lat' dir='ltr'><strong>cursores</strong></span> <span class='ocrx_word' id='word_1_716' title='bbox 3441 4655 3653 4712; x_wconf 83' lang='lat' dir='ltr'><strong>virtutis</strong></span> 
     </span>
    </p>
   </div>
   <div class='ocr_carea' id='block_1_104' title="bbox 2076 4737 3652 4816">
    <p class='ocr_par' dir='ltr' id='par_1_104' title="bbox 2076 4737 3652 4816">
     <span class='ocr_line' id='line_1_104' title="bbox 2076 4737 3652 4816; baseline 0.006 -24"><span class='ocrx_word' id='word_1_717' title='bbox 2076 4739 2349 4806; x_wconf 84' lang='lat' dir='ltr'><strong>specimen</strong></span> <span class='ocrx_word' id='word_1_718' title='bbox 2399 4737 2686 4804; x_wconf 75' lang='lat' dir='ltr'><strong>exhibent,</strong></span> <span class='ocrx_word' id='word_1_719' title='bbox 2728 4739 2960 4808; x_wconf 88' lang='lat' dir='ltr'><strong>primum</strong></span> <span class='ocrx_word' id='word_1_720' title='bbox 3005 4742 3220 4810; x_wconf 87' lang='lat' dir='ltr'><strong>quidem</strong></span> <span class='ocrx_word' id='word_1_721' title='bbox 3271 4745 3392 4799; x_wconf 85' lang='lat' dir='ltr'><strong>oleo</strong></span> <span class='ocrx_word' id='word_1_722' title='bbox 3442 4762 3652 4816; x_wconf 81' lang='lat' dir='ltr'><strong>ungunt</strong></span> 
     </span>
    </p>
   </div>
   <div class='ocr_carea' id='block_1_105' title="bbox 2075 4829 3645 4912">
    <p class='ocr_par' dir='ltr' id='par_1_105' title="bbox 2075 4829 3645 4912">
     <span class='ocr_line' id='line_1_105' title="bbox 2075 4829 3645 4912; baseline 0.009 -28"><span class='ocrx_word' id='word_1_723' title='bbox 2075 4845 2294 4899; x_wconf 90' lang='lat' dir='ltr'><strong>corpus,</strong></span> <span class='ocrx_word' id='word_1_724' title='bbox 2323 4841 2380 4886; x_wconf 90' lang='lat' dir='ltr'><strong>ut</strong></span> <span class='ocrx_word' id='word_1_725' title='bbox 2410 4847 2476 4886; x_wconf 89' lang='lat' dir='ltr'><strong>ne</strong></span> <span class='ocrx_word' id='word_1_726' title='bbox 2501 4829 2663 4886; x_wconf 78' lang='lat' dir='ltr'><strong>facile</strong></span> <span class='ocrx_word' id='word_1_727' title='bbox 2699 4833 2768 4887; x_wconf 86' lang='lat' dir='ltr'><strong>ab</strong></span> <span class='ocrx_word' id='word_1_728' title='bbox 2798 4834 3128 4891; x_wconf 79' lang='lat' dir='ltr'><strong>adversariis</strong></span> <span class='ocrx_word' id='word_1_729' title='bbox 3161 4847 3478 4908; x_wconf 87' lang='lat' dir='ltr'><strong>teneantur;</strong></span> <span class='ocrx_word' id='word_1_730' title='bbox 3518 4858 3645 4912; x_wconf 81' lang='lat' dir='ltr'><strong>pos-</strong></span> 
     </span>
    </p>
   </div>
   <div class='ocr_carea' id='block_1_106' title="bbox 2075 4923 3649 4999">
    <p class='ocr_par' dir='ltr' id='par_1_106' title="bbox 2075 4923 3649 4999">
     <span class='ocr_line' id='line_1_106' title="bbox 2075 4923 3649 4999; baseline 0.006 -23"><span class='ocrx_word' id='word_1_731' title='bbox 2075 4932 2307 4991; x_wconf 81' lang='lat' dir='ltr'><strong>suntque</strong></span> <span class='ocrx_word' id='word_1_732' title='bbox 2335 4939 2399 4977; x_wconf 88' lang='lat' dir='ltr'><strong>eo</strong></span> <span class='ocrx_word' id='word_1_733' title='bbox 2425 4923 2646 4978; x_wconf 78' lang='lat' dir='ltr'><strong>delibuti</strong></span> <span class='ocrx_word' id='word_1_734' title='bbox 2677 4927 2744 4978; x_wconf 88' lang='lat' dir='ltr'><strong>ab</strong></span> <span class='ocrx_word' id='word_1_735' title='bbox 2775 4924 2840 4979; x_wconf 88' lang='lat' dir='ltr'><strong>iis</strong></span> <span class='ocrx_word' id='word_1_736' title='bbox 2869 4941 2928 4981; x_wconf 85' lang='lat' dir='ltr'><strong>se</strong></span> <span class='ocrx_word' id='word_1_737' title='bbox 2956 4927 3118 4993; x_wconf 89' lang='lat' dir='ltr'><strong>tueri,</strong></span> <span class='ocrx_word' id='word_1_738' title='bbox 3150 4944 3177 4981; x_wconf 90' lang='lat' dir='ltr'><strong>a</strong></span> <span class='ocrx_word' id='word_1_739' title='bbox 3202 4930 3400 4999; x_wconf 88' lang='lat' dir='ltr'><strong>quibus</strong></span> <span class='ocrx_word' id='word_1_740' title='bbox 3435 4939 3649 4988; x_wconf 77' lang='lat' dir='ltr'><strong>tem-nui</strong></span> 
     </span>
    </p>
   </div>
   <div class='ocr_carea' id='block_1_107' title="bbox 2081 5014 3650 5091">
    <p class='ocr_par' dir='ltr' id='par_1_107' title="bbox 2081 5014 3650 5091">
     <span class='ocr_line' id='line_1_107' title="bbox 2081 5014 3650 5091; baseline 0.008 -23"><span class='ocrx_word' id='word_1_741' title='bbox 2081 5025 2256 5068; x_wconf 77' lang='lat' dir='ltr'><strong>erant.</strong></span> <span class='ocrx_word' id='word_1_742' title='bbox 2293 5014 2382 5070; x_wconf 89' lang='lat' dir='ltr'><strong>Sic</strong></span> <span class='ocrx_word' id='word_1_743' title='bbox 2431 5025 2485 5069; x_wconf 87' lang='lat' dir='ltr'><strong>et</strong></span> <span class='ocrx_word' id='word_1_744' title='bbox 2529 5015 2588 5078; x_wconf 88' lang='lat' dir='ltr'><strong>ii,</strong></span> <span class='ocrx_word' id='word_1_745' title='bbox 2622 5017 2714 5085; x_wconf 91' lang='lat' dir='ltr'><strong>qui</strong></span> <span class='ocrx_word' id='word_1_746' title='bbox 2761 5016 2827 5070; x_wconf 89' lang='lat' dir='ltr'><strong>ad</strong></span> <span class='ocrx_word' id='word_1_747' title='bbox 2874 5033 3086 5073; x_wconf 88' lang='lat' dir='ltr'><strong>sacrum</strong></span> <span class='ocrx_word' id='word_1_748' title='bbox 3133 5022 3397 5091; x_wconf 88' lang='lat' dir='ltr'><strong>baptisma</strong></span> <span class='ocrx_word' id='word_1_749' title='bbox 3439 5033 3650 5082; x_wconf 76' lang='lat' dir='ltr'><strong>venturi</strong></span> 
     </span>
    </p>
   </div>
   <div class='ocr_carea' id='block_1_108' title="bbox 2080 5107 3652 5178">
    <p class='ocr_par' dir='ltr' id='par_1_108' title="bbox 2080 5107 3652 5178">
     <span class='ocr_line' id='line_1_108' title="bbox 2080 5107 3652 5178; baseline 0.006 -20"><span class='ocrx_word' id='word_1_750' title='bbox 2080 5115 2206 5159; x_wconf 91' lang='lat' dir='ltr'><strong>sunt</strong></span> <span class='ocrx_word' id='word_1_751' title='bbox 2243 5145 2258 5170; x_wconf 92' lang='lat'><strong>,</strong></span> <span class='ocrx_word' id='word_1_752' title='bbox 2288 5107 2522 5173; x_wconf 89' lang='lat' dir='ltr'><strong>primum</strong></span> <span class='ocrx_word' id='word_1_753' title='bbox 2556 5107 2774 5176; x_wconf 86' lang='lat' dir='ltr'><strong>quidem</strong></span> <span class='ocrx_word' id='word_1_754' title='bbox 2811 5109 3042 5178; x_wconf 77' lang='lat' dir='ltr'><strong>augendi</strong></span> <span class='ocrx_word' id='word_1_755' title='bbox 3076 5123 3199 5165; x_wconf 89' lang='lat' dir='ltr'><strong>sunt</strong></span> <span class='ocrx_word' id='word_1_756' title='bbox 3233 5115 3350 5170; x_wconf 92' lang='lat' dir='ltr'><strong>oleo</strong></span> <span class='ocrx_word' id='word_1_757' title='bbox 3383 5127 3438 5168; x_wconf 93' lang='lat' dir='ltr'><strong>ut</strong></span> <span class='ocrx_word' id='word_1_758' title='bbox 3471 5118 3652 5171; x_wconf 55' lang='lat' dir='ltr'><strong>hostes</strong></span> 
     </span>
    </p>
   </div>
   <div class='ocr_carea' id='block_1_109' title="bbox 2075 5197 3651 5273">
    <p class='ocr_par' dir='ltr' id='par_1_109' title="bbox 2075 5197 3651 5273">
     <span class='ocr_line' id='line_1_109' title="bbox 2075 5197 3651 5273; baseline 0.008 -21"><span class='ocrx_word' id='word_1_759' title='bbox 2075 5197 2364 5268; x_wconf 75' lang='lat' dir='ltr'><strong>eﬂ‘ugiant;</strong></span> <span class='ocrx_word' id='word_1_760' title='bbox 2415 5199 2664 5253; x_wconf 85' lang='lat' dir='ltr'><strong>diabolus</strong></span> <span class='ocrx_word' id='word_1_761' title='bbox 2714 5200 2982 5268; x_wconf 84' lang='lat' dir='ltr'><strong>siquidem</strong></span> <span class='ocrx_word' id='word_1_762' title='bbox 3033 5219 3259 5273; x_wconf 73' lang='lat' dir='ltr'><strong>magnus</strong></span> <span class='ocrx_word' id='word_1_763' title='bbox 3307 5208 3651 5264; x_wconf 69' lang='lat' dir='ltr'><strong>adversarius</strong></span> 
     </span>
    </p>
   </div>
   <div class='ocr_carea' id='block_1_110' title="bbox 2073 5293 3650 5368">
    <p class='ocr_par' dir='ltr' id='par_1_110' title="bbox 2073 5293 3650 5368">
     <span class='ocr_line' id='line_1_110' title="bbox 2073 5293 3650 5368; baseline 0.007 -26"><span class='ocrx_word' id='word_1_764' title='bbox 2073 5300 2156 5343; x_wconf 87' lang='lat' dir='ltr'><strong>est</strong></span> <span class='ocrx_word' id='word_1_765' title='bbox 2212 5306 2438 5355; x_wconf 87' lang='lat' dir='ltr'><strong>eorum,</strong></span> <span class='ocrx_word' id='word_1_766' title='bbox 2485 5293 2577 5360; x_wconf 90' lang='lat' dir='ltr'><strong>qui</strong></span> <span class='ocrx_word' id='word_1_767' title='bbox 2641 5293 2984 5360; x_wconf 84' lang='lat' dir='ltr'><strong>baptizantur</strong></span> <span class='ocrx_word' id='word_1_768' title='bbox 3048 5315 3060 5350; x_wconf 92' lang='lat'><strong>:</strong></span> <span class='ocrx_word' id='word_1_769' title='bbox 3127 5307 3485 5368; x_wconf 78' lang='lat' dir='ltr'><strong>poterantque</strong></span> <span class='ocrx_word' id='word_1_770' title='bbox 3549 5301 3650 5355; x_wconf 85' lang='lat' dir='ltr'><strong>olei</strong></span> 
     </span>
    </p>
   </div>
   <div class='ocr_carea' id='block_1_111' title="bbox 2080 5384 3652 5458">
    <p class='ocr_par' dir='ltr' id='par_1_111' title="bbox 2080 5384 3652 5458">
     <span class='ocr_line' id='line_1_111' title="bbox 2080 5384 3652 5458; baseline 0.006 -21"><span class='ocrx_word' id='word_1_771' title='bbox 2080 5384 2334 5437; x_wconf 84' lang='lat' dir='ltr'><strong>unctione</strong></span> <span class='ocrx_word' id='word_1_772' title='bbox 2378 5400 2441 5437; x_wconf 87' lang='lat' dir='ltr'><strong>ac</strong></span> <span class='ocrx_word' id='word_1_773' title='bbox 2478 5385 2823 5454; x_wconf 84' lang='lat' dir='ltr'><strong>baptismate,</strong></span> <span class='ocrx_word' id='word_1_774' title='bbox 2861 5387 3095 5456; x_wconf 88' lang='lat' dir='ltr'><strong>Spiritus</strong></span> <span class='ocrx_word' id='word_1_775' title='bbox 3137 5391 3309 5443; x_wconf 86' lang='lat' dir='ltr'><strong>sancti</strong></span> <span class='ocrx_word' id='word_1_776' title='bbox 3355 5391 3652 5458; x_wconf 83' lang='lat' dir='ltr'><strong>cpitulante</strong></span> 
     </span>
    </p>
   </div>
   <div class='ocr_carea' id='block_1_112' title="bbox 2076 5475 3650 5551">
    <p class='ocr_par' dir='ltr' id='par_1_112' title="bbox 2076 5475 3650 5551">
     <span class='ocr_line' id='line_1_112' title="bbox 2076 5475 3650 5551; baseline 0.006 -25"><span class='ocrx_word' id='word_1_777' title='bbox 2076 5475 2282 5544; x_wconf 83' lang='lat' dir='ltr'><strong>gratia,</strong></span> <span class='ocrx_word' id='word_1_778' title='bbox 2334 5485 2648 5528; x_wconf 69' lang='lat' dir='ltr'><strong>venatorem</strong></span> <span class='ocrx_word' id='word_1_779' title='bbox 2703 5477 3007 5546; x_wconf 80' lang='lat' dir='ltr'><strong>ejusmodi,</strong></span> <span class='ocrx_word' id='word_1_780' title='bbox 3064 5481 3360 5545; x_wconf 86' lang='lat' dir='ltr'><strong>diabolum,</strong></span> <span class='ocrx_word' id='word_1_781' title='bbox 3395 5482 3650 5551; x_wconf 72' lang='lat' dir='ltr'><strong>inquam,</strong></span> 
     </span>
    </p>
   </div>
   <div class='ocr_carea' id='block_1_113' title="bbox 2075 5567 3652 5646">
    <p class='ocr_par' dir='ltr' id='par_1_113' title="bbox 2075 5567 3652 5646">
     <span class='ocr_line' id='line_1_113' title="bbox 2075 5567 3652 5646; baseline 0.004 -23"><span class='ocrx_word' id='word_1_782' title='bbox 2075 5568 2310 5638; x_wconf 79' lang='lat' dir='ltr'><strong>ell‘ugcre</strong></span> <span class='ocrx_word' id='word_1_783' title='bbox 2343 5567 2481 5638; x_wconf 87' lang='grc'>(79).</span> <span class='ocrx_word' id='word_1_784' title='bbox 2522 5587 2540 5619; x_wconf 80' lang='grc' dir='ltr'><strong>ι</strong></span> <span class='ocrx_word' id='word_1_785' title='bbox 2577 5567 2836 5625; x_wconf 75' lang='lat' dir='ltr'><strong>Sanctum</strong></span> <span class='ocrx_word' id='word_1_786' title='bbox 2865 5587 3076 5642; x_wconf 88' lang='lat' dir='ltr'><strong>quoque</strong></span> <span class='ocrx_word' id='word_1_787' title='bbox 3100 5572 3420 5642; x_wconf 69' lang='lat' dir='ltr'><strong>Gregorium</strong></span> <span class='ocrx_word' id='word_1_788' title='bbox 3447 5589 3652 5646; x_wconf 70' lang='lat' dir='ltr'><strong>magna:</strong></span> 
     </span>
    </p>
   </div>
   <div class='ocr_carea' id='block_1_114' title="bbox 2154 5837 2919 5910">
    <p class='ocr_par' dir='ltr' id='par_1_114' title="bbox 2154 5837 2919 5910">
     <span class='ocr_line' id='line_1_114' title="bbox 2154 5837 2919 5910; baseline 0.005 -20"><span class='ocrx_word' id='word_1_789' title='bbox 2154 5837 2270 5910; x_wconf 83' lang='lat'><strong>(79)</strong></span> <span class='ocrx_word' id='word_1_790' title='bbox 2293 5837 2424 5910; x_wconf 86' lang='lat' dir='ltr'><strong>Cap.</strong></span> <span class='ocrx_word' id='word_1_791' title='bbox 2451 5854 2470 5896; x_wconf 81' lang='grc' dir='ltr'><strong>ι</strong></span> <span class='ocrx_word' id='word_1_792' title='bbox 2495 5837 2704 5896; x_wconf 82' lang='lat' dir='ltr'><strong>Hicrar.</strong></span> <span class='ocrx_word' id='word_1_793' title='bbox 2737 5841 2919 5895; x_wconf 81' lang='lat' dir='ltr'><strong>eccles.</strong></span> 
     </span>
    </p>
   </div>
  </div>
