4088 6422
419 368 549 430 1231

1513 371 1763 436 lSAACI
1806 337 2179 431 ARMENLE
2217 367 2650 428 CATHOLlCt.

3545 367 3686 431 1‘23‘2

411 489 679 546 Armeniae
719 491 1056 563 episcopum,
1086 492 1302 562 quando
1331 507 1470 549 cxcu
1504 492 1784 548 hominum
1819 488 1992 560 bapti-

2101 486 2193 540 τὸν
2226 484 2497 541 διάϐολον.
2543 506 2561 536 ι
2596 483 2705 539 Καὶ
2732 485 2758 538 6
2793 484 2947 552 ἅγιος
2982 483 3284 556 Γρηγὸριος
3316 484 3410 555 τῆς
3438 488 3686 556 μεγάλης

417 583 582 646 zavit,
617 597 679 636 ac
723 597 846 637 cum
892 599 1030 640 εχει
1075 584 1127 638 in
1174 583 1447 654 Euphrate
1490 583 1746 650 ﬂumine;
1791 584 1996 650 scripto

417 675 673 728 traditum
719 675 917 729 habent
961 677 1010 730 in
1055 676 1210 732 libris
1258 677 1390 742 suis,
1427 686 1571 732 tanta
1617 675 1792 730 oleum
1839 675 1994 742 cepia

414 766 693 832 infudisse,
723 777 779 820 ut
809 777 980 821 totum
1023 769 1448 838 circumquaque
1495 768 1748 837 populum
1793 766 1845 819 in
1891 765 1994 818 Πει-

415 859 558 912 mine
584 860 844 930 cingeret.
875 860 980 915 Sed
1013 871 1063 915 et
1091 861 1157 915 de
1188 873 1376 916 sancto
1409 860 1674 914 Silvestre
1700 859 1752 912 in
1779 856 1996 925 scriptis

412 947 632 1016 habent,
662 965 781 1003 cuin
827 951 1204 1021 baptizaturus
1247 963 1392 1007 esset
1431 967 1682 1022 magnum
1725 949 1996 1003 Constan-

409 1040 612 1105 tinum,
665 1041 886 1096 tinxisse
945 1043 1066 1098 oleo
1125 1059 1188 1098 ac
1248 1043 1588 1112 baptizassc;
1645 1039 1994 1095 nihilominus

408 1128 647 1182 Arinenii
677 1141 1009 1199 unguentum
1045 1147 1151 1185 non
1188 1131 1411 1188 habent.

1041 1401 1270 1458 Hazresis
1310 1404 1396 1458 l7.

480 1495 622 1551 XXI.
675 1496 929 1552 Omniqu
991 1493 1371 1549 mandatorum
1436 1492 1532 1548 Dei
1591 1501 1994 1562 trangressorcs

408 1589 609 1654 cll‘eeti,
635 1592 685 1642 in
716 1605 810 1644 sua
837 1602 1055 1658 quoque
1085 1596 1270 1641 errant
1295 1587 1559 1641 oratione.
1578 1584 1826 1639 Christus
1847 1583 1990 1637 enim

412 1684 618 1738 sanctis
650 1681 763 1735 suis
793 1679 1074 1749 discipulis
1105 1693 1172 1732 ac
1206 1677 1486 1747 aposwlis,
1521 1677 1590 1730 ita
1625 1676 1760 1731 dixit
1784 1690 1943 1730 orare
1973 1691 1988 1728 :

411 1774 571 1829 Pater
602 1785 798 1838 noster,
829 1773 916 1843 qui
949 1789 1002 1826 es
1034 1772 1088 1824 in
1124 1770 1350 1824 caelis".
1394 1768 1468 1822 Illi
1504 1782 1636 1823 vero
1677 1768 1750 1822 ita
1791 1781 1990 1822 sanxe-

2119 579 2437 650 Ἀρμενίας,
2465 580 2554 631 ὅτε
2584 577 2852 631 ὲϐἁπτισε
2885 578 2984 640 τὰς
3017 577 3081 630 ιθ¹
3127 577 3421 647 μυριάδας,
3466 579 3685 638 καὶτὰς

2109 671 2176 741 ιβ’
2197 671 2463 742 μυριάδας
2483 673 2539 723 ἐν
2577 670 2655 740 τῷ
2682 669 2946 741 Εὐφράτῃ
2986 668 3239 738 ποταμῷ,
3277 669 3510 739 ἐγράφει
3565 669 3685 738 (80)

2103 764 2161 815 έν
2191 765 2311 825 ταῖς
2339 761 2543 832 βίϐλοις
2576 763 2778 826 αὐτῶν,
2803 762 2884 814 ὅτι
2909 764 2936 815 6
2991 762 3164 832 μέγας
3221 761 3524 831 Γρηγόριος
3554 779 3684 814 τοσ-

2103 853 2262 908 οῦτον
2289 855 2486 924 ἑπέχεε
2523 854 2584 906 τὸ
2607 855 2786 908 ἔλαιον
2847 855 2926 916 είς
2961 855 3050 905 τὸν
3079 851 3323 905 τοιοῦτον
3359 851 3509 918 λαὸν,
3541 852 3682 906 ὥστε

2104 947 2516 1016 περιεκύκλωσε
2551 947 2643 998 τὸν
2689 945 2817 998 λαὸν
2843 945 2903 996 τὸ
2961 944 3141 999 ἔλαιον
3180 945 3238 996 ἐν
3286 942 3364 1013 τῷ
3423 944 3682 1013 ποταμῷ.

2107 1038 2331 1107 Ἔχουσι
2359 1037 2414 1090 δὲ
2444 1037 2534 1090 καὶ
2559 1039 2648 1090 τὸν
2675 1036 2828 1105 ἆγιον
2867 1036 3192 1107 Σίλϐεστρον
3247 1035 3563 1107 ἐγγράφως,
3592 1037 3685 1089 ὅτε

2103 1129 2295 1198 ἔμελλε
2330 1128 2597 1199 βαπτίσαι
2630 1129 2721 1182 τὸν
2751 1129 2930 1198 μέγαν
3002 1129 3436 1191 Κωνσταντῖνον,
3507 1126 3682 1194 λέγει,

2101 1221 2183 1272 ὅτι
2226 1220 2320 1272 καὶ
2350 1220 2546 1289 χρίσας
2575 1219 2736 1272 αὐτὸν
2766 1217 2958 1287 ἐλαίῳ,
2998 1218 3293 1271 ἐϐάπτισεν
3346 1218 3532 1269 αὐτόν.
3570 1216 3684 1268 Καὶ

2101 1312 2260 1366 αὐτοὶ
2302 1313 2350 1365 οἱ
2395 1313 2676 1383 Ἀρμένιοι
2711 1311 2922 1381 χρίσμα
2950 1311 3050 1362 οὐκ
3069 1310 3307 1380 ἔχουσιν.

2685 1407 2927 1474 Αἵρεσις
2959 1405 3045 1471 ιζ’.

2172 1497 2302 1552 KA‘.
2324 1499 2447 1551 ’Ότι
2475 1498 2791 1567 παραϐάται
2816 1499 3036 1551 πάντων
3055 1497 3164 1550 τῶν
3181 1497 3411 1550 ἐντολῶν
3430 1495 3524 1549 τοῦ
3543 1493 3682 1549 Θεοῦ

2101 1591 2405 1663 γενόμενοι,
2448 1591 2748 1662 σφάλλουσι
2798 1592 2894 1645 καὶ
2937 1591 2996 1644 ὲν
3025 1593 3093 1660 τῇ
3129 1591 3260 1661 εὐχῇ
3319 1589 3519 1642 αὐτῶν.
3545 1584 3682 1640 Εἰπε

2099 1685 2209 1755 γὰρ
2238 1686 2266 1738 6
2290 1684 2524 1756 Χριστὸς
2548 1687 2662 1748 τοῖς
2697 1683 2876 1753 ἁγίοις
2907 1682 3079 1737 αὑτοῦ
3116 1683 3389 1752 μαθηταῖς
3430 1682 3523 1733 καὶ
3549 1681 3683 1732 ἁπο-

2101 1775 2333 1841 στόλοις,
2391 1775 2566 1840 οὕτως
2607 1775 3042 1846 προσεύχεσθαι’
3103 1773 3296 1841 Πάτερ
3348 1771 3516 1842 ἡμῶν
3546 1775 3579 1826 ό
3611 1773 3685 1824 ἐν

411 1875 533 1922 runt
579 1883 594 1920 :
642 1865 717 1920 Ne
748 1864 871 1932 quis
906 1864 1102 1917 audeat
1131 1861 1341 1926 dicere,
1375 1860 1538 1916 Pater
1568 1869 1760 1923 noster,
1795 1859 1846 1912 in
1883 1858 1992 1912 ulla

2099 1863 2223 1929 τοῖς
2304 1863 2587 1932 οὐρανοῖς
2615 1881 2626 1892 ·
2661 1866 2754 1917 καί
2799 1865 2954 1917 αὐτοὶ
2997 1864 3363 1931 ὲδογμάτισαν
3397 1877 3412 1892 ·
3470 1861 3680 1931 Μηδεὶς

412 1958 686 2023 oratione,
704 1957 821 2011 sive
847 1955 1122 2019 sacerdos,
1143 1955 1258 2008 sive
1278 1952 1470 2016 laicus,
1489 1963 1716 2020 excepto
1738 1951 1998 2004 duntaxat

409 2059 698 2120 peragentc
745 2061 857 2103 rem
901 2061 1116 2101 sacram
1167 2044 1304 2117 (8i).
1353 2043 1461 2099 Nec
1506 2045 1609 2098 hoc
1654 2042 1852 2097 mirum
1905 2050 1996 2094 aint

409 2157 605 2195 novum
635 2140 806 2195 videri
835 2139 1016 2195 debet.
1039 2137 1194 2194 Sicut
1221 2136 1368 2192 enim
1397 2136 1538 2191 Deus
1559 2135 1794 2189 Abrahtc
1819 2135 1954 2188 dixit
1978 2150 1994 2187 :

409 2235 558 2302 lfjice
599 2233 854 2288 ancillam
885 2240 934 2285 et
968 2231 1140 2300 ﬁlium
1184 2230 1332 2298 eius;
1380 2245 1484 2283 non
1526 2230 1663 2282 enim
1699 2230 1799 2282 erit
1829 2227 1996 2280 literas

403 2326 553 2395 ﬁlius
582 2325 796 2380 αηείίίιε
827 2341 944 2378 cum
973 2323 1086 2386 ﬁlio
1119 2325 1296 2377 liberie
1318 2323 1363 2354 ⁶⁰
1399 2340 1412 2377 :
1445 2322 1525 2378 sic
1559 2335 1658 2375 nec
1690 2320 1880 2392 gratias
1909 2319 1995 2374 di-

409 2422 545 2474 vina:
583 2420 807 2487 placuit,
831 2427 890 2472 ut
918 2416 1159 2472 haeretici
1191 2430 1254 2470 ac
1285 2417 1460 2470 aliena
1488 2431 1518 2468 a
1545 2414 1646 2468 [ide
1675 2411 1994 2476 sentientes,

2099 1955 2344 2028 τολμήσῃ
2411 1958 2586 2010 εἰπεῖν
2641 1956 2726 2021 τὸ,
2784 1957 2974 2024 Πάτερ
3033 1957 3222 2024 ἡμῶν,
3284 1956 3365 2018 είς
3419 1955 3684 2023 οὐδεμίαν

2103 2049 2580 2119 προσευχὴν,οὑδὲ
2620 2049 2970 2120 ίερεὺς,οὺδὲ
3018 2049 3230 2113 λαῖκδς,
3282 2049 3331 2101 εί
3382 2047 3456 2119 μὴ
3516 2047 3682 2116 μόνον

2101 2143 2128 2192 ὁ
2155 2141 2508 2210 λειτουργῶν.
2559 2144 2670 2197 Καὶ
2693 2144 2853 2196 τοῦτο
2879 2143 3033 2196 οὐδὲν
3061 2142 3398 2212 θαυμαστὸν,
3441 2141 3560 2194 οὐδὲ
3589 2140 3681 2204 ξέ-

2100 2248 2209 2285 νον.
2255 2233 2410 2286 Ἐπεὶ
2441 2232 2626 2298 καθὼς
2660 2229 2817 2287 εἶπεν
2848 2237 2876 2288 6
2904 2235 3034 2298 Θεὸς
3061 2235 3138 2304 τῷ
3204 2234 3459 2303 Ἀϐραάμ
3479 2251 3492 2265 ⁸
3545 2235 3676 2287 ’Ότι

2103 2324 2364 2378 Ἔκϐαλε
2409 2325 2525 2393 τὴν
2581 2325 2936 2394 παιδίσκην,
2971 2327 3069 2380 καί
3100 2328 3207 2380 τὸν
3233 2325 3418 2380 παῖδα
3451 2325 3644 2394 αὐτῆς
3665 2344 3680 2356 ο

2099 2418 2171 2470 οὺ
2205 2415 2316 2485 γὰρ
2332 2416 2419 2486 μὴ
2475 2419 2921 2486 κληρονομήσει
2957 2423 2991 2474 ό
3024 2421 3154 2485 υίὸς
3187 2418 3295 2486 τῆς
3326 2417 3678 2485 παιδίσκης.

408 2513 574 2566 Deum
606 2510 824 2565 Patrem
858 2512 1194 2574 invocarent,
1229 2519 1391 2578 atque
1424 2508 1490 2562 ad
1520 2505 1614 2562 Dei
1648 2506 1992 2577 adOptiouetn

2099 2512 2244 2577 μετὰ
2275 2510 2381 2564 τοῦ
2412 2511 2549 2566 υἱοῦ
2604 2510 2715 2580 τῆς
2766 2512 3108 2581 ἐλευθέρας.
3162 2511 3320 2566 Οὕτω
3369 2513 3522 2581 καὶὴ
3557 2511 3680 2563 (ista

408 2620 513 2660 una
540 2622 660 2660 cum
692 2604 1021 2659 orthodoxis
1049 2602 1320 2658 venirent.

1041 2886 1271 2942 eresis
1303 2884 1391 2941 18.

481 2981 641 3038 XXII.
683 2983 738 3038 In
788 2981 1058 3052 baptismo
1105 2996 1211 3035 non
1257 2977 1529 3034 insutllant
1574 2976 1928 3047 baptizandos
1975 2989 1991 3028 :

407 3094 566 3148 quem
601 3079 763 3131 ritum
800 3075 1105 3129 invenimus
1139 3073 1192 3126 in
1235 3070 1468 3126 diversis
1511 3069 1644 3124 locis
1681 3066 1893 3122 Veteris
1931 3080 1995 3120 ac

2098 2603 2281 2673 χάρις,
2316 2604 2415 2657 οὐκ
2445 2603 2707 2676 εὐδόκησε
2741 2605 2870 2669 τοὺς
2896 2604 3259 2676 ἑτεροδὸξους,
3281 2605 3372 2658 καί
3393 2604 3676 2672 ἀλλοτριό-

2101 2713 2302 2765 φρονας
2334 2699 2716 2752 ἐπικαλεῖσθαι
2744 2701 2836 2753 τὸν
2859 2699 2992 2754 Θεὸν
3021 2700 3263 2768 Πατέρα,
3303 2701 3396 2753 καὶ
3427 2703 3506 2763 εἰς
3556 2701 3676 2752 υίο-

2100 2789 2288 2844 θεσίαν
2327 2791 2462 2846 Θεοῦ
2497 2791 2694 2859 ἐλθεῖν,
2726 2793 2869 2864 μετὰ
2897 2793 3008 2846 τῶν
3047 2793 3368 2865 όρθοδόξων.

2687 2889 2928 2956 Αἵρεσις
2962 2895 3054 2959 ιη’.

2171 2976 2296 3033 KB'.
2340 2979 2463 3034 ’Ότι
2517 2981 2596 3043 εἰς
2621 2981 2680 3032 τὸ
2715 2979 2999 3050 βάπτισμα
3059 2982 3160 3034 οὐκ
3207 2980 3510 3051 ὲμφυσοῦσι
3548 2982 3677 3044 τοὺς

2062 3066 2556 3139 ίβαπτιζομένονς,
2598 3073 2737 3140 ὅπερ
2785 3073 2866 3134 εἰς
2914 3071 3206 3142 διαφόρους
3250 3072 3452 3135 τόπους
3522 3071 3647 3142 εὐρί

404 3169 539 3224 Novi
591 3168 944 3224 Testamenti.
991 3167 1134 3222 Sane
1188 3165 1263 3219 ait
1310 3162 1604 3233 Gregorius
1646 3161 1986 3230 Theologus,

2101 3174 2305 3228 σκομεν
2332 3159 2576 3223 Παλαιᾶς
2603 3177 2663 3213 τε
2694 3161 2787 3213 καὶ
2833 3159 2999 3224 Νέας.
3048 3159 3106 3212 '0
3161 3161 3261 3229 μὲν
3309 3161 3610 3232 Βρηγὸριος
3651 3163 3684 3214 6

404 3263 656 3316 o'ratione
685 3261 738 3315 in
773 3259 1068 3314 crastinum
1100 3256 1345 3326 ιιι-πριιιιθὶ
1375 3255 1480 3309 diei
1509 3252 1631 3307 festi
1659 3251 1946 3306 Luminum
1973 3265 1992 3310 :

410 3373 430 3407 ι
483 3353 622 3409 Tres
669 3353 932 3407 adversus
976 3347 1371 3417 Sarephthanaa
1419 3346 1588 3399 lilium
1637 3343 1996 3400 inhalatioues

407 3448 604 3509 habeo,
629 3455 688 3500 ut
714 3452 770 3499 et
803 3453 1046 3497 mortuos
1081 3440 1335 3494 suscitctn
1373 3437 1508 3509 (84).
1546 3455 1565 3489 ι
1601 3437 1740 3492 Alibi
1779 3453 1996 3507 quoque

409 3540 464 3595 in
507 3541 663 3595 libris
706 3539 896 3595 scribit
933 3555 947 3591 :
992 3555 1011 3588 ι
1049 3533 1476 3598 lnhalationent,
1511 3533 1740 3602 primmn
1777 3534 1992 3601 quidem

406 3633 682 3688 vivitlcare
728 3633 991 3698 animam,
1022 3643 1088 3686 ac
1129 3629 1183 3685 in
1227 3628 1384 3700 aquis
1427 3628 1800 3700 sepelientcm,
1830 3629 1996 3684 Chri-

403 3733 545 3780 stum
583 3725 831 3781 induere.
871 3741 891 3776 ι

1033 3811 1268 3867 Ηιενεδίε
1302 3811 1389 3868 I9.

477 3905 667 3961 XXIII.
702 3903 1054 3960 Venerabiles
1100 3920 1164 3960 ac
1215 3919 1400 3960 sacras
1446 3905 1706 3975 imagines
1764 3904 1990 3970 Christi,

404 4009 463 4053 et
491 3999 756 4068 Deiparae,
788 4013 850 4054 ac
881 4009 1194 4053 sanctorum
1223 4013 1326 4052 non
1358 3998 1586 4053 adorant
1613 4038 1627 4062 ,
1657 4013 1780 4052 cum
1810 4010 1992 4055 tamen

405 4089 639 4143 habeant
680 4089 732 4142 in
778 4088 894 4143 suis
945 4088 1099 4142 libris
1143 4089 1318 4142 Sancti
1351 4088 1593 4142 Silvestri
1637 4086 1847 4155 Vitam,
1883 4102 1988 4157 qua

403 4181 667 4246 habetur,
717 4188 775 4233 ut
823 4195 1049 4248 magnus
1099 4180 1491 4235 Constantinus
1538 4196 1632 4248 per
1681 4193 1992 4237 sanctorum

402 4273 549 4328 Petri
594 4284 646 4328 et
695 4273 846 4326 Pauli
892 4273 1187 4342 imagines,
1223 4273 1470 4327 veritatis
1512 4275 1882 4341 COguitionem
1927 4290 1992 4331 ac

352 4408 367 4417 .
401 4364 632 4419 salutem
667 4366 895 4432 aleptus
927 4361 1018 4415 sit.
1052 4359 1286 4415 Rursum
1319 4376 1535 4430 quoque
1571 4364 1759 4418 scribit
1781 4363 1992 4433 Grego-

403 4456 518 4509 rius
567 4454 772 4525 lrlagna:
819 4451 1090 4506 Armeniae
1151 4469 1165 4507 :
1227 4451 1378 4517 Quod
1431 4455 1596 4508 sciret
1670 4453 1810 4509 Deus
1869 4469 1992 4511 esse

2100 3251 2360 3320 Θεολόγος
2378 3253 2526 3318 λέγει
2557 3253 2638 3315 εἰς
2669 3251 2769 3322 τὴν
2798 3252 2923 3322 χοὲς
2977 3252 3092 3323 (82)
3154 3256 3218 3322 τῇ
3286 3254 3518 3324 λαμπρᾷ
3565 3256 3676 3306 τῶν

2097 3341 2330 3396 Φώτων·
2369 3362 2386 3395 ι
2433 3344 2583 3413 Ἐχω
2606 3347 2754 3414 τρεῖς
2807 3347 3192 3415 ὲμφυσισμοὺς
3249 3345 3391 3399 κατὰ
3437 3346 3548 3414 (83)
3580 3345 3673 3398 τὸν

2099 3434 2214 3488 υἱὸν
2243 3433 2344 3504 τῆς
2368 3435 2739 3504 Σαραφοείας,
2783 3434 2926 3488 ὥστε
2960 3435 3056 3487 καὶ
3082 3436 3312 3504 νεκροὺς
3361 3437 3610 3505 ἁνιστᾷν.
3646 3458 3665 3485 ι

2098 3525 2209 3580 Καὶ
2240 3526 2476 3598 ἀλλαχοῦ
2496 3528 2698 3598 γράφει
2723 3529 2779 3580 ἐν
2801 3529 2921 3592 ταῖς
2948 3526 3173 3598 βίϐλοις,
3205 3528 3310 3592 ὅτι,
3335 3545 3353 3578 ι
3377 3527 3434 3582 Ὀ
3455 3527 3554 3598 μὲν
3570 3530 3673 3596 ὲμο

2098 3622 2390 3691 φυσισμὺς,
2440 3621 2659 3690 πρῶτον
2695 3619 2794 3691 τὴν
2850 3620 3030 3691 ψυχὴν
3078 3619 3357 3683 ζωοποιεῖ,
3417 3625 3512 3673 καὶ
3571 3618 3675 3674 θά-

2099 3732 2250 3769 πτων
2275 3715 2332 3766 έν
2358 3716 2470 3778 τοῖς
2503 3713 2679 3779 ὕδασι,
2708 3713 2799 3766 τὸν
2824 3713 3056 3782 Χριστὸν
3105 3713 3371 3768 ἐνδύεται.
3405 3732 3422 3764 ι

2718 3806 2963 3873 Αἵρεσις
3000 3805 3084 3859 ιϐ’.

2172 3895 2301 3950 ΚΓ.
2345 3896 2471 3950 Ὀτι
2509 3895 2604 3958 τὰς
2639 3897 2842 3959 σεπτὲις
2865 3897 2959 3950 καὶ
2991 3895 3153 3964 ἁγίας
3181 3895 3394 3961 εἰκόνας
3413 3897 3507 3951 τοῦ
3537 3899 3676 3968 Χρι-

2098 3988 2248 4053 στοῦ,
2275 3990 2367 4043 καὶ
2387 3989 2487 4058 τῆς
2513 3987 2800 4054 Θεοτόκου,
2823 3989 2917 4043 καί⁵
2971 3989 3080 4043 τῶν
3165 3990 3336 4058 ἁγίων
3377 3991 3440 4044 οὐ
3497 4008 3674 4062 προσ-

2096 4081 2320 4137 κυνοῦσι
2381 4082 2478 4134 καὶ
2513 4081 2731 4151 ἔχουσιν
2778 4083 2836 4135 ὲν
2892 4085 3012 4146 ταῖς
3080 4081 3284 4152 βίϐλοις
3336 4083 3518 4136 αὐτῶν
3577 4088 3674 4137 τοῦ

2097 4172 2255 4239 ἁγίου
2285 4169 2618 4242 Σιλϐέστρου
2645 4171 2735 4224 τὸν
2778 4170 2892 4240 βίον
2913 4188 2928 4203 ο
2958 4173 3044 4225 ὅτι
3073 4175 3101 4226 6
3133 4172 3310 4243 μέγας
3334 4175 3682 4228 Κωνσταντί-

2096 4279 2184 4326 νος
2220 4261 2310 4316 διὰ
2335 4264 2445 4315 τῶν
2494 4262 2669 4333 ἁγίων
2725 4265 2954 4318 εἰκόνων
3017 4265 3226 4338 Πέτρου
3278 4267 3374 4320 καὶ
3433 4267 3672 4333 Παύλου,

2096 4355 2312 4423 ἐπέγνω
2327 4355 2428 4425 τὴν
2460 4353 2719 4427 ἀλήθειαν
2751 4357 2847 4411 καὶ
2881 4357 2980 4427 τὴν
3013 4358 3291 4428 σωτηρίαν
3329 4359 3518 4413 αὐτοῦ.
3561 4361 3678 4414 Καὶ

2097 4448 2260 4504 πάλιν
2289 4449 2588 4520 Γρηγόριος
2636 4449 2735 4520 τῆς
2786 4451 3032 4521 μεγάλης
3089 4451 3387 4522 Ἀρμενίας
3446 4454 3675 4525 γράφει,

402 4545 650 4601 homines
677 4545 997 4599 adoratores
1027 4543 1344 4613 imaginum,
1369 4543 1610 4601 noluisse
1639 4545 1707 4600 ab
1735 4546 1837 4601 hac
1863 4547 1984 4604 illos

2099 4543 2175 4595 ὅτι
2201 4540 2356 4606 εἰδὼς
2377 4544 2404 4595 6
2429 4542 2562 4605 Θεὸς
2595 4542 2719 4605 τοὺς
2747 4541 3066 4612 ἀνθρώπους
3102 4543 3513 4616 εἰκονολάτρας,
3568 4545 3672 4598 οὐκ

397 4637 788 4692 consuetudine
829 4633 1150 4705 prohibere;
1198 4635 1294 4690 sed
1336 4651 1432 4704 pro
1477 4635 1584 4690 illis
1629 4636 1982 4706 imaginibus,

397 4743 576 4792 suam,
609 4742 673 4781 ae
702 4726 1018 4791 Genitricis,
1046 4725 1398 4796 omniumque
1427 4736 1740 4783 sanctorum
1771 4729 1988 4786 dedisse

397 4819 693 4888 imagines,
725 4832 789 4871 ac
811 4819 928 4874 loco
961 4819 1263 4886 idolorum,
1297 4819 1590 4887 pretiosam
1623 4834 1687 4875 ac
1720 4822 1990 4878 viviﬁcam

397 4923 640 4962 crucem.

1032 5084 1262 5142 Hamis
1288 5087 1378 5144 20.

473 5171 656 5228 XXtV.
693 5173 794 5227 Per
835 5184 1076 5229 sanctam
1122 5178 1602 5249 Quadragesitnam
1650 5193 1755 5234 non
1798 5179 2001 5251 ingre-_

402 5262 624 5319 diuntur
649 5263 966 5331 ecclesiam,
996 5279 1094 5319 nec
1125 5281 1342 5321 crucem
1375 5269 1623 5324 adorant.

1031 5353 1262 5410 Iliensis
1292 5357 1381 5412 21.

469 5447 634 5504 XXV.
665 5448 874 5505 Scitum
911 5458 1229 5515 sanxerunt,
1260 5461 1318 5504 ut
1348 5453 1392 5506 si
1425 5454 1545 5523 quis
1581 5453 1874 5511 Sabbatum
1909 5472 1973 5514 ac

471 5564 517 5595 δ’
538 5563 732 5620 Matth.
755 5580 809 5633 ν,
835 5565 891 5620 9.
969 5565 1015 5596 ⁶⁰
1037 5565 1173 5622 Gen.
1203 5581 1318 5635 xxi,
1349 5567 1436 5620 IO.

469 5683 586 5760 (89)
615 5685 784 5760 Forte
813 5688 1136 5760 ἐγεγράφει.

466 5755 580 5828 (3i)
605 5757 802 5828 ponl‘er
827 5755 994 5814 Cone.
1031 5755 1204 5814 Tolet.
1241 5774 1314 5826 vr,
1349 5773 1471 5828 cap.
1514 5760 1602 5814 IO.

463 5827 573 5895 (82)
605 5824 746 5895 Lege
773 5829 870 5899 τῆς
908 5830 1191 5901 λαμπρᾶς.

2095 4635 2363 4705 ¹ἠθέλησεν
2396 4633 2632 4698 ἀὐτοὺς
2697 4633 2798 4704 τὴν
2877 4635 3166 4706 συνήθειαν
3229 4637 3410 4691 αὐτῶν
3466 4638 3673 4691 ἀποκό-

2097 4727 2227 4798 ψαι’
2267 4726 2384 4780 ἀλλ’
2433 4725 2556 4780 ἀντὶ
2610 4725 2720 4780 τῶν
2771 4726 3020 4796 εἰκόνων,
3096 4728 3264 4784 ἔδωκε
3317 4731 3416 4796 τὴν
3471 4731 3672 4784 ἑαυτοῦ

2101 4820 2286 4875 εἰκόνα
2315 4820 2412 4874 καὶ
2456 4821 2691 4892 μορφὴν,
2716 4821 2812 4873 καὶ
2841 4819 2941 4890 τῆς
2969 4821 3259 4886 Θεοτὸκου,
3290 4822 3385 4876 καὶ
3451 4822 3672 4876 πάντων

2103 4913 2213 4968 τῶν
2243 4914 2442 4982 ἁγίων·
2473 4914 2570 4966 καὶ
2602 4915 2725 4967 ἀντὶ
2753 4911 2859 4965 τῶν
2888 4913 3126 4966 εἰδώλων
3187 4915 3278 4968 τὸν
3337 4914 3517 4986 τίμιον
3577 4917 3676 4969 καὶ

2093 5004 2358 5070 ζωοποιδν
2392 5003 2647 5073 σταυρόν.

2690 5095 2934 5165 Αἵρεσις
2975 5101 3044 5152 κ’.

2163 5185 2292 5240 KA'.
2330 5184 2452 5238 Ὅτι
2477 5184 2578 5255 τὴν
2610 5184 2773 5253 ἁγίαν
2800 5185 3260 5256 Τεσσαρακοστὴν
3281 5187 3359 5249 εἰς
3377 5185 3674 5257 ἐκκλησίαν

2090 5280 2191 5333 οὐκ
2226 5279 2589 5349 εἰσέρχονται,
2617 5278 2711 5330 καὶ
2748 5279 2981 5349 σταυρὸν
3005 5279 3066 5331 οὐ
3094 5279 3513 5350 προσκυνοῦσιν.

2691 5369 2933 5438 Αἵρεσις
2968 5370 3073 5424 κα’.

2162 5462 2290 5516 ΚΕ’.
2317 5463 2555 5534 Ἔθηκεν
2576 5461 2953 5533 Θεσμοθεσίαν.
2984 5465 3065 5519 ὅτι
3096 5466 3150 5519 εἰ
3180 5482 3261 5531 τις
3280 5465 3556 5519 Σάϐϐατον
3577 5463 3678 5517 καὶ

2167 5696 2280 5771 (ζιᾷ)
2315 5699 2472 5771 ᾼριιᾱ
2500 5698 2662 5771 Greg.
2695 5697 2790 5753 τοῦ
2821 5699 2962 5753 υἰοῦ.

2161 5767 2273 5838 (ει)
2306 5767 2454 5824 erat.
2489 5771 2582 5824 ιο.
