4088 6406
388 405 526 471 1933

1451 396 1735 458 ORATIO
1774 395 1831 454 II
1876 391 2180 454 CONTRA
2220 387 2641 452 ARMENIOS.

3536 379 3672 446 123%

389 520 706 596 Κυριακὴν,
742 519 1151 592 συναριθμὴσει
1200 517 1280 582 είς
1352 516 1611 587 νηστείαν
1668 513 1828 576 ἐκτὸς
1874 512 1986 566 τῶν

2103 508 2453 573 Dominicam,
2487 505 2678 561 diebus
2706 501 2903 575 jejunii
2928 509 3306 565 conanmeret,
3334 506 3557 568 excepta
3590 498 3677 553 die

384 619 607 681 Φώτων,
634 614 885 685 ἀνάθεμα
914 612 1075 667 ἔστω,
1114 611 1227 665 Καὶ
1260 608 1595 678 Φοϐούμενοι
1651 606 1749 678 τὴν
1790 604 1981 660 τοιαύ-

384 729 486 782 την
515 709 762 779 κατάραν
788 705 1063 777 τρώγουσι
1141 703 1243 773 τὴν
1274 702 1439 771 ἁγίαν
1487 697 1979 768 Τεσσαρακοστὴν,

386 804 674 859 Σάϐϐατον
720 799 819 854 καὶ
870 798 1198 869 Κυριακὴν,
1250 796 1451 865 τυρόνο
1514 794 1668 849 ἄλλοι
1728 791 1984 863 φανερῶς

388 896 487 951 καὶ
522 895 679 950 ἄλλοι
708 892 1018 964 λαθραίως.

986 984 1228 1052 Αἵρεσις
1279 981 1384 1052 κβ’.

463 1083 606 1148 KC’.
638 1081 762 1133 ’Ότι
787 1077 882 1141 τὰς
912 1078 1101 1148 μνείας
1123 1077 1234 1130 τῶν
1264 1076 1438 1145 ἁγίων
1469 1073 1569 1127 οὐκ
1621 1075 1827 1143 ἔχουσι,
1885 1069 1991 1124 καὶ

388 1175 663 1246 ἀλλότριοί
711 1174 842 1237 εἰσι,
907 1173 1004 1227 καὶ
1055 1170 1375 1242 ἀγνώμονες
1430 1170 1537 1222 ἀπὸ
1602 1170 1821 1222 πάντων
1874 1165 1987 1219 τῶν

388 1270 598 1337 ἁγίων·
633 1267 731 1319 καὶ
780 1267 841 1319 ού
900 1266 1229 1335 προσέχουσι
1300 1263 1394 1315 τὸν
1453 1260 1849 1332 Χρυσόστομον
1898 1256 1989 1308 λέ-

388 1378 555 1430 γοντα
572 1376 584 1391 '
614 1361 696 1413 ὅτι
719 1378 738 1411 ι
761 1359 851 1411 Ἐν
878 1358 1047 1428 πολλῇ
1072 1354 1358 1429 παρρησίᾳ
1388 1354 1559 1426 ὁρῶσι
1578 1352 1668 1406 τὸν
1690 1352 1848 1415 Θεὸν,
1873 1352 1989 1404 ὅσοι

390 1453 651 1525 φιλεόρτῃ
702 1453 796 1506 καὶ
824 1450 1024 1523 ζεούσῃ
1078 1451 1224 1521 ψυχῇ
1293 1446 1602 1501 ἐπιτελοῦσι
1654 1446 1755 1509 τάς
1794 1443 1985 1514 μνείας

389 1543 500 1595 τῶν
544 1542 737 1609 ἀγίων.
783 1560 801 1593 ι
850 1542 961 1595 Καὶ
1050 1541 1080 1593 6
1158 1540 1315 1607 ἅγιος
1388 1537 1672 1599 Βασίλειος
1729 1536 1979 1604 γράφει·

397 1653 414 1686 ι
449 1635 766 1703 Μαρτύρων
839 1634 1059 1703 μνήμης
1134 1631 1221 1694 τίς
1281 1630 1349 1684 ἂν
1402 1630 1613 1697 γένοιτο
1698 1626 1861 1697 κόρος
1912 1626 1991 1695 τῷ

393 1728 802 1798 φιλομάρτυρις
878 1744 897 1776 ι
980 1725 1091 1778 Καὶ
1174 1723 1330 1777 αὐτοὶ
1373 1722 1669 1791 ἐγγράφως
1746 1720 1987 1789 ἔχουσιν,

392 1823 473 1875 ὅτι
516 1838 533 1872 ι
577 1821 780 1890 Ὶερεὺς
810 1821 837 1872 6
871 1819 945 1889 μὴ
997 1816 1244 1888 κατέχων
1270 1817 1367 1879 τὰς
1400 1815 1594 1886 ἑορτὰς
1621 1818 1677 1869 ἐν
1702 1813 1982 1884 ἀκριϐείᾳ,

395 1910 790 1982 καθαιρείσθω.
827 1930 846 1963 ι
890 1912 1014 1965 Ὀτι
1069 1910 1167 1980 τὴν
1224 1910 1483 1979 κοίμησιν
1534 1907 1635 1976 τῆς
1687 1906 1976 1967 Θεοτόκου,

395 2005 490 2058 καὶ
514 2005 612 2074 τὴν
645 2003 854 2074 ὖψωσιν
884 2002 978 2056 τοῦ
1030 2001 1214 2072 τιμίου
1267 2000 1525 2071 σταυροῦ,
1586 2002 1634 2053 εἰ
1687 2000 1827 2070 τάχα
1890 1999 1987 2051 καὶ

395 2095 769 2167 ἑορτάζουσιν,
827 2094 941 2147 ἀλλ’
996 2093 1073 2157 ὡς
1132 2094 1364 2147 κλέπται
1418 2090 1980 2155 ἁποδιαϐιϐἀζουσινο

395 2189 589 2242 ἄλλοτε
632 2186 947 2259 ἔμπροσθεν
980 2186 1090 2240 τῶν
1178 2186 1402 2256 ἑορτῶν,
1470 2184 1663 2238 ἄλλοτε
1728 2181 1980 2244 ὖπισθεν,

396 2280 491 2333 καὶ
520 2278 581 2330 οὐ
632 2277 966 2346 διανοίγεται
1012 2276 1196 2331 αὐτῶν
1226 2279 1252 2329 ὀ
1303 2276 1448 2341 νοῦς,
1517 2276 1808 2347 προσέχειν
1888 2273 1984 2326 τοῦ

395 2372 660 2439 Θεολόγου
685 2371 933 2439 λέγοντος
954 2371 1033 2433 εἰς
1050 2369 1141 2423 τὸν
1172 2369 1329 2438 ἅγιον
1358 2368 1677 2437 Κυπριανὸν
1701 2382 1717 2397 ·
1748 2366 1991 2434 ιΜικροῦ

398 2463 711 2536 Κυπριανὸς
744 2462 997 2533 διέρυγεν
1044 2463 1198 2533 ἡμῖν.
1251 2462 1317 2514 Ὤ
1347 2460 1445 2529 τῆς
1480 2459 1719 2530 ζημίαςί
1754 2479 1774 2513 ι
1803 2461 1895 2514 καὶ
1923 2460 1993 2514 τὰ

397 2550 547 2624 ἑξῆς.

400 2672 541 2741 Περὶ
595 2671 702 2741 τῆς
754 2671 1202 2741 ἐσκοτισμένης
1248 2669 1558 2741 ,νηστείας
1607 2666 1716 2722 τοῦ
1766 2665 1991 2735 ’Δρτῦιο

1083 2740 1351 2808 ϐουρίου.

971 2836 1218 2903 Αἵρεσις
1293 2831 1399 2900 κγ’.

472 2926 602 2982 ΚΖ’.
636 2924 1033 2995 Ὀτινηστείαν
1067 2925 1166 2992 τὴν
1197 2924 1503 2993 λεγομένην
1530 2920 1990 2991 ΙΙροφωνήσιμον,

399 3020 467 3092 ἦν
490 3018 804 3090 παρέλαϐον
838 3019 901 3071 ἐκ
921 3017 1029 3070 τῶν
1055 3016 1235 3071 ἀθέων
1270 3016 1366 3070 καὶ
1389 3016 1637 3085 βεϐήλων
1668 3014 1989 3085 αἱρετικῶν,

400 3111 511 3165 τῶν
537 3110 916 3181 συναχθέντων
950 3111 1005 3162 ἐν
1038 3110 1115 3180 τῷ
1139 3108 1403 3180 Ματζηκέ
1416 3126 1504 3180 ρτ,
1532 3108 1701 3179 ἤγουν
1731 3108 1798 3178 τῇ
1860 3107 1992 3158 Θεο-

2084 600 2395 666 Luminum,
2422 599 2713 654 anathema
2745 597 2816 652 sit
2846 614 2859 650 :
2890 608 3120 663 eamque
3144 594 3218 647 illi
3246 591 3675 647 inaledictionem

2087 696 2371 758 timentes,
2409 708 2503 762 per
2548 689 2991 761 Quadragcsimze
3041 685 3274 741 Sabbata
3323 699 3386 738 ac
3434 682 3677 737 Domini-

2086 802 2201 854 cas,
2236 795 2532 841 vescuntur
2570 798 2753 849 caseo,
2788 782 2877 836 alii
2922 780 3139 851 quidem
3185 778 3385 849 palam,
3418 776 3506 831 alii
3548 790 3680 831 vero

2089 879 2322 935 occulte.

2542 1039 2550 1047 .
2710 968 2942 1024 Ha'resis
2975 967 3064 1021 Ἡ.

2163 1064 2354 1119 XXVI.
2383 1064 2495 1119 Non
2530 1064 2732 1118 habent
2760 1072 3072 1117 sanctorum
3104 1058 3418 1123 memorias,
3446 1064 3683 1123 suntque

2093 1157 2255 1211 alieni
2286 1159 2353 1209 ah
2383 1156 2636 1209 omnibus
2668 1154 2892 1217 sanctis,
2921 1168 2983 1206 ac
3014 1151 3242 1220 improbi
3271 1168 3284 1204 :
3314 1163 3411 1203 nec
3439 1149 3681 1201 animum

2093 1251 2354 1305 adhibent
2381 1249 2776 1320 Chrysosmmo
2805 1246 3004 1300 dicenti
3038 1264 3051 1300 :
3088 1262 3106 1295 ι
3146 1243 3310 1297 Multa
3339 1257 3460 1296 cum
3491 1240 3685 1294 ﬁducia

2094 1342 2312 1396 visuros
2351 1339 2518 1393 Deum
2558 1353 2772 1403 omnes,
2799 1335 2893 1405 qui
2930 1333 3192 1389 festorum
3231 1343 3447 1385 amante
3477 1345 3541 1384 ac
3573 1328 3686 1383 fer-

2094 1433 2243 1489 venti
2275 1432 2480 1495 aniino,
2507 1440 2819 1484 sanctorum
2851 1426 3143 1482 memorias
3169 1424 3465 1479 celebrant.
3497 1441 3516 1475 ι
3549 1422 3688 1477 San-

2095 1535 2217 1581 ctus
2258 1540 2478 1595 quoque
2523 1523 2756 1580 Basilius
2797 1520 2987 1577 scribit
3036 1538 3052 1575 :
3103 1539 3121 1572 ι
3169 1516 3438 1573 Memoriae
3481 1524 3688 1585 marty—
3730 1546 3735 1549 μ

2098 1636 2241 1682 rum,
2272 1633 2519 1688 qumnam
2556 1626 2862 1689 martyrum
2899 1613 3102 1669 amanti
3135 1612 3355 1667 satietas
3389 1611 3488 1665 sit?
3525 1628 3543 1661 ι
3582 1608 3686 1664 Sed

2099 1717 2151 1760 et
2178 1707 2280 1775 ipsi
2311 1706 2517 1773 scripto
2546 1706 2922 1772 consignatum
2953 1702 3193 1757 habent:
3227 1719 3245 1752 ι
3278 1700 3334 1755 Si
3360 1701 3483 1770 quis
3513 1713 3691 1754 sacer-

2101 1801 2197 1853 dos
2226 1812 2328 1851 non
2360 1806 2552 1851 exacte
2581 1796 2698 1851 dies
2728 1795 2896 1849 festos
2927 1802 3105 1858 tenet,
3134 1794 3455 1862 deponatur.
3491 1810 3510 1843 ι
3547 1790 3689 1846 San-

2097 1900 2197 1945 ctae
2247 1890 2339 1944 Dei
2386 1889 2681 1945 Genitricis
2724 1886 3148 1947 Dormitionem,
3188 1893 3242 1939 et
3283 1882 3687 1938 Exaltationem

2097 1982 2348 2052 pretiosae
2384 1981 2596 2043 Crucis,
2638 1979 2849 2033 tametsi
2888 1978 3118 2033 forsitan
3155 1974 3453 2041 celebrent,
3486 1973 3688 2028 nihilu-

2098 2076 2279 2129 miuns
2318 2083 2497 2129 tamen
2534 2072 2713 2127 furum
2752 2085 2903 2127 more
2941 2069 3300 2131 transferunt,
3336 2066 3498 2122 modo
3538 2075 3688 2130 ante,

2100 2168 2259 2220 modo
2289 2175 2406 2237 post
2434 2165 2594 2230 festa,
2620 2164 2959 2219 celebrantes
2988 2179 3002 2216 :
3033 2175 3129 2216 nec
3160 2174 3350 2217 eorum
3379 2173 3533 2213 mens
3562 2172 3689 2227 ape-

2102 2259 2260 2321 ritur,
2290 2269 2347 2311 ut
2375 2257 2661 2311 attendant
2688 2254 2816 2326 quid
2845 2255 2990 2309 dicat
3018 2254 3313 2323 Gregorius
3342 2250 3593 2306 oratione
3626 2250 3680 2304 in

2100 2362 2349 2405 sanctum
2380 2350 2711 2420 Cyprianum
2748 2366 2761 2403 :
2801 2366 2819 2399 ι
2849 2346 3155 2418 Cyprianus
3180 2346 3293 2401 fere
3323 2360 3421 2401 nos
3453 2342 3640 2413 cil'ugit
3668 2358 3685 2398 :

2100 2447 2142 2498 υ
2175 2446 2363 2513 ingens
2392 2444 2647 2498 damnum
2682 2440 2826 2513 (86)!
2867 2460 2887 2493 ι
2918 2449 3024 2495 etc.

2370 2658 2443 2714 De
2477 2659 2697 2712 obscuro
2726 2656 3024 2710 Arlzebnrii
3045 2653 3255 2725 jejunio
3287 2650 3425 2723 (87).

2732 2835 2963 2891 eresis
2997 2834 3089 2890 23.

2170 2931 2382 2988 XXVII.
2418 2931 2687 3000 Jejnnium
2733 2930 3030 2985 observant
3067 2928 3275 2983 dictum
3323 2926 3686 2996 Prophonesi-

2099 3043 2268 3091 unum,
2288 3027 2430 3096 quod
2457 3026 2524 3079 ab
2558 3025 2738 3094 impiis
2769 3038 2832 3077 ac
2861 3021 3102 3091 profanis
3128 3019 3397 3075 haereticis
3425 3019 3684 3074 traditum

2100 3125 2449 3187 acceperunt,
2480 3116 2824 3187 congregatis
2860 3115 2914 3169 in
2951 3112 3264 3179 Matzecert,
3293 3112 3407 3167 sive
3433 3109 3688 3167 Theodo-

405 3202 771 3268 δοσιουπόλει,
807 3204 900 3255 καὶ
926 3203 1221 3270 γεγόνασιν
1244 3200 1582 3270 ἀποσχισταὶ
1609 3200 1709 3270 τῆς
1731 3201 1841 3252 τῶν
1858 3201 1994 3271 Χρι-

2103 3209 2295 3279 siopoli
2329 3228 2342 3265 :
2374 3210 2590 3279 quando
2620 3208 2781 3263 scissi
2816 3217 2940 3261 sunt
2970 3222 3000 3259 a
3031 3205 3463 3260 Christianorum
3499 3204 3685 3257 ortho-

406 3296 643 3351 στιανῶν
703 3293 995 3364 όρθοδόξου
1066 3294 1328 3356 πίστεως,
1378 3294 1473 3346 καὶ
1550 3292 1844 3362 ἐκύρωσαν
1895 3293 1999 3363 τὴν

400 3389 662 3460 τοιαύτην
687 3388 931 3457 ἄθεσμον
964 3386 1220 3454 νηστείαν
1288 3384 1549 3447 Ἰεζάϐελ.
1620 3382 1838 3450 Ἐκείνη
1890 3384 2001 3455 γάρ

401 3484 637 3556 ἐκήρυξε
677 3483 957 3552 νηστείαν,
996 3482 1089 3533 καὶ
1112 3480 1173 3533 ού
1197 3479 1286 3532 διὰ
1313 3479 1689 3549 δικαιοσύνην,
1718 3478 1813 3532 καὶ
1836 3479 2001 3545 ἀγια·

404 3577 543 3645 σμόν
569 3592 582 3604 ·
610 3575 745 3629 ἀλλά
775 3574 863 3627 διὰ
895 3574 956 3626 τὸ
986 3572 1199 3641 ἐκχέειν
1224 3566 1387 3641 αἷμα,
1422 3573 1519 3623 καὶ
1550 3570 1642 3623 διὰ
1668 3571 1768 3641 τὴν
1833 3570 1997 3638 μέθο-

400 3669 493 3721 δον
521 3667 620 3736 τῆς
654 3666 936 3737 νηστείας,
994 3665 1285 3718 ἀπέκτεινε
1335 3662 1427 3716 τὸν
1460 3661 1715 3715 Ναϐουθέ
1740 3677 1755 3693 ⁶
1819 3662 2001 3733 ἥνπερ

406 3762 503 3813 καὶ
536 3761 563 3812 ὁ
616 3760 1008 3831 Χρυσόστομος
1041 3760 1099 3810 ἐν
1126 3757 1408 3827 διαφόροις
1464 3756 1643 3825 λόγοις
1696 3754 2001 3827 στηλιτεύει

405 3851 600 3923 αὐτὴν,
677 3850 752 3916 ὡς
815 3850 1074 3921 νηστείαν
1154 3849 1329 3913 δόλου,
1407 3848 1617 3921 μητέρα
1661 3847 2000 3912 πλεονεξίας,

410 3943 559 4000 οἷκον
587 3944 987 4016 αίματοχυσίας
1026 3942 1170 4007 ὅλον,
1206 3944 1299 3997 καὶ
1351 3944 1450 4011 τῆς
1491 3942 1587 3995 τοῦ
1646 3940 1783 3995 Θεοῦ
1831 3942 2004 4011 ὀργῆς

407 4040 737 4103 ἀποκύησιν.
770 4040 929 4093 Οὕτω
961 4040 1121 4093 καὶοί
1154 4038 1424 4110 αίρετικοὶ
1488 4038 1648 4091 αὐτοὶ
1725 4035 2004 4107 ἐκήρυξαν

406 4131 505 4200 τὴν
531 4126 792 4197 τοιαύτην
818 4128 1102 4193 νηστείαν,
1133 4129 1192 4180 οὐ
1238 4128 1327 4181 διὰ
1370 4128 1673 4199 ἀγιασμδν,
1727 4126 1865 4180 ἀλλὰ
1915 4126 2005 4180 διὰ

405 4220 469 4272 τὸ
492 4218 795 4287 ἀποσχίσαι
826 4219 923 4288 τῆς,
949 4217 1061 4270 τῶν
1090 4217 1390 4285 όρθοδόεων
1422 4218 1660 4281 πίστεως
1685 4233 1701 4250 ο
1736 4219 1830 4271 καὶ
1860 4233 1995 4269 τοσ-

405 4296 567 4364 οῦτον
619 4309 910 4381 ἐκύρωσαν
952 4311 1045 4363 καὶ
1102 4309 1467 4373 ἐϐεϐαίωσαν,
1523 4308 1667 4362 ὥστε
1713 4309 2001 4377 φοϐεῖσθαι

412 4403 614 4467 αὐτοὺς
642 4403 740 4472 τὴν
769 4399 1035 4471 τοιαύτην
1063 4400 1324 4472 νηστείαν
1350 4402 1445 4454 καὶ
1476 4401 1569 4455 τὸν
1605 4402 1793 4472 ὅρκον,
1826 4402 2004 4463 ἄλλως

407 4494 579 4566 ὀργὴν
607 4495 767 4558 Θεοῦ,
812 4494 909 4548 καὶ
969 4492 1267 4564 ἀκέφαλον,
1328 4493 1421 4546 καὶ
1474 4492 1752 4564 ἀνέορτον,
1813 4492 2003 4563 ὥσπερ

409 4587 583 4658 σκηνὴ
614 4590 671 4640 ἐν
702 4587 921 4658 ἐρήμῳ,
975 4586 1070 4640 καὶ
1102 4584 1292 4658 ὥσπερ
1362 4583 1524 4654 σῶμα
1614 4584 1846 4655 ἄψυχον,
1907 4587 2004 4641 καὶ
2036 4569 2083 4627 ί)

407 4680 641 4750 ψεύδους
673 4681 894 4748 σκεῦος,
924 4680 1019 4735 καὶ
1050 4678 1242 4749 ὥσπερ
1293 4678 1449 4749 χώρα
1494 4678 1768 4748 ἄκαρπος.
1850 4678 2004 4731 Ἐπεὶ

408 4776 466 4827 δὲ
490 4777 831 4844 συναντήσῃς
864 4792 974 4826 τινι
1003 4772 1207 4837 αὐτῶν,
1235 4773 1330 4825 καὶ
1364 4770 1674 4841 συζητήσῃς
1709 4768 1838 4840 περὶ
1868 4769 2004 4823 ταύ-

409 4885 529 4937 της,
593 4866 645 4920 τί
694 4866 759 4920 ἂν
797 4868 883 4937 εἴη
936 4867 970 4936 ἡ
1012 4862 1239 4934 τοιαύτη
1300 4862 1563 4933 νηστεία,
1644 4862 2003 4933 ἀποκρίνεται

411 4956 651 5028 ψευδεῖς,
679 4960 772 5013 καὶ
804 4957 1095 5029 βδελυροὺς
1127 4956 1344 5024 λόγους.
1395 4956 1525 5009 Ἐὰν
1547 4954 1605 5008 δὲ
1639 4954 1831 5026 ἕτερόν
1874 4972 2002 5008 τινα

413 5053 735 5124 ἐρωτήσῃς,
773 5052 864 5104 τὸν
916 5051 1136 5119 πρῶτον
1205 5048 1471 5120 ψεύστην,
1545 5047 1641 5101 καὶ
1696 5046 2006 5117 ἀπόϐλητον

413 5150 581 5211 ποιεῖ,
616 5148 708 5200 καὶ
734 5146 880 5214 λέγει
902 5144 1038 5200 ἄλλα
1067 5144 1384 5197 ἀσύντακτα
1403 5158 1417 5172 ·
1449 5142 1540 5195 καὶ
1562 5140 2006 5213 βλαϐερωτάτην,

414 5240 508 5292 καὶ
528 5238 702 5303 οὕτως
734 5238 1066 5309 ἀσύμφωνον
1096 5236 1280 5307 έχουσι
1315 5234 1412 5307 τὴν
1434 5234 1693 5307 τοιαύτην
1723 5234 2002 5306 νηστείαν.

427 5330 671 5405 Ἐγράφη
695 5331 806 5400 γὰρ
830 5334 887 5385 ἐν
917 5333 1036 5394 ταῖς
1071 5330 1426 5401 Παροιμίαις,
1482 5329 1565 5381 ὅτι
1632 5328 1696 5381 '0
1748 5325 2009 5388 ἐλπίζων

489 5510 602 5581 (85)
633 5510 688 5565 ln
716 5526 785 5565 χι.
817 5508 1104 5581 Martyres.

489 5580 604 5653 (86)
633 5582 785 5653 Orat.
827 5580 914 5634 18.

488 5647 600 5722 (87)
640 5652 926 5722 Balsanion
965 5650 1018 5703 in
1049 5647 1230 5722 Resp.
1263 5647 1461 5721 Excipe
1493 5661 1729 5722 quartas?
1750 5660 2007 5722 elgsexlas

417 5720 581 5795 ferias
604 5722 701 5792 τῆς
745 5721 1028 5795 Ἀπὸκρεω
1048 5722 1162 5795 ίπρὸ
1184 5721 1285 5795 τῆς
1307 5720 1654 5793 Τυροφᾶγου,
1682 5720 2007 5795 τῆςδιακαι-

416 5790 674 5863 νησίμου,
711 5796 803 5845 καὶ
838 5790 927 5843 τοῦ
968 5790 1410 5863 ὁωδεκαημέρου,
1440 5790 1777 5862 carnisprivii
1815 5793 2008 5846 hebdo-

419 5860 589 5921 ωιτη
623 5861 1036 5919 Lacticiniorum
1071 5860 1722 5935 ante’Quadragesimam,
1745 5872 1793 5918 et
1823 5865 2011 5919 hebdo-

2104 3304 2240 3356 doxa
2275 3302 2397 3366 ﬁde,
2426 3315 2490 3355 ac
2523 3299 2753 3355 sceleste
2788 3296 2915 3352 illud
2945 3297 3211 3367 jejunium
3242 3293 3459 3349 Jezabel
3490 3308 3689 3347 sanxe-

2104 3404 2251 3449 runt.
2290 3393 2421 3449 Nam
2474 3394 2565 3448 illa
2603 3392 2870 3461 jejunium
2926 3389 3274 3462 praedicavit,
3311 3403 3417 3442 non
3469 3400 3693 3456 propter

2099 3488 2367 3558 justitiam
2412 3502 2475 3542 ac
2515 3488 2885 3551 sanctitatem,
2916 3486 3009 3539 sed
3057 3493 3113 3537 ut
3146 3482 3444 3537 effunderet
3474 3478 3692 3548 sangui-

2104 3595 2254 3638 nem.
2281 3594 2345 3633 ac
2384 3577 2575 3645 jejunii
2621 3589 2737 3631 arte
2782 3574 3057 3629 interfecit
3098 3573 3348 3628 Nabuthe
3388 3589 3402 3626 :
3448 3571 3593 3641 quod
3641 3579 3695 3622 et

2102 3672 2525 3741 Chrysostomus
2568 3670 2618 3723 in
2662 3668 2895 3724 diversis
2940 3667 3283 3723 sermonibus
3328 3667 3599 3736 exagitat,
3636 3676 3696 3719 ut

2104 3765 2348 3821 dolosum
2370 3763 2664 3832 jejunium,
2688 3774 2744 3815 ut
2772 3761 2985 3832 injuria:
3013 3772 3261 3819 matrem,
3289 3768 3346 3814 nt
3370 3758 3471 3813 fusi
3510 3758 3694 3827 inique

2105 3858 2387 3928 sanguinis
2424 3856 2813 3927 ingurgitatam
2851 3855 3092 3919 domum,
3129 3854 3222 3907 ine
3259 3854 3350 3907 Dei
3387 3861 3691 3922 parentem.

2106 3950 2181 4004 Ita
2228 3958 2284 4002 et
2332 3947 2571 4003 haeretici
2619 3946 2726 4007 isti,
2767 3945 3032 4015 ejusmodi
3077 3946 3508 4014 prmdicaverunt
3548 3943 3697 4014 jeju-

2108 4043 2278 4106 nium,
2302 4056 2408 4095 non
2440 4038 2888 4093 sanctiﬁcationis
2912 4052 3098 4103 causa,
3121 4038 3215 4092 sed
3246 4044 3303 4089 nt
3334 4051 3393 4091 se
3418 4036 3484 4090 ab
3509 4036 3697 4090 ortho-

2107 4134 2369 4188 doxorum
2403 4132 2507 4187 ﬁde
2541 4132 2923 4187 ahscindereut
2962 4149 2975 4184 :
3012 4131 3200 4199 sicque
3234 4129 3363 4183 illud
3402 4127 3697 4182 conﬁrma-

2109 4236 2235 4279 runt
2264 4241 2327 4278 ac
2359 4234 2533 4278 ratum
2567 4223 2875 4289 voluerunt,
2905 4233 2964 4278 ut
2995 4223 3169 4295 ipsum
3200 4223 3441 4285 timeant,
3468 4236 3531 4274 ac
3557 4223 3697 4290 quod

2107 4317 2410 4373 emiserunt
2437 4327 2869 4382 sacramentum,
2895 4332 3015 4372 cum
3050 4315 3247 4386 alioqui
3278 4316 3349 4371 sit
3378 4317 3454 4369 ira
3490 4313 3605 4379 Dei,
3636 4330 3699 4368 ac

2107 4412 2454 4479 acephalum,
2486 4426 2587 4465 nec
2617 4410 2884 4472 solemne,
2919 4421 3176 4481 tanquam
3207 4408 3619 4463 tabernaculum
3646 4409 3697 4460 in

2108 4504 2347 4568 deserto,
2374 4517 2437 4557 ac
2467 4503 2608 4555 sicut
2637 4517 2836 4572 corpus
2864 4501 3122 4562 inanime,
3149 4515 3213 4553 ac
3248 4500 3510 4555 mendacii
3539 4515 3701 4569 orga-

2113 4611 2263 4659 num,
2301 4611 2364 4649 ac
2409 4595 2551 4650 sicut
2592 4592 2909 4664 infrngii'era
2960 4594 3124 4662 regio.
3162 4592 3262 4647 Ubi
3306 4608 3467 4662 porro
3510 4608 3699 4648 eorum

2113 4686 2348 4756 aliquem
2392 4686 2650 4741 habueris
2691 4686 2941 4749 obvium,
2979 4694 3140 4755 atque
3176 4686 3243 4739 ah
3277 4700 3341 4740 eo
3374 4684 3540 4741 fueris
3576 4702 3702 4755 per-

2115 4788 2385 4843 centatus,
2412 4780 2670 4848 quidnam
2696 4776 2956 4847 jejunium
2988 4777 3253 4846 eju5inodi
3281 4778 3409 4831 velit
3437 4795 3450 4831 :
3478 4793 3703 4848 respon-

2116 4870 2263 4924 debit
2288 4868 2419 4924 falsa
2449 4872 2692 4938 quxdam
2723 4884 2783 4922 ac
2814 4868 3167 4922 exsecranda.
3192 4865 3293 4922 Ubi
3323 4880 3501 4921 autent
3533 4867 3697 4922 alium

2116 4961 2424 5031 quempiam
2457 4962 2901 5032 interrogaveris,
2934 4960 3169 5029 priorem
3202 4961 3350 5014 illum
3384 4962 3695 5015 mendacem

2116 5053 2308 5117 faciet,
2355 5067 2419 5106 ac
2470 5039 2708 5121 rejiéiet,
2756 5050 3009 5119 dicetque
3064 5051 3168 5104 alia
3226 5053 3467 5117 absona;
3512 5051 3699 5119 sicque

2115 5144 2559 5200 exitiosissimum
2587 5159 2651 5198 ac
2677 5144 3033 5197 inconsoumn
3059 5143 3261 5198 habent
3288 5143 3388 5197 tale
3409 5143 3697 5213 jejunium.

2117 5233 2327 5304 Quippe
2370 5234 2631 5305 scriptum
2672 5244 2757 5287 est
2833 5234 2885 5286 in
2963 5231 3271 5287 Proverbiis
3310 5250 3323 5286 :
3382 5232 3485 5297 Qui
3523 5240 3697 5300 sperat

2116 5328 2171 5380 in
2246 5325 2540 5390 mendacio,
2606 5327 2776 5396 pascit
2837 5337 3066 5380 ventos:
3138 5324 3373 5378 ambulat
3439 5325 3492 5377 in
3557 5334 3699 5378 terra

2113 5509 2324 5562 madam
2348 5507 2700 5575 Pentecosles,
2727 5516 2776 5562 et
2800 5507 3075 5562 duodecim
3096 5505 3299 5560 dierum
3322 5520 3353 5557 a
3382 5501 3698 5575 Nalivilale.

2112 5578 2179 5633 In
2225 5579 2333 5633 illis
2385 5582 2523 5632 enim
2566 5574 2724 5633 etiam
2779 5596 2872 5632 esu
2926 5578 3166 5629 carnium
3219 5590 3397 5629 secure
3432 5574 3698 5643 jejunium

2113 5650 2366 5703 solvimus
2395 5664 2414 5703 :
2446 5651 2567 5719 quia
2613 5666 2705 5715 per
2731 5649 3006 5702 duodecim
3041 5649 3153 5700 dies
3182 5646 3441 5719 iejunarnt
3462 5644 3698 5719 Armenii

2111 5730 2328 5788 propter
2356 5714 2747 5773 Art-ziburium.
2794 5719 2962 5789 Igitur
2990 5714 3319 5789 conveniunt
3362 5714 3705 5789 hebdoiuada

2114 5784 2509 5847 lacticiniorum
2545 5799 2597 5846 et
2623 5784 2941 5855 Artziburii,
2974 5798 3030 5843 et
3059 5784 3509 5859 Prophonesimi.
