4088 6414
416 332 554 398 1Ξ35

1519 354 1769 417 ISAACI
1809 359 2184 425 ARMENI/E
2225 367 2632 433 CATHOLICI

3553 384 3685 448 1⁵236

409 459 664 530 inaquosa
698 474 760 513 ac
820 461 1014 528 sterili,
1080 468 1514 539 congregabitque
1563 475 1976 531 sterilitatem“.

2089 481 2187 536 ἐπὶ
2218 484 2283 538 τὸ
2304 487 2550 555 ψεῦδος,
2580 489 2842 558 ἀνέμους
2904 491 3250 562 ἐπινέμεται
3270 511 3281 524 °
3363 502 3680 566 πορεύεται

1045 737 1275 794 llwresis
1299 742 1388 797 24.

480 826 721 882 XXVIII.
750 828 1174 886 Lacticiniorum
1219 835 1512 904 jejunium,
1550 843 1691 909 quod
1749 845 1983 902 Ecclesia

408 918 722 974 Christiana
755 937 782 974 a
821 921 1084 978 Silvestro
1113 941 1176 979 ac
1217 926 1541 984 Constantio
1590 931 1782 1003 Magno
1825 938 1991 990 tradi-

406 1017 519 1062 tum
555 1012 784 1080 accepit,
817 1027 881 1068 ac
915 1014 1169 1085 deinceps
1203 1031 1523 1088 receperunt
1572 1039 1764 1080 omnes
1813 1028 1988 1083 sancti

407 1101 630 1166 Patres;
657 1104 799 1172 quod
835 1116 888 1158 et
921 1121 1150 1176 magnus
1185 1109 1274 1164 ille
1301 1110 1598 1181 imperator
1625 1117 1984 1182 conﬁrmavit,

406 1191 676 1260 Susceptis
713 1191 816 1247 illis
845 1193 1134 1265 impiorum
1165 1197 1658 1258 hmrcsiarcharum
1701 1207 1986 1273 doctrinis,

404 1284 739 1354 polluerunt,
769 1290 930 1360 inque
957 1309 1022 1348 eo
1051 1310 1247 1351 carnes
1278 1297 1591 1352 comedunt.

1036 1483 1087 1536 Η
1092 1485 1268 1539 a’resis
1301 1486 1391 1542 25.

481 1570 675 1626 XXIX.
709 1571 842 1626 Rem
874 1588 1087 1629 sacram
1119 1589 1494 1644 contemnunt,
1522 1597 1698 1652 neque
1732 1597 1983 1640 ornatum

408 1672 642 1724 nmtant,
679 1677 770 1718 aut
806 1667 1006 1720 habent
1049 1682 1325 1723 sacrarum
1384 1673 1609 1725 restium
1663 1677 1982 1732 varietatem

405 1770 503 1822 pro
534 1771 696 1810 sacro
730 1757 1054 1825 ministerio,
1097 1776 1232 1828 quas
1281 1777 1508 1832 n‘tagnus
1558 1763 1820 1822 Silvester
1867 1769 1984 1839 lege

318 1846 332 1858 '
403 1847 622 1900 sanxit:
651 1863 714 1901 ac
745 1863 977 1917 quarum
999 1862 1404 1907 sacramentum
1439 1855 1757 1914 declaravit.
1783 1859 1986 1930 Nempe

405 1937 740 2005 phelonium,
771 1940 916 2010 quod
951 1942 1088 1995 muri
1137 1943 1332 2009 instar,
1370 1948 1494 2001 dum
1525 1951 1769 2006 membra
1803 1956 1984 2011 omnia

403 2032 456 2083 in
519 2032 750 2086 circuitu
807 2033 1035 2098 claudit,
1092 2050 1214 2090 cum
1251 2036 1344 2092 Dei
1408 2040 1603 2096 timore
1651 2043 1705 2098 in
1753 2045 1985 2102 interius

404 2122 600 2177 mentis
644 2124 978 2181 domicilium
1037 2110 1451 2196 ingrediendum
1496 2133 1692 2200 innuit,
1751 2153 1815 2192 ac
1871 2139 1984 2196 illic

401 2230 525 2268 cum
567 2216 674 2270 Deo
725 2215 1105 2274 fabulandum.
1154 2221 1353 2276 Eorum
1405 2235 1585 2280 autem
1627 2229 1873 2298 quilibet,
1918 2233 1984 2288 iis

400 2308 648 2362 vestibus
713 2309 956 2375 indutus,
1030 2327 1258 2380 quarum
1342 2331 1470 2372 usus
1527 2324 1831 2378 communis
1879 2334 1980 2391 est,

399 2416 645 2469 quasque
692 2403 836 2456 nullo
868 2405 1064 2472 passim
1097 2406 1410 2464 discrimine
1435 2411 1692 2468 adhibere
1724 2415 1982 2484 solemus,

405 2493 476 2546 ita
509 2494 577 2547 ad
611 2493 782 2548 altare
819 2496 1142 2565 ingreditur.
1194 2498 1395 2554 Eorum
1449 2502 1576 2556 item
1634 2507 1870 2576 episcopi
1919 2525 1984 2564 ac

401 2585 699 2654 przepositi,
759 2589 956 2642 nedum
1011 2589 1189 2644 sacris
1240 2595 1516 2661 operando
1569 2608 1727 2666 caput
1783 2609 1981 2656 tectum

401 2676 638 2740 habent,
697 2679 792 2732 sed
837 2687 892 2732 et
944 2680 1086 2734 inter
1118 2680 1503 2737 celebrandum
1538 2685 1737 2754 duplex
1791 2693 1983 2759 capitis

401 2767 798 2835 operimentum
837 2781 1157 2839 assumunt;
1196 2774 1382 2844 sicque
1426 2776 1629 2848 duplici
1679 2779 1824 2850 pileo
1869 2798 1979 2838 rem

400 2873 610 2914 sacram
646 2875 929 2930 peragunt.

1030 2957 1259 3015 Iliensis
1289 2961 1378 3018 26.

476 3041 649 3100 XXX.
688 3043 878 3116 Magna
909 3049 1097 3118 quinta
1130 3053 1260 3107 feria
1293 3056 1534 3126 mystica:
1557 3057 1738 3114 Cinnae
1764 3060 1978 3120 Domini

2093 577 2162 630 ἐν
2192 578 2272 646 γῇ
2322 581 2556 651 ἀνύδρῳ
2606 586 2702 638 καὶ
2746 587 3016 656 ἀκάρπῳ,
3069 589 3166 642 καὶ
3215 591 3468 661 συνάγει
3498 594 3681 665 ἀδιαρ-

2093 669 2259 724 πίαν.

2684 771 2925 838 Αἵρεσις
2967 772 3065 827 κδ’.

2163 854 2298 909 KH'.
2333 857 2455 911 Ὅτι
2487 859 2587 931 τὴν
2624 863 2876 933 τυρινὴν,
2905 863 2972 935 ῆν
3002 865 3315 935 παρέλαϐεν
3346 871 3378 938 ή
3407 870 3516 924 τῶν
3543 873 3674 943 Χρι-

2093 951 2326 1004 στιανῶν
2363 953 2660 1025 Ἐκκλησία
2688 958 2842 1026 παρὰ
2877 957 2972 1011 τοῦ
3012 959 3169 1027 ἁγίου
3188 962 3542 1034 Σιλόέστρου,
3582 966 3680 1018 καὶ

2089 1044 2186 1098 τοῦ
2220 1048 2465 1118 μεγάλου
2496 1051 2941 1119 Κωνσταντίνου,
2969 1056 3066 1108 καὶ
3097 1058 3336 1129 καθεξῆς
3377 1060 3581 1122 πάντες
3627 1062 3678 1114 oi

2089 1137 2236 1207 ἅγιοι
2273 1140 2517 1212 Πατέρες
2543 1157 2558 1171 ’
2590 1142 2658 1214 ἢν
2683 1145 2780 1198 καὶ
2812 1148 2840 1199 6
2865 1148 3040 1216 μέγας
3070 1149 3358 1213 Βασίλειος
3394 1151 3675 1220 ἐκύρωσεν

2089 1227 2182 1281 καὶ
2217 1228 2578 1284 ὲὸεόαίωσεψ
2606 1234 2762 1288 αὐτοὶ
2792 1235 2848 1289 δὲ
2879 1234 3167 1306 δεξάμενοι
3219 1240 3468 1311 δόγματα
3527 1242 3680 1312 παρὰ

2087 1317 2197 1374 τῶν
2227 1320 2404 1376 ἀθέων
2432 1323 2825 1397 αίρεσιαρχῶν,
2870 1329 3224 1401 ἐδεδήλωσαν
3257 1334 3358 1402 τὴν
3418 1334 3682 1405 τοιαύτην

2089 1414 2370 1484 νηστείαν,
2397 1417 2496 1468 καὶ
2527 1416 2769 1473 ἐσθίουσι
2809 1421 2872 1473 τὸ
2897 1421 3089 1492 κρέας.

2699 1513 2942 1582 Αἵρεσις
2982 1522 3081 1570 κε’.

2157 1602 2286 1658 ΚΘ’.
2321 1606 2445 1660 Ὀτι
2481 1609 2888 1679 καταφρονοῦσι
2905 1608 3004 1678 τὴν
3029 1607 3180 1662 θείαν
3201 1607 3566 1681 λειτουργίαν,
3584 1609 3685 1664 καὶ

2084 1694 2213 1749 οὕτε
2252 1697 2636 1765 ἀλλάσσουσιν,
2677 1698 2805 1752 οὔτε
2876 1698 3094 1770 ἔχουσιν
3165 1699 3524 1772 ἀλλαξήματα
3579 1701 3681 1769 τῆς

2088 1785 2242 1849 θείας
2306 1787 2674 1859 λειτουργίας,
2737 1790 2807 1843 τὰ
2868 1789 3013 1860 ἅπερ
3054 1791 3368 1844 ἐκανόνισεν
3417 1791 3445 1844 ὁ
3505 1789 3680 1860 μέγας

2088 1876 2415 1948 Σίλϐεστρος
2434 1897 2448 1912 ·
2487 1880 2728 1949 ἐδήλωσε
2755 1881 2814 1934 τὸ
2835 1882 3141 1952 μυστήριον
3161 1922 3175 1945 ,
3203 1883 3287 1935 ὅτι
3322 1881 3383 1934 τὸ
3415 1879 3680 1948 φελώνιον

2086 1969 2148 2022 τὸ
2165 1971 2400 2024 κυκλοῦν
2424 1971 2614 2043 ὥσπερ
2636 1952 2838 2043 τείχος,
2857 1973 3033 2028 πάντα
3059 1974 3127 2026 τὰ
3152 1973 3289 2043 μέλη
3307 1972 3518 2026 ἔνδοθεν
3538 1973 3676 2026 ἀπο-

2087 2063 2281 2127 κλείει,
2318 2065 2413 2118 καὶ
2445 2065 2703 2130 εἰκονίζει
2741 2065 2878 2136 μετὰ
2913 2066 3080 2135 φόϐου
3108 2066 3246 2119 Θεοῦ
3300 2066 3567 2118 εἰσελθεῖν
3597 2067 3679 2128 είς

2085 2155 2146 2208 τὸ
2175 2154 2387 2210 ἔνδοθεν
2412 2156 2508 2210 τοῦ
2545 2159 2663 2221 νοὸς
2697 2161 3039 2230 οἰκητήριον,
3104 2161 3201 2214 καὶ
3239 2161 3424 2212 ἐκεῖσε
3475 2177 3678 2232 προσο-

2090 2245 2318 2316 μιλῆσαι
2348 2246 2468 2319 Θεῷ
2491 2263 2503 2277 ⁸
2539 2249 2696 2302 αὐτοὶ
2721 2249 2777 2303 δὲ
2801 2250 3056 2314 ἕκαστος,
3091 2249 3144 2301 εί
3185 2267 3270 2312 τις
3300 2248 3547 2303 ἐνδύεται
3579 2249 3677 2302 καὶ

2087 2338 2428 2393 πολιτεύεται
2449 2342 2529 2402 εἰς
2575 2341 2868 2411 διαφόρους
2905 2342 3128 2406 τόπους,
3157 2340 3332 2406 οὕτως
3367 2341 3676 2411 εἰσέρχεται

2087 2433 2166 2494 είς
2196 2429 2257 2484 τὸ
2285 2429 2698 2502 θυσιαστήριον.
2730 2433 2840 2486 Καὶ
2887 2434 2935 2485 οἱ
2965 2432 3260 2486 ἐπίσκοποι
3337 2431 3520 2486 αὐτῶν
3577 2418 3675 2484 καὶ

2086 2521 2477 2592 ἡγούμενοι,ού
2513 2524 2672 2593 μόνον
2696 2525 2779 2577 ὅτι
2811 2524 3212 2594 σκεπαζόμενοι
3241 2509 3673 2593 λείτουργοῦσιν,

2085 2615 2222 2671 ἀλλὰ
2255 2619 2349 2673 καὶ
2379 2619 2438 2672 ὲν
2467 2618 2543 2689 τῷ
2578 2618 2759 2689 καιρῷ
2782 2617 2882 2687 τῆς
2926 2616 3293 2687 λειτουργίας,
3363 2616 3455 2669 καὶ
3511 2614 3674 2682 ἕτερα

2085 2711 2431 2782 καμελαύκια
2463 2709 2719 2782 βάλλουει
2751 2711 2848 2766 καὶ.
2891 2709 3031 2780 μετὰ
3057 2707 3152 2763 δύο
3183 2706 3534 2780 καμελαύκια
3559 2705 3672 2760 λει-

2084 2803 2429 2875 τουργοῦσιν.

2711 2984 2953 3052 Αἵρεσις
2985 2981 3101 3049 κς’.

2154 3076 2237 3130 Λ’.
2269 3076 2396 3130 Ὅτι
2423 3076 2524 3146 τὴν
2553 3075 2798 3146 μεγάλην
2833 3084 2874 3128 ε’
2903 3076 3012 3128 τῶν
3033 3073 3310 3146 μυστικῶν
3328 3072 3559 3126 δείπνων
3573 3070 3669 3124 τοῦ

403 3135 579 3188 nostri
615 3135 742 3190 Jesn
771 3137 997 3204 Christi,
1033 3140 1293 3209 primitiis
1323 3144 1428 3200 illis
1463 3145 1596 3201 Novi
1627 3147 1976 3216 Testamenti,

2089 3167 2298 3236 Κυρίου
2333 3135 2490 3237 ἡμῶν
2535 3135 2714 3238 ’ίησοῦ
2753 3135 3045 3238 ’Χριστοῦί
3093 3166 3191 3237 τὴν
3243 3164 3499 3237 ἀπαρχὴν
3568 3163 3670 3234 τῆς

397 3229 615 3296 quando
650 3229 949 3286 Christiani
993 3247 1184 3289 omnes
1230 3237 1660 3307 communicant,
1720 3257 1820 3297 nec
1861 3245 1980 3314 qui-

398 3319 516 3372 dem
549 3321 835 3390 mysticam
867 3321 1094 3376 Caznam
1125 3327 1451 3396 percipiunt.

1052 3523 1284 3576 Ilwresis
1322 3525 1412 3578 27.

473 3604 666 3660 XXXI.
712 3605 1004 3664 Sectantur
1056 3611 1330 3680 Hebraeos,
1387 3630 1453 3671 ac
1509 3615 1718 3675 Pascha
1769 3621 1977 3680 faciunt

395 3717 516 3754 cum
543 3717 682 3770 agno
707 3705 984 3770 anniculo,
1012 3708 1248 3778 agnique
1274 3713 1540 3783 sanguine
1565 3727 1748 3784 postes
1779 3717 1972 3786 linunt,

393 3804 555 3862 atque
595 3794 712 3865 eius
747 3797 1026 3866 sanguinis
1060 3797 1323 3869 reliquias
1353 3817 1571 3860 servant
1621 3823 1719 3877 pro
1772 3813 1975 3867 sancti-

396 3887 669 3941 ﬁcatione.
697 3886 799 3942 Eos
823 3905 986 3958 porro
1008 3893 1188 3962 arguit
1211 3892 1508 3965 Gregorius
1530 3899 1835 3971 Theologus
1858 3905 1970 3975 (89)

393 3978 444 4031 in
474 3995 535 4032 ea
580 3980 830 4037 oratione
883 3982 936 4036 in
983 3998 1084 4052 qua
1123 3987 1360 4043 scribit:
1394 4007 1413 4040 ι
1460 3990 1637 4061 Super
1667 3996 1970 4051 custodiam

391 4069 573 4136 stabo,
626 4069 800 4140 inquit
853 4075 1192 4132 admirabilis
1243 4077 1538 4137 Habbacuc
1559 4084 1633 4151 ";
1672 4102 1690 4135 ι
1746 4094 1972 4156 postque

391 4161 558 4215 multa
599 4163 677 4217 ait
714 4181 728 4218 :
769 4183 788 4215 ι
822 4165 936 4235 Age
982 4182 1137 4234 vero,
1168 4184 1196 4222 a
1238 4169 1355 4240 lege
1404 4175 1746 4231 recedamus.
1779 4197 1797 4229 ι
1834 4178 1972 4232 [tur-

390 4266 592 4320 susque
620 4253 752 4310 dicit
785 4271 800 4308 :
838 4274 857 4308 ι
893 4255 1126 4311 Mactate
1160 4273 1266 4312 non
1303 4259 1502 4314 vitulos
1552 4265 1814 4322 novellos.
1873 4282 1971 4322 nec

389 4359 558 4414 agnos
605 4361 810 4402 cornua
861 4349 1248 4417 producentes,
1275 4361 1329 4406 et
1355 4353 1603 4424 ungulas,
1635 4367 1741 4412 etc.
1772 4357 1967 4413 Verum

396 4433 508 4491 Deo
540 4437 594 4492 in
632 4453 872 4508 superno
903 4441 1058 4494 altari
1102 4457 1222 4496 cum
1251 4445 1565 4501 coelestibus
1591 4447 1772 4503 choris
1797 4451 1968 4505 sacri-

2085 3259 2232 3323 Νέας
2291 3261 2590 3332 Διαθήκης,
2638 3262 2700 3314 ὲν
2816 3261 3018 3324 πάντες
3055 3259 3105 3313 οἱ
3134 3255 3452 3330 Χριστιανοὶ
3488 3271 3670 3327 μετα-

2085 3351 2479 3423 λαμϐάνουσιν,
2516 3349 2639 3405 οὕτε
2662 3352 2758 3404 τοῦ
2788 3351 3053 3422 μυστικοῦ
3085 3351 3303 3405 δείπνου
3343 3349 3454 3420 (88)
3493 3361 3668 3418 προσ-

2086 3444 2321 3514 έχουσιν.

2712 3538 2956 3606 Αἵρεσις
2987 3537 3086 3601 κζ’.

2155 3630 2282 3683 AA'.
2319 3629 2444 3683 Ὅτι
2463 3630 2533 3682 τὰ
2569 3630 2680 3684 τῶν
2725 3630 2992 3702 Ἐϐραίων
3010 3628 3296 3701 φρονοῦσι,
3325 3627 3419 3682 καὶ
3449 3623 3665 3680 ποιοῦσι

2081 3720 2144 3774 τὺ
2179 3719 2373 3790 Πάσχα
2405 3720 2524 3790 μετ’
2559 3719 2735 3791 ἀμνοῦ
2772 3721 3131 3786 ἐνιαυσιαίου,
3173 3720 3270 3774 καὶ
3325 3717 3540 3790 χρίουσι
3603 3715 3665 3769 τὺ

2082 3807 2225 3884 αἷμα
2257 3811 2350 3865 τοῦ
2392 3811 2568 3881 ἀμνοῦ
2597 3810 2696 3874 τὰς
2733 3810 2918 3878 φλιὰς,
2942 3811 3036 3864 καὶ
3082 3809 3441 3880 φυλάττουσιν
3480 3809 3544 3861 ὲκ
3569 3805 3663 3859 τοῦ

2082 3904 2325 3958 τοιούτου
2359 3905 2594 3975 αἵματος
2622 3905 2700 3967 εἰς
2734 3903 3006 3973 ἀγιασμὸν
3030 3902 3228 3956 αὐτῶν.
3289 3902 3399 3954 Καὶ
3449 3898 3663 3969 ἐλέγχει

2080 3998 2279 4060 αὐτοὺς
2305 3997 2609 4068 Γρηγόριος
2643 3997 2671 4049 6
2703 3995 2967 4063 Θεολόγος
3007 3996 3088 4059 εἰς
3115 3993 3204 4047 τὸν
3247 3993 3404 4062 λόγον
3467 3992 3545 4054 είς
3601 3989 3664 4043 ὃν

2079 4093 2281 4162 γράφει
2300 4104 2315 4118 ο
2359 4108 2377 4140 ι
2401 4087 2535 4143 Ἐπί
2561 4087 2670 4156 τῆς
2693 4086 2972 4158 φυλακῆς
2996 4105 3114 4156 μου
3131 4084 3454 4155 στήσομαι,
3471 4080 3663 4153 φησιν

2080 4179 2469 4248 ὀθαυμάσιος
2506 4176 2858 4248 Ἀμϐακούμ.
2895 4178 3006 4230 Καὶ
3046 4177 3184 4248 μετὰ
3242 4175 3412 4229 πολλὰ
3469 4175 3618 4242 λέγει
3641 4189 3661 4207 ο

2083 4273 2306 4338 «Δεῦτε,
2333 4271 2643 4342 ἐξέλθωμεν
2668 4271 2732 4324 ὲκ
2759 4271 2854 4323 τοῦ
2879 4269 3101 4340 νόμου.»
3144 4269 3253 4324 Καὶ
3281 4267 3442 4324 πάλιν
3464 4267 3614 4334 λέγει
3641 4281 3657 4300 ο

2087 4385 2104 4418 ι
2130 4365 2341 4419 Θύσατε
2378 4368 2454 4437 μὴ
2476 4367 2736 4437 μόσχους,
2759 4364 2834 4436 μὴ
2860 4365 3059 4435 ἀρνοὺς
3089 4366 3298 4436 κέρατα
3323 4364 3660 4433 ἐκφέροντας

2079 4459 2172 4511 καὶ
2200 4457 2391 4523 ὁπλὰς,
2449 4458 2546 4511 καὶ
2577 4459 2646 4512 τὰ
2677 4457 2805 4526 ἑξῆς
2831 4473 2843 4487 ·
2865 4456 3002 4510 ἀλλὰ
3045 4456 3244 4510 θύσατε
3291 4455 3481 4509 θυσίαν
3508 4454 3657 4507 αἰνέ-

398 4529 576 4582 ﬁcium
612 4531 786 4586 laudis
822 4532 1120 4589 immolato.
1159 4554 1178 4586 ι
1217 4535 1641 4607 Chrysosmmus
1675 4557 1888 4610 quoque
1919 4544 1970 4597 in

2081 4567 2240 4614 σεως,
2277 4551 2370 4604 ἐπὶ
2391 4553 2457 4622 τῇ
2489 4551 2602 4605 ἄνω
2631 4549 2902 4622 τραπέζῃ,
2937 4550 3075 4620 μετά
3113 4550 3222 4602 τῶν
3251 4549 3364 4603 ἄνω
3391 4546 3652 4611 τάξεων.)

391 4619 745 4691 Evangelinm
774 4623 1008 4680 Matlhmi
1033 4631 1251 4697 exponit
1279 4628 1392 4701 (90)
1422 4650 1434 4684 :
1464 4631 1738 4701 Accipiens
1761 4653 1971 4704 panem,

390 4710 655 4766 benedixit
688 4729 706 4766 :
740 4715 854 4769 Hoc
886 4716 1047 4784 facile
1090 4719 1146 4772 in
1185 4735 1351 4774 meam
1402 4729 1970 4783 commemorationem.

391 4799 526 4858 Vide
554 4813 611 4860 ut
643 4805 826 4861 multis
853 4810 1030 4863 modis
1053 4807 1259 4865 Novmn
1286 4813 1716 4882 Testamentum,
1744 4833 1772 4870 a
1804 4821 1975 4874 veteri

389 4895 749 4952 llebrzeorum
781 4899 1040 4969 dirimat;
1092 4903 1274 4971 aitque
1304 4905 1433 4958 illud
1467 4907 1650 4961 datutn
1686 4925 1711 4961 a
1741 4907 1890 4965 Mose
1920 4913 1972 4966 in

385 4986 615 5041 salutem
654 4987 1165 5061 primogenitorum,
1201 4996 1347 5051 istud
1382 5012 1508 5052 vero
1541 5014 1570 5051 a
1600 4999 1814 5054 Christo
1847 5002 1966 5057 Sai-

391 5086 580 5133 vatore
603 5079 654 5132 in
682 5081 1056 5139 remissionem
1083 5095 1455 5152 peccatorum.
1486 5089 1624 5142 Sunt
1645 5092 1734 5160 qui
1759 5091 1961 5159 dicant,

388 5179 643 5234 oportere
699 5187 895 5241 agnum
949 5191 1165 5246 quoque
1219 5179 1502 5235 immolare
1551 5199 1566 5236 :
1618 5195 1781 5254 negat
1835 5201 1964 5241 vero

382 5260 829 5333 Chrysostomus,
887 5269 1156 5331 scribens,
1208 5271 1327 5327 ideo
1382 5271 1666 5330 Dominum
1720 5290 1960 5333 nosmtm

384 5353 567 5408 Jesum
604 5353 882 5411 Christum
917 5355 1128 5414 Novum
1166 5361 1576 5420 Testamentum
1631 5367 1960 5437 condidisse,

379 5455 443 5500 ut
471 5445 637 5503 Vetus
657 5449 990 5506 aboleretur.

451 5615 492 5646 ⁶¹
516 5599 676 5672 Prov.
705 5635 759 5686 ιι,
787 5622 838 5676 4.
936 5623 980 5654 ⁸⁵
1012 5622 1213 5680 Ηιιιιιιο.
1246 5643 1304 5694 ιι,
1343 5628 1390 5681 1.

453 5736 565 5815 (ἓξ)
594 5739 733 5815 Eege
765 5743 1074 5815 μεσέχουσι.

452 5805 560 5876 (S9)
594 5805 744 5863 Orat.
766 5805 862 5868 '42.

2073 4628 2181 4696 xit
2210 4645 2238 4696 6
2271 4643 2655 4714 Χρυσόστομος
2681 4645 2760 4706 εἰς
2795 4643 2856 4695 τὸ
2887 4642 3029 4695 κατὰ
3077 4642 3355 4696 Mat-Gaio»;
3411 4638 3657 4708 Εὐαγγέ-

2070 4733 2183 4787 λιον
2217 4735 2510 4804 ἐρμηνεύει
2527 4732 2886 4788 ’Λαϐὼν-τὸν
2906 4733 3088 4802 ἄρτον
3107 4733 3439 4802 ηὺιιόγησε.
3475 4731 3658 4784 Τοῦτο

2072 4825 2297 4878 ποιεῖτε
2324 4828 2412 4891 εις
2439 4825 2553 4892 τὴν
2578 4825 2736 4894 ἐμὴν
2805 4823 3172 4894 ἀνάμνησιν.
3236 4825 3344 4876 Καὶ
3401 4823 3476 4876 ἴδε
3533 4820 3658 4886 πῶς

2074 4917 2433 4989 πολυτρόπως
2462 4918 2687 4987 χωρίζει
2714 4917 2812 4986 τὴν
2848 4917 2996 4970 Νέαν
3023 4915 3300 4986 Διᾳθηκην
3327 4917 3392 4968 ὲκ
3422 4916 3520 4986 τῆς
3538 4917 3653 4968 Πα-

2072 5010 2229 5073 λαιᾶς
2257 5010 2365 5063 τῶν
2413 5010 2703 5082 Ἐϐραίων,
2766 5011 2860 5063 καὶ
2891 5009 3060 5078 λέγει,
3115 5008 3284 5061 ὅτιτὸ
3345 5008 3444 5079 μὲν
3493 5007 3654 5078 ἐδόοη

2074 5102 2229 5171 παρὰ
2261 5103 2501 5165 Μωσέως
2524 5102 2631 5155 τῶν
2668 5101 3032 5170 πρωτοτόκων
3072 5101 3290 5170 Ἰσραὴλ
3330 5103 3410 5163 εἰς
3476 5117 3652 5172 σωτη-

2071 5194 2195 5264 ρίαν
2218 5211 2231 5223 ·
2250 5194 2306 5246 τὸ
2334 5195 2410 5258 δὲ,
2443 5194 2595 5264 παρὰ
2622 5195 2714 5246 τοῦ
2737 5194 2991 5264 Σωτῆρος
3019 5195 3098 5257 είς
3119 5193 3318 5261 ἄφεσιν
3341 5191 3648 5264 ἁμαρτιῶν.

2066 5285 2188 5339 Elei
2220 5304 2363 5349 τινες
2385 5289 2434 5340 οἱ
2471 5287 2742 5356 λέγοντες,
2783 5288 2866 5339 ὅτι
2903 5285 3008 5356 χρὴ
3040 5287 3135 5339 καὶ
3171 5285 3261 5339 τὸν
3287 5287 3458 5356 ἀμνὸν
3490 5285 3651 5357 ποιῆ-

2070 5395 2203 5431 σαι·
2249 5380 2627 5449 καὶγράιειό
2686 5381 3076 5452 Χρυσόστομος
3133 5381 3218 5432 ὅτι
3279 5380 3440 5448 οὐχίο
3510 5379 3648 5433 ἀλλὰ

2065 5473 2156 5526 διὰ
2185 5471 2344 5525 τοῦτο
2375 5474 2633 5544 ἐποίησεν
2655 5477 2681 5528 ὁ
2710 5475 2916 5544 Κύριος
2947 5472 3107 5542 ἡμῶν
3151 5473 3360 5542 Ἰησοῦς
3411 5473 3647 5545 Χριστὸς

2066 5567 2164 5637 τὴν
2197 5571 2323 5621 νέαν
2355 5567 2652 5640 Διαοήκην,
2679 5569 2764 5620 ἵνα
2793 5569 2824 5637 ἡ
2867 5568 3079 5620 Παλαιὰ
3103 5566 3341 5640 ἁργήσῃ.

2135 5763 2245 5835 (90)
2271 5765 2466 5820 llomil.
2501 5764 2591 5828 85,
2630 5763 2684 5818 in
2723 5779 2846 5818 χχιι
2883 5759 3073 5818 Matth.
