4088 6406
460 368 595 434 1239

1530 380 1648 444 ISA
1659 384 1780 445 ACI
1820 383 2193 445 ΑΒΜΕΝΙΕ
2233 389 2645 458 CATHOLICI

3576 407 3716 473 1210

455 500 484 539 ε
519 484 782 552 Tiridate,
816 488 1196 546 Armeniorum
1233 507 1407 562 reges,
1449 494 1747 561 Chosroes,
1783 499 2008 553 Terana-

2129 504 2312 569 νεσὲκ,
2352 508 2460 562 ἀπὸ
2489 508 2598 563 τῶν
2647 510 2975 584 Ἀσπρόικων
3032 515 3137 588 τῆς
3184 518 3445 574 Ἀστισὰτ
3504 520 3712 594 χώρας.

453 592 566 643 sae,
598 577 951 648 Baristertac,
996 585 1156 646 Asac,
1219 585 1384 653 llujus
1421 595 1664 657 tempore
1699 591 1852 646 divisi
1901 600 2028 646 sunt.

452 669 716 736 Armenii,
751 674 963 741 quando
994 677 1154 730 etiam
1187 678 1314 733 urhs
1371 678 1819 751 Theodosiopolis
1859 685 2027 739 aedili-

450 773 571 818 cata
597 774 679 819 est
711 781 741 820 a
774 766 965 837 Magno
1014 769 1321 829 Theodosio
1368 774 1714 845 imperatore,
1743 776 1830 832 cui
1865 787 1920 831 et
1948 782 2026 834 A-

448 869 542 908 sac
574 856 782 929 Magnae
831 861 1101 917 Armenia:
1135 878 1226 918 rex
1283 867 1530 922 subditus
1581 867 1703 923 fuit.
1752 868 2025 925 Chosroes

450 955 627 999 autem
686 950 787 1002 sub
827 950 1033 1006 ditione
1090 964 1208 1008 erat
1252 958 1395 1027 regis
1444 956 1735 1012 Persarum
1780 958 2022 1029 Saporis,

449 1050 606 1101 quem
656 1039 798 1094 idem
846 1040 1020 1112 Sapor
1069 1054 1192 1113 post
1244 1063 1414 1103 annos
1445 1059 1680 1120 quatuor
1733 1066 1900 1121 regno
1930 1052 2022 1106 de-

442 1127 591 1195 jecit.

515 1407 689 1467 Porro
726 1414 1029 1483 imperante
1068 1418 1377 1478 Theodosio
1404 1426 1604 1495 Magno
1632 1426 1899 1483 celehrata
1937 1441 2021 1484 est

441 1501 682 1571 synodus
712 1504 1316 1581 Constantinopolitana
1350 1514 1452 1569 I50
1501 1514 1599 1571 SS.
1645 1515 1867 1573 Patrum
1922 1522 2021 1574 ad-

443 1605 634 1681 versus
666 1593 903 1665 Spiritus
935 1603 1111 1657 sancti
1157 1604 1363 1660 hostem
1410 1606 1804 1675 Macedonium,
1832 1626 1861 1665 a
1895 1613 2018 1681 qui-

443 1677 543 1757 bus
589 1681 752 1737 etiam
807 1689 1153 1748 anathemate
1219 1710 1513 1764 percussus
1559 1708 1661 1753 est.
1698 1698 1804 1754 Per
1877 1677 2017 1757 idem

443 1782 652 1842 tempus
692 1786 812 1830 erat
862 1780 916 1834 in
953 1782 1204 1839 Armenia
1258 1795 1483 1843 sanctus
1537 1788 1852 1849 Norsesces.
1889 1791 2018 1849 Erat

442 1863 626 1930 itaque
664 1881 767 1920 una
796 1883 860 1924 ac
893 1874 1079 1927 eadem
1110 1874 1233 1931 ﬁdei
1263 1877 1558 1944 confessio,
1587 1897 1747 1951 quam
1790 1898 2016 1954 accepe-

438 1965 563 2009 rant
609 1971 639 2010 a
693 1964 898 2017 sanctis
956 1962 1231 2036 Patribus,
1275 1979 1541 2041 regnante
1596 1972 2016 2045 Bram-Sapore,

437 2047 662 2118 ejusque
691 2057 1036 2121 postmodum
1068 2058 1178 2115 lilio
1218 2059 1567 2119 Artachetze.
1605 2065 1737 2121 Post
1765 2066 1880 2122 haec
1920 2082 2019 2122 au-

440 2150 548 2193 tem
602 2141 918 2214 Marspasne
969 2164 1150 2205 rerum
1201 2167 1467 2210 summam
1521 2159 1664 2228 apud
1726 2158 2018 2214 Armenios

440 2231 633 2285 tenuit.

510 2324 668 2378 Anno
696 2328 892 2394 quinto
926 2333 1136 2391 decimo
1179 2336 1392 2408 imperii
1425 2339 1715 2396 Theodosii
1753 2342 2012 2410 Junioris,

436 2418 712 2478 celebrata
749 2436 834 2482 est
867 2430 1021 2485 tertia
1079 2433 1317 2503 synodus
1363 2433 1722 2490 ducentorum
1770 2437 2013 2502 Patrum,

436 2511 526 2575 qui
587 2511 896 2574 Nestorium
956 2524 1406 2581 condemnarunt.
1466 2525 1597 2583 Post
1650 2543 1769 2583 eam
1831 2539 2011 2583 autem

435 2609 769 2676 compositus
816 2612 914 2667 fuit
977 2616 1210 2685 hymnus
1258 2618 1493 2674 Sanctus
1555 2619 1715 2686 Deus,
1743 2628 1848 2675 etc.
1885 2635 1913 2672 a
1946 2619 2011 2673 Β.

438 2699 634 2755 Proclo
672 2702 1286 2777 Constantinopolitante
1321 2712 1470 2767 urhis
1495 2714 1768 2784 episcopo,
1805 2713 1874 2767 ad
1903 2713 2012 2767 Do-

442 2788 572 2842 mini
617 2789 711 2845 Dei
748 2792 1176 2852 tnisericordiatn
1210 2799 1630 2869 impetrandam,
1660 2818 1757 2873 pro
1793 2817 1854 2856 ea
1891 2817 2012 2870 quae

436 2895 847 2952 supervenerat,
892 2898 1052 2943 terra:
1074 2901 1250 2946 motus
1298 2892 1611 2950 calamitate
1674 2894 2005 2964 depellenda.

435 2970 621 3043 Exque
656 2990 720 3027 eo
754 2987 994 3049 tempore
1019 2984 1259 3053 suscepit
1292 2983 1533 3040 Ecclesia
1562 2987 1825 3042 catholica
1858 2989 2012 3057 hym-

434 3082 561 3121 num
606 3068 707 3125 Ter
750 3083 1004 3141 sanctus,
1037 3076 1086 3131 in
1136 3077 1354 3133 tnodum
1389 3080 1801 3151 glorilicationis
1840 3079 2007 3145 illius,

2131 595 2262 654 Εἶτα
2289 601 2318 654 6
2347 603 2491 665 ὅσιος
2520 603 2828 676 Νορσέσης.
2870 602 3007 662 Εἶτα
3035 610 3083 662 οἱ
3107 609 3349 681 βασιλεῖς
3406 613 3515 669 τῶν
3589 619 3712 689 Ἀρ-

2132 693 2355 760 μενίων,
2398 696 2427 749 6
2487 697 2755 768 Χοσρόης,
2791 700 2820 752 6
2851 700 3208 770 Τηρανασὰκ,
3236 705 3264 757 6
3312 704 3708 778 Βαριστιρτὰκ,

2128 785 2156 836 6
2198 786 2388 841 Ἀσὰκ.
2440 788 2529 840 Ἐν
2554 792 2677 852 ταῖς
2726 792 2970 862 ἡμέραις
3024 794 3192 848 αὐτοῦ
3262 797 3596 868 διῃρέθησαν
3656 802 3709 854 οἱ

2141 874 2439 945 Ἀρμένιον,
2474 879 2561 930 ὅτε
2590 880 2683 932 καὶ
2713 882 2746 948 ὴ
2787 880 3230 944 Θεοδοσιούπολις
3258 882 3583 956 ᾠκοδομήθη
3603 884 3713 939 ὑπὸ

2127 965 2221 1020 τοῦ
2254 968 2493 1035 μεγάλου
2522 970 2809 1025 Θεοδοσίου
2834 972 2926 1026 τοῦ
2950 972 3235 1041 βασιλέως,
3254 974 3314 1029 ὃν
3339 976 3434 1028 καλ⁵
3456 976 3707 1047 ὑπετάγη

2126 1058 2154 1109 6
2187 1058 2359 1113 Ἀσᾶικ
2409 1060 2438 1112 6
2496 1060 2635 1125 ἄναξ
2678 1062 2779 1132 τῆς
2839 1062 3086 1133 μεγάλης
3171 1064 3484 1134 Ἀρμενίας.
3552 1066 3613 1120 Ὀ
3646 1066 3707 1120 δὲ

2127 1150 2374 1220 Χοσρόης
2402 1147 2469 1220 ἦν
2504 1152 2609 1206 ὑπὸ
2640 1153 2718 1224 τῷ
2753 1153 2968 1223 βασιλεῖ
3019 1153 3130 1208 τῶν
3155 1155 3382 1226 Περσῶν
3442 1156 3612 1228 Σαπῷ
3646 1158 3706 1212 ὲν

2124 1245 2191 1312 τῇ
2233 1243 2533 1313 Ἀρμενίων
2560 1245 2715 1317 χώρᾳ.
2761 1245 3033 1316 βασιλεὺς,
3111 1246 3170 1300 δν
3224 1247 3362 1316 μετὰ
3405 1247 3631 1318 χρόνους
3658 1249 3708 1304 δ’

2126 1338 2346 1409 ἔρριψεν
2376 1338 2404 1389 6
2433 1339 2597 1401 αὐτὸς
2626 1338 2812 1391 Σαπῶ.

2203 1429 2290 1482 Ἐν
2306 1432 2422 1493 τοῖς
2452 1431 2667 1500 χρόνοις
2703 1429 2795 1484 τοῦ
2857 1431 3094 1502 μεγάλου
3147 1430 3429 1485 Θεοδοσέου
3486 1428 3706 1498 ἐγένετο

2123 1523 2155 1590 ἡ
2184 1522 2315 1589 ἁγία
2345 1521 2563 1584 σύνοδος
2588 1523 2645 1574 ἐν
2675 1523 3248 1578 Κωνσταντινουπόλει
3282 1523 3392 1576 τῶν
3431 1528 3508 1593 ρν¹
3530 1523 3705 1591 ἁγίων

2122 1613 2386 1683 ιῖατέρων
2410 1614 2553 1666 κατὰ
2585 1614 2919 1668 Μακεδονίου
2962 1614 3059 1668 τοῦ
3095 1614 3584 1684 Πνευματομὰχου,
3608 1615 3707 1667 καὶ

2122 1706 2520 1774 ἀνεθεμάτισαν
2551 1707 2733 1761 αὐτόν.
2779 1707 2867 1761 Ἐν
2927 1707 2983 1761 δὲ
3030 1709 3096 1778 τῇ
3164 1707 3426 1778 Ἀρμενίᾳ
3466 1709 3494 1760 6
3546 1706 3705 1773 ἁγιος

2120 1795 2402 1865 Νορσὲσης
2422 1791 2491 1867 ἦν
2519 1799 2577 1849 ὲν
2610 1799 2722 1861 τοῖς
2759 1797 2944 1863 αὐτοῖς
2989 1798 3224 1869 χρόνοις.
3268 1797 3333 1850 Ἥ
3382 1792 3475 1851 οὖν
3504 1796 3698 1867 όμολοο

2123 1890 2218 1957 γία
2249 1891 2347 1961 τῆς
2369 1892 2607 1956 πίστεως
2648 1892 2751 1962 μία
2773 1889 2843 1964 ἦν
2876 1894 2969 1947 καὶ
3007 1892 3167 1963 αὐτὴ,
3197 1892 3266 1963 ἢν
3296 1890 3609 1961 παρέλαϐον
3637 1891 3704 1944 ἐκ

2121 1985 2229 2037 τῶν
2255 1985 2426 2052 ἁγίων
2455 1985 2738 2055 Πατέρων,
2759 1987 2852 2039 ἐπὶ
2897 1985 2993 2040 τοῦ
3043 1984 3309 2056 βασιλέως
3348 1983 3699 2062 Βραμσαπῶ,

2121 2081 2215 2133 καὶ
2240 2078 2334 2131 ἐπὶ
2380 2078 2475 2132 τοῦ
2512 2079 2631 2133 υῐοῦ
2654 2078 2819 2133 αὐτοῦ
2849 2077 3340 2149 ’Δρταχὲτζη.Καὶ
3369 2075 3506 2145 μετὰ
3528 2074 3702 2128 ταῦτα

2122 2173 2398 2245 ἐκράτησε
2433 2172 2544 2227 τῶν
2586 2172 2891 2244 Ἀρμενίων
2924 2172 2957 2242 ἡ
2985 2172 3334 2241 Μαρσπάνη.

2193 2354 2283 2425 Τῷ
2319 2355 2378 2409 ιε’
2400 2357 2509 2409 ἔτει
2548 2354 2642 2410 τοῦ
2683 2353 2883 2426 μικροῦ
2936 2353 3223 2409 Θεοδοσίου
3256 2353 3351 2407 τοῦ
3405 2352 3698 2423 βασιλέως,

2118 2448 2393 2520 ἑγὲνετοή
2440 2448 2599 2519 τρίτη
2663 2447 2880 2511 σύνοδος
2907 2446 3017 2501 τῶν
3065 2445 3109 2499 σ⁹
3158 2447 3441 2516 Πατέρων,
3498 2445 3700 2507 οἵτινες

2118 2540 2520 2611 ἀνεθεμάτισαν
2546 2542 2638 2595 τὸν
2668 2539 2968 2611 Νεστόριον
3000 2556 3014 2571 ³
3057 2540 3150 2592 καὶ¹
3184 2538 3325 2605 μετὰ
3355 2537 3559 2609 ταύτην
3593 2538 3699 2608 ήρ-

2119 2635 2294 2708 μόσθη
2309 2634 2389 2699 τὸ,
2433 2632 2868 2705 Ἃγιοςόθεὸς,
2901 2630 3049 2700 παρὰ
3102 2628 3197 2682 τοῦ
3243 2625 3515 2698 μακαρίου
3551 2626 3697 2695 Πρό-

2116 2730 2247 2784 κλου
2281 2728 2379 2782 τοῦ
2408 2728 2708 2781 ἐπισκόπου
2745 2721 3396 2783 Κωνσταντινουπόλεως,
3433 2718 3573 2786 ὑπὲρ
3591 2715 3689 2770 τοῦ

2116 2824 2298 2891 εὑρεῖν
2321 2821 2467 2884 ἕλεος
2494 2819 2644 2892 παρὰ
2677 2819 2882 2890 Κυρίου
2908 2816 3002 2870 τοῦ
3053 2814 3212 2881 Θεοῦ,
3271 2812 3361 2867 διὰ
3399 2812 3500 2882 τὴν
3530 2810 3693 2865 ἔπελ-

2115 2915 2320 2970 θοῦσαν
2358 2916 2650 2984 συμφορὰν
2680 2911 2776 2965 τοῦ
2813 2908 3061 2981 σεισμοῦ.
3088 2910 3199 2962 Ka't
3228 2906 3340 2961 ἀπὸ
3388 2908 3509 2960 τότε
3548 2923 3694 2975 παρα

2115 3006 2309 3061 ἐλαϐεν
2343 3008 2376 3078 ἡ
2407 3003 2677 3073 καθολικὴ
2728 3001 3025 3072 Ἐκκλησία
3069 3000 3161 3053 τὸν
3189 2999 3359 3069 ὕμνον
3390 2996 3481 3051 τδν
3524 3000 3697 3065 Τρισ-

2114 3096 2308 3167 ἀγιον,
2340 3097 2480 3151 κατὰ
2507 3096 2606 3166 τὴν
2637 3093 2948 3161 δοξολογίαν
2999 3092 3107 3146 τῶν
3155 3082 3431 3162 Σεραφὶμ,
3481 3090 3550 3161 ἣν
3596 3086 3695 3142 καὶ

432 3177 590 3228 quam
657 3162 769 3220 Deo
835 3169 1160 3225 submittere
1229 3167 1514 3242 Seraphim
1588 3173 1875 3229 didicimus
1942 3188 2008 3227 ex

2116 3162 2268 3262 παρὰ
2292 3187 2388 3242 τοῦ
2419 3162 2700 3259 προφνήτου
2747 3183 2974 3238 Ἡσαΐου
3007 3181 3439 3253 μεμαθήκαμεν.

430 3252 590 3312 lsaia.

504 3350 757 3419 Ejusdem
781 3354 1070 3411 Theodosii
1095 3364 1358 3428 tempore,
1384 3358 1446 3414 Β.
1473 3359 1761 3416 Flavianus
1784 3360 1836 3415 in
1857 3358 2006 3416 urbis

431 3442 593 3511 regiae
623 3443 825 3512 palatio
860 3446 1215 3517 Eutychetem
1263 3451 1559 3521 deponens,
1608 3453 1659 3507 iu
1704 3467 1826 3508 eum
1874 3467 2007 3508 aua-

433 3528 611 3584 thema
642 3530 794 3585 dixit.
825 3533 951 3589 Adit
987 3534 1169 3605 itaque
1200 3537 1291 3592 ille
1320 3537 1662 3601 Dioscorum,
1691 3555 1907 3613 rogans,
1947 3549 2007 3596 ut

429 3631 577 3688 petat
603 3622 671 3676 ab
696 3623 1031 3693 imperatore
1053 3629 1318 3698 synodum
1354 3631 1615 3686 celebrari
1644 3632 1864 3703 Ephesi,
1897 3648 2003 3703 qua

427 3716 814 3772 condemnetur
869 3729 1094 3775 sanctus
1146 3721 1460 3790 Flavianus,
1511 3722 1784 3794 Eutyches
1823 3736 2001 3781 autem

422 3808 630 3877 judicio
653 3808 987 3864 absolvatur.
1013 3809 1302 3867 Dioscorus
1332 3823 1509 3869 autem
1543 3824 1705 3884 atque
1731 3815 2003 3887 Eutycltes

429 3896 659 3953 immani
689 3900 815 3953 odio
847 3909 1203 3968 occupantur,
1247 3901 1390 3957 haud
1425 3916 1583 3957 secus
1612 3915 1775 3971 atque
1808 3919 2002 3959 corvus

429 3990 494 4065 in.
531 4004 752 4045 nemore
780 3991 882 4063 (5),
924 4006 989 4046 ac
1035 3993 1180 4047 sicut
1230 3992 1527 4048 uicticorax
1577 3994 1627 4048 in
1663 3996 1892 4066 petrinis
1938 4011 2003 4052 ac

426 4081 714 4137 ruderibus
745 4082 786 4139 ⁸.

1978 4186 2007 4215 κ

496 4277 623 4332 llaec
658 4290 822 4346 porro
845 4286 904 4330 ut
932 4274 990 4330 Β.
1026 4274 1136 4331 Leo
1159 4276 1437 4333 Romanus
1463 4293 1623 4349 papa,
1652 4296 1715 4336 ac
1740 4282 2000 4343 Ecclesiae.

424 4369 798 4424 confusionem
831 4370 1103 4440 cognovit,
1151 4371 1349 4426 acriter
1395 4375 1773 4444 reprehendit,
1807 4387 1998 4449 petens

420 4477 453 4517 a
524 4459 829 4517 Theodosio
896 4462 1159 4518 celebrari
1223 4467 1490 4536 synodum
1572 4468 1931 4524 universalem

418 4552 638 4606 interim
704 4566 834 4606 vero
886 4551 1183 4621 imperator
1210 4554 1350 4609 diem
1383 4555 1549 4617 obiit,
1588 4571 1693 4625 qua
1726 4572 1794 4612 ex
1829 4573 1996 4614 causa

419 4645 707 4700 consilium
759 4645 1134 4717 interquievit.
1189 4646 1498 4703 Marcianus
1547 4659 1726 4704 autem
1780 4652 1996 4723 imperii

417 4753 721 4803 successor,
751 4738 1036 4794 consilium
1080 4738 1210 4793 illud
1242 4739 1294 4794 in
1322 4739 1482 4796 linem
1520 4743 1792 4811 perduxit.
1820 4748 1996 4804 Caete-

417 4844 537 4882 rum
566 4839 687 4898 post
716 4845 887 4884 annos
912 4846 1005 4885 sex
1040 4830 1110 4885 ab
1140 4832 1286 4885 obitu
1326 4822 1499 4888 sancti
1534 4833 1708 4903 Isaac,
1736 4838 1877 4894 facta
1912 4853 1998 4896 est

417 4918 657 4988 synodus
691 4918 743 4972 in
773 4916 1020 4987 Sapcban
1049 4919 1148 4990 (4).

486 5112 658 5168 Beato
686 5112 871 5182 itaque
899 5127 966 5169 ac
1009 5121 1201 5171 sancto
1238 5115 1390 5175 Isaac
1427 5119 1537 5175 vita
1572 5119 1760 5179 futtcto
1794 5124 1909 5196 (5);
1950 5128 1996 5182 is

492 5235 509 5268 ¹
550 5232 692 5291 Psal.
723 5250 798 5303 et,
826 5235 891 5293 7..

488 5350 564 5420 (5)
591 5349 789 5430 Cereus
807 5351 862 5406 in
884 5365 1113 5430 nemore,
1130 5353 1329 5430 etc._Ut_
1347 5364 1576 5430 utraque
1593 5359 1709 5417 haec
1733 5362 1870 5425 avis,
1894 5361 1994 5415 im-

400 5430 650 5497 portuno
674 5421 766 5476 illo
795 5422 1059 5497 crocitatu
1088 5436 1208 5497 suo,
1242 5425 1295 5478 in
1319 5421 1597 5483 hominum
1632 5421 1992 5497 infensorum,

420 5490 487 5546 ac
542 5492 918 5559 impotentium
970 5490 1157 5556 animi,
1213 5510 1313 5549 nec
1358 5497 1626 5556 clamores
1685 5503 1778 5554 ine
1828 5490 1994 5559 testes

414 5561 1027 5641 valentiumcontinere,
1048 5564 1349 5641 symbolum
1370 5580 1695 5641 assumatur.
1721 5571 1793 5624 De
1818 5573 1992 5641 nycti-

415 5645 622 5707 corace
639 5631 900 5707 videndus
941 5630 1162 5707 Agelius
1209 5633 1356 5691 Psal.
1402 5638 1492 5691 illo
1510 5653 1582 5705 Cl,
1614 5641 1683 5693 ad
1711 5630 1992 5707 queniau-

415 5710 535 5753 ctor
557 5701 769 5755 alludit.
811 5702 1020 5756 Dictum
1047 5716 1076 5754 a
1095 5704 1331 5760 clamore
1354 5707 1521 5763 refert
1542 5701 1609 5763 ex
1643 5701 1830 5767 Graeco
1854 5727 1990 5767 ano-

415 5780 597 5840 nyrae.

487 5839 566 5911 (μί)
609 5838 776 5895 Facta
804 5851 881 5896 est
909 5845 1141 5911 synodus
1170 5848 1223 5902 in
1268 5847 1532 5917 Sapeban.
1584 5848 1701 5906 Alia
1741 5862 1825 5908 est
1869 5850 1983 5908 lucc

2197 3375 2290 3428 Ἐν
2320 3372 2376 3426 δὲ
2410 3372 2524 3434 τοῖς
2545 3367 2762 3441 χρόνοις
2788 3366 2883 3420 τοῦ
2914 3363 3081 3420 αὐτοῦ
3107 3362 3414 3427 Θεοδοσίου,
3441 3360 3471 3414 6
3505 3356 3692 3428 μακὰ-

2117 3483 2232 3538 ριος
2258 3463 2557 3525 Φλαϐιανδς
2584 3465 2643 3516 ὲν
2659 3459 2739 3528 τῷ
2770 3457 3018 3528 παλατίῳ
3040 3456 3140 3525 τῆς
3170 3453 3441 3525 βασιλίδος
3457 3450 3689 3513 πόλεως,

2111 3563 2204 3615 τὸν
2247 3553 2770 3631 μυσαρὺνΕύτυχέα,
2794 3551 3109 3621 καθαίρεσιν
3140 3549 3374 3619 ποιήσας
3422 3544 3541 3599 κατ’
3593 3545 3694 3597 αὐ-

2111 3654 2229 3718 τοῦ,
2263 3652 2661 3722 ἁνεθεμὰτισεν
2692 3646 2877 3702 αὐτόν.
2912 3641 3235 3715 Προσελθὼν
3260 3639 3444 3694 τοίνυν
3467 3641 3498 3693 6
3525 3638 3691 3702 αὐτὸς

2109 3747 2189 3818 τῷ
2215 3746 2512 3815 Διοσκόρω,
2538 3742 2679 3795 ὥστε
2697 3739 2922 3809 αἰτῆσαι
2955 3738 3046 3791 τδν
3077 3732 3327 3807 βασιλέα,
3365 3734 3453 3788 ἶνα
3487 3733 3688 3804 ποιήσῃ

2110 3840 2279 3909 ἄλλην
2312 3836 2527 3890 σύνοδον
2566 3836 2624 3887 ὲν
2668 3833 2904 3903 Ἐφέσῳ,
2936 3829 3028 3883 καὶ
3078 3825 3386 3898 κατακρίνῃ
3418 3824 3512 3879 τὸν
3541 3824 3690 3877 δσιον

2109 3929 2431 3986 Φλαὸιανὺν.
2457 3927 2547 3981 τὸν
2574 3927 2630 3981 δὲ
2681 3924 2925 3995 Εὐτυχέα
2954 3922 3242 3992 δικαιώσῃ.
3288 3918 3348 3973 '0
3381 3918 3439 3972 δὲ
3459 3916 3687 3971 Διόσκο-

2111 4042 2203 4096 ρος
2236 4023 2331 4078 καὶ
2364 4020 2613 4089 Εὐτυχὴς
2666 4018 2810 4088 μήνῃ
2864 4014 2928 4088 [ί.
2979 4010 3209 4085 μήνιδι.]
3266 4009 3689 4080 κατελήφθησαν

2105 4120 2265 4187 δίκην
2303 4115 2538 4186 κόρακος
2573 4113 2631 4166 ἐν
2669 4107 3088 4182 δρυμῷ,ὤσπερ
3109 4102 3439 4175 νυκτικόραξ
3458 4104 3519 4156 ὲν
3541 4103 3689 4155 οἱκο-

2157 4213 2173 4239 ι

2157 4213 2173 4239 ι

2107 4213 2340 4366 mliti);
2357 4301 2413 4356 δὲ
2435 4302 2463 4355 6
2500 4297 2771 4369 μακάριος
2799 4295 3049 4357 Λεόντιος
3067 4293 3262 4352 ταῦτα,
3286 4292 3315 4344 6
3330 4292 3515 4353 πάπας
3547 4287 3700 4341 Ῥῶ-.

2109 4396 2354 4470 μης,κα“ι
2396 4393 2495 4465 τὴν
2578 4391 2842 4461 σύγχυσιν
2904 4391 3001 4459 τῆς
3067 4385 3413 4456 Ἐκκλησίας,
3476 4381 3686 4451 σιξόδρα

1975 4487 1992 4527 :
2023 4528 2073 4586 ὓ
2108 4487 2529 4560 κατεμέμψατο,
2560 4484 2719 4586 σταρὰ
2744 4480 2837 4586 τοῦ
2861 4479 3148 4586 Θεοδοσίου
3209 4478 3439 4586 altus};
3460 4472 3555 4586 τοῖιν
3582 4473 3684 4586 βαί

2109 4583 2302 4644 σιλέως
2325 4574 2620 4646 καθολικὴν
2649 4572 2867 4627 σύνοδον
2910 4569 3188 4641 γενέσθαι,
3244 4569 3303 4621 ὲν
3361 4560 3405 4636 ᾧ
3448 4566 3624 4638 χρόνῳ
3655 4565 3687 4619 6

2110 4675 2363 4750 βασιλεὺς
2398 4669 2746 4739 ἐτελεύτησε,
2795 4667 2890 4720 καὶ
2944 4667 2977 4735 ἡ
3033 4663 3196 4735 βουλὴ
3256 4659 3679 4734 παρεσιωπήθη.

2107 4765 2502 4836 Διαδεξάμενος
2535 4761 2712 4832 δὲτὴν
2774 4757 3050 4829 βασιλείαν
3107 4759 3136 4811 6
3181 4752 3522 4826 Μαρκιανὸς,
3584 4753 3687 4820 τὴν

2106 4858 2301 4933 βουλὴν
2357 4858 2438 4919 εἰς
2492 4853 2666 4921 πέρας
2728 4852 2947 4923 ἤγαγε·
2999 4850 3093 4905 καὶ
3153 4846 3292 4919 μετὰ
3350 4845 3445 4916 ετη
3473 4843 3532 4910 εξ
3586 4842 3686 4913 τῆς

2101 4950 2360 5016 τελευτῆς
2393 4945 2486 4999 τοῦ
2542 4944 2698 5010 ἁγίου
2760 4944 2968 5007 Ἰσαὰκ,
3036 4940 3255 5011 ἐγένετο
3330 4938 3546 5002 σύνοδος
3603 4938 3687 5001 είς

2102 5042 2176 5094 Σα
2185 5039 2386 5110 πηδᾶν.

2171 5129 2279 5184 Τοῦ
2305 5128 2400 5183 οὖν
2442 5129 2715 5199 μακαρίου
2746 5131 2838 5182 καὶ
2869 5127 3027 5198 ἁγίου
3075 5125 3265 5181 Ἰσαὰκ
3316 5121 3684 5193 τελευτήσανο

2103 5365 2342 5433 synodus
2368 5365 2433 5419 ab
2466 5380 2530 5421 ea
2560 5380 2722 5435 quam
2755 5365 3093 5421 ex‘Ltberato
3119 5366 3287 5421 refert
3317 5365 3517 5435 Baron.
3546 5380 3678 5418 amt.

2105 5435 2235 5506 455,
2280 5434 2642 5490 Armenorum
2688 5438 2990 5506 synodum,
3032 5437 3300 5506 adversus
3334 5434 3679 5506 Theo-lorum

2110 5503 2569 5571 {ilupsnestenmm
2623 5503 2840 5574 quando
2891 5504 3116 5559 Proclus
3169 5516 3372 5559 tomum
3430 5506 3499 5560 de
3550 5504 3677 5569 fide,

2107 5575 2197 5644 qui
2234 5583 2436 5641 exstat,
2477 5577 2543 5628 ad
2573 5590 2667 5630 eos
2712 5576 2956 5644 scripsit.
2995 5574 3050 5628 lu
3089 5577 3275 5630 eadem
3306 5587 3481 5630 tamen
3513 5589 3682 5630 causa

2105 5641 2550 5698 Nestoriannrum
2585 5646 2799 5698 videtur
2829 5641 3124 5700 celebrata.
3181 5645 3379 5700 Urbem
3423 5647 3561 5699 hanc
3593 5645 3682 5711 ip-

2104 5727 2219 5786 sam
2255 5714 2493 5786 arbitror
2522 5730 2648 5786 qua:
2680 5714 2926 5771 Cedreuo
2963 5726 3047 5770 est
3080 5716 3389 5786 Aspaehan,
3418 5731 3482 5772 ac
3512 5729 3674 5786 quam

2096 5781 2452 5854 Lponclavius
2483 5781 2559 5838 ait
2589 5800 2733 5838 nunc
2762 5786 2941 5839 vocari
2976 5781 3217 5854 Spaﬁan.

2164 5854 2242 5924 (ὅ)
2282 5852 2444 5909 Isaac
2514 5857 2620 5912 vita
2696 5856 2892 5911 functo.
2934 5852 3233 5912 Sacerdotii
3284 5871 3427 5914 anno
3474 5855 3565 5923 60,
3620 5865 3681 5913 ut
