4088 6406
359 403 499 469 1241

1598 413 1695 473 DE
1734 414 1990 475 ΗΕΒυὸ
2029 415 2430 479 ΑῐὶΜΕΝΙᾹζ.

3486 426 3627 490 1242

354 535 465 582 τος,
501 515 605 591 [ὃς]
621 519 715 574 τοῦ
734 522 930 591 χρόνου
958 522 1058 591 τῆς
1084 523 1231 592 ζωῆς
1258 524 1426 577 αὐτοῦ
1457 525 1536 594 τῷ
1567 532 1637 595 ρι’
1664 525 1778 579 έτει
1804 544 1943 596 μετ-

2058 547 2247 586 tntmm
2299 547 2466 602 agens
2499 532 2601 588 110
2627 533 2884 604 migravit.
2914 535 2982 589 ad
3035 536 3358 603 Dominum;
3402 537 3628 609 jubentﬂ

354 614 485 682 έστη
529 615 665 683 πρὸς
697 614 904 685 Κύριον
942 632 955 646 ’
994 616 1305 686 διαδέχεται
1339 618 1430 671 τὸν
1461 618 1654 687 θρόνον
1680 622 1780 690 τῆς
1818 622 1941 672 ἐπι-

359 704 571 772 σκοπῆς
597 708 665 777 τῇ
696 706 891 759 τούτου
946 708 1241 779 προστάξει
1299 712 1327 763 ὁ
1373 710 1590 781 Ἰωσὴφ,
1620 706 1680 765 οὗ
1730 712 1809 782 τῷ
1865 710 1943 782 νβ’

356 796 470 849 ἔτει
528 797 763 869 ἐξητήθη
809 802 840 870 ή
889 802 1294 874 πυρσολατρεία
1396 806 1551 876 παρὰ
1608 805 1703 858 τοῦ
1784 806 1945 873 Ἐξη-

353 891 501 959 νὲρτ,
565 894 644 952 εἰς
699 893 800 964 τὴν
868 893 1164 964 Ἀρμενίαν
1220 896 1299 967 τῷ
1346 896 1424 961 λζ’
1470 897 1580 949 ἔτει
1612 896 1707 951 τοῦ
1742 896 1942 968 μικροῦ

355 984 641 1038 Θεοδοσίου
693 986 788 1039 τοῦ
821 987 1134 1056 Καίσαρος¹
1172 989 1566 1059 ἠλαττώθησαν
1627 992 1677 1043 οί
1715 990 1940 1043 ἐπίσκο-

355 1094 450 1130 ποι
480 1078 582 1146 τῆς
616 1078 933 1148 Ἀρμενίας.
971 1081 1425 1152 Ἐπαρρησιάσθη
1456 1083 1513 1135 δὲ
1544 1084 1639 1135 καὶ
1666 1084 1939 1155 διεσπάρη

358 1167 417 1239 [ί.
442 1173 965 1242 ἐπαρρησιάσθησαν
993 1176 1085 1229 καὶ
1106 1176 1503 1249 διεσπάρησαν]
1525 1178 1623 1245 τῆς
1639 1179 1941 1248 καθολικῆς

370 1262 724 1333 Ἐκκλησίας,
740 1269 804 1336 τῇ
825 1268 1123 1336 προστάξει
1154 1268 1249 1321 τοῦ
1279 1270 1389 1322 τῶν
1412 1272 1637 1341 Περσῶν
1656 1272 1940 1341 βασιλέως.

371 1357 439 1408 Ἦ
464 1358 520 1410 δέ
549 1358 694 1428 ἀρχὴ
727 1359 827 1423 τῆς
862 1361 1155 1424 αὐθαδείας
1185 1361 1373 1426 αὐτοῦ,
1416 1363 1525 1416 ἀπὸ
1547 1365 1646 1432 τῆς
1676 1364 1770 1417 τοῦ
1808 1364 2035 1434 Σορμὰκ
2088 1364 2340 1430 ἐξουσίας
2405 1365 2566 1418 ἔλαϐε
2625 1367 2724 1437 τὴν
2754 1366 2929 1438 ἀρχὴν
2988 1367 3083 1421 τοῦ
3118 1367 3291 1422 κακοῦ
3327 1384 3343 1401 ⁸

2049 625 2162 689 illo,
2186 624 2410 692 Joscph,
2433 626 2552 696 ejus
2576 627 2923 696 episcOpatus
2948 630 3131 683 sedem
3160 633 3401 699 suscepit
3428 650 3442 695 ;
3477 634 3629 698 cujus

2049 734 2191 772 anno
2222 719 2284 772 12
2308 719 2663 787 compellente
2693 719 2963 775 Ezennert
2986 722 3038 776 itt
3066 724 3323 785 Armenia
3360 726 3424 779 ad
3452 726 3629 793 ignem

2050 810 2407 874 adorandum,
2453 828 2595 866 anno
2621 813 2689 866 57
2724 812 3017 869 Theodosii
3058 813 3322 881 Junioris,
3360 817 3629 870 imminuti

2049 913 2172 955 Sum
2207 903 2443 971 episcopi
2481 903 2791 959 Armeniae:
2823 907 3078 976 auctique
3129 908 3345 972 ﬁducia,
3376 924 3403 961 a
3436 910 3628 962 catho-

2049 993 2150 1047 lica
2194 1010 2250 1047 se
2308 994 2545 1049 Ecclesia
2604 998 3022 1063 abstraxerunt,
3062 1000 3283 1066 jubente
3338 1000 3626 1055 Persarum

2053 1103 2199 1153 rege.
2239 1088 2290 1141 Is
2348 1104 2508 1156 porro
2566 1091 2773 1157 primus
2822 1093 2939 1159 ejus
2990 1096 3310 1148 temerarius
3364 1109 3549 1156 ausus,
3602 1109 3631 1145 a

2056 1178 2301 1233 Sormaci
2336 1190 2605 1248 potestate
2628 1183 2827 1236 malum
2871 1185 3188 1238 inchoavit:
3227 1185 3463 1238 maxime
3504 1198 3634 1238 vero

2052 1272 2173 1338 ejus
2201 1272 2472 1339 episcopis
2508 1273 2771 1329 hactenus
2800 1276 3204 1331 irremediabile
3244 1286 3445 1332 manet.

3396 1369 3633 1439 μάλιστα

356 1451 452 1503 καὶ
474 1455 585 1513 τοῖς
606 1453 667 1524 [ί.
701 1453 757 1505 δέ
788 1453 921 1525 τοῖς]
954 1455 1278 1519 ἐπισκόποις
1298 1456 1463 1509 αὑτοῦ
1489 1458 1708 1520 ἀνίατος
1730 1458 2000 1526 διέμεινεν
2027 1457 2133 1521 ἓως
2167 1457 2268 1525 τῆς
2307 1458 2576 1529 σήμερον.

442 1560 572 1613 Ἀπὸ
603 1561 703 1628 τῆς
729 1563 1031 1629 παρουσίας
1066 1564 1161 1616 τοῦ
1190 1564 1393 1633 Κυρίου
1465 1564 1641 1634 Ἰησοῦ
1703 1562 1942 1632 Χριστοῦ

358 1654 463 1716 ἕως
488 1654 641 1716 ἔτους
669 1652 712 1718 ζ’
749 1655 1163 1708 Κωνσταντίνου
1198 1656 1275 1725 τῷ
1309 1658 1401 1709 ἐπὶ
1460 1660 1560 1725 τῆς
1620 1658 1678 1707 ἐν
1738 1655 1944 1725 Νικαίᾳ

361 1746 607 1809 συνόδου,
640 1747 734 1816 ἐτη
767 1754 866 1799 τιε¹
889 1763 902 1777 ·
934 1750 1029 1799 καὶ
1060 1748 1168 1800 ἀπὸ
1203 1748 1304 1816 τῆς
1336 1748 1558 1801 συνόδου
1590 1748 1694 1810 τῆς
1742 1749 1800 1800 ἐν
1850 1748 1947 1799 Νι-

360 1837 494 1909 καία
512 1838 617 1900 ἕως
638 1838 738 1907 τῆς
780 1839 839 1890 ἐν
890 1840 1468 1893 Κωνσταντινουπόλει
1512 1840 1760 1902 συνόδου,
1800 1839 1877 1908 τῷ
1901 1836 1969 1891 ε’.

360 1930 472 1983 ἔτει
513 1932 607 1984 τοῦ
639 1933 898 2000 Μεγάλου
959 1932 1268 1999 Θεοδοσίου,
1328 1933 1702 2005 ἐὸδομήκοντα
1730 1931 1777 2001 γ’
1802 1949 1816 1965 ο
1849 1934 1943 1985 καὶ⁵

360 2024 470 2078 ἀπὸ
491 2025 696 2095 ταύτης
725 2025 822 2095 τῆς
853 2026 1092 2089 συνόδου,
1122 2026 1226 2089 ἓως
1252 2027 1350 2094 τῆς
1404 2027 1460 2077 ἐν
1527 2026 1737 2095 Ἐφέσῳ
1783 2026 1944 2091 ἁγίας

365 2116 608 2180 συνόδου,
637 2117 735 2185 τῆς
775 2119 1072 2187 γενομένης
1098 2118 1155 2169 ἐν
1177 2120 1293 2179 ταῖς
1350 2117 1585 2187 ἡμέραις
1643 2117 1943 2180 Θεοδοσίου,

363 2207 459 2262 τοῦ
492 2207 725 2278 Μικροῦ,
751 2212 810 2263 ἐν
845 2209 924 2279 τῷ
958 2210 1020 2262 ιε’
1051 2208 1181 2272 έτει,
1208 2212 1620 2278 τεσσαράκοντα
1650 2209 1743 2279 έτη
1782 2208 1942 2261 εἰσίν·

364 2301 457 2355 ἀπ’
485 2303 698 2372 ἐκείνης
729 2302 785 2355 δὲ
808 2302 906 2372 τῆς
931 2304 1177 2368 συνόδου,
1211 2303 1317 2366 ἕως
1346 2304 1448 2371 τῆς
1484 2302 1704 2357 συνόδου
1757 2304 1852 2372 τῆς
1890 2305 1947 2356 ἐν

376 2396 587 2464 Ἐφέσῳ
612 2395 707 2449 τοῦ
733 2397 1051 2467 Διοσκόρου,
1076 2402 1135 2450 ἐν
1161 2401 1284 2460 ταῖς
1339 2398 1577 2468 ἡμέραις
1630 2397 1725 2449 τοῦ
1783 2395 1947 2449 αἰτοῦ

371 2489 664 2559 βασιλέως,
698 2489 793 2559 ἔτη
824 2488 930 2558 κβ’.
970 2491 1103 2542 Ἀπὸ
1124 2490 1181 2543 δέ
1215 2489 1437 2559 ἐκείνης
1471 2490 1579 2549 ἓως
1630 2491 1729 2558 τῆς
1787 2488 1949 2554 ἁγίας

369 2583 592 2637 συνόδου
623 2583 723 2651 τῆς
746 2586 803 2637 ἐν
837 2583 1166 2653 Χαλκηδόνι,
1215 2584 1339 2654 ἥτις
1374 2584 1591 2650 ἐγένετο
1617 2584 1674 2636 ἐν
1712 2581 1951 2651 δευτέρῳ

371 2675 596 2743 έτειτῆς
622 2674 901 2746 βασιλείας
924 2674 1245 2745 Μαρκιανοῦ
1278 2673 1370 2727 τοῦ
1404 2674 1688 2744 βασιλέως,
1723 2672 1817 2739 ἔτη
1863 2679 1903 2724 ε’
1931 2686 1947 2704 ο

368 2770 478 2821 ἀπὸ
506 2767 563 2820 δὲ
590 2768 812 2821 συνόδου
842 2768 1047 2837 ταύτης
1080 2768 1185 2830 ἕως
1207 2768 1306 2836 τῆς
1342 2766 1628 2837 βασιλείας
1686 2767 1954 2819 Ἀναστα·

370 2858 487 2911 σίου
518 2859 818 2929 Καίσαρος,
849 2857 905 2928 μ’
928 2858 1025 2929 ἔτη
1051 2861 1149 2912 καὶ
1176 2857 1455 2913 ἐπέκεινα.

443 2972 579 3027 Τότε
616 2972 785 3036 πολλὴ
821 2975 1036 3046 ταραχὴ
1052 2975 1269 3043 ἐγένετο
1298 2974 1376 3047 τῷ
1427 2974 1705 3044 Διοσκόρῳ
1746 2974 1841 3027 καὶ
1876 2970 1954 3041 τῷ

375 3067 609 3136 Εὐτυχεῖ
626 3068 738 3129 τοῖς
769 3067 1173 3135 Μονοφυσίταις
1199 3085 1211 3097 ·
1242 3068 1515 3121 ἐθλίϐοντο
1545 3068 1601 3120 δέ
1630 3064 1956 3136 Σεὸηριανὸς

372 3162 398 3211 ὁ
428 3159 485 3212 ἐν
512 3135 570 3231 [
605 3159 928 3231 Σεϐηριανοὶ
956 3163 1006 3213 ot
1039 3160 1119 3233 ἐν]
1172 3161 1494 3233 ’Δντιοχείᾳ,
1543 3163 1638 3216 καὶ
1709 3135 1956 3224 Ἀλεξαν-
1982 3135 2025 3192 c

372 3251 551 3321 δρείᾳ,
593 3252 742 3321 καὶὴ
781 3252 911 3318 ἁγία
950 3252 1127 3316 πόλις,
1161 3252 1293 3305 διότι
1332 3253 1411 3322 τῷ
1444 3252 1591 3323 αύτῷ
1619 3252 1780 3305 πάθει
1813 3253 1956 3317 τινὲς

373 3347 433 3396 ἐν
469 3342 548 3413 τῷ
576 3344 827 3415 παλατίῳ
858 3344 1537 3415 κατεχόμενοι,ἐξέκλιναν
1586 3344 1676 3397 τὸν
1704 3343 1953 3414 βασιλέα.

372 3435 485 3506 τὴν
527 3437 583 3490 δὲ
611 3437 713 3506 γῆν
768 3437 1017 3509 ταραχῆς
1066 3437 1416 3507 ἐνέπλησαν·
1482 3437 1579 3507 τὴν
1629 3437 1956 3489 Μεσοποτα-

380 3529 530 3599 μίαν,
561 3530 655 3582 καὶ
698 3530 865 3593 ἄλλας
924 3529 1109 3599 χώρας
1135 3548 1149 3561 ·
1200 3530 1281 3582 ὅτι
1356 3529 1700 3595 ὲξεϐιάζοντο
1736 3529 1957 3590 πάντως

380 3624 924 3695 ἁναθεματίζειντὴν
956 3626 1119 3692 ἁγίαν
1169 3625 1261 3677 καὶ
1297 3624 1684 3694 οἱκουμενικὴν
1739 3622 1957 3675 σύνοδον

375 3718 473 3789 τὴν
495 3717 889 3787 ἐνΧαλκηδόνι,
909 3718 1003 3769 καὶ
1027 3716 1313 3785 ὁμολογεῖν
1346 3716 1475 3786 μίαν
1507 3716 1669 3785 φύσιν
1695 3714 1954 3785 Χριστοῦ,

379 3810 480 3878 τῆς
522 3810 773 3876 θεότητος
837 3810 932 3863 καὶ
989 3808 1410 3880 ἀνθρωπότητος
1465 3810 1605 3863 κατὰ
1664 3808 1954 3878 Εὐτυχέα·

382 3904 479 3957 καὶ
501 3906 566 3973 τῇ
598 3904 852 3974 ἀθανάτῳ
882 3902 1043 3973 φύσει
1074 3902 1239 3957 αὐτὸν
1272 3902 1599 3956 πεπονθέναι
1623 3919 1636 3933 ·
1694 3900 1837 3954 οὕτω
1863 3899 1957 3953 καὶ

381 3997 482 4061 εἰς,
509 3996 704 4062 ’Ἄγιος
740 3998 772 4049 ό
801 3996 966 4061 Θεὸς,
992 3996 1073 4059 είς
1095 3996 1186 4048 τὸν
1217 3994 1387 4065 ὕμνον
1441 3997 1540 4066 τῆς
1588 3994 1751 4061 ἁγίας
1790 3993 1959 4063 Τριάσ

380 4092 490 4154 δος,
508 4089 590 4149 τὸ,
608 4089 672 4140 '0
703 4087 1097 4155 σταυρωθείς,
1132 4090 1500 4159 προσφωνεῖν,
1534 4088 1671 4158 ὅπερ
1693 4086 1796 4158 πρὸ
1822 4086 1957 4159 βρα-

382 4168 507 4252 χέος
540 4184 651 4234 τῶν
708 4178 914 4249 χρόνων
975 4180 1199 4232 ἐκείνων
1252 4179 1460 4249 Πέτρος
1494 4181 1523 4233 ὁ
1593 4180 1897 4251 Ἀντιοχεύς
1929 4180 1958 4231 ό

387 4273 663 4343 Κναφεῦς,
698 4270 976 4342 προσθεὶς,
1007 4272 1405 4342 ἁνεθεματίσθη
1452 4273 1604 4340 παρὰ
1632 4272 1743 4325 τῶν
1786 4271 1957 4340 ἁγίων

383 4364 646 4433 Πατέρων
673 4362 782 4416 τῶν
815 4360 935 4413 τότε
965 4360 1253 4429 τυχόντων.
1290 4362 1444 4413 Ὅσοι
1478 4360 1535 4413 δὲ
1569 4362 1625 4413 ἐν
1681 4360 1813 4431 ὀρθῇ
1874 4360 1957 4414 πί-

386 4472 501 4509 στει
544 4455 861 4526 ἀνέμειναν,
896 4451 969 4524 μὴ
996 4451 1329 4516 ἀκούσαντες
1357 4452 1467 4504 τῶν
1508 4452 1772 4519 βασιλέως
1791 4444 1965 4524 προσο

381 4527 682 4618 ταγμάτων
709 4589 723 4612 ,
760 4546 970 4609 πάντας
1014 4544 1365 4616 ἐξορισθῆναι
1424 4544 1806 4598 κατεδίκασεν.
1873 4546 1963 4600 Ἐν

385 4731 613 4785 habetur
646 4727 893 4798 sequenti
925 4726 1324 4798 catholicorum
1359 4723 1630 4798 Armenia!
1680 4725 1940 4798 indiculo,

386 4801 475 4853 tibi
512 4795 739 4862 clarius,
784 4813 903 4864 qua:
953 4796 1038 4849 hic
1090 4798 1155 4848 de
1198 4795 1456 4850 Sormach
1503 4798 1752 4849 invasore
1807 4796 1952 4849 sedis

388 4871 533 4924 Isaac
562 4871 805 4938 ejusque,
840 4883 900 4938 ac
936 4866 1076 4938 regis
1093 4866 1379 4938 Armenia:
1416 4866 1555 4933 apud
1604 4880 1784 4938 regem
1821 4864 1956 4919 Per—

387 4934 968 4994 sarum'calumnioso
1008 4934 1284 4990 ’delatorc.
1340 4934 1580 4989 Joannes
1650 4935 1899 4989 Nicatnns
1941 4975 1956 4999 ,

388 5025 546 5078 quem
581 5006 1425 5078 damusrcausam_dejectionis
1472 5003 1745 5078 Isaac,_itt
1783 5006 1965 5073 specie

389 5074 575 5139 tradit.
611 5093 745 5147 quas
774 5076 1026 5129 nimirum
1058 5074 1526 5147 Constantinopoli
1572 5090 1607 5147 a_
1636 5075 1966 5147 Chrysosto-

388 5163 477 5208 mo
536 5151 601 5201 ad
630 5143 640 5147 ’
666 5164 786 5202 eum
854 5146 1046 5199 missas
1079 5145 1284 5199 litteras
1323 5161 1420 5214 pro
1453 5143 1541 5198 die
1584 5144 1720 5214 festo
1748 5144 1956 5200 Natalis

286 5258 293 5263 .
392 5218 600 5271 Domini
626 5216 882 5270 Armenia
916 5215 1248 5269 instituendo
1275 5254 1288 5278 ,
1325 5213 1578 5283 prtel'atns
1615 5213 1840 5268 Sormac
1872 5216 1955 5267 in-

390 5287 631 5351 tercepit,
680 5301 743 5339 ac
794 5300 890 5339 ceu
952 5295 1213 5339 tesseram
1268 5284 1667 5353 conjurationis
1723 5285 1839 5354 ejus
1898 5299 1959 5340 ac

391 5359 530 5426 regis
567 5356 856 5417 Armenia,
898 5369 1020 5409 cum
1076 5355 1288 5426 (lapsare
1351 5369 1417 5409 ac
1466 5355 1778 5426 patriarcha
1819 5355 1963 5426 Con-

388 5423 895 5493 atantitmpolitano,
945 5440 1040 5491 per
1076 5425 1404 5479 calumniam
1440 5425 1703 5478 obtrudit.
1742 5423 1966 5477 Videtur

389 5497 529 5551 velle
561 5506 775 5559 auctor,
824 5494 971 5561 prius
1016 5504 1251 5548 tentatos
1284 5496 1593 5555 Armenios.
1638 5508 1695 5547 ttt
1731 5495 1795 5547 ad
1832 5494 1963 5548 Per-

396 5581 578 5621 sarum
627 5563 1064 5633 superstitionem
1120 5567 1438 5625 transircnt,
1470 5579 1640 5631 eaque
1676 5565 1965 5618 occasione

392 5636 739 5689 imminutum
792 5634 845 5685 in
897 5634 1150 5704 Armenia
1211 5649 1492 5688 numerum
1562 5635 1963 5704 epiSt-Oporum,

392 5706 507 5759 sive
535 5714 761 5775 tyranno
791 5701 1109 5775 prohibente
1154 5704 1414 5775 ordinari,
1446 5708 1559 5758 sive
1590 5701 1710 5759 aliis
1747 5701 1778 5758 ἐι
1811 5704 1969 5759 Chri-

392 5772 800 5844 stiana,refugis
830 5772 1110 5844 religione,
1148 5774 1268 5827 aliis
1300 5776 1560 5844 martyrio
1590 5776 1883 5838 coronatis,
1912 5788 1968 5829 ttt

394 5845 446 5900 in
478 5843 744 5901 similibus
794 5843 1031 5900 accidit:
1073 5853 1185 5898 tum
1241 5859 1368 5900 vero
1410 5843 1748 5903 cencessisse
1793 5848 1957 5905 seuni

2124 1564 2206 1618 Ab
2235 1563 2463 1618 adventu
2493 1565 2706 1618 Domini
2736 1565 2909 1618 nostri
2940 1563 3066 1619 Jesu
3107 1564 3333 1629 Christi,
3365 1567 3428 1620 ad
3464 1582 3637 1635 usque

2053 1659 2085 1711 7
2114 1673 2313 1711 ammm
2347 1656 2691 1711 Constantini
2736 1657 2835 1722 (6),
2873 1658 3029 1727 cujus
3070 1668 3317 1728 tempore
3366 1659 3637 1713 celebrata

2051 1748 2266 1801 Nica’na
2292 1748 2554 1817 synodus.
2588 1748 2714 1801 anni
2746 1747 2881 1813 3l5;
2905 1759 3067 1816 atque
3093 1764 3120 1801 a
3156 1749 3368 1805 Merena
3395 1753 3629 1822 synodo.

2047 1840 2113 1893 ad
2145 1854 2315 1907 usque
2366 1840 2629 1910 synodum
2682 1840 3365 1908 Constantinopolitanam,
3427 1857 3571 1895 anno
3602 1842 3637 1896 5

2046 1931 2336 1985 Theodosii
2388 1932 2584 1997 Magni,
2618 1932 2745 1985 anni
2796 1932 2904 1997 '73;
2948 1940 3109 2002 atque
3153 1933 3221 1986 ab
3267 1934 3368 1988 hac
3404 1933 3633 2003 synodo,

2046 2027 2113 2079 ad
2144 2039 2313 2092 usqoe
2361 2025 2624 2096 synodum
2652 2025 3003 2091 Ephosinam,
3038 2040 3155 2094 qua:
3212 2025 3315 2080 fuit
3360 2026 3632 2081 celebrata

2048 2114 2100 2167 in
2135 2113 2322 2167 diebus
2374 2113 2661 2168 Theodosii
2698 2111 2942 2175 Minoris.
2974 2129 3043 2168 xv
3070 2115 3187 2183 ejus
3219 2115 3427 2183 imperii
3462 2130 3627 2178 anno,

2048 2205 2405 2274 quadraginta
2440 2205 2787 2260 intercedunt
2816 2206 2967 2260 anni.
2999 2206 3080 2261 Ab
3110 2222 3171 2261 ea
3200 2217 3379 2261 autem
3409 2207 3637 2277 synodo:

2050 2299 2116 2351 ad
2176 2312 2347 2367 usque
2387 2296 2713 2366 Ephesinam
2755 2296 2995 2351 Dioscori
3021 2338 3035 2361 ,
3072 2298 3123 2351 in
3158 2298 3349 2353 diebus
3393 2296 3637 2366 ejusdem

2053 2393 2417 2462 imperatoris,
2446 2394 2569 2445 anni
2598 2392 2691 2447 εει.
2721 2392 2803 2446 Ab
2835 2392 2921 2445 illa
2968 2402 3145 2447 autem
3183 2407 3356 2461 usque
3394 2392 3459 2447 ad
3504 2407 3638 2445 san-

2054 2497 2196 2539 ctam
2227 2486 2490 2555 synodum
2520 2485 3041 2549 Chalcedonensem,
3070 2499 3190 2553 qua:
3240 2483 3344 2538 fuit
3367 2484 3637 2538 celebrata

2053 2594 2197 2632 anno
2231 2578 2473 2634 secundo
2526 2578 2737 2647 imperii
2792 2577 3051 2632 Marciani
3106 2576 3357 2647 Augusti,
3409 2576 3532 2630 anni
3566 2576 3638 2640 5;

2055 2672 2123 2725 ab
2157 2686 2220 2724 ea
2248 2670 2485 2741 denique
2515 2671 2727 2741 synodo
2765 2670 2832 2723 ad
2875 2669 3159 2740 imperium
3194 2667 3470 2723 Anastasii
3508 2666 3643 2722 Ca:-

2054 2766 2215 2831 saris,
2250 2764 2377 2818 anni
2418 2762 2487 2818 40
2507 2804 2523 2831 ,
2553 2778 2619 2818 ac
2649 2762 2713 2818 iis
2744 2761 2953 2833 plures.

2130 2979 2185 3033 Id
2225 2980 2485 3048 temporis
2510 2977 2746 3031 turbatio
2774 2992 2969 3048 magna
2992 2975 3254 3031 Dioscoro
3271 2983 3323 3029 et
3349 2971 3642 3044 Eutycheti

2062 3071 2226 3126 unius
2258 3082 2464 3125 naturze
2505 3070 2892 3133 assertoribus,
2920 3070 3149 3124 conﬂata
3179 3078 3278 3123 est.
3312 3066 3481 3121 Porro
3507 3065 3646 3119 aﬂli-

2059 3163 2255 3233 gebant
2307 3162 2622 3227 Severiani,
2665 3161 3066 3217 Antiochenses
3114 3175 3178 3215 ac
3225 3159 3642 3221 Alexandrinos,

2059 3266 2411 3325 sanctamque
2430 3256 2728 3318 civitatem,
2755 3268 2820 3310 eo
2846 3254 2987 3323 quod
3013 3252 3173 3307 aulici
3212 3252 3428 3319 quidam
3453 3250 3641 3305 eodem

2058 3349 2366 3403 laborantes
2388 3347 2599 3412 morbo,
2621 3348 2673 3401 in
2708 3347 3031 3401 sententiam
3052 3350 3226 3412 {suam
3262 3345 3642 3414 imperatorem

2058 3443 2416 3512 pellexerant.
2441 3439 2615 3495 Porro
2652 3437 3012 3508 impleverunt
3032 3437 3263 3490 tumultu
3292 3445 3489 3490 terram
3524 3433 3648 3487 uni-

2059 3535 2304 3595 versam‘;
2331 3544 2525 3598 nempe
2566 3529 3040 3597 Mesopotamiam,
3070 3542 3134 3581 ac
3158 3524 3468 3595 provincias
3490 3524 3647 3587 alias,

2059 3624 2201 3694 quod
2219 3622 2446 3676 omnino
2466 3630 2724 3693 cogerent
2749 3620 3098 3674 anathemate
3115 3619 3374 3674 damnare
3405 3627 3647 3673 sanctam

2058 3716 2527 3785 acjmcumenicam
2552 3714 2813 3785 synodum
2838 3712 3354 3777 Cbalcedonenscm,
3375 3725 3650 3780 unamque

2059 3808 2303 3862 conﬁteri
2331 3806 2533 3860 Christi
2572 3814 2843 3870 naturam,
2888 3803 3105 3857 deitatis
3147 3816 3209 3856 ac
3261 3802 3644 3867 humanitatis,

2057 3902 2215 3972 juxta
2271 3898 2589 3970 Eutychetis
2634 3897 2972 3963 doctrinam;
3008 3911 3069 3951 ac
3104 3910 3324 3966 passum
3376 3910 3498 3950 esse
3546 3896 3651 3949 im-

2060 3995 2276 4049 mortali
2334 4007 2526 4047 natura
2558 4013 2573 4048 :
2608 4002 2767 4062 atque
2814 3994 2984 4055 adeo,
3020 3992 3073 4046 in
3110 3998 3313 4046 sancta:
3361 3988 3651 4045 Trinitatis

2062 4088 2275 4143 cantico
2304 4086 2395 4140 illo
2425 4104 2439 4141 :
2479 4084 2710 4140 Sanctus
2752 4084 2914 4152 Deus,
2950 4083 3276 4146 acclamare,
3309 4082 3399 4151 qui
3430 4080 3648 4149 cruci/i-

2060 4196 2161 4233 παι
2193 4187 2291 4243 est,
2328 4176 2468 4247 quod
2506 4177 2665 4245 paulo
2699 4186 2824 4231 ante
2853 4189 2915 4229 ea
2943 4185 3183 4245 tempora
3209 4172 3416 4227 addens
3456 4172 3650 4226 Petrus

2059 4269 2439 4324 Antiochenus-
2480 4276 2840 4337 cognomento
2890 4265 3067 4329 Fullo,
3098 4280 3125 4317 a
3156 4264 3360 4318 sanctis
3396 4262 3649 4318 Patribus

2060 4365 2178 4436 ejus
2204 4364 2408 4431 Emtatis
2434 4364 2768 4430 proscriptus
2797 4371 2903 4417 est.
2935 4362 3213 4430 Quotquot
3253 4369 3430 4413 autem
3461 4371 3651 4427 perse-

2006 4472 2051 4525 ι)
2084 4463 2404 4510 veraverunt
2446 4456 2501 4508 in
2534 4463 2678 4507 recta
2713 4453 2840 4517 ﬁde,
2874 4452 3071 4521 spretis
3112 4450 3477 4521 imperialibus
3508 4464 3659 4503 man-

2070 4547 2230 4614 datis,
2262 4546 2453 4601 exsilio
2507 4544 2780 4615 deportari
2812 4545 3011 4599 sanxit.
3045 4543 3149 4598 Per
3183 4544 3235 4598 id
3280 4553 3523 4613 tempus,
3557 4541 3655 4599 Ti-

2058 4725 2423 4781 Christianam
2479 4726 2795 4795 religionem
2823 4764 2839 4789 ,
2887 4740 2951 4780 ea
2997 4736 3174 4780 tamen
3222 4724 3555 4791 conditione,
3598 4737 3659 4783 tit

2068 4812 2135 4849 ne
2166 4797 2426 4852 Romanis
2475 4797 2967 4858 communit-arent,
3002 4812 3104 4851 nec
3125 4798 3191 4848 ab
3228 4797 3330 4857 eis,
3366 4810 3429 4849 ac
3462 4798 3660 4853 throno

2064 4866 2378 4930 Caesareae,
2455 4866 2851 4920 ordinationem
2912 4881 3011 4934 pro
3066 4881 3216 4920 more
3270 4866 3580 4934 acciperent
3637 4885 3654 4922 :

2068 4951 2257 4989 sancto
2286 4934 2472 4989 lsaaco
2505 4936 2557 4988 in
2592 4938 2731 4988 hunc
2778 4938 2995 4989 modum
3032 4938 3095 4989 ad
3130 4936 3373 4989 ordinem
3412 4939 3655 5003 redacto,

2070 5020 2135 5059 ac
2169 5006 2361 5059 exsilio
2392 5007 2640 5070 multato,
2694 5020 2759 5059 ac
2813 5003 3045 5061 Sormac
3093 5007 3145 5060 iu
3188 5006 3424 5061 viventis
3470 5009 3657 5063 sedem

2077 5076 2310 5129 itttt'ttso.

2135 5146 2211 5212 (6)
2234 5146 2316 5198 Ad
2335 5162 2493 5211 usque
2519 5145 2551 5198 7
2572 5146 3153 5203 annum-Constantini.
3178 5145 3292 5200 Non
3321 5146 3420 5202 fuit
3437 5162 3502 5200 eo
3517 5162 3661 5203 anno

2068 5219 2341 5270 celebrata
2374 5216 2581 5287 Nicaena
2614 5217 3001 5287 synodus,sed
3053 5218 3313 5272 vicesimo
3352 5218 3468 5283 ejus
3506 5233 3651 5271 anno

2072 5287 2146 5341 uti
2175 5286 2526 5339 consentiunt
2562 5286 2833 5340 historici.
2885 5286 3065 5343 Voluit
3094 5288 3231 5340 forte
3262 5298 3449 5338 auctor
3476 5288 3662 5339 consi-

2074 5370 2243 5423 gnare
2264 5370 2486 5419 annum,
2514 5371 2621 5424 quo
2647 5357 2884 5413 Ecclesia
2915 5362 3186 5412 exstincto
3243 5356 3518 5410 Maxentio
3550 5358 3656 5410 vir-

2077 5435 2190 5478 tute
2214 5426 2415 5488 crucis,
2439 5430 2607 5492 coepit
2640 5441 2828 5494 pacem
2860 5430 3080 5493 habere,
3107 5444 3169 5482 ac
3194 5428 3487 5480 candidato
3511 5428 3659 5491 lidei,

2072 5496 2295 5561 fereque
2340 5494 2655 5549 Christiano
2706 5496 3057 5565 imperatore,
3094 5496 3363 5565 gaudere;
3408 5499 3562 5564 cujus
3601 5499 3654 5551 in

2070 5565 2421 5635 Christianos
2458 5568 2745 5635 propensio
2788 5564 2973 5634 ipsum
3026 5564 3245 5635 quoque
3298 5564 3656 5621 Maximinum

2077 5636 2128 5706 in
2161 5634 2387 5689 Oriente
2432 5634 2484 5706 ab
2514 5646 2690 5706 cmpta
2740 5634 3119 5706 persecutione
3160 5634 3341 5705 potuit
3379 5638 3659 5694 cohibere.

2077 5705 2351 5759 Caeterum
2402 5705 2568 5759 nolim
2607 5705 2750 5762 esse
2799 5708 3070 5761 morosior
3116 5710 3169 5760 in
3219 5707 3322 5760 hac
3357 5719 3662 5775 temporum

2076 5776 2306 5841 ratione,
2336 5775 2388 5827 in
2409 5792 2514 5845 qua
2547 5777 2717 5846 possit
2741 5792 2861 5832 esse
2883 5778 3087 5845 aliquid
3113 5778 3293 5832 minus
3316 5787 3660 5845 accuratum,

2074 5846 2189 5904 sive
2219 5846 2286 5903 ab
2317 5858 2562 5919 auctore,
2597 5846 2711 5905 sive
2739 5846 2807 5905 ab
2838 5847 3174 5922 antiquaria.
