4088 6406
344 361 362 422 l

339 495 408 548 τη

421 363 474 427 ξε

375 363 408 423 ἓ

340 571 533 640 φύσεις
578 575 668 627 ἐπὶ
714 577 953 647 Χριστοῦ
995 582 1090 635 τοῦ
1133 584 1268 639 Θεοῦ
1312 589 1490 658 ἡμῶν,
1535 591 1630 645 καὶ
1670 591 1917 644 ἐναντίαν

341 661 559 715 σύνοδον
591 666 970 735 ἑδογμάτισαν,
1003 671 1276 742 λέγοντες,
1311 679 1441 749 μίαν
1467 679 1629 749 φύσιν
1658 680 1750 734 τοῦ
1783 680 1918 735 Θεοῦ

291 754 516 822 ἰΛόγου
552 759 646 812 καὶ
679 760 778 828 τῆς
815 767 1018 832 σαρκός
1046 783 1060 796 ·
1105 771 1198 823 καὶ
1232 773 1298 842 τῇ
1334 773 1587 844 ἀθανάτῳ
1624 774 1784 843 φύσει
1819 775 1920 827 αὺ-

339 849 432 901 τὸν
454 851 833 922 ἐσταυρῶσθαι
861 858 954 910 καὶ
975 861 1228 916 τεθνᾶναι
1248 881 1259 893 ·
1284 865 1406 917 ὅθεν
1429 866 1522 919 καὶ
1544 866 1626 927 τὸ,
1653 867 1717 920 '0
1739 885 1921 921 σταυ-

337 944 579 1009 ρωθείς,
623 948 974 1018 προσέθηκαν
1015 955 1096 1015 εἰς
1133 956 1218 1020 τὸ,
1247 956 1443 1026 ’Ἄγιος
1486 962 1518 1012 ὁ
1565 959 1738 1024 Θεὸς,
1781 959 1922 1013 κατὰ

343 1034 551 1105 Πέτρον
583 1037 831 1106 Κναφέα,
862 1041 954 1093 τὸν
987 1045 1229 1099 παθόντα
1259 1047 1327 1100 τὰ
1359 1048 1671 1105 Σαϐελλίου.
1694 1051 1924 1117 "aptus

346 1125 484 1194 μετὰ
518 1126 612 1178 τοῦ
657 1120 1117 1202 ἀναθηματισμοῦ
1159 1138 1466 1207 ἀποστῆναι
1502 1141 1600 1209 τῆς
1638 1140 1924 1201 κοινωνίας

353 1215 746 1290 Ἰερουσαλὴμ,
792 1223 886 1276 καὶ
936 1227 999 1278 ἐκ
1041 1225 1150 1278 τῶν
1191 1229 1328 1282 νέων
1362 1229 1680 1300 Ῥωμαίων,
1723 1230 1818 1282 καὶ
1861 1235 1924 1284 ἐκ

341 1310 450 1360 τῷν
483 1311 894 1379 ὁμολογούντων
928 1319 1066 1387 μετὰ
1097 1322 1197 1389 τὴν
1226 1321 1646 1391 ὲνανθρὼπησιν
1674 1323 1770 1376 τοῦ
1809 1325 1923 1376 Κυ-

347 1397 460 1468 ρίου
489 1401 645 1470 ἡμῶν
673 1403 764 1457 δύο
797 1406 1010 1474 φύσεις.
1047 1411 1496 1483 Ἐχειροτόνησαν
1523 1414 1579 1467 δὲ
1610 1414 1701 1468 τὸν
1735 1413 1920 1467 Ἀπτι-

343 1491 424 1544 σῶ
454 1495 752 1549 ἐπίσκοπον
797 1500 889 1552 καὶ
922 1501 1144 1570 ἑτέρους
1179 1503 1245 1573 β’,
1274 1505 1697 1568 ἀποστείλαντες
1728 1506 1926 1568 αὐτοὺς

341 1582 423 1642 εἰς
470 1583 906 1655 Μεσοποταμίαν
947 1591 1180 1660 Συρίας,
1225 1591 1372 1662 ἔχειν
1420 1595 1741 1662 συμφωνίαν
1788 1595 1926 1665 μετὰ

341 1672 588 1742 ἀλλήλων
616 1678 693 1738 είς
724 1680 916 1745 αἰῶνα,
951 1683 1254 1754 ίδιοχείρως
1287 1685 1595 1757 γράψαντες
1627 1689 1719 1740 καὶ
1751 1689 1928 1756 ἀσφα-

344 1768 616 1831 λίσαντες.

1580 385 1677 444 DE
1719 386 1968 446 REBUS
2008 387 2398 452 ARMENl/E.

416 497 440 539 ς
478 481 537 531 ἐν
571 481 880 552 Χαλκηδόνι
901 527 914 547 ,
953 488 1046 541 καὶ
1081 492 1221 545 κατὰ
1253 495 1360 546 τῶν
1393 497 1801 565 ὁμολογούντων
1832 499 1926 552 δύο

2041 503 2142 557 Deo
2173 515 2364 559 nostro
2422 506 2788 564 conﬁtentur:
2837 508 3276 575 contrariamque
3335 511 3599 576 synodum

3463 395 3485 456 Ῑ
3499 393 3599 456 2.16

2022 598 2193 650 secuti
2239 605 2364 651 sont
2403 597 2644 654 dicentes
2693 615 2854 653 unum
2889 609 3138 653 naturam
3194 601 3282 653 Dei
3339 599 3496 652 Verbi
3531 615 3595 650 ac.

2023 691 2226 757 carnis,
2304 706 2370 745 ac
2430 693 2600 748 fuisse
2665 693 2954 747 immortali
3006 703 3200 745 natura
3269 693 3597 747 crimitixum

2022 792 2184 851 atque
2216 796 2489 862 mortuum
2522 801 2538 838 :
2570 786 2712 841 unde
2747 785 2910 839 etiam
2949 786 3112 839 illud:
3178 785 3280 851 Qui
3311 786 3605 853 cruciﬁxus

2023 892 2100 940 es,
2138 876 2462 933 addiderunt
2495 879 2712 934 cantico
2757 877 2986 934 Sanctus
3015 877 3174 942 Deus,
3195 879 3347 945 juxta
3378 877 3600 931 Petrum

2029 968 2328 1036 Fullonem,
2387 972 2478 1040 qui
2531 973 2584 1026 in
2624 973 2813 1027 eodem
2871 982 3034 1042 atque
3087 972 3363 1026 Sabellius
3408 984 3602 1025 errore

2030 1071 2280 1116 versatus
2335 1073 2440 1120 est.
2488 1064 2854 1119 Decreveruut
2897 1075 3078 1119 autem
3111 1066 3209 1117 sub
3236 1061 3602 1124 anathemate,

2029 1165 2086 1208 ut
2106 1169 2134 1208 a
2161 1157 2546 1210 communione
2575 1154 2882 1212 Jerusalem
2905 1155 3201 1221 resilireut,
3239 1154 3596 1222 acjnniorutn

2031 1247 2426 1312 Romanorum,
2485 1262 2803 1316 eorumque.
2835 1247 2927 1316 qui
2986 1256 3108 1318 post
3166 1245 3603 1300 incarnationem

2028 1338 2240 1393 Domini
2291 1339 2485 1402 nostri,
2544 1339 2680 1394 duas
2723 1351 2952 1394 naturas
3022 1348 3355 1394 asserereut.
3412 1337 3607 1402 Porro,

2028 1431 2345 1486 ordinantes
2404 1431 2610 1503 Aptyso
2663 1432 3003 1502 episcopum,
3033 1447 3098 1486 ac
3161 1431 3298 1484 alios
3345 1432 3502 1491 duos,
3551 1429 3606 1480 in

2031 1523 2476 1594 Mesopotamiam
2508 1525 2681 1596 Syris:
2711 1539 2809 1580 eos
2854 1524 3238 1584 amaudaruut.
3277 1533 3332 1574 ut
3359 1529 3604 1574 mutuam

2033 1615 2085 1668 iu
2115 1626 2438 1685 perpetuum
2490 1616 2905 1670 consensionem
2949 1615 3170 1680 inirent,
3203 1627 3364 1666 manu
3387 1611 3605 1681 propria

2034 1708 2358 1770 scribentes,
2386 1722 2450 1760 ac
2479 1706 2670 1776 sigillis
2699 1707 3029 1760 munientes.

412 1857 569 1952 Ριίετὰ
600 1859 658 1911 δὲ
704 1861 894 1931 χρόνον
945 1863 1146 1927 πολὺν,
1183 1847 1398 1938 Bap-cci;
1428 1886 1510 1933 τις
1544 1869 1759 1941 ἄρχων,
1790 1873 1926 1925 ἀπο-

2101 1885 2233 1940 Post
2297 1883 2513 1952 longum
2573 1883 2776 1938 abhinc
2831 1892 3066 1950 tempus,
3121 1881 3310 1934 Bartas
3391 1877 3612 1945 quidam

343 1950 563 2013 κτείνας
609 1953 701 2004 τὸν
747 1955 1042 2026 Σουριένην
1086 1957 1177 2012 τὸν
1225 1960 1445 2032 Πέρσην
1492 1963 1583 2015 τὸν
1629 1963 1929 2034 τύραννον,

344 2043 731 2114 ἁποστατήσας
781 2048 845 2099 ὲκ
893 2048 1002 2100 τῶν
1038 2051 1373 2120 Ἀρμενίων,
1424 2055 1600 2118 ἀδεῶς
1650 2058 1787 2126 πρὸς
1835 2059 1935 2127 τὴν

347 2133 514 2204 [λείπ.
549 2130 706 2209 ἦλθε]
743 2141 1358 2208 Κιιινσταντινούπολιν,
1397 2147 1475 2216 τῷ
1508 2151 1934 2221 τεσσαρακοστῷ

344 2227 456 2280 ετει
487 2228 582 2282 τοῦ
628 2231 842 2302 Χοσρόη
865 2273 879 2294 ,
924 2235 1018 2287 καὶ
1051 2236 1113 2288 τὸ
1153 2237 1197 2290 λ’
1229 2237 1338 2292 ἔτει
1374 2240 1468 2292 τοῦ
1510 2242 1895 2296 Ἰουστινιανοῦ
1917 2285 1932 2308 ,

341 2319 441 2371 τοῦ
475 2321 571 2372 καὶ
603 2320 702 2391 τὴν
747 2323 939 2392 Ἀγίαν
964 2326 1164 2395 Σοφίαν
1188 2329 1523 2400 δειμαμένου
1548 2348 1560 2359 ·
1589 2334 1651 2385 ἐκ
1683 2334 1781 2402 τῆς
1817 2352 1938 2387 κοι-

344 2411 545 2475 νωνίας
593 2415 649 2466 δὲ
697 2416 864 2469 αὐτοῦ
917 2420 1226 2490 ἐκχωρίσας
1278 2423 1376 2476 σὺν
1423 2424 1536 2488 τοῖς
1591 2425 1708 2494 μετ’
1743 2427 1935 2480 αὑτοῦ.

350 2501 550 2571 Ἔλεγε
583 2507 689 2577 γὰρ
720 2508 800 2560 ὅτι
833 2509 947 2563 Οὐκ
976 2511 1082 2580 ἔχω
1114 2513 1338 2582 ἐντολὴν
1371 2515 1433 2566 ἐκ
1462 2516 1571 2567 τῶν
1601 2515 1939 2570 διδασκάλων

347 2594 512 2660 ἡμῶν
545 2597 664 2664 μεθ’
694 2599 850 2668 ὑμῶν
881 2605 1184 2658 κοινωνεῖν.
1219 2605 1312 2658 Διὸ
1345 2607 1694 2679 προσετάχθη
1724 2610 1751 2661 ὁ
1778 2609 1939 2668 αὐτὸς

350 2685 568 2756 Βαρτᾶς
612 2691 763 2758 παρὰ
795 2693 889 2746 τοῦ
925 2695 1207 2766 Καίσαρος
1246 2700 1680 2765 συγκαλέσεσθαι
1717 2705 1941 2756 ἐπισκόο

349 2795 487 2839 πους
513 2780 611 2832 καὶ⁸
637 2781 998 2848 διδασκάλους
1028 2789 1156 2851 τοὺς
1185 2789 1293 2842 τῶν
1329 2792 1654 2862 Ἀρμενίων.

437 2871 687 2938 Ἐγένετο
714 2875 766 2928 δὲ
801 2875 1020 2941 σύνοδος
1054 2881 1264 2953 μεγάλη
1306 2884 1363 2936 ὲν
1393 2888 1459 2953 τῇ
1494 2886 1941 2941 Κωνσταντινου-

357 2962 508 3016 πόλει
531 3007 543 3025 ,
584 2967 726 3020 κατά
755 2985 918 3023 τινων
947 2972 1282 3042 αἱρετικῶν,
1314 2976 1382 3049 ῆν
1412 2976 1460 3030 ε’
1488 2978 1704 3033 σύνοδον
1740 2981 1940 3034 καλοῦ-

357 3068 460 3120 μεν
482 3068 497 3084 ο
531 3056 623 3106 καὶ
651 3057 1118 3130 ὁμοφωνήσαντες
1146 3065 1362 3132 αὐτοῖς,
1395 3067 1472 3138 τῷ
1503 3071 1731 3140 ὀνόματι
1763 3073 1944 3128 αὐτῶν

2037 1976 2310 2046 princeps.
2359 1974 2539 2028 occiso
2591 1973 2823 2028 Surieue
2873 1971 3037 2026 Persa
3079 1982 3328 2042 tyranno,
3382 1983 3444 2024 ac
3475 1969 3611 2021 dcti-

2037 2068 2187 2123 ciens
2236 2069 2303 2120 ab
2373 2066 2670 2130 Armeniis,
2730 2063 3032 2134 intrepidus
3086 2061 3610 2125 Constantinopolim

2038 2159 2212 2228 petiit,
2249 2175 2388 2211 anno
2422 2159 2491 2213 40
2534 2157 2814 2222 Chosrois,
2868 2171 2932 2211 ac
2970 2156 3038 2211 30
3061 2153 3374 2216 Justiniani,
3422 2153 3512 2222 qni
3560 2158 3616 2204 et

2039 2251 2290 2306 Sanctam
2342 2251 2597 2320 Sophiatu
2628 2249 2950 2315 mdiﬁcavit;
2986 2250 3054 2303 ab
3083 2247 3198 2316 ejus
3232 2259 3408 2302 tamen
3464 2260 3616 2300 com-

2043 2343 2296 2397 munione
2342 2359 2400 2396 se
2431 2357 2716 2410 separans,
2767 2357 2869 2396 una
2897 2356 3020 2394 cum
3049 2341 3360 2396 comitibus.
3396 2337 3617 2393 Dicebat

2041 2431 2182 2483 enim
2233 2446 2334 2482 non
2376 2430 2576 2484 habere
2629 2431 2940 2483 mandatum
2983 2443 3011 2482 a
3057 2429 3329 2497 magistris
3386 2427 3520 2490 suis,
3558 2435 3618 2480 ut.

2042 2522 2468 2574 contnutnicarct
2526 2537 2647 2574 cum
2703 2523 2805 2576 eis.
2839 2519 3012 2575 Jussit
3054 2521 3237 2590 itaque
3291 2520 3610 2588 imperator.

2053 2622 2110 2663 ιιι
2144 2611 2282 2663 idem
2317 2611 2510 2666 Barrus
2539 2610 2897 2673 Armenorunt
2922 2610 3206 2680 episcopos
3230 2624 3292 2663 ac
3328 2605 3618 2677 magistros

2043 2711 2390 2757 convocaret.

2115 2882 2277 2936 Facta
2311 2891 2489 2934 autem
2522 2888 2603 2936 est
2631 2894 2822 2949 magna
2854 2880 3092 2951 synodus
3113 2876 3607 2944 Constantinopoli,

2046 2987 2232 3030 contra
2295 2973 2581 3028 nonnullos
2659 2970 2966 3037 haereticos,
3036 2985 3198 3039 qnam
3266 2978 3317 3023 et
3376 2969 3619 3037 quintam

2048 3067 2312 3138 synodum
2370 3079 2669 3118 vocamus:
2752 3078 2989 3131 cumque
3045 3062 3127 3116 eis
3187 3059 3622 3118 consensissent,

353 3145 620 3249 ἐκάλεσαν
645 3151 808 3249 ἁγίας
835 3155 1008 3219 πύλας
1032 3157 1133 3226 τῆς
1161 3159 1350 3227 ’Δγίας
1379 3162 1600 3230 Σοφίας.
1627 3165 1749 3235 ἥτις
1781 3167 1934 3237 μέχρι

2049 3174 2232 3216 sacras
2267 3157 2481 3212 Sanctae
2547 3153 2762 3225 Suphia:
2807 3163 2990 3224 portas
3028 3169 3094 3208 ex
3157 3168 3345 3207 eorum
3405 3147 3624 3204 nomine

355 3237 598 3308 σήμερον
625 3243 874 3297 καλεῖται
901 3247 1010 3300 τῶν
1039 3249 1352 3319 Ἀρμενίων
1375 3255 1560 3322 πύλη.
1592 3257 1723 3310 Τότε
1753 3259 1938 3312 ἀνεθε-

360 3330 595 3398 μάτισαν
631 3335 720 3388 τὸν
758 3337 1069 3410 Ὀριγένην,
1106 3346 1197 3396 τὸν
1231 3345 1524 3415 Εὐάγριον,
1559 3349 1650 3401 τὸν
1683 3350 1934 3420 Δίδυμον,

354 3425 484 3486 τοὺς
513 3425 934 3498 Νεστοριανοὺς,
966 3436 1092 3498 τοὺς
1130 3437 1469 3502 Ἰακωϐίτας,
1503 3441 1628 3504 τοὺς
1663 3441 1940 3495 Ἰουλιανί-

355 3529 479 3579 τας,
508 3518 600 3568 καὶ
625 3520 752 3579 τοὺς
778 3520 816 3571 Γ
819 3523 1090 3588 αῖανίτας,
1121 3529 1215 3580 καὶ
1244 3533 1372 3590 τοὺς
1400 3528 1550 3594 ἅπαξ
1577 3531 1759 3594 ἁπλῶς
1791 3531 1940 3601 ἔχων·

357 3621 480 3714 τας,
509 3607 607 3677 τὴν
632 3610 725 3663 τοῦ
751 3612 1048 3684 Νεστορίου
1079 3617 1186 3690 [τον.
1218 3622 1509 3691 Εὐτύχους,
1538 3627 1612 3677 vel
1641 3623 1939 3696 utrumque]

358 3702 597 3766 αἵρεσιν.
642 3702 1131 3776 “ι’ποστρεψὰντων
1171 3711 1228 3764 δὲ
1271 3713 1452 3766 αὐτῶν
1496 3716 1574 3770 είς
1611 3717 1938 3785 ’Λρμενέαν,

358 3787 410 3838 oi
446 3790 544 3856 μὲν
570 3793 864 3864 προθύμως
892 3797 1220 3866 ὑπεδέξαντο
1245 3802 1344 3872 τὴν
1371 3804 1566 3856 ἕνωσιν
1584 3821 1596 3834 ·
1628 3809 1675 3858 οἱ
1703 3806 1756 3858 ξὲ
1786 3808 1940 3878 ἐπορ-

365 3880 620 3936 νεύσαντο
648 3887 704 3938 ἐν
731 3890 850 3950 ταῖς
877 3891 1112 3960 ἡμέραις
1144 3894 1384 3965 Βοανέση
1417 3895 1513 3967 [ιιι.
1549 3897 1816 3969 Εὑανέση]
1845 3899 1940 3952 τοῦ

367 3971 672 4028 Καθολικοῦ
690 4017 704 4040 ,
733 3981 861 4048 περὶ
885 3976 958 4034 ὧν
985 3984 1082 4036 οὐκ
1109 3984 1226 4038 ἔστι
1252 3987 1348 4039 νῦν
1376 3986 1557 4054 λέγειν
1584 3988 1723 4040 κατὰ
1755 3989 1938 4058 μέρος.

364 4067 654 4137 Ἔγραψαν
686 4071 864 4125 τοίνυν
895 4076 1186 4147 ἐπιστολὴν
1220 4077 1356 4145 πρὸς
1388 4079 1481 4134 τὸν
1514 4080 1681 4144 Ἀπᾶς
1704 4081 1795 4134 τὸν
1822 4081 1943 4134 καθα

359 4160 539 4213 ολικὺν
574 4161 858 4226 Ἀλϐανίας
907 4165 1110 4236 χώρας,
1146 4172 1510 4240 περιέχουσαν
1540 4173 1714 4237 οὕτως
1740 4189 1753 4203 ·
1791 4174 1942 4227 Ἐλθδ

363 4253 670 4324 μεθ’ήμῶν
715 4255 936 4319 ἐνωθεὶς
981 4262 1044 4328 τῇ
1093 4262 1311 4324 πίστει,
1358 4265 1416 4316 ἐν
1458 4265 1536 4334 τῷ
1579 4267 1763 4334 λέγειν
1813 4267 1944 4335 μίαν

360 4345 522 4412 φύσιν
552 4348 788 4418 Χριστοῦ
820 4349 912 4400 τοῦ
946 4350 1102 4414 Θεοῦ,
1135 4353 1229 4405 καὶ
1260 4356 1340 4417 είς
1368 4355 1451 4418 τὸ,
1475 4357 1679 4427 ’Ἄγιος
1710 4362 1742 4413 ό
1775 4360 1942 4427 Θεὸς,

371 4439 427 4491 '0
452 4441 816 4508 σταυρωθεις
840 4443 1104 4512 δι’ἡμᾶς.
1124 4446 1182 4498 '0
1205 4447 1332 4499 εὲοὺ
1350 4452 1716 4518 συγκατέθετο
1741 4453 1938 4519 λέγων·

2047 3253 2408 3322 appellarunt,
2459 3251 2830 3317 hactenusque
2871 3257 3095 3302 vocatur
3132 3245 3299 3299 Porta
3362 3244 3622 3298 Armene-

2041 3363 2183 3401 rum.
2221 3344 2377 3399 Tunc
2426 3344 2680 3398 dixerunt
2741 3338 3027 3396 anathema
3091 3335 3330 3405 Origeui,
3372 3333 3623 3402 Evagrio,

2043 3438 2289 3506 Diilymo.
2335 3436 2691 3496 Nestorianis,
2722 3429 3002 3494 Jacohitis,
3023 3428 3293 3484 .Inliauitis
3314 3469 3330 3494 ,
3357 3424 3628 3481 Gaianitis

2041 3547 2104 3584 ac
2130 3529 2428 3584 omninoiis
2454 3528 2707 3584 omnibus
2741 3526 2832 3594 qui
2874 3523 3056 3577 inl‘ccti
3094 3533 3270 3576 essent
3298 3534 3418 3572 cum
3436 3517 3626 3572 Nesto-

2046 3623 2196 3677 riana
2222 3619 2437 3680 lneresi,
2460 3629 2572 3671 tum
2602 3615 2934 3686 Eutychetis.
2962 3610 3337 3666 Reversisilﬁs
3364 3610 3418 3662 in
3436 3609 3626 3662 Arme-

2045 3716 2210 3772 niam.
2233 3725 2356 3782 pars
2378 3709 2594 3778 quidem
2620 3717 2868 3775 prompto
2891 3719 2953 3758 ac
2980 3704 3142 3757 alacri
3165 3702 3347 3755 animo
3370 3703 3624 3755 unionem

2042 3813 2398 3870 susceperunt
2424 3817 2438 3866 ;
2459 3815 2582 3870 pars
2603 3808 2779 3852 autem
2802 3796 3050 3852 nimi-irati
3065 3804 3186 3849 sunt
3201 3809 3262 3847 ac
3284 3792 3627 3846 desciverunt

2045 3897 2304 3953 indiebos
2337 3893 2594 3946 Boattesie
2623 3889 2885 3945 Catholici
2937 3889 3003 3942 de
3039 3887 3237 3956 quibus
3281 3886 3420 3938 haud
3465 3883 3627 3937 modo

2045 3988 2330 4043 dicendum
2361 4000 2458 4054 per
2509 3982 2740 4052 singula.
2776 3981 3120 4048 Scripsertntt
3161 3991 3289 4046 ergo
3325 3977 3530 4029 litteras
3563 3975 3630 4027 ad

2045 4081 2186 4149 Apas
2213 4077 2550 4133 Catholicunt
2582 4074 2821 4129 Albania;
2853 4071 3163 4141 provincia},
3200 4070 3251 4124 itt
3285 4069 3398 4122 lucc
3428 4067 3626 4122 verba:

2049 4171 2182 4226 Vetti
2219 4170 2498 4224 nobiscum
2534 4169 2636 4222 title
2668 4165 3043 4226 consentiens,
3071 4162 3123 4216 in
3145 4176 3211 4216 eo
3240 4161 3386 4229 quod
3411 4159 3626 4212 unicam

2047 4264 2246 4320 Christi
2281 4263 2368 4317 Dei
2427 4269 2674 4315 naturam
2718 4256 3056 4315 conﬁtearis.
3118 4262 3280 4322 atque
3312 4251 3627 4315 iucautico,

2047 4356 2273 4412 Sanctus
2319 4353 2480 4418 Deus,
2534 4353 2683 4406 dicas
2715 4365 2731 4404 :
2763 4349 2868 4412 Qui
2905 4347 3190 4413 cruciﬁxus
3237 4361 3291 4398 es
3317 4360 3412 4413 pro
3457 4341 3628 4396 nobis.

2050 4451 2116 4506 At
2154 4450 2243 4505 ille
2278 4449 2474 4510 renuit,
2528 4445 2758 4498 dicens:
2815 4441 3008 4494 Petrus
3061 4454 3125 4492 ac
3175 4436 3466 4506 Gregorius
3525 4435 3629 4488 mei

359 4530 441 4584 ὅτι
479 4532 538 4586 ’0
581 4536 784 4607 Πέτρος
826 4537 918 4589 καὶ
955 4540 984 4591 ὁ
1025 4540 1323 4610 Γρηγόριος
1358 4543 1408 4594 οἱ
1446 4542 1553 4612 πρὸ
1593 4544 1727 4606 ἐμοῦ
1767 4545 1934 4609 ὄντες,

2052 4548 2384 4607 deccssores,
2415 4542 2467 4596 in
2498 4556 2620 4594 cum
2643 4539 2858 4592 modum
2889 4536 3142 4591 dicebant
3167 4536 3460 4598 canticum;
3491 4532 3633 4588 San-

358 4624 528 4688 οῦτως
550 4626 754 4694 ἔλεγον,
787 4628 884 4695 τὸ,
913 4631 1117 4698 ’Ἄγιος
1150 4634 1182 4684 ό
1218 4631 1363 4698 Θεός
1388 4648 1402 4659 ”
1438 4632 1550 4700 ἐγὼ
1582 4634 1639 4687 δὲ
1670 4636 1730 4687 οὐ
1770 4653 1942 4704 προσ-

359 4719 525 4784 τίθω,
560 4721 683 4774 οὕτε
721 4722 922 4788 ὑφέλω.
985 4722 1222 4793 ὐμοίως
1255 4726 1348 4778 καὶ
1383 4725 1521 4796 πρὸς
1552 4727 1681 4788 τοὺς
1717 4726 1942 4795 Ἴϐηρας

360 4812 628 4884 ἔγραψαν.
670 4816 732 4867 οι
774 4814 853 4877 δὲ,
901 4816 1147 4885 σφοδρῶς
1186 4817 1567 4880 ἀντειπόντες,
1611 4817 1673 4870 οὐ
1715 4818 1943 4870 κατεδέ-

361 4905 543 4972 ξαντο.
579 4906 642 4958 Εἰ
681 4906 755 4975 μὴ
791 4907 943 4974 μόνοι
976 4902 1120 4959 οῦτοι
1151 4906 1403 4978 Αῐλουροι
1439 4908 1580 4962 κατὰ
1609 4907 1709 4975 τὴν
1743 4909 1940 4979 Ἀρμε-

361 4999 488 5052 νίων
515 4999 818 5064 διάλεκτον,
850 4999 1060 5072 Τασὴρ,
1095 4999 1136 5053 Τ
1143 5001 1406 5073 ζοραπὸρ,
1441 5003 1533 5056 καὶ
1566 5002 1856 5074 Καρταμὲ,
1886 5001 1947 5055 αἵ

365 5095 470 5146 εἰσι
499 5095 705 5164 χῶραι,
740 5093 833 5148 καί
858 5112 1000 5156 τινες
1028 5095 1138 5148 ἀπὸ
1163 5095 1262 5164 τῆς
1297 5096 1566 5166 Ἀρτζάχο
1598 5098 1656 5148 ὲν
1689 5091 1776 5159 αἶς
1807 5095 1944 5166 ἠμέ-

368 5201 492 5254 ραις
527 5185 783 5248 πολλάκις
822 5187 1108 5240 συστασίαι
1147 5187 1394 5256 ἐγένοντο
1413 5227 1429 5253 ,
1455 5187 1545 5241 διὰ
1573 5187 1673 5258 τὴν
1701 5189 1943 5242 ἀποστα-

369 5279 492 5331 σίαν
524 5279 634 5332 τῶν
671 5280 982 5350 ἀρχόντων,
1016 5282 1073 5333 ὲν
1112 5281 1338 5342 πολλαῖς
1375 5280 1612 5350 ἡμέραις
1636 5321 1650 5346 ,
1687 5279 1745 5333 ἔν
1781 5296 1840 5332 τε
1875 5279 1943 5350 τῇ

375 5371 658 5443 Ῥωμανίᾳ
699 5372 797 5426 καὶ
835 5375 903 5443 τῇ
947 5375 1188 5444 Περσίδι,
1234 5372 1610 5443 συζητούντων
1653 5375 1718 5444 τῇ
1763 5372 1946 5425 πίστει

437 5555 515 5621 (8)
599 5556 661 5610 Si
696 5562 902 5608 tantum
972 5552 1190 5610 ιΕΙιιτοε
1232 5555 1380 5620 istos,
1447 5563 1552 5608 etc.
1609 5553 1742 5609 Dicti
1803 5562 1931 5607 sunt

371 5628 539 5689 ΑΞΙιιιυί
625 5643 655 5679 a
731 5625 1016 5678 Timotheo
1071 5626 1436 5679 Alexandrino
1493 5625 1750 5678 ltzerctictt
1810 5638 1932 5692 pns-

370 5701 524 5756 siiuo.
555 5713 716 5765 quem
742 5698 942 5749 dietnnt
979 5705 1106 5762 puto
1129 5695 1378 5748 Aﬂlurnnt
1415 5711 1441 5746 τι
1464 5694 1791 5765 calliditate,
1822 5710 1928 5762 qua

369 5763 792 5836 νειμ-ἰηιϊιιειιιιιιι
833 5779 963 5817 vcnn
994 5781 1055 5818 tts
1084 5777 1189 5818 est.
1226 5765 1377 5831 Quod
1410 5764 1624 5836 additur
1649 5763 1793 5816 κατὰ
1817 5765 1928 5836 τὴν

379 5837 680 5910 ’Λρμενίων
718 5837 1013 5901 διάλεκτον,
1063 5849 1154 5890 ton
1188 5834 1644 5906 γοωιιιΑῐλουροι
1683 5834 1929 5906 respicit,

2051 4648 2166 4692 ctus
2203 4637 2386 4702 Deus;
2417 4634 2766 4704 quamobrem
2814 4630 2949 4684 nihil
2985 4630 3098 4698 ipse
3151 4629 3430 4683 additurus
3483 4641 3627 4689 sunt,

2050 4741 2210 4785 autve
2241 4729 2576 4795 dempturos.
2629 4722 2894 4777 Similiter
2944 4721 3283 4789 scripserunt
3322 4719 3388 4772 ad
3423 4718 3626 4773 lhcros.

2051 4819 2128 4874 Illi
2163 4833 2291 4872 vero
2340 4817 2632 4885 plurimum
2668 4813 2994 4872 obnitentes,
3054 4825 3157 4864 non
3197 4816 3538 4876 receperunt,
3575 4809 3622 4862 si

2051 4919 2262 4964 tantum
2296 4905 2670 4961 lElurosistos
2691 4903 2766 4975 (8)
2805 4903 2960 4972 juxta
2989 4902 3350 4956 Arnienorum
3381 4900 3625 4970 linguam

2049 5003 2290 5072 excipias
2320 5000 2546 5057 :Tascr.
2603 4997 2898 5064 ’ἵκοι-ξιμον,
2948 5005 3001 5048 et
3035 4994 3311 5059 Cartame,
3339 5008 3460 5063 quae
3503 4999 3633 5046 sunt

2050 5095 2265 5164 oppida,
2304 5106 2368 5144 ac
2394 5089 2681 5144 nonnullos
2715 5086 2782 5140 de
2833 5084 3089 5138 Artzach.
3148 5083 3219 5138 lis
3277 5082 3617 5152 temporibus

2053 5186 2230 5240 multa;
2267 5184 2422 5238 facite
2444 5190 2568 5236 sunt
2603 5180 2898 5234 seditiones
2931 5186 3154 5247 propter
3181 5175 3490 5230 diuturnam
3525 5173 3630 5238 du,-

2052 5294 2173 5334 cttm
2201 5277 2578 5338 deiectionem,
2614 5283 2723 5326 tum
2753 5272 2807 5325 in
2844 5268 3134 5331 Bouiania,
3155 5278 3270 5321 tum
3294 5267 3346 5319 in
3377 5261 3626 5322 Perside.

2054 5386 2174 5425 cum
2207 5369 2425 5423 interim
2465 5379 2561 5436 per
2602 5378 2774 5418 annos
2799 5361 2874 5416 ‘20
2923 5369 3274 5416 moverentur
3295 5354 3626 5426 quaestiones

2043 5565 2202 5620 quam
2235 5549 2404 5618 liquet
2445 5563 2546 5620 non
2583 5559 2705 5601 esse
2731 5541 3124 5620 AArmenicam,
3166 5537 3261 5594 sed
3285 5535 3459 5620 magis
3476 5533 3624 5616 Crte-

2041 5605 2187 5685 ἑυιιι,
2220 5605 2400 5672 nciam
2432 5617 2569 5674 satis
2601 5636 2611 5670 :
2651 5617 2741 5670 sed
2773 5623 3066 5685 sequentes
3104 5605 3227 5685 rere
3273 5605 3613 5685 A‘rntenicas.

2041 5679 2327 5757 qum-sunt
2379 5687 2596 5742 nomina
2647 5679 2918 5757 locorum,
2943 5679 3372 5757 xiiipat_,_ittqt_tit,
3399 5685 3617 5754 auctor,

2043 5745 2310 5831 r'i-gioucs,
2341 5757 2586 5814 nonnihil
2631 5745 3204 5812 reiitotioribus'ttohis
3245 5745 3606 5803 obscuriora.
