4088 6454
462 408 485 474 1
499 409 603 474 247

1525 403 1777 466 ISAACI
1819 402 2191 466 ARMENLE
2229 403 2640 466 CATHOLICI

3592 401 3744 469 1⁸248

457 528 526 582 de
558 527 681 591 (ide,
710 527 767 581 in
813 523 1001 580 diebus
1034 520 1439 580 Catholicorum
1472 520 1744 585 Bianises,
1767 534 1829 575 ac
1846 518 2029 585 Mosis,

2154 519 2237 571 ἐπὶ
2269 518 2325 572 κ’
2351 520 2447 590 ἔτη
2470 558 2485 584 ,
2518 521 2576 572 ὲν
2609 518 2846 591 ἡμέραις
2881 517 2973 573 τοῦ
3007 517 3234 590 Βιανιση
3268 517 3367 573 τοῦ
3400 519 3695 576 καθολ.κοῦ
3717 544 3741 573 ο

458 618 526 671 ad
555 632 726 685 usque
777 630 977 670 annum
1027 615 1260 684 primum
1299 612 1583 679 Chosrois,
1618 612 1710 681 qui
1737 626 1794 665 tn
1867 625 2031 664 manu

460 708 709 765 Mauricii
765 707 842 779 (9)
915 707 1284 779 imperatoris,
1329 707 1383 761 in
1447 706 1615 761 multa
1661 703 2034 757 Romanorum

458 801 684 866 virtute,
725 814 949 869 regnum
1002 798 1232 867 adeptus
1257 807 1362 854 est.
1392 798 1585 864 Porro,
1613 796 1810 865 agebat
1837 795 2030 851 ducem

458 892 731 947 exercitus
751 891 967 947 Musiles
995 909 1010 953 ;
1052 890 1296 946 Manconi
1327 900 1687 961 cognomento
1719 886 2036 941 Tarouitem

461 983 679 1053 reliquit
722 984 775 1038 in
809 982 1056 1038 Perside.
1110 980 1376 1052 Regnavit
1416 991 1594 1035 autem
1620 980 1780 1034 annis
1804 978 1896 1040 '58,
1950 977 2041 1031 de-

459 1076 645 1145 ditque
671 1075 984 1131 Armeniam
1012 1083 1175 1129 totam
1218 1073 1477 1129 Mauricio
1514 1070 1831 1143 imperatori
1867 1081 2039 1136 usque

460 1168 526 1221 ad
554 1166 746 1232 Tiben,
780 1182 846 1222 co
889 1166 1030 1235 quod
1079 1165 1272 1220 fuisset
1319 1165 1387 1219 ab
1412 1179 1477 1220 eo
1527 1164 1853 1218 constitutus
1917 1176 2036 1225 rex,

462 1260 744 1330 multaque
775 1260 917 1315 dona
957 1276 1080 1316 cum
1107 1260 1224 1330 ipse
1262 1272 1373 1313 tum
1402 1258 1671 1314 exercitus
1697 1259 1764 1312 ab
1786 1273 1853 1312 eo
1882 1271 2038 1313 acce-

459 1350 646 1418 pisset.
698 1350 900 1408 Eodem
931 1367 1074 1408 anno
1102 1354 1249 1407 misit
1286 1353 1531 1408 Musilem
1563 1354 1629 1407 ad
1682 1352 1997 1408 Mauricium
2020 1369 2073 1431 :_

459 1456 692 1513 cumque
721 1443 766 1498 is
798 1443 856 1497 in
888 1459 1083 1512 niagno
1117 1445 1204 1500 die
1267 1444 1403 1500 festo
1450 1446 1701 1515 pretiosae
1758 1445 1951 1501 Grucis
1982 1447 2035 1501 in

463 1532 653 1588 urbem
715 1534 979 1598 venisset,
1041 1547 1385 1591 removerunt
1445 1551 1505 1592 se
1550 1551 1578 1590 a
1631 1538 2039 1604 communione,

462 1638 586 1700 cum
633 1624 750 1694 ipse
804 1625 1045 1693 Musiles,
1096 1636 1215 1705 tum
1252 1630 1301 1683 ei
1356 1629 1582 1684 comites
1637 1629 1859 1685 milites.
1909 1629 2041 1685 Per-

464 1725 720 1772 contante
751 1725 931 1773 autem
970 1718 1317 1790 imperatore,
1351 1735 1415 1775 ac
1444 1735 1665 1776 causam
1697 1722 2036 1791 requirente,

463 1807 743 1876 respondit
785 1807 894 1872 ille,
955 1811 1009 1864 in
1065 1824 1227 1865 causa
1268 1825 1387 1865 esse
1430 1813 1692 1883 synodum
1738 1811 2038 1868 Chalcedo-

470 1910 715 1961 nensem,
764 1912 828 1952 ac
868 1898 1009 1967 quod
1049 1898 1278 1955 duarum
1330 1909 1648 1956 naturarum
1680 1917 1927 1959 essemus
1956 1917 2044 1958 as-

464 1996 725 2042 seriores.

534 2105 615 2161 Ad
641 2121 800 2176 quem
830 2108 1166 2179 imperator:
1221 2129 1240 2162 ι
1281 2108 1545 2167 Decessor
1597 2119 1776 2166 vester
1825 2112 2041 2180 Bartac,

467 2200 817 2266 quamobrem
871 2201 1153 2257 nohiscmn
1187 2207 1475 2257 contessus
1496 2211 1602 2265 est,
1639 2217 1703 2258 ac
1725 2204 1773 2258 ei
1808 2204 2042 2259 comites

467 2287 646 2355 Azati,
675 2303 969 2358 eorumque
1002 2291 1253 2347 doctores
1303 2291 1506 2363 scripto
1543 2293 1987 2349 consentientes?
2017 2312 2036 2348 ι

471 2378 780 2450 Respondet
852 2381 1112 2439 Musiles:
1175 2403 1194 2437 ι
1229 2382 1462 2455 Propter
1512 2384 1900 2455 ignorantiam,
1949 2394 2046 2441 aut

469 2480 672 2524 metum
708 2473 791 2527 :si
835 2487 965 2543 ergo
1009 2473 1187 2545 jnhes,
1224 2490 1290 2531 ac
1320 2474 1519 2531 blande
1545 2477 1724 2540 audis,
1745 2477 2043 2547 judicium-

467 2578 595 2632 que,
635 2564 688 2619 in
715 2564 926 2634 iustitia
962 2567 1177 2639 dirigis,
1212 2569 1458 2624 invenies
1497 2568 1781 2624 veritatem
1817 2570 1872 2625 in
1906 2570 2043 2626 meis

470 2655 769 2727 magistris.
800 2676 820 2711 ι
846 2657 1019 2715 Iussit
1041 2674 1171 2728 ergo
1188 2661 1477 2733 episcopos
1504 2677 1716 2728 omnes,
1743 2676 1808 2717 ac
1855 2661 2040 2717 Mosen

471 2745 828 2815 Catholicum,
848 2765 951 2804 una
969 2765 1091 2805 cum
1117 2751 1446 2809 militaribus
1469 2754 1641 2823 copiis
1673 2753 1858 2809 venire
1888 2751 2043 2809 Con-

472 2841 894 2912 stantinopolim.
950 2841 1152 2900 Verum
1223 2845 1332 2911 ille,
1405 2835 1853 2916 haudquaquam‘
1876 2844 2047 2916 jussis

472 2931 713 2986 adhibuit
760 2933 1020 3000 animum,
1075 2935 1308 2992 dicens:
1375 2954 1395 2988 ι
1434 2936 1592 2991 Absit
1647 2945 1707 2990 ut
1767 2945 2043 2990 transeam

472 3023 686 3079 ﬂuvium
746 3027 905 3092 Azat,
954 3027 1039 3084 vel
1102 3028 1264 3086 furno
1322 3040 1534 3085 coctum
1580 3029 1691 3102 (10)
1727 3027 2036 3096 comedam,

2142 614 2238 666 καὶ
2270 613 2447 681 Μωσῆ
2469 652 2484 674 ,
2518 612 2622 675 ἕως
2661 611 2779 675 ἑνὸς
2814 611 2965 676 ἔτους
2999 611 3214 683 Χοσρόη
3236 653 3251 677 ,
3288 611 3348 677 ὃς
3383 613 3745 667 ἐϐασίλευσεν

2139 705 2197 757 ὲν
2228 705 2374 775 χειρὶ
2404 702 2716 774 Μαυρικίου
2749 703 3051 774 Καίσαρος,
3079 706 3137 757 ὲν
3166 704 3339 775 πολλῇ
3371 704 3600 775 δυνάμει
3628 703 3751 758 τῶν

2157 796 2468 866 Ῥωμαίων.
2502 797 2562 850 '0
2592 794 2650 850 δὲ
2683 797 3064 868 στρατηλάτης
3093 797 3374 868 Μουσίλης
3394 839 3409 861 ,
3440 797 3536 850 τοῦ
3567 799 3743 868 Μαγ-

2148 887 2266 940 κόνι
2299 888 2391 941 τὸν
2438 887 2516 959 [Ι.
2569 886 2659 941 τὸν
2690 887 2942 956 Μαγκόνι
2972 887 3102 960 τὸν]
3137 888 3506 958 ἐπικληθέντα
3537 888 3741 962 Ταρω-

2140 978 2315 1050 νίτην,
2347 977 2646 1033 ἀπέλειπεν
2672 981 2729 1033 ἐν
2763 980 3007 1049 Περσίδι.
3038 980 3181 1050 Ἔτη
3210 979 3256 1032 λ’
3284 980 3608 1039 ἐϐασίλευσε
3641 982 3746 1035 καὶ

2138 1068 2222 1140 2;"
2246 1071 2303 1135 ὃς
2332 1070 2499 1125 ἔδωκε
2523 1071 2621 1143 τὴν
2637 1072 2931 1143 Ἀρμενίαν
2956 1073 3136 1126 πᾶσαν
3165 1074 3461 1143 Μαυρικίῳ
3491 1073 3742 1146 Καίσαρι

2140 1162 2246 1226 ἕως
2276 1163 2370 1216 τοῦ
2399 1162 2568 1233 Τιδὴ,
2603 1163 2721 1217 ἄνθ’
2747 1156 2822 1217 ὧν
2853 1162 2945 1217 ὑπ’
2972 1163 3136 1217 αὑτοῦ
3169 1165 3407 1234 κατέστη
3441 1164 3738 1234 βασιλεὺς.

2141 1256 2238 1309 καὶ
2286 1255 2438 1327 δῶρα
2486 1256 2660 1309 πολλὰ
2706 1256 2839 1327 παρ’
2868 1254 3039 1308 αὑτοῦ
3085 1254 3281 1310 ἔλαϐεν
3334 1256 3496 1320 αὐτὸς
3548 1258 3643 1311 καὶ
3667 1258 3744 1312 τὰ

2143 1348 2537 1421 στρατεύματα
2586 1348 2776 1405 αὐτοῦ.
2822 1347 2915 1419 Τῷ
2960 1346 3110 1419 αὐτῷ
3155 1348 3265 1402 ἔτει
3308 1348 3599 1404 ἀπέστειλε
3644 1351 3744 1404 τὸν

2140 1441 2421 1510 Μουσίλην
2452 1440 2592 1511 πρὸς
2621 1441 2714 1495 τδν
2744 1442 3081 1511 Μαυρίκιον,
3114 1440 3211 1493 καὶ
3245 1439 3458 1508 φθάσας
3491 1443 3548 1495 ὲν
3578 1442 3741 1495 Κων-

2143 1536 2604 1599 σταντινουπόλει,
2651 1534 2710 1588 ὲν
2751 1537 2820 1605 τῇ
2864 1535 3056 1606 ἡμέρα
3098 1534 3199 1605 τῆς
3249 1533 3495 1603 μεγάλης
3540 1535 3745 1604 ἑορτῆς

2140 1626 2236 1680 τοῦ
2267 1624 2453 1693 τιμίου
2480 1625 2726 1696 Σταυροῦ
2745 1665 2760 1689 ,
2795 1626 2859 1679 ἐκ
2890 1624 2991 1695 τῆς
3022 1618 3317 1689 κοινωνίας
3338 1626 3568 1687 ἑαυτοὺς
3598 1625 3738 1689 ἔξω·

2144 1734 2243 1771 σαν
2268 1719 2296 1770 ὁ
2322 1715 2622 1786 Μουσίλης,
2650 1716 2746 1769 καὶ
2777 1715 2827 1769 oi
2859 1716 2958 1770 σὺν
2985 1715 3136 1787 αὺτῷ
3172 1717 3524 1786 στρατιῶται.
3563 1717 3735 1788 Ἑρω-

2140 1809 2409 1877 τήσαντος
2436 1808 2492 1861 δὲ
2521 1808 2616 1862 τοῦ
2650 1807 2945 1878 βασιλέως,
2973 1809 3070 1863 καὶ⁸
3091 1809 3191 1880 τὴν
3219 1809 3402 1865 αἰτίαν
3434 1809 3699 1879 μαθόντος
3718 1822 3740 1853 ν

2144 1901 2310 1963 αὐτὸς
2328 1899 2489 1978 ἔλεγε
2518 1901 2600 1953 ὅτι
2625 1899 2713 1954 διὰ
2736 1899 2834 1972 τὴν
2862 1899 3082 1954 σύνοδον
3105 1900 3208 1971 τῆς
3237 1901 3611 1973 Καλχηδόνος,
3639 1899 3743 1955 καὶ

2142 1990 2232 2046 διὰ
2262 1991 2321 2045 τὸ
2350 1990 2635 2062 ὁμολογεῖν
2664 1991 2813 2063 ἡμᾶς
2841 1990 2934 2044 δύο
2965 1990 3179 2062 φύσεις.

2224 2099 2285 2152 ’0
2321 2097 2571 2168 βασιλεὺς
2605 2091 2793 2153 εἶπεν·
2832 2116 2851 2151 ι
2890 2098 2954 2152 Ὀ
2988 2098 3096 2168 πρὸ
3127 2098 3283 2169 ὑμῶν
3317 2095 3561 2169 Βαρτάκ,
3592 2095 3739 2153 διατε

2145 2190 2569 2262 συνωμολόγησε
2591 2232 2606 2256 ,
2642 2190 2738 2244 καὶ
2768 2191 2818 2244 οἱ
2856 2192 2956 2245 σὺν
2988 2191 3139 2263 αὐτῷ
3173 2191 3389 2257 Ἀζάτοι
3409 2232 3425 2258 ,
3460 2193 3555 2245 καὶ
3586 2192 3737 2246 διδά-

2144 2284 2333 2336 σκαλοι
2378 2283 2557 2336 αὐτῶν
2600 2281 2894 2354 ἐγγράφως
2942 2283 3385 2352 συνταξάμενοις
3424 2303 3443 2336 ι
3499 2283 3665 2351 Λέγει
3709 2286 3740 2338 ό

2150 2374 2424 2444 Μουσὶλης
2452 2390 2465 2403 ·
2504 2392 2523 2426 ι
2559 2373 2660 2427 Διὰ
2692 2373 2946 2442 ἄγνοιαν,
2974 2374 3005 2437 ἢ
3024 2374 3112 2427 διὰ
3142 2374 3329 2443 φόϐον.
3361 2374 3535 2429 Εἰοῦν
3565 2392 3744 2440 προσ-

2148 2469 2358 2530 τάττεις
2405 2467 2498 2520 καὶ
2546 2466 2806 2530 ἐπιεικῶς
2869 2466 3133 2530 ἀκούεις,
3180 2468 3272 2520 καὶ
3317 2465 3376 2519 ἐν
3419 2466 3737 2540 δικαιοσύνῃ

2148 2560 2322 2628 κρῖμα
2367 2555 2745 2628 κατευθύνῃς,
2788 2556 3044 2628 εὑρήσεις
3082 2557 3179 2627 τὴν
3221 2555 3483 2628 ἀλήθειαν
3522 2559 3584 2610 ὲν
3622 2560 3739 2623 τοῖς

2149 2651 2302 2720 ἐμοῖς
2330 2648 2694 2713 διδασκάλοις.
2728 2669 2747 2702 ι
2780 2650 2872 2703 Διδ
2898 2649 3202 2720 προσέταξε
3236 2650 3444 2714 πάντας
3468 2650 3591 2713 τοὺς
3622 2651 3740 2703 ἑπι-

2149 2745 2384 2809 σκόπους
2406 2786 2422 2812 ,
2461 2745 2555 2798 καὶ
2587 2744 2680 2798 τὸν
2715 2744 3003 2800 καθολικδν
3038 2744 3248 2814 Μωσῆν
3284 2745 3381 2798 σὺν
3419 2746 3531 2808 τοῖς
3572 2760 3741 2815 στρα-

2146 2838 2415 2905 τεύμασι,
2446 2835 2540 2889 τοῦ
2576 2835 2986 2905 παραγενέσθαι
3018 2836 3098 2898 εἰς
3135 2834 3737 2891 Κωνσταντινούπολιν.

2156 2933 2216 2985 'O
2244 2930 2301 2984 δὲ
2332 2930 2619 2995 καθολικὸς
2649 2930 2858 2994 Μωσῆς
2888 2930 2948 2982 οὐ
2984 2929 3281 3000 προσέχετο
3309 2931 3423 2991 τοῖς
3454 2944 3735 2997 προσταχ-

2144 3026 2305 3079 θεῖσι.
2346 3022 2558 3091 λέγων·
2610 3040 2629 3075 ι
2672 3023 2747 3077 Οὐ
2793 3021 2869 3093 μὴ
2910 3021 3020 3094 γὰρ
3064 3021 3320 3093 παρέλθω
3357 3021 3448 3075 τὸν
3494 3020 3738 3091 ποταμὸν

543 3204 692 3278 (9)]ιι
721 3221 883 3278 manu
919 3203 1203 3278 ΙΙΙ-σπινὶεὶἱέ
1214 3205 1589 3278 Consentium
1636 3206 1844 3274 pariter
1878 3205 1969 3258 alii
1994 3205 2046 3258 in
2076 3210 2119 3268 (ζ
2155 3204 2291 3278 dunt
2310 3203 2552 3259 'l‘rullani
2578 3203 2928 3278 Patresrsed
2959 3220 3067 3261 non
3102 3206 3284 3262 omnia
3308 3205 3390 3261 eis
3421 3205 3731 3278 reprobate,

474 3275 641 3347 regno
674 3289 768 3345 per
813 3275 1130 3347 biauricimn
1165 3276 1395 3330 Chosroi
1444 3284 1829 3347 asserto_;_nec
1844 3285 2047 3347 ‘pntem

476 3344 741 3417 potiorem
798 3344 966 3398 ullam
1019 3359 1243 3417 causam
1296 3346 1609 3417 gravissimi
1648 3345 1793 3399 illius
1842 3345 2049 3417 Persici

477 3414 626 3477 belli,
659 3428 766 3484 quo
793 3427 929 3484 pene
959 3415 1367 3484 pessmndatum
1393 3424 1478 3469 est
1526 3415 1830 3469 Romanum
1865 3414 2041 3484 impe-

479 3488 615 3539 rium
662 3483 766 3537 sub
814 3483 994 3537 Phoce
1046 3483 1314 3552 principe,
1347 3498 1508 3550 quam
1570 3485 1712 3552 quod
1755 3485 2047 3550 Chosroes,

478 3554 640 3609 amici
669 3553 998 3623 Mauriciiac
1026 3555 1108 3608 sui
1132 3553 1364 3608 vindicis
1387 3553 1630 3623 iniquam
1663 3566 1848 3610 necem
1884 3553 2050 3608 ultam

479 3625 635 3679 vellet
666 3639 683 3678 :
713 3638 875 3691 quam
914 3621 1055 3693 forte
1087 3623 1204 3692 ejus
1252 3624 1393 3691 piam
1424 3621 1834 3693 gratitudinem,
1888 3625 2054 3680 tantis

479 3695 587 3750 illis
632 3693 909 3757 victoriis,
950 3692 1106 3761 Deus
1165 3692 1336 3747 voluit
1388 3692 1678 3761 illustrare,
1735 3695 1949 3750 tametsi
2006 3695 2054 3750 is

480 3765 808 3818 «saltantem
838 3778 898 3818 se
931 3760 1334 3833 Otnuipotentis
1363 3764 1641 3819 dexteram
1666 3801 1683 3829 ,
1732 3779 1840 3818 non
1887 3779 2055 3835 agno-

480 3837 578 3889 vit.

549 3903 664 3971 (ιο)
712 3901 806 3959 γει
848 3903 1005 3973 furno
1034 3911 1251 3973 coctum
1297 3902 1589 3970 comedam,
1614 3910 1723 3973 etc.
1750 3905 1871 3958 οὐδὲ
1895 3905 2055 3973 φάγω

481 3974 884 4055 φουενητόριν,
934 3972 1184 4055 osseum;
1225 3973 1334 4055 πςω
1375 3973 1601 4055 θερμόν.
1624 3971 1812 4055 "Plana
1841 3971 2056 4055 'allusio

482 4042 549 4099 ad
593 4042 904 4113 Grt'ccorum
943 4042 1215 4113 duplicem
1249 4043 1410 4097 ritum
1442 4042 1588 4098 circa
1622 4043 2048 4113 Eueharistiam,

482 4116 624 4185 quod
654 4116 706 4168 in
735 4112 1063 4168 fermentata
1084 4127 1182 4167 ceu
1210 4113 1382 4166 usuali
1409 4114 1667 4185 omnique
1693 4114 1870 4183 rigore
1896 4128 2052 4185 pane,

481 4183 549 4240 se
580 4185 740 4239 furno
777 4191 957 4245 coi-to.
986 4190 1330 4251 consecrent,
1383 4183 1641 4251 quodque
1692 4196 1890 4251 aquam
1922 4183 2057 4237 cali-

484 4258 607 4308 dam
637 4253 797 4308 calici
830 4267 989 4306 sacro
1015 4266 1078 4305 ac
1103 4250 1215 4317 jam
1249 4261 1466 4321 sacrato
1496 4250 1836 4306 admisceant
1865 4269 1880 4306 :
1911 4255 2054 4321 quod

485 4333 775 4390 utrumque
824 4330 1088 4388 respuunt
1136 4320 1401 4392 Armenii,
1450 4322 1656 4392 azymis
1700 4320 2054 4392 semper’usi,

483 4408 548 4446 ac
577 4406 785 4446 merum
814 4401 1219 4451 consecrantes,
1256 4390 1401 4442 nulla
1446 4390 1573 4443 ante
1607 4400 1701 4442 aut
1744 4401 1865 4456 post
1892 4391 2055 4445 verba

484 4462 758 4517 sacrantia
807 4460 1134 4514 admistioue
1185 4473 1358 4527 aqua},
1409 4462 1554 4527 quod
1604 4469 1935 4529 postremum
1987 4461 2054 4514 ab

485 4533 631 4586 omni
674 4530 1041 4598 Ecclesia_rum
1077 4545 1199 4593 usu,
1226 4529 1272 4582 si
1295 4544 1433 4598 quas
1472 4531 1720 4585 novimus
1753 4531 2052 4585 abhorret:

486 4612 543 4657 ut
577 4601 867 4671 Gregorius
905 4596 1092 4653 Romae
1120 4596 1382 4671 educatus
1416 4610 1566 4654 esset
1609 4601 1695 4671 ubi
1733 4598 1846 4667 jam
1877 4610 2056 4654 essent

485 4668 711 4744 azyma,
722 4678 1049 4744 promptum
1079 4679 1226 4724 esset
1270 4670 1472 4744 dicere,
1514 4685 1574 4722 ea
1591 4668 1754 4744 illum
1785 4672 2061 4744 accepisse

487 4737 570 4797 ab'
610 4737 852 4796 Ecclesia
901 4738 1167 4802 Rotoana,
1216 4753 1282 4793 ac
1328 4742 1441 4794 suis
1485 4740 1793 4794 tradidisse.
1862 4737 2058 4793 Verum

489 4826 596 4879 non
626 4810 833 4874 Romae,
883 4811 977 4863 sed
1015 4811 1278 4863 Caesareae
1326 4808 1380 4863 in
1423 4808 1787 4876 Cappadocia,
1839 4825 1904 4864 ex
1953 4824 2057 4878 qua

489 4878 653 4934 etiam
685 4880 1149 4934 consecrationem
1184 4878 1394 4946 accepit
1427 4880 1705 4948 voluitque
1741 4894 1871 4934 suos
1912 4880 2059 4933 acci-

491 4965 640 5017 pere.
686 4950 973 5018 educatum
1025 4950 1227 5003 habent
1274 4950 1392 5018 ejus
1423 4961 1595 5017 gesta,
1646 4948 1785 5017 apud
1839 4951 2057 5002 Surinm

493 5018 800 5089 Septembr.
831 5017 908 5089 _5,
960 5033 1351 5089 perperamque
1402 5019 1696 5087 Gregorius
1742 5018 2060 5089 Polydorius

494 5090 548 5141 in
570 5084 677 5142 suo
704 5087 778 5139 De
819 5084 1085 5156 Gregoriis
1130 5084 1385 5153 tractatu,
1415 5103 1478 5142 ex
1515 5084 1581 5141 eo
1611 5088 1752 5156 quod
1794 5084 2058 5143 nutritum

492 5157 621 5221 legit
649 5156 788 5221 apud
831 5153 1121 5225 Romanos,
1158 5158 1242 5210 vel
1297 5168 1355 5210 ut
1399 5168 1485 5213 est
1527 5153 1668 5225 apud
1716 5159 1960 5219 Surium,
2004 5158 2058 5211 in

493 5226 737 5296 (fontana
776 5224 1008 5296 ditione,_
1045 5225 1173 5278 :Ilud
1214 5227 1444 5296 margini
1493 5224 1792 5295 asCriptum
1831 5227 2056 5281 intulit:

491 5295 674 5351 Roma:
698 5296 936 5348 nutritur
968 5292 1275 5365 Gregorius.
1324 5292 1561 5352 Proinde
1599 5292 1851 5351 videatur
1898 5311 2059 5351 acce-

494 5368 642 5434 pisse
685 5380 716 5419 a
769 5364 996 5435 Graecis
1022 5364 1403 5435 termentatum
1437 5406 1454 5434 ,
1515 5366 1658 5435 quod
1715 5370 2059 5435 postmodum

494 5432 840 5507 successores
864 5432 998 5507 iacti
1029 5432 1301 5507 Julianitaa
1330 5432 1730 5507 commutarint'
1762 5438 1815 5489 in
1847 5451 2058 5507 azyma,

496 5506 791 5578 insignum
826 5503 1041 5578 aliquod
1080 5504 1311 5578 hzeresis
1337 5503 1705 5577 Eutychianm,
1742 5519 1850 5573 quo
1896 5503 2058 5560 sensu

495 5574 665 5646 gnam
713 5574 882 5629 sancti
913 5589 1099 5627 eorum
1142 5574 1691 5646 reprobant'azyma;
1731 5587 1789 5629 ut
1838 5586 2061 5630 sanctus

497 5642 865 5700 Damascenus
945 5651 1107 5698 tract.
1159 5644 1226 5697 de
1276 5659 1338 5698 ea
1395 5659 1473 5709 re,
1523 5642 1756 5698 necdum
1807 5648 1953 5701 edito
2006 5648 2059 5698 in

496 5711 750 5769 Biblioth.
780 5713 968 5784 Regia,
994 5728 1057 5784 ac
1087 5713 1146 5769 S.
1176 5713 1327 5768 Isaae
1348 5714 1659 5769 Catholicus
1681 5716 2061 5771 Armeniorum

500 5785 814 5855 utraquein
865 5782 961 5837 eos
1013 5782 1303 5855 Invectiva.
1351 5784 1608 5855 Idemque
1634 5784 1808 5855 possit
1841 5786 1948 5841 dici
1993 5786 2064 5841 de

498 5864 632 5920 puro
661 5853 830 5913 calice
859 5856 927 5907 ab
969 5854 1116 5909 omni
1148 5868 1309 5924 aqua,
1355 5853 1532 5925 quem
1563 5853 1745 5911 in'eis
1774 5857 2063 5926 reprehen-

2156 3274 2350 3328 aholita
2372 3283 2523 3345 sum,
2554 3282 2649 3328 aut
2706 3275 2886 3330 habita
2919 3278 3100 3331 minus
3146 3278 3396 3345 probata.
3444 3276 3601 3332 Unde
3632 3294 3735 3335 nec

2156 3344 2402 3399 Armenii
2438 3345 2504 3399 ab
2539 3344 2782 3415 Eugenio
2814 3344 3351 3414 premuntnr’corum
3377 3348 3734 3414 auctoritate,

2155 3415 2248 3469 sed
2287 3421 2499 3484 tantum
2535 3415 2769 3483 generali
2814 3417 3100 3484 utriusque
3142 3415 3400 3471 Ecclesia:
3434 3429 3733 3474 censuetu-

2156 3485 2305 3539 dine.
2341 3484 2410 3539 ab
2453 3483 2582 3538 olim
2624 3500 2688 3538 ac
2726 3484 2916 3553 primis
2968 3483 3335 3554 temporibus,
3395 3502 3423 3539 a
3483 3486 3735 3544 Patribus

2158 3555 2380 3625 tradita,
2416 3569 2445 3608 a
2474 3568 2578 3624 qua
2607 3555 3151 3625 absonnnrvideatur
3186 3555 3518 3625 peculiarem
3563 3573 3729 3613 unam

2158 3622 2791 3685 Ecclesiam'recedere,
2855 3623 3103 3678 Tuentur
3152 3622 3212 3680 se
3271 3625 3515 3681 Armenii
3584 3628 3736 3682 dicto

2156 3695 2527 3766 Chrysostom.
2557 3693 2707 3750 hom.
2741 3695 2831 3754 8'5.
2864 3694 2919 3749 in
2944 3694 3161 3759 Matth.,
3194 3697 3340 3764 quod
3389 3707 3570 3751 tamen
3601 3712 3730 3751 om-

2158 3764 2497 3834 nes‘dictngu
2539 3774 2820 3832 exponunt
2854 3774 3040 3834 contra
3072 3766 3374 3834 Aquarios,
3435 3766 3527 3834 qui
3561 3768 3734 3821 solam

2158 3849 2353 3900 aquam
2384 3831 2662 3887 offerrent.
2715 3835 2783 3890 Ut
2832 3831 3370 3903 Gregorius—aliusve
3415 3831 3730 3892 sanctorum

2159 3903 2378 3957 Patrum
2414 3912 2707 3970 utrumque
2734 3904 3009 3960 Armeniis
3041 3906 3343 3968 tradiderit,
3371 3920 3469 3974 pro
3492 3921 3556 3961 ea
3603 3907 3736 3961 fecit

2157 3983 2421 4046 potestate
2452 3986 2560 4042 qua
2594 3974 2923 4046 sanctissimi
2966 3974 3229 4046 episcopi,
3270 3976 3336 4030 iis
3372 3976 3560 4040 rebus,
3595 3993 3735 4046 quas

2158 4041 2567 4114 disciplinze'ac
2610 4041 2756 4114 juris
2783 4041 3469 4111 ecclesiasticiputabant,
3503 4041 3626 4114 qure
3665 4048 3733 4101 ad

2161 4111 2255 4185 _Dei
2304 4111 2510 4166 cultum
2561 4111 2625 4167 ac
2673 4113 2974 4185 animarum
3028 4117 3328 4182 profectum
3377 4111 3590 4185 aptiora
3633 4132 3732 4182 pro

2158 4182 2400 4237 locorum
2433 4195 2498 4252 ac
2539 4191 2838 4252 temporum
2872 4184 3083 4240 ratione
3114 4182 3472 4252 videbantur,
3517 4188 3572 4242 in
3613 4189 3732 4241 suis

2157 4253 2388 4324 quisque
2427 4250 2684 4324 Ecclesiis
2710 4252 3012 4324 ordinanda
3061 4268 3126 4310 ac
3161 4250 3472 4322 usurpanda
3525 4272 3735 4324 pracSu-

2159 4322 2399 4383 mebant,
2454 4321 2602 4395 nulla
2652 4323 2831 4395 adhuc
2863 4324 3117 4395 obstante
3170 4321 3634 4395 lege’contra'ria,
3671 4335 3731 4382 ut

2159 4391 2507 4462 praesumptio
2523 4392 2786 4458 ejusmodi
2808 4391 3004 4447 malum
3028 4395 3155 4462 quid
3177 4391 3536 4462 aépeccatmn
3561 4391 3731 4450 videri

2162 4470 2385 4529 posset:
2423 4461 2728 4533 Videasque
2755 4477 2821 4516 ex
2873 4462 2957 4516 his
2988 4461 3155 4518 Mosis
3202 4461 3473 4519 catholici
3526 4466 3731 4533 verbis,

2165 4545 2427 4605 nostram
2451 4529 2615 4605 etiam
2647 4531 2950 4605 episcopos,
2984 4535 3185 4587 rituum
3227 4533 3528 4605 ejusmodi,
3561 4529 3727 4605 quani

2165 4600 2303 4675 lidei
2325 4601 2646 4675 tenaciores,
2676 4616 2739 4656 ac
2767 4600 2932 4675 facile
2968 4606 3080 4670 pari
3125 4600 3437 4675 scandalum
3459 4646 3473 4669 ,
3496 4600 3735 4675 Attt'qnis

2162 4671 2229 4724 ab
2256 4670 2337 4726 eis
2375 4670 2659 4725 retrahere
2699 4670 2847 4735 velit,
2883 4681 2940 4726 ut
2975 4683 3029 4727 et
3063 4673 3353 4727 schismata
3404 4686 3457 4727 et
3494 4670 3733 4730 hazréses

2164 4740 2291 4794 inde
2314 4740 2615 4812 aliquando
2647 4739 2878 4796 conﬂata
2911 4741 3040 4812 sint.
3080 4742 3274 4798 Videas
3325 4744 3533 4812 pariter
3559 4746 3733 4799 scissa

2162 4809 2327 4881 semel
2390 4810 2590 4881 unione
2630 4810 2948 4879 reprehendi
2985 4813 3281 4881 peculiaria
3326 4809 3518 4867 omnia
3570 4816 3732 4870 unius

2160 4878 2439 4942 Ecclesiae,
2471 4879 2539 4932 ab
2572 4879 2641 4934 iis
2667 4878 2757 4949 qui
2800 4878 3025 4936 alterius
3070 4887 3198 4937 sunt
3242 4882 3520 4946 Ecclesiae,
3569 4900 3636 4939 ac
3672 4886 3727 4939 in

2167 4959 2378 5024 partem
2433 4950 2639 5024 erroris
2676 4951 2841 5016 trahi,
2893 4953 3034 5024 quod
3081 4962 3162 5007 est
3197 4967 3361 5024 merae
3406 4953 3730 5024 disciplinac.

2163 5021 2256 5074 Sic
2282 5019 2455 5074 Graeci
2482 5020 2754 5085 juniorcs.
2777 5035 2841 5075 ac
2861 5036 2891 5075 a
2908 5022 3204 5076 schismate
3224 5021 3513 5090 Pltoliano,
3536 5019 3730 5078 nedum

2162 5090 2214 5162 in
2251 5090 2547 5162 Armeniis,
2570 5091 2665 5162 sed
2698 5102 2753 5145 et
2788 5091 2849 5162 in
2895 5092 3106 5146 Latinis
3136 5093 3473 5146 insectantur
3517 5109 3730 5162 azyma,

2160 5160 2226 5230 de
2257 5159 2451 5227 quibus
2497 5159 2642 5213 nulla
2694 5159 2997 5229 tuajoribns
3041 5162 3254 5216 exstitit
3301 5166 3552 5230 queestio,
3584 5159 3729 5217 'cnm

2160 5228 2315 5283 alteri
2373 5230 2667 5283 alterorum
2701 5228 2861 5284 ritum
2886 5230 3053 5301 “haud
3106 5228 3445 5301 ignorarent.
3497 5228 3729 5287 Pulchra

2163 5308 2291 5354 sunt
2330 5314 2426 5366 pro
2452 5301 2846 5370 azymorumin
2883 5299 3350 5356 Ecclesia'Latina
3387 5303 3729 5370 antiquitate,

2161 5370 2367 5439 sciente
2390 5371 2472 5438 [ac
2489 5370 2745 5423 laudante
2766 5368 2976 5439 erca,
3013 5373 3156 5439 quod
3181 5373 3369 5427 scribit
3398 5368 3731 5428 Hnniberttts

2163 5438 2374 5507 legatus
2403 5439 2695 5494 cardinalis
2718 5440 2768 5493 in
2800 5438 3349 5511 Graecos’disputans,
3379 5456 3581 5511 eosque
3606 5457 3731 5497 sex-

2163 5518 2229 5580 ta:
2256 5520 2459 5580 sanch
2489 5511 2680 5578 synodi
2708 5510 3032 5565 auctoritate
3062 5527 3335 5580 premens,
3363 5526 3457 5565 seu
3487 5510 3731 5568 historiae

2163 5579 2280 5646 ejus
2305 5595 2319 5630 :
2359 5577 2544 5633 «Tunc
2575 5580 2852 5648 piissimus
2876 5577 3129 5649 princeps
3155 5579 3551 5636 Constantinus
3570 5585 3733 5636 inter.

2165 5649 2374 5718 rogavit
2408 5663 2528 5713 eos,
2563 5649 2796 5718 qualiter
2834 5651 3076 5704 Romana
3129 5650 3409 5716 Ecclesia,
3456 5655 3522 5704 de
3560 5655 3730 5705 sacri-

2169 5720 2292 5788 licio
2343 5720 2588 5788 corporis
2632 5728 2688 5773 et
2759 5721 3040 5788 sanguinis
3100 5719 3312 5775 Domini
3369 5722 3540 5775 uestri
3603 5721 3730 5776 Jesu

2165 5785 2364 5859 Christi
2391 5785 2636 5844 ordinem
2664 5785 2899 5845 teneret.
2927 5788 3002 5844 llli
3028 5792 3445 5859 responderunt.
3476 5788 3542 5845 In
3565 5792 3730 5848 calice

2171 5858 2382 5913 Domini
2429 5875 2534 5915 non
2575 5860 2720 5915 debet
2772 5860 2943 5916 solum
2991 5858 3172 5931 a/[cm
3209 5861 3407 5930 vinum,
3453 5861 3543 5917 sed
3593 5878 3735 5932 aqua
