4088 6422
310 351 449 411 1249

1565 348 1662 409 DE
1706 349 1961 412 REBUS
2000 347 2394 410 ΑΠΜΕΝΙΕ.

3451 358 3585 424 1250

318 463 506 526 Ἀζὰτ,
537 459 658 514 οὐδὲ
687 460 762 532 μὴ
790 461 951 532 φάγω
975 463 1359 534 φουρνητὸριν,
1387 465 1508 519 ούδέ
1539 467 1613 538 μὴ
1641 469 1750 522 πίω
1779 469 1831 522 0:
1846 487 1902 539 p-

2017 478 2098 523 mt
2133 469 2368 524 calidum
2434 467 2638 524 bibam.
2670 487 2687 520 ›
2728 468 2902 526 Simili
2941 485 3160 543 quoque
3214 479 3419 533 ratione
3465 486 3583 549 epi-

312 554 432 623 μόν.
490 573 508 607 ι
547 554 826 618 Ὡσαύτως
871 557 965 608 καὶ
1012 557 1063 609 οἱ
1113 556 1403 611 ἐπίσκοποι
1452 559 1550 630 τῆς
1586 561 1898 632 ’Λσπουράν

313 649 516 719 χώρας,
544 648 657 701 ὅσοι
687 648 930 718 ὑπῆρχον
955 649 1060 703 ὑπὸ
1086 650 1183 720 τῆς
1208 650 1316 703 τῶν
1345 652 1568 720 Περσῶν
1594 653 1778 722 χώρας
1804 653 1897 706 καὶ

313 741 580 805 ἐξουσίας,
619 743 720 793 οὐκ
763 741 1038 812 ἠθέλησαν
1081 743 1360 798 ἀπελθεῖν.
1403 746 1465 798 Ol
1506 745 1562 798 δὲ
1605 748 1897 800 ἐπίσκοποι

317 834 403 887 τοῦ
435 834 652 904 Ταρῶν,
685 835 777 887 καὶ
810 835 859 887 oi
894 835 1183 888 ἐπίσκοποι
1213 836 1262 888 oi
1297 837 1450 900 ὄντες
1486 837 1590 890 ὑπὸ
1617 841 1717 908 τὴν
1747 840 1898 904 ἐξου-

313 926 435 980 σίαν
455 925 567 978 τῶν
591 927 903 996 Ῥωμαίων,
926 928 1171 997 ἀπῆλθον
1193 929 1271 992 είς
1294 930 1866 983 Κωνσταντινούπολιν
1883 945 1896 958 ⁸

313 1019 408 1072 καὶ
457 1019 670 1088 μεγάλα
715 1021 1132 1090 ἐρευνήσαντες,
1177 1020 1513 1091 ἐπείσθησαν
1553 1023 1760 1088 αὐτοῖς,
1806 1023 1900 1074 καὶ

312 1111 629 1181 γράψαντες
657 1113 919 1182 γραφίδια
952 1113 1071 1182 μεθ’
1096 1115 1282 1184 ὅρκου,
1318 1113 1777 1184 συνωμολόγησαν
1806 1117 1902 1166 αύ-

313 1202 434 1268 τοὶ,
471 1203 632 1265 ἰδίαις
670 1204 858 1274 χερσὶν
891 1204 1297 1274 ἐγγράψαντες.
1334 1205 1810 1276 ’Υποστρέψαντες
1846 1207 1902 1257 ὲν

313 1295 380 1364 τῇ
408 1294 691 1362 Ἀρμενίᾳ,
715 1295 814 1347 οὐκ
841 1295 1138 1366 ἐδέχθησαν
1161 1296 1313 1364 παρὰ
1339 1297 1416 1367 τῷ
1442 1297 1643 1365 Μωσῆ,
1670 1297 1764 1349 καὶ
1789 1299 1903 1361 τοῖς

314 1383 524 1448 λοιποῖς
558 1387 914 1453 ἐπισκόποις,
948 1389 1061 1450 τοῖς
1095 1390 1153 1441 ἐν
1189 1388 1444 1460 Περσίδι,
1481 1390 1578 1442 καὶ
1607 1392 1672 1458 τῇ
1707 1389 1903 1459 Ἀρμε-

317 1479 428 1547 νίᾳ.
466 1477 721 1548 Ἐποίησε
751 1477 808 1530 δέ
838 1479 997 1540 αὐτὸς
1034 1479 1337 1532 Καθολικὸν
1365 1481 1455 1533 τὸν
1487 1479 1761 1550 Ἰωάννην,
1795 1480 1905 1532 ἀπὸ

315 1567 410 1620 τοῦ
447 1569 716 1638 Κωκοστᾶ
745 1570 1087 1640 Παγκράτων
1118 1570 1322 1640 χώρας.

393 1657 601 1728 Πολλὴν
630 1659 687 1712 δέ
717 1658 966 1714 ἔνστασιν
994 1657 1142 1730 εἶχον
1172 1660 1301 1731 περὶ
1329 1660 1437 1714 τῶν
1466 1661 1524 1713 ἐν
1557 1659 1782 1732 Χριστῷ
1811 1661 1905 1714 δύο

2012 563 2160 629 scopi
2191 562 2484 631 provinciae
2529 563 2854 633 Aspouram.
2887 575 3148 636 quotquot
3173 569 3273 624 sub
3294 572 3581 630 Persarum

2001 655 2204 709 ditione
2241 662 2415 708 erant.
2472 654 2721 724 Episcopi
2749 671 2877 709 vero
2920 657 3122 722 Tauron,
3157 674 3219 714 ac
3248 662 3338 729 qui
3380 661 3584 717 Roma-

2003 760 2191 798 norum
2226 745 2450 800 ditionis
2482 757 2655 812 erant,
2704 747 2929 817 profecti
2965 761 3090 804 sunt
3117 751 3584 825 Constantinopo-

2003 835 2114 889 lim.
2149 835 2381 906 Postque
2449 853 2694 907 magnam
2753 839 3204 908 inquisitionem,
3245 844 3298 898 in
3364 855 3578 901 senten-

2007 930 2134 980 tiam
2185 929 2398 983 deducti
2445 941 2591 995 sunt,
2628 945 2690 986 ac
2718 932 3213 1001 cumjurejurando
3265 936 3577 991 scribentes

2004 1019 2238 1085 libellos,
2308 1023 2552 1075 eamdem
2607 1023 2763 1076 Iidem
2803 1020 3038 1076 confessi
3091 1035 3234 1090 sunt,
3293 1042 3358 1080 ac
3418 1043 3578 1080 manu

2005 1112 2221 1179 propria
2271 1111 2730 1182 subscripserunt.
2780 1115 3046 1169 Reversos
3079 1125 3264 1170 autem
3292 1116 3346 1170 in
3374 1114 3576 1171 Arme-

2005 1204 2150 1256 niam
2205 1218 2310 1257 non
2359 1216 2680 1273 receperunt
2729 1206 2899 1260 Moses
2955 1205 3305 1273 ac'episcopi
3369 1205 3460 1258 alii
3519 1202 3576 1258 in

2005 1292 2248 1360 Perside,
2300 1311 2363 1350 ac
2406 1299 2682 1353 Armenia.
2728 1297 2776 1350 ls
2829 1313 2988 1368 porro
3009 1297 3344 1353 Calholicum
3373 1297 3579 1352 creavit

2003 1384 2268 1443 Joannem
2292 1403 2320 1441 a
2347 1387 2572 1444 Cocosta
2595 1391 2834 1458 regionis
2862 1393 3269 1446 Pam-ratorum.

2080 1659 2302 1715 Multum
2361 1660 2396 1715 ii
2435 1661 2576 1716 inter
2624 1673 2682 1715 se
2717 1661 3114 1714 contendeiunt
3156 1660 3223 1714 de
3284 1657 3493 1714 duabus
3525 1658 3577 1710 in

319 1750 536 1820 φύσεων
567 1752 685 1822 μετ’
709 1754 971 1825 ἀλλήλων,
1004 1760 1095 1809 καὶ
1128 1755 1217 1810 διὰ
1242 1755 1338 1827 τὴν
1361 1757 1419 1809 ἐν
1445 1755 1746 1826 Χαλκηδόνι
1777 1755 1904 1808 σύν·

2017 1749 2227 1811 Ειιιτίεῑο
2282 1750 2513 1818 naturis,
2582 1766 2647 1806 ac
2707 1760 2928 1821 propter
2966 1752 3228 1821 synodum
3285 1749 3584 1804 Chalcedo-

318 1845 438 1896 οδον
462 1884 476 1908 ,
513 1821 608 1916 ἐτη
646 1846 746 1909 ιδ’,
783 1821 888 1910 ἕως
920 1847 1020 1916 τῆς
1052 1821 1349 1918 τελευτῆς·
1385 1849 1443 1900 ἐν
1474 1841 1518 1916 ᾧ
1553 1821 1664 1900 ἔτει
1685 1885 1700 1910 ,
1734 1863 1904 1918 προσ-

2017 1857 2254 1905 nensem,
2300 1857 2392 1911 per
2413 1857 2586 1896 annos
2621 1842 2710 1904 14,
2741 1857 2805 1896 ac
2825 1857 2994 1912 usque
3024 1843 3090 1897 ad
3112 1841 3278 1897 Mosis
3301 1850 3531 1896 mortem
3563 1857 3578 1894 :

317 1936 479 1989 έλαδε
523 1939 550 1991 6
591 1938 836 2010 Χοσρόης
880 1938 909 1990 6
955 1939 1208 2008 βασιλεὺς
1247 1938 1345 2010 τὴν
1379 1937 1562 2010 χώραν
1598 1939 1905 2010 Ἀρμενίας,

316 2029 408 2081 ὅτε
441 2031 536 2082 καὶ
563 2028 812 2101 Ἀϐραὰμ
844 2031 1153 2100 κατεστάθη
1185 2031 1499 2094 καθολικόςο
1533 2031 1731 2101 καὶτῷ
1759 2030 1910 2100 αὐτῷ

317 2122 430 2174 ἐτει
467 2125 856 2192 κατηνάγκασε
888 2123 1014 2186 τοὺς
1054 2123 1425 2187 ἐπισκόπους,
1464 2123 1559 2176 καὶ
1601 2122 1908 2192 πρεσϐυτέ-

319 2231 473 2283 ρους,
505 2215 602 2268 καὶ
635 2215 992 2284 ἡγουμένους,
1029 2213 1427 2284 ἁναθεματίσαι
1460 2213 1558 2283 τὴν
1594 2215 1653 2266 ἐν
1687 2212 1908 2283 Χαλκη-

313 2305 426 2358 δόνι
471 2305 726 2370 σύνοδον,
775 2305 808 2375 ἢ
849 2305 1164 2375 ἐκχωρῆσαι
1207 2303 1316 2357 ἀπὸ
1360 2304 1458 2372 τῆς
1501 2303 1707 2373 χώρας.
1750 2303 1813 2355 Οἱ
1853 2303 1910 2356 δὲ

327 2393 750 2462 ἀνεθεμάτισαν,
785 2394 880 2448 καὶ
911 2394 1149 2447 ἔπαυσεν
1176 2395 1209 2465 ὴ
1239 2392 1539 2461 ἀντιλογία.

392 2583 547 2657 Μετὰ
576 2583 630 2637 δέ
661 2583 890 2654 χρόνους
919 2585 1069 2654 τρεῖς
1098 2583 1317 2652 ἐγένετο
1351 2583 1590 2654 πόλεμος
1618 2586 1730 2647 τοῖς
1762 2585 1909 2654 Φρα-

318 2677 545 2739 σιανοίς,
594 2677 687 2727 καὶ
738 2675 1018 2741 ἐπάταξαν
1063 2677 1116 2728 ol
1166 2675 1377 2745 Πέρσαι
1424 2677 1549 2738 τοὺς
1580 2676 1904 2747 Ῥωμαίους,

319 2771 416 2821 καὶ
451 2768 839 2839 ἐπολιορκίσθη
875 2768 1028 2831 πόλις
1061 2769 1255 2838 Κιτρίε
1279 2813 1290 2832 ,
1327 2769 1420 2822 καὶ
1454 2771 1486 2840 ὴ
1522 2769 1910 2823 Θεοδοσιούπο-

316 2859 435 2923 λις,
475 2856 553 2927 τῷ
591 2857 630 2910 ε’
657 2858 768 2910 ἔτει
801 2859 897 2911 τοῦ
941 2859 1221 2930 Καίσαρος
1262 2860 1446 2926 Φωκᾶ,
1492 2860 1588 2913 καὶ
1627 2859 1704 2930 τῷ
1741 2859 1789 2914 κ’
1812 2860 1908 2914 τοῦ

325 2951 544 3021 Χοσρόη
565 2991 580 3016 ,
617 2953 710 3006 καὶ
743 2952 902 3006 ἄλλαι
935 2952 1128 3005 πολλαὶ
1158 2953 1502 3023 κωμοπόλεις
1527 2969 1541 2984 ·
1573 2954 1632 3008 ἐν
1662 2948 1782 3020 αἷς,
1812 2955 1911 3008 καὶ

317 3045 413 3097 τὸν
446 3045 701 3115 Ἰωάννην
743 3045 834 3098 τὸν
880 3044 1210 3108 Καθολικὸν,
1245 3045 1336 3099 τὸν
1375 3045 1504 3098 ὄντα
1550 3046 1648 3116 μὲν
1689 3047 1769 3110 είς
1809 3047 1909 3117 τὴν

332 3139 659 3210 Ἀρμενίαν,
703 3141 808 3194 ὑπὸ
838 3141 945 3194 τῶν
981 3141 1271 3213 Ῥωμαίων
1308 3142 1365 3195 δὲ
1401 3142 1558 3207 τότε,
1598 3144 1908 3216 ἠνάγκασεν

333 3233 590 3304 Ἀϐραὰμ
631 3235 658 3284 ό
701 3234 1022 3299 Καθολικὸς,
1069 3236 1208 3306 (καὶ)
1253 3236 1377 3296 τοὺς
1422 3237 1759 3300 ἐπισκόπους
1799 3238 1908 3290 τῶν

327 3329 512 3399 μερῶν
549 3330 828 3394 Ἰωάννου,
865 3330 898 3399 ἢ
940 3329 1341 3399 ἁναθεματίσαι
1377 3328 1476 3398 τὴν
1512 3331 1568 3381 ἐν
1603 3329 1911 3401 Χαλκηδόνι

325 3422 580 3483 σύνοδον,
619 3421 650 3492 ἢ
692 3421 1005 3492 ἐκχωρῆσαι
1046 3422 1110 3473 ἐκ
1143 3419 1250 3474 τῶν
1287 3419 1470 3491 μερῶν
1507 3421 1828 3490 Ἀρμενίας·
1865 3414 1910 3489 ᾧ

326 3514 403 3584 μὴ
439 3514 753 3574 πεισθέντες
785 3512 1190 3581 ἁπεληλύθασιν
1210 3551 1226 3576 ,
1258 3513 1308 3565 οἱ
1350 3512 1448 3581 μὲν
1478 3514 1558 3574 εἰς
1585 3513 1682 3583 τὴν
1709 3513 1871 3576 Τάεις
1891 3553 1904 3576 ,

322 3606 374 3657 oi
409 3603 466 3656 δὲ
503 3605 581 3665 εἰς
617 3601 926 3673 Ῥωμανίαν
947 3641 960 3665 ,
995 3602 1044 3655 οἳ
1080 3601 1175 3654 καὶ
1208 3601 1568 3671 ἐτελεύτησαν
1601 3603 1694 3654 ἐπὶ
1727 3601 1906 3672 ξένης.

325 3690 461 3746 Εἶτα
489 3693 734 3762 Κομιτὰς
761 3693 789 3745 6
833 3691 1142 3757 καθολικδς,
1169 3691 1309 3762 ὑπὲρ
1336 3683 1397 3744 οὗ
1429 3690 1662 3761 μεγάλαι
1689 3697 1910 3762 συνοχαὶ

327 3785 426 3839 καὶ
459 3785 669 3852 θλίψεις
702 3785 993 3853 γεγόνασιν
1026 3786 1083 3836 ἐν
1114 3784 1399 3854 Ῥωμανίᾳ
1432 3783 1521 3836 διὰ
1555 3784 1736 3855 χειρὸς
1773 3785 1916 3854 Περ-

329 3877 464 3932 σῶν.
495 3873 664 3941 Οὗτος
693 3877 720 3929 6
755 3876 1001 3948 Κομιτὰς
1036 3875 1238 3948 μᾶλλον
1268 3876 1408 3946 ὑπὲρ
1440 3874 1644 3939 πάντας
1673 3875 1916 3948 διήγειρε
1948 3872 1950 3874 ’

326 3969 427 4037 τὴν
474 3968 830 4040 φιλονικείαν,
881 3970 964 4033 είς
1006 3969 1068 4023 τὸ
1111 3967 1512 4038 ὰναθεματίσαι
1557 3967 1654 4039 τὴν
1697 3969 1915 4023 σύνοδον

334 4178 607 4236 militum,»
631 4184 738 4229 etc.
772 4174 986 4230 Oblatio
1017 4190 1146 4229 vero
1177 4191 1295 4243 quae
1328 4177 1382 4229 in
1416 4174 1690 4231 sacriﬁcio
1729 4173 1921 4230 altaris

337 4247 588 4308 olIertur,
622 4246 823 4299 nullam
864 4246 1459 4316 commistionemﬂaut
1510 4247 1919 4316 corruptionem

337 4317 591 4373 fermenti
625 4317 824 4370 habere
845 4315 998 4387 debet
1027 4331 1043 4377 ;
1072 4316 1213 4370 sicut
1232 4315 1294 4369 B.
1324 4314 1488 4387 Virgo
1515 4314 1687 4370 Maria
1714 4319 1920 4385 absque

338 4388 487 4441 onmi
540 4387 886 4454 corruptione
935 4383 1213 4439 Christum
1271 4383 1519 4456 concepit
1559 4396 1614 4439 et
1663 4383 1912 4456 peperit:

337 4459 423 4514 sic
451 4467 505 4510 et
549 4457 750 4509 oblatio
783 4457 941 4510 debet
981 4471 1100 4526 esse
1143 4455 1342 4526 munda
1375 4471 1404 4509 a
1431 4455 1913 4526 ferrnento,’jnxta

2012 1947 2118 2001 quo
2146 1949 2286 1988 almo
2305 1933 2509 2003 recepit
2540 1933 2813 1989 Cbosroes
2841 1950 2935 1990 rex
2974 1935 3249 2004 regionem
3281 1933 3581 1998 Armeniae,

2011 2026 2228 2094 quando
2270 2027 2436 2080 etiam
2489 2026 2764 2080 Abraham
2811 2035 3026 2082 creatus
3097 2026 3196 2080 fuit
3229 2025 3584 2087 Catholicus;

2010 2116 2312 2186 eodemque
2361 2117 2476 2185 ipso
2531 2131 2696 2182 anno,
2732 2121 2906 2190 ceagit
2933 2117 3240 2187 episcopos,
3272 2131 3336 2171 ac
3361 2116 3586 2186 presby-

2014 2217 2180 2272 teros,
2224 2209 2790 2278 monasteriorumque
2815 2207 3118 2279 praefectos,
3151 2216 3211 2262 ut
3248 2216 3344 2263 aut
3375 2209 3586 2278 synodo

2010 2299 2441 2356 Cbalcedonensi
2486 2303 2775 2358 anathema
2817 2303 3084 2370 dicerent,
3151 2311 3245 2356 aut
3274 2301 3448 2358 solum
3474 2318 3588 2355 tnu-

2014 2398 2211 2444 tarent.
2279 2389 2319 2443 li
2369 2404 2497 2444 vero
2543 2391 2797 2446 dixerunt
2873 2393 3184 2455 anathema,
3259 2399 3316 2447 et
3355 2393 3591 2446 cessavit

2011 2480 2335 2550 verborum?
2363 2498 2565 2554 pugna.

2085 2589 2270 2642 Tertio
2294 2598 2414 2659 post
2438 2603 2582 2642 anno
2612 2587 2823 2642 illatum
2879 2595 2965 2642 est
2999 2586 3194 2642 bellum
3233 2588 3577 2653 Pbrasianis,

2010 2697 2072 2735 ac
2131 2682 2309 2735 Persae
2360 2683 2640 2736 Romanos
2694 2679 3100 2751 percusserunt,
3151 2685 3396 2752 urbsque
3420 2665 3592 2738 Citrie

2009 2787 2077 2828 ac
2109 2771 2554 2843 Theodosiopolis
2595 2788 2915 2844 expugnatae
2959 2784 3082 2829 sum
3124 2791 3266 2830 anno
3310 2776 3344 2831 5
3397 2775 3594 2831 Phocae

2012 2865 2379 2934 imperatoris,
2429 2882 2492 2920 ac
2545 2867 2617 2921 20
2649 2867 2934 2932 Chosrois,
2995 2884 3093 2924 nec
3128 2885 3234 2924 non
3276 2870 3448 2924 multa
3487 2871 3591 2926 alia

2011 2957 2250 3027 oppida;
2309 2959 2366 3013 in
2417 2958 2614 3026 quibus
2667 2961 2829 3014 etiam
2899 2959 3168 3015 Joannem
3245 2959 3594 3016 Catholicam

2011 3051 2360 3104 exsistentem
2405 3053 2621 3120 quidem
2674 3053 2727 3106 in
2784 3054 3062 3118 Armenia,
3118 3069 3306 3108 verum
3343 3069 3405 3108 ea
3469 3062 3602 3108 tirno

1933 3166 1979 3231 ρ
2014 3153 2190 3212 parte,
2238 3158 2360 3213 quae
2384 3143 2748 3200 Romanorum
2783 3145 3005 3200 ditionis
3041 3154 3180 3210 erat,
3210 3145 3385 3212 coegit
3413 3145 3594 3198 Abra-

2019 3233 2144 3287 ham
2170 3233 2508 3299 Catholicus,
2544 3232 2802 3306 [necnon]
2851 3237 3134 3302 episcopos
3161 3233 3397 3304 partium
3431 3235 3598 3288 Joan-

2018 3325 2124 3389 nis,
2178 3334 2237 3379 ut
2289 3326 2373 3380 vel
2401 3326 2610 3395 synodo
2661 3323 3087 3380 Cbalccdoaensi
3127 3327 3415 3380 anathema
3449 3326 3598 3382 dice-

2020 3429 2161 3481 rent,
2205 3418 2290 3472 vel
2337 3434 2404 3473 ex
2463 3419 2708 3487 partibus
2765 3417 3039 3472 Armenia:
3101 3419 3436 3489 migrarent:
3510 3419 3601 3475 cui

2022 3508 2243 3562 minime
2320 3509 2703 3576 obsequentes,
2761 3510 3055 3578 abierunt:
3106 3510 3194 3563 alii
3251 3511 3470 3579 quidem
3537 3511 3590 3564 in

2019 3599 2169 3667 Tais,
2224 3599 2312 3653 alii
2354 3601 2406 3652 in
2448 3599 2790 3663 Ronzaniatn,
2817 3601 2907 3669 qui
2957 3602 3120 3655 etiam
3161 3603 3212 3654 in
3245 3604 3422 3657 aliena
3449 3619 3602 3656 mor-

2021 3695 2096 3746 tui
2155 3700 2304 3746 sunt.
2349 3691 2429 3744 Ad
2477 3691 2595 3746 haec
2642 3691 2882 3745 Comitas
2947 3693 3274 3758 catholicus,
3345 3695 3446 3748 sub
3492 3709 3602 3763 quo

2021 3798 2226 3854 magna
2251 3798 2518 3854 pressura;
2563 3799 2628 3838 ac
2661 3781 2998 3839 calamitates
3031 3784 3194 3840 illatae
3227 3795 3353 3840 sunt
3389 3786 3557 3841 Roma
3579 3819 3591 3828 -

2019 3878 2122 3931 nite
2178 3891 2273 3944 per
2325 3890 2520 3930 manus
2591 3875 2905 3931 Persarum.
2979 3878 3224 3933 Comitas
3273 3879 3380 3942 hic.
3437 3894 3600 3947 supra

2020 3984 2210 4024 omnes
2258 3969 2596 4034 decessores,
2651 3970 3048 4026 contentiosius
3095 3972 3438 4028 sollicitando
3467 3987 3606 4027 ana-

2033 4172 2262 4249 Ubinam
2291 4191 2470 4249 eorum
2499 4175 2704 4249 somnia
2742 4216 2758 4239 ,
2808 4176 2898 4246 qui
2923 4176 3153 4249 Adicunt,
3190 4175 3245 4229 in
3295 4193 3344 4231 VI
3403 4180 3605 4249 synodo

2029 4248 2289 4316 celebrata
2312 4248 2631 4314 imperatore
2653 4244 3022 4309 Constantino,
3047 4249 3364 4315 Agathonem
3386 4244 3603 4316 papam,

2026 4332 2088 4369 ac
2108 4315 2148 4370 (ἔ
2159 4333 2273 4384 rego
2283 4319 2363 4369 riu
2373 4317 2697 4386 mAgrigenti
2705 4332 2912 4369 nensem
2929 4319 3173 4386 episcopu
3182 4337 3248 4377 ru,
3270 4318 3378 4387 lege
3391 4315 3606 4376 sancire

2027 4389 2275 4456 adversus
2307 4403 2516 4456 azyma,
2544 4398 2600 4440 ut
2626 4404 2688 4440 ne
2705 4387 2822 4456 quis
2851 4388 3090 4454 deinceps
3123 4388 3360 4455 ﬁdelium
3387 4393 3604 4444 utatur?

2031 4455 2114 4508 Ea:
2151 4473 2253 4524 quo
2284 4454 2422 4510 eniin
2458 4454 2639 4510 Latini
2669 4454 2932 4521 coeperunt
2967 4454 3274 4528 sacriﬁcare
3314 4458 3370 4510 in
3397 4463 3600 4528 azymis

339 4503 1231 4600 31:03";mensismensis
1241 4503 1916 4600 Ξίιὶηῖδξῑὰέζῐὲὄῖἒέίῶιίξ
1940 4503 1996 4562 D
2021 4503 2652 4600 ιῖᾶηάὶἷιῖηἱξὲἑὶεᾶἔιὲἰέὶἱε
2670 4503 3209 4600 ᾘὶῖξὲιᾶῗρἲἑᾶ
3219 4503 3228 4508 ⁷
3245 4503 3369 4580 ἱειῖᾶ
3395 4503 3604 4600 ζ’ἶὲὶᾏᾶ

343 4594 466 4653 esse
519 4594 825 4652 statutum.‘
851 4596 997 4650 Nihil
1043 4594 1307 4661 ejusmodi
1361 4594 1526 4650 habet
1575 4598 1923 4660 Anastasius,

341 4670 438 4724 sed
473 4677 680 4722 tantum
717 4666 1025 4722 celebrasse
1055 4665 1246 4720 Latine
1277 4666 1634 4733 apostolicum
1686 4667 1922 4734 legatum

342 4740 397 4793 in
434 4738 548 4794 aede
578 4737 792 4792 Sanctae
811 4735 1048 4806 Sophim,
1078 4736 1430 4790 laudantibus
1447 4734 1651 4790 Grazcis
1676 4737 1922 4789 llilariou

343 4811 650 4862 monachus
698 4807 922 4861 Graecus
955 4806 1175 4874 exponit
1205 4809 1268 4860 de
1299 4807 1669 4860 celebratione
1700 4807 1754 4859 in
1789 4820 1917 4875 azy-

345 4881 451 4932 mis
482 4882 608 4931 dum
644 4878 715 4930 ita
745 4876 970 4930 Graecos
1005 4891 1132 4931 suos
1157 4876 1360 4946 premit
1387 4894 1402 4930 :
1447 4875 1620 4929 Πόθεν
1648 4875 1704 4928 δὲ
1737 4877 1924 4946 ἐκεῖνα

343 4951 414 5002 τὰ
447 4949 676 5002 ἐνύπνια
713 4947 823 4999 τῶν
851 4944 1316 5011 εἰπόντων,”κατὰ
1346 4946 1444 5015 τὴν
1478 4946 1644 5015 ἕκτην
1704 4944 1924 4999 σύνιδον

345 5020 445 5071 ἐπὶ
469 5017 887 5071 Κωνσταντίνου
921 5016 1210 5087 βασιλέως,
1243 5016 1529 5087 Ἀγάθωνα
1563 5019 1654 5070 τὸν
1712 5016 1922 5079 πάπαν,

348 5092 447 5143 καὶ
469 5089 775 5159 Γρηγόριον
799 5088 890 5140 τὸν
923 5086 1383 5159 ί⁹Ακραγαντίνλων
1414 5089 1759 5159 ἐπίσκοπον,
1782 5089 1926 5159 κατὰ

346 5159 466 5229 τῶν
485 5156 713 5229 ἀζύμων
740 5159 1195 5229 νομοθετοῦντας,
1217 5156 1393 5229 ταῦτα
1429 5156 1658 5229 ὕστερον
1705 5156 1778 5226 μὴ
1837 5157 1925 5229 γίς

351 5228 542 5283 νεσθαι
577 5226 730 5297 παρά
781 5226 926 5292 τίνος
949 5229 1060 5282 τῶν
1105 5227 1315 5299 πιστῷν
1343 5245 1357 5292 ;
1381 5226 1572 5299 ἀφ’-οὖ
1589 5229 1696 5299 γὰρ
1728 5226 1923 5297 καιροῦ

350 5299 587 5370 ἤρξαντο
620 5295 669 5370 οί
698 5301 921 5370 Λατῖνοι
943 5301 1042 5370 τὴν
1074 5298 1182 5351 τῶν
1213 5295 1443 5370 ἀζύμων
1474 5295 1690 5370 θυσίαν,
1718 5295 1924 5370 ταύτης

355 5367 577 5422 πώποτε
615 5369 718 5440 οὑκ
757 5367 1070 5440 ἀφίστησαν
1105 5385 1118 5399 ·
1153 5369 1250 5422 καὶ
1281 5369 1482 5438 μᾶλλον
1513 5367 1647 5440 περὶ
1699 5369 1798 5440 τῆς
1828 5367 1924 5440 ἐκ·

352 5456 453 5510 της
482 5439 728 5510 συνόδου,
760 5438 1006 5506 ἀνέγνων
1031 5439 1156 5503 τοὺς
1182 5440 1449 5510 πατέρας,
1480 5438 1646 5510 μετὰ
1704 5438 1765 5492 τὸ
1799 5438 1926 5491 ἁδο-

353 5508 590 5581 κιμάσαι
666 5508 768 5581 τὴν
816 5509 927 5562 τῶν
1004 5508 1396 5579 Μονοθελητῶν
1438 5509 1674 5581 αἵρεσιν,
1700 5511 1768 5579 τῇ
1831 5509 1926 5581 όγτ

353 5580 500 5633 δοαδι
527 5583 622 5635 τοῦ
646 5579 861 5650 Πάσχα,
901 5581 959 5635 ἐν
995 5582 1062 5650 τῇ
1125 5579 1717 5640 Κωνσταντινουπόλει,
1751 5583 1810 5632 ἐν
1847 5579 1926 5649 τῷ

353 5651 469 5724 ναῷ
505 5653 604 5724 τῆς
636 5651 826 5719 Ἀγίας
882 5651 1104 5724 Σοφίας,
1159 5651 1248 5724 ⁸’τῷ
1335 5651 1454 5724 Θεῷ
1524 5651 1777 5724 χάριτας-
1829 5667 1927 5720 χα-

353 5719 752 5794 ριζομένουςη-
792 5719 1082 5794 ἑορτάσαι,
1142 5719 1502 5794 Λατινικῷς,
1553 5719 1925 5794 ἐπαινούντων

351 5791 490 5848 ὅλων
512 5793 619 5848 τῶν
649 5791 941 5863 Ἑλλήνων,
989 5792 1191 5861 τρόπον
1240 5791 1339 5858 τῆς
1380 5793 1570 5857 θυσίας
1601 5791 1922 5858 Λατινικῆς.

2028 4609 2224 4666 spectat
2252 4597 2320 4649 ad
2348 4613 2397 4649 v1
2425 4598 2704 4666 synodum,
2736 4597 2838 4664 legi
2871 4594 3084 4657 Patres,
3123 4607 3240 4666 post
3273 4594 3604 4665 reprobalam

2028 4665 2270 4719 hwrcsim
2305 4665 2793 4728 ManOthelitarum,
2837 4667 2890 4718 in
2915 4678 3097 4719 octava
3129 4665 3352 4721 Pascha!
3379 4669 3431 4720 in
3479 4671 3606 4723 urbe

2028 4733 2515 4807 Constantinopoli,
2554 4753 2614 4790 ac
2650 4737 2840 4803 templo
2873 4735 3088 4807 §anctaz
3122 4735 3355 4802 Son/tim,
3396 4743 3603 4807 gratias

2029 4805 2139 4859 Deo
2194 4817 2428 4875 agentes,
2502 4807 2791 4861 celebrasse
2860 4803 3050 4860 Latine
3103 4807 3303 4862 Graecis
3363 4803 3607 4862 omnibus

2031 4875 2401 4939 laudantibus,
2441 4879 2656 4931 modum
2695 4877 2948 4943 sacriﬁcii
2979 4879 3084 4928 ritu
3120 4875 3332 4931 Latino.
3360 4878 3602 4934 Moderni

2027 4946 2270 5018 Armenii
2320 4948 2399 5001 sic
2445 4947 2562 5018 fere
2593 4947 2893 5018 coniiciunt
2924 4947 3350 5018 encharisticnm
3383 4964 3603 5018 panem,

2030 5017 2104 5069 uti
2147 5014 2372 5072 Latinos
2434 5017 2704 5071 coniicere
2741 5017 2935 5071 solitos
2967 5028 3228 5071 memorat
3275 5014 3604 5073 Htiziiberttis

2033 5089 2370 5155 aposmhcus
2426 5089 2640 5155 legatus
2692 5091 2796 5142 sub
2833 5087 3193 5142 CttltSlalllillo
3249 5087 3608 5143 Monomacbo

2027 5157 2392 5224 disputatione
2433 5174 2529 5211 sua
2565 5173 2628 5212 ac
2669 5158 2886 5227 dialogo
2920 5155 3150 5227 Romani
3179 5174 3302 5214 cum
3337 5160 3608 5214 Constan-

2031 5227 2416 5293 tinopolitano,
2441 5238 2572 5282 tom.
2603 5227 2667 5282 ιν
2697 5224 2976 5282 ΒέυιῖΡΡ.
3010 5224 3302 5295 Nimirum,
3326 5229 3462 5283 sacri
3504 5229 3602 5298 ipsi

2029 5298 2262 5351 ministri
2286 5313 2348 5351 ac
2369 5301 2706 5362 sacerdotes,
2734 5313 2919 5352 sacras
2937 5311 3125 5365 preces
3148 5303 3604 5353 submurmuran-

2030 5376 2131 5431 tes,
2153 5369 2417 5435 placenta:
2440 5371 2616 5422 instar
2636 5385 2700 5424 ex
2729 5369 2918 5422 farinae
2941 5376 2997 5420 et
3021 5382 3174 5436 aqua:
3190 5370 3602 5437 conspersione,

2029 5453 2192 5506 qnam
2224 5438 2322 5507 ipsi
2349 5455 2508 5493 sacro
2537 5440 2626 5491 illo
2658 5439 2763 5492 ritu
2793 5438 3132 5506 subegerint.
3161 5448 3515 5507 componunt,
3541 5453 3606 5490 ac

2028 5508 2209 5579 crucis
2255 5510 2544 5578 obsignant
2575 5509 2764 5579 ﬁgura,
2811 5507 3188 5579 dnm‘interim
3224 5508 3400 5563 calido
3433 5507 3604 5569 ferro,

2029 5578 2114 5630 vel
2144 5577 2252 5632 alio
2282 5575 2549 5649 ejusmodi
2587 5575 2818 5650 corpore
2849 5575 3112 5650 subjecto,
3161 5579 3473 5650 desieratur
3509 5592 3609 5650 pa-

2028 5657 2134 5720 sta.
2170 5663 2234 5701 ac
2263 5644 2374 5717 igni
2411 5644 2700 5720 coquitur;
2724 5649 2816 5706 Sic
2865 5648 2931 5701 ll.
2957 5646 3018 5701 P.
3055 5644 3215 5704 Prior
3243 5650 3312 5704 de
3343 5644 3524 5702 Carna
3553 5649 3608 5701 in

2029 5719 2308 5789 Armenia,
2340 5719 2625 5792 apud’nos
2661 5722 2880 5793 hospes.
