4088 6440
507 324 639 396 1251
1574 333 1827 396 ISAACI
1861 334 2138 397 ARMEN
2150 334 2242 396 UE
2281 336 2715 400 CATHOLICI.
3657 341 3797 405 1252

506 450 749 504 themate
783 446 977 519 synodi
1032 442 1519 513 Chalcedonensis,
1572 446 1800 503 habuit:
1834 449 2047 518 scripsit

2155 449 2565 523 ,Χαλκηδόνος·
2610 451 2671 516 ὃς
2722 452 2821 506 καὶ
2869 452 3065 523 λόγους
3113 451 3346 516 πολλοὺς
3396 453 3667 527 πεποίηκε
3708 457 3790 528 τῷ

502 557 610 612 que
672 541 872 597 multos
901 548 1160 596 tractatus
1194 539 1415 610 proprio
1445 542 1668 596 nomine
1708 541 1883 597 sancti
1911 539 2047 597 lsaat

2194 541 2307 613 ἰδίῳ
2338 543 2566 614 ὀνόματι
2595 543 2689 600 τοῦ
2723 544 2882 613 ἁγίου
2920 545 3143 601 Ἰσαάκ·
3178 545 3262 601 ἐνὶ
3295 546 3489 618 βιϐλίῳ
3517 548 3579 602 τὸ
3609 548 3787 620 ὄνομα

501 648 535 688 e
566 633 761 704 quibus
813 633 903 688 uni
953 633 1091 687 libro
1143 646 1340 687 nomen
1370 644 1452 688 est
1505 632 1837 688 Amat-tanac
1867 632 2047 703 propri

2187 634 2338 697 ἐστὶν
2379 636 2737 709 Ἀμαρτανὰκ
2791 636 2933 693 κατὰ
2976 639 3078 708 τὴν
3117 639 3425 710 ’Δρμενίων
3476 640 3783 695 διάλεκτον.

504 724 880 779 Armeniorum
940 723 1140 793 lingua.
1219 721 1393 776 Porro
1441 723 1656 777 volebat
1727 733 1786 778 nt
1842 722 2047 780 Joanne

2193 730 2290 792 "O;
2331 730 2426 783 καί
2464 747 2590 786 τινα
2622 730 2873 800 Ἰωάννην
2920 731 3176 787 ἐϐούλετο
3227 733 3483 803 διάδοχον
3527 734 3785 801 γενέσθαι

499 814 742 881 quidam,
798 814 921 886 ejus
959 814 1138 869 throni
1190 829 1479 870 successor
1498 826 1661 870 esset.
1714 813 1867 869 lland
1902 823 2045 870 tame

2187 817 2281 870 τοῦ
2312 816 2508 888 θρόνου
2538 820 2708 874 αὑτοῦ
2734 835 2749 851 ⁸
2780 819 2810 873 ὃ
2843 821 2906 874 ού
2940 820 3139 893 συνέϐη
3173 820 3347 890 αὐτῷ,
3376 821 3512 876 ἀλλά
3539 821 3618 893 τῷ
3648 823 3789 894 Χρι-

498 906 591 961 ille
646 906 697 960 id
749 917 827 960 est
885 916 1233 972 consecutus,
1297 907 1395 962 sed
1445 908 1896 978 Christophorns.
1948 909 2047 964 Cut

2187 909 2462 981 στοφόρῳ.
2500 911 2613 965 Καὶ
2649 914 2708 966 ἐν
2738 911 2817 983 τῷ
2856 912 3306 983 καταϐεὸλῆσθαι
3342 912 3434 967 τὸν
3468 913 3786 984 Χριστοφό-

392 1010 401 1016 '
498 1008 679 1054 autem
714 998 1146 1068 ChristOphorus
1196 1016 1227 1055 a
1261 1000 1390 1057 sede
1440 1002 1755 1065 excidisset,
1812 1002 2047 1072 gaudeha

2186 1017 2280 1071 ρον
2313 1002 2424 1054 ἀπὸ
2456 1002 2552 1056 τοῦ
2596 1002 2789 1074 θρόνου
2809 1042 2824 1068 ,
2862 1004 3083 1076 ἔχαιρεν
3118 1007 3147 1058 6
3184 1006 3441 1074 Ἰωάννης
3466 1021 3481 1035 ⁶
3520 1006 3637 1060 ἀλλ’
3658 1006 3785 1059 οὐδὲ

493 1092 732 1148 Joannes
761 1113 775 1150 :
809 1108 911 1149 nec
963 1095 1043 1149 sic
1076 1102 1256 1149 tamen
1315 1096 1428 1151 voti
1456 1111 1677 1165 compos
1707 1095 1935 1152 euectus
1973 1106 2047 1151 est

2183 1093 2307 1148 τότε
2335 1096 2625 1169 ἐπέτυχεν.
2658 1099 2910 1168 Ἐγένετο
2938 1098 3047 1171 γὰρ
3073 1101 3101 1154 6
3121 1100 3360 1171 Ἔσδρας
3394 1100 3422 1152 6
3451 1099 3783 1164 Καθολικός.

497 1183 632 1243 Nam
669 1185 869 1241 Esdras
897 1185 1072 1239 lactus
1106 1197 1189 1240 est
1228 1185 1584 1254 Catholicus;
1635 1184 1877 1242 Joannes
1950 1201 2043 1241 ver

2195 1186 2255 1240 '0
2294 1188 2352 1241 δὲ.
2426 1190 2704 1261 Ἰωάννης,
2748 1189 2997 1263 βλοσυρῷ
3035 1190 3115 1263 τῷ
3156 1191 3424 1263 ὀφθαλμῷ
3465 1193 3633 1246 αὑτὸν
3676 1192 3785 1246 ὑπ-

493 1276 649 1347 gravi
679 1290 803 1330 eum
826 1277 984 1331 oculo
1010 1278 1334 1346 aspiciebat.

2182 1280 2435 1337 ἐὸλεπεν.

565 1369 802 1425 Sedente
836 1370 950 1435 illo,
990 1367 1270 1424 Heraclius
1297 1371 1596 1439 imperator
1621 1371 1693 1427 23
1713 1369 1831 1441 ejus
1860 1370 2047 1443 imperi

2266 1375 2354 1428 Ἐν
2384 1394 2430 1446 ῳ
2463 1376 2644 1449 καιρῷ
2676 1377 2706 1431 6
2741 1377 3023 1450 Ἡρακλῆς
3061 1379 3286 1450 Καῖσαρ
3312 1378 3390 1447 τῷ
3426 1385 3511 1449 κγ’
3535 1378 3647 1434 ἔτει
3674 1379 3779 1450 τῆς

492 1481 660 1532 anno,
692 1482 756 1522 ac
799 1474 995 1537 quarto
1034 1480 1064 1519 a
1118 1475 1296 1520 morte
1352 1464 1631 1530 Chosrois,
1676 1480 1923 1536 magnam
1984 1479 2044 1535 sy

2181 1463 2466 1535 βασιλείας
2497 1465 2664 1521 αὐτοῦ
2686 1507 2701 1530 ,
2737 1468 2834 1521 καὶ
2868 1468 2929 1520 ἐν
2958 1469 3210 1539 τετάρτῳ
3241 1469 3352 1521 ἔτει
3382 1468 3480 1539 τῆς
3514 1467 3776 1538 τελευτῆς

494 1561 694 1613 nodum
723 1558 1101 1613 universorum
1132 1556 1515 1626 episcoporum
1539 1570 1604 1610 ac
1639 1555 1927 1611 doctorum
1959 1554 2043 1609 Ma

2176 1557 2274 1611 τοῦ
2325 1558 2580 1632 Χοσρόη,
2633 1559 2891 1614 ἐκέλευσε
2945 1558 3167 1614 σύνοδον
3216 1559 3476 1628 γενέσθαι
3527 1560 3778 1631 μεγάλην

488 1651 629 1721 joris
661 1650 953 1716 Armenia,
992 1650 1277 1705 accersitis
1332 1649 1605 1704 catholico
1642 1649 1820 1704 Esdra
1865 1664 1931 1705 ac
1959 1665 2046 1704 om

2177 1651 2398 1707 πάντων
2450 1652 2772 1708 ἐπισκόπων
2825 1653 2921 1708 καὶ
2973 1653 3316 1708 διδασκάλων
3369 1653 3472 1725 τῆς
3528 1653 3777 1724 μεγάλης

494 1743 651 1797 nibus
683 1743 890 1807 Azatis,
913 1740 1334 1810 Thcodosiopoli
1374 1741 1490 1797 ﬁeri
1515 1742 1794 1812 praecepit,
1825 1757 1889 1797 ac
1944 1758 2047 1813 per

2190 1741 2487 1813 ’Δρμενίας
2509 1783 2526 1806 ,
2561 1743 2659 1798 σὺν
2688 1742 2767 1814 τῷ
2814 1743 3094 1816 καθολικῷ
3122 1743 3332 1814 Ἔσδρᾳ
3365 1744 3461 1797 καὶ
3492 1745 3630 1798 πᾶσι
3658 1746 3777 1809 τοῖς

492 1837 635 1906 ιιιιίτί
664 1846 717 1890 ct
747 1835 1020 1908 dispicere
1067 1837 1135 1890 de
1168 1835 1379 1891 duabus
1409 1835 1464 1889 in
1500 1834 1723 1890 Christo
1754 1833 1866 1890 Deo
1888 1848 2047 1889 nostri

2193 1831 2439 1896 ’Λζάτοις
2489 1834 2548 1887 ἐν
2594 1834 3066 1899 θεοδοσιουπόλει,
3118 1834 3350 1905 ἔρευναν
3394 1835 3623 1903 ποιῆσαι
3672 1834 3772 1888 καὶ

489 1930 723 1991 naturis,
773 1944 837 1983 ac
866 1928 936 1983 de
982 1929 1193 1998 synodo
1243 1926 1696 1983 Chalcedonensi.
1749 1925 2047 1998 Perquisie-

2182 1924 2312 1985 ἰδεῖν
2353 1926 2478 1995 περὶ
2513 1924 2623 1978 τῶν
2659 1925 2752 1979 δύο
2786 1924 3005 2007 φύσεων
3038 1925 3150 1980 τῶν
3184 1926 3242 1980 ἐν
3278 1925 3503 2000 Χριστῷ
3534 1926 3613 1998 τῷ
3648 1926 3770 1996 Θεῷ

488 2031 613 2075 l'tlltl
648 2035 776 2092 ergo
820 2034 918 2090 per
977 2034 1220 2075 mensem
1261 2034 1451 2092 ;eque
1510 2020 1814 2091 Scripturis
1868 2020 2047 2074 induet

2176 2013 2356 2083 ἡμῶν,
2388 2015 2485 2073 καὶ
2510 2015 2641 2085 περὶ
2668 2015 2767 2086 τῆς
2796 2015 3017 2070 σύνοδον
3045 2018 3144 2087 τῆς
3174 2016 3544 2089 Καλχηδόνος.
3573 2019 3770 2088 Ἡρεύ-

488 2109 558 2163 ad
616 2111 775 2164 tidem
839 2109 1107 2172 Armenii,
1156 2110 1361 2178 scripta
1414 2124 1578 2164 manu
1636 2110 1857 2181 propria
1905 2112 2039 2165 sche

2176 2122 2348 2176 νησαν
2393 2101 2486 2160 οὖν
2529 2107 2621 2161 διὰ
2672 2109 2843 2180 μηνὸς
2887 2108 3135 2180 ἡμερῶν,
3183 2110 3281 2164 καὶ
3324 2110 3666 2180 ἐπείσθησαν
3715 2113 3768 2166 οί

487 2203 636 2270 dula,
701 2201 840 2257 nihil
896 2214 957 2257 se
1007 2202 1243 2273 amplius
1294 2216 1360 2258 ea
1409 2201 1464 2258 in
1513 2217 1575 2259 re
1629 2202 2047 2258 contradicturo:

2187 2197 2470 2268 Ἀρμένιοι
2499 2200 2613 2254 ἀπὸ
2643 2200 2750 2256 τῶν
2780 2201 3045 2272 Γραφῶν,
3082 2202 3180 2256 καὶ
3208 2200 3438 2273 ὤμοσαν
3468 2203 3769 2276 ἐγγράφως

479 2298 756 2368 jurarum,
2177 2286 2502 2358 ίδιοχείρως,
2532 2287 2629 2342 τοῦ
2665 2291 2868 2360 μηκέτι
2898 2289 3205 2359 ἀντιλέγειν
3235 2291 3365 2362 περὶ
3396 2292 3586 2346 αὐτοῦ.

544 2391 786 2452 .Reversi
848 2404 978 2461 ergo
1026 2399 1154 2446 sunt
1206 2389 1261 2444 in
1311 2386 1506 2456 Tibett,
1562 2396 1786 2458 tumque
1832 2387 2047 2444 Joanne:

2255 2380 2735 2452 ’Υποστρὲψαντες
2787 2382 2851 2455 ll.
2901 2384 3281 2458 ὑπέστρεψαν]
3330 2386 3410 2450 είς
3453 2386 3517 2440 τὸ
3560 2386 3767 2458 Τισην,

1950 1200 2080 1242 vero

484 2482 698 2540 sodales
745 2482 1041 2538 monachos
1091 2482 1428 2552 provocavit,
1457 2494 1560 2536 nec
1594 2496 1701 2537 non
1729 2480 2065 2551 Stephanum

483 2577 797 2647 episcopum
857 2568 1210 2640 Cartamaua,
1264 2589 1328 2631 ac
1362 2572 1664 2629 Mathusala
1703 2582 1884 2630 ortum
1911 2572 2063 2642 Sina,

484 2668 860 2737 quosdamque
897 2666 1056 2730 alios,
1098 2664 1241 2721 haud
1283 2665 1513 2721 omnino
1541 2666 1597 2722 in
1634 2666 1902 2736 synodum
1929 2680 2066 2722 con-

480 2758 810 2822 sentientes,
838 2766 897 2812 ut
925 2770 994 2812 ne
1022 2756 1206 2813 Esdrae
1246 2757 1518 2814 catholico
1565 2758 2061 2826 communicarent,

478 2859 574 2906 aut
601 2865 727 2905 cum
756 2850 823 2905 iis
844 2850 935 2921 qui
955 2851 1145 2906 eadem
1186 2856 1351 2920 atque
1388 2849 1482 2906 ille
1507 2862 1786 2919 saperent.
1833 2852 2061 2908 Interim

475 2955 607 2997 vero
653 2942 781 2997 dum
820 2953 1078 3012 provocat
1124 2957 1339 2997 omnes.
1387 2957 1452 2998 ac
1508 2943 1703 2998 nititur
1732 2946 2058 3001 asententia

475 3048 756 3100 revocare,
806 3036 1087 3091 nonnullis
1143 3035 1256 3104 jam
1301 3050 1519 3101 eorum,
1556 3035 1651 3106 qui
1694 3035 2059 3092 interfuerant

2171 2476 2264 2529 καὶ
2290 2476 2317 2527 6
2345 2475 2510 2538 αὐτὸς
2545 2475 3193 2549 Ἰωάννηςοπαρώτρυνεν
3216 2478 3343 2542 τοὺς
3372 2479 3767 2550 συμμοναχοὺς

2168 2566 2338 2622 αὐτοῦ
2358 2607 2373 2634 ,
2406 2570 2503 2623 καὶ
2535 2569 2627 2622 τὸν
2657 2569 2934 2639 Στέφανον
2966 2571 3267 2625 ἐπίσκοπον
3302 2572 3723 2642 Καταρταμανᾶ
3743 2614 3761 2639 ,

2168 2662 2262 2716 καὶ
2286 2660 2378 2715 τὸν
2403 2659 2740 2717 Μαθουσάλα
2767 2661 2878 2716 ἀπὸ
2901 2661 2996 2717 τοῦ
3026 2663 3211 2735 Σινῆς,
3241 2663 3337 2718 καὶ
3363 2663 3558 2728 ἄλλους
3582 2665 3761 2734 τινας,

2164 2758 2293 2820 τοὺς
2330 2755 2410 2828 μὴ
2448 2755 2659 2811 ἅπασιν
2700 2757 2958 2825 εἴξαντας
2997 2760 3077 2857 εξ
3117 2757 3217 2830 τὴν
3260 2759 3504 2828 σύνοδον,
3546 2760 3635 2814 ἶνα
3681 2761 3762 2832 μὴ

2167 2850 2575 2917 κοινωνήσωσιν
2597 2849 2806 2922 Ἐσδρᾳ
2845 2849 3146 2921 καθολικῷ,
3177 2850 3314 2923 μηδέ
3342 2854 3455 2916 τοῖς
3483 2853 3579 2907 σὺν
3605 2853 3760 2924 αὑτῷ

2161 2942 2623 3013 δμοφρονήσασιν.
2662 2943 2787 2997 ’Ότι
2821 2941 2935 3017 [ισ.
2957 2943 3104 3017 τότε]
3121 2943 3288 2998 αὐτοῦ
3320 2948 3761 3018 παροτρύνοντος

2163 3032 2374 3096 πάντας
2395 3034 2489 3086 καὶ
2504 3032 2915 3100 ἀναπείθοντος,
2938 3034 3034 3089 καί
3053 3052 3208 3100 τινας
3227 3036 3338 3090 τῶν
3360 3041 3419 3092 ἐν
3451 3040 3517 3108 τῇ
3551 3038 3759 3111 συνόδῳ

444 3129 706 3198 synodo,
740 3127 1006 3198 deceptis,
1055 3127 1204 3184 venit
1258 3126 1571 3196 Stephanus
1613 3126 2047 3185 Cartamauensis

2163 3126 2596 3195 ἀπαντησάντων
2630 3123 2695 3199 [ι.
2726 3126 3167 3202 ἀπατήσαντος],
3205 3130 3328 3200 μεθ’
3350 3132 3565 3202 ἡμέρας
3598 3133 3756 3196 τινὰς

470 3220 762 3291 cpiscopus
820 3223 886 3274 ad
918 3219 1147 3276 Esdram
1222 3220 1576 3276 catholicum.
1606 3221 1849 3276 Audiens
1872 3230 2047 3276 autem

2162 3213 2326 3289 ἦλθεν
2343 3220 2370 3271 6
2386 3219 2656 3288 Στέφανος
2670 3221 2697 3272 6
2716 3220 3023 3292 Καρταμᾶν
3042 3221 3340 3287 ἐπίσκοπος
3356 3224 3491 3295 πρὸς
3514 3225 3756 3297 Ἐσδραν

469 3311 734 3382 ρνωΐςιιιιε
759 3311 1022 3377 Joannes,
1088 3315 1235 3383 quod
1265 3329 1373 3368 non
1410 3313 1515 3383 ipsi
1566 3315 2052 3379 communicasset,

471 3402 780 3472 petulantia
817 3404 1078 3468 maxima,
1117 3403 1432 3460 inimicitias
1487 3404 1539 3458 in
1571 3405 1907 3477 Stephanum
1930 3423 2057 3476 ges-

467 3498 562 3560 sit,
608 3496 684 3550 uti
725 3507 778 3551 et
826 3496 878 3549 in
928 3495 1251 3564 Mathusala,
1286 3513 1353 3554 eo
1381 3499 1524 3569 quod
1558 3501 1674 3571 ipse
1720 3515 1939 3572 quoque
1985 3504 2053 3558 ad

465 3585 692 3641 Esdram
725 3588 1071 3645 accessisset.
1124 3589 1349 3645 Dicebat
1385 3605 1541 3657 vero,
1590 3592 1765 3649 levius
1800 3609 1912 3664 prae
1938 3595 2049 3651 illis

464 3676 780 3745 oﬂ‘endisse,
833 3695 900 3733 ac
963 3682 1173 3752 lapsum
1206 3697 1326 3739 esse
1374 3683 1645 3740 Esd’ram:
1685 3703 1706 3738 ι
1751 3685 1886 3741 Nam
1938 3688 2048 3756 ille,

464 3768 661 3838 inquit,
723 3784 787 3823 ex
836 3769 1182 3839 imperatoris
1229 3781 1375 3829 metu
1427 3790 1456 3828 a
1502 3777 1733 3833 veritate
1782 3775 2046 3834 deﬂexit:

465 3872 564 3913 vos
591 3867 773 3914 autem
822 3862 890 3914 ab
923 3859 1072 3915 inani
1125 3863 1296 3932 gloria
1330 3879 1398 3919 ac
1434 3867 1754 3924 muneribus
1807 3868 2049 3939 prolapsi

459 3950 595 4004 estis
641 3963 770 4005 casu
826 3952 1140 4009 insanabili.
1183 3972 1203 4007 ι
1255 3955 1339 4011 Ad
1383 3957 1500 4013 haec
1541 3956 1746 4014 Esdras
1814 3960 1870 4014 in
1930 3959 2048 4015 hac

461 4046 626 4099 verba
654 4042 918 4101 Joannem
972 4048 1320 4103 obtestatur:
1354 4068 1373 4102 ι
1412 4050 1597 4107 'l‘crtio
1660 4052 1869 4121 vocavi,
1921 4068 2045 4108 cum

461 4134 788 4202 Mathusala,
849 4147 960 4192 tum
1006 4135 1370 4210 Stephanum,
1427 4139 1662 4198 dicens:
1703 4140 1814 4199 Vos
1833 4144 2035 4205 ,mundi

458 4227 711 4283 doctores
750 4230 886 4284 estis
909 4243 975 4284 ac
1001 4231 1245 4297 scriba;
1282 4232 1466 4288 Venite
1504 4242 1564 4288 ut
1594 4234 1861 4292 faciamus
1908 4238 2047 4293 satis

461 4320 810 4390 imperatori;
863 4337 1008 4377 nunc
1069 4334 1251 4375 autem
1308 4322 1729 4392 reprehenditis,
1786 4338 2043 4398 tanquam

461 4412 524 4467 iis
570 4415 1037 4472 consenserintus.
1105 4413 1218 4470 Nos
1278 4430 1402 4487 qua:
1451 4414 1760 4474 audivimus
1800 4418 1871 4474 ab
1934 4419 2041 4486 eis,

2161 3312 2254 3365 τὸν
2294 3309 2606 3366 καθολικόν.
2666 3311 2936 3378 ’Δκούσας
2971 3313 3032 3366 δὲ
3068 3315 3097 3369 6
3137 3315 3433 3386 εἰρημένος
3476 3317 3755 3387 Ἰωάννης,

2161 3402 2244 3454 ὅτι
2272 3401 2375 3455 οὐκ
2403 3399 2768 3472 ἐκοινώνησεν
2795 3401 2968 3474 αὐτῷ,
2998 3402 3143 3474 μετὰ
3174 3403 3442 3476 μεγίστης
3472 3405 3751 3477 θρασύτη-

2160 3511 2251 3557 τος
2271 3533 2287 3560 ,
2319 3492 2520 3564 ἔχθραν
2548 3490 2626 3563 τῷ
2659 3492 2918 3564 Στεφάνῳ
2953 3492 3376 3563 κατηργάσατο,
3407 3486 3520 3546 οἷον
3550 3492 3643 3546 καὶ
3672 3492 3753 3564 τῷ

2160 3585 2534 3659 Μαθουσάλᾳ,
2583 3586 2666 3640 ὅτι
2715 3586 2812 3640 καὶ
2862 3584 3029 3650 αὐτὸς
3079 3584 3356 3658 προσῆλθε
3405 3584 3484 3654 τῷ
3518 3583 3759 3657 Ἔσδρςι,

2163 3679 2356 3748 Ἔλεγε
2385 3678 2443 3733 δὲ
2469 3680 2497 3733 6
2518 3678 2810 3752 εἰρημένος
2842 3678 3122 3748 Ἰωάννης,
3147 3679 3229 3733 ὅτι
3259 3678 3603 3750 Κουφότερόν
3628 3680 3751 3732 ἐστι

2155 3771 2218 3826 τὸ
2244 3773 2494 3842 πταῖσμα
2522 3770 2615 3824 τοῦ
2645 3770 2854 3843 Ἔσδρα
2879 3771 2974 3827 καὶ
2997 3769 3335 3843 τδ-σφάλμα,
3359 3770 3497 3842 πρὸς
3517 3770 3584 3823 τά
3611 3770 3752 3842 ἡμέ-

2155 3881 2288 3936 τερα
2328 3838 2680 3936 πταίσματα·
2721 3883 2740 3917 ι
2775 3838 2950 3929 Assa;
2982 3838 3094 3937 γάξ)
3128 3838 3421 3935 διὰ-φόϐον
3456 3863 3550 3918 τοῦ
3586 3838 3747 3934 βασι-

2155 3956 2295 4021 λέως
2324 3957 2600 4024 ἐξέκλινεν
2629 3956 2731 4028 τῆς
2763 3955 3024 4028 ἀληθείας
3048 3975 3062 3989 ο
3095 3957 3254 4029 ὑμεῖς
3285 3957 3343 4012 δὲ
3362 3997 3377 4025 ,
3408 3957 3496 4012 διὰ
3528 3955 3746 4010 κενοδο-

2154 4049 2277 4117 ξίαν
2307 4051 2401 4104 καὶ
2426 4049 2596 4120 δῶρα,
2627 4049 2922 4113 ἐξεπέσατε
2952 4049 3170 4106 ἀνίατον
3194 4050 3426 4105 πτῶσιν.
3462 4068 3481 4102 ι
3509 4049 3745 4102 Ἔπειτα

2154 4138 2502 4212 παρεκάλεσε
2547 4139 2638 4192 τὸν
2684 4139 2850 4192 αὑτὸν
2880 4139 3140 4212 Ἰωάννην
3183 4140 3490 4214 ὀἜσδρας,
3541 4139 3740 4207 λέγων,

2151 4230 2235 4285 ὅτι
2274 4247 2294 4282 ι
2331 4227 2529 4300 Τρίτον
2557 4227 2798 4283 ἐκάλεσα
2821 4267 2838 4295 ,
2870 4230 2967 4283 καὶ
2996 4229 3088 4285 τὸν
3117 4228 3451 4285 Μαθουσάλα
3473 4268 3490 4295 ,
3522 4230 3619 4283 καὶ
3648 4229 3743 4282 τὸν

2153 4323 2447 4392 Στέφανον,
2492 4322 2662 4375 εἰπών
2683 4337 2697 4352 ·
2740 4320 2823 4375 ὅτι
2862 4318 2971 4374 Τοῦ
3024 4320 3234 4392 κόσμου
3283 4319 3599 4374 διδάσκαλοι
3641 4320 3743 4374 καὶ

2150 4416 2501 4486 γραμματεῖς
2541 4414 2701 4483 ὑμεῖς
2742 4416 2900 4467 ἐστε-
2938 4412 3123 4467 ἐλθετε
3168 4415 3256 4467 ἴνα
3299 4412 3740 4483 ἀπολογηθιῖῳεν

459 4519 584 4558 vera
636 4507 964 4575 putavimus,
1013 4521 1078 4563 ac
1128 4506 1265 4563 duas
1294 4509 1349 4563 in
1399 4507 1630 4564 Domino
1652 4506 1785 4566 Jesu
1813 4509 2035 4567 Christo

2155 4504 2227 4575 τῷ
2256 4502 2500 4575 βασιλεῖ’
2531 4505 2627 4557 καὶ
2654 4500 2749 4556 νῦν
2776 4502 3058 4574 μέμφεσθε
3088 4502 3268 4573 ἡμῶν,
3294 4502 3367 4564 ὡς
3396 4517 3741 4572 συνομοφρο-

458 4606 677 4654 naturas
727 4599 969 4656 confessi
1021 4615 1251 4667 sumus;
1316 4602 1577 4656 nimirum
1630 4602 1927 4672 perfectam
1982 4604 2036 4659 in

2155 4597 2433 4668 νησάντων
2461 4595 2670 4659 αὐτοῖς.
2703 4595 2901 4666 Ἡμεῖς
2929 4594 2968 4650 ἃ.
2995 4595 3314 4665 ἠκούσαμεν
3372 4593 3500 4665 παρ’
3525 4594 3697 4648 αὑτοῦ
3718 4630 3737 4659 ,

454 4691 676 4752 deitate,
725 4699 780 4745 et
813 4689 1107 4760 perfectam
1144 4692 1197 4746 in
1228 4693 1590 4758 humanitate,
1632 4694 1686 4749 in
1722 4710 1828 4750 una
1867 4696 2038 4767 hypo-

453 4780 610 4844 stasi,
642 4795 707 4835 ac
738 4795 971 4850 persona
1036 4797 1164 4846 una.
1208 4784 1646 4840 incarnationem
1703 4786 2034 4841 indivisam:

2148 4687 2326 4759 άληθῆ
2354 4681 2493 4741 εἶναι
2523 4686 2859 4758 ἐνομίσαμεν
2879 4704 2893 4720 ο
2924 4687 3017 4741 καὶ
3045 4687 3484 4775 ὡμολογήσαμεν
3511 4684 3605 4740 δύο
3633 4688 3737 4756 φύ-

2149 4798 2261 4846 σεις
2300 4780 2396 4835 τοῦ
2441 4780 2647 4853 Κυρίου
2692 4781 2851 4852 ἡμῶν
2889 4779 3067 4853 Ἰησοῦ
3107 4780 3386 4852 Χριστοῦ*
3426 4779 3634 4835 τέλειον
3675 4781 3738 4833 ἐν

453 4887 698 4942 quasque
727 4872 954 4942 legimus
995 4871 1329 4946 Scripturas.
1348 4890 1470 4930 cum
1490 4885 1741 4945 nostras,
1774 4890 1885 4934 tum
1913 4879 2038 4934 illo-

2155 4876 2384 4947 θεότητι,
2409 4877 2504 4930 καὶ
2525 4876 2731 4930 τέλειον
2755 4875 2814 4927 ἐν
2838 4874 3247 4945 άνθρωπότητι,
3277 4875 3334 4927 ἐν
3363 4875 3463 4945 μιᾷ
3493 4874 3738 4928 ὑποστά-

453 4976 596 5026 rum,
639 4963 693 5018 id
720 4962 895 5033 ipsum
918 4967 1350 5022 conﬁrmarunt:
1381 4982 1589 5038 nosque
1613 4984 1797 5025 eorum
1824 4986 2035 5026 sermo-

2155 4987 2263 5037 σει,
2299 4970 2383 5021 ἐνὶ
2421 4968 2706 5041 προσώπῳ
2730 4985 2744 5000 ⁸
2783 4968 3092 5040 ἀδιαίρετον
3126 4969 3444 5040 οίκονομίαν
3466 4986 3479 5000 ⁸
3519 4969 3613 5021 καὶ
3648 4970 3733 5023 ὅτι

451 5055 617 5111 nibus
651 5056 941 5111 habuimus
969 5059 1149 5127 tidem,
1181 5060 1337 5130 juxta
1359 5063 1504 5132 quod
1547 5060 1843 5132 Scriptura:
1866 5078 2037 5123 sacra:

2155 5065 2240 5115 καί
2263 5065 2362 5126 τὰς
2388 5062 2627 5133 γραφὰς,
2652 5061 2716 5125 ἃς
2744 5060 3085 5133 ἀνέγνωμεν,
3107 5063 3218 5115 τῶν
3242 5062 3416 5132 ἁγίων
3441 5063 3729 5132 Πατέρων,

452 5147 718 5205 ferebant.
783 5148 1076 5205 Enimvero
1137 5155 1366 5209 necdum
1431 5156 1559 5212 anni
1616 5158 2030 5228 prmtericrunt:

2155 5157 2201 5209 ιί
2225 5155 2516 5227 ἡμέτεραι,
2546 5156 2641 5210 καὶ
2668 5155 2778 5210 τῶν
2806 5157 3008 5221 αὐτῶν,
3039 5155 3099 5209 τὸ
3126 5155 3259 5209 αὐτὸ
3289 5156 3687 5227 ἐμαρτύρησαν
3709 5171 3724 5186 ”

453 5257 649 5298 omnes
678 5256 995 5299 sanctorum
1021 5244 1242 5301 Patrum
1267 5250 1553 5319 scripturae
1570 5248 1712 5320 apud
1742 5265 1843 5305 nos
1869 5261 2031 5318 sunt;

2155 5251 2236 5306 καὶ
2274 5252 2436 5321 ἡμεῖς
2470 5247 2806 5320 ἐπείσθημεν
2838 5252 2952 5313 τοῖς
2986 5249 3168 5316 λόγοις
3201 5250 3414 5312 αὐτῶν,
3452 5250 3592 5302 κατὰ
3626 5250 3731 5312 τὰς

449 5346 784 5403 scrutantes,
817 5337 1101 5393 veritatem
1140 5341 1507 5408 perdiuite.»
1540 5341 1648 5399 Ubi
1686 5354 1871 5399 autem
1895 5345 2035 5400 scri-

2155 5345 2366 5416 Γραφὰς
2402 5344 2499 5406 τὰς
2541 5342 2724 5412 ἁγίας.
2763 5343 2877 5396 Καὶ
2919 5342 3015 5399 νῦν
3048 5343 3111 5396 οὐ
3148 5342 3364 5414 διῆλθον
3398 5343 3583 5415 χρόνοι
3608 5356 3623 5375 ο
3668 5343 3728 5395 αἱ

449 5437 598 5498 ptum
650 5430 1021 5486 testimonium
1046 5432 1403 5501 ostendisset,
1428 5435 1505 5489 ait
1532 5433 1813 5494 Joannes:
1851 5456 1871 5490 ι
1900 5439 2032 5496 0m-

2155 5439 2358 5509 Γραφαὶ
2393 5439 2566 5491 πᾶσαι
2600 5438 2709 5490 τῶν
2742 5437 2915 5505 ἁγίων
2947 5437 3209 5509 Πατέρων
3248 5437 3379 5510 παρ’
3403 5437 3534 5508 ἡμῖν
3567 5438 3677 5490 είσι
3710 5453 3723 5467 ·

2141 5533 2532 5604 ἐρευνήσαντες
2570 5528 2771 5601 μάθετε
2802 5532 2905 5600 τὴν
2937 5529 3217 5602 ἀλήθειαν.
3262 5547 3282 5581 ι
3321 5530 3432 5585 Καὶ
3463 5531 3552 5584 ὅτε
3586 5530 3725 5584 ὑπέ-

2137 5625 2276 5691 δειξε
2309 5626 2408 5696 τὴν
2439 5624 2746 5697 μαρτυρίαν
2775 5624 2874 5693 τῆς
2904 5624 3153 5694 Γραφῆς,
3186 5621 3339 5677 εἶπεν
3368 5626 3396 5678 ὁ
3427 5625 3682 5694 Ἰωάννης
3701 5639 3720 5658 ο

2142 5737 2162 5771 ι
2203 5716 2388 5771 Ταῦτα.
2427 5696 2608 5772 πάντα
2641 5716 2689 5769 οί
2722 5715 3079 5788 Νεστοριανοὶ
3119 5717 3473 5788 προσέθηκαν
3509 5719 3567 5771 ἐν
3598 5721 3722 5781 ταῖς

2134 5814 2375 5883 γραφαῖς
2415 5813 2524 5866 τῶν
2568 5810 2741 5881 ἁγίων
2783 5809 3083 5883 Πατέρων·
3130 5809 3313 5877 καθὼς
3361 5814 3456 5865 καὶ
3501 5814 3557 5865 ἐν
3597 5816 3719 5877 ταῖς

448 5520 535 5575 nia
557 5521 672 5577 haec
689 5523 1335 5584 addideruutNestoriani
1366 5532 1582 5602 scriptis
1597 5542 1908 5588 sanctorum
1935 5530 2033 5584 Pa-

447 5620 590 5666 trum
618 5627 635 5679 ;
666 5627 773 5681 qua
799 5615 928 5671 olim
957 5617 1166 5675 ratione
1202 5619 1533 5679 Saturninus
1564 5625 1798 5682 harreses
1829 5626 2028 5685 multas

444 5701 678 5758 addebat
731 5704 1029 5778 Scripturis
1081 5714 1278 5780 sacris,
1334 5726 1461 5784 puta
1503 5716 1668 5772 verba
1693 5718 1808 5782 illa,
1842 5716 2024 5773 Evan-

442 5793 585 5867 gelia
621 5794 823 5853 Lucae:
871 5799 1036 5871 Coepit
1068 5801 1227 5861 Iesus
1281 5823 1465 5878 pavere
1499 5819 1549 5864 et
1604 5813 1815 5866 uadere.
1846 5812 2023 5883 Appa-
