4088 6412
321 361 341 424 Ῑ
354 362 458 423 253

1554 355 1652 415 DE
1694 353 1950 415 REBUS
1988 354 2254 416 ARMEN
2266 354 2379 415 LE.

3445 359 3582 424 1254

312 474 491 538 θείαις
523 473 765 543 Γραφαίς
792 471 913 524 τότε
949 467 1259 541 προσετίθει
1288 469 1315 521 ὁ
1345 466 1669 536 Σατορνίλος
1696 465 1889 528 πολλάς

2005 467 2112 520 ruit
2165 478 2341 521 autem
2374 466 2459 522 illi
2500 468 2716 537 angelus
2743 470 2805 524 de
2836 469 2964 525 (mlo
3003 471 3308 541 confortans
3356 490 3500 540 eum,
3530 490 3579 529 et

316 566 577 635 αἱρέσεις,
617 565 691 628 ὼς
736 566 829 616 καὶ
869 566 949 626 είς
987 562 1048 615 τὺ
1090 559 1229 615 κατά
1272 559 1488 613 Λονκᾶν
1530 556 1899 625 Εὐαγγέλιον·

316 661 397 711 ὅτι
422 658 681 725 Ἤρξατο
715 660 747 710 ό
781 655 1019 722 Ἰησοῦς
1056 652 1382 708 λυπεῖσθαι
1422 647 1521 703 καὶ
1551 646 1900 716 ἀδημονεῖν.

321 753 516 820 Ὠφθη
556 751 623 803 δὲ
660 748 819 815 αὺτῷ
857 749 1113 820 ἅγγελος
1147 745 1266 801 ἀπὸ
1298 744 1563 811 οὐρανοῦ
1599 741 1904 810 ἐνισχύων

317 846 525 906 αὐτὸν,
554 844 653 897 καί
676 842 764 896 ὅτι
787 840 1209 909 ἐκτενέστερον
1226 838 1637 906 προσηύχετο·
1664 833 1903 903 ἐγένετο

316 937 349 988 ὀ
374 933 549 1001 ἱδρὼς
570 935 757 988 αὐτοῦ
783 936 859 1000 ὡς
902 934 1143 1002 θρομΰοί
1170 932 1444 1000 αἵματος.
1469 930 1563 982 καὶ
1585 927 1656 980 τὰ
1679 912 1897 995 ὁμοία.»

2006 559 2265 629 prolixius
2288 562 2496 616 orabat.
2543 562 2612 615 Et
2643 563 2815 633 [actus
2836 574 2911 617 est
2938 566 3102 619 sudor
3127 568 3239 632 ejus
3268 568 3405 620 sicut
3421 578 3583 638 gulae

2006 653 2277 723 sanguinis
2303 653 2348 715 ⁸,
2398 663 2451 707 et
2473 654 2691 710 similia.
2732 674 2750 707 ›
2795 656 3081 711 Enimvero
3112 659 3224 711 visa
3268 657 3579 713 suntJoan-

2007 743 2092 796 nis
2146 744 2308 797 verba
2367 746 2480 799 bnac
2509 748 2782 801 contraria
2831 764 3014 801 coram
3047 749 3238 814 Esdra,
3280 751 3348 805 ab
3375 752 3585 819 reliquo

2006 836 2380 904 episcoporum
2436 849 2701 903 conventu
2733 855 2747 905 ;
2786 854 3238 913 recesseruntque
3291 859 3482 900 omnes
3514 848 3584 899 ab

2008 940 2073 978 eo
2102 925 2367 994 ejusmodi
2403 943 2710 985 sermonem
2735 936 2990 987 aversati.

328 1028 637 1098 Ἐφάνησαν
674 1028 731 1081 δὲ
766 1030 834 1081 τὰ
876 1031 1096 1099 ῥήματα
1140 1028 1315 1080 ταῦτα
1353 1027 1448 1080 τοῦ
1490 1026 1737 1078 Ἰωάννου
1780 1023 2010 1075 ἐνώπιον
2038 1021 2267 1091 Ἔσδρα,
2322 1025 2418 1077 καὶ
2456 1026 2565 1080 τῶν
2609 1028 2706 1081 σὺν
2749 1028 2898 1101 αὐτῷ
2933 1032 3267 1097 ἐπισκόπων,
3318 1036 3535 1090 ἐναντία
3566 1040 3582 1058 ⁸

316 1124 407 1175 καὶ
443 1122 645 1184 πάντες
695 1122 1016 1192 ἀπέστησαν
1064 1120 1250 1188 αὑτοῦ,
1302 1118 1633 1189 στραφέντες
1682 1115 1791 1169 ἀπὸ
1820 1114 1915 1166 τοῦ
1947 1113 2108 1182 λόγου
2140 1116 2374 1170 ἐκείνου.

386 1230 553 1299 Οὗτος
584 1235 640 1289 δὲ
682 1239 791 1296 τοῖς
822 1237 1008 1300 αὐτοῖς
1055 1236 1315 1305 ἐπέμεινε
1354 1230 1704 1301 φιλονεικῶν,
1754 1228 1894 1282 διότι

313 1331 730 1399 ἀντικειμένους
863 1329 1064 1398 νόμους
1114 1327 1544 1397 ἐκληρονόμησε.
1593 1324 1702 1377 Καὶ
1740 1325 1797 1375 ἐν
1825 1325 1891 1393 τῇ

311 1418 537 1490 τελευτῇ
572 1418 666 1471 τοῦ
704 1419 910 1489 Ἐσδρα
937 1417 1189 1489 ἐνόμιζεν
1233 1419 1316 1471 ὅτι
1351 1417 1512 1480 αὐτὸς
1542 1414 1773 1487 λήψεται
1798 1413 1893 1466 τὸν

312 1513 523 1580 Ορῦνον,
559 1511 699 1584 [καὶ]
726 1515 791 1582 τῇ
825 1512 1048 1582 βοηθείᾳ
1078 1511 1187 1564 τῶν
1230 1510 1593 1581 μεγιστάνων.
1619 1508 1743 1562 Ὀτι
1776 1508 1832 1561 δέ
1863 1509 1891 1560 ό

310 1603 596 1672 Νορσέτης
624 1601 781 1670 ἔτυχε
803 1599 897 1653 τοῦ
922 1600 1137 1670 θρόνοι),
1169 1599 1331 1661 αὐτὸς
1348 1597 1404 1650 δὲ
1433 1596 1553 1662 οὐκ,
1586 1598 1678 1649 ἐπὶ
1707 1597 1889 1648 πλεῖον

2074 1225 2274 1284 Verum
2314 1231 2422 1297 ille,
2460 1234 2601 1302 quod
2634 1238 2936 1292 contrarias
2975 1238 3023 1292 ei
3067 1238 3212 1308 leges
3254 1251 3483 1306 teneret,
3527 1247 3580 1302 in

1998 1322 2186 1375 eadem
2229 1324 2573 1379 contentione
2620 1327 2879 1395 perstitit.
2929 1326 3100 1383 Morte
3142 1340 3320 1385 autem
3371 1334 3583 1387 sublato

2000 1411 2198 1479 Esdra,
2233 1416 2440 1482 putavit
2472 1413 2610 1481 fore,
2648 1426 2704 1469 ut
2731 1417 2848 1486 ejus
2897 1422 3099 1484 sedem,
3138 1434 3447 1490 magnotum
3483 1441 3584 1494 ope

2002 1503 2289 1572 acciperet.
2314 1506 2381 1558 At
2412 1522 2533 1561 cum
2565 1506 2828 1564 Norseces
2855 1524 2971 1564 eam
3005 1513 3232 1581 adeptus
3280 1526 3445 1579 esset,
3475 1532 3581 1571 non

2000 1598 2137 1665 ipse,
2169 1598 2427 1667 majm'cm
2458 1598 2510 1653 in
2536 1601 2752 1655 modum
2782 1602 3026 1657 turbatus
3054 1613 3160 1658 est.
3191 1603 3416 1660 Videbat
3439 1608 3582 1661 enim

310 1692 607 1762 ἐταράχθη.
650 1691 886 1743 Ἕϐλεπε
921 1690 1030 1762 γὰρ
1089 1686 1554 1757 συγκοινωνοῦντα
1600 1688 1765 1740 αὑτὸν
1812 1686 1889 1756 τῷ

312 1785 523 1855 βασιλεί
574 1784 681 1836 τῶν
723 1783 1034 1852 Ῥωμαῖων.
1105 1783 1218 1835 Καὶ
1274 1781 1483 1841 πάντας
1521 1780 1758 1851 ὤτρυνεν
1811 1782 1893 1843 είς

310 1876 645 1943 ἀντιλογίας,
676 1876 758 1928 ὅτι
799 1875 939 1928 κατά
978 1875 1069 1927 τὸν
1109 1874 1314 1944 Ἐσδρα
1369 1874 1463 1926 καὶ
1517 1873 1681 1936 αὐτὸς
1725 1873 1890 1926 ἐπλα-

309 1968 471 2037 νήθη.
506 1970 603 2021 Ὃν
622 1966 902 2038 προδήλως
923 1966 1157 2029 καλέσας
1182 1968 1210 2019 ό
1233 1965 1535 2037 Νορσέσης,
1552 1964 1891 2020 κατενώπιον

308 2060 523 2111 πολλῶν
569 2060 887 2112 ἐπισκόπων
931 2059 1028 2112 καὶ
1073 2058 1433 2120 διδασκάλων,
1476 2056 1573 2111 καὶ
1624 2057 1887 2121 Ἀζάτων,

308 2152 511 2219 πολλὴν
541 2151 769 2220 ἔρευναν
798 2151 1032 2221 ποιήσας
1066 2148 1198 2221 περὶ
1232 2151 1332 2220 τῆς
1385 2150 1720 2218 ἀντιλογίας,
1761 2167 1893 2202 κατ-

312 2245 538 2314 έκριναν
567 2245 728 2297 αὐτὸν
772 2242 1143 2314 ἐξορισθῆναι.
1172 2245 1281 2296 Καὶ
1306 2244 1574 2315 ἐξωρίσθη
1614 2244 1765 2314 παρὰ
1794 2244 1888 2297 τοῦ

309 2336 599 2391 καθελικοῦ
648 2338 741 2389 καὶ
808 2336 901 2389 τοῦ
956 2336 1218 2406 ἄρχοντος
1265 2336 1364 2405 τῆς
1418 2337 1746 2406 ’Λρμενίας’
1797 2339 1890 2391 καὶ

308 2428 638 2499 ποιήσαντες
678 2425 737 2480 τὸ
768 2426 1020 2497 μέτωπον
1060 2427 1226 2479 αὑτοῦ
1266 2425 1552 2491 ἀλώπεκος
1585 2428 1767 2480 είκὸνα
1812 2429 1890 2500 τῷ

309 2518 805 2588 πεπυρακτωμένῳ
836 2518 1058 2587 σιδήρῳ,
1114 2518 1212 2571 σὺν
1247 2521 1362 2582 τοῖς
1411 2517 1617 2581 λοιποῖς
1649 2521 1889 2590 ἑταίροις

307 2611 496 2674 αὑτοῦ,
532 2610 786 2677 ἐξέϐαλον
811 2610 972 2663 αὑτὸν
997 2611 1074 2673 είς
1108 2610 1335 2673 Καυκὰς
1363 2609 1507 2679 ὅρος.
1556 2612 1799 2664 Ἐκεῖθεν
1831 2613 1888 2665 δέ

309 2703 663 2773 ὑποστρέψας
712 2703 787 2773 μὴ
823 2703 1145 2773 ὑποδεχθετς
1178 2703 1329 2774 παρά
1365 2704 1474 2756 τῶν
1518 2706 1698 2756 ἐκεῖσε
1735 2704 1890 2756 εἰδω-

306 2795 608 2867 λολατρῶν,
644 2796 738 2848 καὶ
767 2798 902 2866 μετὰ
933 2795 1162 2849 θάνατον
1186 2795 1278 2848 τοῦ
1333 2796 1488 2863 ἁγίου
1531 2795 1886 2849 ’Δναστασίου

306 2888 481 2942 ἐλθὼν
520 2889 600 2951 είς
641 2888 731 2942 τὸν
765 2887 862 2940 ἀπ’
893 2889 1069 2960 ἀρχῆς
1113 2887 1279 2942 αὑτοῦ
1311 2889 1499 2956 τόπον,
1532 2888 1888 2961 ἐτελεύτησεν

305 2984 367 3035 ὲν
398 2983 568 3053 rips-

380 3073 444 3124 Οἱ
491 3071 546 3124 δὲ
595 3071 836 3141 μαθηταὶ
872 3071 1039 3125 αὐτοῦ
1109 3069 1529 3141 πληθυνθέντες,
1575 3071 1777 3134 πάντες
1809 3070 1891 3138 ἐξ·

307 3165 531 3218 έκλιναν
565 3167 675 3220 ἀπὸ
698 3165 799 3235 τῆς
836 3163 1097 3235 ἀληθείας
1119 3180 1133 3194 ’
1180 3167 1277 3217 καί⁵
1299 3164 1570 3237 διεσπάρη
1610 3165 1644 3235 ἡ
1679 3165 1892 3237 αἵρεσις

307 3260 449 3329 αὑτὴ
496 3261 556 3313 ἐν
589 3262 655 3331 τῇ
688 3260 842 3329 χώρᾳ
879 3259 1083 3328 ἐκείνῃ,
1129 3256 1234 3319 ἕως
1270 3257 1558 3310 Ἰουστίνου
1609 3258 1891 3330 Καίσαρος

306 3354 386 3423 τῷ
428 3351 469 3406 ε’
493 3354 621 3421 ἔτει,
655 3354 711 3405 ἐν
741 3346 784 3420 ᾦ
817 3350 995 3423 καιρῷ
1025 3349 1261 3413 καλέσας
1292 3351 1383 3405 τὸν
1427 3352 1615 3405 ἰσαάκ
1658 3351 1749 3404 τὸν
1789 3369 1890 3405 κα-

308 3447 523 3501 θολικὸν
558 3450 653 3500 σὺν
682 3450 795 3510 τοῖς
824 3449 1145 3510 ἐπισκόποις
1173 3446 1253 3509 είς
1285 3444 1887 3512 Κωνσταντινούπολιν,

306 3542 521 3610 ἥνωσεν
552 3541 751 3604 αὐτοὺς
782 3542 893 3604 τοῖς
924 3538 1247 3610 ὁμολογοῦσι
1290 3538 1389 3601 τὰς
1418 3539 1511 3593 δύο
1558 3538 1752 3607 φύσεις
1791 3538 1886 3592 τοῦ

305 3634 548 3702 Χριστοῦ
587 3633 682 3687 καὶ
724 3633 858 3685 Θεοῦ
888 3632 1070 3702 ἡμῶν,
1115 3632 1213 3702 τῆς
1249 3631 1504 3701 θεότητος
1536 3631 1629 3684 καὶ
1664 3631 1762 3702 τῆς
1792 3633 1887 3685 ἁν-

308 3726 680 3796 θρωπότητος,
723 3726 781 3777 ἐν
814 3726 912 3795 μιᾷ
951 3725 1270 3791 ὑποστάσει,
1317 3725 1595 3798 ἀφύρτως,
1643 3727 1889 3796 ἀδιαιρέ-

304 3836 417 3882 τως
442 3835 455 3847 '
490 3819 584 3870 xui.
615 3819 703 3872 διὰ
735 3818 896 3871 τοῦτο
936 3819 1229 3888 ἐγγράφως
1260 3817 1506 3887 ὤμοσαν,
1545 3819 1639 3872 τοῦ
1687 3820 1885 3891 μηκέτι

305 3911 563 3980 γενέσθαι
626 3913 709 3975 εἰς
760 3912 958 3975 αὐτοὺς
999 3912 1333 3981 ἀντιλογίαν.
1394 3913 1564 3967 Πάλιν
1620 3915 1698 3979 δὲ,
1748 3915 1884 3967 ὑπο-

311 4001 665 4071 στρεψάντων
714 4002 918 4069 αὐτῶν,
959 4001 1008 4055 oi
1049 4002 1505 4072 καταλειφθέντες
1544 4004 1602 4058 ἐν
1639 4007 1705 4075 τῇ
1747 4004 1888 4074 Ἀρ-

309 4097 496 4165 pavi},
532 4096 915 4166 ἐδυσχέραινον
955 4100 1021 4168 τῇ
1048 4099 1254 4151 τούτων
1297 4099 1612 4170 ἐπιστασία,
1645 4100 1721 4162 ὡς
1753 4101 1884 4169 ὁμο-

307 4189 698 4259 φρονησάντων
741 4187 881 4256 μετὰ
914 4188 1022 4240 τῶν
1059 4188 1372 4258 Ῥωμαίων.
1400 4190 1509 4242 Καὶ
1538 4189 1723 4243 λοιπὸν
1757 4190 1886 4243 στά-

308 4296 425 4340 σεις
477 4278 572 4331 καὶ
617 4277 945 4347 συζητήσεις
982 4278 1203 4331 ἐποίουν
1255 4279 1392 4346 μετά
1432 4279 1526 4332 τοῦ
1562 4281 1749 4335 Ἰσαὰκ
1789 4282 1883 4335 καὶ

305 4370 415 4424 τῶν
455 4371 906 4424 συναπελθόντων
934 4370 1103 4440 αὐτῷ,
1143 4369 1427 4439 λέγοντες·
1475 4373 1557 4426 ὅτι
1588 4392 1606 4425 t
1651 4376 1775 4429 Ἐάν
1807 4376 1884 4448 μὴ

1997 4365 2219 4436 proiecti
2279 4366 2511 4425 inerant,
2555 4363 2801 4415 dicentes
2850 4374 2864 4411 :

308 4465 585 4534 στραφῆτε
626 4463 721 4516 καὶ
760 4463 1203 4534 ἀναθεματίξητε
1242 4464 1462 4529 αὐτοὺς,
1506 4464 1567 4518 οὐ
1614 4465 1884 4537 δεχόμεθα

307 4554 453 4622 ὑμᾶς
494 4554 573 4615 είς
609 4554 775 4606 τόπον
803 4553 980 4623 ἡμῶν.
1018 4571 1034 4600 ι
1066 4553 1237 4606 Αὐτοὶ
1263 4554 1319 4606 δὲ
1357 4555 1749 4625 ἀγαπήσαντες
1784 4557 1886 4627 τὴν

305 4644 464 4709 δόξαν
490 4644 600 4698 τῶν
648 4645 975 4716 ἀνθρώπων,
1007 4646 1039 4715 ἢ
1071 4645 1168 4715 τὴν
1197 4646 1355 4711 δόξαν
1381 4645 1475 4699 τοῦ
1512 4647 1671 4714 Θεοῦ,
1719 4649 1884 4702 πάλιν

306 4737 712 4806 ἀνεθεμάτισαν
767 4737 981 4807 πρῶτον
1025 4738 1276 4804 ἑαυτοὺς,
1321 4739 1397 4802 ὡς
1444 4741 1882 4811 κοινωνήσαντας

310 4832 422 4891 τοῖς
446 4830 777 4900 Ῥωμαίοις.
810 4829 1210 4901 Εὑρέθησανδὲ
1254 4831 1465 4884 ἀνίατοι
1500 4833 1559 4886 ἐν
1606 4834 1726 4897 ταῖς
1774 4850 1879 4887 κα-

311 4935 475 4983 κιαις.

687 5056 1002 5112 Ιίαθολικοί
1034 5056 1145 5124 τῆς
1185 5056 1507 5128 Ἀρμενίας.

324 5168 381 5220 Ὁ
408 5166 560 5237 ἅγιος
583 5170 887 5240 Γρηγόριος
926 5174 954 5225 ό
979 5173 1226 5245 φωστὴρ,
1265 5174 1359 5246 ἔτη
1389 5176 1457 5230 λ’.

314 5350 381 5401 ‘0
413 5349 567 5418 ἅγιος
610 5350 929 5423 Ῥωστάκης
953 5355 981 5407 ὁ
1002 5354 1116 5418 υίὸς
1146 5354 1335 5425 αὐτοῦ,
1385 5353 1481 5428 ἔτη
1518 5355 1565 5427 β’

316 5438 381 5493 ³0
410 5441 710 5512 Βαρτανὲς,
751 5443 845 5513 ἐτη
875 5442 946 5510 γ’.

319 5530 382 5586 Ὃ
414 5534 738 5605 Γρηγόριος,
762 5536 856 5607 ἔτη
891 5534 984 5593 ια’.

321 5621 383 5677 '0
427 5626 656 5699 Ἰουσὴκ,
685 5627 780 5698 ἐτη
814 5634 891 5692 ς’.

382 5792 402 5821 ³
434 5788 599 5846 Marc.
628 5804 738 5857 xiv,
773 5790 843 5844 53
870 5806 885 5859 ;
913 5787 1024 5845 Luc
1056 5788 1144 5857 22,
1165 5788 1255 5845 43.

1909 3000 1957 3064 C

1996 1695 2243 1757 junctum
2311 1695 2693 1747 communione
2754 1695 3069 1762 imperaturi
3132 1697 3493 1753 Romanorum
3559 1717 3576 1753 :

1998 1798 2297 1851 onmesqne
2348 1784 2605 1839 incitabat
2651 1794 2707 1840 ut
2755 1789 3210 1853 contradicerent,
3260 1793 3400 1846 velut
3446 1794 3584 1861 ips»,

2000 1875 2074 1927 uti
2107 1885 2160 1927 et
2206 1873 2406 1927 Esdras
2440 1875 2698 1941 deceptus
2725 1885 2889 1930 esset.
2916 1873 3098 1929 Palam
3131 1886 3307 1930 autem
3339 1880 3582 1933 accersi-

2000 1981 2143 2035 tum,
2180 1969 2447 2025 Norseccs
2491 1985 2676 2025 coram
2755 1987 3043 2027 numeroso
3099 1974 3471 2043 episcoporum
3525 1984 3583 2029 et

1998 2064 2407 2131 magistrorum,
2446 2077 2510 2117 ac
2539 2063 2831 2117 Azalorum
2875 2073 3042 2127 ctntu,
3089 2064 3257 2117 multa
3305 2066 3419 2131 ejus
3444 2080 3579 2118 con-

2000 2156 2345 2212 tradietionis
2406 2154 2757 2225 inquisitione
2804 2154 3009 2219 habita,
3062 2155 3251 2209 exsilio
3281 2171 3402 2209 eum
3451 2172 3585 2209 cou-

1997 2251 2346 2307 demnarunt.
2379 2250 2608 2318 Fuitqne
2642 2250 2957 2319 deportatus
2983 2263 3012 2302 a
3056 2248 3322 2302 catholico
3353 2262 3413 2302 ac
3445 2265 3583 2317 pra--

1998 2354 2114 2398 tore
2156 2344 2448 2403 Armeniae,
2492 2343 2718 2412 ejusque
2772 2341 2963 2407 fronti,
3011 2342 3260 2395 candenti
3305 2339 3449 2394 ferro
3482 2341 3584 2394 im-

1998 2438 2296 2505 primentes
2353 2436 2527 2503 vnlpis
2585 2433 2899 2503 imaginem,
2955 2447 3059 2486 una
3115 2448 3238 2486 cum
3290 2434 3473 2498 sociis,
3526 2433 3580 2485 in

1998 2542 2234 2582 montem
2294 2526 2602 2581 Caucasum
2667 2527 2971 2595 eiecerunt.
3030 2525 3300 2579 Reversus
3366 2535 3583 2591 autem,

1998 2634 2119 2674 cum
2156 2617 2351 2672 tnontis
2383 2617 2575 2670 incola:
2607 2617 2872 2678 idolorum
2913 2615 3151 2669 cultores
3176 2629 3299 2669 eum
3336 2614 3568 2682 repulis-

1996 2719 2143 2773 sent,
2205 2725 2268 2764 ac
2316 2720 2439 2777 post
2489 2708 2659 2763 sancti
2715 2707 2986 2761 Anastasii
3032 2706 3238 2760 obitum
3284 2708 3499 2760 rediens
3529 2706 3581 2758 in

1995 2805 2171 2858 locum
2207 2802 2517 2871 pristinum,
2559 2802 2882 2868 grandaevus
2915 2814 3180 2855 annormn
3219 2797 3357 2852 vivis
3389 2812 3580 2852 exem-

1997 2906 2117 2971 ptus
2150 2904 2251 2951 est.

2071 3082 2200 3150 Ejus
2223 3087 2404 3134 autem
2439 3091 2625 3132 errore
2671 3073 2879 3144 decepti
2915 3070 3187 3141 discipuli.
3224 3069 3581 3125 desciverunt

2001 3190 2191 3231 omnes
2225 3190 2252 3226 a
2289 3170 2538 3235 veritate,
2582 3184 2753 3238 eaque
2800 3167 3023 3222 haeresis
3066 3166 3119 3218 in
3164 3164 3441 3234 provincia
3488 3163 3577 3215 illa

1999 3268 2244 3336 dispersa
2292 3273 2397 3328 est,
2432 3261 2496 3316 ad
2546 3275 2716 3330 usque
2765 3274 2967 3313 annum
3015 3258 3047 3311 5
3093 3254 3293 3310 Justini
3324 3253 3579 3317 Caesaris,

2000 3358 2216 3429 quando
2253 3355 2341 3411 ille
2369 3367 2660 3409 accersens
2694 3352 2844 3404 Isaac
2898 3348 3222 3404 catholicum
3261 3344 3581 3400 Constanti-

1999 3449 2260 3519 n0polim,
2312 3462 2435 3500 cum
2484 3444 2746 3513 subjectis
2793 3442 3085 3512 episcopis,
3116 3454 3208 3520 eos
3245 3439 3418 3493 univit
3447 3452 3582 3490 con-

1998 3543 2276 3599 litentibus
2309 3539 2445 3595 duas
2494 3546 2717 3591 naturas
2742 3535 2943 3590 Christi
2979 3548 3042 3586 ac
3067 3533 3159 3586 Dei
3189 3529 3378 3590 nostri,
3407 3528 3584 3581 deita—

1999 3635 2066 3689 tis
2113 3648 2179 3686 ac
2224 3628 2604 3694 humanitatis,
2658 3628 2708 3680 in
2765 3639 2870 3679 una
2922 3621 3224 3693 [typos-Iasi,
3274 3618 3579 3679 inconfnSe,

1996 3724 2271 3783 indivise:
2309 3720 2661 3789 quamobrem
2698 3717 2860 3769 etiam
2895 3714 3096 3781 scripta
3130 3710 3380 3765 cautione
3409 3708 3577 3775 jura—

1994 3824 2213 3881 verunt,
2248 3814 2362 3868 fore
2412 3821 2468 3865 ut
2520 3823 2793 3878 nunquam
2839 3803 3298 3861 contradicerent.
3337 3799 3574 3853 Rursum

1995 3914 2175 3958 autem
2217 3917 2338 3956 cum
2374 3908 2560 3953 essent
2604 3894 2827 3961 reversi,
2870 3893 2961 3962 qui
3009 3892 3064 3945 in
3098 3890 3348 3943 Armenia
3402 3888 3575 3942 relicti

1997 3995 2232 4061 fuerant,
2270 4007 2457 4047 eorum
2499 3990 2785 4043 adventum
2834 3985 3060 4039 moleSIc
3096 3984 3425 4043 habuerunt,
3455 3990 3577 4032 tan-

1993 4105 2153 4158 quam
2187 4102 2397 4150 eorum,
2429 4084 2519 4153 qui
2550 4083 2603 4136 in
2634 4078 2879 4136 eamdem
2916 4094 3035 4132 cum
3066 4074 3325 4129 Romanis
3354 4082 3574 4128 senten-

1993 4185 2122 4238 tiam
2160 4179 2561 4236 concessissent
2596 4192 2612 4229 :
2658 4175 3020 4241 deincepsque
3070 4169 3259 4223 turbas
3302 4181 3367 4220 ac
3419 4181 3566 4234 qna:-

1992 4276 2194 4331 sdones
2226 4270 2510 4326 movebant
2544 4284 2667 4324 cum
2719 4266 2897 4327 Isaae,
2944 4267 3022 4330 ac;
3054 4262 3121 4317 iis
3155 4260 3247 4328 qni
3297 4274 3419 4313 cum
3453 4259 3575 4327 ipso

2917 4376 2936 4409 ι
2992 4354 3104 4408 Nisi
3156 4351 3571 4413 convertamini,

1992 4461 2178 4527 eisque
2212 4456 2406 4511 dicatis
2437 4454 2744 4513 anathema,
2792 4465 2897 4504 non
2943 4448 3231 4515 recipimus
3261 4458 3358 4499 vos
3398 4442 3450 4495 in
3485 4442 3572 4495 lo-

1992 4566 2113 4604 cum
2141 4558 2409 4602 nostrum.
2439 4564 2458 4597 )
2487 4544 2561 4598 Illi
2592 4557 2790 4607 autem,
2820 4540 2988 4609 magis
3010 4539 3288 4591 hominum
3313 4534 3567 4605 gloriam,

1991 4655 2152 4708 quam
2211 4638 2305 4692 Dei
2358 4636 2666 4705 diligentes,
2725 4635 3013 4685 anathema
3072 4643 3259 4682 rursus
3312 4626 3414 4680 sibi
3466 4625 3570 4693 ipsi

1990 4729 2221 4796 primum
2283 4726 2577 4787 dixerunt,
2640 4738 2736 4777 ceu
2791 4720 2857 4774 iis
2918 4720 3009 4788 qui
3074 4716 3572 4773 communicassent

1989 4835 2109 4874 cum
2173 4817 2428 4872 Romanis
2484 4833 2498 4870 :
2553 4830 2615 4869 ac
2674 4814 2874 4868 inventi
2936 4820 3063 4865 sunt
3123 4808 3456 4864 insanabiles
3515 4807 3569 4860 in

1991 4911 2148 4964 mulis

2489 5064 2748 5119 Catholici
2787 5065 3074 5118 Armeniw.

1994 5184 2231 5239 Sanctus
2315 5182 2650 5253 Gregorius,
2740 5180 3055 5251 praeclarum
3131 5179 3261 5234 illud
3338 5179 3565 5247 lumen,

2058 5292 2187 5330 ann.
2238 5275 2327 5329 50.

1988 5366 2222 5422 Sanctus
2259 5364 2521 5418 Rostaces
2555 5363 2672 5433 ejus
2714 5363 2877 5431 ﬁlius,
2920 5380 3046 5419 ann.
3087 5363 3143 5419 2.

1985 5458 2273 5519 Bartanes,
2315 5471 2444 5509 ann.
2485 5455 2539 5510 5.

1985 5549 2281 5619 Gregorius
2321 5565 2451 5602 ann.
2494 5549 2585 5603 11.

1986 5640 2204 5698 Josech.
2244 5656 2371 5696 ann.
2415 5641 2469 5695 6.
