4088 6410
485 359 620 426 1255

481 479 793 536 Pharnasec
829 465 894 521 de
933 457 1212 534 provincia
1249 456 1650 526 Aspracorum.
1691 465 1819 504 ann.
1859 448 1914 501 4.

486 569 719 623 Sanctus
757 559 1044 618 Norseces,
1095 565 1223 604 ann.
1262 546 1352 601 54.
1393 545 1528 600 Ευιιι
1574 540 1777 596 occidit
1810 539 2061 594 Pharme.

485 657 624 711 Tum
646 655 717 708 ita
751 647 968 708 Josech,
1003 657 1129 698 ann.
1162 640 1214 695 5.

489 747 749 818 Zagenes,
795 755 922 794 ann.
964 737 1018 790 6.

561 813 989 907 Ᾰερουι-ειεθεθε,
1017 843 1144 881 ann.
1169 826 1225 879 7.
1246 822 1382 877 Tres
1412 819 1502 874 isti
1537 814 1834 888 provinciae
1858 813 2070 868 Acharc

491 905 654 986 erant
673 922 939 996 episcopi,
976 919 1192 974 nomine
1242 923 1450 969 tantmn
1498 908 1769 966 catholici.
1811 905 1926 959 Non
1973 920 2071 955 au-

495 995 954 1084 debantepiscopi
982 1006 1376 1063 ordinationen‘t
1407 1000 1604 1060 facere,
1625 999 1768 1066 quod
1789 995 1860 1050 oh
1885 1008 2070 1048 necem

493 1111 666 1178 sancti
711 1105 968 1160 Norsecis
995 1098 1402 1169 prohibuissent
1451 1088 1844 1158 archiepiscopi
1883 1084 2072 1140 (la-sa-

497 1219 646 1268 reae,
714 1197 1087 1256 ordinationes
1155 1189 1532 1260 episcoporum
1599 1181 1822 1253 majoris
1881 1179 2072 1234 Arme-

496 1297 622 1352 nite.

570 1386 764 1441 Postea
814 1389 992 1434 autem
1043 1383 1268 1433 sanctus
1319 1371 1468 1427 Isaac
1512 1367 1824 1424 facultatem
1869 1361 2079 1431 accepit

498 1476 787 1536 ordinandi
845 1473 1130 1542 episcopos
1181 1467 1235 1520 in
1293 1461 1573 1524 Armenia,
1628 1459 1906 1530 gessitqne
1966 1455 2080 1521 ipse

500 1572 870 1641 episcopatum
920 1577 1049 1616 ann.
1095 1558 1185 1614 ιο.
1234 1555 1364 1610 Post
1407 1567 1577 1608 annos
1624 1561 1804 1608 autem
1852 1547 2078 1615 aliquot,

503 1660 898 1719 calumniantes
944 1650 1186 1707 Armenii
1243 1661 1424 1717 regem
1481 1658 1637 1699 suum
1695 1643 1955 1702 Artaser.
2017 1651 2083 1690 ac

470 1761 478 1766 ’
503 1764 750 1810 sanetum
776 1748 948 1811 Isaac,
969 1743 1112 1814 apud
1131 1756 1309 1811 regem
1332 1739 1617 1792 Persarum
1643 1734 2079 1801 Bramsaporem,

502 1847 652 1900 velut
674 1845 727 1897 in
751 1841 890 1897 idem
915 1835 1317 1907 conspirantes,
1339 1831 1652 1902 dejecerunt
1681 1843 1804 1882 eum
1829 1840 1860 1880 e
1886 1826 2085 1878 throno

503 1938 643 2010 ejus.

577 2031 708 2086 Post
768 2039 898 2082 vero
955 2021 1224 2090 deiectum
1276 2018 1462 2085 Isaae,
1521 2014 1746 2086 jubente
1797 2010 2084 2066 Persarum

509 2136 679 2192 rege,
738 2133 803 2173 ac
856 2130 957 2172 suo
1022 2115 1260 2184 ipsorum
1314 2107 1582 2173 consilio,
1639 2105 1959 2160 Sormacum
2021 2100 2087 2154 de

509 2190 782 2278 Ar'tzace,
837 2207 1243 2264 constituerunt
1295 2190 1680 2265 Catholicum,
1738 2195 2089 2250 criminantes

510 2308 686 2364 Isaae.

584 2401 754 2454 l‘orro
792 2399 848 2451 in
899 2394 1144 2466 ejusdem
1192 2388 1332 2444 versi
1377 2387 1586 2452 odium,
1619 2383 1688 2440 de
1721 2383 1848 2438 sede
1883 2379 2093 2450 dejece—

513 2503 662 2558 runt,
696 2500 940 2562 petentes
987 2503 1016 2542 a
1066 2485 1355 2541 Persarum
1407 2495 1552 2549 rege,
1597 2489 1761 2548 atque
1806 2476 2089 2530 dicentes:

520 2604 540 2639 ι
585 2585 660 2640 Da
685 2583 842 2638 nobis
871 2583 936 2636 de
971 2580 1197 2649 regione
1226 2588 1337 2644 tua,
1367 2589 1465 2630 nec
1497 2571 1683 2641 praesit
1715 2569 1871 2624 nobis
1903 2567 2092 2621 Arme-

515 2695 617 2734 nus
654 2676 975 2732 catholicus.
1037 2691 1055 2723 ι
1115 2671 1379 2738 Deditque
1425 2683 1518 2722 rex
1569 2663 1847 2719 Persicum
1899 2660 2092 2730 Syrum

515 2769 810 2824 hominem.
847 2765 952 2820 Sed
981 2773 1036 2818 et
1074 2777 1199 2817 eum
1248 2768 1367 2829 post
1412 2771 1584 2810 annos
1624 2753 1832 2823 aliquot
1865 2751 2094 2805 invisum

517 2862 809 2922 habentes,
841 2863 1190 2911 amoverunt.
1223 2852 1384 2920 lsque
1413 2849 1610 2902 iterum
1642 2844 1914 2901 concessit
1944 2840 2097 2896 Mou-

521 2955 734 3010 soulion
790 2951 920 3004 item
991 2948 1230 3018 Syrum,
1287 2943 1379 3012 qui
1437 2941 1574 2996 duos
1637 2953 1807 2993 annos
1862 2935 2095 3001 sedens,

522 3045 578 3099 in
615 3042 784 3097 multa
818 3037 1107 3094 aﬂlictione
1139 3035 1281 3093 diem
1320 3032 1516 3088 clausit
1549 3038 1879 3086 extremum.

1545 332 1793 409 ISAACI
1833 327 2089 391 aruum

2197 325 2212 384 ί
2251 321 2549 385 CATHOL
2559 318 2659 380 [CI
3607 297 3743 363 1256

2097 447 2139 503 Δ
2179 442 2238 494 'U
2262 440 2541 510 Φαρνεσὲκ
2566 434 2674 489 ἀπὸ
2705 432 2812 486 τῶν
2837 428 3169 498 Ἀσπρὰκων
3193 422 3397 496 χώρας,
3418 418 3513 489 ἔτη
3537 417 3578 472 δ’
3584 456 3602 473 .

2179 535 2238 587 Ὀ
2266 533 2423 600 ἅγιος
2448 528 2758 600 Νορσέσης,
2801 525 2896 593 ἔτη
2932 523 3026 576 λδ’.
3060 522 3157 573 "Ov
3195 516 3489 573 ἀπέκτεινε
3521 511 3742 583 Φάρμη.

2169 623 2282 682 Εἶθ’
2312 624 2495 686 οὕτως
2536 619 2772 691 Ἰουσὴκ,
2809 617 2904 688 ἔτη
2927 615 2996 685 γ’.

2182 721 2241 774 Ὀ
2274 720 2536 786 Ζαγένης,
2571 715 2666 782 ἔτη
2703 715 2766 766 δ’.

2256 814 2314 864 '0
2348 805 2827 877 Ἀσπουρακέσης,
2884 802 2978 871 ἔτη
3033 793 3291 863 ξὀυῦτοι
3347 797 3402 851 οἶ
3460 799 3609 865 τρεῖς
3656 794 3755 864 τῆς

2184 905 2392 975 Ἀχάρκ
2418 904 2602 972 χώρας
2629 898 2924 952 ἐπίσκοποι
2946 890 3110 964 ἦσαν,
3145 893 3317 960 ὄνομα
3343 891 3506 961 μόνον
3533 890 3757 960 ἔχοντες

2173 996 2484 1052 καθολικόν.
2551 991 2872 1045 Ἐπίσκοποι
2926 985 3262 1056 χειροτονεῖν
3321 983 3422 1036 ούκ
3482 982 3753 1050 ἐτόλμων,

2176 1089 2366 1157 ἐπειδὴ
2393 1086 2484 1140 διὰ
2523 1084 2616 1136 τὸν
2653 1083 2887 1136 θάνατον
2920 1077 3015 1131 τοῦ
3049 1076 3208 1144 ἁγίου
3239 1074 3516 1143 Νορσέση,
3547 1071 3759 1126 ἐκωλύσι

2179 1181 2352 1251 θησαν
2378 1179 2529 1245 παρὰ
2563 1173 2657 1230 τοῦ
2695 1169 3135 1242 ἀρχιεπισκόπου
3166 1164 3507 1236 Καισαρείας
3549 1165 3604 1216 αί
3638 1181 3762 1234 χει-

2182 1270 2418 1342 ροτονίαι
2441 1268 2549 1320 τῶν
2575 1264 2891 1318 ἐπισκόπων
2912 1262 3012 1329 τῆς
3046 1257 3290 1329 μεγάλης
3333 1255 3647 1327 Ἀρμενίας.

2251 1359 2384 1414 Εἶτα
2425 1362 2451 1412 6
2492 1361 2650 1428 ἆγιος
2693 1355 2882 1410 Ἰσαὰκ
2912 1351 3105 1406 ἔλαϐεν
3147 1350 3401 1417 ἐξουσίαν
3428 1349 3763 1418 χειροτονεῖν

2179 1456 2260 1517 είς
2298 1453 2592 1523 Ἀρμενίαν
2624 1447 2982 1508 ἐπισκόπους,
3017 1443 3076 1508 ὃς
3107 1443 3203 1496 καὶ
3240 1442 3632 1509 ἐπεσκόπησεν
3663 1440 3763 1506 ἐτη

2188 1545 2260 1616 μ’.
2286 1544 2441 1599 Μετὰ
2472 1543 2529 1595 δέ
2560 1541 2787 1610 χρόνους
2825 1539 2978 1600 τινὰς
3002 1533 3385 1596 διαϐάλλοντες
3419 1532 3497 1600 τῷ
3535 1532 3764 1602 Περσῶν

2187 1635 2419 1707 βασιλεῖ,
2447 1632 2524 1702 τῷ
2547 1631 2706 1700 Βρὰμ
2727 1627 2914 1693 Σαπῶ,
2939 1627 3031 1679 τὸν
3057 1625 3188 1678 ἴδιον
3207 1623 3434 1694 βασιλέα
3457 1621 3762 1692 Ἀρτασὴρ,

2187 1728 2285 1782 καὶ
2329 1727 2422 1778 τὸν
2472 1724 2629 1792 ἆγιον
2671 1720 2880 1784 Ἰσαὰκ,
2919 1717 2995 1782 ώς
3048 1717 3540 1788 ὁμοφρονήσαντας
3588 1714 3645 1765 ἐν
3696 1719 3765 1781 τῇ

2193 1820 2357 1893 βουλῇ
2388 1818 2587 1883 αὐτῶν,
2626 1813 2926 1868 κατέσαλον
2958 1811 3121 1866 αὑτὸν
3153 1809 3261 1863 ἀπὸ
3299 1808 3396 1861 τοῦ
3445 1807 3636 1876 θρόνου
3669 1805 3772 1858 αύ-

2191 1930 2311 1968 του.

2266 2003 2377 2056 Καὶ
2413 1999 2552 2071 μετὰ
2585 1997 2684 2070 τὴν
2719 1997 2996 2050 ἔκπτωσιν
3031 1992 3124 2048 τοῦ
3167 1992 3379 2056 Ἰσαὰκ,
3419 1992 3509 2044 τὸν
3553 1990 3774 2060 Σορμάν

2197 2097 2305 2151 ἀπὸ
2343 2094 2438 2149 τοῦ
2474 2093 2766 2162 Ἀρτζακὲ,
2815 2093 2881 2161 τῇ
2927 2086 3222 2158 προστάξει
3267 2085 3362 2139 τοῦ
3402 2085 3511 2138 τῶν
3547 2084 3774 2153 Περσῶν

2199 2189 2481 2262 βασιλέως,
2511 2186 2606 2241 καὶ
2639 2189 2703 2255 τῇ
2741 2183 2851 2254 ἰδίᾳ
2881 2181 3064 2236 αὐτῶν
3095 2180 3282 2252 βουλῇ,
3315 2178 3582 2232 ἐκάθισαν
3610 2176 3776 2229 αὐτίν

2202 2277 2529 2345 Καθολικδν,
2554 2275 2939 2338 διασὰλλοντες
2976 2272 3070 2326 τὸν
3114 2271 3317 2324 Ἰσαάκ.

2270 2375 2618 2442 Μισήσαντες
2649 2370 2705 2422 δὲ
2747 2368 2931 2432 αὑτὸν,
2964 2363 3269 2419 κατέϐαλον
3303 2361 3413 2416 ἀπὸ
3451 2357 3546 2413 τοῦ
3581 2357 3776 2430 θρόνου

2199 2462 2405 2528 αὑτοῦ,
2454 2460 2594 2535 [καὶ]
2636 2463 2962 2530 αἰτήσαντες
2998 2456 3076 2526 τῷ
3114 2455 3223 2509 τῶν
3263 2451 3487 2524 Περσῶν
3540 2449 3777 2520 βασιλεῖ,

2200 2557 2480 2627 λέγοντες·
2521 2574 2539 2606 ι
2591 2554 2687 2616 Δὸς
2723 2555 2854 2623 ἡμῖν
2903 2553 2968 2606 ἐκ
3009 2550 3111 2620 τῆς
3165 2547 3349 2618 χώρας
3404 2562 3520 2606 σου,
3571 2542 3781 2612 καὶμὴ

2203 2651 2342 2703 ἔστω
2369 2649 2502 2718 ἡμῖν
2554 2647 2841 2716 Ἀρμένιος
2863 2661 2876 2672 ·
2917 2662 2935 2695 ι
2968 2642 3066 2696 καὶ
3111 2641 3312 2694 ἔδωκεν
3344 2639 3528 2701 αὐτοῖς
3557 2639 3586 2690 ὁ
3623 2636 3782 2707 βασια

2202 2744 2328 2806 λείλς
2367 2743 2457 2795 τὸν
2509 2738 2781 2809 Περσικὸν
2815 2737 2908 2789 τὸν
2947 2735 3148 2806 Σύρον
3186 2734 3282 2787 καὶ
3331 2732 3472 2802 μετὰ
3514 2731 3642 2799 τρία
3685 2728 3781 2799 ἐτη

2207 2834 2540 2905 μισήσαντες
2589 2827 2684 2880 καὶ
2739 2826 2940 2893 αὑτὸν,
2986 2821 3310 2878 κατέϐαλον.
3365 2821 3534 2874 Πάλιν
3580 2818 3783 2870 ἔδωκεν

2205 2926 2392 2986 αὐτοῖς
2429 2922 2521 2974 τὸν
2573 2919 2912 2974 Μουσούλιον
2959 2917 3051 2970 τὸν
3105 2915 3299 2986 Σύρον.
3359 2914 3628 2974 Κάκεῖνος
3687 2910 3783 2962 δύο

2205 3017 2434 3088 χρόνους
2476 3011 2731 3074 καθίσας,
2788 3011 2847 3062 ὲν
2895 3007 3067 3080 πολλῇ
3121 3005 3300 3076 θλίψει
3364 3004 3629 3059 κατέλυσε
3687 3002 3782 3056 τὸν

2126 3137 2173 3199 C
2208 3109 2366 3178 βίον.⁴

597 3210 847 3268 Cessavit
889 3224 1020 3276 ergo
1051 3205 1292 3264 Orientis
1318 3203 1592 3260 ordinatio
1639 3200 1961 3270 prohibente
1987 3196 2089 3252 Casa

2287 3200 2354 3253 'H
2398 3195 2493 3250 οὖν
2526 3192 2831 3266 χειροτονία
2860 3191 2960 3261 τῆς
2993 3188 3283 3260 Ἀνατολῆς
3303 3184 3555 3254 ἐκωλύθη
3592 3184 3654 3236 ἐκ
3685 3184 3787 3252 τῆς

525 3316 706 3366 sarea,
735 3308 954 3368 propter
987 3295 1140 3351 lsaae
1165 3294 1294 3349 sede
1321 3301 1583 3347 amotum.
1617 3290 1748 3345 Post
1773 3289 1887 3342 haec
1924 3297 2089 3340 autent

2204 3293 2567 3364 Καισαρείας,
2599 3291 2688 3344 διὰ
2715 3289 2814 3359 τὴν
2839 3287 3118 3340 ἔκπτωσιν
3140 3285 3233 3338 τοῦ
3265 3284 3470 3337 Ἰσαάκ.
3504 3282 3616 3334 Καὶ
3650 3279 3790 3348 μετὰ

527 3397 792 3447 abeuntes
817 3389 975 3442 Azati
1020 3385 1424 3449 Armeniorum,
1459 3381 1817 3438 obsecrabant
1857 3389 2089 3435 sancturr

2204 3387 2378 3442 ταῦτα
2406 3383 2774 3454 ἀπερχόμενοι
2806 3380 2854 3432 οἱ
2888 3375 3107 3441 Ἀζάτοι
3136 3374 3246 3428 τῶν
3273 3372 3600 3443 Ἀρμενίων,
3635 3387 3784 3440 παρ-

529 3484 705 3547 Isaac,
752 3491 810 3535 ut
858 3495 925 3535 ne
972 3477 1309 3534 meminisset
1355 3490 1542 3530 eorum
1591 3474 1958 3542 iniquitatum,
2009 3472 2104 3526 sed

532 3581 899 3630 reverteretur
945 3571 1014 3625 ad
1061 3571 1317 3623 thronum
1363 3582 1542 3622 suum.
1579 3563 1781 3620 Verum
1815 3564 1903 3618 ille
1934 3563 2105 3618 baud-

529 3680 805 3737 quaquam
834 3678 1041 3718 morem
1069 3661 1262 3733 gessit.

606 3757 759 3813 Unde
806 3754 1022 3810 tandem
1068 3753 1332 3820 narravit,
1370 3766 1532 3822 quam
1585 3749 1654 3805 de
1689 3763 1876 3804 eorum
1929 3750 2106 3810 ruina,

531 3848 674 3903 facta
700 3848 811 3916 jam
849 3861 914 3900 ac
943 3845 1143 3910 lutura,
1173 3844 1434 3900 visionem
1464 3843 1705 3899 vidisset.
1746 3841 1900 3897 Dedit
1931 3851 2108 3894 autem

535 3945 655 3999 loco
673 3944 754 3998 sui
783 3943 998 3997 beatum
1029 3937 1374 4002 Mastintzen,
1394 3937 1674 3991 custodem
1702 3934 1873 4005 ipsius
1907 3931 2107 3986 throni.

2207 3481 2439 3536 εκάλουν
2505 3475 2595 3529 τὸν
2671 3475 2818 3526 ὅσιον
2877 3471 3085 3534 Ἰσαὰκ,
3145 3467 3221 3538 μὴ
3275 3465 3635 3537 μνημονεύειν
3680 3465 3791 3516 τῶν

2209 3571 2489 3643 πονηριῶν
2522 3567 2725 3631 αὐτῶν,
2752 3565 2846 3617 καὶ
2879 3561 3249 3632 ὑποστρέφειν
3274 3561 3355 3623 είς
3387 3556 3576 3630 θρόνον
3601 3555 3790 3609 αὐτοῦ.

2219 3667 2278 3719 '0
2307 3666 2389 3729 δέ,
2419 3663 2518 3716 οὐκ
2547 3660 2870 3730 είσήκουσεν
2896 3653 3099 3708 αὐτῶν.

2282 3756 2446 3810 Ὅθεν
2487 3752 2674 3806 λοιπὸν
2716 3749 3024 3820 διηγήσατο
3067 3747 3252 3808 αὐτοῖς
3284 3742 3384 3814 τὴν
3417 3741 3684 3795 ὀπτασίαν
3724 3741 3795 3812 ἢν

2213 3850 2427 3920 ἑώρακε
2457 3847 2587 3916 περὶ
2611 3845 2712 3914 τῆς
2741 3840 3072 3903 ἐκπτώσεως
3093 3840 3294 3905 αὐτῶν,
3329 3839 3432 3909 τῆς
3467 3838 3736 3909 γενομένη
3777 3877 3794 3901 ,

2214 3942 2310 3996 καὶ
2343 3941 2440 4008 τῆς
2465 3937 2758 4005 ἐσομένης.
2785 3934 2996 3987 Δέδωκε
3023 3931 3080 3985 δὲ
3109 3933 3294 3996 αὐτοῖς
3323 3932 3444 3986 ἀνθ’
3477 3929 3670 3986 ἑαυτοῦ
3701 3936 3797 3983 τῖν

538 4035 807 4092 Defuncto
839 4046 1022 4089 autem
1062 4030 1211 4087 Isaac
1241 4045 1303 4084 ac
1337 4028 1645 4094 Mastintze,
1697 4034 2006 4083 statuerunt
2054 4025 2110 4080 in
2142 4080 2148 4084 .

535 4125 860 4182 sacerdotali
909 4125 1105 4178 throno
1154 4120 1426 4185 Gitonem,
1468 4118 1756 4173 oriundum
1788 4117 1984 4186 oppido
2012 4115 2082 4170 At

2215 4125 2327 4179 Καὶ
2363 4122 2500 4194 μετὰ
2527 4121 2626 4192 τὴν
2655 4121 2910 4192 τελευτὴν
2932 4121 3024 4175 τοῦ
3059 4120 3266 4187 Ἰσαὰκ,
3289 4119 3386 4173 καὶ
3415 4116 3510 4171 τοῦ
3531 4116 3796 4186 Μαστήνο

539 4233 711 4281 mesu,
765 4218 1013 4283 seditque
1058 4229 1188 4267 ann.
1248 4211 1338 4265 Π.
1389 4208 1467 4263 Eo
1519 4208 1773 4278 pontiﬁce
1815 4208 1977 4279 jussit
2017 4221 2114 4262 rex
2214 4217 2337 4286 τζη,
2397 4215 2658 4269 ἐκάθισαν
2686 4215 2781 4268 ἐπὶ
2810 4214 2904 4268 τοῦ
2933 4213 3126 4285 θρόνου
3162 4210 3440 4284 εερατικοῦ
3476 4212 3568 4263 τδν
3610 4209 3796 4271 mm.

539 4306 827 4362 Persarum
871 4311 930 4358 ut
967 4304 1019 4356 in
1071 4301 1328 4354 Armenia
1377 4297 1687 4352 Catholicos
1724 4313 1789 4353 ac
1830 4302 2089 4368 episeopo

2217 4314 2306 4365 τὸν
2342 4311 2470 4365 ὄντα
2499 4309 2606 4362 ἀπὸ
2635 4309 2733 4379 τῆς
2757 4305 2950 4378 κώμης
2989 4305 3286 4386 Ἀτμησοῦ,
3316 4303 3414 4372 ἐτη
3449 4299 3534 4365 ιζ’.
3557 4300 3647 4352 Ἐν
3678 4301 3800 4360 ταῖς

540 4399 882 4461 ordinatam:
917 4407 1087 4466 usque
1118 4394 1171 4447 in
1201 4402 1522 4464 Ρηθδθηιθω
1559 4390 1724 4444 (nam
2219 4404 2458 4475 ἡμέραις
2480 4402 2537 4456 δὲ
2569 4401 2760 4455 τούτου
2791 4398 3211 4470 προετάχθησαν
3237 4394 3388 4466 παρὰ
3415 4393 3509 4447 τοῦ
3535 4390 3802 4463 βασιλέως

2147 4488 2190 4544 D
2219 4496 2330 4548 τῶν
2391 4494 2637 4564 Περσῶν,
2684 4494 3012 4564 χειροτονεῖν
3052 4493 3131 4554 εἰς
3166 4491 3268 4561 τὴν
3333 4487 3628 4559 Ἀρμενίαν
3665 4484 3801 4538 καθ·

2217 4032 2490 4104 μακάριον
2533 4029 2924 4099 Μαστήντζην,
2985 4028 3204 4098 φύλακα
3248 4024 3342 4079 τοῦ
3377 4025 3571 4097 θρόνου
3605 4021 3795 4079 αὑτοῦ.

541 4676 623 4732 Ad
655 4676 767 4731 haec
796 4672 1034 4728 Joannes
1057 4670 1420 4735 Martacunes,
1454 4683 1581 4722 ann.
1607 4666 1660 4722 6.

541 4768 912 4838 Apovipccnes
941 4763 1009 4819 de
1039 4763 1237 4832 oppido
1268 4759 1486 4829 Komes,
1519 4775 1644 4815 ann.
1683 4759 1732 4814 5.

547 4857 765 4913 Samuel
798 4858 864 4912 de
890 4857 1089 4926 Oppido
1114 4855 1329 4920 Artase,
1356 4867 1483 4908 ann.
1517 4853 1607 4906 12.

549 4949 783 5004 Museles
812 4948 880 5002 de
907 4947 1109 5017 oppido
1133 4946 1388 5015 Arperes,
1422 4959 1550 5008 ann,
1576 4944 1668 4998 50.

2231 4585 2449 4648 ολικοὺς
2481 4585 2576 4638 καὶ
2603 4583 2935 4644 ἐπισκόπους
2962 4583 3123 4653 μέχρι
3150 4582 3249 4652 τῆς
3285 4581 3548 4650 σήμερον.

2226 4675 2361 4733 Εἶτα
2407 4678 2670 4748 Ἰωάννης
2701 4678 2729 4729 ὁ
2759 4676 3184 4746 Μαρτακουνῆς,
3218 4673 3314 4743 ἔτη
3350 4679 3426 4736 ς’.

2237 4773 2645 4840 Ἀπουῖπκὲνης
2673 4770 2701 4821 ὁ
2741 4769 2849 4822 ἀπὸ
2881 4769 2980 4838 τῆς
3011 4767 3189 4821 Μισοῦ
3231 4767 3329 4836 τῆς
3371 4763 3563 4834 κώμης
3603 4763 3698 4832 ἔτη
3738 4767 3808 4818 ε’.

2232 4867 2294 4919 '0
2313 4863 2570 4935 Σαμουὴλ
2593 4866 2621 4917 ό
2648 4863 2754 4916 ἀπὸ
2789 4861 3055 4933 Ἀρτασαὶ
3091 4860 3192 4929 τῆς
3226 4859 3442 4929 κώμης,
3477 4859 3573 4928 ἐτη
3603 4856 3690 4925 ιβ’.

2237 4957 2297 5011 '0
2335 4955 2624 5026 Μουσέλης
2655 4955 2685 5007 ὁ
2711 4954 2822 5006 ἀπὸ
2858 4953 2959 5024 τῆς
2995 4953 3192 5023 κώμης
3233 4953 3548 5022 Ἀρπηρείς,
3593 4950 3687 5018 ἐτη
3729 4945 3800 5003 ν’.

549 5040 700 5098 Isaac
732 5044 797 5095 de
831 5043 1034 5103 Arcan,
1063 5054 1193 5093 ann.
1226 5038 1280 5093 7.

551 5135 979 5204 ChristOphorus
1011 5132 1080 5187 de
1109 5131 1421 5199 Cubaritze,
1455 5147 1584 5188 ann.
1611 5131 1664 5188 6.

553 5225 809 5280 Leontius
846 5223 913 5278 de
947 5224 1098 5285 Aret,
1132 5237 1258 5278 ann.
1298 5223 1352 5278 ὅ.

2237 5049 2298 5103 'U
2346 5048 2532 5101 Ἰσαὰκ
2565 5047 2675 5101 ἀπὸ
2711 5046 2804 5100 τοῦ
2847 5047 3071 5118 Ἀρκὰν,
3107 5045 3201 5116 ἔτη
3239 5043 3307 5110 ζ’.

2238 5142 2298 5194 ‘0
2335 5141 2713 5209 Χριστοφόρος
2751 5143 2779 5193 6
2813 5139 2922 5192 ἀπὸ
2951 5138 3046 5191 τοῦ
3089 5134 3469 5208 Κουϐαρίτζη,
3496 5135 3589 5202 ἔτη
3618 5133 3695 5199 ς’.

2244 5229 2303 5283 '0
2336 5231 2588 5294 Λεόντιος
2614 5231 2722 5284 ἀπὸ
2762 5229 2857 5284 τοῦ
2894 5228 3075 5300 Ἀ’ρὲν,
3118 5228 3212 5299 ἐτη
3244 5227 3314 5296 γ’.

555 5318 816 5373 Norseses
845 5315 909 5371 de
943 5314 1205 5385 Asparac,
1241 5331 1370 5371 ann.
1401 5317 1457 5372 9.

2241 5323 2301 5376 Ὀ
2331 5323 2616 5395 Νορσέσης
2647 5323 2754 5377 ἀπὸ
2784 5324 2877 5377 τοῦ
2915 5323 3218 5395 Ἀσπαρὰξ,
3249 5325 3346 5395 ἔτη
3387 5325 3452 5378 θ’.

625 5407 753 5478 Ejus
776 5418 1017 5479 tempore
1047 5407 1317 5464 celebrata
1341 5419 1426 5466 est
1455 5414 1697 5483 synodus
1722 5414 1775 5468 in
1798 5415 1930 5468 urbe
1959 5413 2089 5469 Tibe

2315 5416 2403 5471 Ἑν
2429 5419 2552 5481 ταῖς
2576 5419 2814 5488 ἡμέραις
2838 5417 3008 5470 αὑτοῦ
3040 5419 3262 5486 ἐγένετο
3292 5420 3322 5490 ἡ
3357 5417 3574 5480 σύνοδος
3595 5418 3678 5481 είς
3706 5419 3811 5470 πό-

554 5501 624 5556 ab
646 5503 850 5572 Aptyso
884 5499 1022 5572 Syro
1046 5499 1315 5557 Jacobita.
1349 5499 1591 5558 Tametsi
1633 5514 1835 5570 autem,
1887 5520 1915 5558 a
1954 5521 2086 5562 sane

2232 5513 2318 5567 λιν
2341 5511 2534 5582 Τιϐὴν,
2555 5511 2664 5565 ἀπὸ
2690 5511 2788 5564 τοῦ
2813 5510 3061 5564 Ἀπτισῶ
3091 5510 3268 5582 Σύρον
3295 5511 3630 5564 Ἰακωσίτου.
3666 5511 3817 5564 Μένο

554 5591 804 5663 Gregorii
851 5607 915 5648 ac
946 5592 1182 5647 aliorum
1219 5592 1441 5648 Patrum
1487 5595 1865 5652 traditionibus
1904 5598 2089 5652 detlexr

2235 5622 2318 5659 τοι
2344 5622 2407 5674 γε
2439 5606 2488 5658 εί
2526 5604 2620 5657 καὶ
2658 5603 2757 5666 τὰς
2785 5605 3116 5674 παραδόσεις
3145 5604 3239 5657 τοῦ
3289 5603 3448 5672 ἁγίου
3484 5603 3791 5674 Γρηγορίου

559 5694 703 5791 ralntl,
758 5684 889 5738 nihil
942 5685 1235 5754 quidquam
1293 5695 1472 5742 tamen
1521 5685 1591 5742 de
1653 5644 1876 5742 ﬁde—ac
1906 5644 2089 5759 “svi-uitii

2245 5644 2318 5659 ..η
2356 5644 2407 5674 ,ν
2439 5644 2488 5658 ...
2528 5644 2620 5657 ...η
2669 5644 2754 5666 ...,
2791 5644 3112 5674 ..-μηκας
3156 5644 3238 5657 .....
3289 5644 3447 5672 ...μη
3484 5644 3817 5674 “ww”--.

2237 5697 2332 5751 xui.
2368 5696 2480 5750 τῶν
2516 5695 2691 5750 ἄλλων
2727 5695 2982 5767 πατέρων
3032 5695 3311 5763 ἐξέκλιναν
3334 5712 3348 5726 ο
3381 5696 3496 5748 ἀλλ’
3549 5694 3642 5748 οὖν
3679 5695 3817 5764 περὶ

560 5774 1011 5848 Chalcedonensi,
1061 5778 1372 5850 duplicique
1428 5780 1482 5836 in
1530 5777 1748 5841 Christo
1796 5783 1903 5841 Deo
1949 5795 2089 5842 IIOSll

2238 5788 2339 5858 τὴν
2382 5788 2588 5857 πίστιν,
2621 5789 2717 5843 καὶ
2750 5787 2849 5860 τὴν
2885 5786 3106 5843 σύνοδον
3141 5786 3241 5859 τὴν
3269 5789 3327 5842 ἐν
3354 5786 3684 5858 Χαλκηδόνι,
3716 5787 3818 5860 καὶ.
