4088 6444
351 386 485 448 1257

1576 385 1676 447 DE
1718 387 1973 449 REBUS
2014 389 2055 447 Α
2070 386 2411 449 ΠΜΕΝΙᾺΕ.

3486 390 3622 455 1258

343 498 476 567 περὶ
505 498 604 561 τὰς
625 497 719 551 δύο
746 497 939 568 φύσεις
983 499 1080 562 τὰς
1122 502 1179 555 ἐν
1214 499 1437 571 Χριστῷ
1463 501 1541 573 τῷ
1582 502 1702 574 Θεῷ
1742 504 1922 574 ἡμῶν,

2034 514 2229 558 natura
2261 504 2664 567 dubitaverant,
2699 503 2762 556 ad
2793 518 2961 574 usque
3001 518 3199 560 annum
3239 506 3364 572 105,
3411 523 3438 561 a
3486 510 3625 564 cele-

340 591 604 661 οὐδεμίαν
655 591 988 661 ἀμφιϐολίαν
1027 587 1197 661 εἶχον,
1247 592 1353 654 ἓως
1382 595 1521 647 ἐτῶν
1553 592 1657 664 py’,
1691 595 1801 646 ἀπὸ
1831 595 1931 663 τῆς

343 684 565 737 συνόδου
596 685 698 755 τῆς
743 687 801 738 ἐν
832 685 1163 754 Χαλκηδόνι,
1198 684 1305 748 ἕως
1331 687 1430 757 τῆς
1476 686 1701 741 συνόδου
1731 686 1927 757 Τιὸήν.

342 780 455 832 Καὶ
476 778 664 830 λοιπὸν
695 776 756 842 ἐξ
785 777 999 831 ἐκείνου
1026 778 1351 849 ἀπέστησαν
1376 779 1487 832 ἀπὸ
1511 779 1610 847 τῆς
1641 780 1931 847 κοινωνίας

340 870 453 925 τῶν
498 870 788 941 Ῥωμαίων
822 872 917 923 καὶ
958 870 1059 943 τὴν
1099 870 1468 943 Ἰερουσαλὴμ
1502 871 1928 942 ἀνεθεμάτισαν,

345 965 439 1018 καὶ
488 965 588 1036 τὴν
637 965 860 1019 σύνοδον
907 965 1281 1036 Χαλκηδόνος,
1316 966 1753 1037 ὁμολογήσαντες
1801 967 1933 1036 μίαν

344 1056 508 1128 φύσιν
550 1056 645 1109 τοῦ
689 1056 953 1127 Χριστοῦ,
993 1058 1094 1127 τῆς
1144 1059 1405 1127 θεότητος
1450 1058 1674 1127 καὶτῆς
1716 1059 1931 1129 ἀνθρω-

344 1151 614 1222 πότητος⁶
656 1151 993 1222 προσέθεντο
1018 1153 1100 1215 τὸ,
1145 1154 1177 1205 ό
1222 1153 1611 1219 σταυρωθεὶς,
1648 1152 1724 1214 εἰς
1761 1155 1929 1219 Τρισ-

340 1244 518 1313 (il-tor
560 1243 750 1314 ὕμνον,
786 1244 924 1314 πρὸς
953 1245 1149 1313 Ἄγιος
1173 1248 1204 1298 ὀ
1236 1246 1399 1310 Θεός.
1442 1246 1597 1297 Μετὰ
1636 1247 1801 1313 ὅρκου
1838 1246 1932 1298 καὶ

340 1336 938 1406 ἀναθεματισμοῦ,καὶ
979 1336 1121 1405 μετὰ
1180 1337 1427 1406 ἀλλήλων
1457 1337 1753 1407 3537951390);
1805 1337 1931 1390 ἰδιο-

343 1429 502 1498 χερσὶ
548 1427 811 1493 διέθεντο,
848 1428 924 1497 μὴ
952 1427 1284 1498 χωρίζεσθαι
1319 1429 1422 1498 τῆς
1457 1430 1715 1498 τοιαύτης
1735 1431 1929 1498 ὁμολο-

341 1523 467 1588 γίας
501 1521 584 1583 εἰς
606 1522 699 1573 τὸν
730 1519 925 1573 αἰῶνα.
952 1521 1056 1573 Τὸν
1087 1521 1143 1573 δὲ
1181 1522 1431 1592 Εὑτυχὲα
1456 1521 1545 1573 τὸν
1580 1523 1928 1591 Ὶακωϐῐτην,

340 1617 437 1669 καὶ
469 1614 513 1685 β’
543 1615 737 1679 ἄλλους
774 1616 1030 1685 ἑταίρους
1082 1614 1275 1679 αὐτοῦ,
1326 1619 1354 1668 ό
1386 1616 1484 1684 μὲν
1532 1610 1611 1678 εἷς
1649 1616 1930 1669 Ἰουλιανί-

338 1726 463 1775 της,
492 1710 519 1762 ό
538 1708 595 1760 δὲ
624 1708 835 1779 ἕτερος,
859 1707 1029 1778 ἄλλης
1065 1708 1331 1777 αἱρέσεως
1360 1708 1667 1777 τυγχάνων,
1700 1708 1929 1759 ἐπισκό-

342 1816 477 1862 πους
517 1799 1025 1870 χειροτονήσαντες,
1065 1799 1148 1860 εἰς
1177 1798 1632 1869 Μεσωποταμίαν
1674 1800 1931 1851 ἀπέστει-

343 1892 462 1947 λαν.
838 1958 842 1963 λ

344 1984 502 2040 Μετὰ
553 1984 715 2038 τοῦτο
742 1986 771 2038 6
806 1982 1089 2053 Εὐανέσης
1116 1987 1143 2037 ὁ
1182 1985 1290 2037 ἀπὸ
1322 1985 1676 2055 Καπεληνῆς,
1701 1983 1795 2054 ἔτη
1827 1982 1917 2048 ιζ’.

352 2079 413 2131 Ὀ
444 2078 691 2149 Μωῦσῆς
725 2078 832 2132 ἀπὸ
859 2081 956 2132 τοῦ
994 2078 1302 2149 Ἐλιὸἀρετ,
1351 2078 1448 2148 ἐτη
1475 2077 1540 2131 λ’.

354 2173 414 2226 '0
452 2171 705 2242 Ἀϐραὰμ
736 2172 846 2226 ἀπὸ
875 2172 1277 2243 Ἀραστουνῆς,
1311 2173 1405 2242 ἔτη
1435 2168 1540 2237 κγ’.

352 2267 411 2319 '0
453 2266 704 2337 Ἰωάννης
733 2266 838 2320 ἀπὸ
871 2265 968 2319 τοῦ
997 2267 1283 2336 Πακρανᾶ,
1318 2266 1413 2335 ἔτη
1448 2271 1567 2329 κς’.

344 2359 625 2430 Κωμητὰς
652 2361 678 2411 6
699 2361 793 2412 καὶ
816 2362 916 2430 τῆς
941 2355 1710 2430 κώμηςἘλτζησαρακιτζοῦ,
1737 2356 1832 2428 ἔτη
1859 2363 1928 2427 η’.

349 2456 412 2508 Ὀ
446 2453 819 2524 Χριστοφόρος
846 2455 874 2506 ό
903 2452 1271 2524 Ἀϐραμξτης,
1300 2452 1395 2522 ἐτη
1430 2449 1499 2520 γ’.

352 2549 414 2601 ὐ
449 2548 688 2617 Ἔσδρας
716 2549 743 2599 6
765 2545 872 2598 ἀπὸ
899 2545 995 2598 τοῦ
1022 2545 1193 2608 Νικᾶ,
1228 2543 1323 2613 ἔτη
1360 2551 1412 2598 ι’.

351 2640 412 2693 Ὀ
436 2640 722 2711 Νορσέσης
747 2641 774 2692 6
806 2638 916 2695 ἀπὸ
950 2637 1046 2691 τοῦ
1084 2636 1283 2708 Ἰσχνόἰ,
1313 2636 1409 2707 ἔτη
1445 2644 1514 2691 κ’.

352 2735 414 2786 '0
443 2734 795 2797 Ἀναστὰσιος
818 2735 845 2786 6
870 2733 978 2788 ἀπὸ
1007 2732 1102 2786 τοῦ
1128 2734 1305 2803 Κορᾶ,
1339 2732 1434 2803 ἔτη
1462 2737 1535 2797 ς’.

350 2828 413 2881 '0
441 2827 665 2899 Ἰσραὴλ
694 2829 721 2881 6
750 2827 862 2881 ἀπὸ
886 2826 1113 2897 Τμησοῦ
1150 2825 1253 2895 τῆς
1279 2824 1500 2897 κώμης,
1527 2824 1624 2896 ἔτη
1657 2832 1709 2879 ι’.

354 2924 412 2975 Ὀ
445 2922 634 2975 Ἰσαὰκ
664 2920 774 2975 ἀπὸ
804 2919 899 2973 τοῦ
930 2918 1375 2990 Βαζακαστρέου.

343 3013 596 3078 Βασιλεῖς
626 3014 957 3085 Ἀρμενίων,
992 3013 1103 3066 ἀπὸ
1132 3010 1226 3067 τοῦ
1256 3008 1551 3083 ΒαΜρέως
1583 3009 1690 3075 ἕως
1713 3010 1925 3083 Τασὴρ,

412 3110 506 3159 καὶ
537 3106 677 3177 μετὰ
705 3109 833 3171 τοὺς
870 3107 1169 3178 ἡγεμόνας.

344 3200 644 3271 Κοινουνὴς
675 3202 701 3253 6
734 3201 965 3271 Ιιρίτης,
990 3199 1086 3270 ἔτη
1108 3198 1171 3253 δ’.

350 3294 412 3344 '0
437 3294 603 3346 Δαϐὶδ
630 3294 658 3345 6
680 3292 961 3363 Σαρωνῆς,
993 3293 1088 3361 ἐτη
1117 3289 1186 3358 γ’.

341 3384 654 3454 Τοτρούσης
681 3386 709 3436 ὁ
745 3384 1101 3453 Ῥουστανῆς.
1139 3382 1234 3452 ἔτη
1265 3388 1314 3437 ι’.

353 3478 412 3530 't)
447 3477 776 3550 Ἀμαζὰπης
816 3479 845 3531 ὁ
881 3478 1332 3549 Κουροπάλατος,
1375 3477 1470 3548 ἔτη
1497 3476 1558 3531 δ’.

342 3571 643 3641 Γρηγόριος
681 3572 710 3623 ὁ
744 3570 973 3639 ἁδελφὸς
1006 3569 1196 3633 αὑτοῦ,
1225 3568 1322 3636 ἐτη
1346 3569 1445 3622 κδ’.

342 3665 527 3734 Σώτης
558 3663 973 3735 Πακρατουνὴς,
1008 3664 1103 3734 ἔτη
1133 3669 1204 3731 γ’.

350 3760 411 3811 ’0
438 3758 723 3829 Νερσέχης
757 3757 1173 3827 Καμψαρακὰν,
1212 3755 1308 3825 ἔτη
1332 3761 1398 3823 γ’.

351 3856 412 3907 '0
439 3854 836 3925 Πακρατουνὴς
863 3853 933 3905 Συ
942 3854 1200 3924 μπάτιος.

1554 4052 2148 4060 mw

2036 597 2189 651 brata
2234 597 2441 667 synodo
2487 597 2916 653 Chalcedonensi
2992 613 3167 668 usque
3234 601 3301 655 ad
3359 605 3623 673 synodum

2035 688 2228 743 Tihcn.
2263 689 2530 759 Deinceps
2578 699 2762 743 autem
2816 700 3162 744 recesserunt
3190 706 3219 744 a
3252 691 3623 748 Ronaanorum

2032 782 2436 844 communione,
2472 798 2533 835 ac
2567 780 2870 836 Jerusalem
2908 782 3463 850 anathematizantes,
3502 800 3629 839 san—

2037 881 2292 942 ctamque
2329 889 2378 943 55
2395 876 2591 929 nodum
2627 874 3121 934 Chalcedonensem
3146 919 3161 943 ,
3213 877 3447 933 confessi
3502 891 3632 935 sunt

2037 977 2284 1018 naturam
2340 981 2501 1019 unam
2553 964 2778 1031 Christi,
2837 966 3057 1020 deitatis
3110 982 3173 1022 ac
3222 968 3626 1025 humanitatis:

2038 1069 2201 1126 atque
2252 1060 2318 1112 ad
2355 1060 2610 1129 hymnum
2647 1058 2749 1113 Ter
2792 1070 3033 1121 sanctus,
3087 1061 3153 1114 ad
3206 1059 3353 1127 illud,
3400 1060 3629 1115 Sanctus

2040 1152 2197 1215 Deus,
2231 1166 2415 1206 vocem
2453 1152 2618 1217 illam,
2675 1154 2764 1221 qui
2810 1152 3096 1220 cruciﬁxus
3131 1168 3203 1217 es,
3246 1152 3578 1208 addiderunt
3609 1172 3626 1206 :

2031 1245 2391 1315 jurejurando
2423 1245 2658 1299 invicem
2705 1245 3056 1308 devorentes,
3088 1245 3371 1315 obsignata
3419 1247 3627 1315 scripto

2038 1338 2268 1407 propria:
2298 1352 2492 1391 manus
2550 1337 2930 1405 promissione,
2986 1352 3259 1407 nunquam
3307 1353 3364 1391 sc
3403 1338 3453 1391 in
3502 1354 3629 1406 pcr-

2038 1440 2258 1501 petunm
2293 1444 2607 1483 recessuros
2646 1430 2710 1481 ah
2738 1429 2826 1482 illa
2855 1429 3223 1484 confessione.
3268 1429 3436 1483 Porro
3465 1428 3629 1500 Euty-

2036 1524 2248 1577 chetem
2311 1519 2655 1584 Jacobitam,
2725 1522 2956 1591 ejusque
3010 1522 3144 1575 alios
3208 1523 3342 1575 duos
3407 1522 3628 1581 socios.

2035 1630 2266 1684 quorum
2338 1629 2478 1668 unus
2538 1612 2839 1679 Julianita,
2902 1615 3041 1668 alter
3111 1614 3337 1670 hazresis
3403 1614 3631 1669 alterius

2035 1717 2175 1767 erat,
2222 1706 2517 1776 episcopos
2572 1706 2889 1761 ordinantes
2917 1746 2933 1772 ,
2977 1707 3246 1761 miserunt
3288 1707 3339 1761 in
3381 1706 3630 1778 Mesopo-

2039 1810 2283 1853 tamtam.

2106 1989 2300 2044 Postea
2330 1988 2603 2044 Evaneses
2635 2004 2665 2043 a
2693 1988 2983 2059 Capeieue,
3018 2004 3146 2044 ann.
3180 1988 3264 2044 17.

2037 2084 2212 2139 Moses
2246 2084 2315 2138 ab
2354 2083 2619 2149 Eliharet,
2656 2097 2783 2136 ann.
2820 2082 2908 2136 '50.

2035 2176 2310 2231 Abraham
2339 2175 2406 2229 ab
2434 2174 2729 2240 Arastune,
2766 2190 2892 2227 ann.
2918 2174 3010 2230 Ξῖ).

2034 2268 2274 2323 Joannes
2305 2285 2334 2322 a
2364 2266 2633 2333 Pacrana,
2668 2284 2798 2321 ann.
2829 2266 2922 2322 26.

2035 2361 2282 2418 Comitas
2309 2359 2378 2416 de
2407 2376 2546 2431 pago
2578 2360 3021 2425 Eltzesaracitze,
3056 2375 3189 2414 ann.
3224 2358 3279 2414 8.

2035 2453 2467 2523 Christophorus
2496 2453 2903 2519 Ahrahamites,
2941 2467 3071 2509 ann.
3098 2452 3158 2507 ‘5.

2035 2545 2239 2601 Esdras
2265 2562 2292 2599 a
2324 2545 2477 2611 Nira,
2511 2562 2639 2600 ann.
2679 2546 2768 2599 10.

2035 2638 2302 2693 Norseses
2330 2639 2396 2692 ab
2429 2638 2650 2703 Isclma,
2679 2653 2810 2693 ann.
2835 2638 2931 2694 ‘20.

2032 2729 2355 2784 Anastasius
2378 2745 2407 2782 a
2434 2726 2596 2793 Cora,
2629 2744 2757 2785 ann.
2788 2730 2841 2785 6.

2033 2817 2200 2875 Israel
2230 2822 2300 2875 ab
2328 2822 2525 2890 oppido
2549 2821 2770 2887 Tmesu,
2808 2838 2935 2880 ann.
2965 2823 3053 2879 10.

2044 2914 2198 2968 Isaac
2233 2926 2262 2966 a
2295 2913 2665 2970 Bazacastrio.

2032 3008 2411 3062 Armeniorum
2466 3023 2621 3079 reges
2668 3023 2697 3062 a
2746 3008 2937 3066 Balare
2980 3024 3151 3082 usque
3205 3012 3270 3067 ad
3314 3009 3504 3080 Taser,
3550 3028 3619 3068 ac

2103 3112 2227 3173 post
2257 3106 2448 3159 duces.

2034 3196 2279 3252 Cinunes
2310 3197 2595 3264 Pritensis,
2634 3213 2763 3253 ann.
2797 3198 2853 3252 4.

2036 3291 2205 3344 David
2238 3290 2586 3359 Saronensis,
2618 3307 2745 3347 ann.
2778 3294 2833 3349 5.

2039 3380 2305 3438 Totruses
2337 3383 2722 3451 Rustanensis,
2755 3403 2883 3441 ann.
2924 3387 3013 3442 10.

2035 3478 2367 3547 Armazapes
2394 3479 2748 3548 CurOpalata,
2782 3495 2913 3534 ann.
2946 3481 3005 3536 4.

2035 3569 2334 3637 Gregorius
2363 3570 2483 3638 ejus
2517 3572 2701 3637 frater,
2736 3588 2862 3625 ann.
2899 3573 2992 3625 2-1.

2037 3662 2197 3718 Sotes
2220 3662 2705 3727 Pancratunensis,
2744 3680 2872 3717 ann.
2905 3666 2961 3719 '5.

2035 3755 2343 3809 Norseches
2379 3754 2870 3824 Campsaracanus,
2904 3773 3030 3812 ann.
3070 3758 3121 3811 5.

2038 3848 2411 3901 Pancratunes
2443 3846 2777 3916 Sympatius.

2152 4054 2555 4062 μα’-μη*-

2560 4054 3586 4075 .._.....___..__._________________~___

896 4198 1308 4273 QUOMODO
1341 4197 1853 4261 RECIPIENDI
1885 4196 2108 4260 SUNT
2135 4196 2511 4259 ARMENII
2552 4196 3021 4261 H/ERETICI.

1224 4350 1391 4408 (Apud
1416 4348 1632 4401 Cotelcr.
1661 4354 1764 4398 not.
1789 4348 1847 4397 ad
1881 4347 2087 4399 Constit.
2114 4350 2284 4410 Apost.
2310 4347 2389 4397 lib.
2424 4362 2473 4408 v,
2503 4362 2608 4409 cap.
2635 4350 2711 4398 H.

348 4604 406 4658 Ἀ
418 4602 667 4667 πόταξις
684 4599 801 4654 τῶν
822 4598 1132 4668 αἱρετικῶν
1147 4596 1481 4668 Ἀρμενίων.
1513 4598 1584 4649 Τὸ
1610 4594 1736 4663 πῶς
1761 4598 1922 4665 ὀρεί-

2031 4597 2366 4668 Renuntiatio
2446 4596 2814 4668 hwreticorum
2872 4597 3259 4652 Armeniorum.
3340 4599 3616 4665 Quomodo

407 4678 631 4727 λουσιν
655 4667 1113 4739 ἀναθεματίζειν
1135 4667 1606 4739 ἐπιστρέφοντες
1636 4670 1784 4732 πρὸς
1809 4668 1926 4735 τὴν

409 4747 619 4796 πίστιν
640 4740 760 4795 τῶν
787 4736 1126 4809 ὀρθοδόξων
1162 4739 1467 4808 Ῥωμαίων
1487 4753 1499 4766 ·
1527 4736 1585 4790 οἳ
1618 4740 1691 4791 οὐ
1706 4740 1920 4803 βαπτί-

409 4815 626 4878 ζονται,
658 4812 820 4866 ἀλλὰ
850 4811 1207 4881 μυροῦν-ται.

426 4939 570 5009 Ἐγὼ
591 4943 618 4993 ό
638 4940 808 5001 δεῖνα,
827 4937 864 5008 ἦ
882 4939 1043 5006 ἡμεῖς
1062 4938 1087 4988 ό
1109 4936 1258 4989 δεῖνα
1276 4938 1371 4989 καὶ
1387 4936 1414 4987 6
1430 4935 1601 4997 δεῖνα,
1625 4935 1901 5005 προσέρχο
1915 4964 1926 4975 -

339 5051 438 5104 μαι
483 5035 548 5103 τῇ
573 5029 841 5103 όρθοδόξῳ
858 5030 1193 5098 ἀποστολικῇ
1215 5029 1313 5083 καὶ
1339 5028 1921 5100 καθολικῇῈκκλησίᾳ

338 5126 435 5179 καὶ
458 5125 863 5190 ἀποτάσσομαι,
894 5124 989 5176 καὶ
1025 5121 1415 5191 ὰναθεματίζω
1438 5122 1536 5192 τὴν
1566 5122 1779 5192 αἵρεσιν
1807 5120 1916 5171 τῶν

347 5215 685 5285 Ἀρμενίων,
737 5216 832 5268 καὶ
892 5214 1003 5267 τῶν
1053 5211 1440 5282 Χατζιζαρίων
1478 5211 1541 5283 Π.
1602 5209 1916 5274 Χατζιτζαο

337 5303 514 5376 ρὶων].
547 5306 643 5358 καὶ
682 5303 789 5356 τῶν
820 5304 1177 5369 ’ἰακωῦιτῶν,
1209 5301 1395 5355 καὶτὰ
1424 5301 1543 5372 ἔθη,
1572 5302 1665 5353 καὶ
1694 5300 1762 5352 τὰ
1792 5302 1916 5353 ἐπι-

333 5397 674 5467 τηδεύματα,
702 5396 794 5448 καὶ
819 5395 918 5458 τὰς
944 5396 1162 5465 ἑορτὰς,
1193 5396 1289 5448 καὶ
1320 5394 1507 5464 εὐχὰς,
1539 5394 1635 5445 καὶ
1662 5394 1915 5461 νηστείας

333 5487 535 5551 αὐτῶν,
573 5489 665 5540 καὶ
703 5487 803 5549 τὰς
842 5489 1193 5555 συναγωγὰς,
1227 5489 1321 5541 καὶ
1353 5485 1639 5557 βρώματα,
1672 5485 1768 5538 καὶ
1800 5485 1917 5537 πώ-

337 5597 509 5649 ματα,
566 5580 666 5633 εῐτ⁹
702 5574 797 5632 οὖν
828 5579 1123 5632 Μαυτὰλια
1172 5578 1232 5650 [Ι.
1267 5579 1540 5633 Ματάλια.
1576 5594 1623 5632 s.
1665 5596 1716 5647 p.
1754 5576 1911 5648 1561·

334 5672 431 5725 καὶ
483 5671 671 5735 ἁπλῶς
716 5672 1102 5740 ἀποτάσσομαι
1163 5675 1232 5742 τῇ
1288 5674 1500 5743 αἱρέσει
1553 5672 1770 5725 αὐτῶνο
1822 5671 1918 5723 καὶ

333 5764 583 5835 ὁλοψύχῳ
608 5764 868 5836 προθέσει
896 5765 1276 5835 προσέρχομαι
1299 5770 1367 5837 τῇ
1394 5766 1659 5835 καθολικῇ
1686 5764 1919 5833 Ἐκκλη-

341 5855 435 5926 σίᾳ
460 5858 570 5913 τῶν
598 5857 897 5925 όρθοδόξων
918 5874 931 5886 ·
968 5860 1063 5911 καὶ
1114 5857 1359 5911 πιστεύω
1386 5862 1465 5922 εἰς
1490 5860 1588 5914 ἕνα
1641 5860 1774 5913 Θεὸν
1809 5861 1917 5931 Ila.-

660 5955 936 6044 PATROL.
1148 5955 1465 6047 CXXX”.

2095 4666 2316 4736 debeant
2349 4667 2824 4728 mrathemalizare,
2858 4684 2975 4720 cum
3002 4669 3070 4719 ad
3102 4669 3258 4736 ﬁdem
3283 4674 3615 4726 orthodoxa-

2100 4753 2214 4787 rum
2251 4735 2602 4789 [Iovianorum
2628 4736 2862 4790 redeunt.
2890 4737 3015 4792 Non
3048 4735 3387 4807 bdplizantur
3409 4753 3612 4807 autem,

2098 4808 2189 4858 sed
2219 4816 2507 4875 unguntur.

2097 4934 2210 5004 Ego
2268 4934 2379 4999 ille,
2415 4934 2499 4989 vel
2546 4950 2645 4989 nos
2692 4935 2780 4991 ille
2830 4946 2883 4990 et
2915 4936 3024 5002 ille,
3063 4939 3263 4992 accedo
3312 4941 3376 4993 ad
3419 4942 3612 4995 ortho-

2027 5026 2244 5103 doxam,
2276 5026 2630 5095 apostolicam
2657 5028 3054 5083 cteatholicam
3088 5028 3422 5097 Ecelesiam;
3448 5044 3610 5103 atque

2028 5102 2296 5185 relinquo,
2326 5131 2389 5171 ac
2444 5115 2793 5172 anathemate
2844 5119 3087 5187 percutio
3129 5122 3376 5176 lmresim
3411 5102 3607 5177 Arme-

2027 5208 2261 5273 niorum,
2295 5209 2783 5263 Chatzilzariorum
2851 5220 2906 5265 et
2954 5210 3343 5279 Jacohitarnm,
3395 5229 3613 5267 corum-

2026 5316 2132 5371 que
2185 5316 2384 5367 mores,
2423 5302 2689 5366 instituta,
2732 5300 2889 5368 festa,
2941 5319 3151 5373 preces.
3214 5306 3441 5375 jejunia,
3478 5322 3610 5359 con-

2026 5404 2241 5462 ventus,
2283 5395 2437 5450 cibos
2488 5405 2542 5449 ct
2594 5406 2751 5465 potus
2802 5412 2895 5451 seu
2944 5398 3160 5451 malatia
3202 5415 3214 5450 :
3250 5408 3301 5452 et
3363 5397 3608 5452 absolute

2022 5492 2271 5545 renuntio
2292 5490 2483 5544 haeresi
2514 5504 2701 5543 eorum
2727 5509 2742 5557 ;
2773 5499 2883 5544 toto
2915 5502 3093 5544 autem
3124 5492 3291 5545 animi
3324 5492 3603 5561 proposito

2019 5581 2181 5635 venio
2212 5582 2279 5636 ad
2325 5582 2621 5636 Ecclesiam
2658 5585 2979 5639 catholicam
3032 5596 3179 5639 recte
3229 5586 3602 5639 sentienlimn.

2021 5673 2197 5729 Credo
2224 5676 2275 5728 in
2313 5691 2474 5729 unum
2512 5675 2680 5734 Deum
2716 5676 2933 5733 Patrem
2965 5682 3392 5747 omnipotentem
3436 5676 3604 5732 facto-

2024 5783 2134 5821 rem
2167 5768 2289 5822 (ξαιιί
2330 5779 2382 5822 et
2422 5778 2599 5823 teme.
2640 5769 2893 5825 Dicataue
2925 5772 2992 5822 ad
3026 5771 3181 5838 ﬁnem
3215 5787 3394 5840 usque.
3429 5770 3602 5825 Unam

2027 5875 2157 5916 vero
2190 5870 2437 5916 naturam
2478 5864 2528 5917 in
2572 5872 2757 5918 sancta
2809 5862 3074 5917 Trinitate
3107 5865 3373 5919 confiteor
3405 5881 3420 5918 :
3459 5872 3513 5917 at
3548 5862 3601 5917 in

3204 5956 3276 6018 40
