4088 6444
411 369 544 438 1261

1604 372 1701 434 DE
1741 370 1994 436 ΗΕΒΰὸ
2032 370 2429 431 ARMENIIE.

3532 372 3674 438 1262

409 484 469 539 δέ
492 484 589 540 καὶ
613 484 716 555 τὴν
751 484 1031 557 ἐὸδομάδα
1052 489 1153 559 τῆς
1173 488 1505 560 Τυμφάγου
1532 490 1692 561 κρέα,
1717 488 1986 555 ἀνάθεμα.

2098 496 2340 542 mentum
2390 496 2443 543 et
2489 486 2592 553 sal,
2622 498 2726 543 nec
2774 499 2971 555 aquam
3000 500 3124 543 cum
3157 490 3284 543 \‘i’IO
3319 487 3377 543 in
3425 498 3672 544 sanctum

410 578 477 631 Εῐ
500 596 583 640 τις
604 577 750 648 λέγει
781 581 865 633 ὅτι
892 583 924 651 ἡ
951 581 1267 653 λειτουργία
1304 583 1400 638 καὶ
1425 585 1458 655 ἡ
1487 583 1744 637 κοινωνία
1768 585 1833 654 τῇ
1856 582 1989 653 ἁγίᾳ

409 667 838 739 Τεσσαρακοστῇ
886 672 944 722 ἐν
991 670 1338 742 καθημερινῇ
1372 671 1621 742 ἁμαρτία
1674 671 1845 733 ἐστὶν,
1892 671 1986 722 καὶ⁵

406 758 468 811 ἐν
502 757 768 832 Σαϐϐάτῳ
794 763 889 816 καὶ
916 765 1172 835 κυριακῇ
1201 764 1372 817 ἐσθίει
1403 764 1543 834 γάλα
1570 764 1666 818 καὶ
1693 762 1823 828 ὠὸν,
1854 764 1988 818 ἀνά-

408 849 575 917 θεμα.
612 851 679 904 Εἴ
709 871 795 916 τις
838 856 899 908 οὐ
941 855 1124 925 βάλλει
1178 859 1256 920 είς
1290 857 1390 929 τὴν
1437 858 1756 929 προσφορὰν
1807 859 1987 928 ζύμην

406 943 503 996 καὶ
537 942 693 1009 ἃλας,
730 946 851 999 οὐδὲ
899 946 962 1017 [ί.
996 949 1145 1003 deest
1190 950 1336 1022 ὕδωρ
1382 949 1487 1022 είς]
1532 952 1690 1020 ἅγιον
1725 952 1988 1022 ποτήριον

411 1034 554 1101 μετά
620 1034 715 1088 τοῦ
751 1036 917 1099 οἴνου,
950 1038 1219 1108 ἀνάθεμα.
1268 1040 1335 1095 Εἴ
1361 1058 1442 1102 τις
1492 1042 1551 1095 οὐ
1592 1045 1737 1095 ποιεῖ
1780 1043 1859 1104 είς
1889 1041 1988 1104 τὰς

405 1127 485 1175 κε’
522 1125 773 1196 Μαρτίου
804 1129 896 1180 τὸν
931 1128 1378 1200 Εύαγγελισμὸν,
1406 1131 1502 1185 καὶ
1542 1134 1624 1195 είς
1652 1132 1751 1194 τὰς
1786 1138 1863 1184 κε’
1886 1132 1987 1183 Δε-

406 1213 674 1285 κεμϐρίου
706 1219 875 1288 μηνὸς
899 1219 992 1290 τὴν
1015 1220 1109 1274 τοῦ
1138 1222 1373 1292 Χριστοῦ
1402 1222 1682 1293 Γέννησιν,
1713 1223 1985 1292 ἀνάθεμα.

405 1305 470 1359 Ei
498 1307 556 1359 δὲ
598 1310 717 1377 μεθ’
749 1311 1093 1383 ὑποκρίσεως
1130 1315 1304 1369 ταῦτά
1337 1332 1502 1385 φημι,
1538 1317 1631 1369 καὶ
1664 1316 1766 1369 οὐκ
1800 1318 1865 1369 ἐκ
1899 1317 1987 1368 πί-

402 1416 581 1466 στεως
606 1402 874 1475 όλοψύχου
912 1409 1006 1460 καὶ
1024 1408 1272 1479 καρδίας,
1302 1409 1400 1462 καὶ
1429 1410 1555 1480 ἄρτι
1586 1410 1686 1479 μὲν
1710 1408 1985 1480 σχηματί-

405 1491 573 1561 ζομαι
625 1498 880 1563 γενέσθαι
921 1499 1225 1569 όρθόδοξος,
1260 1500 1492 1572 ὕστερον
1536 1502 1593 1555 δέ
1648 1500 1857 1571 θελήσω
1887 1502 1988 1571 ἀρ-

404 1583 677 1652 νήσασθαι
714 1592 807 1642 καὶ
852 1591 1193 1663 ὑποστρέψαι
1242 1593 1380 1662 πρὸς
1424 1592 1524 1663 τὴν
1562 1591 1838 1662 προτέραν
1882 1609 1985 1662 μου

404 1675 643 1747 αἳρεσιν,
675 1680 773 1733 καὶ
808 1682 1022 1752 εὑρεθῶ
1053 1684 1434 1756 σῡνεορτάζων
1460 1685 1493 1756 ῆ
1540 1685 1842 1739 συνεσθίων
1873 1680 1987 1749 τοῖς

419 1767 747 1838 Ἀρμενίοις,
782 1773 814 1845 ἢ
856 1775 1166 1845 συνομιλῶν
1200 1780 1314 1841 τοῖς
1349 1777 1713 1841 ’1ακω6ίταις,
1748 1776 1922 1848 λάτρα

2096 580 2342 644 calicem,
2376 578 2663 633 anathema
2696 578 2787 634 sil.
2818 576 2875 633 Si
2905 579 3027 648 quis
3048 594 3155 633 non
3182 580 3423 634 celebrat
3452 581 3677 634 Annuu-

2097 670 2373 725 tiationem
2396 669 2467 723 25
2490 668 2690 731 Martii,
2715 680 2768 723 et
2789 669 2861 722 25
2885 670 3095 725 mensis
3122 669 3439 725 Decembris
3468 670 3673 726 Christi

2094 762 2306 826 Natale,
2349 764 2637 817 anathema
2690 762 2780 816 sit.
2815 761 2969 829 Quod
3016 762 3060 816 si
3098 778 3220 816 cum
3256 763 3527 831 hypocrisi
3563 762 3679 815 htBC

2098 858 2405 926 pronuntio,
2462 870 2571 911 non
2631 871 2760 911 vero
2814 856 3063 920 fideliter,
3102 866 3323 925 totoque
3384 857 3566 909 animo
3623 864 3679 909 et

2096 949 2300 1003 corde:
2334 958 2497 1018 atque
2514 960 2659 1002 nunc
2688 947 2903 1016 quidem
2937 946 3134 1002 simulo
3168 944 3285 999 ficri
3315 946 3675 1005 orlhodoxus.

2094 1050 2282 1108 postea
2318 1050 2446 1095 vero
2472 1040 2695 1095 voluero
2726 1039 2997 1111 abnegare
3026 1054 3088 1094 ac
3118 1039 3316 1094 reverti
3342 1038 3411 1092 ad
3436 1038 3673 1108 priorem

2096 1151 2271 1189 meam
2315 1134 2587 1200 haeresim,
2620 1132 2985 1202 inventusque
3016 1131 3171 1187 fuero
3195 1145 3297 1185 una
3327 1136 3452 1186 cum
3484 1132 3681 1185 Arme-

2094 1228 2205 1283 niis
2246 1226 2384 1283 fcsta
2432 1227 2713 1281 celebrans
2755 1235 2847 1280 aut
2897 1224 3078 1280 cibum
3133 1238 3374 1287 sumens,
3421 1221 3504 1277 vel
3548 1236 3682 1275 con-

2096 1334 2357 1375 suescens
2423 1333 2545 1372 cum
2591 1316 2876 1383 Jacobitis,
2918 1318 3033 1372 sive
3076 1316 3216 1372 clam
3264 1316 3381 1370 sive
3428 1312 3676 1385 publico;

2095 1428 2206 1468 non
2242 1421 2421 1466 autem
2460 1412 2642 1480 potius
2680 1412 3009 1481 redarguere
3053 1408 3176 1465 illos
3207 1408 3531 1475 illorumque
3568 1407 3679 1460 hsc-

2096 1506 2295 1559 resim:
2332 1507 2384 1558 in
2418 1506 2520 1559 hac
2552 1504 2769 1572 quidem
2798 1506 2907 1558 vita
2938 1504 3161 1558 veniant
3192 1516 3359 1572 super
3383 1515 3467 1554 me
3488 1514 3682 1554 omnes

2094 1596 2247 1661 diras,
2275 1606 2481 1651 tremor
2532 1596 2682 1651 Caini
2713 1606 2768 1650 et
2817 1596 2966 1666 lepra
3017 1596 3217 1665 Giezis,
3247 1604 3447 1666 preter
3495 1600 3683 1664 pinnas

2096 1688 2273 1757 legum
2308 1686 2569 1753 civilium,
2610 1688 2807 1757 quibus
2830 1686 3112 1756 suhjiciar,
3141 1701 3242 1742 nec
3273 1685 3475 1755 possim
3528 1698 3682 1737 asse.-

2044 1848 2045 1853 η
2096 1782 2189 1851 qui
2224 1782 2596 1846 impunitatem
2634 1798 2649 1835 :
2685 1782 2739 1836 in
2767 1778 2951 1835 futuro
2980 1793 3164 1836 autem
3205 1779 3406 1835 saeculo
3437 1778 3509 1831 sit
3548 1775 3678 1829 mihi

405 1862 679 1934 φανερῶς,
710 1867 803 1918 καὶ
840 1868 959 1938 οὐχὶ
997 1869 1201 1938 μᾶλλον
1245 1871 1453 1942 ἐλέγχω
1494 1870 1718 1933 τούτους
1755 1872 1849 1924 καὶ
1884 1864 1985 1940 τὴν

2096 1874 2388 1929 anathema
2416 1882 2471 1928 et
2520 1874 2853 1936 catathema,
2888 1882 3117 1942 meaque
3150 1874 3329 1927 anima
3381 1871 3683 1926 cdllocelur

404 1953 610 2007 τούτων
659 1956 893 2026 αἵρεσιν,
930 1959 1026 2013 νῦν
1056 1962 1156 2031 μέν
1186 1962 1331 2015 ἔλθοι
1373 1962 1461 2015 ἐπ’
1492 1958 1593 2033 ἐμὲ
1630 1964 1781 2017 πᾶσα
1815 1964 1847 2032 ἡ
1892 1979 1989 2017 κα-

405 2045 566 2116 τάρα.
603 2050 697 2100 καὶ
721 2051 748 2102 6
776 2051 979 2121 τρόμος
1006 2053 1097 2106 τοῦ
1129 2055 1288 2121 Κάῖν,
1334 2058 1427 2107 καὶ
1457 2057 1489 2125 ὴ
1522 2054 1698 2126 λέπρα
1727 2053 1823 2108 τοῦ
1868 2054 1987 2106 Γιει

405 2136 497 2206 ξῆ,
528 2139 665 2208 πρὸς
689 2143 750 2195 τὸ
781 2147 878 2197 καὶ
919 2149 1039 2210 ταῖς
1078 2150 1294 2212 ποιναῖς
1334 2149 1445 2203 τῶν
1475 2151 1774 2203 πολιτικῶν
1808 2149 1991 2220 νόμων

2095 1981 2218 2020 cum
2250 1965 2451 2021 Satana
2482 1972 2537 2021 et
2568 1964 2928 2020 daemonibus.
2966 1964 3192 2019 Cunctis
3230 1962 3505 2017 haereticis
3539 1976 3679 2015 ana-

2095 2059 2295 2113 thema.
2354 2057 2421 2112 Et
2471 2066 2634 2127 caput
2690 2057 2984 2111 inclinante
3035 2071 3101 2111 eo
3162 2056 3253 2126 qui
3318 2055 3675 2117 convertitur,

2098 2150 2539 2218 archiepiscopus
2569 2150 2868 2205 orationem
2907 2149 3037 2203 facit
3074 2148 3159 2203 his
3194 2148 3375 2202 verbis
3413 2164 3427 2200 :

406 2225 550 2284 εἷναί
579 2250 647 2303 με
684 2237 986 2293 ὑπεύθυνον
1020 2242 1446 2315 ἀπαραιτήτως·
1482 2246 1627 2300 κατά
1662 2246 1721 2300 δέ
1778 2247 1871 2301 τὸν
1932 2244 2203 2315 μέλλοντα
2237 2246 2435 2310 αἰῶνα,
2477 2246 2564 2314 εἴη
2610 2263 2701 2315 μοι
2748 2246 3001 2315 ἀνάθεμα
3040 2245 3137 2298 καὶ
3195 2243 3511 2313 κατάθεμα,
3582 2240 3678 2294 καὶ

406 2330 440 2396 ἢ
472 2330 617 2401 ψυχή
656 2351 759 2402 μου
790 2338 1016 2409 ταχθείη
1058 2344 1198 2409 μετά
1227 2342 1322 2396 τοῦ
1395 2344 1616 2399 Σατανᾶ
1685 2344 1780 2397 καὶ
1843 2344 1953 2397 τῶν
1980 2344 2275 2413 δαιμόνων.
2318 2343 2463 2396 Πᾶσι
2504 2345 2618 2405 τοῖς
2658 2342 2961 2411 αἱρετικοῖς
2995 2339 3269 2410 ἀνάθεμα.
3314 2340 3426 2391 Καὶ
3471 2338 3680 2389 ἐπικλί-

408 2440 588 2489 νοντος
618 2429 713 2482 τοῦ
762 2437 1167 2504 μετερχομὲνου
1221 2438 1321 2509 τὴν
1357 2440 1622 2510 κεφαλὴν,
1666 2436 1695 2492 6
1736 2439 2171 2510 ἀρχιεπίσκοπος
2207 2437 2374 2508 εὐχὴν
2404 2436 2579 2505 λέγων
2605 2435 2779 2499 οὓτως
2810 2436 2886 2505 (a)
2910 2451 2924 2465 '

489 2525 549 2576 Ὀ
579 2526 714 2590 Θεὸς
751 2531 778 2580 6
808 2531 998 2602 Σωτὴρ
1034 2534 1194 2604 ἡμῶν
1231 2538 1257 2589 6
1304 2535 1633 2606 βουλόμενος
1666 2534 1880 2600 πάντας
1907 2536 1993 2588 ἀν-

409 2614 662 2685 θρώπους
703 2622 945 2692 σωθῆναι
982 2626 1075 2678 καὶ
1130 2627 1211 2689 είς
1260 2630 1563 2697 ἐπίγνωσιν
1610 2630 1870 2700 ἀληθείας
1908 2631 1995 2682 ἐλ-

408 2705 541 2771 θεῖν,
578 2709 869 2777 πρόσδεξαι
902 2714 994 2767 τὸν
1036 2716 1224 2770 δοῦλόν
1260 2736 1354 2771 σου
1385 2720 1537 2773 τόνδε
1585 2721 1739 2791 μόλις
1787 2721 1987 2790 ἀνανή-

407 2799 582 2867 ψαντα
624 2804 690 2856 ἐκ
739 2806 838 2874 τῆς
870 2808 1101 2876 πλάνης,
1144 2811 1241 2863 καὶ
1294 2814 1711 2883 ἐπιποθήσαντα
1758 2815 1838 2878 είς
1889 2813 1990 2880 τὴν

414 2893 715 2960 ἐπίγνωσιν
745 2898 923 2951 ὲλθείν
957 2902 1055 2970 τῆς
1098 2904 1381 2973 ἀληθείας.
1413 2906 1488 2957 Σὺ
1514 2906 1623 2976 γὰρ
1647 2902 1828 2971 εἴπας,
1874 2908 1990 2959 Κύ-

411 3001 527 3055 ριε·
568 3006 586 3038 ι
623 2990 730 3042 Καὶ
770 2991 904 3044 ἄλλα
955 2994 1206 3062 πρόϐατα
1235 2995 1363 3065 ἔχω,
1405 2997 1440 3051 ἂ
1488 2997 1588 3051 ούκ
1621 2999 1766 3051 ἔστιν
1798 3002 1861 3052 ἐκ
1894 3001 1996 3068 τῆς

408 3077 578 3147 αὐλῆς
643 3082 881 3152 ταύτηςο
920 3089 1149 3141 κακεῖνά
1204 3106 1269 3158 με
1304 3090 1386 3142 δεῖ
1444 3092 1695 3159 ἀγαγεῖν,
1744 3094 1837 3145 καὶ
1895 3094 1994 3164 τῆς

409 3172 598 3255 (ptavi);
631 3191 732 3240 μου
765 3176 1084 3243 ἀκούσουσι,
1119 3182 1210 3233 καὶ
1247 3183 1542 3251 γενήσεται
1597 3184 1696 3253 μία
1762 3185 1990 3255 ποίμνη,

2172 2535 2311 2588 Deus
2331 2532 2579 2587 Salvator
2602 2541 2806 2594 noster,
2837 2530 2925 2598 qul
2957 2538 3184 2583 cunctos
3208 2528 3458 2581 homines
3480 2526 3677 2579 salvari

2093 2625 2198 2687 vis,
2236 2634 2288 2677 et
2315 2625 2379 2677 ad
2415 2624 2745 2693 agnitionem
2780 2621 3027 2676 veritatis
3065 2620 3281 2674 venire:
3318 2621 3532 2687 ‘shs‘cipc
3554 2632 3679 2673 ser-

2095 2730 2220 2769 vum
2259 2724 2408 2768 tuum
2438 2716 2597 2779 hunc,
2639 2713 2729 2782 qui
2758 2712 2845 2765 vix
2894 2711 3114 2765 tandem
3149 2718 3215 2765 ex
3261 2722 3447 2763 errore
3486 2708 3681 2779 resipi-

2093 2810 2215 2872 scit,
2247 2806 2448 2874 quique
2481 2805 2757 2859 desiderat
2791 2804 2858 2857 ad
2890 2802 3221 2873 agnitionem
3247 2799 3494 2853 veritatis
3527 2814 3683 2853 acce-

2091 2901 2240 2953 dere.
2281 2897 2360 2951 Tu
2402 2898 2544 2952 enim
2602 2895 2814 2959 dixisti,
2870 2894 3096 2948 Domine
3136 2908 3153 2946 :
3189 2910 3206 2943 ι
3246 2886 3313 2945 Et
3360 2892 3495 2945 alias
3550 2904 3681 2944 oves

2094 2992 2291 3055 habeo,
2318 3005 2437 3061 quae
2469 3004 2576 3043 non
2607 2998 2733 3043 sunt
2766 3000 2833 3041 ex
2866 2988 2971 3041 hoc
3007 2985 3172 3039 ovili:
3204 2995 3259 3038 et
3309 2983 3427 3037 illas
3462 2995 3680 3052 oportet

2095 3099 2180 3138 me
2208 3085 2507 3149 adducere;
2539 3088 2810 3135 etVocem
2841 3088 3013 3135 meam
3047 3078 3287 3140 audient,
3309 3082 3364 3130 ct
3401 3077 3490 3129 fiet
3511 3092 3675 3129 unum

2089 3176 2230 3230 ovile
2264 3185 2317 3230 ct
2342 3180 2481 3229 unus
2514 3182 2695 3244 pastor
2713 3172 2891 3245 (Joan.
2911 3170 3117 3241 κ,16).ι
3143 3169 3311 3224 Pasce
3330 3171 3510 3238 itaque
3530 3169 3677 3222 illum

409 3250 491 3321 εἷς
519 3262 760 3331 ποιμήνο
808 3283 825 3315 ι
873 3266 1148 3335 Ποίμανον
1189 3271 1368 3323 τοίνυν
1415 3274 1578 3325 αὑτὸν
1639 3275 1696 3325 ἐν
1744 3279 1809 3345 τῇ
1864 3276 1989 3346 δόξῃ

2097 3270 2151 3322 in
2189 3269 2434 3323 doctrina
2466 3273 2579 3330 tua,
2609 3268 2662 3321 in
2702 3266 3035 3337 agnitionem
3076 3263 3329 3318 veritatis
3369 3272 3497 3327 tuae,
3524 3262 3677 3331 juxta

411 3369 505 3405 σου
539 3356 616 3418 είς
658 3356 955 3424 ἐπίγνωσιν
982 3362 1081 3429 τῆς
1120 3363 1219 3429 σῆς
1260 3365 1541 3433 ἀληθείας,
1586 3368 1730 3419 κατὰ
1766 3369 1865 3437 τὴν
1896 3369 1990 3421 ἔκ-

412 3444 563 3498 θεσιν
604 3447 711 3501 τῶν
753 3449 927 3517 ἁγίων
978 3469 1071 3504 σου
1106 3455 1199 3507 καὶ
1249 3457 1479 3521 ἐνδόξων
1512 3459 1858 3513 ἀποστόλων·
1898 3463 1991 3516 καὶ

410 3537 750 3601 καταξίωσον
796 3541 960 3594 αὑτὸν
993 3542 1095 3610 τῆς
1137 3545 1435 3615 σφραγῖδος
1476 3548 1571 3600 τοῦ
1620 3549 1769 3602 θείου
1812 3542 1987 3621 μύρου

411 3631 629 3700 καὶτῆς
665 3633 1019 3704 μεταλήψεως
1048 3637 1141 3688 τοῦ
1174 3639 1359 3706 τιμίου
1402 3636 1656 3709 σώματος
1685 3641 1777 3694 καὶ
1819 3643 1986 3712 αἷμα-

409 3738 521 3785 τος.
558 3726 653 3777 καὶ
682 3726 961 3790 ἀνάδειξον
989 3730 1153 3781 αὐτὸν
1185 3731 1389 3784 τέλειον
1419 3732 1603 3785 δοῦλόν
1640 3750 1736 3786 σου
1759 3750 1771 3766 ο
1807 3736 1893 3788 ἵνα
1919 3740 1985 3807 τῇ

412 3812 619 3884 ποίμνῃ
663 3831 755 3866 σου
806 3816 1306 3889 συγκαταριθμηθῇ
1347 3821 1441 3871 καὶ
1487 3820 1671 3885 αὐτὸς,
1713 3822 1790 3885 είς
1829 3822 1989 3889 δόξαν
2032 3858 2035 3863 -

409 3902 506 3953 καὶ
531 3903 754 3957 ἔπαινον
788 3906 887 3973 τῆς
931 3909 1331 3980 μεγαλωσύνης
1367 3926 1493 3963 σου·
1535 3911 1615 3963 ὅτι
1653 3912 1747 3963 σοῦ
1777 3912 1924 3965 ἐστὶν
1952 3914 1984 3983 ἡ

411 3994 656 4065 βασιλεία
679 3999 771 4050 καὶ
803 4000 834 4068 ἡ
866 3999 1117 4069 δύναμις,
1146 3999 1350 4069 ἐκιρών.
1404 4001 1512 4053 Καὶ
1539 4000 1682 4070 χρίει
1710 4000 1875 4053 αὑτὸν
1910 4000 1987 4071 τῷ

412 4087 591 4159 μύρῳ,
632 4090 773 4143 καθὰ
805 4093 1052 4154 καὶτοὺς
1085 4094 1501 4161 νεοφωτίστους,
1544 4094 1643 4165 τὴν
1691 4096 1859 4165 αὐτὴν
1905 4098 1992 4147 ἐν-

2096 3370 2406 3414 sanctorum
2464 3359 2932 3429 gioriosorumque
3012 3366 3229 3410 tuorum
3308 3353 3675 3424 apostolorum

2094 3453 2492 3520 expositionem
2526 3462 2619 3506 :et
2645 3451 2845 3521 largire
2890 3451 2965 3505 illi
2999 3449 3341 3518 signaculum
3373 3447 3545 3501 divini
3582 3463 3683 3499 uu-

2092 3545 2298 3613 gucnti,
2347 3560 2411 3598 ac
2451 3545 2817 3611 sumptionem
2841 3542 3066 3612 pretiosi
3101 3541 3347 3609 corporis
3376 3549 3429 3593 et
3461 3540 3682 3608 sangui-

2094 3638 2227 3693 nis:
2264 3648 2316 3689 et
2359 3636 2442 3689 fac
2473 3636 2625 3689 illum
2670 3635 2968 3705 perfectum
3019 3642 3237 3689 servum
3295 3642 3478 3696 tuum,
3514 3644 3572 3684 ut
3624 3642 3680 3685 et

2093 3727 2210 3794 ipse
2244 3727 2371 3781 ovili
2412 3737 2502 3781 tuo
2532 3737 2982 3789 counumeretnr,
3008 3726 3060 3779 in
3112 3723 3337 3795 gloriam
3373 3734 3427 3777 et
3457 3723 3672 3776 laudent

2094 3820 2393 3888 majeSIatis
2424 3830 2546 3874 tute.
2584 3820 2852 3874 Exclam.:
2880 3818 3018 3885 Quia
3062 3827 3213 3871 tuutn
3249 3820 3333 3871 est
3366 3829 3591 3884 regnum
3624 3822 3679 3866 ct

2096 3913 2287 3966 virtus.
2318 3912 2559 3983 Blaungit
2587 3928 2709 3968 eum
2740 3912 3040 3967 chrismate
3099 3924 3194 3966 seu
3252 3916 3545 3978 unguento,
3575 3907 3681 3960 sic-

2098 4015 2157 4058 ut
2205 4016 2257 4059 ct
2332 4020 2519 4060 recens
2568 4004 2937 4068 illuminatos,
2995 4003 3244 4059 eamdem
3296 3998 3676 4056 cmremoniam

2102 4098 2323 4153 faciens.
2364 4101 2440 4153 Ac
2471 4100 2665 4153 iterum
2711 4108 2962 4167 precatur
2995 4099 3077 4153 sic
3113 4115 3128 4150 :

407 4184 641 4253 τήρησιν
671 4182 988 4254 [ἐπίρρησιν
1015 4182 1331 4257 Eucltolog.]
1368 4188 1690 4257 ποιούμενος
1713 4204 1728 4220 ο
1762 4191 1857 4241 καὶ
1888 4187 2050 4241 πάλιν
2089 4190 2387 4261 ἐπεύχεται
2423 4190 2597 4255 οὕτως
2618 4205 2633 4222 ·

485 4277 654 4347 Κύριε
690 4278 717 4326 6
743 4276 875 4335 Θεὸς
904 4277 1084 4345 ἡμῶν,
1140 4279 1165 4328 ὁ
1216 4278 1565 4342 καταξιώσας
1602 4280 1807 4334 τέλειον
1859 4281 1991 4332 ἀνα-

407 4371 581 4435 δεῖξαι
621 4369 710 4423 τὲιν
734 4366 919 4421 δοῦλόν
942 4385 1032 4421 σου
1062 4370 1231 4430 τόνδε,
1256 4370 1344 4423 διὰ
1371 4372 1468 4440 τῆς
1501 4375 1580 4435 είς
1610 4375 1669 4426 σέ
1701 4376 1989 4445 ὁρθοδόξου

408 4466 669 4526 πίστεως,
709 4464 801 4516 καὶ
850 4463 951 4530 τῆς
989 4464 1286 4532 σφραγῖδος
1320 4465 1413 4517 τοῦ
1448 4466 1624 4535 μύρου
1672 4470 1768 4521 τοῦ
1825 4473 1985 4537 ἁγίου

410 4572 528 4620 σου,
561 4557 804 4609 Δέσποτα
843 4557 953 4609 τῶν
994 4558 1274 4622 ἁπάντων,
1310 4558 1409 4627 τὴν
1456 4563 1535 4623 είς
1592 4562 1649 4613 σὲ
1689 4562 1863 4633 ἀληθῆ
1899 4566 1988 4617 πί-

410 4668 529 4703 στιν
564 4653 621 4703 ἐν
670 4649 819 4719 αὐτῷ
854 4651 1184 4722 διατήρησον
1208 4669 1219 4680 ·
1252 4651 1434 4716 αὔξων
1480 4654 1644 4706 αὐτὸν
1694 4656 1751 4707 ἐν
1782 4656 1987 4710 δικαιο-

411 4743 568 4814 σύνῃ,
603 4745 699 4796 καὶ
734 4745 868 4796 πᾶσι
906 4747 1018 4806 τοῖς
1065 4745 1218 4814 παρά
1279 4745 1372 4797 σοῦ
1420 4748 1719 4815 χαρίσμασι
1751 4767 1989 4803 κατακο-

2172 4282 2399 4337 Domine
2434 4284 2572 4339 Dens
2608 4293 2813 4351 noster,
2873 4284 2965 4353 qui
3015 4283 3313 4352 perfectum
3369 4280 3681 4336 renuntiare

2096 4386 2315 4425 servum
2363 4382 2512 4427 tuum
2565 4374 2776 4429 huncce
2832 4388 2928 4443 per
2955 4372 3307 4428 orthodoxam
3338 4373 3390 4426 in
3437 4382 3489 4428 te
3519 4371 3679 4426 fidem

2099 4476 2154 4518 ct
2195 4465 2369 4521 sancti
2406 4466 2480 4520 tui
2510 4467 2764 4535 unguenti
2794 4465 3129 4536 signaculum
3174 4467 3426 4534 dignatus
3455 4479 3548 4519 es:
3579 4464 3681 4519 Do-

2098 4554 2245 4609 mine
2268 4556 2528 4619 omnium,
2555 4568 2741 4609 veram
2768 4568 2894 4625 erga
2940 4564 2992 4610 te
3037 4555 3191 4608 fidem
3237 4556 3287 4607 in
3324 4554 3412 4607 illo
3443 4554 3679 4617 custodi,

2099 4660 2424 4711 promovens
2457 4662 2579 4702 eum
2634 4650 2684 4701 in
2725 4648 2962 4717 justitia,
2999 4658 3053 4701 et
3106 4647 3355 4702 omnibus
3389 4660 3510 4716 quas
3560 4662 3589 4699 a
3632 4658 3681 4700 te

2098 4738 2350 4792 oriuntur
2382 4739 2804 4794 charismatibus
2827 4739 3096 4809 donisque
3126 4753 3347 4791 exorna.
3379 4739 3467 4793 Sic
3500 4748 3682 4807 postea

413 4838 589 4905 σμῶν.
627 4832 746 4889 Εἴθ’
776 4836 948 4900 οὕτως
972 4836 1246 4907 [κοινωνεῖ
1282 4856 1345 4891 ea:
1405 4838 1717 4912 (inc/mag.)
1754 4862 1989 4897 κατακο-

2094 4833 2477 4886 communicat.
2546 4834 2611 4886 Et
2648 4833 2737 4901 qui
2785 4842 2973 4887 sancto
3026 4842 3298 4900 unguento
3336 4834 3685 4901 consignatus

415 4934 654 4998 σμεῖται.
676 4931 785 4983 Καὶ
811 4930 1081 4998 λαμϐάνει
1112 4933 1141 4983 6
1174 4931 1249 4999 τῷ
1274 4933 1413 5001 ἁγίῳ
1436 4935 1591 5001 μύρῳ
1630 4935 1991 5003 σφραγισθεὶς

411 5021 792 5093 παραγγελίαν
825 5025 948 5084 ταῖς
982 5023 1122 5075 ἑπτὰ
1169 5026 1407 5094 ἡμέραις
1445 5027 1681 5087 ἐκείναις
1728 5028 1862 5097 κρέα
1914 5028 1989 5099 μὴ

410 5116 629 5181 φαγεῖν,
686 5114 822 5184 μηδὲ
872 5114 1132 5183 νίψασθαι
1191 5115 1291 5184 τὴν
1339 5116 1481 5185 ὄψιν,
1524 5118 1659 5170 ἀλλά
1705 5118 1886 5183 καθὼς
1940 5122 1986 5173 οἱ

414 5205 826 5274 βαπτιζόμενοι,
857 5205 1003 5260 οὕτω
1040 5205 1309 5260 διατελεῖν
1335 5225 1349 5239 ·
1385 5212 1477 5262 καὶ
1520 5211 1585 5279 τῇ
1612 5209 1773 5282 ὀγδόῃ
1804 5212 1987 5284 ἡμέρα

410 5296 762 5351 ἀπολούεται.

494 5390 626 5444 Ἀπὸ
686 5392 788 5459 τῆς
831 5391 991 5458 ἁγίας
1040 5394 1133 5447 καὶ
1185 5392 1575 5462 οἱκουμενικῆς
1625 5396 1847 5448 συνόδου
1882 5396 1993 5450 τῶν

410 5490 515 5554 τιη¹
541 5485 715 5551 ἁγίων
755 5476 1017 5555 Πατέρων
1060 5489 1169 5540 τῶν
1222 5490 1279 5540 ἐν
1332 5489 1541 5557 Νικαίᾳ
1572 5488 1665 5541 καὶ
1700 5491 1861 5560 μέχρι
1893 5492 1992 5560 τῆς

418 5576 579 5642 ἁγίας
615 5577 711 5629 καὶ
741 5577 1131 5647 οίκουμενικῆς
1170 5580 1391 5633 συνόδου
1425 5580 1535 5632 τῶν
1578 5581 1637 5633 ἐν
1684 5582 1991 5652 Χαλκηδόνι

414 5668 516 5739 XX.
546 5669 601 5721 αί
641 5670 1012 5738 προλαϐοῦσαι
1047 5671 1104 5723 ai
1145 5672 1299 5738 ἅγιαι
1337 5672 1430 5724 καὶ
1452 5674 1832 5742 οίκουμενικαὶ
1867 5676 1991 5730 σύν·

491 5829 563 5899 (α)
601 5830 796 5885 ncesse
830 5838 957 5898 puto
993 5831 1156 5893 ποιεῖ,
1196 5828 1505 5900 Euchologii
1532 5846 1583 5900 ι).
1615 5828 1737 5885 384-

2102 4924 2201 4981 fuit
2239 4925 2436 4994 accipit
2462 4927 2774 4979 mandatum
2824 4936 2879 4979 ut
2905 4935 3110 4995 septem
3151 4926 3254 4978 illis
3275 4924 3469 4978 diebus
3490 4940 3685 4979 carnes

2101 5033 2203 5070 non
2238 5021 2704 5087 comedat,neque
2723 5019 2932 5072 vultum
2975 5021 3133 5084 lavet,
3178 5018 3271 5071 sed
3316 5020 3458 5072 sicut
3500 5016 3681 5085 bapti-

2096 5111 2225 5174 zati,
2263 5112 2334 5164 ita
2384 5124 2700 5181 permaneat
2743 5129 2755 5165 :
2791 5123 2951 5180 atque
2997 5122 3187 5165 octavo
3227 5111 3315 5164 die
3355 5110 3609 5163 abluitur.

2172 5396 2214 5452 A
2246 5404 2433 5455 sancto
2485 5410 2539 5456 ct
2591 5401 2883 5457 universali
2931 5403 3162 5457 concilio
3211 5409 3523 5455 sanctorum
3574 5396 3682 5451 5l8

2099 5491 2317 5545 Patrum
2368 5491 2579 5558 Nicmcc,
2627 5507 2800 5563 usque
2854 5493 2919 5547 ad
2975 5501 3220 5547 sanctum
3278 5498 3330 5544 et
3376 5486 3683 5542 universale

2098 5584 2392 5638 concilium
2448 5584 2553 5640 650
2604 5584 2955 5639 Chalcedone
3010 5587 3485 5653 congregatorum,
3552 5588 3675 5644 quae

2098 5677 2425 5734 exstiterunt
2480 5688 2684 5735 sancta:
2733 5694 2796 5733 ac
2856 5677 3206 5733 mcumenicre
3262 5672 3475 5744 synodi,
3534 5670 3676 5723 idcm
