  <div class='ocr_page' id='page_1' title='image "/cluster/home/n/w/nwhite01/storage/ocr_20150623/132/coo.31924054870377/639.png"; bbox 0 0 4088 6434; ppageno 0'>
   <div class='ocr_carea' id='block_1_1' title="bbox 434 335 573 404">
    <p class='ocr_par' dir='ltr' id='par_1_1' title="bbox 434 335 573 404">
     <span class='ocr_line' id='line_1_1' title="bbox 434 335 573 404; baseline 0.014 -2"><span class='ocrx_word' id='word_1_1' title='bbox 434 335 573 404; x_wconf 75' lang='grc'><strong>1263</strong></span> 
     </span>
    </p>
   </div>
   <div class='ocr_carea' id='block_1_2' title="bbox 1508 345 2624 410">
    <p class='ocr_par' dir='ltr' id='par_1_2' title="bbox 1508 345 2624 410">
     <span class='ocr_line' id='line_1_2' title="bbox 1508 345 2624 410; baseline 0.004 -6"><span class='ocrx_word' id='word_1_2' title='bbox 1508 345 1758 407; x_wconf 80' lang='lat' dir='ltr'><strong>ISAACI</strong></span> <span class='ocrx_word' id='word_1_3' title='bbox 1799 346 2173 408; x_wconf 77' lang='lat' dir='ltr'><strong>ARMENLE</strong></span> <span class='ocrx_word' id='word_1_4' title='bbox 2203 348 2624 410; x_wconf 73' lang='lat' dir='ltr'><strong>‘CATlIOLiCI</strong></span> 
     </span>
    </p>
   </div>
   <div class='ocr_carea' id='block_1_3' title="bbox 3571 351 3709 422">
    <p class='ocr_par' dir='ltr' id='par_1_3' title="bbox 3571 351 3709 422">
     <span class='ocr_line' id='line_1_3' title="bbox 3571 351 3709 422; baseline 0.036 -5"><span class='ocrx_word' id='word_1_5' title='bbox 3571 351 3709 422; x_wconf 67' lang='lat'><strong>126.1</strong></span> 
     </span>
    </p>
   </div>
   <div class='ocr_carea' id='block_1_4' title="bbox 429 446 2015 540">
    <p class='ocr_par' dir='ltr' id='par_1_4' title="bbox 429 446 2015 526">
     <span class='ocr_line' id='line_1_4' title="bbox 429 446 2015 526; baseline 0.003 -18"><span class='ocrx_word' id='word_1_6' title='bbox 429 452 751 518; x_wconf 73' lang='lat' dir='ltr'><strong>sentientes,</strong></span> <span class='ocrx_word' id='word_1_7' title='bbox 789 446 1006 508; x_wconf 84' lang='lat' dir='ltr'><strong>omnem</strong></span> <span class='ocrx_word' id='word_1_8' title='bbox 1034 453 1368 509; x_wconf 79' lang='lat' dir='ltr'><strong>contrariam</strong></span> <span class='ocrx_word' id='word_1_9' title='bbox 1403 469 1742 526; x_wconf 87' lang='lat' dir='ltr'><strong>pravamque</strong></span> <span class='ocrx_word' id='word_1_10' title='bbox 1765 458 2015 512; x_wconf 69' lang='lat' dir='ltr'><strong>hmresim</strong></span> 
     </span>
    </p>
   </div>
   <div class='ocr_carea' id='block_1_5' title="bbox 2120 446 3711 540">
    <p class='ocr_par' dir='ltr' id='par_1_5' title="bbox 2136 453 3711 540">
     <span class='ocr_line' id='line_1_5' title="bbox 2136 453 3711 540; baseline 0.007 -27"><span class='ocrx_word' id='word_1_11' title='bbox 2136 461 2245 514; x_wconf 74' lang='grc' dir='ltr'>οεοι</span> <span class='ocrx_word' id='word_1_12' title='bbox 2289 462 2760 536; x_wconf 78' lang='grc' dir='ltr'>όμοφρονήσασαι,</span> <span class='ocrx_word' id='word_1_13' title='bbox 2799 465 2982 520; x_wconf 72' lang='grc' dir='ltr'>πᾶσαν</span> <span class='ocrx_word' id='word_1_14' title='bbox 3014 453 3267 519; x_wconf 60' lang='grc' dir='ltr'>ἐναντίαν</span> <span class='ocrx_word' id='word_1_15' title='bbox 3315 465 3409 520; x_wconf 71' lang='grc' dir='ltr'>καὶ</span> <span class='ocrx_word' id='word_1_16' title='bbox 3465 471 3711 540; x_wconf 74' lang='grc' dir='ltr'>πονηρὰν</span> 
     </span>
    </p>
   </div>
   <div class='ocr_carea' id='block_1_6' title="bbox 429 545 2016 615">
    <p class='ocr_par' dir='ltr' id='par_1_6' title="bbox 429 545 2016 615">
     <span class='ocr_line' id='line_1_6' title="bbox 429 545 2016 615; baseline 0.003 -15"><span class='ocrx_word' id='word_1_17' title='bbox 429 545 775 615; x_wconf 77' lang='lat' dir='ltr'><strong>expulerunt,</strong></span> <span class='ocrx_word' id='word_1_18' title='bbox 814 561 878 600; x_wconf 90' lang='lat' dir='ltr'><strong>ac</strong></span> <span class='ocrx_word' id='word_1_19' title='bbox 915 554 1120 600; x_wconf 72' lang='lat' dir='ltr'><strong>mterno</strong></span> <span class='ocrx_word' id='word_1_20' title='bbox 1174 547 1507 601; x_wconf 90' lang='lat' dir='ltr'><strong>anathemati</strong></span> <span class='ocrx_word' id='word_1_21' title='bbox 1555 548 1916 604; x_wconf 90' lang='lat' dir='ltr'><strong>tradiderunt.</strong></span> <span class='ocrx_word' id='word_1_22' title='bbox 1959 549 2016 605; x_wconf 87' lang='lat' dir='ltr'><strong>In</strong></span> 
     </span>
    </p>
   </div>
   <div class='ocr_carea' id='block_1_7' title="bbox 429 641 2018 711">
    <p class='ocr_par' dir='ltr' id='par_1_7' title="bbox 429 641 2018 711">
     <span class='ocr_line' id='line_1_7' title="bbox 429 641 2018 711; baseline 0.004 -16"><span class='ocrx_word' id='word_1_23' title='bbox 429 643 629 710; x_wconf 80' lang='lat' dir='ltr'><strong>quibus</strong></span> <span class='ocrx_word' id='word_1_24' title='bbox 671 649 727 698; x_wconf 90' lang='lat' dir='ltr'><strong>et</strong></span> <span class='ocrx_word' id='word_1_25' title='bbox 753 651 975 697; x_wconf 81' lang='lat' dir='ltr'><strong>sanctus</strong></span> <span class='ocrx_word' id='word_1_26' title='bbox 1012 643 1346 711; x_wconf 84' lang='lat' dir='ltr'><strong>numineqne</strong></span> <span class='ocrx_word' id='word_1_27' title='bbox 1377 641 1587 698; x_wconf 80' lang='lat' dir='ltr'><strong>afﬂatus</strong></span> <span class='ocrx_word' id='word_1_28' title='bbox 1622 642 1786 699; x_wconf 87' lang='lat' dir='ltr'><strong>Pater</strong></span> <span class='ocrx_word' id='word_1_29' title='bbox 1830 658 2018 701; x_wconf 83' lang='lat' dir='ltr'><strong>noster</strong></span> 
     </span>
    </p>
   </div>
   <div class='ocr_carea' id='block_1_8' title="bbox 429 733 2016 804">
    <p class='ocr_par' dir='ltr' id='par_1_8' title="bbox 429 733 2016 804">
     <span class='ocr_line' id='line_1_8' title="bbox 429 733 2016 804; baseline 0.001 -15"><span class='ocrx_word' id='word_1_30' title='bbox 429 733 724 804; x_wconf 83' lang='lat' dir='ltr'><strong>Gregorius</strong></span> <span class='ocrx_word' id='word_1_31' title='bbox 769 748 974 804; x_wconf 68' lang='lat' dir='ltr'><strong>magna:</strong></span> <span class='ocrx_word' id='word_1_32' title='bbox 989 734 1281 798; x_wconf 69' lang='lat' dir='ltr'><strong>Armeniae,</strong></span> <span class='ocrx_word' id='word_1_33' title='bbox 1298 735 1576 791; x_wconf 87' lang='lat' dir='ltr'><strong>ordinatus</strong></span> <span class='ocrx_word' id='word_1_34' title='bbox 1597 737 1648 791; x_wconf 92' lang='lat' dir='ltr'><strong>in</strong></span> <span class='ocrx_word' id='word_1_35' title='bbox 1672 738 2016 793; x_wconf 87' lang='lat' dir='ltr'><strong>sanctissima</strong></span> 
     </span>
    </p>
   </div>
   <div class='ocr_carea' id='block_1_9' title="bbox 430 827 2014 902">
    <p class='ocr_par' dir='ltr' id='par_1_9' title="bbox 430 827 2014 902">
     <span class='ocr_line' id='line_1_9' title="bbox 430 827 2014 902; baseline 0.001 -19"><span class='ocrx_word' id='word_1_36' title='bbox 430 827 713 897; x_wconf 81' lang='lat' dir='ltr'><strong>metropoli</strong></span> <span class='ocrx_word' id='word_1_37' title='bbox 745 827 1031 896; x_wconf 71' lang='lat' dir='ltr'><strong>Caesareae,</strong></span> <span class='ocrx_word' id='word_1_38' title='bbox 1064 827 1284 883; x_wconf 89' lang='lat' dir='ltr'><strong>decreta</strong></span> <span class='ocrx_word' id='word_1_39' title='bbox 1324 839 1378 885; x_wconf 90' lang='lat' dir='ltr'><strong>et</strong></span> <span class='ocrx_word' id='word_1_40' title='bbox 1423 845 1664 886; x_wconf 84' lang='lat' dir='ltr'><strong>canones</strong></span> <span class='ocrx_word' id='word_1_41' title='bbox 1711 832 1912 902; x_wconf 85' lang='lat' dir='ltr'><strong>posuit,</strong></span> <span class='ocrx_word' id='word_1_42' title='bbox 1949 845 2014 884; x_wconf 88' lang='lat' dir='ltr'><strong>ne</strong></span> 
     </span>
    </p>
   </div>
   <div class='ocr_carea' id='block_1_10' title="bbox 431 919 2013 992">
    <p class='ocr_par' dir='ltr' id='par_1_10' title="bbox 431 919 2013 992">
     <span class='ocr_line' id='line_1_10' title="bbox 431 919 2013 992; baseline 0 -16"><span class='ocrx_word' id='word_1_43' title='bbox 431 935 643 991; x_wconf 70' lang='lat' dir='ltr'><strong>magna:</strong></span> <span class='ocrx_word' id='word_1_44' title='bbox 695 919 966 977; x_wconf 79' lang='lat' dir='ltr'><strong>Armeniae</strong></span> <span class='ocrx_word' id='word_1_45' title='bbox 1017 922 1276 992; x_wconf 86' lang='lat' dir='ltr'><strong>episcopo</strong></span> <span class='ocrx_word' id='word_1_46' title='bbox 1333 922 1495 978; x_wconf 90' lang='lat' dir='ltr'><strong>liceat</strong></span> <span class='ocrx_word' id='word_1_47' title='bbox 1544 923 1672 979; x_wconf 81' lang='lat' dir='ltr'><strong>alibi</strong></span> <span class='ocrx_word' id='word_1_48' title='bbox 1743 924 2013 987; x_wconf 90' lang='lat' dir='ltr'><strong>ordinari,</strong></span> 
     </span>
    </p>
   </div>
   <div class='ocr_carea' id='block_1_11' title="bbox 430 1012 2018 1086">
    <p class='ocr_par' dir='ltr' id='par_1_11' title="bbox 430 1012 2018 1086">
     <span class='ocr_line' id='line_1_11' title="bbox 430 1012 2018 1086; baseline 0.003 -20"><span class='ocrx_word' id='word_1_49' title='bbox 430 1026 593 1082; x_wconf 86' lang='lat' dir='ltr'><strong>quam</strong></span> <span class='ocrx_word' id='word_1_50' title='bbox 645 1013 788 1082; x_wconf 86' lang='lat' dir='ltr'><strong>apud</strong></span> <span class='ocrx_word' id='word_1_51' title='bbox 841 1012 1258 1068; x_wconf 65' lang='lat' dir='ltr'><strong>Caesariensium</strong></span> <span class='ocrx_word' id='word_1_52' title='bbox 1311 1015 1600 1070; x_wconf 83' lang='lat' dir='ltr'><strong>ecclesiam</strong></span> <span class='ocrx_word' id='word_1_53' title='bbox 1637 1033 1652 1072; x_wconf 89' lang='lat'><strong>:</strong></span> <span class='ocrx_word' id='word_1_54' title='bbox 1685 1024 1740 1072; x_wconf 92' lang='lat' dir='ltr'><strong>et</strong></span> <span class='ocrx_word' id='word_1_55' title='bbox 1781 1017 1854 1071; x_wconf 89' lang='lat' dir='ltr'><strong>ita</strong></span> <span class='ocrx_word' id='word_1_56' title='bbox 1897 1023 2018 1086; x_wconf 88' lang='lat' dir='ltr'><strong>post</strong></span> 
     </span>
    </p>
   </div>
   <div class='ocr_carea' id='block_1_12' title="bbox 430 1103 2013 1180">
    <p class='ocr_par' dir='ltr' id='par_1_12' title="bbox 430 1103 2013 1180">
     <span class='ocr_line' id='line_1_12' title="bbox 430 1103 2013 1180; baseline 0.004 -22"><span class='ocrx_word' id='word_1_57' title='bbox 430 1103 670 1158; x_wconf 87' lang='lat' dir='ltr'><strong>divinum</strong></span> <span class='ocrx_word' id='word_1_58' title='bbox 703 1103 918 1161; x_wconf 88' lang='lat' dir='ltr'><strong>Patrem</strong></span> <span class='ocrx_word' id='word_1_59' title='bbox 966 1116 1213 1160; x_wconf 90' lang='lat' dir='ltr'><strong>nostrum</strong></span> <span class='ocrx_word' id='word_1_60' title='bbox 1256 1105 1606 1177; x_wconf 81' lang='lat' dir='ltr'><strong>Gregorium,</strong></span> <span class='ocrx_word' id='word_1_61' title='bbox 1637 1109 1733 1163; x_wconf 88' lang='lat' dir='ltr'><strong>alii</strong></span> <span class='ocrx_word' id='word_1_62' title='bbox 1770 1109 2013 1180; x_wconf 88' lang='lat' dir='ltr'><strong>episcopi</strong></span> 
     </span>
    </p>
   </div>
   <div class='ocr_carea' id='block_1_13' title="bbox 425 1197 2018 1267">
    <p class='ocr_par' dir='ltr' id='par_1_13' title="bbox 425 1197 2018 1267">
     <span class='ocr_line' id='line_1_13' title="bbox 425 1197 2018 1267; baseline 0.004 -18"><span class='ocrx_word' id='word_1_63' title='bbox 425 1203 552 1250; x_wconf 91' lang='lat' dir='ltr'><strong>octo</strong></span> <span class='ocrx_word' id='word_1_64' title='bbox 608 1197 866 1266; x_wconf 88' lang='lat' dir='ltr'><strong>deinceps</strong></span> <span class='ocrx_word' id='word_1_65' title='bbox 916 1197 1151 1252; x_wconf 73' lang='lat' dir='ltr'><strong>ordinati</strong></span> <span class='ocrx_word' id='word_1_66' title='bbox 1205 1207 1356 1254; x_wconf 90' lang='lat' dir='ltr'><strong>sunt.</strong></span> <span class='ocrx_word' id='word_1_67' title='bbox 1406 1197 1638 1265; x_wconf 85' lang='lat' dir='ltr'><strong>Quando</strong></span> <span class='ocrx_word' id='word_1_68' title='bbox 1694 1210 1901 1267; x_wconf 88' lang='lat' dir='ltr'><strong>autem,</strong></span> <span class='ocrx_word' id='word_1_69' title='bbox 1958 1209 2018 1256; x_wconf 88' lang='lat' dir='ltr'><strong>ut</strong></span> 
     </span>
    </p>
   </div>
   <div class='ocr_carea' id='block_1_14' title="bbox 426 1286 2017 1362">
    <p class='ocr_par' dir='ltr' id='par_1_14' title="bbox 426 1286 2017 1362">
     <span class='ocr_line' id='line_1_14' title="bbox 426 1286 2017 1362; baseline 0.006 -22"><span class='ocrx_word' id='word_1_70' title='bbox 426 1286 749 1356; x_wconf 68' lang='lat' dir='ltr'><strong>praedictum</strong></span> <span class='ocrx_word' id='word_1_71' title='bbox 809 1296 917 1354; x_wconf 88' lang='lat' dir='ltr'><strong>est,</strong></span> <span class='ocrx_word' id='word_1_72' title='bbox 949 1297 1145 1344; x_wconf 88' lang='lat' dir='ltr'><strong>sancta</strong></span> <span class='ocrx_word' id='word_1_73' title='bbox 1195 1290 1432 1362; x_wconf 85' lang='lat' dir='ltr'><strong>synodus</strong></span> <span class='ocrx_word' id='word_1_74' title='bbox 1479 1291 1532 1346; x_wconf 92' lang='lat' dir='ltr'><strong>in</strong></span> <span class='ocrx_word' id='word_1_75' title='bbox 1587 1289 1793 1361; x_wconf 87' lang='lat' dir='ltr'><strong>Spiritu</strong></span> <span class='ocrx_word' id='word_1_76' title='bbox 1825 1302 2017 1350; x_wconf 88' lang='lat' dir='ltr'><strong>saneto</strong></span> 
     </span>
    </p>
   </div>
   <div class='ocr_carea' id='block_1_15' title="bbox 425 1379 2013 1451">
    <p class='ocr_par' dir='ltr' id='par_1_15' title="bbox 425 1379 2013 1451">
     <span class='ocr_line' id='line_1_15' title="bbox 425 1379 2013 1451; baseline 0.006 -19"><span class='ocrx_word' id='word_1_77' title='bbox 425 1386 752 1451; x_wconf 88' lang='lat' dir='ltr'><strong>congregata</strong></span> <span class='ocrx_word' id='word_1_78' title='bbox 782 1389 868 1436; x_wconf 90' lang='lat' dir='ltr'><strong>est</strong></span> <span class='ocrx_word' id='word_1_79' title='bbox 895 1379 1260 1448; x_wconf 87' lang='lat' dir='ltr'><strong>Chalcedone,</strong></span> <span class='ocrx_word' id='word_1_80' title='bbox 1302 1381 1542 1438; x_wconf 85' lang='lat' dir='ltr'><strong>schisma</strong></span> <span class='ocrx_word' id='word_1_81' title='bbox 1574 1383 1820 1439; x_wconf 85' lang='lat' dir='ltr'><strong>fecerunt</strong></span> <span class='ocrx_word' id='word_1_82' title='bbox 1850 1396 1906 1440; x_wconf 92' lang='lat' dir='ltr'><strong>et</strong></span> <span class='ocrx_word' id='word_1_83' title='bbox 1948 1387 2013 1442; x_wconf 89' lang='lat' dir='ltr'><strong>ad</strong></span> 
     </span>
    </p>
   </div>
   <div class='ocr_carea' id='block_1_16' title="bbox 425 1473 2016 1549">
    <p class='ocr_par' dir='ltr' id='par_1_16' title="bbox 425 1473 2016 1549">
     <span class='ocr_line' id='line_1_16' title="bbox 425 1473 2016 1549; baseline 0.004 -23"><span class='ocrx_word' id='word_1_84' title='bbox 425 1486 554 1528; x_wconf 88' lang='lat' dir='ltr'><strong>suas</strong></span> <span class='ocrx_word' id='word_1_85' title='bbox 606 1473 844 1528; x_wconf 66' lang='lat' dir='ltr'><strong>haereses</strong></span> <span class='ocrx_word' id='word_1_86' title='bbox 884 1474 1255 1530; x_wconf 85' lang='lat' dir='ltr'><strong>contulerunt&#39;</strong></span> <span class='ocrx_word' id='word_1_87' title='bbox 1286 1490 1368 1539; x_wconf 89' lang='lat' dir='ltr'><strong>se,</strong></span> <span class='ocrx_word' id='word_1_88' title='bbox 1414 1476 1665 1532; x_wconf 83' lang='lat' dir='ltr'><strong>Echanes</strong></span> <span class='ocrx_word' id='word_1_89' title='bbox 1695 1479 1783 1533; x_wconf 84' lang='lat' dir='ltr'><strong>ille</strong></span> <span class='ocrx_word' id='word_1_90' title='bbox 1831 1480 1922 1549; x_wconf 87' lang='lat' dir='ltr'><strong>qui</strong></span> <span class='ocrx_word' id='word_1_91' title='bbox 1961 1490 2016 1534; x_wconf 89' lang='lat' dir='ltr'><strong>et</strong></span> 
     </span>
    </p>
   </div>
   <div class='ocr_carea' id='block_1_17' title="bbox 426 1564 2017 1639">
    <p class='ocr_par' dir='ltr' id='par_1_17' title="bbox 426 1564 2017 1639">
     <span class='ocr_line' id='line_1_17' title="bbox 426 1564 2017 1639; baseline 0.006 -22"><span class='ocrx_word' id='word_1_92' title='bbox 426 1564 782 1620; x_wconf 74' lang='lat' dir='ltr'><strong>Mantaeunes</strong></span> <span class='ocrx_word' id='word_1_93' title='bbox 826 1579 894 1619; x_wconf 88' lang='lat' dir='ltr'><strong>ac</strong></span> <span class='ocrx_word' id='word_1_94' title='bbox 946 1566 1142 1638; x_wconf 88' lang='lat' dir='ltr'><strong>reliqui</strong></span> <span class='ocrx_word' id='word_1_95' title='bbox 1181 1568 1349 1623; x_wconf 72' lang='lat' dir='ltr'><strong>tonus</strong></span> <span class='ocrx_word' id='word_1_96' title='bbox 1383 1568 1657 1624; x_wconf 77' lang='lat' dir='ltr'><strong>Armenia:</strong></span> <span class='ocrx_word' id='word_1_97' title='bbox 1687 1570 1895 1639; x_wconf 81' lang='lat' dir='ltr'><strong>profani</strong></span> <span class='ocrx_word' id='word_1_98' title='bbox 1926 1587 2017 1627; x_wconf 88' lang='lat' dir='ltr'><strong>sa-</strong></span> 
     </span>
    </p>
   </div>
   <div class='ocr_carea' id='block_1_18' title="bbox 425 1655 2015 1732">
    <p class='ocr_par' dir='ltr' id='par_1_18' title="bbox 425 1655 2015 1732">
     <span class='ocr_line' id='line_1_18' title="bbox 425 1655 2015 1732; baseline 0.005 -21"><span class='ocrx_word' id='word_1_99' title='bbox 425 1656 700 1713; x_wconf 89' lang='lat' dir='ltr'><strong>cerdotes.</strong></span> <span class='ocrx_word' id='word_1_100' title='bbox 722 1655 990 1714; x_wconf 74' lang='lat' dir='ltr'><strong>Czeterum</strong></span> <span class='ocrx_word' id='word_1_101' title='bbox 1012 1660 1265 1731; x_wconf 88' lang='lat' dir='ltr'><strong>princeps</strong></span> <span class='ocrx_word' id='word_1_102' title='bbox 1283 1660 1503 1715; x_wconf 74' lang='lat' dir='ltr'><strong>malitiae</strong></span> <span class='ocrx_word' id='word_1_103' title='bbox 1533 1675 1758 1732; x_wconf 88' lang='lat' dir='ltr'><strong>serpens</strong></span> <span class='ocrx_word' id='word_1_104' title='bbox 1777 1664 2015 1720; x_wconf 79' lang='lat' dir='ltr'><strong>inventis</strong></span> 
     </span>
    </p>
   </div>
   <div class='ocr_carea' id='block_1_19' title="bbox 427 1748 2009 1824">
    <p class='ocr_par' dir='ltr' id='par_1_19' title="bbox 427 1748 2009 1824">
     <span class='ocr_line' id='line_1_19' title="bbox 427 1748 2009 1824; baseline 0.006 -23"><span class='ocrx_word' id='word_1_105' title='bbox 427 1748 713 1818; x_wconf 82' lang='lat' dir='ltr'><strong>pravitatis</strong></span> <span class='ocrx_word' id='word_1_106' title='bbox 744 1764 856 1804; x_wconf 69' lang='lat' dir='ltr'><strong>sua:</strong></span> <span class='ocrx_word' id='word_1_107' title='bbox 891 1750 1269 1807; x_wconf 88' lang='lat' dir='ltr'><strong>instrumentis</strong></span> <span class='ocrx_word' id='word_1_108' title='bbox 1321 1751 1584 1809; x_wconf 89' lang='lat' dir='ltr'><strong>Dioscoro</strong></span> <span class='ocrx_word' id='word_1_109' title='bbox 1611 1754 2009 1824; x_wconf 77' lang='lat' dir='ltr'><strong>Alexandrino,</strong></span> 
     </span>
    </p>
   </div>
   <div class='ocr_carea' id='block_1_20' title="bbox 2121 550 3710 628">
    <p class='ocr_par' dir='ltr' id='par_1_20' title="bbox 2121 550 3710 628">
     <span class='ocr_line' id='line_1_20' title="bbox 2121 550 3710 628; baseline 0.004 -25"><span class='ocrx_word' id='word_1_110' title='bbox 2121 551 2336 622; x_wconf 80' lang='grc' dir='ltr'>αἵρεσιν</span> <span class='ocrx_word' id='word_1_111' title='bbox 2365 550 2695 619; x_wconf 79' lang='grc' dir='ltr'>ἁπεδίωξαν,</span> <span class='ocrx_word' id='word_1_112' title='bbox 2737 555 2833 607; x_wconf 78' lang='grc' dir='ltr'><strong>καὶ</strong></span> <span class='ocrx_word' id='word_1_113' title='bbox 2872 553 2951 623; x_wconf 85' lang='grc' dir='ltr'><strong>τῷ</strong></span> <span class='ocrx_word' id='word_1_114' title='bbox 2988 556 3198 626; x_wconf 71' lang='grc' dir='ltr'>αἰωνίῳ</span> <span class='ocrx_word' id='word_1_115' title='bbox 3231 555 3538 626; x_wconf 74' lang='grc' dir='ltr'>ἀναθὲματι</span> <span class='ocrx_word' id='word_1_116' title='bbox 3567 574 3710 628; x_wconf 82' lang='grc' dir='ltr'>παρ-</span> 
     </span>
    </p>
   </div>
   <div class='ocr_carea' id='block_1_21' title="bbox 2120 643 3708 720">
    <p class='ocr_par' dir='ltr' id='par_1_21' title="bbox 2120 643 3708 720">
     <span class='ocr_line' id='line_1_21' title="bbox 2120 643 3708 720; baseline 0.003 -22"><span class='ocrx_word' id='word_1_117' title='bbox 2120 645 2407 698; x_wconf 85' lang='grc' dir='ltr'>εδώκασιν.</span> <span class='ocrx_word' id='word_1_118' title='bbox 2463 647 2553 698; x_wconf 86' lang='grc' dir='ltr'>Ἐν</span> <span class='ocrx_word' id='word_1_119' title='bbox 2584 643 2663 708; x_wconf 79' lang='grc' dir='ltr'>οἷς</span> <span class='ocrx_word' id='word_1_120' title='bbox 2699 647 2795 699; x_wconf 70' lang='grc' dir='ltr'><strong>καὶ</strong></span> <span class='ocrx_word' id='word_1_121' title='bbox 2833 649 2860 700; x_wconf 83' lang='grc' dir='ltr'>ὁ</span> <span class='ocrx_word' id='word_1_122' title='bbox 2888 646 3044 716; x_wconf 71' lang='grc' dir='ltr'>ἅγιος</span> <span class='ocrx_word' id='word_1_123' title='bbox 3079 649 3173 701; x_wconf 73' lang='grc' dir='ltr'><strong>καὶ</strong></span> <span class='ocrx_word' id='word_1_124' title='bbox 3208 647 3473 718; x_wconf 76' lang='grc' dir='ltr'>θεοφόρος</span> <span class='ocrx_word' id='word_1_125' title='bbox 3518 650 3708 720; x_wconf 73' lang='grc' dir='ltr'>Πατὴρ</span> 
     </span>
    </p>
   </div>
   <div class='ocr_carea' id='block_1_22' title="bbox 2120 738 3710 813">
    <p class='ocr_par' dir='ltr' id='par_1_22' title="bbox 2120 738 3710 813">
     <span class='ocr_line' id='line_1_22' title="bbox 2120 738 3710 813; baseline 0.001 -22"><span class='ocrx_word' id='word_1_126' title='bbox 2120 738 2280 808; x_wconf 80' lang='grc' dir='ltr'>ἡμῶν</span> <span class='ocrx_word' id='word_1_127' title='bbox 2319 738 2622 810; x_wconf 85' lang='grc' dir='ltr'>Γρηγόριος</span> <span class='ocrx_word' id='word_1_128' title='bbox 2661 741 2689 793; x_wconf 85' lang='grc' dir='ltr'>ὁ</span> <span class='ocrx_word' id='word_1_129' title='bbox 2719 739 2816 808; x_wconf 81' lang='grc' dir='ltr'><strong>τῆς</strong></span> <span class='ocrx_word' id='word_1_130' title='bbox 2851 740 3098 810; x_wconf 82' lang='grc' dir='ltr'><strong>μεγάλης</strong></span> <span class='ocrx_word' id='word_1_131' title='bbox 3133 741 3432 811; x_wconf 81' lang='grc' dir='ltr'>Ἀρμενίας</span> <span class='ocrx_word' id='word_1_132' title='bbox 3466 759 3710 813; x_wconf 84' lang='grc' dir='ltr'>χειροτο-</span> 
     </span>
    </p>
   </div>
   <div class='ocr_carea' id='block_1_23' title="bbox 2119 827 3710 899">
    <p class='ocr_par' dir='ltr' id='par_1_23' title="bbox 2119 827 3710 899">
     <span class='ocr_line' id='line_1_23' title="bbox 2119 827 3710 899; baseline -0.002 -17"><span class='ocrx_word' id='word_1_133' title='bbox 2119 828 2307 899; x_wconf 75' lang='grc' dir='ltr'>νηθεὶς</span> <span class='ocrx_word' id='word_1_134' title='bbox 2339 831 2402 899; x_wconf 87' lang='grc' dir='ltr'>τῇ</span> <span class='ocrx_word' id='word_1_135' title='bbox 2451 827 2737 898; x_wconf 78' lang='grc' dir='ltr'><strong>ἁγιωτάτῃ</strong></span> <span class='ocrx_word' id='word_1_136' title='bbox 2784 827 3116 899; x_wconf 79' lang='grc' dir='ltr'><strong>μητροπόλει</strong></span> <span class='ocrx_word' id='word_1_137' title='bbox 3153 828 3516 898; x_wconf 76' lang='grc' dir='ltr'><strong>Καισαρείας,</strong></span> <span class='ocrx_word' id='word_1_138' title='bbox 3548 830 3710 897; x_wconf 72' lang='grc' dir='ltr'>ὅρους</span> 
     </span>
    </p>
   </div>
   <div class='ocr_carea' id='block_1_24' title="bbox 2121 920 3708 992">
    <p class='ocr_par' dir='ltr' id='par_1_24' title="bbox 2121 920 3708 992">
     <span class='ocr_line' id='line_1_24' title="bbox 2121 920 3708 992; baseline -0.002 -17"><span class='ocrx_word' id='word_1_139' title='bbox 2121 925 2216 976; x_wconf 68' lang='grc' dir='ltr'><strong>καὶ</strong></span> <span class='ocrx_word' id='word_1_140' title='bbox 2256 923 2488 985; x_wconf 74' lang='grc' dir='ltr'>κανόνας</span> <span class='ocrx_word' id='word_1_141' title='bbox 2546 921 2704 975; x_wconf 76' lang='grc' dir='ltr'>ἔθετο</span> <span class='ocrx_word' id='word_1_142' title='bbox 2747 921 2842 975; x_wconf 89' lang='grc' dir='ltr'><strong>τοῦ</strong></span> <span class='ocrx_word' id='word_1_143' title='bbox 2875 921 2952 992; x_wconf 85' lang='grc' dir='ltr'><strong>μὴ</strong></span> <span class='ocrx_word' id='word_1_144' title='bbox 2985 921 3133 992; x_wconf 82' lang='grc' dir='ltr'>ἔχειν</span> <span class='ocrx_word' id='word_1_145' title='bbox 3179 921 3434 985; x_wconf 76' lang='grc' dir='ltr'><strong>ἐξουσίαν</strong></span> <span class='ocrx_word' id='word_1_146' title='bbox 3468 920 3708 991; x_wconf 80' lang='grc' dir='ltr'><strong>ἀλλαχοῦ</strong></span> 
     </span>
    </p>
   </div>
   <div class='ocr_carea' id='block_1_25' title="bbox 2119 1013 3710 1086">
    <p class='ocr_par' dir='ltr' id='par_1_25' title="bbox 2119 1013 3710 1086">
     <span class='ocr_line' id='line_1_25' title="bbox 2119 1013 3710 1086; baseline -0.002 -19"><span class='ocrx_word' id='word_1_147' title='bbox 2119 1015 2572 1086; x_wconf 74' lang='grc' dir='ltr'><strong>χειροτονηθῆναι</strong></span> <span class='ocrx_word' id='word_1_148' title='bbox 2617 1015 2712 1068; x_wconf 77' lang='grc' dir='ltr'><strong>τὸν</strong></span> <span class='ocrx_word' id='word_1_149' title='bbox 2758 1015 2856 1083; x_wconf 86' lang='grc' dir='ltr'><strong>τῆς</strong></span> <span class='ocrx_word' id='word_1_150' title='bbox 2891 1015 3139 1083; x_wconf 77' lang='grc' dir='ltr'><strong>μεγάλης</strong></span> <span class='ocrx_word' id='word_1_151' title='bbox 3181 1013 3478 1084; x_wconf 85' lang='grc' dir='ltr'><strong>Ἀρμενίας</strong></span> <span class='ocrx_word' id='word_1_152' title='bbox 3519 1015 3710 1085; x_wconf 85' lang='grc' dir='ltr'>ἀρχιε-</span> 
     </span>
    </p>
   </div>
   <div class='ocr_carea' id='block_1_26' title="bbox 2121 1101 3709 1178">
    <p class='ocr_par' dir='ltr' id='par_1_26' title="bbox 2121 1101 3709 1178">
     <span class='ocr_line' id='line_1_26' title="bbox 2121 1101 3709 1178; baseline -0.002 -19"><span class='ocrx_word' id='word_1_153' title='bbox 2121 1106 2243 1177; x_wconf 87' lang='grc' dir='ltr'>ρέα,</span> <span class='ocrx_word' id='word_1_154' title='bbox 2286 1107 2335 1160; x_wconf 82' lang='grc' dir='ltr'><strong>εί</strong></span> <span class='ocrx_word' id='word_1_155' title='bbox 2397 1105 2474 1178; x_wconf 83' lang='grc' dir='ltr'>μὴ</span> <span class='ocrx_word' id='word_1_156' title='bbox 2517 1107 2575 1158; x_wconf 80' lang='grc' dir='ltr'>ὲν</span> <span class='ocrx_word' id='word_1_157' title='bbox 2618 1108 2685 1177; x_wconf 78' lang='grc' dir='ltr'>τῇ</span> <span class='ocrx_word' id='word_1_158' title='bbox 2725 1105 2993 1176; x_wconf 76' lang='grc' dir='ltr'><strong>ἐκκλησίᾳ</strong></span> <span class='ocrx_word' id='word_1_159' title='bbox 3039 1104 3152 1157; x_wconf 91' lang='grc' dir='ltr'><strong>τῶν</strong></span> <span class='ocrx_word' id='word_1_160' title='bbox 3191 1105 3556 1174; x_wconf 84' lang='grc' dir='ltr'>Καισαρέων’</span> <span class='ocrx_word' id='word_1_161' title='bbox 3612 1101 3709 1156; x_wconf 74' lang='grc' dir='ltr'><strong>καὶ</strong></span> 
     </span>
    </p>
   </div>
   <div class='ocr_carea' id='block_1_27' title="bbox 2117 1196 3706 1267">
    <p class='ocr_par' dir='ltr' id='par_1_27' title="bbox 2117 1196 3706 1267">
     <span class='ocr_line' id='line_1_27' title="bbox 2117 1196 3706 1267; baseline -0.001 -17"><span class='ocrx_word' id='word_1_162' title='bbox 2117 1196 2214 1250; x_wconf 74' lang='grc' dir='ltr'>ἀπ’</span> <span class='ocrx_word' id='word_1_163' title='bbox 2252 1196 2421 1252; x_wconf 79' lang='grc' dir='ltr'>αὐτοῦ</span> <span class='ocrx_word' id='word_1_164' title='bbox 2469 1196 2564 1250; x_wconf 87' lang='grc' dir='ltr'><strong>τοῦ</strong></span> <span class='ocrx_word' id='word_1_165' title='bbox 2597 1197 2864 1267; x_wconf 83' lang='grc' dir='ltr'>θεοφόρου</span> <span class='ocrx_word' id='word_1_166' title='bbox 2925 1196 3143 1267; x_wconf 83' lang='grc' dir='ltr'>Πατρὸς</span> <span class='ocrx_word' id='word_1_167' title='bbox 3181 1197 3340 1267; x_wconf 82' lang='grc' dir='ltr'>ἡμῶν</span> <span class='ocrx_word' id='word_1_168' title='bbox 3376 1196 3706 1267; x_wconf 88' lang='grc' dir='ltr'>Γρηγορίου,</span> 
     </span>
    </p>
   </div>
   <div class='ocr_carea' id='block_1_28' title="bbox 2117 1283 3703 1357">
    <p class='ocr_par' dir='ltr' id='par_1_28' title="bbox 2117 1283 3703 1357">
     <span class='ocr_line' id='line_1_28' title="bbox 2117 1283 3703 1357; baseline 0 -20"><span class='ocrx_word' id='word_1_169' title='bbox 2117 1283 2296 1356; x_wconf 77' lang='grc' dir='ltr'>ἕτεροι</span> <span class='ocrx_word' id='word_1_170' title='bbox 2350 1286 2630 1356; x_wconf 80' lang='grc' dir='ltr'>ἀρχιερεῖς</span> <span class='ocrx_word' id='word_1_171' title='bbox 2681 1284 3180 1357; x_wconf 80' lang='grc' dir='ltr'>ἐχειροτονήθησαν</span> <span class='ocrx_word' id='word_1_172' title='bbox 3241 1284 3482 1354; x_wconf 80' lang='grc' dir='ltr'><strong>καθεξῆς</strong></span> <span class='ocrx_word' id='word_1_173' title='bbox 3538 1283 3703 1337; x_wconf 79' lang='grc' dir='ltr'>ὀκτώ.</span> 
     </span>
    </p>
   </div>
   <div class='ocr_carea' id='block_1_29' title="bbox 2119 1377 3706 1450">
    <p class='ocr_par' dir='ltr' id='par_1_29' title="bbox 2119 1377 3706 1450">
     <span class='ocr_line' id='line_1_29' title="bbox 2119 1377 3706 1450; baseline -0.001 -19"><span class='ocrx_word' id='word_1_174' title='bbox 2119 1378 2249 1431; x_wconf 85' lang='grc' dir='ltr'><strong>Ὅτε</strong></span> <span class='ocrx_word' id='word_1_175' title='bbox 2281 1377 2359 1442; x_wconf 83' lang='grc' dir='ltr'><strong>δὲ,</strong></span> <span class='ocrx_word' id='word_1_176' title='bbox 2401 1379 2474 1442; x_wconf 82' lang='grc' dir='ltr'>ὡς</span> <span class='ocrx_word' id='word_1_177' title='bbox 2506 1378 2829 1450; x_wconf 86' lang='grc' dir='ltr'>προείρηται</span> <span class='ocrx_word' id='word_1_178' title='bbox 2855 1380 2888 1449; x_wconf 82' lang='grc' dir='ltr'>ἡ</span> <span class='ocrx_word' id='word_1_179' title='bbox 2935 1377 3067 1447; x_wconf 88' lang='grc' dir='ltr'>ἁγία</span> <span class='ocrx_word' id='word_1_180' title='bbox 3099 1378 3313 1442; x_wconf 80' lang='grc' dir='ltr'>σύνοδος</span> <span class='ocrx_word' id='word_1_181' title='bbox 3340 1381 3397 1430; x_wconf 79' lang='grc' dir='ltr'>ὲν</span> <span class='ocrx_word' id='word_1_182' title='bbox 3426 1377 3706 1447; x_wconf 79' lang='grc' dir='ltr'>Πνεῦματι</span> 
     </span>
    </p>
   </div>
   <div class='ocr_carea' id='block_1_30' title="bbox 2119 1469 3708 1541">
    <p class='ocr_par' dir='ltr' id='par_1_30' title="bbox 2119 1469 3708 1541">
     <span class='ocr_line' id='line_1_30' title="bbox 2119 1469 3708 1541; baseline -0.001 -18"><span class='ocrx_word' id='word_1_183' title='bbox 2119 1470 2263 1538; x_wconf 82' lang='grc' dir='ltr'>ἁγίῳ</span> <span class='ocrx_word' id='word_1_184' title='bbox 2303 1469 2672 1540; x_wconf 82' lang='grc' dir='ltr'>συνηθροίσθη</span> <span class='ocrx_word' id='word_1_185' title='bbox 2705 1472 2762 1522; x_wconf 83' lang='grc' dir='ltr'>ὲν</span> <span class='ocrx_word' id='word_1_186' title='bbox 2795 1471 3124 1540; x_wconf 80' lang='grc' dir='ltr'>Χαλκηδόνι,</span> <span class='ocrx_word' id='word_1_187' title='bbox 3154 1471 3466 1541; x_wconf 81' lang='grc' dir='ltr'>ἀπέσχισαν</span> <span class='ocrx_word' id='word_1_188' title='bbox 3498 1470 3594 1524; x_wconf 76' lang='grc' dir='ltr'>καὶ</span> <span class='ocrx_word' id='word_1_189' title='bbox 3625 1471 3708 1531; x_wconf 80' lang='grc' dir='ltr'>εἰς</span> 
     </span>
    </p>
   </div>
   <div class='ocr_carea' id='block_1_31' title="bbox 2119 1561 3708 1635">
    <p class='ocr_par' dir='ltr' id='par_1_31' title="bbox 2119 1561 3708 1635">
     <span class='ocr_line' id='line_1_31' title="bbox 2119 1561 3708 1635; baseline 0 -20"><span class='ocrx_word' id='word_1_190' title='bbox 2119 1562 2259 1624; x_wconf 77' lang='grc' dir='ltr'>ἰδίας</span> <span class='ocrx_word' id='word_1_191' title='bbox 2307 1561 2555 1633; x_wconf 80' lang='grc' dir='ltr'>αἱρέσεις</span> <span class='ocrx_word' id='word_1_192' title='bbox 2598 1562 2917 1633; x_wconf 79' lang='grc' dir='ltr'>ἐχώρησαν,</span> <span class='ocrx_word' id='word_1_193' title='bbox 2965 1564 2992 1616; x_wconf 84' lang='grc' dir='ltr'>ὁ</span> <span class='ocrx_word' id='word_1_194' title='bbox 3045 1563 3278 1635; x_wconf 75' lang='grc' dir='ltr'>Ἐχᾶνης</span> <span class='ocrx_word' id='word_1_195' title='bbox 3309 1565 3524 1628; x_wconf 80' lang='grc' dir='ltr'>ἐκεῖνος</span> <span class='ocrx_word' id='word_1_196' title='bbox 3551 1565 3581 1616; x_wconf 82' lang='grc' dir='ltr'><strong>ό</strong></span> <span class='ocrx_word' id='word_1_197' title='bbox 3610 1564 3708 1616; x_wconf 81' lang='grc' dir='ltr'><strong>καὶ</strong></span> 
     </span>
    </p>
   </div>
   <div class='ocr_carea' id='block_1_32' title="bbox 2115 1649 3705 1726">
    <p class='ocr_par' dir='ltr' id='par_1_32' title="bbox 2115 1649 3705 1726">
     <span class='ocr_line' id='line_1_32' title="bbox 2115 1649 3705 1726; baseline 0 -21"><span class='ocrx_word' id='word_1_198' title='bbox 2115 1649 2523 1718; x_wconf 81' lang='grc' dir='ltr'>Μαντακουνῆς</span> <span class='ocrx_word' id='word_1_199' title='bbox 2553 1652 2672 1719; x_wconf 78' lang='grc' dir='ltr'><strong>ἅμα</strong></span> <span class='ocrx_word' id='word_1_200' title='bbox 2725 1651 2835 1704; x_wconf 91' lang='grc' dir='ltr'><strong>τῶν</strong></span> <span class='ocrx_word' id='word_1_201' title='bbox 2889 1651 3097 1706; x_wconf 80' lang='grc' dir='ltr'>λοιπῶν</span> <span class='ocrx_word' id='word_1_202' title='bbox 3140 1654 3376 1724; x_wconf 78' lang='grc' dir='ltr'>ἀνιέρων</span> <span class='ocrx_word' id='word_1_203' title='bbox 3419 1658 3526 1724; x_wconf 72' lang='grc' dir='ltr'>,τῆς</span> <span class='ocrx_word' id='word_1_204' title='bbox 3574 1655 3705 1726; x_wconf 75' lang='grc' dir='ltr'>ὅλης</span> 
     </span>
    </p>
   </div>
   <div class='ocr_carea' id='block_1_33' title="bbox 2130 1741 3706 1816">
    <p class='ocr_par' dir='ltr' id='par_1_33' title="bbox 2130 1741 3706 1816">
     <span class='ocr_line' id='line_1_33' title="bbox 2130 1741 3706 1816; baseline 0.022 -29"><span class='ocrx_word' id='word_1_205' title='bbox 2130 1742 2444 1813; x_wconf 83' lang='grc' dir='ltr'>Ἀρμενίας.</span> <span class='ocrx_word' id='word_1_206' title='bbox 2481 1741 2679 1812; x_wconf 81' lang='grc' dir='ltr'>Εύρὼν</span> <span class='ocrx_word' id='word_1_207' title='bbox 2707 1744 2764 1797; x_wconf 82' lang='grc' dir='ltr'><strong>δὲ</strong></span> <span class='ocrx_word' id='word_1_208' title='bbox 2791 1745 2821 1797; x_wconf 87' lang='grc' dir='ltr'><strong>ό</strong></span> <span class='ocrx_word' id='word_1_209' title='bbox 2859 1745 3176 1815; x_wconf 77' lang='grc' dir='ltr'>ἀρχέκακος</span> <span class='ocrx_word' id='word_1_210' title='bbox 3209 1745 3331 1814; x_wconf 71' lang='grc' dir='ltr'>ὄφις</span> <span class='ocrx_word' id='word_1_211' title='bbox 3362 1746 3570 1814; x_wconf 76' lang='grc' dir='ltr'>ὄργανα</span> <span class='ocrx_word' id='word_1_212' title='bbox 3604 1749 3706 1816; x_wconf 70' lang='grc' dir='ltr'>τῆς</span> 
     </span>
    </p>
   </div>
   <div class='ocr_carea' id='block_1_34' title="bbox 428 1817 2015 1920">
    <p class='ocr_par' dir='ltr' id='par_1_34' title="bbox 428 1817 2010 1920">
     <span class='ocr_line' id='line_1_34' title="bbox 428 1817 2010 1920; baseline 0.004 -21"><span class='ocrx_word' id='word_1_213' title='bbox 428 1817 590 1899; x_wconf 85' lang='lat' dir='ltr'><strong>Petro</strong></span> <span class='ocrx_word' id='word_1_214' title='bbox 642 1843 1008 1909; x_wconf 78' lang='lat' dir='ltr'><strong>Antiocheao,</strong></span> <span class='ocrx_word' id='word_1_215' title='bbox 1061 1855 1116 1901; x_wconf 92' lang='lat' dir='ltr'><strong>et</strong></span> <span class='ocrx_word' id='word_1_216' title='bbox 1183 1846 1538 1902; x_wconf 78' lang='lat' dir='ltr'><strong>Monothelita</strong></span> <span class='ocrx_word' id='word_1_217' title='bbox 1595 1847 1862 1919; x_wconf 83' lang='lat' dir='ltr'><strong>Eutyche,</strong></span> <span class='ocrx_word' id='word_1_218' title='bbox 1919 1817 2010 1920; x_wconf 83' lang='lat' dir='ltr'><strong>qui</strong></span> 
     </span>
    </p>
   </div>
   <div class='ocr_carea' id='block_1_35' title="bbox 2120 1817 3708 1920">
    <p class='ocr_par' dir='ltr' id='par_1_35' title="bbox 2120 1834 3708 1910">
     <span class='ocr_line' id='line_1_35' title="bbox 2120 1834 3708 1910; baseline 0.003 -21"><span class='ocrx_word' id='word_1_219' title='bbox 2120 1834 2289 1889; x_wconf 80' lang='grc' dir='ltr'>αὑτοῦ</span> <span class='ocrx_word' id='word_1_220' title='bbox 2321 1839 2626 1906; x_wconf 87' lang='grc' dir='ltr'>σκαιωρία;</span> <span class='ocrx_word' id='word_1_221' title='bbox 2662 1836 2956 1909; x_wconf 85' lang='grc' dir='ltr'>Διόσκορον</span> <span class='ocrx_word' id='word_1_222' title='bbox 2986 1839 3078 1892; x_wconf 77' lang='grc' dir='ltr'>τὸν</span> <span class='ocrx_word' id='word_1_223' title='bbox 3126 1839 3564 1910; x_wconf 79' lang='grc' dir='ltr'>Ἀλεξανδρείας,</span> <span class='ocrx_word' id='word_1_224' title='bbox 3609 1842 3708 1894; x_wconf 73' lang='grc' dir='ltr'><strong>καὶ</strong></span> 
     </span>
    </p>
   </div>
   <div class='ocr_carea' id='block_1_36' title="bbox 424 1934 2013 2010">
    <p class='ocr_par' dir='ltr' id='par_1_36' title="bbox 424 1934 2013 2010">
     <span class='ocr_line' id='line_1_36' title="bbox 424 1934 2013 2010; baseline 0.006 -22"><span class='ocrx_word' id='word_1_225' title='bbox 424 1934 636 2004; x_wconf 79' lang='lat' dir='ltr'><strong>expulsi</strong></span> <span class='ocrx_word' id='word_1_226' title='bbox 663 1944 722 1991; x_wconf 92' lang='lat' dir='ltr'><strong>et</strong></span> <span class='ocrx_word' id='word_1_227' title='bbox 769 1937 1113 1992; x_wconf 83' lang='lat' dir='ltr'><strong>anathemate</strong></span> <span class='ocrx_word' id='word_1_228' title='bbox 1134 1939 1380 2008; x_wconf 88' lang='lat' dir='ltr'><strong>percussi</strong></span> <span class='ocrx_word' id='word_1_229' title='bbox 1412 1936 1628 1995; x_wconf 87' lang='lat' dir='ltr'><strong>fuerant</strong></span> <span class='ocrx_word' id='word_1_230' title='bbox 1661 1955 1759 2010; x_wconf 87' lang='lat' dir='ltr'><strong>per</strong></span> <span class='ocrx_word' id='word_1_231' title='bbox 1793 1954 2013 1998; x_wconf 88' lang='lat' dir='ltr'><strong>sanctas</strong></span> 
     </span>
    </p>
   </div>
   <div class='ocr_carea' id='block_1_37' title="bbox 429 2029 2017 2106">
    <p class='ocr_par' dir='ltr' id='par_1_37' title="bbox 429 2029 2017 2106">
     <span class='ocr_line' id='line_1_37' title="bbox 429 2029 2017 2106; baseline 0.004 -23"><span class='ocrx_word' id='word_1_232' title='bbox 429 2029 906 2099; x_wconf 74' lang='lat' dir='ltr'><strong>mcumenicasque</strong></span> <span class='ocrx_word' id='word_1_233' title='bbox 963 2031 1250 2101; x_wconf 85' lang='lat' dir='ltr'><strong>synodos:</strong></span> <span class='ocrx_word' id='word_1_234' title='bbox 1295 2033 1364 2098; x_wconf 91' lang='lat' dir='ltr'><strong>is,</strong></span> <span class='ocrx_word' id='word_1_235' title='bbox 1407 2031 1651 2102; x_wconf 91' lang='lat' dir='ltr'><strong>inquam,</strong></span> <span class='ocrx_word' id='word_1_236' title='bbox 1701 2050 1926 2106; x_wconf 88' lang='lat' dir='ltr'><strong>serpens</strong></span> <span class='ocrx_word' id='word_1_237' title='bbox 1963 2046 2017 2092; x_wconf 89' lang='lat' dir='ltr'><strong>et</strong></span> 
     </span>
    </p>
   </div>
   <div class='ocr_carea' id='block_1_38' title="bbox 427 2122 2013 2194">
    <p class='ocr_par' dir='ltr' id='par_1_38' title="bbox 427 2122 2013 2194">
     <span class='ocr_line' id='line_1_38' title="bbox 427 2122 2013 2194; baseline 0.004 -19"><span class='ocrx_word' id='word_1_238' title='bbox 427 2122 668 2178; x_wconf 82' lang='lat' dir='ltr'><strong>Armenii</strong></span> <span class='ocrx_word' id='word_1_239' title='bbox 722 2123 776 2177; x_wconf 82' lang='lat' dir='ltr'><strong>in</strong></span> <span class='ocrx_word' id='word_1_240' title='bbox 828 2123 1048 2179; x_wconf 76' lang='lat' dir='ltr'><strong>civitate</strong></span> <span class='ocrx_word' id='word_1_241' title='bbox 1090 2124 1364 2180; x_wconf 68' lang='lat' dir='ltr'><strong>Armenia:</strong></span> <span class='ocrx_word' id='word_1_242' title='bbox 1413 2125 1557 2180; x_wconf 87' lang='lat' dir='ltr'><strong>dicta</strong></span> <span class='ocrx_word' id='word_1_243' title='bbox 1614 2125 1730 2182; x_wconf 90' lang='lat' dir='ltr'><strong>The</strong></span> <span class='ocrx_word' id='word_1_244' title='bbox 1779 2127 2013 2194; x_wconf 88' lang='lat' dir='ltr'><strong>collecti,</strong></span> 
     </span>
    </p>
   </div>
   <div class='ocr_carea' id='block_1_39' title="bbox 427 2214 2014 2288">
    <p class='ocr_par' dir='ltr' id='par_1_39' title="bbox 427 2214 2014 2288">
     <span class='ocr_line' id='line_1_39' title="bbox 427 2214 2014 2288; baseline 0.005 -22"><span class='ocrx_word' id='word_1_245' title='bbox 427 2215 609 2283; x_wconf 86' lang='lat' dir='ltr'><strong>ibique</strong></span> <span class='ocrx_word' id='word_1_246' title='bbox 633 2215 864 2284; x_wconf 84' lang='lat' dir='ltr'><strong>synodo,</strong></span> <span class='ocrx_word' id='word_1_247' title='bbox 900 2223 960 2269; x_wconf 92' lang='lat' dir='ltr'><strong>ut</strong></span> <span class='ocrx_word' id='word_1_248' title='bbox 990 2214 1104 2285; x_wconf 73' lang='lat' dir='ltr'><strong>ipsi</strong></span> <span class='ocrx_word' id='word_1_249' title='bbox 1141 2215 1427 2285; x_wconf 83' lang='lat' dir='ltr'><strong>putabant,</strong></span> <span class='ocrx_word' id='word_1_250' title='bbox 1464 2227 1809 2288; x_wconf 84' lang='lat' dir='ltr'><strong>congregata,</strong></span> <span class='ocrx_word' id='word_1_251' title='bbox 1849 2219 2014 2288; x_wconf 88' lang='lat' dir='ltr'><strong>impia</strong></span> 
     </span>
    </p>
   </div>
   <div class='ocr_carea' id='block_1_40' title="bbox 425 2305 2015 2382">
    <p class='ocr_par' dir='ltr' id='par_1_40' title="bbox 425 2305 2015 2382">
     <span class='ocr_line' id='line_1_40' title="bbox 425 2305 2015 2382; baseline 0.004 -22"><span class='ocrx_word' id='word_1_252' title='bbox 425 2313 488 2361; x_wconf 89' lang='lat' dir='ltr'><strong>et</strong></span> <span class='ocrx_word' id='word_1_253' title='bbox 545 2305 864 2377; x_wconf 82' lang='lat' dir='ltr'><strong>blaSphema</strong></span> <span class='ocrx_word' id='word_1_254' title='bbox 919 2309 1366 2379; x_wconf 84' lang='lat' dir='ltr'><strong>conscripserunt</strong></span> <span class='ocrx_word' id='word_1_255' title='bbox 1431 2309 1718 2381; x_wconf 81' lang='lat' dir='ltr'><strong>dogmata;</strong></span> <span class='ocrx_word' id='word_1_256' title='bbox 1784 2311 2015 2382; x_wconf 88' lang='lat' dir='ltr'><strong>indeque</strong></span> 
     </span>
    </p>
   </div>
   <div class='ocr_carea' id='block_1_41' title="bbox 424 2397 2003 2461">
    <p class='ocr_par' dir='ltr' id='par_1_41' title="bbox 424 2397 2003 2461">
     <span class='ocr_line' id='line_1_41' title="bbox 424 2397 2003 2461; baseline 0.005 -8"><span class='ocrx_word' id='word_1_257' title='bbox 424 2411 664 2454; x_wconf 86' lang='lat' dir='ltr'><strong>errorem</strong></span> <span class='ocrx_word' id='word_1_258' title='bbox 695 2397 1246 2456; x_wconf 82' lang='lat' dir='ltr'><strong>Chantzitzariorum.</strong></span> <span class='ocrx_word' id='word_1_259' title='bbox 1282 2400 1375 2457; x_wconf 90' lang='lat' dir='ltr'><strong>Sic</strong></span> <span class='ocrx_word' id='word_1_260' title='bbox 1403 2401 1472 2457; x_wconf 86' lang='lat' dir='ltr'><strong>ab</strong></span> <span class='ocrx_word' id='word_1_261' title='bbox 1502 2402 1608 2458; x_wconf 89' lang='lat' dir='ltr'><strong>illis</strong></span> <span class='ocrx_word' id='word_1_262' title='bbox 1637 2403 2003 2461; x_wconf 82' lang='lat' dir='ltr'><strong>existimatur.</strong></span> 
     </span>
    </p>
   </div>
   <div class='ocr_carea' id='block_1_42' title="bbox 424 2488 2016 2564">
    <p class='ocr_par' dir='ltr' id='par_1_42' title="bbox 424 2488 2016 2564">
     <span class='ocr_line' id='line_1_42' title="bbox 424 2488 2016 2564; baseline 0.004 -20"><span class='ocrx_word' id='word_1_263' title='bbox 424 2488 740 2546; x_wconf 87' lang='lat' dir='ltr'><strong>Passionem</strong></span> <span class='ocrx_word' id='word_1_264' title='bbox 782 2491 849 2545; x_wconf 92' lang='lat' dir='ltr'><strong>ad</strong></span> <span class='ocrx_word' id='word_1_265' title='bbox 879 2491 1189 2560; x_wconf 85' lang='lat' dir='ltr'><strong>passionem</strong></span> <span class='ocrx_word' id='word_1_266' title='bbox 1239 2493 1527 2562; x_wconf 85' lang='lat' dir='ltr'><strong>imponunt</strong></span> <span class='ocrx_word' id='word_1_267' title='bbox 1556 2494 1603 2548; x_wconf 92' lang='lat' dir='ltr'><strong>ei</strong></span> <span class='ocrx_word' id='word_1_268' title='bbox 1644 2495 1789 2564; x_wconf 89' lang='lat' dir='ltr'><strong>quod</strong></span> <span class='ocrx_word' id='word_1_269' title='bbox 1824 2511 1921 2564; x_wconf 91' lang='lat' dir='ltr'><strong>per</strong></span> <span class='ocrx_word' id='word_1_270' title='bbox 1957 2511 2016 2552; x_wconf 88' lang='lat' dir='ltr'><strong>se</strong></span> 
     </span>
    </p>
   </div>
   <div class='ocr_carea' id='block_1_43' title="bbox 428 2580 2013 2653">
    <p class='ocr_par' dir='ltr' id='par_1_43' title="bbox 428 2580 2013 2653">
     <span class='ocr_line' id='line_1_43' title="bbox 428 2580 2013 2653; baseline 0.003 -17"><span class='ocrx_word' id='word_1_271' title='bbox 428 2581 648 2636; x_wconf 86' lang='lat' dir='ltr'><strong>ratione</strong></span> <span class='ocrx_word' id='word_1_272' title='bbox 676 2580 975 2637; x_wconf 79' lang='lat' dir='ltr'><strong>divinitatis</strong></span> <span class='ocrx_word' id='word_1_273' title='bbox 1003 2583 1137 2638; x_wconf 86' lang='lat' dir='ltr'><strong>nihil</strong></span> <span class='ocrx_word' id='word_1_274' title='bbox 1170 2583 1282 2653; x_wconf 82' lang='lat' dir='ltr'><strong>pati</strong></span> <span class='ocrx_word' id='word_1_275' title='bbox 1309 2593 1516 2653; x_wconf 88' lang='lat' dir='ltr'><strong>potest;</strong></span> <span class='ocrx_word' id='word_1_276' title='bbox 1575 2582 1838 2640; x_wconf 90' lang='lat' dir='ltr'><strong>inducunt</strong></span> <span class='ocrx_word' id='word_1_277' title='bbox 1865 2602 1969 2641; x_wconf 90' lang='lat' dir='ltr'><strong>con</strong></span> <span class='ocrx_word' id='word_1_278' title='bbox 1989 2616 2013 2627; x_wconf 88' lang='lat'><em>-</em></span> 
     </span>
    </p>
   </div>
   <div class='ocr_carea' id='block_1_44' title="bbox 422 2671 2010 2748">
    <p class='ocr_par' dir='ltr' id='par_1_44' title="bbox 422 2671 2010 2748">
     <span class='ocr_line' id='line_1_44' title="bbox 422 2671 2010 2748; baseline 0.005 -21"><span class='ocrx_word' id='word_1_279' title='bbox 422 2671 694 2728; x_wconf 79' lang='lat' dir='ltr'><strong>fusionem</strong></span> <span class='ocrx_word' id='word_1_280' title='bbox 747 2681 804 2729; x_wconf 88' lang='lat' dir='ltr'><strong>et</strong></span> <span class='ocrx_word' id='word_1_281' title='bbox 859 2672 1210 2743; x_wconf 87' lang='lat' dir='ltr'><strong>misttonem;</strong></span> <span class='ocrx_word' id='word_1_282' title='bbox 1271 2690 1548 2748; x_wconf 89' lang='lat' dir='ltr'><strong>unamque</strong></span> <span class='ocrx_word' id='word_1_283' title='bbox 1606 2691 1734 2734; x_wconf 82' lang='lat' dir='ltr'><strong>esse</strong></span> <span class='ocrx_word' id='word_1_284' title='bbox 1791 2676 2010 2735; x_wconf 87' lang='lat' dir='ltr'><strong>Domini</strong></span> 
     </span>
    </p>
   </div>
   <div class='ocr_carea' id='block_1_45' title="bbox 423 2761 2014 2841">
    <p class='ocr_par' dir='ltr' id='par_1_45' title="bbox 423 2761 2014 2841">
     <span class='ocr_line' id='line_1_45' title="bbox 423 2761 2014 2841; baseline 0.004 -23"><span class='ocrx_word' id='word_1_285' title='bbox 423 2763 598 2820; x_wconf 87' lang='lat' dir='ltr'><strong>nostri</strong></span> <span class='ocrx_word' id='word_1_286' title='bbox 625 2761 755 2819; x_wconf 84' lang='lat' dir='ltr'><strong>Jesu</strong></span> <span class='ocrx_word' id='word_1_287' title='bbox 799 2763 1001 2820; x_wconf 85' lang='lat' dir='ltr'><strong>Christi</strong></span> <span class='ocrx_word' id='word_1_288' title='bbox 1038 2775 1288 2822; x_wconf 88' lang='lat' dir='ltr'><strong>naturam</strong></span> <span class='ocrx_word' id='word_1_289' title='bbox 1325 2766 1489 2837; x_wconf 83' lang='lat' dir='ltr'><strong>impie</strong></span> <span class='ocrx_word' id='word_1_290' title='bbox 1537 2768 1736 2824; x_wconf 86' lang='lat' dir='ltr'><strong>doceat</strong></span> <span class='ocrx_word' id='word_1_291' title='bbox 1772 2789 1785 2825; x_wconf 84' lang='lat'><strong>:</strong></span> <span class='ocrx_word' id='word_1_292' title='bbox 1829 2771 2014 2841; x_wconf 86' lang='lat' dir='ltr'><strong>qualia</strong></span> 
     </span>
    </p>
   </div>
   <div class='ocr_carea' id='block_1_46' title="bbox 427 2857 2013 2932">
    <p class='ocr_par' dir='ltr' id='par_1_46' title="bbox 427 2857 2013 2932">
     <span class='ocr_line' id='line_1_46' title="bbox 427 2857 2013 2932; baseline 0.004 -18"><span class='ocrx_word' id='word_1_293' title='bbox 427 2857 726 2932; x_wconf 83' lang='lat' dir='ltr'><strong>Eutychcs&#39;,</strong></span> <span class='ocrx_word' id='word_1_294' title='bbox 768 2859 1065 2917; x_wconf 88' lang='lat' dir='ltr'><strong>Dioscorus</strong></span> <span class='ocrx_word' id='word_1_295' title='bbox 1117 2870 1173 2918; x_wconf 90' lang='lat' dir='ltr'><strong>et</strong></span> <span class='ocrx_word' id='word_1_296' title='bbox 1228 2860 1417 2919; x_wconf 78' lang='lat' dir='ltr'><strong>infelix</strong></span> <span class='ocrx_word' id='word_1_297' title='bbox 1471 2861 1668 2919; x_wconf 88' lang='lat' dir='ltr'><strong>Petrus</strong></span> <span class='ocrx_word' id='word_1_298' title='bbox 1726 2878 1850 2919; x_wconf 88' lang='lat' dir='ltr'><strong>cum</strong></span> <span class='ocrx_word' id='word_1_299' title='bbox 1906 2865 2013 2920; x_wconf 88' lang='lat' dir='ltr'><strong>illis</strong></span> 
     </span>
    </p>
   </div>
   <div class='ocr_carea' id='block_1_47' title="bbox 426 2954 2011 3026">
    <p class='ocr_par' dir='ltr' id='par_1_47' title="bbox 426 2954 2011 3026">
     <span class='ocr_line' id='line_1_47' title="bbox 426 2954 2011 3026; baseline 0.001 -15"><span class='ocrx_word' id='word_1_300' title='bbox 426 2954 704 3011; x_wconf 85' lang='lat' dir='ltr'><strong>sentiunt:</strong></span> <span class='ocrx_word' id='word_1_301' title='bbox 734 2955 1123 3025; x_wconf 88' lang='lat' dir='ltr'><strong>concurritque</strong></span> <span class='ocrx_word' id='word_1_302' title='bbox 1174 2955 1330 3026; x_wconf 88' lang='lat' dir='ltr'><strong>impii</strong></span> <span class='ocrx_word' id='word_1_303' title='bbox 1360 2956 1548 3012; x_wconf 86' lang='lat' dir='ltr'><strong>Severi</strong></span> <span class='ocrx_word' id='word_1_304' title='bbox 1577 2957 1830 3024; x_wconf 63' lang='lat' dir='ltr'><strong>haeresis;</strong></span> <span class='ocrx_word' id='word_1_305' title='bbox 1858 2973 1921 3014; x_wconf 90' lang='lat' dir='ltr'><strong>ac</strong></span> <span class='ocrx_word' id='word_1_306' title='bbox 1944 2974 2011 3014; x_wconf 74' lang='lat' dir='ltr'><strong>ex</strong></span> 
     </span>
    </p>
   </div>
   <div class='ocr_carea' id='block_1_48' title="bbox 425 3045 2010 3118">
    <p class='ocr_par' dir='ltr' id='par_1_48' title="bbox 425 3045 2010 3118">
     <span class='ocr_line' id='line_1_48' title="bbox 425 3045 2010 3118; baseline 0.002 -16"><span class='ocrx_word' id='word_1_307' title='bbox 425 3047 534 3103; x_wconf 89' lang='lat' dir='ltr'><strong>illis</strong></span> <span class='ocrx_word' id='word_1_308' title='bbox 561 3046 762 3103; x_wconf 84' lang='lat' dir='ltr'><strong>habent</strong></span> <span class='ocrx_word' id='word_1_309' title='bbox 793 3047 1074 3118; x_wconf 88' lang='lat' dir='ltr'><strong>Acephali,</strong></span> <span class='ocrx_word' id='word_1_310' title='bbox 1104 3045 1410 3111; x_wconf 85' lang='lat' dir='ltr'><strong>Severiani,</strong></span> <span class='ocrx_word' id='word_1_311' title='bbox 1436 3046 1717 3104; x_wconf 69' lang='lat' dir='ltr'><strong>Jacobitaa.</strong></span> <span class='ocrx_word' id='word_1_312' title='bbox 1738 3047 2010 3105; x_wconf 69' lang='lat' dir='ltr'><strong>Praeterea</strong></span> 
     </span>
    </p>
   </div>
   <div class='ocr_carea' id='block_1_49' title="bbox 425 3136 2085 3233">
    <p class='ocr_par' dir='ltr' id='par_1_49' title="bbox 425 3136 2085 3233">
     <span class='ocr_line' id='line_1_49' title="bbox 425 3136 2085 3233; baseline 0.001 -41"><span class='ocrx_word' id='word_1_313' title='bbox 425 3137 572 3192; x_wconf 87' lang='lat' dir='ltr'><strong>idem</strong></span> <span class='ocrx_word' id='word_1_314' title='bbox 608 3138 805 3214; x_wconf 80' lang='lat' dir='ltr'><strong>impius</strong></span> <span class='ocrx_word' id='word_1_315' title='bbox 835 3136 1129 3209; x_wconf 84' lang='lat' dir='ltr'><strong>Eutyches,</strong></span> <span class='ocrx_word' id='word_1_316' title='bbox 1158 3146 1214 3194; x_wconf 91' lang='lat' dir='ltr'><strong>et</strong></span> <span class='ocrx_word' id='word_1_317' title='bbox 1257 3137 1572 3206; x_wconf 91' lang='lat' dir='ltr'><strong>Dioscorus,</strong></span> <span class='ocrx_word' id='word_1_318' title='bbox 1613 3149 1671 3195; x_wconf 91' lang='lat' dir='ltr'><strong>et</strong></span> <span class='ocrx_word' id='word_1_319' title='bbox 1700 3139 1920 3208; x_wconf 87' lang='lat' dir='ltr'><strong>Petrus,</strong></span> <span class='ocrx_word' id='word_1_320' title='bbox 1957 3150 2012 3194; x_wconf 92' lang='lat' dir='ltr'><strong>ct</strong></span> <span class='ocrx_word' id='word_1_321' title='bbox 2041 3175 2085 3233; x_wconf 65' lang='grc' dir='ltr'>ο</span> 
     </span>
    </p>
   </div>
   <div class='ocr_carea' id='block_1_50' title="bbox 424 3233 2014 3290">
    <p class='ocr_par' dir='ltr' id='par_1_50' title="bbox 424 3233 2014 3290">
     <span class='ocr_line' id='line_1_50' title="bbox 424 3233 2014 3290; baseline 0.001 -2"><span class='ocrx_word' id='word_1_322' title='bbox 424 3233 806 3290; x_wconf 79' lang='lat' dir='ltr'><strong>Armeniorum</strong></span> <span class='ocrx_word' id='word_1_323' title='bbox 837 3235 1029 3290; x_wconf 89' lang='lat' dir='ltr'><strong>ductor</strong></span> <span class='ocrx_word' id='word_1_324' title='bbox 1073 3233 1426 3290; x_wconf 81' lang='lat' dir='ltr'><strong>Mantacunes</strong></span> <span class='ocrx_word' id='word_1_325' title='bbox 1452 3235 1640 3290; x_wconf 90' lang='lat' dir='ltr'><strong>dicunt</strong></span> <span class='ocrx_word' id='word_1_326' title='bbox 1667 3235 2014 3290; x_wconf 81' lang='lat' dir='ltr'><strong>Servatorem</strong></span> 
     </span>
    </p>
   </div>
   <div class='ocr_carea' id='block_1_51' title="bbox 425 3326 2015 3397">
    <p class='ocr_par' dir='ltr' id='par_1_51' title="bbox 425 3326 2015 3397">
     <span class='ocr_line' id='line_1_51' title="bbox 425 3326 2015 3397; baseline 0.001 -17"><span class='ocrx_word' id='word_1_327' title='bbox 425 3327 708 3396; x_wconf 87' lang='lat' dir='ltr'><strong>Deumque</strong></span> <span class='ocrx_word' id='word_1_328' title='bbox 759 3334 1034 3393; x_wconf 81' lang='lat' dir='ltr'><strong>nostrum,</strong></span> <span class='ocrx_word' id='word_1_329' title='bbox 1088 3335 1385 3395; x_wconf 89' lang='lat' dir='ltr'><strong>antequam</strong></span> <span class='ocrx_word' id='word_1_330' title='bbox 1442 3343 1507 3381; x_wconf 81' lang='lat' dir='ltr'><strong>ex</strong></span> <span class='ocrx_word' id='word_1_331' title='bbox 1562 3326 1732 3382; x_wconf 88' lang='lat' dir='ltr'><strong>Maria</strong></span> <span class='ocrx_word' id='word_1_332' title='bbox 1795 3342 2015 3397; x_wconf 90' lang='lat' dir='ltr'><strong>semper</strong></span> 
     </span>
    </p>
   </div>
   <div class='ocr_carea' id='block_1_52' title="bbox 425 3413 2011 3486">
    <p class='ocr_par' dir='ltr' id='par_1_52' title="bbox 425 3413 2011 3486">
     <span class='ocr_line' id='line_1_52' title="bbox 425 3413 2011 3486; baseline 0.003 -17"><span class='ocrx_word' id='word_1_333' title='bbox 425 3413 652 3485; x_wconf 78' lang='lat' dir='ltr'><strong>Virgine</strong></span> <span class='ocrx_word' id='word_1_334' title='bbox 697 3425 1038 3480; x_wconf 81' lang='lat' dir='ltr'><strong>nasceretur,</strong></span> <span class='ocrx_word' id='word_1_335' title='bbox 1068 3417 1135 3472; x_wconf 91' lang='lat' dir='ltr'><strong>de</strong></span> <span class='ocrx_word' id='word_1_336' title='bbox 1168 3417 1309 3472; x_wconf 69' lang='lat' dir='ltr'><strong>coalo</strong></span> <span class='ocrx_word' id='word_1_337' title='bbox 1349 3432 1568 3474; x_wconf 86' lang='lat' dir='ltr'><strong>carnem</strong></span> <span class='ocrx_word' id='word_1_338' title='bbox 1620 3419 1893 3486; x_wconf 88' lang='lat' dir='ltr'><strong>habuisse,</strong></span> <span class='ocrx_word' id='word_1_339' title='bbox 1931 3419 2011 3473; x_wconf 87' lang='lat' dir='ltr'><strong>si-</strong></span> 
     </span>
    </p>
   </div>
   <div class='ocr_carea' id='block_1_53' title="bbox 427 3505 2013 3579">
    <p class='ocr_par' dir='ltr' id='par_1_53' title="bbox 427 3505 2013 3579">
     <span class='ocr_line' id='line_1_53' title="bbox 427 3505 2013 3579; baseline 0.003 -19"><span class='ocrx_word' id='word_1_340' title='bbox 427 3505 794 3562; x_wconf 86' lang='lat' dir='ltr'><strong>militudinem</strong></span> <span class='ocrx_word' id='word_1_341' title='bbox 838 3507 984 3562; x_wconf 90' lang='lat' dir='ltr'><strong>enim</strong></span> <span class='ocrx_word' id='word_1_342' title='bbox 1032 3516 1086 3563; x_wconf 82' lang='lat' dir='ltr'><strong>et</strong></span> <span class='ocrx_word' id='word_1_343' title='bbox 1115 3507 1290 3562; x_wconf 90' lang='lat' dir='ltr'><strong>solum</strong></span> <span class='ocrx_word' id='word_1_344' title='bbox 1331 3510 1630 3564; x_wconf 90' lang='lat' dir='ltr'><strong>secundum</strong></span> <span class='ocrx_word' id='word_1_345' title='bbox 1675 3511 1910 3579; x_wconf 88' lang='lat' dir='ltr'><strong>speciem</strong></span> <span class='ocrx_word' id='word_1_346' title='bbox 1949 3526 2013 3566; x_wconf 85' lang='lat' dir='ltr'><strong>ac</strong></span> 
     </span>
    </p>
   </div>
   <div class='ocr_carea' id='block_1_54' title="bbox 426 3599 2010 3669">
    <p class='ocr_par' dir='ltr' id='par_1_54' title="bbox 426 3599 2010 3669">
     <span class='ocr_line' id='line_1_54' title="bbox 426 3599 2010 3669; baseline 0.003 -16"><span class='ocrx_word' id='word_1_347' title='bbox 426 3599 762 3669; x_wconf 86' lang='lat' dir='ltr'><strong>opinionem,</strong></span> <span class='ocrx_word' id='word_1_348' title='bbox 790 3613 897 3655; x_wconf 89' lang='lat' dir='ltr'><strong>non</strong></span> <span class='ocrx_word' id='word_1_349' title='bbox 916 3613 1044 3655; x_wconf 82' lang='lat' dir='ltr'><strong>vero</strong></span> <span class='ocrx_word' id='word_1_350' title='bbox 1065 3601 1361 3656; x_wconf 85' lang='lat' dir='ltr'><strong>secundum</strong></span> <span class='ocrx_word' id='word_1_351' title='bbox 1394 3601 1676 3656; x_wconf 76' lang='lat' dir='ltr'><strong>veritatem</strong></span> <span class='ocrx_word' id='word_1_352' title='bbox 1707 3601 2010 3669; x_wconf 86' lang='lat' dir='ltr'><strong>sumpsisse</strong></span> 
     </span>
    </p>
   </div>
   <div class='ocr_carea' id='block_1_55' title="bbox 427 3691 2013 3764">
    <p class='ocr_par' dir='ltr' id='par_1_55' title="bbox 427 3691 2013 3764">
     <span class='ocr_line' id='line_1_55' title="bbox 427 3691 2013 3764; baseline 0.001 -17"><span class='ocrx_word' id='word_1_353' title='bbox 427 3691 497 3747; x_wconf 84' lang='lat' dir='ltr'><strong>de</strong></span> <span class='ocrx_word' id='word_1_354' title='bbox 539 3691 780 3764; x_wconf 75' lang='lat' dir='ltr'><strong>Virgine.</strong></span> <span class='ocrx_word' id='word_1_355' title='bbox 812 3691 981 3747; x_wconf 80' lang='lat' dir='ltr'><strong>Aiunt</strong></span> <span class='ocrx_word' id='word_1_356' title='bbox 1032 3702 1214 3748; x_wconf 81' lang='lat' dir='ltr'><strong>autem</strong></span> <span class='ocrx_word' id='word_1_357' title='bbox 1257 3693 1401 3762; x_wconf 90' lang='lat' dir='ltr'><strong>quod</strong></span> <span class='ocrx_word' id='word_1_358' title='bbox 1449 3707 1553 3748; x_wconf 90' lang='lat' dir='ltr'><strong>nec</strong></span> <span class='ocrx_word' id='word_1_359' title='bbox 1615 3695 1848 3747; x_wconf 87' lang='lat' dir='ltr'><strong>animam</strong></span> <span class='ocrx_word' id='word_1_360' title='bbox 1912 3708 2013 3748; x_wconf 87' lang='lat' dir='ltr'><strong>nec</strong></span> 
     </span>
    </p>
   </div>
   <div class='ocr_carea' id='block_1_56' title="bbox 429 3784 2072 3856">
    <p class='ocr_par' dir='ltr' id='par_1_56' title="bbox 429 3784 2072 3856">
     <span class='ocr_line' id='line_1_56' title="bbox 429 3784 2072 3856; baseline 0.001 -17"><span class='ocrx_word' id='word_1_361' title='bbox 429 3799 626 3854; x_wconf 88' lang='lat' dir='ltr'><strong>corpus</strong></span> <span class='ocrx_word' id='word_1_362' title='bbox 667 3798 733 3841; x_wconf 80' lang='lat' dir='ltr'><strong>ex</strong></span> <span class='ocrx_word' id='word_1_363' title='bbox 765 3784 987 3856; x_wconf 78' lang='lat' dir='ltr'><strong>Virgine</strong></span> <span class='ocrx_word' id='word_1_364' title='bbox 1020 3785 1312 3855; x_wconf 89' lang='lat' dir='ltr'><strong>acceperit,</strong></span> <span class='ocrx_word' id='word_1_365' title='bbox 1358 3800 1458 3840; x_wconf 92' lang='lat' dir='ltr'><strong>nec</strong></span> <span class='ocrx_word' id='word_1_366' title='bbox 1495 3787 1634 3841; x_wconf 91' lang='lat' dir='ltr'><strong>Deus</strong></span> <span class='ocrx_word' id='word_1_367' title='bbox 1686 3801 1909 3840; x_wconf 87' lang='lat' dir='ltr'><strong>manere</strong></span> <span class='ocrx_word' id='word_1_368' title='bbox 1959 3787 2012 3840; x_wconf 92' lang='lat' dir='ltr'><strong>in</strong></span> <span class='ocrx_word' id='word_1_369' title='bbox 2061 3835 2072 3847; x_wconf 90' lang='grc'><strong>,</strong></span> 
     </span>
    </p>
   </div>
   <div class='ocr_carea' id='block_1_57' title="bbox 428 3877 2015 3949">
    <p class='ocr_par' dir='ltr' id='par_1_57' title="bbox 428 3877 2015 3949">
     <span class='ocr_line' id='line_1_57' title="bbox 428 3877 2015 3949; baseline 0.001 -16"><span class='ocrx_word' id='word_1_370' title='bbox 428 3877 574 3933; x_wconf 79' lang='lat' dir='ltr'><strong>illius</strong></span> <span class='ocrx_word' id='word_1_371' title='bbox 599 3886 752 3932; x_wconf 89' lang='lat' dir='ltr'><strong>utero</strong></span> <span class='ocrx_word' id='word_1_372' title='bbox 785 3878 1124 3942; x_wconf 89' lang='lat' dir='ltr'><strong>sustinuerit,</strong></span> <span class='ocrx_word' id='word_1_373' title='bbox 1149 3879 1242 3934; x_wconf 93' lang='lat' dir='ltr'><strong>sed</strong></span> <span class='ocrx_word' id='word_1_374' title='bbox 1278 3889 1531 3949; x_wconf 88' lang='lat' dir='ltr'><strong>tanquam</strong></span> <span class='ocrx_word' id='word_1_375' title='bbox 1564 3895 1658 3948; x_wconf 87' lang='lat' dir='ltr'><strong>per</strong></span> <span class='ocrx_word' id='word_1_376' title='bbox 1681 3880 1864 3934; x_wconf 87' lang='lat' dir='ltr'><strong>tubam</strong></span> <span class='ocrx_word' id='word_1_377' title='bbox 1892 3895 2015 3948; x_wconf 81' lang='lat' dir='ltr'><strong>per-</strong></span> 
     </span>
    </p>
   </div>
   <div class='ocr_carea' id='block_1_58' title="bbox 429 3970 2008 4042">
    <p class='ocr_par' dir='ltr' id='par_1_58' title="bbox 429 3970 2008 4042">
     <span class='ocr_line' id='line_1_58' title="bbox 429 3970 2008 4042; baseline 0.001 -17"><span class='ocrx_word' id='word_1_378' title='bbox 429 3970 727 4038; x_wconf 86' lang='lat' dir='ltr'><strong>transierit,</strong></span> <span class='ocrx_word' id='word_1_379' title='bbox 774 3980 937 4042; x_wconf 87' lang='lat' dir='ltr'><strong>atque</strong></span> <span class='ocrx_word' id='word_1_380' title='bbox 967 3987 1035 4027; x_wconf 77' lang='lat' dir='ltr'><strong>ex</strong></span> <span class='ocrx_word' id='word_1_381' title='bbox 1069 3972 1278 4028; x_wconf 90' lang='lat' dir='ltr'><strong>duabus</strong></span> <span class='ocrx_word' id='word_1_382' title='bbox 1310 3973 1522 4027; x_wconf 87' lang='lat' dir='ltr'><strong>naturis</strong></span> <span class='ocrx_word' id='word_1_383' title='bbox 1556 3972 1609 4026; x_wconf 90' lang='lat' dir='ltr'><strong>in</strong></span> <span class='ocrx_word' id='word_1_384' title='bbox 1652 3987 1814 4027; x_wconf 90' lang='lat' dir='ltr'><strong>unam</strong></span> <span class='ocrx_word' id='word_1_385' title='bbox 1857 3988 2008 4027; x_wconf 88' lang='lat' dir='ltr'><strong>com-</strong></span> 
     </span>
    </p>
   </div>
   <div class='ocr_carea' id='block_1_59' title="bbox 429 4062 2013 4134">
    <p class='ocr_par' dir='ltr' id='par_1_59' title="bbox 429 4062 2013 4134">
     <span class='ocr_line' id='line_1_59' title="bbox 429 4062 2013 4134; baseline 0.003 -18"><span class='ocrx_word' id='word_1_386' title='bbox 429 4062 625 4118; x_wconf 86' lang='lat' dir='ltr'><strong>mistus</strong></span> <span class='ocrx_word' id='word_1_387' title='bbox 656 4062 843 4119; x_wconf 85' lang='lat' dir='ltr'><strong>fuerit.</strong></span> <span class='ocrx_word' id='word_1_388' title='bbox 867 4062 1101 4134; x_wconf 88' lang='lat' dir='ltr'><strong>Ideoque</strong></span> <span class='ocrx_word' id='word_1_389' title='bbox 1129 4064 1374 4120; x_wconf 88' lang='lat' dir='ltr'><strong>Armenii</strong></span> <span class='ocrx_word' id='word_1_390' title='bbox 1399 4065 1882 4120; x_wconf 78' lang='lat' dir='ltr'><strong>Annuntiationem</strong></span> <span class='ocrx_word' id='word_1_391' title='bbox 1913 4080 2013 4120; x_wconf 91' lang='lat' dir='ltr'><strong>suo</strong></span> 
     </span>
    </p>
   </div>
   <div class='ocr_carea' id='block_1_60' title="bbox 432 4155 2016 4222">
    <p class='ocr_par' dir='ltr' id='par_1_60' title="bbox 432 4155 2016 4222">
     <span class='ocr_line' id='line_1_60' title="bbox 432 4155 2016 4222; baseline 0.004 -17"><span class='ocrx_word' id='word_1_392' title='bbox 432 4162 677 4222; x_wconf 88' lang='lat' dir='ltr'><strong>tempore</strong></span> <span class='ocrx_word' id='word_1_393' title='bbox 713 4170 818 4209; x_wconf 92' lang='lat' dir='ltr'><strong>non</strong></span> <span class='ocrx_word' id='word_1_394' title='bbox 872 4155 1197 4211; x_wconf 90' lang='lat' dir='ltr'><strong>celebrant:</strong></span> <span class='ocrx_word' id='word_1_395' title='bbox 1231 4171 1418 4210; x_wconf 85' lang='lat' dir='ltr'><strong>verum</strong></span> <span class='ocrx_word' id='word_1_396' title='bbox 1468 4167 1593 4213; x_wconf 89' lang='lat' dir='ltr'><strong>octo</strong></span> <span class='ocrx_word' id='word_1_397' title='bbox 1645 4157 1837 4213; x_wconf 87' lang='lat' dir='ltr'><strong>diebus</strong></span> <span class='ocrx_word' id='word_1_398' title='bbox 1890 4167 2016 4211; x_wconf 88' lang='lat' dir='ltr'><strong>ante</strong></span> 
     </span>
    </p>
   </div>
   <div class='ocr_carea' id='block_1_61' title="bbox 429 4245 2015 4316">
    <p class='ocr_par' dir='ltr' id='par_1_61' title="bbox 429 4245 2015 4316">
     <span class='ocr_line' id='line_1_61' title="bbox 429 4245 2015 4316; baseline 0.002 -16"><span class='ocrx_word' id='word_1_399' title='bbox 429 4255 616 4300; x_wconf 85' lang='lat' dir='ltr'><strong>sancta</strong></span> <span class='ocrx_word' id='word_1_400' title='bbox 679 4245 911 4301; x_wconf 85' lang='lat' dir='ltr'><strong>Lumina</strong></span> <span class='ocrx_word' id='word_1_401' title='bbox 959 4261 1185 4316; x_wconf 82' lang='lat' dir='ltr'><strong>vespere</strong></span> <span class='ocrx_word' id='word_1_402' title='bbox 1235 4249 1516 4302; x_wconf 84' lang='lat' dir='ltr'><strong>celebrant</strong></span> <span class='ocrx_word' id='word_1_403' title='bbox 1568 4248 2015 4304; x_wconf 83' lang='lat' dir='ltr'><strong>Annuntiationis</strong></span> 
     </span>
    </p>
   </div>
   <div class='ocr_carea' id='block_1_62' title="bbox 427 4334 2010 4408">
    <p class='ocr_par' dir='ltr' id='par_1_62' title="bbox 427 4334 2010 4408">
     <span class='ocr_line' id='line_1_62' title="bbox 427 4334 2010 4408; baseline -0.003 -11"><span class='ocrx_word' id='word_1_404' title='bbox 427 4334 630 4397; x_wconf 72' lang='lat' dir='ltr'><strong>festum</strong></span> <span class='ocrx_word' id='word_1_405' title='bbox 661 4349 716 4394; x_wconf 90' lang='lat' dir='ltr'><strong>et</strong></span> <span class='ocrx_word' id='word_1_406' title='bbox 747 4353 840 4408; x_wconf 89' lang='lat' dir='ltr'><strong>per</strong></span> <span class='ocrx_word' id='word_1_407' title='bbox 868 4351 1079 4392; x_wconf 85' lang='lat' dir='ltr'><strong>noctem</strong></span> <span class='ocrx_word' id='word_1_408' title='bbox 1119 4337 1307 4392; x_wconf 80' lang='lat' dir='ltr'><strong>Natale</strong></span> <span class='ocrx_word' id='word_1_409' title='bbox 1333 4337 1532 4392; x_wconf 86' lang='lat' dir='ltr'><strong>Christi</strong></span> <span class='ocrx_word' id='word_1_410' title='bbox 1559 4337 1756 4394; x_wconf 88' lang='lat' dir='ltr'><strong>festum</strong></span> <span class='ocrx_word' id='word_1_411' title='bbox 1785 4340 2010 4402; x_wconf 80' lang='lat' dir='ltr'><strong>habent,</strong></span> 
     </span>
    </p>
   </div>
   <div class='ocr_carea' id='block_1_63' title="bbox 432 4431 2014 4503">
    <p class='ocr_par' dir='ltr' id='par_1_63' title="bbox 432 4431 2014 4503">
     <span class='ocr_line' id='line_1_63' title="bbox 432 4431 2014 4503; baseline -0.001 -12"><span class='ocrx_word' id='word_1_412' title='bbox 432 4433 866 4503; x_wconf 87' lang='lat' dir='ltr'><strong>transcursisque</strong></span> <span class='ocrx_word' id='word_1_413' title='bbox 910 4441 1115 4501; x_wconf 87' lang='lat' dir='ltr'><strong>septem</strong></span> <span class='ocrx_word' id='word_1_414' title='bbox 1175 4431 1384 4497; x_wconf 85' lang='lat' dir='ltr'><strong>diebus,</strong></span> <span class='ocrx_word' id='word_1_415' title='bbox 1418 4432 1491 4485; x_wconf 89' lang='lat' dir='ltr'><strong>ita</strong></span> <span class='ocrx_word' id='word_1_416' title='bbox 1546 4441 1730 4502; x_wconf 88' lang='lat' dir='ltr'><strong>postea</strong></span> <span class='ocrx_word' id='word_1_417' title='bbox 1784 4433 2014 4489; x_wconf 85' lang='lat' dir='ltr'><strong>Lumina</strong></span> 
     </span>
    </p>
   </div>
   <div class='ocr_carea' id='block_1_64' title="bbox 2120 1928 3709 2005">
    <p class='ocr_par' dir='ltr' id='par_1_64' title="bbox 2120 1928 3709 2005">
     <span class='ocr_line' id='line_1_64' title="bbox 2120 1928 3709 2005; baseline 0.004 -23"><span class='ocrx_word' id='word_1_418' title='bbox 2120 1929 2329 1997; x_wconf 81' lang='grc' dir='ltr'>Πέτρον</span> <span class='ocrx_word' id='word_1_419' title='bbox 2355 1928 2447 1981; x_wconf 69' lang='grc' dir='ltr'><strong>τδν</strong></span> <span class='ocrx_word' id='word_1_420' title='bbox 2485 1929 2843 2000; x_wconf 84' lang='grc' dir='ltr'>Ἀντιοχείας,</span> <span class='ocrx_word' id='word_1_421' title='bbox 2873 1931 2964 1984; x_wconf 76' lang='grc' dir='ltr'><strong>καὶ</strong></span> <span class='ocrx_word' id='word_1_422' title='bbox 2987 1931 3080 1984; x_wconf 78' lang='grc' dir='ltr'>τὸν</span> <span class='ocrx_word' id='word_1_423' title='bbox 3119 1932 3507 2005; x_wconf 86' lang='grc' dir='ltr'>Μονοθελήτην</span> <span class='ocrx_word' id='word_1_424' title='bbox 3534 1935 3709 1988; x_wconf 82' lang='grc' dir='ltr'>Εὐτυ-</span> 
     </span>
    </p>
   </div>
   <div class='ocr_carea' id='block_1_65' title="bbox 2117 2019 3711 2095">
    <p class='ocr_par' dir='ltr' id='par_1_65' title="bbox 2117 2019 3711 2095">
     <span class='ocr_line' id='line_1_65' title="bbox 2117 2019 3711 2095; baseline 0.005 -23"><span class='ocrx_word' id='word_1_425' title='bbox 2117 2019 2240 2089; x_wconf 87' lang='grc' dir='ltr'>χέα,</span> <span class='ocrx_word' id='word_1_426' title='bbox 2279 2019 2660 2082; x_wconf 83' lang='grc' dir='ltr'>άπελαθέντας</span> <span class='ocrx_word' id='word_1_427' title='bbox 2692 2023 2787 2076; x_wconf 73' lang='grc' dir='ltr'><strong>καὶ</strong></span> <span class='ocrx_word' id='word_1_428' title='bbox 2831 2023 3380 2094; x_wconf 83' lang='grc' dir='ltr'>ἀναθεματισθέντας</span> <span class='ocrx_word' id='word_1_429' title='bbox 3413 2026 3567 2095; x_wconf 84' lang='grc' dir='ltr'><strong>παρά</strong></span> <span class='ocrx_word' id='word_1_430' title='bbox 3595 2027 3711 2080; x_wconf 85' lang='grc' dir='ltr'><strong>τῶν</strong></span> 
     </span>
    </p>
   </div>
   <div class='ocr_carea' id='block_1_66' title="bbox 2118 2110 3709 2189">
    <p class='ocr_par' dir='ltr' id='par_1_66' title="bbox 2118 2110 3709 2189">
     <span class='ocr_line' id='line_1_66' title="bbox 2118 2110 3709 2189; baseline 0.005 -26"><span class='ocrx_word' id='word_1_431' title='bbox 2118 2110 2294 2179; x_wconf 82' lang='grc' dir='ltr'>ἁγίων</span> <span class='ocrx_word' id='word_1_432' title='bbox 2353 2113 2449 2165; x_wconf 78' lang='grc' dir='ltr'>καὶ</span> <span class='ocrx_word' id='word_1_433' title='bbox 2492 2113 2896 2184; x_wconf 86' lang='grc' dir='ltr'>οἰκουμενικῶν</span> <span class='ocrx_word' id='word_1_434' title='bbox 2942 2117 3180 2170; x_wconf 78' lang='grc' dir='ltr'>συνόδων</span> <span class='ocrx_word' id='word_1_435' title='bbox 3206 2133 3222 2149; x_wconf 78' lang='grc' dir='ltr'><strong><em>ο</em></strong></span> <span class='ocrx_word' id='word_1_436' title='bbox 3263 2118 3359 2170; x_wconf 70' lang='grc' dir='ltr'>καὶ</span> <span class='ocrx_word' id='word_1_437' title='bbox 3404 2117 3709 2189; x_wconf 83' lang='grc' dir='ltr'>ἀμφότεροι</span> 
     </span>
    </p>
   </div>
   <div class='ocr_carea' id='block_1_67' title="bbox 2117 2204 3709 2284">
    <p class='ocr_par' dir='ltr' id='par_1_67' title="bbox 2117 2204 3709 2284">
     <span class='ocr_line' id='line_1_67' title="bbox 2117 2204 3709 2284; baseline 0.005 -26"><span class='ocrx_word' id='word_1_438' title='bbox 2117 2204 2480 2277; x_wconf 79' lang='grc' dir='ltr'>συναχθέντες</span> <span class='ocrx_word' id='word_1_439' title='bbox 2510 2208 2567 2260; x_wconf 80' lang='grc' dir='ltr'>ὲν</span> <span class='ocrx_word' id='word_1_440' title='bbox 2590 2210 2655 2276; x_wconf 82' lang='grc' dir='ltr'>τῇ</span> <span class='ocrx_word' id='word_1_441' title='bbox 2693 2207 2850 2262; x_wconf 86' lang='grc' dir='ltr'>πόλει</span> <span class='ocrx_word' id='word_1_442' title='bbox 2877 2211 2947 2282; x_wconf 81' lang='grc' dir='ltr'>τῇ</span> <span class='ocrx_word' id='word_1_443' title='bbox 2983 2209 3254 2283; x_wconf 82' lang='grc' dir='ltr'>λεγομένῃ</span> <span class='ocrx_word' id='word_1_444' title='bbox 3282 2211 3398 2282; x_wconf 81' lang='grc' dir='ltr'><strong>Τὸὴ</strong></span> <span class='ocrx_word' id='word_1_445' title='bbox 3429 2211 3577 2284; x_wconf 73' lang='lat' dir='ltr'><strong>[aliis</strong></span> <span class='ocrx_word' id='word_1_446' title='bbox 3608 2212 3709 2266; x_wconf 83' lang='lat' dir='ltr'><strong>Tt-</strong></span> 
     </span>
    </p>
   </div>
   <div class='ocr_carea' id='block_1_68' title="bbox 2115 2297 3708 2374">
    <p class='ocr_par' dir='ltr' id='par_1_68' title="bbox 2115 2297 3708 2374">
     <span class='ocr_line' id='line_1_68' title="bbox 2115 2297 3708 2374; baseline 0.006 -25"><span class='ocrx_word' id='word_1_447' title='bbox 2115 2297 2208 2370; x_wconf 83' lang='grc' dir='ltr'><strong>6ὴ]</strong></span> <span class='ocrx_word' id='word_1_448' title='bbox 2236 2298 2337 2367; x_wconf 84' lang='grc' dir='ltr'><strong>τῆς</strong></span> <span class='ocrx_word' id='word_1_449' title='bbox 2381 2299 2704 2367; x_wconf 78' lang='grc' dir='ltr'>Ἀρμενίας,</span> <span class='ocrx_word' id='word_1_450' title='bbox 2737 2301 2830 2354; x_wconf 70' lang='grc' dir='ltr'><strong>καὶ</strong></span> <span class='ocrx_word' id='word_1_451' title='bbox 2855 2303 2912 2355; x_wconf 86' lang='grc' dir='ltr'>ὲν</span> <span class='ocrx_word' id='word_1_452' title='bbox 2936 2304 3076 2374; x_wconf 76' lang='grc' dir='ltr'>αὐτῇ</span> <span class='ocrx_word' id='word_1_453' title='bbox 3112 2303 3358 2370; x_wconf 79' lang='grc' dir='ltr'>σύνοδον,</span> <span class='ocrx_word' id='word_1_454' title='bbox 3395 2306 3472 2368; x_wconf 80' lang='grc' dir='ltr'>ὡς</span> <span class='ocrx_word' id='word_1_455' title='bbox 3507 2307 3708 2359; x_wconf 80' lang='grc' dir='ltr'>ἐκεῖνοι</span> 
     </span>
    </p>
   </div>
   <div class='ocr_carea' id='block_1_69' title="bbox 2115 2390 3710 2468">
    <p class='ocr_par' dir='ltr' id='par_1_69' title="bbox 2115 2390 3710 2468">
     <span class='ocr_line' id='line_1_69' title="bbox 2115 2390 3710 2468; baseline 0.005 -26"><span class='ocrx_word' id='word_1_456' title='bbox 2115 2390 2376 2462; x_wconf 71' lang='grc' dir='ltr'>ἐνόμισαν</span> <span class='ocrx_word' id='word_1_457' title='bbox 2407 2393 2914 2464; x_wconf 77' lang='grc' dir='ltr'>συγκροτήσαντες,</span> <span class='ocrx_word' id='word_1_458' title='bbox 2953 2395 3049 2448; x_wconf 68' lang='grc' dir='ltr'><strong>καλ⁸</strong></span> <span class='ocrx_word' id='word_1_459' title='bbox 3079 2396 3146 2449; x_wconf 75' lang='grc' dir='ltr'>τὰ</span> <span class='ocrx_word' id='word_1_460' title='bbox 3171 2397 3308 2450; x_wconf 80' lang='grc' dir='ltr'>ἄθεα</span> <span class='ocrx_word' id='word_1_461' title='bbox 3337 2397 3435 2450; x_wconf 72' lang='grc' dir='ltr'><strong>καὶ</strong></span> <span class='ocrx_word' id='word_1_462' title='bbox 3458 2397 3710 2468; x_wconf 78' lang='grc' dir='ltr'>βλάσφη-</span> 
     </span>
    </p>
   </div>
   <div class='ocr_carea' id='block_1_70' title="bbox 2119 2485 3708 2562">
    <p class='ocr_par' dir='ltr' id='par_1_70' title="bbox 2119 2485 3708 2562">
     <span class='ocr_line' id='line_1_70' title="bbox 2119 2485 3708 2562; baseline 0.005 -26"><span class='ocrx_word' id='word_1_463' title='bbox 2119 2501 2196 2554; x_wconf 89' lang='grc' dir='ltr'><strong>μα</strong></span> <span class='ocrx_word' id='word_1_464' title='bbox 2229 2485 2648 2556; x_wconf 75' lang='grc' dir='ltr'>συνεγράψαντο</span> <span class='ocrx_word' id='word_1_465' title='bbox 2711 2487 3002 2556; x_wconf 75' lang='grc' dir='ltr'>δόγματασ</span> <span class='ocrx_word' id='word_1_466' title='bbox 3058 2490 3269 2543; x_wconf 82' lang='grc' dir='ltr'>ἐκεῖθεν</span> <span class='ocrx_word' id='word_1_467' title='bbox 3299 2491 3396 2544; x_wconf 75' lang='grc' dir='ltr'><strong>καὶ</strong></span> <span class='ocrx_word' id='word_1_468' title='bbox 3441 2492 3543 2562; x_wconf 84' lang='grc' dir='ltr'><strong>τὴν</strong></span> <span class='ocrx_word' id='word_1_469' title='bbox 3592 2491 3708 2545; x_wconf 88' lang='grc' dir='ltr'><strong>τῶν</strong></span> 
     </span>
    </p>
   </div>
   <div class='ocr_carea' id='block_1_71' title="bbox 2115 2575 3711 2651">
    <p class='ocr_par' dir='ltr' id='par_1_71' title="bbox 2115 2575 3711 2651">
     <span class='ocr_line' id='line_1_71' title="bbox 2115 2575 3711 2651; baseline 0.005 -22"><span class='ocrx_word' id='word_1_470' title='bbox 2115 2575 2566 2649; x_wconf 73' lang='grc' dir='ltr'>Χαντζιτςαρίων</span> <span class='ocrx_word' id='word_1_471' title='bbox 2604 2579 2680 2651; x_wconf 88' lang='lat' dir='ltr'><strong>(b)</strong></span> <span class='ocrx_word' id='word_1_472' title='bbox 2704 2596 2719 2610; x_wconf 88' lang='grc'><strong>·</strong></span> <span class='ocrx_word' id='word_1_473' title='bbox 2769 2581 2944 2644; x_wconf 78' lang='grc' dir='ltr'>οὕτως</span> <span class='ocrx_word' id='word_1_474' title='bbox 2985 2581 3218 2646; x_wconf 78' lang='grc' dir='ltr'>ἐκείνοις</span> <span class='ocrx_word' id='word_1_475' title='bbox 3253 2581 3532 2650; x_wconf 77' lang='grc' dir='ltr'>λογίζεται</span> <span class='ocrx_word' id='word_1_476' title='bbox 3556 2601 3569 2614; x_wconf 91' lang='grc'><strong>·</strong></span> <span class='ocrx_word' id='word_1_477' title='bbox 3600 2585 3711 2636; x_wconf 70' lang='grc' dir='ltr'>πά-</span> 
     </span>
    </p>
   </div>
   <div class='ocr_carea' id='block_1_72' title="bbox 2116 2667 3710 2744">
    <p class='ocr_par' dir='ltr' id='par_1_72' title="bbox 2116 2667 3710 2744">
     <span class='ocr_line' id='line_1_72' title="bbox 2116 2667 3710 2744; baseline 0.006 -22"><span class='ocrx_word' id='word_1_478' title='bbox 2116 2667 2206 2732; x_wconf 87' lang='grc' dir='ltr'><strong>θος</strong></span> <span class='ocrx_word' id='word_1_479' title='bbox 2245 2670 2354 2740; x_wconf 80' lang='grc' dir='ltr'>γὰρ</span> <span class='ocrx_word' id='word_1_480' title='bbox 2381 2672 2714 2742; x_wconf 59' lang='grc' dir='ltr'>ἐπιφέρουσι</span> <span class='ocrx_word' id='word_1_481' title='bbox 2747 2673 2826 2742; x_wconf 82' lang='grc' dir='ltr'>τῷ</span> <span class='ocrx_word' id='word_1_482' title='bbox 2861 2674 3025 2728; x_wconf 70' lang='grc' dir='ltr'>πάθει</span> <span class='ocrx_word' id='word_1_483' title='bbox 3073 2674 3151 2744; x_wconf 82' lang='grc' dir='ltr'>τῷ</span> <span class='ocrx_word' id='word_1_484' title='bbox 3179 2676 3303 2728; x_wconf 76' lang='grc' dir='ltr'>κατ’</span> <span class='ocrx_word' id='word_1_485' title='bbox 3332 2676 3469 2730; x_wconf 80' lang='grc' dir='ltr'>αὐτὸ</span> <span class='ocrx_word' id='word_1_486' title='bbox 3501 2677 3710 2731; x_wconf 81' lang='grc' dir='ltr'>ἀπαθεῖ</span> 
     </span>
    </p>
   </div>
   <div class='ocr_carea' id='block_1_73' title="bbox 2114 2763 3706 2841">
    <p class='ocr_par' dir='ltr' id='par_1_73' title="bbox 2114 2763 3706 2841">
     <span class='ocr_line' id='line_1_73' title="bbox 2114 2763 3706 2841; baseline 0.005 -25"><span class='ocrx_word' id='word_1_487' title='bbox 2114 2763 2214 2832; x_wconf 86' lang='grc' dir='ltr'><strong>τῆς</strong></span> <span class='ocrx_word' id='word_1_488' title='bbox 2248 2763 2530 2835; x_wconf 83' lang='grc' dir='ltr'>θεότητος,</span> <span class='ocrx_word' id='word_1_489' title='bbox 2589 2767 2684 2819; x_wconf 75' lang='grc' dir='ltr'><strong>καὶ</strong></span> <span class='ocrx_word' id='word_1_490' title='bbox 2717 2766 2935 2838; x_wconf 71' lang='grc' dir='ltr'>φυρμὸν</span> <span class='ocrx_word' id='word_1_491' title='bbox 2977 2768 3074 2820; x_wconf 81' lang='grc' dir='ltr'>καὶ</span> <span class='ocrx_word' id='word_1_492' title='bbox 3125 2771 3326 2841; x_wconf 81' lang='grc' dir='ltr'>κρᾶσιν</span> <span class='ocrx_word' id='word_1_493' title='bbox 3379 2770 3706 2838; x_wconf 80' lang='grc' dir='ltr'>εἰσάγουσιο</span> 
     </span>
    </p>
   </div>
   <div class='ocr_carea' id='block_1_74' title="bbox 2115 2852 3706 2932">
    <p class='ocr_par' dir='ltr' id='par_1_74' title="bbox 2115 2852 3706 2932">
     <span class='ocr_line' id='line_1_74' title="bbox 2115 2852 3706 2932; baseline 0.007 -26"><span class='ocrx_word' id='word_1_494' title='bbox 2115 2855 2212 2906; x_wconf 67' lang='grc' dir='ltr'><strong>καὶ</strong></span> <span class='ocrx_word' id='word_1_495' title='bbox 2249 2855 2381 2924; x_wconf 75' lang='grc' dir='ltr'>μίαν</span> <span class='ocrx_word' id='word_1_496' title='bbox 2414 2852 2558 2909; x_wconf 75' lang='grc' dir='ltr'>εἶναι</span> <span class='ocrx_word' id='word_1_497' title='bbox 2595 2855 2762 2926; x_wconf 82' lang='grc' dir='ltr'>φύσιν</span> <span class='ocrx_word' id='word_1_498' title='bbox 2792 2858 2893 2929; x_wconf 79' lang='grc' dir='ltr'>τὴν</span> <span class='ocrx_word' id='word_1_499' title='bbox 2927 2859 3022 2912; x_wconf 85' lang='grc' dir='ltr'><strong>τοῦ</strong></span> <span class='ocrx_word' id='word_1_500' title='bbox 3067 2859 3280 2932; x_wconf 85' lang='grc' dir='ltr'>Κυρίου</span> <span class='ocrx_word' id='word_1_501' title='bbox 3325 2862 3482 2932; x_wconf 71' lang='grc' dir='ltr'>ἡμῶν</span> <span class='ocrx_word' id='word_1_502' title='bbox 3525 2861 3706 2930; x_wconf 80' lang='grc' dir='ltr'>Ἰησοῦ</span> 
     </span>
    </p>
   </div>
   <div class='ocr_carea' id='block_1_75' title="bbox 2115 2944 3710 3024">
    <p class='ocr_par' dir='ltr' id='par_1_75' title="bbox 2115 2944 3710 3024">
     <span class='ocr_line' id='line_1_75' title="bbox 2115 2944 3710 3024; baseline 0.007 -28"><span class='ocrx_word' id='word_1_503' title='bbox 2115 2944 2354 3015; x_wconf 75' lang='grc' dir='ltr'>Χριστοῦ</span> <span class='ocrx_word' id='word_1_504' title='bbox 2389 2944 2604 3009; x_wconf 80' lang='grc' dir='ltr'>ἀσεϐῶς</span> <span class='ocrx_word' id='word_1_505' title='bbox 2651 2946 3100 3019; x_wconf 76' lang='grc' dir='ltr'>δογματίζουσιν,</span> <span class='ocrx_word' id='word_1_506' title='bbox 3134 2945 3227 3004; x_wconf 73' lang='grc' dir='ltr'>οἷα</span> <span class='ocrx_word' id='word_1_507' title='bbox 3259 2953 3354 3005; x_wconf 74' lang='grc' dir='ltr'><strong>καὶ</strong></span> <span class='ocrx_word' id='word_1_508' title='bbox 3381 2952 3410 3004; x_wconf 84' lang='grc' dir='ltr'><strong>ὁ</strong></span> <span class='ocrx_word' id='word_1_509' title='bbox 3458 2952 3710 3024; x_wconf 74' lang='grc' dir='ltr'>Εὑτυχὴς</span> 
     </span>
    </p>
   </div>
   <div class='ocr_carea' id='block_1_76' title="bbox 2116 3033 3708 3112">
    <p class='ocr_par' dir='ltr' id='par_1_76' title="bbox 2116 3033 3708 3112">
     <span class='ocr_line' id='line_1_76' title="bbox 2116 3033 3708 3112; baseline 0.006 -26"><span class='ocrx_word' id='word_1_510' title='bbox 2116 3035 2210 3088; x_wconf 79' lang='grc' dir='ltr'>καὶ</span> <span class='ocrx_word' id='word_1_511' title='bbox 2235 3033 2531 3106; x_wconf 87' lang='grc' dir='ltr'>Διόσκορος</span> <span class='ocrx_word' id='word_1_512' title='bbox 2573 3037 2669 3088; x_wconf 74' lang='grc' dir='ltr'><strong>καὶ</strong></span> <span class='ocrx_word' id='word_1_513' title='bbox 2711 3039 2738 3090; x_wconf 80' lang='grc' dir='ltr'>ὁ</span> <span class='ocrx_word' id='word_1_514' title='bbox 2771 3038 3010 3101; x_wconf 79' lang='grc' dir='ltr'>δείλαιος</span> <span class='ocrx_word' id='word_1_515' title='bbox 3044 3040 3252 3112; x_wconf 82' lang='grc' dir='ltr'>Πέτρος</span> <span class='ocrx_word' id='word_1_516' title='bbox 3305 3039 3561 3109; x_wconf 70' lang='grc' dir='ltr'>φρονοῦσι</span> <span class='ocrx_word' id='word_1_517' title='bbox 3608 3042 3708 3095; x_wconf 81' lang='grc' dir='ltr'><strong>σὺν</strong></span> 
     </span>
    </p>
   </div>
   <div class='ocr_carea' id='block_1_77' title="bbox 2117 3112 3824 3204">
    <p class='ocr_par' dir='ltr' id='par_1_77' title="bbox 2117 3112 3824 3204">
     <span class='ocr_line' id='line_1_77' title="bbox 2117 3112 3824 3204; baseline 0.006 -28"><span class='ocrx_word' id='word_1_518' title='bbox 2117 3126 2304 3188; x_wconf 78' lang='grc' dir='ltr'>αὐτοῖς</span> <span class='ocrx_word' id='word_1_519' title='bbox 2326 3141 2339 3154; x_wconf 89' lang='lat'><strong>&#39;</strong></span> <span class='ocrx_word' id='word_1_520' title='bbox 2386 3127 2482 3179; x_wconf 72' lang='lat' dir='ltr'><strong>xui.</strong></span> <span class='ocrx_word' id='word_1_521' title='bbox 2509 3128 2542 3198; x_wconf 82' lang='grc' dir='ltr'>ὴ</span> <span class='ocrx_word' id='word_1_522' title='bbox 2571 3126 2665 3180; x_wconf 90' lang='grc' dir='ltr'><strong>τοῦ</strong></span> <span class='ocrx_word' id='word_1_523' title='bbox 2695 3128 2860 3182; x_wconf 80' lang='grc' dir='ltr'>ἀθέου</span> <span class='ocrx_word' id='word_1_524' title='bbox 2886 3112 3132 3201; x_wconf 66' lang='grc' dir='ltr'>έεϐἡρου</span> <span class='ocrx_word' id='word_1_525' title='bbox 3163 3133 3377 3201; x_wconf 83' lang='grc' dir='ltr'>αἵρεσις</span> <span class='ocrx_word' id='word_1_526' title='bbox 3399 3134 3708 3204; x_wconf 81' lang='grc' dir='ltr'>συντρέχει,</span> <span class='ocrx_word' id='word_1_527' title='bbox 3819 3137 3824 3140; x_wconf 80' lang='grc'><em>’</em></span> 
     </span>
    </p>
   </div>
   <div class='ocr_carea' id='block_1_78' title="bbox 2126 3217 3707 3296">
    <p class='ocr_par' dir='ltr' id='par_1_78' title="bbox 2126 3217 3707 3296">
     <span class='ocr_line' id='line_1_78' title="bbox 2126 3217 3707 3296; baseline 0.006 -26"><span class='ocrx_word' id='word_1_528' title='bbox 2126 3218 2222 3271; x_wconf 75' lang='grc' dir='ltr'>καὶ</span> <span class='ocrx_word' id='word_1_529' title='bbox 2247 3217 2304 3282; x_wconf 78' lang='grc' dir='ltr'><strong>ἐξ</strong></span> <span class='ocrx_word' id='word_1_530' title='bbox 2325 3219 2506 3273; x_wconf 79' lang='grc' dir='ltr'>αὐτῶν</span> <span class='ocrx_word' id='word_1_531' title='bbox 2527 3220 2851 3290; x_wconf 83' lang='grc' dir='ltr'>μετέχουσιν</span> <span class='ocrx_word' id='word_1_532' title='bbox 2882 3223 2931 3274; x_wconf 83' lang='grc' dir='ltr'>οἱ</span> <span class='ocrx_word' id='word_1_533' title='bbox 2951 3223 3262 3292; x_wconf 81' lang='grc' dir='ltr'>Ἀκέφαλοι,</span> <span class='ocrx_word' id='word_1_534' title='bbox 3287 3224 3634 3296; x_wconf 79' lang='grc' dir='ltr'>Σεσηριανοὶ,</span> <span class='ocrx_word' id='word_1_535' title='bbox 3655 3229 3707 3280; x_wconf 78' lang='grc' dir='ltr'>οἱ</span> 
     </span>
    </p>
   </div>
   <div class='ocr_carea' id='block_1_79' title="bbox 2126 3309 3711 3387">
    <p class='ocr_par' dir='ltr' id='par_1_79' title="bbox 2126 3309 3711 3387">
     <span class='ocr_line' id='line_1_79' title="bbox 2126 3309 3711 3387; baseline 0.006 -25"><span class='ocrx_word' id='word_1_536' title='bbox 2126 3309 2455 3366; x_wconf 81' lang='grc' dir='ltr'>Ἰακωὸἰται.</span> <span class='ocrx_word' id='word_1_537' title='bbox 2475 3310 2596 3364; x_wconf 86' lang='grc' dir='ltr'>Ἔτι</span> <span class='ocrx_word' id='word_1_538' title='bbox 2609 3312 2664 3364; x_wconf 85' lang='grc' dir='ltr'><strong>δὲ</strong></span> <span class='ocrx_word' id='word_1_539' title='bbox 2681 3314 2708 3365; x_wconf 89' lang='grc' dir='ltr'><strong>ό</strong></span> <span class='ocrx_word' id='word_1_540' title='bbox 2729 3313 2892 3376; x_wconf 72' lang='grc' dir='ltr'>αὐτὸς</span> <span class='ocrx_word' id='word_1_541' title='bbox 2910 3314 3069 3377; x_wconf 87' lang='grc' dir='ltr'>ἄθεος</span> <span class='ocrx_word' id='word_1_542' title='bbox 3089 3316 3356 3387; x_wconf 78' lang='grc' dir='ltr'>Εὐτυχὴς,</span> <span class='ocrx_word' id='word_1_543' title='bbox 3375 3319 3469 3370; x_wconf 76' lang='grc' dir='ltr'>καὶ</span> <span class='ocrx_word' id='word_1_544' title='bbox 3483 3319 3711 3373; x_wconf 79' lang='grc' dir='ltr'>Διόσκοο</span> 
     </span>
    </p>
   </div>
   <div class='ocr_carea' id='block_1_80' title="bbox 2127 3401 3710 3479">
    <p class='ocr_par' dir='ltr' id='par_1_80' title="bbox 2127 3401 3710 3479">
     <span class='ocr_line' id='line_1_80' title="bbox 2127 3401 3710 3479; baseline 0.008 -26"><span class='ocrx_word' id='word_1_545' title='bbox 2127 3418 2238 3472; x_wconf 88' lang='grc' dir='ltr'>ρος,</span> <span class='ocrx_word' id='word_1_546' title='bbox 2258 3403 2350 3454; x_wconf 75' lang='grc' dir='ltr'><strong>καὶ</strong></span> <span class='ocrx_word' id='word_1_547' title='bbox 2370 3401 2596 3473; x_wconf 78' lang='grc' dir='ltr'>Πέτρος,</span> <span class='ocrx_word' id='word_1_548' title='bbox 2621 3403 2714 3457; x_wconf 65' lang='grc' dir='ltr'><strong>καλ⁵</strong></span> <span class='ocrx_word' id='word_1_549' title='bbox 2734 3407 2762 3458; x_wconf 64' lang='grc' dir='ltr'>ὁ</span> <span class='ocrx_word' id='word_1_550' title='bbox 2785 3405 3028 3477; x_wconf 82' lang='grc' dir='ltr'>ἀρχηγὸς</span> <span class='ocrx_word' id='word_1_551' title='bbox 3047 3407 3154 3460; x_wconf 87' lang='grc' dir='ltr'><strong>τῶν</strong></span> <span class='ocrx_word' id='word_1_552' title='bbox 3170 3407 3472 3479; x_wconf 86' lang='grc' dir='ltr'>Ἀρμενίων</span> <span class='ocrx_word' id='word_1_553' title='bbox 3488 3412 3710 3465; x_wconf 83' lang='grc' dir='ltr'>Μαντα-</span> 
     </span>
    </p>
   </div>
   <div class='ocr_carea' id='block_1_81' title="bbox 2123 3494 3711 3576">
    <p class='ocr_par' dir='ltr' id='par_1_81' title="bbox 2123 3494 3711 3576">
     <span class='ocr_line' id='line_1_81' title="bbox 2123 3494 3711 3576; baseline 0.009 -29"><span class='ocrx_word' id='word_1_554' title='bbox 2123 3495 2324 3566; x_wconf 83' lang='grc' dir='ltr'>κουνῆς</span> <span class='ocrx_word' id='word_1_555' title='bbox 2356 3494 2608 3565; x_wconf 85' lang='grc' dir='ltr'>λέγουσιν</span> <span class='ocrx_word' id='word_1_556' title='bbox 2629 3497 2709 3551; x_wconf 78' lang='grc' dir='ltr'>ὅτι</span> <span class='ocrx_word' id='word_1_557' title='bbox 2731 3499 2839 3570; x_wconf 81' lang='grc' dir='ltr'>πρὸ</span> <span class='ocrx_word' id='word_1_558' title='bbox 2864 3499 2957 3554; x_wconf 81' lang='grc' dir='ltr'><strong>τοῦ</strong></span> <span class='ocrx_word' id='word_1_559' title='bbox 2983 3501 3310 3573; x_wconf 76' lang='grc' dir='ltr'>γεννηθῆναι</span> <span class='ocrx_word' id='word_1_560' title='bbox 3338 3507 3402 3558; x_wconf 80' lang='grc' dir='ltr'>ὲκ</span> <span class='ocrx_word' id='word_1_561' title='bbox 3424 3505 3528 3576; x_wconf 87' lang='grc' dir='ltr'><strong>τῆς</strong></span> <span class='ocrx_word' id='word_1_562' title='bbox 3570 3508 3711 3560; x_wconf 81' lang='grc' dir='ltr'>’Δει-</span> 
     </span>
    </p>
   </div>
   <div class='ocr_carea' id='block_1_82' title="bbox 2123 3587 3712 3669">
    <p class='ocr_par' dir='ltr' id='par_1_82' title="bbox 2123 3587 3712 3669">
     <span class='ocr_line' id='line_1_82' title="bbox 2123 3587 3712 3669; baseline 0.009 -29"><span class='ocrx_word' id='word_1_563' title='bbox 2123 3587 2404 3660; x_wconf 85' lang='grc' dir='ltr'>Παρθένου</span> <span class='ocrx_word' id='word_1_564' title='bbox 2435 3589 2658 3660; x_wconf 87' lang='grc' dir='ltr'>Μαρίας</span> <span class='ocrx_word' id='word_1_565' title='bbox 2676 3592 2770 3645; x_wconf 78' lang='grc' dir='ltr'><strong>τὸν</strong></span> <span class='ocrx_word' id='word_1_566' title='bbox 2799 3593 3029 3664; x_wconf 87' lang='grc' dir='ltr'>Σωτῆρα</span> <span class='ocrx_word' id='word_1_567' title='bbox 3055 3594 3149 3648; x_wconf 75' lang='grc' dir='ltr'>καὶ</span> <span class='ocrx_word' id='word_1_568' title='bbox 3173 3595 3308 3650; x_wconf 79' lang='grc' dir='ltr'>Θεὸν</span> <span class='ocrx_word' id='word_1_569' title='bbox 3325 3598 3506 3669; x_wconf 81' lang='grc' dir='ltr'>ἡμῶν,</span> <span class='ocrx_word' id='word_1_570' title='bbox 3537 3598 3597 3664; x_wconf 79' lang='grc' dir='ltr'>ἐξ</span> <span class='ocrx_word' id='word_1_571' title='bbox 3615 3601 3712 3654; x_wconf 79' lang='grc' dir='ltr'>οὐ·</span> 
     </span>
    </p>
   </div>
   <div class='ocr_carea' id='block_1_83' title="bbox 2125 3680 3709 3766">
    <p class='ocr_par' dir='ltr' id='par_1_83' title="bbox 2125 3680 3709 3766">
     <span class='ocr_line' id='line_1_83' title="bbox 2125 3680 3709 3766; baseline 0.011 -33"><span class='ocrx_word' id='word_1_572' title='bbox 2125 3680 2290 3753; x_wconf 84' lang='grc' dir='ltr'><strong>ρανοῦ</strong></span> <span class='ocrx_word' id='word_1_573' title='bbox 2314 3681 2441 3754; x_wconf 81' lang='grc' dir='ltr'>έσχε</span> <span class='ocrx_word' id='word_1_574' title='bbox 2471 3685 2570 3755; x_wconf 84' lang='grc' dir='ltr'>τὴν</span> <span class='ocrx_word' id='word_1_575' title='bbox 2594 3685 2797 3758; x_wconf 84' lang='grc' dir='ltr'>σάρκα.</span> <span class='ocrx_word' id='word_1_576' title='bbox 2825 3687 2937 3757; x_wconf 78' lang='grc' dir='ltr'>Τὴν</span> <span class='ocrx_word' id='word_1_577' title='bbox 2957 3686 3068 3759; x_wconf 83' lang='grc' dir='ltr'>γὰρ</span> <span class='ocrx_word' id='word_1_578' title='bbox 3097 3690 3397 3763; x_wconf 86' lang='grc' dir='ltr'>ὁμοιότητα</span> <span class='ocrx_word' id='word_1_579' title='bbox 3423 3695 3517 3747; x_wconf 76' lang='grc' dir='ltr'><strong>καὶ</strong></span> <span class='ocrx_word' id='word_1_580' title='bbox 3538 3696 3709 3766; x_wconf 88' lang='grc' dir='ltr'>μόνην</span> 
     </span>
    </p>
   </div>
   <div class='ocr_carea' id='block_1_84' title="bbox 2123 3775 3708 3856">
    <p class='ocr_par' dir='ltr' id='par_1_84' title="bbox 2123 3775 3708 3856">
     <span class='ocr_line' id='line_1_84' title="bbox 2123 3775 3708 3856; baseline 0.008 -28"><span class='ocrx_word' id='word_1_581' title='bbox 2123 3775 2268 3830; x_wconf 86' lang='grc' dir='ltr'>κατὰ</span> <span class='ocrx_word' id='word_1_582' title='bbox 2293 3777 2598 3847; x_wconf 81' lang='grc' dir='ltr'>φαντασίαν</span> <span class='ocrx_word' id='word_1_583' title='bbox 2622 3780 2718 3832; x_wconf 80' lang='grc' dir='ltr'>καὶ</span> <span class='ocrx_word' id='word_1_584' title='bbox 2753 3780 2815 3832; x_wconf 83' lang='grc' dir='ltr'>οὐ</span> <span class='ocrx_word' id='word_1_585' title='bbox 2841 3780 2966 3834; x_wconf 85' lang='grc' dir='ltr'>κατ’</span> <span class='ocrx_word' id='word_1_586' title='bbox 2993 3781 3257 3854; x_wconf 78' lang='grc' dir='ltr'>ἀλήθειαν</span> <span class='ocrx_word' id='word_1_587' title='bbox 3288 3784 3481 3838; x_wconf 77' lang='grc' dir='ltr'>ἔλαϐεν</span> <span class='ocrx_word' id='word_1_588' title='bbox 3507 3788 3572 3839; x_wconf 78' lang='grc' dir='ltr'>ἐκ</span> <span class='ocrx_word' id='word_1_589' title='bbox 3604 3789 3708 3856; x_wconf 79' lang='grc' dir='ltr'><strong>τῆς</strong></span> 
     </span>
    </p>
   </div>
   <div class='ocr_carea' id='block_1_85' title="bbox 2123 3868 3708 3948">
    <p class='ocr_par' dir='ltr' id='par_1_85' title="bbox 2123 3868 3708 3948">
     <span class='ocr_line' id='line_1_85' title="bbox 2123 3868 3708 3948; baseline 0.007 -26"><span class='ocrx_word' id='word_1_590' title='bbox 2123 3868 2419 3940; x_wconf 84' lang='grc' dir='ltr'>παρθένου.</span> <span class='ocrx_word' id='word_1_591' title='bbox 2447 3870 2685 3939; x_wconf 77' lang='grc' dir='ltr'>Λέγουσι</span> <span class='ocrx_word' id='word_1_592' title='bbox 2715 3872 2772 3925; x_wconf 82' lang='grc' dir='ltr'>δὲ</span> <span class='ocrx_word' id='word_1_593' title='bbox 2792 3872 2868 3935; x_wconf 85' lang='grc' dir='ltr'>ὡς</span> <span class='ocrx_word' id='word_1_594' title='bbox 2883 3872 3008 3927; x_wconf 75' lang='grc' dir='ltr'>οὔτε</span> <span class='ocrx_word' id='word_1_595' title='bbox 3037 3876 3220 3946; x_wconf 80' lang='grc' dir='ltr'>ψυχὴν</span> <span class='ocrx_word' id='word_1_596' title='bbox 3241 3873 3368 3929; x_wconf 79' lang='grc' dir='ltr'>οὕτε</span> <span class='ocrx_word' id='word_1_597' title='bbox 3393 3877 3552 3948; x_wconf 89' lang='grc' dir='ltr'>σῶμα</span> <span class='ocrx_word' id='word_1_598' title='bbox 3580 3878 3708 3933; x_wconf 72' lang='grc' dir='ltr'>ἐλαι-</span> 
     </span>
    </p>
   </div>
   <div class='ocr_carea' id='block_1_86' title="bbox 2123 3961 3710 4043">
    <p class='ocr_par' dir='ltr' id='par_1_86' title="bbox 2123 3961 3710 4043">
     <span class='ocr_line' id='line_1_86' title="bbox 2123 3961 3710 4043; baseline 0.006 -28"><span class='ocrx_word' id='word_1_599' title='bbox 2123 3963 2220 4015; x_wconf 86' lang='grc' dir='ltr'>6εν</span> <span class='ocrx_word' id='word_1_600' title='bbox 2242 3963 2309 4016; x_wconf 80' lang='grc' dir='ltr'>ἐκ</span> <span class='ocrx_word' id='word_1_601' title='bbox 2341 3961 2441 4031; x_wconf 83' lang='grc' dir='ltr'><strong>τῆς</strong></span> <span class='ocrx_word' id='word_1_602' title='bbox 2466 3961 2767 4032; x_wconf 75' lang='grc' dir='ltr'>Παρθένου,</span> <span class='ocrx_word' id='word_1_603' title='bbox 2799 3963 2923 4018; x_wconf 85' lang='grc' dir='ltr'>οῦτε</span> <span class='ocrx_word' id='word_1_604' title='bbox 2949 3965 3084 4030; x_wconf 80' lang='grc' dir='ltr'>Θεὸς</span> <span class='ocrx_word' id='word_1_605' title='bbox 3111 3970 3299 4037; x_wconf 84' lang='grc' dir='ltr'>μείνας</span> <span class='ocrx_word' id='word_1_606' title='bbox 3321 3970 3380 4022; x_wconf 83' lang='grc' dir='ltr'>ὲν</span> <span class='ocrx_word' id='word_1_607' title='bbox 3407 3973 3474 4040; x_wconf 84' lang='grc' dir='ltr'>τῇ</span> <span class='ocrx_word' id='word_1_608' title='bbox 3511 3973 3710 4043; x_wconf 74' lang='grc' dir='ltr'>γαστρὶ</span> 
     </span>
    </p>
   </div>
   <div class='ocr_carea' id='block_1_87' title="bbox 2124 4055 3703 4133">
    <p class='ocr_par' dir='ltr' id='par_1_87' title="bbox 2124 4055 3703 4133">
     <span class='ocr_line' id='line_1_87' title="bbox 2124 4055 3703 4133; baseline 0.003 -22"><span class='ocrx_word' id='word_1_609' title='bbox 2124 4056 2297 4125; x_wconf 82' lang='grc' dir='ltr'>αὐτῆς</span> <span class='ocrx_word' id='word_1_610' title='bbox 2333 4055 2653 4127; x_wconf 85' lang='grc' dir='ltr'>ὑπέμεινεν,</span> <span class='ocrx_word' id='word_1_611' title='bbox 2686 4057 2803 4110; x_wconf 80' lang='grc' dir='ltr'>ἀλλ’</span> <span class='ocrx_word' id='word_1_612' title='bbox 2827 4058 3021 4131; x_wconf 89' lang='grc' dir='ltr'>ῶσπερ</span> <span class='ocrx_word' id='word_1_613' title='bbox 3066 4060 3158 4113; x_wconf 82' lang='grc' dir='ltr'>διὰ</span> <span class='ocrx_word' id='word_1_614' title='bbox 3193 4060 3438 4129; x_wconf 89' lang='grc' dir='ltr'>σωλῆνος</span> <span class='ocrx_word' id='word_1_615' title='bbox 3459 4061 3703 4133; x_wconf 82' lang='grc' dir='ltr'>διῆλθεν,</span> 
     </span>
    </p>
   </div>
   <div class='ocr_carea' id='block_1_88' title="bbox 2124 4148 3710 4226">
    <p class='ocr_par' dir='ltr' id='par_1_88' title="bbox 2124 4148 3710 4226">
     <span class='ocr_line' id='line_1_88' title="bbox 2124 4148 3710 4226; baseline 0.005 -24"><span class='ocrx_word' id='word_1_616' title='bbox 2124 4151 2189 4202; x_wconf 83' lang='grc' dir='ltr'>ὲκ</span> <span class='ocrx_word' id='word_1_617' title='bbox 2218 4148 2312 4202; x_wconf 85' lang='grc' dir='ltr'><strong>δύο</strong></span> <span class='ocrx_word' id='word_1_618' title='bbox 2346 4148 2597 4218; x_wconf 84' lang='grc' dir='ltr'>φύσεων,</span> <span class='ocrx_word' id='word_1_619' title='bbox 2631 4151 2727 4205; x_wconf 72' lang='grc' dir='ltr'>καὶ</span> <span class='ocrx_word' id='word_1_620' title='bbox 2754 4151 2834 4214; x_wconf 82' lang='grc' dir='ltr'><strong>είς</strong></span> <span class='ocrx_word' id='word_1_621' title='bbox 2891 4153 3022 4222; x_wconf 81' lang='grc' dir='ltr'>μίαν</span> <span class='ocrx_word' id='word_1_622' title='bbox 3077 4153 3326 4226; x_wconf 69' lang='grc' dir='ltr'>ὲφυράθη</span> <span class='ocrx_word' id='word_1_623' title='bbox 3379 4155 3562 4224; x_wconf 76' lang='grc' dir='ltr'>φύσιν,</span> <span class='ocrx_word' id='word_1_624' title='bbox 3612 4160 3710 4211; x_wconf 82' lang='grc' dir='ltr'><strong>καὶ</strong></span> 
     </span>
    </p>
   </div>
   <div class='ocr_carea' id='block_1_89' title="bbox 2123 4240 3709 4320">
    <p class='ocr_par' dir='ltr' id='par_1_89' title="bbox 2123 4240 3709 4320">
     <span class='ocr_line' id='line_1_89' title="bbox 2123 4240 3709 4320; baseline 0.007 -27"><span class='ocrx_word' id='word_1_625' title='bbox 2123 4240 2212 4294; x_wconf 82' lang='grc' dir='ltr'><strong>διὰ</strong></span> <span class='ocrx_word' id='word_1_626' title='bbox 2244 4242 2404 4294; x_wconf 83' lang='grc' dir='ltr'>τοῦτο</span> <span class='ocrx_word' id='word_1_627' title='bbox 2431 4243 2480 4296; x_wconf 88' lang='grc' dir='ltr'>οἱ</span> <span class='ocrx_word' id='word_1_628' title='bbox 2516 4243 2794 4314; x_wconf 86' lang='grc' dir='ltr'>Ἀρμένιοι</span> <span class='ocrx_word' id='word_1_629' title='bbox 2821 4246 2912 4299; x_wconf 80' lang='grc' dir='ltr'><strong>τὸν</strong></span> <span class='ocrx_word' id='word_1_630' title='bbox 2939 4246 3356 4318; x_wconf 76' lang='grc' dir='ltr'>Εὑαγγελισμὸν</span> <span class='ocrx_word' id='word_1_631' title='bbox 3379 4250 3477 4320; x_wconf 81' lang='grc' dir='ltr'><strong>οὐχ</strong></span> <span class='ocrx_word' id='word_1_632' title='bbox 3513 4251 3709 4320; x_wconf 81' lang='grc' dir='ltr'>ἑορτά-</span> 
     </span>
    </p>
   </div>
   <div class='ocr_carea' id='block_1_90' title="bbox 2124 4333 3707 4416">
    <p class='ocr_par' dir='ltr' id='par_1_90' title="bbox 2124 4333 3707 4416">
     <span class='ocr_line' id='line_1_90' title="bbox 2124 4333 3707 4416; baseline 0.007 -30"><span class='ocrx_word' id='word_1_633' title='bbox 2124 4333 2310 4398; x_wconf 80' lang='grc' dir='ltr'>ζουσιν</span> <span class='ocrx_word' id='word_1_634' title='bbox 2343 4335 2424 4398; x_wconf 83' lang='grc' dir='ltr'><strong>είς</strong></span> <span class='ocrx_word' id='word_1_635' title='bbox 2451 4335 2542 4389; x_wconf 81' lang='grc' dir='ltr'>τὸν</span> <span class='ocrx_word' id='word_1_636' title='bbox 2571 4337 2707 4390; x_wconf 74' lang='grc' dir='ltr'>[διον</span> <span class='ocrx_word' id='word_1_637' title='bbox 2739 4339 2932 4410; x_wconf 82' lang='grc' dir='ltr'>καιρόν</span> <span class='ocrx_word' id='word_1_638' title='bbox 2957 4355 2972 4371; x_wconf 71' lang='grc' dir='ltr'><strong><em>ο</em></strong></span> <span class='ocrx_word' id='word_1_639' title='bbox 3007 4339 3144 4394; x_wconf 79' lang='grc' dir='ltr'>ἀλλὰ</span> <span class='ocrx_word' id='word_1_640' title='bbox 3171 4341 3279 4411; x_wconf 89' lang='grc' dir='ltr'><strong>πρὸ</strong></span> <span class='ocrx_word' id='word_1_641' title='bbox 3305 4341 3448 4396; x_wconf 84' lang='grc' dir='ltr'>ὀκτὼ</span> <span class='ocrx_word' id='word_1_642' title='bbox 3479 4345 3707 4416; x_wconf 82' lang='grc' dir='ltr'>ἡμερῶν</span> 
     </span>
    </p>
   </div>
   <div class='ocr_carea' id='block_1_91' title="bbox 2125 4425 3706 4504">
    <p class='ocr_par' dir='ltr' id='par_1_91' title="bbox 2125 4425 3706 4504">
     <span class='ocr_line' id='line_1_91' title="bbox 2125 4425 3706 4504; baseline 0.006 -27"><span class='ocrx_word' id='word_1_643' title='bbox 2125 4425 2233 4478; x_wconf 89' lang='grc' dir='ltr'><strong>τῶν</strong></span> <span class='ocrx_word' id='word_1_644' title='bbox 2266 4425 2438 4494; x_wconf 85' lang='grc' dir='ltr'>ἁγίων</span> <span class='ocrx_word' id='word_1_645' title='bbox 2487 4426 2687 4481; x_wconf 82' lang='grc' dir='ltr'>Φώτων</span> <span class='ocrx_word' id='word_1_646' title='bbox 2727 4428 3051 4496; x_wconf 80' lang='grc' dir='ltr'>ἑορτάζουσι</span> <span class='ocrx_word' id='word_1_647' title='bbox 3090 4432 3156 4501; x_wconf 78' lang='grc' dir='ltr'>τῇ</span> <span class='ocrx_word' id='word_1_648' title='bbox 3187 4431 3398 4502; x_wconf 66' lang='grc' dir='ltr'>ἑσπέρᾳ.</span> <span class='ocrx_word' id='word_1_649' title='bbox 3440 4432 3539 4504; x_wconf 77' lang='grc' dir='ltr'>τὴν</span> <span class='ocrx_word' id='word_1_650' title='bbox 3579 4435 3706 4504; x_wconf 88' lang='grc' dir='ltr'>έορ-</span> 
     </span>
    </p>
   </div>
   <div class='ocr_carea' id='block_1_92' title="bbox 430 4519 2015 4598">
    <p class='ocr_par' dir='ltr' id='par_1_92' title="bbox 430 4523 2009 4590">
     <span class='ocr_line' id='line_1_92' title="bbox 430 4523 2009 4590; baseline -0.002 -7"><span class='ocrx_word' id='word_1_651' title='bbox 430 4527 832 4590; x_wconf 85' lang='lat' dir='ltr'><strong>concelebrant,</strong></span> <span class='ocrx_word' id='word_1_652' title='bbox 869 4523 1016 4579; x_wconf 92' lang='lat' dir='ltr'><strong>nullo</strong></span> <span class='ocrx_word' id='word_1_653' title='bbox 1047 4524 1206 4579; x_wconf 89' lang='lat' dir='ltr'><strong>modo</strong></span> <span class='ocrx_word' id='word_1_654' title='bbox 1234 4523 1672 4579; x_wconf 87' lang='lat' dir='ltr'><strong>circutncisionis</strong></span> <span class='ocrx_word' id='word_1_655' title='bbox 1693 4526 2009 4580; x_wconf 87' lang='lat' dir='ltr'><strong>memoriam</strong></span> 
     </span>
    </p>
   </div>
   <div class='ocr_carea' id='block_1_93' title="bbox 2120 4519 3702 4598">
    <p class='ocr_par' dir='ltr' id='par_1_93' title="bbox 2120 4519 3702 4596">
     <span class='ocr_line' id='line_1_93' title="bbox 2120 4519 3702 4596; baseline 0.005 -24"><span class='ocrx_word' id='word_1_656' title='bbox 2120 4519 2221 4590; x_wconf 83' lang='grc' dir='ltr'>τὴν</span> <span class='ocrx_word' id='word_1_657' title='bbox 2270 4520 2362 4574; x_wconf 88' lang='grc' dir='ltr'><strong>τοῦ</strong></span> <span class='ocrx_word' id='word_1_658' title='bbox 2395 4521 2838 4592; x_wconf 81' lang='grc' dir='ltr'>Εὐαγγελισμοῦ,</span> <span class='ocrx_word' id='word_1_659' title='bbox 2874 4524 2969 4576; x_wconf 76' lang='grc' dir='ltr'><strong>καὶ</strong></span> <span class='ocrx_word' id='word_1_660' title='bbox 3009 4524 3099 4578; x_wconf 72' lang='grc' dir='ltr'><strong>διὰ</strong></span> <span class='ocrx_word' id='word_1_661' title='bbox 3133 4526 3228 4595; x_wconf 76' lang='grc' dir='ltr'><strong>τῆς</strong></span> <span class='ocrx_word' id='word_1_662' title='bbox 3263 4526 3456 4589; x_wconf 73' lang='grc' dir='ltr'>νυκτὸς</span> <span class='ocrx_word' id='word_1_663' title='bbox 3504 4528 3702 4596; x_wconf 78' lang='grc' dir='ltr'>ἑορτά-</span> 
     </span>
    </p>
   </div>
   <div class='ocr_carea' id='block_1_94' title="bbox 425 4616 2010 4676">
    <p class='ocr_par' dir='ltr' id='par_1_94' title="bbox 425 4616 2010 4676">
     <span class='ocr_line' id='line_1_94' title="bbox 425 4616 2010 4676; baseline -0.001 -1"><span class='ocrx_word' id='word_1_664' title='bbox 425 4620 716 4676; x_wconf 80' lang='lat' dir='ltr'><strong>facientes.</strong></span> <span class='ocrx_word' id='word_1_665' title='bbox 751 4618 832 4674; x_wconf 85' lang='lat' dir='ltr'><strong>Ad</strong></span> <span class='ocrx_word' id='word_1_666' title='bbox 867 4619 978 4672; x_wconf 77' lang='lat' dir='ltr'><strong>haec</strong></span> <span class='ocrx_word' id='word_1_667' title='bbox 1011 4633 1110 4673; x_wconf 92' lang='lat' dir='ltr'><strong>suo</strong></span> <span class='ocrx_word' id='word_1_668' title='bbox 1145 4618 1304 4672; x_wconf 91' lang='lat' dir='ltr'><strong>modo</strong></span> <span class='ocrx_word' id='word_1_669' title='bbox 1334 4616 1550 4674; x_wconf 69' lang='lat' dir='ltr'><strong>Judazos</strong></span> <span class='ocrx_word' id='word_1_670' title='bbox 1596 4618 1880 4674; x_wconf 84' lang='lat' dir='ltr'><strong>imitantur</strong></span> <span class='ocrx_word' id='word_1_671' title='bbox 1906 4618 2010 4673; x_wconf 81' lang='lat' dir='ltr'><strong>Ar-</strong></span> 
     </span>
    </p>
   </div>
   <div class='ocr_carea' id='block_1_95' title="bbox 432 4709 2010 4782">
    <p class='ocr_par' dir='ltr' id='par_1_95' title="bbox 432 4709 2010 4782">
     <span class='ocr_line' id='line_1_95' title="bbox 432 4709 2010 4782; baseline -0.001 -16"><span class='ocrx_word' id='word_1_672' title='bbox 432 4711 595 4767; x_wconf 80' lang='lat' dir='ltr'><strong>menii</strong></span> <span class='ocrx_word' id='word_1_673' title='bbox 631 4721 836 4782; x_wconf 85' lang='lat' dir='ltr'><strong>:atque</strong></span> <span class='ocrx_word' id='word_1_674' title='bbox 888 4713 940 4766; x_wconf 90' lang='lat' dir='ltr'><strong>in</strong></span> <span class='ocrx_word' id='word_1_675' title='bbox 1007 4711 1122 4781; x_wconf 89' lang='lat' dir='ltr'><strong>ipso</strong></span> <span class='ocrx_word' id='word_1_676' title='bbox 1175 4709 1460 4766; x_wconf 86' lang='lat' dir='ltr'><strong>Paschalis</strong></span> <span class='ocrx_word' id='word_1_677' title='bbox 1507 4717 1750 4779; x_wconf 87' lang='lat' dir='ltr'><strong>tempore</strong></span> <span class='ocrx_word' id='word_1_678' title='bbox 1812 4727 2010 4781; x_wconf 86' lang='lat' dir='ltr'><strong>agnum</strong></span> 
     </span>
    </p>
   </div>
   <div class='ocr_carea' id='block_1_96' title="bbox 431 4802 2010 4872">
    <p class='ocr_par' dir='ltr' id='par_1_96' title="bbox 431 4802 2010 4872">
     <span class='ocr_line' id='line_1_96' title="bbox 431 4802 2010 4872; baseline -0.001 -14"><span class='ocrx_word' id='word_1_679' title='bbox 431 4803 765 4868; x_wconf 82' lang='lat' dir='ltr'><strong>sacrificant,</strong></span> <span class='ocrx_word' id='word_1_680' title='bbox 822 4819 889 4857; x_wconf 77' lang='lat' dir='ltr'><strong>ex</strong></span> <span class='ocrx_word' id='word_1_681' title='bbox 943 4803 1096 4872; x_wconf 81' lang='lat' dir='ltr'><strong>cujus</strong></span> <span class='ocrx_word' id='word_1_682' title='bbox 1154 4803 1428 4871; x_wconf 81' lang='lat' dir='ltr'><strong>sanguine</strong></span> <span class='ocrx_word' id='word_1_683' title='bbox 1482 4802 1667 4856; x_wconf 83' lang='lat' dir='ltr'><strong>limina</strong></span> <span class='ocrx_word' id='word_1_684' title='bbox 1729 4813 2010 4871; x_wconf 86' lang='lat' dir='ltr'><strong>portarum</strong></span> 
     </span>
    </p>
   </div>
   <div class='ocr_carea' id='block_1_97' title="bbox 433 4893 2010 4965">
    <p class='ocr_par' dir='ltr' id='par_1_97' title="bbox 433 4893 2010 4965">
     <span class='ocr_line' id='line_1_97' title="bbox 433 4893 2010 4965; baseline -0.001 -15"><span class='ocrx_word' id='word_1_685' title='bbox 433 4897 728 4964; x_wconf 77' lang='lat' dir='ltr'><strong>inungunt;</strong></span> <span class='ocrx_word' id='word_1_686' title='bbox 779 4911 901 4950; x_wconf 90' lang='lat' dir='ltr'><strong>assa</strong></span> <span class='ocrx_word' id='word_1_687' title='bbox 946 4895 1054 4965; x_wconf 76' lang='lat' dir='ltr'><strong>igni</strong></span> <span class='ocrx_word' id='word_1_688' title='bbox 1090 4893 1300 4949; x_wconf 73' lang='lat' dir='ltr'><strong>faciant</strong></span> <span class='ocrx_word' id='word_1_689' title='bbox 1342 4906 1397 4949; x_wconf 91' lang='lat' dir='ltr'><strong>et</strong></span> <span class='ocrx_word' id='word_1_690' title='bbox 1449 4895 1796 4949; x_wconf 86' lang='lat' dir='ltr'><strong>manducant.</strong></span> <span class='ocrx_word' id='word_1_691' title='bbox 1847 4893 2010 4949; x_wconf 86' lang='lat' dir='ltr'><strong>Suam</strong></span> 
     </span>
    </p>
   </div>
   <div class='ocr_carea' id='block_1_98' title="bbox 427 4987 2010 5058">
    <p class='ocr_par' dir='ltr' id='par_1_98' title="bbox 427 4987 2010 5058">
     <span class='ocr_line' id='line_1_98' title="bbox 427 4987 2010 5058; baseline -0.002 -15"><span class='ocrx_word' id='word_1_692' title='bbox 427 4987 758 5044; x_wconf 87' lang='lat' dir='ltr'><strong>oblationem</strong></span> <span class='ocrx_word' id='word_1_693' title='bbox 793 4990 1001 5058; x_wconf 88' lang='lat' dir='ltr'><strong>absque</strong></span> <span class='ocrx_word' id='word_1_694' title='bbox 1050 4987 1318 5045; x_wconf 84' lang='lat' dir='ltr'><strong>fermento</strong></span> <span class='ocrx_word' id='word_1_695' title='bbox 1369 4988 1666 5043; x_wconf 82' lang='lat' dir='ltr'><strong>conficiunt</strong></span> <span class='ocrx_word' id='word_1_696' title='bbox 1710 5003 1723 5040; x_wconf 92' lang='lat'><strong>:</strong></span> <span class='ocrx_word' id='word_1_697' title='bbox 1759 4987 2010 5042; x_wconf 86' lang='lat' dir='ltr'><strong>unionem</strong></span> 
     </span>
    </p>
   </div>
   <div class='ocr_carea' id='block_1_99' title="bbox 432 5079 2012 5151">
    <p class='ocr_par' dir='ltr' id='par_1_99' title="bbox 432 5079 2012 5151">
     <span class='ocr_line' id='line_1_99' title="bbox 432 5079 2012 5151; baseline -0.001 -15"><span class='ocrx_word' id='word_1_698' title='bbox 432 5080 715 5150; x_wconf 79' lang='lat' dir='ltr'><strong>sanguinis</strong></span> <span class='ocrx_word' id='word_1_699' title='bbox 765 5089 820 5135; x_wconf 90' lang='lat' dir='ltr'><strong>et</strong></span> <span class='ocrx_word' id='word_1_700' title='bbox 868 5096 1020 5150; x_wconf 79' lang='lat' dir='ltr'><strong>aqua:</strong></span> <span class='ocrx_word' id='word_1_701' title='bbox 1075 5096 1180 5136; x_wconf 90' lang='lat' dir='ltr'><strong>non</strong></span> <span class='ocrx_word' id='word_1_702' title='bbox 1232 5093 1529 5151; x_wconf 79' lang='lat' dir='ltr'><strong>peragunt,</strong></span> <span class='ocrx_word' id='word_1_703' title='bbox 1571 5081 1664 5136; x_wconf 86' lang='lat' dir='ltr'><strong>sed</strong></span> <span class='ocrx_word' id='word_1_704' title='bbox 1721 5080 1834 5133; x_wconf 87' lang='lat' dir='ltr'><strong>solo</strong></span> <span class='ocrx_word' id='word_1_705' title='bbox 1887 5079 2012 5134; x_wconf 80' lang='lat' dir='ltr'><strong>vino</strong></span> 
     </span>
    </p>
   </div>
   <div class='ocr_carea' id='block_1_100' title="bbox 433 5170 2010 5240">
    <p class='ocr_par' dir='ltr' id='par_1_100' title="bbox 433 5170 2010 5240">
     <span class='ocr_line' id='line_1_100' title="bbox 433 5170 2010 5240; baseline -0.002 -14"><span class='ocrx_word' id='word_1_706' title='bbox 433 5182 680 5238; x_wconf 88' lang='lat' dir='ltr'><strong>utuntur,</strong></span> <span class='ocrx_word' id='word_1_707' title='bbox 708 5171 864 5240; x_wconf 82' lang='lat' dir='ltr'><strong>juxta</strong></span> <span class='ocrx_word' id='word_1_708' title='bbox 909 5170 1220 5226; x_wconf 64' lang='lat' dir='ltr'><strong>Judaaorutn</strong></span> <span class='ocrx_word' id='word_1_709' title='bbox 1252 5171 1704 5227; x_wconf 88' lang='lat' dir='ltr'><strong>consuetudinem</strong></span> <span class='ocrx_word' id='word_1_710' title='bbox 1757 5171 2010 5225; x_wconf 87' lang='lat' dir='ltr'><strong>traditio-</strong></span> 
     </span>
    </p>
   </div>
   <div class='ocr_carea' id='block_1_101' title="bbox 436 5257 2016 5340">
    <p class='ocr_par' dir='ltr' id='par_1_101' title="bbox 436 5257 2016 5340">
     <span class='ocr_line' id='line_1_101' title="bbox 436 5257 2016 5340; baseline 0 -21"><span class='ocrx_word' id='word_1_711' title='bbox 436 5280 670 5334; x_wconf 83' lang='lat' dir='ltr'><strong>nemque</strong></span> <span class='ocrx_word' id='word_1_712' title='bbox 743 5263 925 5319; x_wconf 82' lang='lat' dir='ltr'><strong>cultus</strong></span> <span class='ocrx_word' id='word_1_713' title='bbox 981 5263 1205 5333; x_wconf 88' lang='lat' dir='ltr'><strong>legalis;</strong></span> <span class='ocrx_word' id='word_1_714' title='bbox 1248 5280 1353 5319; x_wconf 93' lang='lat' dir='ltr'><strong>non</strong></span> <span class='ocrx_word' id='word_1_715' title='bbox 1413 5257 2016 5340; x_wconf 35' lang='lat' dir='ltr'><strong>intelligenles&#39;divina</strong></span> 
     </span>
    </p>
   </div>
   <div class='ocr_carea' id='block_1_102' title="bbox 432 5355 2015 5428">
    <p class='ocr_par' dir='ltr' id='par_1_102' title="bbox 432 5355 2015 5428">
     <span class='ocr_line' id='line_1_102' title="bbox 432 5355 2015 5428; baseline -0.001 -15"><span class='ocrx_word' id='word_1_716' title='bbox 432 5357 748 5428; x_wconf 84' lang='lat' dir='ltr'><strong>Evangelia,</strong></span> <span class='ocrx_word' id='word_1_717' title='bbox 783 5372 882 5412; x_wconf 91' lang='lat' dir='ltr'><strong>nec</strong></span> <span class='ocrx_word' id='word_1_718' title='bbox 911 5356 1055 5427; x_wconf 90' lang='lat' dir='ltr'><strong>quod</strong></span> <span class='ocrx_word' id='word_1_719' title='bbox 1093 5357 1162 5412; x_wconf 89' lang='lat' dir='ltr'><strong>ab</strong></span> <span class='ocrx_word' id='word_1_720' title='bbox 1185 5357 1442 5426; x_wconf 87' lang='lat' dir='ltr'><strong>Apostolo</strong></span> <span class='ocrx_word' id='word_1_721' title='bbox 1478 5358 1676 5413; x_wconf 81' lang='lat' dir='ltr'><strong>dicitur</strong></span> <span class='ocrx_word' id='word_1_722' title='bbox 1715 5374 1731 5411; x_wconf 86' lang='lat'><strong>:</strong></span> <span class='ocrx_word' id='word_1_723' title='bbox 1764 5374 1783 5409; x_wconf 73' lang='grc' dir='ltr'><strong>ι</strong></span> <span class='ocrx_word' id='word_1_724' title='bbox 1819 5355 2015 5411; x_wconf 88' lang='lat' dir='ltr'><strong>Vetera</strong></span> 
     </span>
    </p>
   </div>
   <div class='ocr_carea' id='block_1_103' title="bbox 435 5447 2016 5521">
    <p class='ocr_par' dir='ltr' id='par_1_103' title="bbox 435 5447 2016 5521">
     <span class='ocr_line' id='line_1_103' title="bbox 435 5447 2016 5521; baseline 0 -17"><span class='ocrx_word' id='word_1_725' title='bbox 435 5449 788 5518; x_wconf 90' lang='lat' dir='ltr'><strong>transierunt,</strong></span> <span class='ocrx_word' id='word_1_726' title='bbox 831 5465 958 5506; x_wconf 89' lang='lat' dir='ltr'><strong>ecce</strong></span> <span class='ocrx_word' id='word_1_727' title='bbox 993 5448 1138 5505; x_wconf 71' lang='lat' dir='ltr'><strong>facta</strong></span> <span class='ocrx_word' id='word_1_728' title='bbox 1180 5458 1308 5504; x_wconf 90' lang='lat' dir='ltr'><strong>sunt</strong></span> <span class='ocrx_word' id='word_1_729' title='bbox 1362 5451 1544 5504; x_wconf 90' lang='lat' dir='ltr'><strong>omnia</strong></span> <span class='ocrx_word' id='word_1_730' title='bbox 1595 5465 1733 5504; x_wconf 88' lang='lat' dir='ltr'><strong>nova</strong></span> <span class='ocrx_word' id='word_1_731' title='bbox 1773 5447 1854 5521; x_wconf 89' lang='grc'><strong>(11</strong></span> <span class='ocrx_word' id='word_1_732' title='bbox 1887 5448 2016 5504; x_wconf 80' lang='lat' dir='ltr'><strong>Cor.</strong></span> 
     </span>
    </p>
   </div>
   <div class='ocr_carea' id='block_1_104' title="bbox 434 5543 2020 5617">
    <p class='ocr_par' dir='ltr' id='par_1_104' title="bbox 434 5543 2020 5617">
     <span class='ocr_line' id='line_1_104' title="bbox 434 5543 2020 5617; baseline 0.003 -23"><span class='ocrx_word' id='word_1_733' title='bbox 434 5559 490 5608; x_wconf 76' lang='grc' dir='ltr'><strong>ν,</strong></span> <span class='ocrx_word' id='word_1_734' title='bbox 520 5544 631 5617; x_wconf 81' lang='grc' dir='ltr'><strong>Π).</strong></span> <span class='ocrx_word' id='word_1_735' title='bbox 669 5563 686 5597; x_wconf 74' lang='grc' dir='ltr'><strong>ι</strong></span> <span class='ocrx_word' id='word_1_736' title='bbox 727 5543 949 5615; x_wconf 87' lang='lat' dir='ltr'><strong>Signum</strong></span> <span class='ocrx_word' id='word_1_737' title='bbox 981 5551 1160 5599; x_wconf 89' lang='lat' dir='ltr'><strong>autem</strong></span> <span class='ocrx_word' id='word_1_738' title='bbox 1189 5545 1513 5598; x_wconf 78' lang='lat' dir='ltr'><strong>veneranda:</strong></span> <span class='ocrx_word' id='word_1_739' title='bbox 1546 5545 1725 5599; x_wconf 84' lang='lat' dir='ltr'><strong>crucis</strong></span> <span class='ocrx_word' id='word_1_740' title='bbox 1756 5558 1856 5598; x_wconf 89' lang='lat' dir='ltr'><strong>nec</strong></span> <span class='ocrx_word' id='word_1_741' title='bbox 1885 5544 2020 5598; x_wconf 86' lang='lat' dir='ltr'><strong>ado-</strong></span> 
     </span>
    </p>
   </div>
   <div class='ocr_carea' id='block_1_105' title="bbox 431 5635 2015 5706">
    <p class='ocr_par' dir='ltr' id='par_1_105' title="bbox 431 5635 2015 5706">
     <span class='ocr_line' id='line_1_105' title="bbox 431 5635 2015 5706; baseline 0.001 -16"><span class='ocrx_word' id='word_1_742' title='bbox 431 5646 579 5702; x_wconf 87' lang='lat' dir='ltr'><strong>rant,</strong></span> <span class='ocrx_word' id='word_1_743' title='bbox 614 5651 718 5692; x_wconf 92' lang='lat' dir='ltr'><strong>nec</strong></span> <span class='ocrx_word' id='word_1_744' title='bbox 775 5637 983 5704; x_wconf 75' lang='lat' dir='ltr'><strong>colunt,</strong></span> <span class='ocrx_word' id='word_1_745' title='bbox 1035 5651 1134 5692; x_wconf 90' lang='lat' dir='ltr'><strong>nec</strong></span> <span class='ocrx_word' id='word_1_746' title='bbox 1186 5635 1485 5706; x_wconf 78' lang='lat' dir='ltr'><strong>quidquam</strong></span> <span class='ocrx_word' id='word_1_747' title='bbox 1543 5635 1738 5690; x_wconf 73' lang='lat' dir='ltr'><strong>divina:</strong></span> <span class='ocrx_word' id='word_1_748' title='bbox 1798 5635 2015 5692; x_wconf 84' lang='lat' dir='ltr'><strong>virtutis</strong></span> 
     </span>
    </p>
   </div>
   <div class='ocr_carea' id='block_1_106' title="bbox 504 5815 1316 5889">
    <p class='ocr_par' dir='ltr' id='par_1_106' title="bbox 504 5815 1316 5889">
     <span class='ocr_line' id='line_1_106' title="bbox 504 5815 1316 5889; baseline 0.005 -21"><span class='ocrx_word' id='word_1_749' title='bbox 504 5817 578 5889; x_wconf 71' lang='lat' dir='ltr'><strong>(b)</strong></span> <span class='ocrx_word' id='word_1_750' title='bbox 606 5815 834 5872; x_wconf 78' lang='lat' dir='ltr'><strong>Videtur</strong></span> <span class='ocrx_word' id='word_1_751' title='bbox 866 5817 1070 5888; x_wconf 88' lang='lat' dir='ltr'><strong>aliquid</strong></span> <span class='ocrx_word' id='word_1_752' title='bbox 1110 5819 1316 5874; x_wconf 89' lang='lat' dir='ltr'><strong>deesse.</strong></span> 
     </span>
    </p>
   </div>
   <div class='ocr_carea' id='block_1_107' title="bbox 2121 4613 3708 4689">
    <p class='ocr_par' dir='ltr' id='par_1_107' title="bbox 2121 4613 3708 4689">
     <span class='ocr_line' id='line_1_107' title="bbox 2121 4613 3708 4689; baseline 0.004 -23"><span class='ocrx_word' id='word_1_753' title='bbox 2121 4613 2272 4678; x_wconf 81' lang='grc' dir='ltr'>ζουσι</span> <span class='ocrx_word' id='word_1_754' title='bbox 2309 4613 2378 4666; x_wconf 85' lang='grc' dir='ltr'>τὰ</span> <span class='ocrx_word' id='word_1_755' title='bbox 2412 4614 2652 4686; x_wconf 78' lang='grc' dir='ltr'>Χριστοῦ</span> <span class='ocrx_word' id='word_1_756' title='bbox 2713 4615 2905 4680; x_wconf 86' lang='grc' dir='ltr'>Γέννα,</span> <span class='ocrx_word' id='word_1_757' title='bbox 2957 4617 3054 4669; x_wconf 70' lang='grc' dir='ltr'>καὶ</span> <span class='ocrx_word' id='word_1_758' title='bbox 3094 4619 3518 4689; x_wconf 84' lang='grc' dir='ltr'>περιτρέχουσιν</span> <span class='ocrx_word' id='word_1_759' title='bbox 3564 4621 3708 4673; x_wconf 76' lang='grc' dir='ltr'>ἑπτὰ</span> 
     </span>
    </p>
   </div>
   <div class='ocr_carea' id='block_1_108' title="bbox 2120 4703 3708 4782">
    <p class='ocr_par' dir='ltr' id='par_1_108' title="bbox 2120 4703 3708 4782">
     <span class='ocr_line' id='line_1_108' title="bbox 2120 4703 3708 4782; baseline 0.003 -22"><span class='ocrx_word' id='word_1_760' title='bbox 2120 4707 2358 4778; x_wconf 75' lang='grc' dir='ltr'>ἡμέρας,</span> <span class='ocrx_word' id='word_1_761' title='bbox 2408 4709 2505 4761; x_wconf 68' lang='grc' dir='ltr'><strong>καὶ</strong></span> <span class='ocrx_word' id='word_1_762' title='bbox 2537 4703 2639 4762; x_wconf 75' lang='grc' dir='ltr'>εἷθ’</span> <span class='ocrx_word' id='word_1_763' title='bbox 2688 4707 2860 4772; x_wconf 81' lang='grc' dir='ltr'>οὕτως</span> <span class='ocrx_word' id='word_1_764' title='bbox 2881 4709 3200 4778; x_wconf 75' lang='grc' dir='ltr'>ἑορτάζουσι</span> <span class='ocrx_word' id='word_1_765' title='bbox 3247 4711 3314 4764; x_wconf 77' lang='grc' dir='ltr'><strong>τα</strong></span> <span class='ocrx_word' id='word_1_766' title='bbox 3353 4712 3532 4775; x_wconf 77' lang='grc' dir='ltr'>Φῶτα,</span> <span class='ocrx_word' id='word_1_767' title='bbox 3597 4730 3708 4782; x_wconf 81' lang='grc' dir='ltr'>μη-</span> 
     </span>
    </p>
   </div>
   <div class='ocr_carea' id='block_1_109' title="bbox 2119 4799 3705 4876">
    <p class='ocr_par' dir='ltr' id='par_1_109' title="bbox 2119 4799 3705 4876">
     <span class='ocr_line' id='line_1_109' title="bbox 2119 4799 3705 4876; baseline 0.006 -24"><span class='ocrx_word' id='word_1_768' title='bbox 2119 4799 2287 4862; x_wconf 80' lang='grc' dir='ltr'>δόλως</span> <span class='ocrx_word' id='word_1_769' title='bbox 2321 4801 2604 4864; x_wconf 87' lang='grc' dir='ltr'>ποιοῦντες</span> <span class='ocrx_word' id='word_1_770' title='bbox 2663 4802 2855 4871; x_wconf 79' lang='grc' dir='ltr'>μνείαν</span> <span class='ocrx_word' id='word_1_771' title='bbox 2904 4804 3002 4870; x_wconf 85' lang='grc' dir='ltr'><strong>τῆς</strong></span> <span class='ocrx_word' id='word_1_772' title='bbox 3051 4805 3378 4876; x_wconf 82' lang='grc' dir='ltr'>περιτομῆς.</span> <span class='ocrx_word' id='word_1_773' title='bbox 3417 4807 3524 4860; x_wconf 78' lang='grc' dir='ltr'>Καὶ</span> <span class='ocrx_word' id='word_1_774' title='bbox 3562 4811 3705 4861; x_wconf 72' lang='grc' dir='ltr'>κατὰ</span> 
     </span>
    </p>
   </div>
   <div class='ocr_carea' id='block_1_110' title="bbox 2121 4891 3708 4970">
    <p class='ocr_par' dir='ltr' id='par_1_110' title="bbox 2121 4891 3708 4970">
     <span class='ocr_line' id='line_1_110' title="bbox 2121 4891 3708 4970; baseline 0.005 -27"><span class='ocrx_word' id='word_1_775' title='bbox 2121 4892 2247 4954; x_wconf 78' lang='grc' dir='ltr'>τοὺς</span> <span class='ocrx_word' id='word_1_776' title='bbox 2282 4892 2447 4955; x_wconf 78' lang='grc' dir='ltr'>ἰδίους</span> <span class='ocrx_word' id='word_1_777' title='bbox 2481 4891 2546 4963; x_wconf 70' lang='grc' dir='ltr'><strong>[Γ.</strong></span> <span class='ocrx_word' id='word_1_778' title='bbox 2587 4893 2738 4947; x_wconf 86' lang='lat' dir='ltr'><strong>deest</strong></span> <span class='ocrx_word' id='word_1_779' title='bbox 2774 4893 3033 4967; x_wconf 64' lang='grc' dir='ltr'>τρόπους]</span> <span class='ocrx_word' id='word_1_780' title='bbox 3085 4897 3451 4961; x_wconf 72' lang='grc' dir='ltr'>ίουδαῒξουσιν</span> <span class='ocrx_word' id='word_1_781' title='bbox 3494 4899 3542 4950; x_wconf 89' lang='grc' dir='ltr'>οἱ</span> <span class='ocrx_word' id='word_1_782' title='bbox 3577 4899 3708 4970; x_wconf 80' lang='grc' dir='ltr'>Ἀρ-</span> 
     </span>
    </p>
   </div>
   <div class='ocr_carea' id='block_1_111' title="bbox 2126 4983 3703 5059">
    <p class='ocr_par' dir='ltr' id='par_1_111' title="bbox 2126 4983 3703 5059">
     <span class='ocr_line' id='line_1_111' title="bbox 2126 4983 3703 5059; baseline 0.005 -24"><span class='ocrx_word' id='word_1_783' title='bbox 2126 4983 2302 5054; x_wconf 86' lang='grc' dir='ltr'>μένιοι</span> <span class='ocrx_word' id='word_1_784' title='bbox 2328 5000 2340 5014; x_wconf 84' lang='lat'><strong><em>°</em></strong></span> <span class='ocrx_word' id='word_1_785' title='bbox 2371 4985 2465 5037; x_wconf 75' lang='grc' dir='ltr'><strong>καὶ</strong></span> <span class='ocrx_word' id='word_1_786' title='bbox 2496 4986 2555 5037; x_wconf 78' lang='grc' dir='ltr'><strong>ἐν</strong></span> <span class='ocrx_word' id='word_1_787' title='bbox 2591 4985 2743 5056; x_wconf 84' lang='grc' dir='ltr'>αὑτῷ</span> <span class='ocrx_word' id='word_1_788' title='bbox 2793 4987 2872 5056; x_wconf 84' lang='grc' dir='ltr'>τῷ</span> <span class='ocrx_word' id='word_1_789' title='bbox 2902 4988 3082 5059; x_wconf 87' lang='grc' dir='ltr'>καιρῷ</span> <span class='ocrx_word' id='word_1_790' title='bbox 3121 4987 3215 5041; x_wconf 88' lang='grc' dir='ltr'><strong>τοῦ</strong></span> <span class='ocrx_word' id='word_1_791' title='bbox 3249 4989 3464 5059; x_wconf 86' lang='grc' dir='ltr'>Πάσχα,</span> <span class='ocrx_word' id='word_1_792' title='bbox 3515 4989 3703 5044; x_wconf 77' lang='grc' dir='ltr'>θύουσι</span> 
     </span>
    </p>
   </div>
   <div class='ocr_carea' id='block_1_112' title="bbox 2117 5075 3704 5148">
    <p class='ocr_par' dir='ltr' id='par_1_112' title="bbox 2117 5075 3704 5148">
     <span class='ocr_line' id='line_1_112' title="bbox 2117 5075 3704 5148; baseline 0.003 -21"><span class='ocrx_word' id='word_1_793' title='bbox 2117 5075 2209 5127; x_wconf 70' lang='grc' dir='ltr'><strong>τὸν</strong></span> <span class='ocrx_word' id='word_1_794' title='bbox 2234 5075 2431 5146; x_wconf 81' lang='grc' dir='ltr'>ἀμνὸν,</span> <span class='ocrx_word' id='word_1_795' title='bbox 2471 5077 2564 5129; x_wconf 73' lang='grc' dir='ltr'><strong>καὶ</strong></span> <span class='ocrx_word' id='word_1_796' title='bbox 2597 5081 2661 5128; x_wconf 81' lang='grc' dir='ltr'>ἐκ</span> <span class='ocrx_word' id='word_1_797' title='bbox 2692 5075 2788 5130; x_wconf 87' lang='grc' dir='ltr'><strong>τοῦ</strong></span> <span class='ocrx_word' id='word_1_798' title='bbox 2814 5077 3050 5148; x_wconf 83' lang='grc' dir='ltr'>αἵματος</span> <span class='ocrx_word' id='word_1_799' title='bbox 3087 5078 3256 5132; x_wconf 80' lang='grc' dir='ltr'>αὑτοῦ</span> <span class='ocrx_word' id='word_1_800' title='bbox 3280 5080 3381 5142; x_wconf 83' lang='grc' dir='ltr'>τὰς</span> <span class='ocrx_word' id='word_1_801' title='bbox 3411 5078 3571 5148; x_wconf 81' lang='grc' dir='ltr'>φλιάς</span> <span class='ocrx_word' id='word_1_802' title='bbox 3595 5079 3704 5132; x_wconf 88' lang='grc' dir='ltr'><strong>τῶν</strong></span> 
     </span>
    </p>
   </div>
   <div class='ocr_carea' id='block_1_113' title="bbox 2119 5167 3702 5242">
    <p class='ocr_par' dir='ltr' id='par_1_113' title="bbox 2119 5167 3702 5242">
     <span class='ocr_line' id='line_1_113' title="bbox 2119 5167 3702 5242; baseline 0.004 -23"><span class='ocrx_word' id='word_1_803' title='bbox 2119 5167 2304 5239; x_wconf 82' lang='grc' dir='ltr'>θυρῶν</span> <span class='ocrx_word' id='word_1_804' title='bbox 2331 5169 2600 5238; x_wconf 88' lang='grc' dir='ltr'>χρίουσιν,</span> <span class='ocrx_word' id='word_1_805' title='bbox 2651 5170 2800 5224; x_wconf 85' lang='grc' dir='ltr'><strong>ὀπτά</strong></span> <span class='ocrx_word' id='word_1_806' title='bbox 2841 5174 2978 5242; x_wconf 69' lang='grc' dir='ltr'>πυρὶ</span> <span class='ocrx_word' id='word_1_807' title='bbox 3033 5171 3250 5225; x_wconf 84' lang='grc' dir='ltr'>ποιοῦσι</span> <span class='ocrx_word' id='word_1_808' title='bbox 3297 5174 3393 5225; x_wconf 72' lang='grc' dir='ltr'><strong>καὶ</strong></span> <span class='ocrx_word' id='word_1_809' title='bbox 3440 5172 3702 5226; x_wconf 82' lang='grc' dir='ltr'>ἐσθίουσι.</span> 
     </span>
    </p>
   </div>
   <div class='ocr_carea' id='block_1_114' title="bbox 2123 5262 3705 5336">
    <p class='ocr_par' dir='ltr' id='par_1_114' title="bbox 2123 5262 3705 5336">
     <span class='ocr_line' id='line_1_114' title="bbox 2123 5262 3705 5336; baseline 0.003 -21"><span class='ocrx_word' id='word_1_810' title='bbox 2123 5263 2234 5315; x_wconf 71' lang='grc' dir='ltr'>Καὶ</span> <span class='ocrx_word' id='word_1_811' title='bbox 2251 5262 2349 5332; x_wconf 84' lang='grc' dir='ltr'>τὴν</span> <span class='ocrx_word' id='word_1_812' title='bbox 2379 5263 2700 5333; x_wconf 79' lang='grc' dir='ltr'>προσφορὰν</span> <span class='ocrx_word' id='word_1_813' title='bbox 2740 5263 2920 5317; x_wconf 83' lang='grc' dir='ltr'>αὐτῶν</span> <span class='ocrx_word' id='word_1_814' title='bbox 2955 5263 3164 5336; x_wconf 77' lang='grc' dir='ltr'>ἄζυμον</span> <span class='ocrx_word' id='word_1_815' title='bbox 3212 5266 3452 5330; x_wconf 88' lang='grc' dir='ltr'>ποιοῦσι,</span> <span class='ocrx_word' id='word_1_816' title='bbox 3502 5267 3597 5321; x_wconf 76' lang='grc' dir='ltr'>καὶ</span> <span class='ocrx_word' id='word_1_817' title='bbox 3617 5265 3705 5319; x_wconf 70' lang='grc' dir='ltr'><strong>ἓν·</strong></span> 
     </span>
    </p>
   </div>
   <div class='ocr_carea' id='block_1_115' title="bbox 2121 5343 3704 5427">
    <p class='ocr_par' dir='ltr' id='par_1_115' title="bbox 2121 5343 3704 5427">
     <span class='ocr_line' id='line_1_115' title="bbox 2121 5343 3704 5427; baseline 0 -19"><span class='ocrx_word' id='word_1_818' title='bbox 2121 5372 2256 5408; x_wconf 90' lang='grc' dir='ltr'>ωσιν</span> <span class='ocrx_word' id='word_1_819' title='bbox 2284 5354 2378 5410; x_wconf 86' lang='grc' dir='ltr'><strong>τοῦ</strong></span> <span class='ocrx_word' id='word_1_820' title='bbox 2418 5356 2654 5427; x_wconf 83' lang='grc' dir='ltr'>αἵματος</span> <span class='ocrx_word' id='word_1_821' title='bbox 2684 5358 2780 5412; x_wconf 77' lang='grc' dir='ltr'><strong>καὶ</strong></span> <span class='ocrx_word' id='word_1_822' title='bbox 2808 5343 2904 5412; x_wconf 84' lang='grc' dir='ltr'><strong>τοῦ</strong></span> <span class='ocrx_word' id='word_1_823' title='bbox 2933 5358 3129 5423; x_wconf 82' lang='grc' dir='ltr'>ὓδατος</span> <span class='ocrx_word' id='word_1_824' title='bbox 3171 5360 3233 5411; x_wconf 72' lang='grc' dir='ltr'><strong>οὐ</strong></span> <span class='ocrx_word' id='word_1_825' title='bbox 3281 5358 3552 5423; x_wconf 89' lang='grc' dir='ltr'>ποιοῦσιν,</span> <span class='ocrx_word' id='word_1_826' title='bbox 3585 5355 3704 5411; x_wconf 84' lang='grc' dir='ltr'>ἀλλ’</span> 
     </span>
    </p>
   </div>
   <div class='ocr_carea' id='block_1_116' title="bbox 2125 5445 3706 5524">
    <p class='ocr_par' dir='ltr' id='par_1_116' title="bbox 2125 5445 3706 5524">
     <span class='ocr_line' id='line_1_116' title="bbox 2125 5445 3706 5524; baseline 0 -22"><span class='ocrx_word' id='word_1_827' title='bbox 2125 5445 2269 5503; x_wconf 76' lang='grc' dir='ltr'>οἶνον</span> <span class='ocrx_word' id='word_1_828' title='bbox 2309 5451 2404 5504; x_wconf 73' lang='grc' dir='ltr'><strong>καὶ</strong></span> <span class='ocrx_word' id='word_1_829' title='bbox 2440 5449 2626 5520; x_wconf 89' lang='grc' dir='ltr'>μόνον,</span> <span class='ocrx_word' id='word_1_830' title='bbox 2661 5451 2806 5505; x_wconf 85' lang='grc' dir='ltr'>κατὰ</span> <span class='ocrx_word' id='word_1_831' title='bbox 2846 5451 2909 5505; x_wconf 79' lang='grc' dir='ltr'><strong>τὸ</strong></span> <span class='ocrx_word' id='word_1_832' title='bbox 2936 5451 3125 5524; x_wconf 73' lang='grc' dir='ltr'>ἔθιμον</span> <span class='ocrx_word' id='word_1_833' title='bbox 3151 5452 3260 5507; x_wconf 88' lang='grc' dir='ltr'><strong>τῶν</strong></span> <span class='ocrx_word' id='word_1_834' title='bbox 3302 5451 3569 5506; x_wconf 83' lang='grc' dir='ltr'>Ἰουδαίων</span> <span class='ocrx_word' id='word_1_835' title='bbox 3609 5451 3706 5504; x_wconf 82' lang='grc' dir='ltr'>καὶ</span> 
     </span>
    </p>
   </div>
   <div class='ocr_carea' id='block_1_117' title="bbox 2122 5541 3705 5616">
    <p class='ocr_par' dir='ltr' id='par_1_117' title="bbox 2122 5541 3705 5616">
     <span class='ocr_line' id='line_1_117' title="bbox 2122 5541 3705 5616; baseline 0 -22"><span class='ocrx_word' id='word_1_836' title='bbox 2122 5541 2221 5613; x_wconf 82' lang='grc' dir='ltr'>τὴν</span> <span class='ocrx_word' id='word_1_837' title='bbox 2255 5541 2557 5613; x_wconf 87' lang='grc' dir='ltr'>παράδοσιν</span> <span class='ocrx_word' id='word_1_838' title='bbox 2597 5542 2699 5612; x_wconf 87' lang='grc' dir='ltr'><strong>τῆς</strong></span> <span class='ocrx_word' id='word_1_839' title='bbox 2741 5543 2976 5614; x_wconf 84' lang='grc' dir='ltr'>νομικῆς</span> <span class='ocrx_word' id='word_1_840' title='bbox 3005 5543 3281 5616; x_wconf 87' lang='grc' dir='ltr'>λατρείας,</span> <span class='ocrx_word' id='word_1_841' title='bbox 3316 5543 3394 5613; x_wconf 82' lang='grc' dir='ltr'>μὴ</span> <span class='ocrx_word' id='word_1_842' title='bbox 3430 5542 3705 5604; x_wconf 86' lang='grc' dir='ltr'>συνιέντες</span> 
     </span>
    </p>
   </div>
   <div class='ocr_carea' id='block_1_118' title="bbox 2123 5633 3700 5706">
    <p class='ocr_par' dir='ltr' id='par_1_118' title="bbox 2123 5633 3700 5706">
     <span class='ocr_line' id='line_1_118' title="bbox 2123 5633 3700 5706; baseline -0.001 -18"><span class='ocrx_word' id='word_1_843' title='bbox 2123 5634 2232 5691; x_wconf 88' lang='grc' dir='ltr'><strong>τῶν</strong></span> <span class='ocrx_word' id='word_1_844' title='bbox 2265 5634 2427 5690; x_wconf 89' lang='grc' dir='ltr'>θείων</span> <span class='ocrx_word' id='word_1_845' title='bbox 2457 5634 2830 5705; x_wconf 83' lang='grc' dir='ltr'>Εὑαγγελίων,</span> <span class='ocrx_word' id='word_1_846' title='bbox 2871 5636 2969 5692; x_wconf 71' lang='grc' dir='ltr'>καὶ</span> <span class='ocrx_word' id='word_1_847' title='bbox 3007 5636 3101 5691; x_wconf 87' lang='grc' dir='ltr'><strong>τοῦ</strong></span> <span class='ocrx_word' id='word_1_848' title='bbox 3136 5636 3462 5693; x_wconf 82' lang='grc' dir='ltr'>Ἀποστόλου</span> <span class='ocrx_word' id='word_1_849' title='bbox 3511 5633 3700 5706; x_wconf 78' lang='grc' dir='ltr'>λέγον·</span> 
     </span>
    </p>
   </div>
  </div>
