4088 6408
431 466 569 532 1255

426 675 611 731 καινά.
626 694 644 728 ι
664 678 736 731 Τὸ
750 680 807 734 δὲ
824 687 1050 753 σημεῖον
1067 688 1162 741 τοῦ
1175 691 1354 761 τιμίου
1372 699 1610 768 σταυροῦ
1621 675 1750 756 οὔτε
1766 723 2009 777 προσκυ-

431 769 615 823 νοῦσιν
652 769 777 826 οὔτε
816 775 1089 845 σέϐονται,
1135 780 1260 836 οῦτε
1297 784 1445 841 θείαν
1482 790 1713 864 δύναμιν
1757 798 2009 869 λέγουσιν

425 861 593 930 ἔχειν,
608 865 655 917 εί
675 866 751 935 μὴ
774 866 1041 940 πρότερον
1059 872 1404 943 βαπτίσωσιν
1424 881 1587 937 αὐτὸν
1603 861 1677 950 ὧς
1698 861 2006 963 ἀνθριυπον,

425 954 523 1007 καὶ⁸
548 953 791 1024 πήξωσιν
821 951 949 1028 ἧλον
966 962 1020 1013 ὲν
1050 964 1202 1036 μέσῳ
1217 968 1403 1023 αὑτοῦ.
1426 974 1538 1045 Πρὸ
1557 976 1665 1047 γὰρ
1684 978 1777 1032 τοῦ
1801 951 2005 1051 βαπτὶἐ

428 1062 519 1097 σαι
550 1047 735 1115 αὑτὸν,
766 1050 860 1104 καὶ
878 1056 1276 1125 καταπατοῦσι,
1306 1061 1402 1115 καὶ
1421 1063 1537 1117 ἀντ’
1571 1068 1784 1134 οὐδενὸς
1814 1074 2007 1143 ἡγοῦν-

429 1155 536 1190 ται.
572 1141 707 1211 Περὶ
741 1142 797 1195 δὲ
827 1144 936 1198 τῶν
960 1147 1133 1216 ἁγίων
1179 1154 1275 1206 καὶ
1310 1157 1523 1210 σεπτιῖΝ
1574 1161 1802 1218 εἰκόνων
1825 1167 2009 1222 τοιαύ-

424 1246 526 1301 την
552 1232 737 1302 ἔχουσι
762 1236 1026 1305 διάθεσιν,
1054 1242 1136 1296 ὅτι
1164 1243 1230 1316 [Γ.
1258 1246 1424 1303 inser.
1458 1250 1557 1325 ὡς]
1580 1255 1651 1310 τά
1679 1258 1874 1314 εἴδωλα
1898 1263 2005 1318 τῶν

424 1319 596 1374 ἐθνῶν
632 1341 651 1374 ‹
692 1324 870 1394 στόμα
903 1327 1087 1399 ἔχουσι
1112 1335 1205 1387 καὶ
1237 1336 1298 1389 οὐ
1332 1337 1648 1412 λαλήσουσι,
1681 1346 1796 1403 ὦτα
1820 1350 2006 1423 ἔχουσι

422 1414 513 1463 καὶ
546 1412 647 1466 οὐκ
681 1415 1032 1487 ἀκούσονται,
1074 1441 1093 1475 ι
1142 1425 1239 1478 καὶ
1270 1428 1338 1483 τὰ
1378 1430 1539 1502 ἑξῆςο
1596 1434 1681 1507 μὴΔ
1731 1412 2006 1510 συνιέντες

424 1503 522 1571 τῆς
585 1506 737 1571 Θείας
769 1509 1017 1583 Γραφῆς,
1092 1516 1415 1585 ἀθετοῦντες
1465 1503 1673 1581 ἐκεῖνον
1716 1532 1879 1589 αὐτὸν
1913 1503 2005 1594 τὸν

429 1594 660 1665 Σωτῆρα
726 1602 819 1651 καὶ
853 1602 1112 1671 ἀληθινὸν
1145 1607 1279 1664 Θεὸν
1328 1613 1488 1683 ἡμῶν
1527 1619 1737 1690 Ἰησοῦν
1765 1624 2002 1698 Χριστὸν

432 1686 528 1739 καὶ
549 1691 753 1758 Δημιου
764 1692 893 1759 ργὸν
921 1698 1031 1752 τῶν
1063 1700 1339 1771 ἁπάντων,
1356 1706 1504 1772 ὅστις
1521 1686 1609 1765 διά
1634 1715 1726 1768 τοῦ
1747 1686 1904 1786 ἁγίου
1929 1724 2001 1796 (c)

433 1779 724 1847 μανδυλίου
754 1783 853 1856 τὴν
888 1786 1027 1843 ίδίαν
1071 1790 1258 1847 είκόνα
1294 1797 1373 1868 τῷ
1411 1800 1663 1877 ’Λὸγάρῳ
1689 1779 2000 1883 ἀπέστειλε,

427 1872 520 1924 καὶ
567 1874 629 1926 τὸ
660 1876 875 1949 νόσημα
908 1881 1076 1936 αὐτοῦ
1117 1886 1326 1944 ίάσατο.
1376 1872 1650 1952 ’Λθετοῦσι
1682 1900 1737 1953 δὲ
1782 1906 1873 1957 καὶ
1912 1872 2002 1962 τὸν

422 1963 685 2033 θεοφόρον
718 1968 937 2042 Πατέρα
970 1973 1133 2042 ἡμῶν
1164 1976 1466 2050 Βασίλειον,
1497 1986 1647 2054 ὅστις
1700 1991 1850 2062 λέγει
1890 1998 2003 2053 ὅτι·

424 2075 443 2106 ι
504 2058 568 2111 Ἥ
597 2060 728 2131 τιμὴ
762 2063 860 2133 τῆς
889 2064 1103 2133 εἱκόνος
1155 2070 1258 2123 ἐπὶ
1289 2074 1352 2127 τὸ
1385 2080 1744 2147 πρωτότυπον
1774 2058 1995 2145 *διαϐαίι

427 2166 529 2203 νει.
588 2171 608 2205 ι
669 2153 833 2209 Ἀλλά
862 2157 957 2212 καὶ
995 2164 1147 2231 τρεῖς
1192 2168 1464 2239 σταυροὺς
1492 2168 1739 2241 ποιοῦσι,
1781 2180 1875 2234 καὶ
1900 2183 2001 2254 τὴν

425 2241 589 2309 ἁγίαν
651 2245 857 2316 Τριάδα
909 2250 1306 2322 ὀνομάζουσιν*
1364 2261 1448 2316 ὃτι
1496 2258 1579 2329 εἷς
1628 2268 1730 2339 τῆς
1772 2241 2003 2343 Τριὰδος

420 2332 773 2406 ἐσταυρώθη,
824 2339 918 2393 καὶ
967 2346 1408 2417 συνεσταύρωται
1472 2353 1592 2425 ἅμα
1643 2332 1736 2413 καὶ
1868 2332 2001 2435 ἁγία

424 2424 598 2494 Τριάς
615 2441 632 2456 ο
669 2428 745 2497 μὴ
777 2430 1053 2497 συνιέντες
1075 2434 1174 2507 τὴν
1196 2437 1462 2513 διαφορὰν
1485 2424 1593 2503 τῶν
1624 2424 1998 2527 ὑποστάσειῦν,

427 2517 564 2586 μηδὲ
592 2518 691 2591 τὴν
738 2521 890 2577 θείαν
928 2528 1024 2581 καὶ
1061 2530 1447 2605 ἀκατάληπτον
1479 2540 1649 2610 φύσιν
1676 2545 1776 2616 τῆς
1807 2517 2000 2621 θεότηἐ

422 2627 512 2673 τος
546 2610 733 2685 ἀπαθῆ
782 2616 1173 2689 διατηροῦντες
1200 2641 1215 2656 ’
1254 2626 1372 2681 ἀλλ’
1409 2632 1492 2694 εἱς
1530 2633 1696 2705 βυθὸν
1720 2610 2002 2709 ἀπωλείας

424 2701 655 2770 ἑαυτοὺς
676 2705 947 2775 ὠθοῦντες
973 2713 1062 2767 διὰ
1085 2717 1185 2787 τῆς
1208 2718 1509 2788 ἀγνωσίας.
1531 2701 1999 2799 ὶΑναγινώσκουσι

421 2794 477 2847 δὲ
515 2796 611 2850 καὶ
634 2799 760 2853 καθ’
793 2801 1033 2876 ἑκάστην
1059 2808 1276 2881 ἡμέραν
1309 2814 1405 2868 τοῦ
1436 2817 1592 2887 ἁγίου
1617 2794 1709 2876 καὶ
1735 2823 1998 2901 θεοφόρου

425 2886 637 2960 Πατρὺς
669 2891 828 2961 ἡμῶν
856 2898 957 2959 τὰς
996 2898 1237 2970 βίϐλους,
1268 2905 1330 2959 τὸ
1362 2886 1493 2974 πῶς
1517 2886 1876 2989 λεπτομεριῖίς
1902 2886 2003 2977 σα-

424 2981 642 3050 φηνίζει
667 2984 766 3048 τὰς
787 2989 1052 3059 αἱρέσεις,
1083 2995 1177 3049 καὶ
1208 2997 1340 3066 μίαν
1368 3002 1609 3076 ἑκάστην
1641 2981 1747 3081 ἱδία
1767 2981 1873 3066 ’καὶ
1900 3032 2002 3085 χω·

1636 490 1735 552 DE
1777 493 2025 558 REBUS
2065 502 2464 571 AR‘MENI/E.

430 599 522 646 τος
550 600 560 612 ·
608 584 764 639 «Ὅτι.
784 585 1069 662 τάἀρχτία
1089 597 1390 669 παρῆλθεν,
1417 602 1527 659 ἱδοὺ
1543 607 1733 677 γέγονε
1752 612 1820 666 τά
1833 614 2014 671 πάντα
2040 619 2089 678 Δ
2116 621 2317 681 habere
2350 628 2483 695 proli

3548 534 3685 601 1266

2492 638 2692 700 tentur,
2742 632 2847 692 nisi
2894 638 3048 709 prius
3102 650 3359 714 tanquam
3412 648 3686 709 hominem

2114 715 2530 788 baptizaverint,
2565 723 2620 779 in
2668 728 2954 801 medioque
2987 732 3131 791 illius
3184 736 3405 795 ﬁxeriut
3446 741 3684 799 clavum.

2113 806 2250 860 Ante
2276 811 2420 864 enim
2457 828 2619 882 quam
2648 832 2867 875 crucem
2920 822 3335 895 haptizaverint,
3365 834 3690 891 conculcant

2112 912 2231 952 eam
2253 910 2305 955 et
2329 917 2427 971 pro
2457 907 2627 962 nihilo
2661 909 2884 967 ducunt.
2915 915 2987 970 De
3012 919 3184 974 sacris
3221 935 3349 976 vero
3379 933 3434 979 et
3455 940 3686 981 venera~

2111 991 2312 1049 hilibus
2353 996 2678 1069 imaginibus
2730 1004 2873 1062 hanc
2912 1007 3115 1065 habent
3167 1013 3432 1070 rationem
3471 1027 3525 1072 et
3558 1034 3689 1074 sen-

2113 1083 2359 1151 tentiam,
2385 1090 2547 1157 quod,
2588 1093 2729 1149 sicut
2752 1098 2994 1166 gentium
3013 1100 3326 1172 simulacra,
3354 1106 3458 1162 «Os
3484 1108 3692 1166 habent

2110 1181 2164 1227 et
2202 1189 2305 1228 non
2366 1178 2673 1249 loquentur,
2728 1200 2889 1243 aures
2945 1189 3147 1247 habent
3193 1202 3253 1249 et
3302 1211 3407 1250 non
3466 1199 3690 1253 audient

2112 1261 2287 1333 (Psal.
2321 1270 2501 1337 cxm);
2531 1290 2549 1324 ι
2580 1282 2633 1326 et
2662 1290 2780 1345 qua:
2808 1290 3150 1348 sequuntur:
3184 1298 3292 1341 non
3324 1285 3688 1357 intelligentes

2111 1371 2323 1413 sacram
2409 1361 2771 1435 Scripturam,
2847 1371 3158 1440 rejicientes
3220 1377 3394 1447 ipsum
3465 1396 3687 1451 quoque

2112 1446 2459 1510 Salvatorem‘
2485 1471 2781 1528 verumque
2830 1461 3001 1519 Deum
3033 1477 3279 1523 nostrum
3306 1471 3493 1526 Jesum
3524 1473 3686 1527 Chri-

2108 1551 2272 1606 stum,
2320 1556 2636 1605 cunctoruin
2672 1550 2972 1622 Opiﬁcem,
3004 1557 3098 1627 qui
3148 1560 3199 1614 in
3257 1576 3416 1617 sacro
3476 1563 3689 1619 mantili

2108 1634 2401 1706 imaginem
2427 1653 2579 1695 suam
2603 1642 2671 1697 ad
2702 1645 2973 1715 Abgarum
3001 1653 3168 1718 misit,
3187 1653 3413 1725 ejusque
3441 1656 3691 1713 morbum

2108 1732 2340 1785 sanavit.
2385 1731 2762 1802 Aspernantur
2808 1742 2973 1796 etiam
3028 1746 3138 1801 Deo
3197 1749 3414 1816 plenum
3469 1726 3686 1806 Patrem

2110 1831 2353 1877 nostrum
2410 1824 2691 1895 Basilium,
2742 1832 2835 1900 qui
2872 1833 2949 1887 ait
2988 1836 3113 1905 (d):
3153 1856 3173 1890 ι
3199 1837 3386 1894 ίΙοηοι·
3438 1841 3693 1912 imaginis

2109 1914 2174 1967 ad
2225 1916 2461 1983 primum
2517 1921 2793 1992 exemplar
2828 1927 3043 1984 transit.
3080 1948 3099 1980 ι
3139 1930 3246 1985 Sed
3274 1940 3329 1986 et
3360 1941 3470 1988 tres
3497 1950 3692 1991 cruces

2035 1972 2075 2027 Β
2110 2004 2403 2073 faciunt,et
2430 2023 2674 2071 sanctam
2696 2016 3017 2074 Trinitatem
3050 2023 3353 2092 appellant;
3380 2027 3523 2095 quod
3547 2042 3692 2082 unus

2110 2096 2394 2157 Trinitatis
2451 2104 2743 2163 cruciﬁxus
2789 2108 2885 2176 sit,
2938 2126 3154 2180 unaque
3206 2114 3369 2169 simul
3427 2115 3686 2170 cruciﬁxa

2107 2188 2273 2246 fuerit
2301 2203 2489 2250 sancta
2517 2196 2755 2254 Trinitas
2783 2217 2796 2255 :
2831 2200 3142 2273 ignorantes
3173 2220 3527 2274 personarum
3575 2205 3686 2262 dif-

2109 2279 2396 2337 ferentiam
2435 2324 2452 2351 ,
2515 2300 2620 2343 nec
2674 2289 2913 2346 divinam
2965 2292 3685 2367 incomprehensibilemque

2110 2374 2339 2433 Deitatis
2378 2389 2628 2437 naturam
2682 2396 2966 2444 servantes
3000 2389 3254 2458 illaesam;
3289 2391 3384 2448 sed
3433 2394 3581 2463 ipsos
3627 2408 3685 2447 se

2108 2482 2206 2537 per
2252 2469 2611 2541 ignorantiam
2649 2477 2703 2531 in
2753 2478 3076 2548 profundum
3123 2484 3441 2553 perditionis
3493 2485 3687 2554 impelo

2110 2559 2301 2617 lentes.
2332 2562 2576 2635 Denique
2636 2567 2823 2640 legunt
2868 2574 3109 2642 quotidie
3143 2576 3323 2631 sancti
3376 2575 3686 2644 Deilerique

2108 2652 2289 2710 Patris
2339 2657 2509 2713 nostri
2546 2658 2734 2727 libras,
2756 2677 2863 2732 quo
2907 2666 3065 2721 modo
3107 2666 3415 2722 minutatim
3448 2666 3685 2722 hereses

2110 2747 2445 2816 manifestet,
2500 2766 2714 2808 necnon
2760 2770 3202 2828 unamquamque
3252 2759 3600 2830 peculiariter
3628 2768 3685 2813 et

2108 2852 2355 2896 seorsum
2386 2842 2581 2899 subdat
2614 2849 2948 2904 anathemati
2979 2868 2992 2905 :
3019 2860 3073 2906 et
3100 2850 3245 2923 ipsas
3271 2851 3490 2922 quidem
3512 2852 3685 2907 haere-

2108 2942 2199 2983 ses
2244 2932 2736 3000 anathematizauit,
2796 2953 2926 2995 suas
2990 2950 3173 2997 autem
3240 2943 3558 3000 traditiones
3616 2959 3682 2998 ac

2110 3020 2350 3081 haereses
2378 3026 2634 3095 retinent,
2660 3029 2867 3095 colunt,
2893 3044 3076 3103 agunt.

422 3073 509 3143 ρὶς
547 3075 975 3149 ἀναθεματίζει·
1004 3088 1101 3141 καὶ
1135 3090 1304 3155 αὐτὰς
1342 3095 1444 3164 μὲν
1480 3073 1580 3163 τὰς
1629 3073 1876 3174 αἱρέσεις
1900 3073 2548 3185 ἀναθεματίξοῦσιῗτάς
2595 3074 2652 3175 6's
2707 3073 3042 3195 παραδόζεις
3086 3126 3270 3183 αὐτῶν
3330 3127 3426 3183 καὶ
3474 3128 3574 3194 τὰς
3608 3129 3691 3184 αἱ-

424 3168 604 3238 ρέσεις
632 3175 927 3246 κατέχουσι
967 3180 1064 3234 καὶ
1096 3182 1348 3243 σέϐονται
1374 3191 1467 3244 καὶ
1499 3168 1827 3264 πράττουσι.

494 3268 895 3341 Νεστοριανοὺς
916 3279 1010 3332 καὶ
1029 3279 1461 3354 Εὑτυχιανιστάς

420 3360 569 3427 λους,
603 3365 699 3420 καὶ
751 3368 1180 3441 ἀναθεματίζειν
1230 3376 1333 3448 τὴν
1365 3381 1548 3437 αὐτῶν
1606 3386 1846 3460 αἵρεσιν,
1903 3394 2003 3448 καὶ

421 3455 740 3529 Νεστόριον,
776 3460 873 3515 καὶ
922 3464 1194 3538 Εὐτυχέα,
1245 3470 1343 3523 καὶ
1371 3455 1685 3548 Διόσκορον,
1740 3455 1838 3537 καί
1874 3489 2002 3553 τοὺς

420 3549 757 3618 φρονοῦντας
786 3554 856 3609 τὰ
899 3558 1061 3626 αὐτὰ,
1093 3562 1191 3617 καὶ
1228 3563 1408 3631 πάσας
1436 3568 1538 3633 τὰς
1586 3549 2002 3649 προσαναφερολ

424 3644 594 3712 μένας
628 3648 898 3719 αἱρέσεις,
934 3654 1029 3706 καὶ
1064 3657 1507 3730 μεταλαμϐάνειν
1561 3667 1663 3737 τῆς
1691 3644 2001 3736 ἁγίας-κοι-

418 3734 637 3801 νωνίας.
675 3740 1047 3811 Εὑνομιανοὺς
1086 3749 1187 3817 μὲν
1233 3753 1359 3817 τοὺς
1409 3756 1486 3818 εἱς
1531 3758 1664 3827 μίαν
1698 3763 1998 3819 κατάδυσιν

424 3830 883 3904 ὅαπτιζομένους,
918 3839 1015 3892 καὶ
1048 3841 1442 3912 Μοντανιστάς,
1483 3851 1612 3916 τοὺς
1669 3838 2011 3927 λεγομένους.

422 3923 667 3992 Φρύγας,
726 3926 824 3983 καὶ
852 3930 1210 4004 Μανιχαίους,
1264 3939 1359 3993 καὶ
1417 3923 1832 4015 Σαϐελλιανοὺς,
1869 3923 1997 4016 τοὺς

418 4015 793 4088 Υἱοπατορίαν
839 4020 1221 4094 διδάσκοντας,
1284 4031 1381 4084 καὶ
1413 4029 1581 4104 ἕτερά
1623 4052 1743 4091 τινα
1786 4015 2004 4110 χαλεπά

416 4108 729 4177 ποιοῦντας,
770 4113 868 4167 καὶ
902 4114 1084 4182 πάσας
1113 4119 1214 4185 τὰς
1242 4124 1506 4191 τοιαύτας
1535 4130 1803 4201 αἱρέσεις,
1836 4136 2005 4205 ἤγουν

416 4200 545 4263 τοὺς
587 4201 680 4254 ὑπ’
708 4203 891 4258 αὐτῶν
913 4205 1206 4274 ἐθέλοντας
1240 4217 1634 4282 προστίθεσθαι
1662 4226 1725 4295 τῇ
1754 4200 2005 4301 ἀληθείᾳ,

415 4289 492 4355 ὡς
534 4291 807 4365 Ἕλληνας
830 4297 1103 4369 δεχόμεθα
1135 4303 1229 4358 καὶ
1256 4305 1611 4383 βαπτίζομεν
1639 4289 1861 4383 unitatis:

497 4452 567 4522 (υ)
604 4452 677 4526 lla
708 4454 810 4526 legi
850 4474 1033 4516 vocem
1064 4470 1421 4525 contractam.

490 4526 571 4597 (τι)
608 4525 682 4582 De
706 4525 911 4599 Spiritu
942 4550 1014 4599 ε..
1051 4549 1171 4604 cap.
1201 4535 1289 4594 18.

1484 3291 1590 3364 χρὴ
1616 3298 1791 3351 ποιεῖν
1822 3299 2002 3355 λιϐέλ-

2183 3309 2252 3379 (e)
2285 3308 2639 3370 Nestorianos
2677 3323 2733 3371 et
2758 3314 3202 3389 Eutychianistas
3245 3328 3461 3391 oportet
3500 3321 3684 3378 facere

2108 3401 2341 3474 libellos,
2403 3416 2459 3463 et
2511 3423 2664 3464 suam
2718 3409 2976 3468 haeresim
3033 3414 3501 3471 anathematizare
3556 3431 3683 3472 cum

2107 3493 2383 3563 Nestorio,
2400 3497 2663 3572 Eutyche,
2682 3502 2962 3570 Dioscoro,
2981 3507 3284 3576 eademque
3299 3507 3687 3577 sentientibus,

2107 3592 2163 3640 et
2208 3598 2330 3641 cum
2376 3589 2631 3645 omnibus
2668 3592 2847 3649 allatis
2895 3595 3224 3663 haeresibus;
3274 3606 3437 3668 atque
3482 3608 3686 3656 sanctas

2106 3677 2506 3736 communionis
2538 3680 2653 3737 ﬁeri
2689 3684 3004 3755 participes.
3037 3685 3405 3745 Eunomianos
3436 3688 3682 3759 quidem,

2105 3770 2197 3839 qui
2225 3785 2323 3839 per
2351 3786 2515 3829 unam
2550 3774 2954 3835 immersionem
2986 3779 3313 3849 baptismum
3359 3781 3683 3852 suscipiunt,

2105 3868 2161 3914 et
2214 3858 2577 3919 Montanistas
2617 3865 2856 3939 Phrygas
2890 3868 3087 3935 dictos,
3127 3878 3182 3925 et
3231 3870 3580 3937 Manichzeos,
3618 3887 3686 3928 ac

2104 3950 2441 4011 Sabellianos
2465 3974 2479 4025 ;
2516 3974 2638 4013 nam
2661 3958 2842 4019 Patris
2863 3970 2917 4018 et
2941 3963 3065 4019 t‘ilii
3096 3979 3377 4035 personam
3401 3966 3681 4035 docentes,

2103 4052 2160 4099 et
2215 4045 2321 4100 alia
2366 4050 2613 4118 quaedam
2658 4053 2967 4123 perniciosa
3022 4056 3307 4126 facientes,
3345 4070 3681 4128 cunctasque

2104 4135 2417 4206 huiusmodi
2468 4142 2737 4212 hereses;
2778 4144 3031 4202 videlicet
3061 4162 3176 4216 eos,
3219 4149 3313 4219 qui
3351 4150 3419 4204 ab
3450 4149 3556 4206 illis
3584 4163 3685 4205 vo-

2102 4227 2294 4285 luntse
2331 4232 2633 4305 adjungere
2661 4237 2903 4307 veritati,
2931 4239 3076 4297 velut
3096 4241 3326 4311 gentiles
3358 4241 3674 4312 recipimus,

2105 4321 2337 4393 illosque
2361 4328 2725 4396 baptizamus.

2186 4485 2255 4557 (e)
2288 4484 2603 4560 Euchologii
2631 4504 2690 4560 p.
2723 4490 2849 4551 εει.
