4172 6432
120 366 245 393 fg

126 398 133 421 Ρ
3006 390 3374 423 -ρ--Ἵ

96 426 141 466 '\_
152 390 3309 517 ψ*
2281 435 2796 444 -____..—.___.__—
3000 435 3163 443 —.—.
3174 434 3205 443 μ
3240 407 3370 443 ι-Ξδυ

984 580 1655 694 ΜΟΝΙΤΠΜ
1757 575 2545 689 EDlTORUM.

226 952 532 1019 Homilize
567 965 726 1027 quas
760 946 932 1005 11.1’.
968 946 1192 1005 Franc.
1244 942 1536 1010 Scorsus,
1570 934 2087 1001 Panormitanus,
2123 949 2291 992 anno
2340 934 2489 993 16h!»
2529 932 2783 993 Parisiis
2815 936 3025 996 Graece
3078 944 3138 997 et
3168 937 3377 999 Latinc

154 1053 377 1119 edidit,
414 1050 481 1109 in
518 1025 940 1108 nobilissimis
998 1038 1328 1099 codicibus
1360 1031 1712 1110 Hispania,
1746 1030 1945 1090 Italiae
1976 1038 2036 1089 et
2067 1029 2287 1088 Galliae
2325 1036 2573 1088 exstant
2625 1031 2746 1090 sub
2779 1033 3039 1093 nomine
3090 1025 3385 1110 Gregorii

155 1147 486 1215 Ct‘ralHCi,
546 1136 1008 1217 archiepiscopi
1094 1127 1645 1194 Tauromenitani.
1722 1126 1896 1186 Unde
1967 1134 2107 1185 nata
2175 1131 2271 1185 est
2329 1127 2626 1199 QU'I‘SllO,
2695 1124 3003 1186 hactenus
3079 1130 3383 1203 pendens.

157 1258 367 1302 utrum
403 1236 828 1313 Theophanes
861 1234 1202 1292 Cerameus
1245 1224 1743 1302 distinguendus
1794 1221 1871 1281 sit
1901 1238 1979 1281 an
2014 1237 2141 1281 non
2201 1237 2231 1278 a
2278 1219 2585 1296 Gregorio
2632 1223 2965 1295 Ceramico,
3006 1224 3108 1283 cui
3172 1226 3384 1283 eadem

151 1344 338 1414 opera
373 1337 775 1394 tribuuntur.
816 1328 941 1388 Alii
977 1326 1326 1402 opinantur
1365 1318 1817 1397 TheOphanem
1855 1320 2005 1378 olim
2046 1332 2277 1377 nomen
2312 1317 2605 1393 Gregorii
2632 1319 2934 1395 gessisse,
2966 1321 3135 1397 quod
3176 1330 3386 1397 postea

152 1412 241 1496 vel
286 1434 590 1501 mutavit,
628 1429 723 1489 vel
758 1424 1149 1503 dereliquit;
1187 1420 1293 1480 alii
1325 1420 1719 1479 contendunt
1744 1412 2126 1488 Gregorium
2153 1414 2527 1472 Cerameum
2563 1414 2834 1473 omnino
2864 1414 3388 1490 distinguendum

150 1547 288 1589 esse
317 1546 349 1587 a
390 1525 810 1602 TlieOphane,
843 1535 1208 1599 quanquam
1254 1533 1463 1590 neque
1507 1514 1667 1605 hanc
1698 1510 2069 1587 Opinionem
2108 1509 2238 1565 ullo
2275 1505 2551 1583 anlllVO
2584 1517 2964 1585 argumento
3001 1509 3395 1568 confirment.

149 1626 489 1691 Petavius,
526 1622 679 1680 dum
722 1635 827 1679 an.
864 1620 1018 1677 1616
1052 1612 1451 1672 Breviarium
1483 1603 1857 1669 historicum
1889 1606 1951 1663 S.
1991 1603 2328 1678 Nicephori
2368 1604 2895 1676 patriarchm'm’.
2936 1603 3151 1663 GI‘IBCC
3183 1614 3242 1662 et
3278 1606 3395 1662 La-

150 1726 283 1779 tine
326 1717 589 1777 Parisiis
631 1718 884 1783 ederet,
920 1713 1166 1782 cidem,
1200 1704 1581 1786 speciminis
1634 1702 1789 1778 grati

1751 1702 1857 1768 tia,
1897 1698 2141 1758 addidit
2172 1697 2501 1756 homiliatu
2555 1700 2618 1756 in
2654 1696 3033 1757 lndiclionis
3079 1700 3205 1757 sive
3247 1700 3398 1757 anni

144 1815 569 1891 principium,
608 1810 803 1870 veluti
846 1826 1007 1883 Opus
1050 1804 1347 1883 Gregorii
1398 1806 1801 1877 cognomento
1852 1793 2100 1871 Figuli,
2158 1792 2679 1851 Tauromenitani
2713 1794 2778 1851 in
2813 1792 3038 1851 Sicilia
3078 1795 3397 1870 archiepi-

148 1889 588 1986 scopi,quam
627 1904 957 1965 homiliam
995 1904 1062 1962 P.
1099 1903 1363 1961 Scorsus
1406 1896 1599 1957 veluti
1648 1895 1914 1971 primam
1953 1908 1986 1950 a
2021 1889 2410 1967 Theophane
2459 1890 2758 1965 scriptam
2808 1890 3056 1948 ueteris
3101 1890 3401 1949 omnibus

148 1984 529 2084 prieposuit.
599 2005 795 2063 Porro
855 2000 1182 2068 Petavius,
1219 1999 1284 2056 in
1340 1996 1508 2055 notis
1568 1993 1643 2051 ad
1707 1984 2146 2061 S.Nicephori
2217 1984 2641 2056 Breviarium,
2695 2001 2835 2061 pag.
2900 1986 3008 2053 10,
3063 1995 3399 2062 postquam

146 2080 421 2161 dixisset
454 2102 706 2160 Grmcos
746 2096 1141 2159 lndictiones
1176 2108 1322 2151 suas
1356 2089 1508 2148 olim
1549 2103 1581 2146 a
1618 2102 1774 2145 xxrv
1813 2080 2207 2158 Septembris
2232 2126 2245 2151 ,
2291 2090 2505 2158 postea
2547 2096 2694 2141 vero
2726 2097 2757 2141 a
2794 2081 3100 2141 Kalendis
3137 2098 3402 2141 exorsos

150 2197 524 2267 esse,il|ico_
543 2195 805 2255 subdit:
848 2212 875 2245 α
916 2190 1097 2263 Quod
1134 2187 1476 2266 posterius,
1503 2195 1569 2243 ut
1596 2184 1797 2243 aliosr

1753 2179 2087 2248 iomitlam,
2114 2177 2458 2253 Gregorius
2487 2187 2794 2254 Κεραμείλ·,
2824 2180 3400 2239 Τδυτυωρηιιίιηυς

149 2294 716 2370 archiepiscopus,
761 2288 994 2348 indicat
1044 2285 1109 2346 in
1145 2283 1410 2346 homilia
1453 2292 1555 2355 Εις
1605 2287 1718 2354 τὴν
1746 2286 1796 2355 ἀι

1754 2286 1945 2355 ἀρχὴν
1975 2285 2085 2351 τῆς
2137 2284 2457 2350 Ἰνδίκτου,
2491 2282 2618 2351 ἢτοι
2663 2284 2767 2337 τοῦ
2809 2284 2951 2337 νέου
2978 2286 3172 2351 ἔτους,
3217 2294 3401 2354 quam

152 2416 271 2458 nos
300 2441 314 2466 ,
362 2413 486 2457 una
528 2414 669 2455 cum
712 2394 857 2454 aliis
895 2390 1188 2471 plurimis
1230 2390 1518 2469 ejusdem
1597 2383 1935 2461 scriptoris
2002 2380 2282 2441 nondum
2334 2382 2682 2458 evulgatis,
2735 2382 3102 2457 accepimus
3156 2398 3186 2440 a
3224 2382 3293 2441 It.
3334 2381 3403 2441 P.

151 2496 399 2555 Jacobo
431 2494 811 2563 Sirmonzlo,
848 2491 985 2550 viro
1039 2486 1452 2565 pererudito,
1490 2482 1641 2560 qui,
1679 2480 1827 2558 quia
1881 2479 2104 2541 crebro
2138 2496 2167 2536 a
2221 2477 2407 2539 nobis
2462 2494 2678 2539 earum
2738 2478 3089 2539 editionem
3140 2477 3404 2557 ﬂagitat,

152 2601 216 2649 ut
273 2588 337 2648 ei
382 2588 601 2665 aliqua
659 2605 738 2645 ex
794 2594 966 2663 parte
1026 2582 1329 2652 satisﬁat,
1376 2581 1552 2639 velut
1605 2575 1940 2653 specimen
1992 2574 2339 2653 quoddam,
2380 2575 2809 2636 Indictionum
2850 2576 3208 2649 occasione,
3246 2594 3408 2653 prie-

155 2685 483 2745 misimus.
525 2708 551 2737 n
603 2684 925 2743 Hactenus
977 2679 1307 2749 Petavius,
1362 2674 1471 2755 qui
1513 2679 1592 2735 de
1626 2671 2006 2734 confusione
2048 2671 2388 2734 nominum
2441 2671 2733 2750 Gregorii
2788 2679 2850 2732 et
2884 2670 3290 2750 TheOphanis
3330 2690 3409 2734 ne

155 2782 479 2857 cositasse
511 2780 777 2858 quidem
812 2779 1089 2836 videtur.

233 2880 469 2937 Pirrus
506 2878 569 2934 in
621 2874 848 2934 Sicilia
877 2875 1072 2932 Sacra
1108 2873 1276 2949 (pag.
1316 2870 1430 2931 490
1462 2870 1563 2931 ed.
1618 2866 2103 2928 Panormit.an.
2141 2865 2319 2939 1733)
2357 2863 2741 2942 Gregorium
2785 2882 2818 2926 a
2856 2864 3246 2941 Theophane
3283 2865 3411 2927 dis-

158 2972 407 3049 tinguit
444 2972 511 3031 in
554 2969 854 3045 CataIOgo
886 2967 1334 3043 episc0porum
1378 2963 1680 3024 Ecclesiae
1710 2961 2288 3027 Tauromenitanae,
2323 2967 2381 3020 at
2434 2963 2641 3021 neutri
2678 2970 2909 3023 certam
2943 2970 3190 3023 (etatem
3222 2963 3412 3024 ascri-

157 3070 315 3129 bere
347 3069 559 3127 audet.
585 3064 995 3140 DeGregorio
1026 3064 1109 3123 ita
1141 3061 1359 3122 scribit
1401 3083 1414 3120 :
1443 3059 1844 3135 «Gregorius
1877 3059 2205 3119 Ccramcus
2240 3057 2773 3135 archiepiscopus.
2809 3057 3035 3119 Plures
3072 3058 3127 3118 is
3156 3057 3411 3137 scripsit

159 3168 468 3226 humilias
501 3168 562 3225 in
596 3165 935 3240 Evangelia
961 3209 975 3234 ,
1010 3180 1081 3221 ac
1131 3164 1211 3222 de
1256 3161 1399 3221 aliis
1447 3158 1863 3237 argumentis,
1898 3173 2229 3233 equarum
2267 3173 2528 3216 numero
2565 3156 2780 3216 multm
2828 3158 3270 3235 manuscripta)
3317 3157 3413 3217 le-

157 3275 433 3340 guntur.
472 3284 499 3316 »
542 3260 787 3321 Deinde
820 3278 893 3318 ex
946 3258 1198 3318 FaZello
1249 3264 1419 3316 notat
1472 3254 1998 3323 Tauromenium,
2034 3259 2176 3330 post
2208 3251 2455 3329 longam
2496 3251 2926 3323 obsidionem,
2959 3270 3063 3313 an.
3096 3255 3246 3323 878,
3279 3252 3415 3315 fere

162 3374 557 3433 rostremam
594 3360 757 3416 inter
795 3356 1037 3415 Siculas
1072 3354 1385 3424 civitates,
1420 3354 1495 3411 ab
1529 3348 1839 3425 Agarenis
1882 3350 2134 3408 tandem
2192 3356 2561 3423 occupatam
2616 3346 2855 3417 fuisse;
2899 3357 2959 3408 et
3001 3365 3072 3407 ex
3122 3349 3418 3425 Cajetano

156 3456 569 3528 (Sanctorum
607 3450 969 3509 Siculorum
1021 3450 1058 3507 1.
1099 3450 1188 3519 ΙΙ,
1232 3466 1290 3523 p.
1344 3447 1469 3524 61).
1510 3447 1571 3505 S.
1607 3445 1988 3522 Procopium
2024 3446 2623 3505 Tauromenitanam
2660 3445 3006 3505 Ecclesiam
3040 3450 3280 3508 rexisse
3310 3465 3411 3508 an.

157 3552 315 3618 903,
375 3564 520 3607 cum
578 3546 872 3606 Saraceni
936 3544 1445 3603 Tauromenium
1501 3550 1986 3617 expugnarent,
2022 3549 2082 3601 et
2131 3542 2195 3600 in
2246 3540 2608 3616 direptione
2652 3541 2866 3610 urbis,
2912 3560 3030 3602 una
3086 3560 3228 3603 cum
3265 3545 3410 3604 aliis

160 3648 463 3713 civilius,
514 3641 819 3718 martyrio
852 3642 1050 3698 fuisse
1097 3646 1494 3697 coronatum.
1543 3635 1794 3708 Quihus
1837 3637 2145 3695 enarratis
2198 3637 2457 3695 subdit:
2498 3661 2520 3688 (ι
2558 3636 2865 3697 Czetcrum
2915 3646 3051 3715 post
3097 3653 3353 3700 exactos
3387 3660 3416 3697 a

161 3744 391 3801 Sicilia
426 3743 813 3809 Saracenos,
859 3737 1100 3797 nullam
1158 3733 1687 3795 't‘auromenitani
1745 3731 2020 3808 alicujus
2078 3731 2365 3809 episcopi
2430 3733 2823 3793 mentionem
2884 3734 3115 3795 alicubi
3162 3738 3414 3813 reperi;

162 3836 468 3912 oportuit
508 3835 702 3908 igitur
736 3850 884 3891 eum
918 3833 1329 3909 praesulatum
1367 3832 1533 3889 inter
1573 3830 1989 3888 Barbarorum
2045 3830 2357 3887 tumultus
2393 3828 2813 3896 exstinctum,
2846 3841 3035 3906 atque
3072 3831 3415 3892 I-Icelesiam

162 3934 349 3990 illam
388 3930 469 3987 ab
504 3946 670 3987 anno
704 3928 895 3996 108-2,
934 3944 1064 3999 quo
1097 3926 1472 4003 episcopum
1511 3945 1539 3983 ει
1576 3923 2040 3985 Northmannis
2070 3922 2324 3983 Troinae
2352 3923 2564 3983 datum
2602 3922 2894 3984 dicemus
2921 3970 2935 3996 ,
2972 3926 3034 3985 in
3067 3934 3213 3987 nota
3247 3928 3285 3989 8
3316 3927 3419 3988 in-

163 4026 293 4093 fra,
337 4024 721 4093 Troiaensi,
756 4030 896 4097 post
926 4020 1326 4081 Messenensi
1372 4020 1670 4080 Ecclesiae
1705 4020 2051 4098 subjertam
2115 4019 2207 4079 vel
2263 4021 2507 4081 unitam
2554 4022 2628 4081 ad
2694 4022 2825 4081 [nec
2886 4039 3090 4100 usque
3136 4032 3419 4099 tempore

165 4122 409 4181 fuisse.
454 4142 481 4172 »
518 4120 604 4178 Ita
636 4117 882 4177 Pirrus.

249 4218 305 4276 A
347 4229 482 4290 quo
519 4228 782 4288 prorsus
815 4210 1208 4271 dissentiunt
1238 4209 1357 4268 viri
1393 4208 1630 4269 eruditi
1667 4211 1777 4286 qui
1807 4213 2202 4273 contendunt
2251 4229 2443 4275 unam
2485 4216 2829 4275 alteramve
2883 4214 3245 4287 homiliam,
3281 4232 3425 4295 quae

169 4318 288 4373 sub
335 4310 599 4369 nomine
633 4308 1041 4385 TheOphanis
1072 4309 1595 4368 Tauromenitani
1643 4308 1830 4369 editre
1873 4316 2054 4381 sunt,
2100 4310 2420 4369 recitatam
2454 4307 2652 4369 fuisse
2704 4325 2913 4369 coram
2949 4311 3220 4387 Rogerio
3260 4312 3423 4369 Nor-

172 4422 565 4469 niannorum
627 4405 821 4473 duce,
879 4405 952 4463 ad
1010 4402 1197 4463 finem
1262 4415 1561 4479 vergente
1625 4406 1859 4467 saeculo
1921 4423 2007 4476 χι,
2070 4406 2164 4465 vel
2222 4404 2412 4465 initio
2460 4405 2674 4466 seaculi
2740 4424 2857 4465 xu.
2908 4406 3197 4466 Profecto
3264 4408 3425 4468 ritus

170 4507 440 4564 Graecus
468 4548 483 4571 ,
516 4501 759 4585 fugatis
799 4500 1169 4571 Saracenis,
1205 4518 1331 4561 non
1370 4501 1554 4576 plane
1597 4504 1953 4564 exstinctus
2000 4511 2169 4572 erat,
2206 4503 2314 4561 sed
2368 4511 2582 4579 postea
2637 4502 2825 4562 etiam
2878 4502 2944 4562 in
2989 4519 3106 4563 usu
3163 4503 3321 4574 fuit,
3359 4512 3427 4564 ut

170 4606 342 4660 doct.
382 4598 630 4657 Rodota
669 4596 910 4656 notavit
940 4597 1004 4657 in
1041 4596 1485 4657 eruditissimo
1517 4614 1712 4675 opere
1746 4598 1915 4677 quod
1962 4598 2288 4676 inscripsit
2322 4619 2334 4656 :
2370 4595 2483 4656 Del
2510 4599 2636 4657 rito
2669 4597 2866 4658 Greco
2904 4599 2970 4657 in
3002 4597 3214 4659 Italia.
3251 4600 3421 4660 Fieri

173 4712 331 4773 ergo
369 4694 585 4771 potuit
620 4699 688 4753 ut
717 4692 1002 4753 hoeiiliaa
1032 4692 1159 4753 illa;
1203 4694 1386 4753 etiam
1421 4712 1496 4755 ex
1532 4707 1705 4772 parte
1756 4695 1994 4756 saeculo
2028 4711 2111 4753 xu
2158 4693 2412 4767 scriptae
2455 4701 2516 4753 et
2561 4693 2749 4754 editae
2786 4694 3064 4765 fuerint;
3102 4712 3217 4756 nec
3252 4713 3429 4773 pror-

172 4809 282 4853 sus
319 4800 578 4851 certum
620 4797 715 4848 est
759 4804 865 4848 eas
910 4804 1171 4863 omnes,
1219 4798 1398 4849 relate
1453 4791 1665 4850 Basilii
1722 4789 2125 4859 Macedonis,
2178 4798 2324 4849 ante
2370 4789 2554 4849 linem
2612 4790 2827 4850 saeculi
2879 4807 2941 4863 ι,
2985 4798 3043 4850 et
3087 4800 3231 4852 ante
3279 4794 3429 4853 sub-

172 4899 378 4947 actam
421 4902 455 4945 a
492 4886 821 4944 Saracenis
857 4884 1176 4956 Siciliam,
1214 4888 1599 4963 compositas
1634 4887 1860 4948 fuisse.

254 4987 581 5046 Obscura)
620 4981 958 5057 quaestioni
996 4982 1237 5043 nullam
1270 4984 1473 5044 lucem
1507 4984 1714 5045 attulit
1750 4986 1873 5045 Leo
1905 4985 2176 5045 Allatius
2208 4984 2357 5061 qui,
2399 4991 2467 5043 ut
2502 4992 2689 5058 pulo,
2720 4983 2798 5043 de
2829 4985 3144 5061 Gregorio
3207 4994 3422 5047 nostro

173 5081 523 5158 Georgium
556 5078 831 5142 faciens,
870 5078 933 5137 in
973 5096 1087 5140 sua
1119 5080 1592 5159 Disquisitione
1641 5083 1716 5142 de
1751 5080 2049 5159 Georgiis
2084 5080 2168 5140 ita
2218 5079 2517 5140 disserit:
2556 5102 2582 5134 «
2621 5080 2877 5157 Georgii
2917 5082 3201 5142 Ceramei
3256 5084 3426 5144 Iam-

177 5179 315 5238 bica
355 5178 419 5236 in
458 5175 689 5234 librum
725 5177 1063 5253 Symeonis
1096 5177 1271 5238 Sethi
1305 5177 1377 5237 de
1397 5177 1762 5255 Slcplumite
1794 5187 1847 5237 et
1874 5176 2183 5238 lchnilata
2218 5176 2561 5237 laudantur
2601 5175 2664 5235 in
2696 5177 3133 5255 manuscripto
3171 5180 3425 5241 Grreco;

175 5273 411 5342 Συμεὼν
441 5272 768 5341 Μαγὶστρου
794 5273 1049 5341 διήγησις
1071 5273 1313 5343 μυστικὴ
1343 5274 1453 5327 τῶν
1484 5278 1626 5329 κατὰ
1658 5277 1998 5344 Στεφανίτην
2030 5276 2125 5327 καὶ
2161 5274 2477 5342 Ἰκνη).ἀτην
2524 5273 2911 5341 μετενεχθεῖσα
2960 5276 3022 5325 ὲκ
3057 5276 3153 5342 τῆς
3182 5276 3430 5346 Ἀράϐων

174 5376 469 5432 διαλέκτου
506 5378 563 5427 ὲν
594 5374 777 5441 λόγοις
805 5374 875 5441 η’.
908 5377 1186 5447 Γεωργῑου
1226 5379 1531 5450 Καραμέου
1558 5370 1803 5450 Ἰαμϐεϊα

1785 5396 1803 5430 ι
1836 5379 1929 5432 ἐπὶ
1951 5382 2016 5447 τῇ
2046 5376 2426 5447 προρῥηθεῐσῃ
2462 5374 2647 5446 βίϐλῳ.
2688 5369 2747 5427 Id
2785 5376 2881 5427 est
2908 5390 2920 5427 :
2947 5368 3267 5445 Symeonis
3297 5372 3432 5431 Ma-

173 5469 368 5545 gistri
396 5464 691 5524 narratio
726 5482 962 5523 arcana
992 5466 1063 5526 de
1091 5466 1463 5547 Stcpham'le
1495 5481 1549 5530 et
1583 5468 1895 5549 Ichnilata
1932 5486 2011 5527 ex
2042 5466 2317 5527 Arabum
2348 5465 2563 5542 lingua
2601 5483 2935 5531 conversa,
2971 5464 3152 5525 libris
3185 5476 3433 5528 octo.—

176 5575 439 5653 Gcorgii
474 5572 756 5633 Ceramei
786 5571 1082 5633 Carmina
1130 5573 1395 5636 iambico
1437 5575 1504 5635 in
1527 5578 1898 5655 prwdictum
1944 5574 2195 5635 librum.
2224 5574 2364 5651 (Ap.
2398 5574 2649 5635 Fabric.
2678 5571 2846 5631 Bibl.
2883 5572 3098 5633 erca
3127 5575 3228 5634 ed.
3271 5577 3433 5636 Hal--

178 5674 290 5734 les.
330 5686 375 5733 t.
412 5672 530 5733 ΧΙΙ
560 5717 573 5739 .
614 5690 671 5749 p.
706 5671 831 5748 ῑι3.)

420 5778 690 5837 i‘nnnn.
721 5778 838 5834 Gn.
879 5778 1189 5840 CXXXII.
3050 5768 3074 5829 Ῑ
