  <div class='ocr_page' id='page_1' title='image "/cluster/home/n/w/nwhite01/storage/ocr_20150623/132/nnc1.0046979662/017.png"; bbox 0 0 4172 6432; ppageno 0'>
   <div class='ocr_carea' id='block_1_1' title="bbox 759 362 4021 439">
    <p class='ocr_par' dir='ltr' id='par_1_1' title="bbox 759 362 4021 439">
     <span class='ocr_line' id='line_1_1' title="bbox 759 362 4021 439; baseline 0.004 -17"><span class='ocrx_word' id='word_1_1' title='bbox 759 362 823 423; x_wconf 87' lang='grc'><strong>19</strong></span> <span class='ocrx_word' id='word_1_2' title='bbox 1951 368 2265 428; x_wconf 72' lang='lat' dir='ltr'><strong>NOTITIA</strong></span> <span class='ocrx_word' id='word_1_3' title='bbox 2309 371 2409 429; x_wconf 76' lang='lat' dir='ltr'><strong>EX</strong></span> <span class='ocrx_word' id='word_1_4' title='bbox 2450 374 2826 436; x_wconf 78' lang='lat' dir='ltr'><strong>FABRICIO.</strong></span> <span class='ocrx_word' id='word_1_5' title='bbox 3952 375 4021 439; x_wconf 76' lang='grc'><strong>20</strong></span> 
     </span>
    </p>
   </div>
   <div class='ocr_carea' id='block_1_2' title="bbox 826 481 2473 566">
    <p class='ocr_par' dir='ltr' id='par_1_2' title="bbox 826 481 2473 554">
     <span class='ocr_line' id='line_1_2' title="bbox 826 481 2473 554; baseline 0.004 -22"><span class='ocrx_word' id='word_1_6' title='bbox 826 482 912 532; x_wconf 75' lang='lat'><strong>6&#39;2.</strong></span> <span class='ocrx_word' id='word_1_7' title='bbox 956 481 1045 543; x_wconf 61' lang='lat' dir='ltr'><strong>lii;</strong></span> <span class='ocrx_word' id='word_1_8' title='bbox 1094 483 1184 533; x_wconf 73' lang='grc' dir='ltr'><strong>τὸν</strong></span> <span class='ocrx_word' id='word_1_9' title='bbox 1244 484 1536 551; x_wconf 74' lang='grc' dir='ltr'><strong>γενόμενω</strong></span> <span class='ocrx_word' id='word_1_10' title='bbox 1592 482 1824 552; x_wconf 74' lang='grc' dir='ltr'><strong>αὐχμόν.</strong></span> <span class='ocrx_word' id='word_1_11' title='bbox 1886 483 1959 537; x_wconf 84' lang='lat' dir='ltr'><strong>De</strong></span> <span class='ocrx_word' id='word_1_12' title='bbox 2006 487 2247 540; x_wconf 73' lang='lat' dir='ltr'><strong>siccitate</strong></span> <span class='ocrx_word' id='word_1_13' title='bbox 2285 506 2401 554; x_wconf 77' lang='lat' dir='ltr'><strong>qua:</strong></span> <span class='ocrx_word' id='word_1_14' title='bbox 2454 510 2473 545; x_wconf 77' lang='grc' dir='ltr'><strong><em>ε</em></strong></span> 
     </span>
    </p>
   </div>
   <div class='ocr_carea' id='block_1_3' title="bbox 2374 481 4021 566">
    <p class='ocr_par' dir='ltr' id='par_1_3' title="bbox 2374 494 4021 566">
     <span class='ocr_line' id='line_1_3' title="bbox 2374 494 4021 566; baseline -0.001 -23"><span class='ocrx_word' id='word_1_15' title='bbox 2374 508 2401 543; x_wconf 74' lang='grc' dir='ltr'><strong><em>υ</em></strong></span> <span class='ocrx_word' id='word_1_16' title='bbox 2454 510 2513 545; x_wconf 82' lang='lat' dir='ltr'><strong>eo</strong></span> <span class='ocrx_word' id='word_1_17' title='bbox 2571 505 2798 561; x_wconf 83' lang='lat' dir='ltr'><strong>teutporc</strong></span> <span class='ocrx_word' id='word_1_18' title='bbox 2852 497 3089 565; x_wconf 75' lang='lat' dir='ltr'><strong>contigit.</strong></span> <span class='ocrx_word' id='word_1_19' title='bbox 3138 496 3353 566; x_wconf 88' lang='lat' dir='ltr'><strong>Incipit,</strong></span> <span class='ocrx_word' id='word_1_20' title='bbox 3387 497 3480 558; x_wconf 83' lang='grc' dir='ltr'><strong>Τίς</strong></span> <span class='ocrx_word' id='word_1_21' title='bbox 3511 495 3672 547; x_wconf 81' lang='grc' dir='ltr'><strong>δώσει</strong></span> <span class='ocrx_word' id='word_1_22' title='bbox 3712 498 3775 563; x_wconf 82' lang='grc' dir='ltr'><strong>τῇ</strong></span> <span class='ocrx_word' id='word_1_23' title='bbox 3806 494 4021 561; x_wconf 70' lang='grc' dir='ltr'><strong>κεφαλῇ</strong></span> 
     </span>
    </p>
   </div>
   <div class='ocr_carea' id='block_1_4' title="bbox 753 568 1383 638">
    <p class='ocr_par' dir='ltr' id='par_1_4' title="bbox 753 568 1383 638">
     <span class='ocr_line' id='line_1_4' title="bbox 753 568 1383 638; baseline 0.002 -19"><span class='ocrx_word' id='word_1_24' title='bbox 753 586 854 636; x_wconf 74' lang='grc' dir='ltr'><strong>μου</strong></span> <span class='ocrx_word' id='word_1_25' title='bbox 891 568 1056 637; x_wconf 67' lang='grc' dir='ltr'>ὕδωρ.</span> <span class='ocrx_word' id='word_1_26' title='bbox 1094 569 1220 638; x_wconf 81' lang='lat' dir='ltr'><strong>Pag.</strong></span> <span class='ocrx_word' id='word_1_27' title='bbox 1259 570 1383 623; x_wconf 60' lang='lat'><strong>49.1.</strong></span> 
     </span>
    </p>
   </div>
   <div class='ocr_carea' id='block_1_5' title="bbox 825 657 4024 733">
    <p class='ocr_par' dir='ltr' id='par_1_5' title="bbox 825 657 4024 733">
     <span class='ocr_line' id='line_1_5' title="bbox 825 657 4024 733; baseline 0.003 -24"><span class='ocrx_word' id='word_1_28' title='bbox 825 657 932 710; x_wconf 82' lang='lat' dir='ltr'><strong>llas</strong></span> <span class='ocrx_word' id='word_1_29' title='bbox 966 657 1315 726; x_wconf 76' lang='lat' dir='ltr'><strong>&#39;l&#39;hcophanis</strong></span> <span class='ocrx_word' id='word_1_30' title='bbox 1349 660 1603 713; x_wconf 87' lang='lat' dir='ltr'><strong>bomilias</strong></span> <span class='ocrx_word' id='word_1_31' title='bbox 1634 676 1698 713; x_wconf 77' lang='lat' dir='ltr'><strong>ex</strong></span> <span class='ocrx_word' id='word_1_32' title='bbox 1736 660 2022 714; x_wconf 83' lang='lat' dir='ltr'><strong>codicibus</strong></span> <span class='ocrx_word' id='word_1_33' title='bbox 2052 662 2459 727; x_wconf 83' lang='lat' dir='ltr'><strong>Pauormitano,</strong></span> <span class='ocrx_word' id='word_1_34' title='bbox 2502 668 2780 733; x_wconf 76' lang='lat' dir='ltr'><strong>Vaticano,</strong></span> <span class='ocrx_word' id='word_1_35' title='bbox 2816 670 3182 724; x_wconf 70' lang='lat' dir='ltr'><strong>liscurialensi</strong></span> <span class='ocrx_word' id='word_1_36' title='bbox 3216 669 3688 723; x_wconf 84' lang='lat' dir='ltr'><strong>etl’arisiensibus</strong></span> <span class='ocrx_word' id='word_1_37' title='bbox 3723 669 4024 721; x_wconf 83' lang='lat' dir='ltr'><strong>recensitas</strong></span> 
     </span>
    </p>
   </div>
   <div class='ocr_carea' id='block_1_6' title="bbox 746 746 4024 825">
    <p class='ocr_par' dir='ltr' id='par_1_6' title="bbox 746 746 4024 825">
     <span class='ocr_line' id='line_1_6' title="bbox 746 746 4024 825; baseline 0.002 -25"><span class='ocrx_word' id='word_1_38' title='bbox 746 747 1079 801; x_wconf 78' lang='lat' dir='ltr'><strong>Franciscus</strong></span> <span class='ocrx_word' id='word_1_39' title='bbox 1114 746 1371 807; x_wconf 74' lang='lat' dir='ltr'><strong>Scorsus,</strong></span> <span class='ocrx_word' id='word_1_40' title='bbox 1404 748 1459 801; x_wconf 81' lang='lat' dir='ltr'><strong>S.</strong></span> <span class='ocrx_word' id='word_1_41' title='bbox 1481 748 1555 808; x_wconf 85' lang='lat' dir='ltr'><strong>J.,</strong></span> <span class='ocrx_word' id='word_1_42' title='bbox 1590 766 1708 801; x_wconf 83' lang='lat' dir='ltr'><strong>cum</strong></span> <span class='ocrx_word' id='word_1_43' title='bbox 1743 750 1981 817; x_wconf 73' lang='lat' dir='ltr'><strong>eleganti</strong></span> <span class='ocrx_word' id='word_1_44' title='bbox 2014 754 2263 805; x_wconf 89' lang='lat' dir='ltr'><strong>versione</strong></span> <span class='ocrx_word' id='word_1_45' title='bbox 2286 764 2338 805; x_wconf 88' lang='lat' dir='ltr'><strong>el</strong></span> <span class='ocrx_word' id='word_1_46' title='bbox 2363 754 2594 809; x_wconf 83' lang='lat' dir='ltr'><strong>eruditis</strong></span> <span class='ocrx_word' id='word_1_47' title='bbox 2626 766 2789 825; x_wconf 88' lang='lat' dir='ltr'><strong>atque</strong></span> <span class='ocrx_word' id='word_1_48' title='bbox 2817 757 3050 824; x_wconf 78' lang='lat' dir='ltr'><strong>copiosis</strong></span> <span class='ocrx_word' id='word_1_49' title='bbox 3076 758 3140 809; x_wconf 87' lang='lat' dir='ltr'><strong>ad</strong></span> <span class='ocrx_word' id='word_1_50' title='bbox 3164 758 3368 811; x_wconf 87' lang='lat' dir='ltr'><strong>calcem</strong></span> <span class='ocrx_word' id='word_1_51' title='bbox 3392 756 3686 810; x_wconf 78' lang='lat' dir='ltr'><strong>voluminis</strong></span> <span class='ocrx_word' id='word_1_52' title='bbox 3714 755 4024 823; x_wconf 73' lang='lat' dir='ltr'><strong>subiunctis</strong></span> 
     </span>
    </p>
   </div>
   <div class='ocr_carea' id='block_1_7' title="bbox 749 835 4023 912">
    <p class='ocr_par' dir='ltr' id='par_1_7' title="bbox 749 835 4023 912">
     <span class='ocr_line' id='line_1_7' title="bbox 749 835 4023 912; baseline 0.002 -26"><span class='ocrx_word' id='word_1_53' title='bbox 749 838 897 888; x_wconf 90' lang='lat' dir='ltr'><strong>notis</strong></span> <span class='ocrx_word' id='word_1_54' title='bbox 930 837 1142 904; x_wconf 88' lang='lat' dir='ltr'><strong>primus</strong></span> <span class='ocrx_word' id='word_1_55' title='bbox 1180 837 1378 899; x_wconf 89' lang='lat' dir='ltr'><strong>edidit,</strong></span> <span class='ocrx_word' id='word_1_56' title='bbox 1420 837 1646 890; x_wconf 76' lang='lat' dir='ltr'><strong>Lutetize</strong></span> <span class='ocrx_word' id='word_1_57' title='bbox 1686 835 1861 890; x_wconf 76' lang='lat' dir='ltr'><strong>Paris.</strong></span> <span class='ocrx_word' id='word_1_58' title='bbox 1912 837 2083 900; x_wconf 65' lang='grc'>1614,</span> <span class='ocrx_word' id='word_1_59' title='bbox 2116 839 2209 893; x_wconf 81' lang='lat' dir='ltr'><strong>fol.</strong></span> <span class='ocrx_word' id='word_1_60' title='bbox 2250 842 2461 896; x_wconf 72' lang='lat' dir='ltr'><strong>Emdem</strong></span> <span class='ocrx_word' id='word_1_61' title='bbox 2496 854 2715 899; x_wconf 70' lang='lat' dir='ltr'><strong>exstant</strong></span> <span class='ocrx_word' id='word_1_62' title='bbox 2750 847 2801 898; x_wconf 92' lang='lat' dir='ltr'><strong>in</strong></span> <span class='ocrx_word' id='word_1_63' title='bbox 2837 846 3026 901; x_wconf 79' lang='lat' dir='ltr'><strong>codice</strong></span> <span class='ocrx_word' id='word_1_64' title='bbox 3057 845 3399 899; x_wconf 90' lang='lat' dir='ltr'><strong>Coisliniano</strong></span> <span class='ocrx_word' id='word_1_65' title='bbox 3425 886 3439 907; x_wconf 90' lang='lat'><strong>,</strong></span> <span class='ocrx_word' id='word_1_66' title='bbox 3479 846 3547 898; x_wconf 90' lang='lat' dir='ltr'><strong>de</strong></span> <span class='ocrx_word' id='word_1_67' title='bbox 3600 859 3709 912; x_wconf 89' lang='lat' dir='ltr'><strong>quo</strong></span> <span class='ocrx_word' id='word_1_68' title='bbox 3746 842 4023 896; x_wconf 79' lang='lat' dir='ltr'><strong>Montfau-</strong></span> 
     </span>
    </p>
   </div>
   <div class='ocr_carea' id='block_1_8' title="bbox 744 926 4027 1002">
    <p class='ocr_par' dir='ltr' id='par_1_8' title="bbox 744 926 4027 1002">
     <span class='ocr_line' id='line_1_8' title="bbox 744 926 4027 1002; baseline 0.001 -26"><span class='ocrx_word' id='word_1_69' title='bbox 744 926 959 988; x_wconf 67' lang='lat' dir='ltr'><strong>conia&#39;s,</strong></span> <span class='ocrx_word' id='word_1_70' title='bbox 996 942 1050 994; x_wconf 92' lang='lat' dir='ltr'><strong>p.</strong></span> <span class='ocrx_word' id='word_1_71' title='bbox 1079 926 1204 980; x_wconf 84' lang='lat' dir='ltr'><strong>59l.</strong></span> <span class='ocrx_word' id='word_1_72' title='bbox 1243 926 1491 980; x_wconf 77' lang='lat' dir='ltr'><strong>llomilize</strong></span> <span class='ocrx_word' id='word_1_73' title='bbox 1533 942 1615 979; x_wconf 81' lang='lat' dir='ltr'><strong>Lvt</strong></span> <span class='ocrx_word' id='word_1_74' title='bbox 1652 926 1703 978; x_wconf 91' lang='lat' dir='ltr'><strong>iu</strong></span> <span class='ocrx_word' id='word_1_75' title='bbox 1734 926 1927 982; x_wconf 86' lang='lat' dir='ltr'><strong>codice</strong></span> <span class='ocrx_word' id='word_1_76' title='bbox 1949 928 2230 992; x_wconf 70' lang='lat' dir='ltr'><strong>Caesareo,</strong></span> <span class='ocrx_word' id='word_1_77' title='bbox 2259 931 2327 983; x_wconf 87' lang='lat' dir='ltr'><strong>de</strong></span> <span class='ocrx_word' id='word_1_78' title='bbox 2361 946 2471 997; x_wconf 86' lang='lat' dir='ltr'><strong>quo</strong></span> <span class='ocrx_word' id='word_1_79' title='bbox 2502 932 2831 988; x_wconf 80' lang='lat' dir='ltr'><strong>Lambecius</strong></span> <span class='ocrx_word' id='word_1_80' title='bbox 2862 950 2933 993; x_wconf 83' lang='lat' dir='ltr'><strong>tv,</strong></span> <span class='ocrx_word' id='word_1_81' title='bbox 2988 949 3040 1002; x_wconf 91' lang='lat' dir='ltr'><strong>p.</strong></span> <span class='ocrx_word' id='word_1_82' title='bbox 3077 935 3143 987; x_wconf 87' lang='grc'>17</span> <span class='ocrx_word' id='word_1_83' title='bbox 3189 934 3279 999; x_wconf 90' lang='lat' dir='ltr'><strong>(e).</strong></span> <span class='ocrx_word' id='word_1_84' title='bbox 3320 933 3561 987; x_wconf 85' lang='lat' dir='ltr'><strong>Ineditas</strong></span> <span class='ocrx_word' id='word_1_85' title='bbox 3603 932 3781 985; x_wconf 90' lang='lat' dir='ltr'><strong>adhuc</strong></span> <span class='ocrx_word' id='word_1_86' title='bbox 3835 931 4027 996; x_wconf 82' lang='lat' dir='ltr'><strong>plures</strong></span> 
     </span>
    </p>
   </div>
   <div class='ocr_carea' id='block_1_9' title="bbox 742 1012 4024 1091">
    <p class='ocr_par' dir='ltr' id='par_1_9' title="bbox 742 1012 4024 1091">
     <span class='ocr_line' id='line_1_9' title="bbox 742 1012 4024 1091; baseline 0.002 -28"><span class='ocrx_word' id='word_1_87' title='bbox 742 1012 987 1075; x_wconf 78' lang='lat' dir='ltr'><strong>ejusdem</strong></span> <span class='ocrx_word' id='word_1_88' title='bbox 1014 1014 1307 1082; x_wconf 81' lang='lat' dir='ltr'><strong>scriptmis</strong></span> <span class='ocrx_word' id='word_1_89' title='bbox 1343 1013 1396 1065; x_wconf 92' lang='lat' dir='ltr'><strong>in</strong></span> <span class='ocrx_word' id='word_1_90' title='bbox 1428 1012 1775 1067; x_wconf 77' lang='lat' dir='ltr'><strong>bibliothecis</strong></span> <span class='ocrx_word' id='word_1_91' title='bbox 1806 1015 1975 1070; x_wconf 82' lang='lat' dir='ltr'><strong>latere</strong></span> <span class='ocrx_word' id='word_1_92' title='bbox 2008 1033 2116 1071; x_wconf 89' lang='lat' dir='ltr'><strong>non</strong></span> <span class='ocrx_word' id='word_1_93' title='bbox 2149 1026 2233 1071; x_wconf 74' lang='lat' dir='ltr'><strong>est</strong></span> <span class='ocrx_word' id='word_1_94' title='bbox 2270 1019 2517 1085; x_wconf 86' lang='lat' dir='ltr'><strong>dubium,</strong></span> <span class='ocrx_word' id='word_1_95' title='bbox 2552 1037 2673 1075; x_wconf 90' lang='lat' dir='ltr'><strong>cum</strong></span> <span class='ocrx_word' id='word_1_96' title='bbox 2708 1021 2940 1076; x_wconf 87' lang='lat' dir='ltr'><strong>Allatius</strong></span> <span class='ocrx_word' id='word_1_97' title='bbox 2962 1063 2975 1087; x_wconf 91' lang='lat'><strong>,</strong></span> <span class='ocrx_word' id='word_1_98' title='bbox 3016 1038 3069 1091; x_wconf 86' lang='lat' dir='ltr'><strong>p.</strong></span> <span class='ocrx_word' id='word_1_99' title='bbox 3095 1023 3200 1077; x_wconf 74' lang='lat' dir='ltr'><strong>M5</strong></span> <span class='ocrx_word' id='word_1_100' title='bbox 3230 1022 3488 1075; x_wconf 68' lang='lat' dir='ltr'><strong>Diatribze</strong></span> <span class='ocrx_word' id='word_1_101' title='bbox 3532 1024 3596 1073; x_wconf 89' lang='lat' dir='ltr'><strong>de</strong></span> <span class='ocrx_word' id='word_1_102' title='bbox 3620 1020 3890 1086; x_wconf 77' lang='lat' dir='ltr'><strong>Georgiis,</strong></span> <span class='ocrx_word' id='word_1_103' title='bbox 3940 1029 4024 1070; x_wconf 74' lang='lat' dir='ltr'><strong>te-</strong></span> 
     </span>
    </p>
   </div>
   <div class='ocr_carea' id='block_1_10' title="bbox 744 1102 4025 1179">
    <p class='ocr_par' dir='ltr' id='par_1_10' title="bbox 744 1102 4025 1179">
     <span class='ocr_line' id='line_1_10' title="bbox 744 1102 4025 1179; baseline 0.001 -26"><span class='ocrx_word' id='word_1_104' title='bbox 744 1113 942 1163; x_wconf 81' lang='lat' dir='ltr'><strong>stctttt&#39;,</strong></span> <span class='ocrx_word' id='word_1_105' title='bbox 977 1119 1034 1156; x_wconf 86' lang='lat' dir='ltr'><strong>se</strong></span> <span class='ocrx_word' id='word_1_106' title='bbox 1066 1104 1118 1156; x_wconf 91' lang='lat' dir='ltr'><strong>in</strong></span> <span class='ocrx_word' id='word_1_107' title='bbox 1148 1102 1283 1155; x_wconf 88' lang='lat' dir='ltr'><strong>Chio</strong></span> <span class='ocrx_word' id='word_1_108' title='bbox 1315 1102 1493 1155; x_wconf 76' lang='lat' dir='ltr'><strong>insula</strong></span> <span class='ocrx_word' id='word_1_109' title='bbox 1524 1104 1721 1173; x_wconf 80' lang='lat' dir='ltr'><strong>lcgissc</strong></span> <span class='ocrx_word' id='word_1_110' title='bbox 1771 1104 2026 1159; x_wconf 89' lang='lat' dir='ltr'><strong>bomilias</strong></span> <span class='ocrx_word' id='word_1_111' title='bbox 2054 1107 2193 1175; x_wconf 85' lang='lat' dir='ltr'><strong>ejus,</strong></span> <span class='ocrx_word' id='word_1_112' title='bbox 2230 1107 2431 1163; x_wconf 83' lang='lat' dir='ltr'><strong>Scorso</strong></span> <span class='ocrx_word' id='word_1_113' title='bbox 2459 1109 2603 1162; x_wconf 84' lang='lat' dir='ltr'><strong>haud</strong></span> <span class='ocrx_word' id='word_1_114' title='bbox 2637 1109 2802 1171; x_wconf 85' lang='lat' dir='ltr'><strong>visas,</strong></span> <span class='ocrx_word' id='word_1_115' title='bbox 2840 1111 3102 1179; x_wconf 86' lang='lat' dir='ltr'><strong>quinque,</strong></span> <span class='ocrx_word' id='word_1_116' title='bbox 3150 1124 3384 1177; x_wconf 80' lang='lat' dir='ltr'><strong>quorum</strong></span> <span class='ocrx_word' id='word_1_117' title='bbox 3410 1108 3603 1162; x_wconf 88' lang='lat' dir='ltr'><strong>titulos</strong></span> <span class='ocrx_word' id='word_1_118' title='bbox 3636 1118 3689 1161; x_wconf 91' lang='lat' dir='ltr'><strong>et</strong></span> <span class='ocrx_word' id='word_1_119' title='bbox 3727 1106 3881 1158; x_wconf 84' lang='lat' dir='ltr'><strong>initia</strong></span> <span class='ocrx_word' id='word_1_120' title='bbox 3919 1106 4025 1165; x_wconf 89' lang='lat' dir='ltr'><strong>ibi.</strong></span> 
     </span>
    </p>
   </div>
   <div class='ocr_carea' id='block_1_11' title="bbox 741 1190 1402 1258">
    <p class='ocr_par' dir='ltr' id='par_1_11' title="bbox 741 1190 1402 1258">
     <span class='ocr_line' id='line_1_11' title="bbox 741 1190 1402 1258; baseline 0.008 -19"><span class='ocrx_word' id='word_1_121' title='bbox 741 1190 785 1242; x_wconf 72' lang='lat' dir='ltr'><strong>si</strong></span> <span class='ocrx_word' id='word_1_122' title='bbox 818 1191 1016 1258; x_wconf 55' lang='lat' dir='ltr'><strong>placet.</strong></span> <span class='ocrx_word' id='word_1_123' title='bbox 1054 1192 1193 1242; x_wconf 79' lang='lat' dir='ltr'><strong>vide.</strong></span> <span class='ocrx_word' id='word_1_124' title='bbox 1233 1190 1402 1244; x_wconf 68' lang='lat' dir='ltr'><strong>Faea.</strong></span> 
     </span>
    </p>
   </div>
   <div class='ocr_carea' id='block_1_12' title="bbox 814 1280 4028 1352">
    <p class='ocr_par' dir='ltr' id='par_1_12' title="bbox 814 1280 4028 1352">
     <span class='ocr_line' id='line_1_12' title="bbox 814 1280 4028 1352; baseline 0.002 -23"><span class='ocrx_word' id='word_1_125' title='bbox 814 1280 971 1345; x_wconf 73' lang='lat' dir='ltr'><strong>Atqui</strong></span> <span class='ocrx_word' id='word_1_126' title='bbox 1008 1280 1057 1330; x_wconf 93' lang='lat' dir='ltr'><strong>iu</strong></span> <span class='ocrx_word' id='word_1_127' title='bbox 1097 1280 1339 1345; x_wconf 84' lang='lat' dir='ltr'><strong>pluribus</strong></span> <span class='ocrx_word' id='word_1_128' title='bbox 1382 1280 1725 1334; x_wconf 80' lang='lat' dir='ltr'><strong>bibliothecis</strong></span> <span class='ocrx_word' id='word_1_129' title='bbox 1770 1294 1987 1337; x_wconf 60' lang='lat' dir='ltr'><strong>etstare</strong></span> <span class='ocrx_word' id='word_1_130' title='bbox 2030 1284 2377 1352; x_wconf 67' lang='lat' dir='ltr'><strong>Theotihanis</strong></span> <span class='ocrx_word' id='word_1_131' title='bbox 2410 1287 2658 1340; x_wconf 84' lang='lat' dir='ltr'><strong>bomilias</strong></span> <span class='ocrx_word' id='word_1_132' title='bbox 2694 1302 2823 1343; x_wconf 70' lang='lat' dir='ltr'><strong>mss.</strong></span> <span class='ocrx_word' id='word_1_133' title='bbox 2854 1292 2909 1341; x_wconf 88' lang='lat' dir='ltr'><strong>in</strong></span> <span class='ocrx_word' id='word_1_134' title='bbox 2941 1290 3028 1344; x_wconf 90' lang='lat' dir='ltr'><strong>his</strong></span> <span class='ocrx_word' id='word_1_135' title='bbox 3057 1291 3317 1351; x_wconf 75' lang='lat' dir='ltr'><strong>ineditas,</strong></span> <span class='ocrx_word' id='word_1_136' title='bbox 3351 1287 3516 1340; x_wconf 83' lang='lat' dir='ltr'><strong>hodie</strong></span> <span class='ocrx_word' id='word_1_137' title='bbox 3559 1292 3796 1337; x_wconf 86' lang='lat' dir='ltr'><strong>constat.</strong></span> <span class='ocrx_word' id='word_1_138' title='bbox 3834 1282 4028 1335; x_wconf 76' lang='lat' dir='ltr'><strong>Enim-</strong></span> 
     </span>
    </p>
   </div>
   <div class='ocr_carea' id='block_1_13' title="bbox 739 1369 4024 1445">
    <p class='ocr_par' dir='ltr' id='par_1_13' title="bbox 739 1369 4024 1445">
     <span class='ocr_line' id='line_1_13' title="bbox 739 1369 4024 1445; baseline 0.002 -25"><span class='ocrx_word' id='word_1_139' title='bbox 739 1382 869 1420; x_wconf 71' lang='lat' dir='ltr'><strong>vero</strong></span> <span class='ocrx_word' id='word_1_140' title='bbox 925 1369 976 1421; x_wconf 91' lang='lat' dir='ltr'><strong>in</strong></span> <span class='ocrx_word' id='word_1_141' title='bbox 1031 1369 1220 1436; x_wconf 86' lang='lat' dir='ltr'><strong>paucis</strong></span> <span class='ocrx_word' id='word_1_142' title='bbox 1266 1370 1406 1423; x_wconf 86' lang='lat' dir='ltr'><strong>idem</strong></span> <span class='ocrx_word' id='word_1_143' title='bbox 1459 1370 1593 1422; x_wconf 85' lang='lat' dir='ltr'><strong>ordo</strong></span> <span class='ocrx_word' id='word_1_144' title='bbox 1630 1381 1903 1433; x_wconf 78' lang='lat' dir='ltr'><strong>servatur,</strong></span> <span class='ocrx_word' id='word_1_145' title='bbox 1955 1373 2029 1424; x_wconf 89' lang='lat' dir='ltr'><strong>uti</strong></span> <span class='ocrx_word' id='word_1_146' title='bbox 2066 1373 2332 1426; x_wconf 84' lang='lat' dir='ltr'><strong>interdum</strong></span> <span class='ocrx_word' id='word_1_147' title='bbox 2371 1390 2397 1425; x_wconf 88' lang='lat' dir='ltr'><strong>a</strong></span> <span class='ocrx_word' id='word_1_148' title='bbox 2433 1374 2800 1445; x_wconf 74' lang='lat' dir='ltr'><strong>catalogorum</strong></span> <span class='ocrx_word' id='word_1_149' title='bbox 2834 1378 3260 1441; x_wconf 74' lang='lat' dir='ltr'><strong>coniectoribus,</strong></span> <span class='ocrx_word' id='word_1_150' title='bbox 3314 1379 3380 1431; x_wconf 92' lang='lat' dir='ltr'><strong>ad</strong></span> <span class='ocrx_word' id='word_1_151' title='bbox 3426 1390 3563 1444; x_wconf 87' lang='lat' dir='ltr'><strong>quos</strong></span> <span class='ocrx_word' id='word_1_152' title='bbox 3602 1375 3834 1427; x_wconf 80' lang='lat' dir='ltr'><strong>lectores</strong></span> <span class='ocrx_word' id='word_1_153' title='bbox 3865 1371 4024 1426; x_wconf 84' lang='lat' dir='ltr'><strong>able-</strong></span> 
     </span>
    </p>
   </div>
   <div class='ocr_carea' id='block_1_14' title="bbox 738 1459 3435 1534">
    <p class='ocr_par' dir='ltr' id='par_1_14' title="bbox 738 1459 3435 1534">
     <span class='ocr_line' id='line_1_14' title="bbox 738 1459 3435 1534; baseline 0.004 -26"><span class='ocrx_word' id='word_1_154' title='bbox 738 1459 972 1523; x_wconf 74' lang='lat' dir='ltr'><strong>gaudum</strong></span> <span class='ocrx_word' id='word_1_155' title='bbox 1015 1459 1145 1511; x_wconf 89' lang='lat' dir='ltr'><strong>mihi</strong></span> <span class='ocrx_word' id='word_1_156' title='bbox 1182 1468 1287 1522; x_wconf 86' lang='lat' dir='ltr'><strong>est,</strong></span> <span class='ocrx_word' id='word_1_157' title='bbox 1315 1459 1743 1513; x_wconf 84' lang='lat' dir='ltr'><strong>demonstratum</strong></span> <span class='ocrx_word' id='word_1_158' title='bbox 1774 1476 1915 1523; x_wconf 82' lang='lat' dir='ltr'><strong>esse,</strong></span> <span class='ocrx_word' id='word_1_159' title='bbox 1964 1463 2147 1528; x_wconf 78' lang='lat' dir='ltr'><strong>paucis</strong></span> <span class='ocrx_word' id='word_1_160' title='bbox 2178 1462 2427 1515; x_wconf 87' lang='lat' dir='ltr'><strong>monebo.</strong></span> <span class='ocrx_word' id='word_1_161' title='bbox 2473 1463 2550 1517; x_wconf 86' lang='lat' dir='ltr'><strong>En</strong></span> <span class='ocrx_word' id='word_1_162' title='bbox 2584 1465 2829 1518; x_wconf 85' lang='lat' dir='ltr'><strong>codicum</strong></span> <span class='ocrx_word' id='word_1_163' title='bbox 2866 1466 3130 1534; x_wconf 78' lang='lat' dir='ltr'><strong>ejusmodi</strong></span> <span class='ocrx_word' id='word_1_164' title='bbox 3164 1466 3435 1519; x_wconf 76' lang='lat' dir='ltr'><strong>notitiam.</strong></span> 
     </span>
    </p>
   </div>
   <div class='ocr_carea' id='block_1_15' title="bbox 814 1546 4023 1622">
    <p class='ocr_par' dir='ltr' id='par_1_15' title="bbox 814 1546 4023 1622">
     <span class='ocr_line' id='line_1_15' title="bbox 814 1546 4023 1622; baseline 0.002 -25"><span class='ocrx_word' id='word_1_165' title='bbox 814 1546 1058 1601; x_wconf 77' lang='lat' dir='ltr'><strong>Venetiis</strong></span> <span class='ocrx_word' id='word_1_166' title='bbox 1093 1550 1142 1599; x_wconf 92' lang='lat' dir='ltr'><strong>iu</strong></span> <span class='ocrx_word' id='word_1_167' title='bbox 1176 1550 1331 1602; x_wconf 88' lang='lat' dir='ltr'><strong>codd.</strong></span> <span class='ocrx_word' id='word_1_168' title='bbox 1392 1547 1637 1603; x_wconf 78' lang='lat' dir='ltr'><strong>Nauiano</strong></span> <span class='ocrx_word' id='word_1_169' title='bbox 1670 1549 1757 1613; x_wconf 86' lang='lat'><strong>66,</strong></span> <span class='ocrx_word' id='word_1_170' title='bbox 1812 1550 1998 1603; x_wconf 92' lang='lat' dir='ltr'><strong>homil.</strong></span> <span class='ocrx_word' id='word_1_171' title='bbox 2053 1552 2121 1604; x_wconf 84' lang='grc'><strong>55</strong></span> <span class='ocrx_word' id='word_1_172' title='bbox 2178 1553 2292 1617; x_wconf 74' lang='lat' dir='ltr'><strong>(sed</strong></span> <span class='ocrx_word' id='word_1_173' title='bbox 2348 1551 2469 1604; x_wconf 61' lang='lat' dir='ltr'><strong>dua:</strong></span> <span class='ocrx_word' id='word_1_174' title='bbox 2503 1553 2688 1619; x_wconf 69' lang='lat' dir='ltr'><strong>prima:</strong></span> <span class='ocrx_word' id='word_1_175' title='bbox 2718 1554 3145 1622; x_wconf 78' lang='lat' dir='ltr'><strong>desiderantur),</strong></span> <span class='ocrx_word' id='word_1_176' title='bbox 3191 1565 3246 1608; x_wconf 84' lang='lat' dir='ltr'><strong>et</strong></span> <span class='ocrx_word' id='word_1_177' title='bbox 3279 1554 3368 1619; x_wconf 80' lang='lat'><strong>89,</strong></span> <span class='ocrx_word' id='word_1_178' title='bbox 3402 1554 3595 1608; x_wconf 88' lang='lat' dir='ltr'><strong>homil.</strong></span> <span class='ocrx_word' id='word_1_179' title='bbox 3632 1554 3722 1615; x_wconf 69' lang='grc'>41,</span> <span class='ocrx_word' id='word_1_180' title='bbox 3780 1565 4023 1621; x_wconf 85' lang='lat' dir='ltr'><strong>quarum</strong></span> 
     </span>
    </p>
   </div>
   <div class='ocr_carea' id='block_1_16' title="bbox 737 1634 3456 1713">
    <p class='ocr_par' dir='ltr' id='par_1_16' title="bbox 737 1634 3456 1713">
     <span class='ocr_line' id='line_1_16' title="bbox 737 1634 3456 1713; baseline 0.004 -27"><span class='ocrx_word' id='word_1_181' title='bbox 737 1636 933 1688; x_wconf 81' lang='lat' dir='ltr'><strong>seriem</strong></span> <span class='ocrx_word' id='word_1_182' title='bbox 962 1646 1013 1687; x_wconf 88' lang='lat' dir='ltr'><strong>et</strong></span> <span class='ocrx_word' id='word_1_183' title='bbox 1044 1634 1401 1690; x_wconf 80' lang='lat' dir='ltr'><strong>diﬂ‘erentiam</strong></span> <span class='ocrx_word' id='word_1_184' title='bbox 1430 1641 1497 1689; x_wconf 87' lang='lat' dir='ltr'><strong>ab</strong></span> <span class='ocrx_word' id='word_1_185' title='bbox 1533 1637 1691 1690; x_wconf 83' lang='lat' dir='ltr'><strong>editis</strong></span> <span class='ocrx_word' id='word_1_186' title='bbox 1716 1638 1872 1689; x_wconf 72' lang='lat' dir='ltr'><strong>doct-t</strong></span> <span class='ocrx_word' id='word_1_187' title='bbox 1897 1649 2088 1691; x_wconf 83' lang='lat' dir='ltr'><strong>auctor</strong></span> <span class='ocrx_word' id='word_1_188' title='bbox 2116 1648 2225 1693; x_wconf 85' lang='lat' dir='ltr'><strong>cat.</strong></span> <span class='ocrx_word' id='word_1_189' title='bbox 2258 1639 2415 1692; x_wconf 91' lang='lat' dir='ltr'><strong>codd.</strong></span> <span class='ocrx_word' id='word_1_190' title='bbox 2441 1639 2535 1692; x_wconf 89' lang='lat' dir='ltr'><strong>Gr.</strong></span> <span class='ocrx_word' id='word_1_191' title='bbox 2568 1640 2705 1695; x_wconf 85' lang='lat' dir='ltr'><strong>Nan.</strong></span> <span class='ocrx_word' id='word_1_192' title='bbox 2733 1657 2785 1710; x_wconf 90' lang='lat' dir='ltr'><strong>p.</strong></span> <span class='ocrx_word' id='word_1_193' title='bbox 2820 1644 2920 1698; x_wconf 87' lang='grc'>118</span> <span class='ocrx_word' id='word_1_194' title='bbox 2954 1658 3074 1712; x_wconf 90' lang='lat' dir='ltr'><strong>sqq.</strong></span> <span class='ocrx_word' id='word_1_195' title='bbox 3108 1654 3160 1697; x_wconf 90' lang='lat' dir='ltr'><strong>et</strong></span> <span class='ocrx_word' id='word_1_196' title='bbox 3195 1644 3296 1698; x_wconf 82' lang='grc'>170</span> <span class='ocrx_word' id='word_1_197' title='bbox 3334 1659 3456 1713; x_wconf 88' lang='lat' dir='ltr'><strong>sqq.</strong></span> 
     </span>
    </p>
   </div>
   <div class='ocr_carea' id='block_1_17' title="bbox 808 1720 4021 1796">
    <p class='ocr_par' dir='ltr' id='par_1_17' title="bbox 808 1720 4021 1796">
     <span class='ocr_line' id='line_1_17' title="bbox 808 1720 4021 1796; baseline 0.002 -24"><span class='ocrx_word' id='word_1_198' title='bbox 808 1720 1034 1774; x_wconf 83' lang='lat' dir='ltr'><strong>Taurini</strong></span> <span class='ocrx_word' id='word_1_199' title='bbox 1064 1722 1115 1775; x_wconf 85' lang='lat' dir='ltr'><strong>in</strong></span> <span class='ocrx_word' id='word_1_200' title='bbox 1148 1722 1267 1776; x_wconf 85' lang='lat' dir='ltr'><strong>cod.</strong></span> <span class='ocrx_word' id='word_1_201' title='bbox 1309 1724 1455 1791; x_wconf 79' lang='lat' dir='ltr'><strong>regio</strong></span> <span class='ocrx_word' id='word_1_202' title='bbox 1485 1722 1611 1786; x_wconf 74' lang='grc'>212,</span> <span class='ocrx_word' id='word_1_203' title='bbox 1648 1723 1739 1777; x_wconf 84' lang='lat' dir='ltr'><strong>fol.</strong></span> <span class='ocrx_word' id='word_1_204' title='bbox 1772 1724 1998 1788; x_wconf 71' lang='lat'><strong>57-256,</strong></span> <span class='ocrx_word' id='word_1_205' title='bbox 2030 1724 2290 1787; x_wconf 71' lang='lat' dir='ltr'><strong>homilite,</strong></span> <span class='ocrx_word' id='word_1_206' title='bbox 2334 1734 2389 1777; x_wconf 88' lang='lat' dir='ltr'><strong>at</strong></span> <span class='ocrx_word' id='word_1_207' title='bbox 2420 1726 2611 1779; x_wconf 88' lang='lat' dir='ltr'><strong>ordine</strong></span> <span class='ocrx_word' id='word_1_208' title='bbox 2637 1728 2704 1781; x_wconf 87' lang='lat' dir='ltr'><strong>ab</strong></span> <span class='ocrx_word' id='word_1_209' title='bbox 2738 1730 2897 1781; x_wconf 79' lang='lat' dir='ltr'><strong>editis</strong></span> <span class='ocrx_word' id='word_1_210' title='bbox 2934 1746 3155 1795; x_wconf 83' lang='lat' dir='ltr'><strong>prorsus</strong></span> <span class='ocrx_word' id='word_1_211' title='bbox 3202 1730 3452 1791; x_wconf 80' lang='lat' dir='ltr'><strong>diverso;</strong></span> <span class='ocrx_word' id='word_1_212' title='bbox 3488 1729 3538 1781; x_wconf 91' lang='lat' dir='ltr'><strong>iu</strong></span> <span class='ocrx_word' id='word_1_213' title='bbox 3566 1729 3864 1796; x_wconf 80' lang='lat' dir='ltr'><strong>eodemque</strong></span> <span class='ocrx_word' id='word_1_214' title='bbox 3890 1727 4021 1777; x_wconf 84' lang='lat' dir='ltr'><strong>cod.</strong></span> 
     </span>
    </p>
   </div>
   <div class='ocr_carea' id='block_1_18' title="bbox 735 1809 2382 1885">
    <p class='ocr_par' dir='ltr' id='par_1_18' title="bbox 735 1809 2382 1881">
     <span class='ocr_line' id='line_1_18' title="bbox 735 1809 2382 1881; baseline 0.003 -20"><span class='ocrx_word' id='word_1_215' title='bbox 735 1809 826 1863; x_wconf 74' lang='lat' dir='ltr'><strong>fol.</strong></span> <span class='ocrx_word' id='word_1_216' title='bbox 865 1811 885 1863; x_wconf 89' lang='grc'><strong>1</strong></span> <span class='ocrx_word' id='word_1_217' title='bbox 922 1826 1041 1878; x_wconf 80' lang='lat' dir='ltr'><strong>sqq.</strong></span> <span class='ocrx_word' id='word_1_218' title='bbox 1076 1810 1324 1879; x_wconf 86' lang='lat' dir='ltr'><strong>leguntur</strong></span> <span class='ocrx_word' id='word_1_219' title='bbox 1380 1811 1479 1865; x_wconf 80' lang='lat' dir='ltr'><strong>sub</strong></span> <span class='ocrx_word' id='word_1_220' title='bbox 1507 1811 1685 1873; x_wconf 87' lang='lat' dir='ltr'><strong>titulo,</strong></span> <span class='ocrx_word' id='word_1_221' title='bbox 1733 1812 1827 1863; x_wconf 84' lang='grc' dir='ltr'><strong>Ἐκ</strong></span> <span class='ocrx_word' id='word_1_222' title='bbox 1854 1812 1963 1863; x_wconf 81' lang='grc' dir='ltr'><strong>τῶν</strong></span> <span class='ocrx_word' id='word_1_223' title='bbox 1995 1812 2329 1881; x_wconf 74' lang='grc' dir='ltr'><strong>ζητημάτων</strong></span> <span class='ocrx_word' id='word_1_224' title='bbox 2354 1831 2382 1866; x_wconf 82' lang='grc' dir='ltr'>κ</span> 
     </span>
    </p>
   </div>
   <div class='ocr_carea' id='block_1_19' title="bbox 2375 1809 4022 1885">
    <p class='ocr_par' dir='ltr' id='par_1_19' title="bbox 2375 1813 4022 1885">
     <span class='ocr_line' id='line_1_19' title="bbox 2375 1813 4022 1885; baseline -0.002 -19"><span class='ocrx_word' id='word_1_225' title='bbox 2375 1814 2444 1866; x_wconf 67' lang='lat' dir='ltr'><strong>tul.</strong></span> <span class='ocrx_word' id='word_1_226' title='bbox 2495 1815 2801 1868; x_wconf 80' lang='grc' dir='ltr'><strong>ἑπιλύσεων</strong></span> <span class='ocrx_word' id='word_1_227' title='bbox 2849 1816 3159 1883; x_wconf 67' lang='grc' dir='ltr'><strong>Θεοφάνους</strong></span> <span class='ocrx_word' id='word_1_228' title='bbox 3209 1818 3516 1885; x_wconf 72' lang='grc' dir='ltr'><strong>Κεραμέως</strong></span> <span class='ocrx_word' id='word_1_229' title='bbox 3564 1819 3658 1868; x_wconf 73' lang='grc' dir='ltr'>καὶ</span> <span class='ocrx_word' id='word_1_230' title='bbox 3720 1813 4022 1867; x_wconf 71' lang='grc' dir='ltr'><strong>Ἰουστίνου</strong></span> 
     </span>
    </p>
   </div>
   <div class='ocr_carea' id='block_1_20' title="bbox 735 1900 4023 1972">
    <p class='ocr_par' dir='ltr' id='par_1_20' title="bbox 735 1900 4023 1972">
     <span class='ocr_line' id='line_1_20' title="bbox 735 1900 4023 1972; baseline -0 -20"><span class='ocrx_word' id='word_1_231' title='bbox 735 1902 1051 1969; x_wconf 57' lang='grc' dir='ltr'><strong>φιλοσόφου.</strong></span> <span class='ocrx_word' id='word_1_232' title='bbox 1094 1900 1177 1955; x_wconf 78' lang='lat' dir='ltr'><strong>Ea:</strong></span> <span class='ocrx_word' id='word_1_233' title='bbox 1209 1902 1588 1969; x_wconf 79' lang='lat' dir='ltr'><strong>qumstionibus</strong></span> <span class='ocrx_word' id='word_1_234' title='bbox 1626 1913 1671 1956; x_wconf 85' lang='lat' dir='ltr'><strong>et</strong></span> <span class='ocrx_word' id='word_1_235' title='bbox 1695 1903 2047 1956; x_wconf 80' lang='lat' dir='ltr'><strong>solutionibus</strong></span> <span class='ocrx_word' id='word_1_236' title='bbox 2075 1903 2404 1972; x_wconf 76' lang='lat' dir='ltr'><strong>Theophanis</strong></span> <span class='ocrx_word' id='word_1_237' title='bbox 2429 1905 2666 1959; x_wconf 87' lang='lat' dir='ltr'><strong>Ceramei</strong></span> <span class='ocrx_word' id='word_1_238' title='bbox 2703 1914 2751 1958; x_wconf 85' lang='lat' dir='ltr'><strong>et</strong></span> <span class='ocrx_word' id='word_1_239' title='bbox 2784 1903 2986 1958; x_wconf 78' lang='lat' dir='ltr'><strong>Justini</strong></span> <span class='ocrx_word' id='word_1_240' title='bbox 3018 1905 3335 1971; x_wconf 77' lang='lat' dir='ltr'><strong>philosophi,</strong></span> <span class='ocrx_word' id='word_1_241' title='bbox 3373 1905 3653 1971; x_wconf 73' lang='lat' dir='ltr'><strong>sexaginta</strong></span> <span class='ocrx_word' id='word_1_242' title='bbox 3679 1902 3839 1971; x_wconf 75' lang='lat' dir='ltr'><strong>ferme</strong></span> <span class='ocrx_word' id='word_1_243' title='bbox 3866 1917 4023 1970; x_wconf 70' lang='lat' dir='ltr'><strong>qum-</strong></span> 
     </span>
    </p>
   </div>
   <div class='ocr_carea' id='block_1_21' title="bbox 742 1989 4021 2064">
    <p class='ocr_par' dir='ltr' id='par_1_21' title="bbox 742 1989 4021 2064">
     <span class='ocr_line' id='line_1_21' title="bbox 742 1989 4021 2064; baseline -0.002 -17"><span class='ocrx_word' id='word_1_244' title='bbox 742 1996 939 2047; x_wconf 77' lang='lat' dir='ltr'><strong>stioncs</strong></span> <span class='ocrx_word' id='word_1_245' title='bbox 979 1993 1115 2046; x_wconf 83' lang='lat' dir='ltr'><strong>varii</strong></span> <span class='ocrx_word' id='word_1_246' title='bbox 1159 1993 1461 2064; x_wconf 76' lang='lat' dir='ltr'><strong>argumenti</strong></span> <span class='ocrx_word' id='word_1_247' title='bbox 1496 1995 1547 2046; x_wconf 93' lang='lat' dir='ltr'><strong>in</strong></span> <span class='ocrx_word' id='word_1_248' title='bbox 1582 2009 1793 2048; x_wconf 76' lang='lat' dir='ltr'><strong>sacram</strong></span> <span class='ocrx_word' id='word_1_249' title='bbox 1830 1993 2198 2064; x_wconf 72' lang='lat' dir='ltr'><strong>Seripturam,</strong></span> <span class='ocrx_word' id='word_1_250' title='bbox 2231 1997 2297 2048; x_wconf 88' lang='lat' dir='ltr'><strong>de</strong></span> <span class='ocrx_word' id='word_1_251' title='bbox 2328 1996 2521 2062; x_wconf 88' lang='lat' dir='ltr'><strong>quibus</strong></span> <span class='ocrx_word' id='word_1_252' title='bbox 2544 1994 2803 2063; x_wconf 86' lang='lat' dir='ltr'><strong>quoniam</strong></span> <span class='ocrx_word' id='word_1_253' title='bbox 2839 1994 2980 2046; x_wconf 86' lang='lat' dir='ltr'><strong>nulla</strong></span> <span class='ocrx_word' id='word_1_254' title='bbox 3014 1992 3155 2047; x_wconf 82' lang='lat' dir='ltr'><strong>facta</strong></span> <span class='ocrx_word' id='word_1_255' title='bbox 3197 2006 3279 2046; x_wconf 74' lang='grc' dir='ltr'><strong>ρει</strong></span> <span class='ocrx_word' id='word_1_256' title='bbox 3312 1994 3515 2046; x_wconf 88' lang='lat' dir='ltr'><strong>mentio</strong></span> <span class='ocrx_word' id='word_1_257' title='bbox 3548 2002 3642 2044; x_wconf 87' lang='lat' dir='ltr'><strong>aut</strong></span> <span class='ocrx_word' id='word_1_258' title='bbox 3680 1991 3748 2043; x_wconf 87' lang='lat' dir='ltr'><strong>ab</strong></span> <span class='ocrx_word' id='word_1_259' title='bbox 3774 1989 4021 2044; x_wconf 83' lang='lat' dir='ltr'><strong>Oudinn.</strong></span> 
     </span>
    </p>
   </div>
   <div class='ocr_carea' id='block_1_22' title="bbox 742 2078 4021 2151">
    <p class='ocr_par' dir='ltr' id='par_1_22' title="bbox 742 2078 4021 2151">
     <span class='ocr_line' id='line_1_22' title="bbox 742 2078 4021 2151; baseline -0.001 -18"><span class='ocrx_word' id='word_1_260' title='bbox 742 2091 835 2135; x_wconf 84' lang='lat' dir='ltr'><strong>aut</strong></span> <span class='ocrx_word' id='word_1_261' title='bbox 862 2096 888 2133; x_wconf 89' lang='lat' dir='ltr'><strong>a</strong></span> <span class='ocrx_word' id='word_1_262' title='bbox 924 2081 1198 2143; x_wconf 86' lang='lat' dir='ltr'><strong>Fabricio,</strong></span> <span class='ocrx_word' id='word_1_263' title='bbox 1249 2090 1340 2134; x_wconf 91' lang='lat' dir='ltr'><strong>aut</strong></span> <span class='ocrx_word' id='word_1_264' title='bbox 1377 2082 1445 2135; x_wconf 85' lang='lat' dir='ltr'><strong>ab</strong></span> <span class='ocrx_word' id='word_1_265' title='bbox 1486 2081 1609 2134; x_wconf 87' lang='lat' dir='ltr'><strong>aliis</strong></span> <span class='ocrx_word' id='word_1_266' title='bbox 1641 2083 1731 2149; x_wconf 89' lang='lat' dir='ltr'><strong>qui</strong></span> <span class='ocrx_word' id='word_1_267' title='bbox 1769 2084 1836 2135; x_wconf 88' lang='lat' dir='ltr'><strong>de</strong></span> <span class='ocrx_word' id='word_1_268' title='bbox 1868 2082 2203 2151; x_wconf 69' lang='lat' dir='ltr'><strong>Theophane</strong></span> <span class='ocrx_word' id='word_1_269' title='bbox 2245 2082 2546 2145; x_wconf 89' lang='lat' dir='ltr'><strong>disserunt,</strong></span> <span class='ocrx_word' id='word_1_270' title='bbox 2580 2082 2863 2136; x_wconf 78' lang='lat' dir='ltr'><strong>confector</strong></span> <span class='ocrx_word' id='word_1_271' title='bbox 2893 2082 3056 2134; x_wconf 90' lang='lat' dir='ltr'><strong>catal.</strong></span> <span class='ocrx_word' id='word_1_272' title='bbox 3106 2082 3265 2135; x_wconf 81' lang='lat' dir='ltr'><strong>codd.</strong></span> <span class='ocrx_word' id='word_1_273' title='bbox 3315 2081 3412 2134; x_wconf 88' lang='lat' dir='ltr'><strong>Gr.</strong></span> <span class='ocrx_word' id='word_1_274' title='bbox 3467 2080 3720 2141; x_wconf 84' lang='lat' dir='ltr'><strong>Taurin.,</strong></span> <span class='ocrx_word' id='word_1_275' title='bbox 3773 2094 3827 2144; x_wconf 91' lang='lat' dir='ltr'><strong>p.</strong></span> <span class='ocrx_word' id='word_1_276' title='bbox 3883 2078 4021 2137; x_wconf 84' lang='grc'>511,</span> 
     </span>
    </p>
   </div>
   <div class='ocr_carea' id='block_1_23' title="bbox 733 2168 4018 2241">
    <p class='ocr_par' dir='ltr' id='par_1_23' title="bbox 733 2168 4018 2241">
     <span class='ocr_line' id='line_1_23' title="bbox 733 2168 4018 2241; baseline -0.002 -19"><span class='ocrx_word' id='word_1_277' title='bbox 733 2172 1053 2237; x_wconf 86' lang='lat' dir='ltr'><strong>spectminis</strong></span> <span class='ocrx_word' id='word_1_278' title='bbox 1086 2171 1205 2224; x_wconf 91' lang='lat' dir='ltr'><strong>loco</strong></span> <span class='ocrx_word' id='word_1_279' title='bbox 1234 2171 1466 2239; x_wconf 81' lang='lat' dir='ltr'><strong>primam</strong></span> <span class='ocrx_word' id='word_1_280' title='bbox 1493 2170 1843 2240; x_wconf 78' lang='lat' dir='ltr'><strong>Theophanis</strong></span> <span class='ocrx_word' id='word_1_281' title='bbox 1866 2172 2223 2241; x_wconf 72' lang='lat' dir='ltr'><strong>quzestionem</strong></span> <span class='ocrx_word' id='word_1_282' title='bbox 2249 2170 2345 2225; x_wconf 86' lang='lat' dir='ltr'><strong>Gr.</strong></span> <span class='ocrx_word' id='word_1_283' title='bbox 2373 2187 2493 2224; x_wconf 90' lang='lat' dir='ltr'><strong>cum</strong></span> <span class='ocrx_word' id='word_1_284' title='bbox 2519 2173 2771 2225; x_wconf 78' lang='lat' dir='ltr'><strong>versione</strong></span> <span class='ocrx_word' id='word_1_285' title='bbox 2801 2169 2919 2223; x_wconf 87' lang='lat' dir='ltr'><strong>Lat.</strong></span> <span class='ocrx_word' id='word_1_286' title='bbox 2951 2171 3004 2222; x_wconf 93' lang='lat' dir='ltr'><strong>iu</strong></span> <span class='ocrx_word' id='word_1_287' title='bbox 3034 2170 3204 2223; x_wconf 89' lang='lat' dir='ltr'><strong>lucem</strong></span> <span class='ocrx_word' id='word_1_288' title='bbox 3243 2170 3485 2237; x_wconf 84' lang='lat' dir='ltr'><strong>protulit.</strong></span> <span class='ocrx_word' id='word_1_289' title='bbox 3518 2198 3587 2207; x_wconf 93' lang='lat'><strong>—</strong></span> <span class='ocrx_word' id='word_1_290' title='bbox 3622 2168 3755 2220; x_wconf 90' lang='lat' dir='ltr'><strong>Ibid.</strong></span> <span class='ocrx_word' id='word_1_291' title='bbox 3792 2168 3845 2220; x_wconf 90' lang='lat' dir='ltr'><strong>in</strong></span> <span class='ocrx_word' id='word_1_292' title='bbox 3882 2168 4018 2220; x_wconf 85' lang='lat' dir='ltr'><strong>cod.</strong></span> 
     </span>
    </p>
   </div>
   <div class='ocr_carea' id='block_1_24' title="bbox 730 2254 4018 2329">
    <p class='ocr_par' dir='ltr' id='par_1_24' title="bbox 730 2254 4018 2329">
     <span class='ocr_line' id='line_1_24' title="bbox 730 2254 4018 2329; baseline -0.001 -18"><span class='ocrx_word' id='word_1_293' title='bbox 730 2259 857 2320; x_wconf 80' lang='grc'>519,</span> <span class='ocrx_word' id='word_1_294' title='bbox 896 2259 988 2313; x_wconf 82' lang='lat' dir='ltr'><strong>fol.</strong></span> <span class='ocrx_word' id='word_1_295' title='bbox 1028 2260 1094 2314; x_wconf 95' lang='grc'><strong>10</strong></span> <span class='ocrx_word' id='word_1_296' title='bbox 1148 2274 1268 2327; x_wconf 89' lang='lat' dir='ltr'><strong>sqq.</strong></span> <span class='ocrx_word' id='word_1_297' title='bbox 1306 2258 1558 2329; x_wconf 82' lang='lat' dir='ltr'><strong>Theoph.</strong></span> <span class='ocrx_word' id='word_1_298' title='bbox 1598 2260 1855 2322; x_wconf 78' lang='lat' dir='ltr'><strong>homiliae,</strong></span> <span class='ocrx_word' id='word_1_299' title='bbox 1894 2261 2095 2313; x_wconf 71' lang='lat' dir='ltr'><strong>eaedem</strong></span> <span class='ocrx_word' id='word_1_300' title='bbox 2134 2274 2253 2329; x_wconf 72' lang='lat' dir='ltr'><strong>quae</strong></span> <span class='ocrx_word' id='word_1_301' title='bbox 2282 2260 2442 2314; x_wconf 57' lang='lat' dir='ltr'><strong>edita!</strong></span> <span class='ocrx_word' id='word_1_302' title='bbox 2473 2269 2618 2314; x_wconf 91' lang='lat' dir='ltr'><strong>sunt.</strong></span> <span class='ocrx_word' id='word_1_303' title='bbox 2667 2261 2732 2313; x_wconf 63' lang='grc' dir='ltr'><strong>Υ.</strong></span> <span class='ocrx_word' id='word_1_304' title='bbox 2768 2270 2874 2313; x_wconf 87' lang='lat' dir='ltr'><strong>cat.</strong></span> <span class='ocrx_word' id='word_1_305' title='bbox 2913 2260 3006 2311; x_wconf 86' lang='lat' dir='ltr'><strong>cit.</strong></span> <span class='ocrx_word' id='word_1_306' title='bbox 3047 2276 3099 2324; x_wconf 90' lang='lat' dir='ltr'><strong>p.</strong></span> <span class='ocrx_word' id='word_1_307' title='bbox 3152 2258 3278 2313; x_wconf 86' lang='grc'>598.</span> <span class='ocrx_word' id='word_1_308' title='bbox 3324 2289 3394 2297; x_wconf 93' lang='grc'><strong><em>-</em></strong></span> <span class='ocrx_word' id='word_1_309' title='bbox 3448 2257 3581 2312; x_wconf 88' lang='lat' dir='ltr'><strong>Ibid.</strong></span> <span class='ocrx_word' id='word_1_310' title='bbox 3637 2259 3689 2310; x_wconf 92' lang='lat' dir='ltr'><strong>in</strong></span> <span class='ocrx_word' id='word_1_311' title='bbox 3723 2258 3845 2310; x_wconf 88' lang='lat' dir='ltr'><strong>cod.</strong></span> <span class='ocrx_word' id='word_1_312' title='bbox 3880 2254 4018 2315; x_wconf 71' lang='lat'><strong>59.0,</strong></span> 
     </span>
    </p>
   </div>
   <div class='ocr_carea' id='block_1_25' title="bbox 729 2344 4020 2419">
    <p class='ocr_par' dir='ltr' id='par_1_25' title="bbox 729 2344 4020 2419">
     <span class='ocr_line' id='line_1_25' title="bbox 729 2344 4020 2419; baseline -0.001 -20"><span class='ocrx_word' id='word_1_313' title='bbox 729 2350 825 2402; x_wconf 82' lang='lat' dir='ltr'><strong>fol.</strong></span> <span class='ocrx_word' id='word_1_314' title='bbox 856 2348 909 2413; x_wconf 78' lang='grc'>4,</span> <span class='ocrx_word' id='word_1_315' title='bbox 946 2347 1175 2404; x_wconf 82' lang='lat' dir='ltr'><strong>Joannis</strong></span> <span class='ocrx_word' id='word_1_316' title='bbox 1208 2348 1325 2416; x_wconf 79' lang='lat' dir='ltr'><strong>(sic)</strong></span> <span class='ocrx_word' id='word_1_317' title='bbox 1379 2348 1626 2403; x_wconf 86' lang='lat' dir='ltr'><strong>Ceramei</strong></span> <span class='ocrx_word' id='word_1_318' title='bbox 1681 2348 1903 2402; x_wconf 89' lang='lat' dir='ltr'><strong>homilia</strong></span> <span class='ocrx_word' id='word_1_319' title='bbox 1938 2352 1992 2402; x_wconf 90' lang='lat' dir='ltr'><strong>in</strong></span> <span class='ocrx_word' id='word_1_320' title='bbox 2053 2349 2373 2419; x_wconf 80' lang='lat' dir='ltr'><strong>principium</strong></span> <span class='ocrx_word' id='word_1_321' title='bbox 2407 2348 2739 2411; x_wconf 71' lang='lat' dir='ltr'><strong>indictionis,</strong></span> <span class='ocrx_word' id='word_1_322' title='bbox 2778 2358 2833 2400; x_wconf 90' lang='lat' dir='ltr'><strong>et</strong></span> <span class='ocrx_word' id='word_1_323' title='bbox 2868 2347 2960 2402; x_wconf 78' lang='lat' dir='ltr'><strong>fol.</strong></span> <span class='ocrx_word' id='word_1_324' title='bbox 3012 2347 3117 2401; x_wconf 80' lang='grc'>185</span> <span class='ocrx_word' id='word_1_325' title='bbox 3147 2362 3271 2415; x_wconf 87' lang='lat' dir='ltr'><strong>sqq.</strong></span> <span class='ocrx_word' id='word_1_326' title='bbox 3320 2345 3550 2400; x_wconf 80' lang='lat' dir='ltr'><strong>Joannis</strong></span> <span class='ocrx_word' id='word_1_327' title='bbox 3600 2345 3721 2414; x_wconf 77' lang='lat' dir='ltr'><strong>(sic)</strong></span> <span class='ocrx_word' id='word_1_328' title='bbox 3758 2344 4020 2398; x_wconf 86' lang='lat' dir='ltr'><strong>Ceramei</strong></span> 
     </span>
    </p>
   </div>
   <div class='ocr_carea' id='block_1_26' title="bbox 734 2440 4019 2511">
    <p class='ocr_par' dir='ltr' id='par_1_26' title="bbox 734 2440 4019 2511">
     <span class='ocr_line' id='line_1_26' title="bbox 734 2440 4019 2511; baseline 0 -20"><span class='ocrx_word' id='word_1_329' title='bbox 734 2442 855 2495; x_wconf 67' lang='lat' dir='ltr'><strong>aliae</strong></span> <span class='ocrx_word' id='word_1_330' title='bbox 905 2441 1144 2495; x_wconf 60' lang='lat' dir='ltr'><strong>bomilias</strong></span> <span class='ocrx_word' id='word_1_331' title='bbox 1182 2442 1636 2510; x_wconf 68' lang='lat' dir='ltr'><strong>quattuordecim;</strong></span> <span class='ocrx_word' id='word_1_332' title='bbox 1690 2442 1939 2497; x_wconf 81' lang='lat' dir='ltr'><strong>ordinem</strong></span> <span class='ocrx_word' id='word_1_333' title='bbox 1991 2441 2071 2496; x_wconf 79' lang='lat' dir='ltr'><strong>ab</strong></span> <span class='ocrx_word' id='word_1_334' title='bbox 2109 2443 2270 2497; x_wconf 87' lang='lat' dir='ltr'><strong>editis</strong></span> <span class='ocrx_word' id='word_1_335' title='bbox 2326 2442 2601 2498; x_wconf 80' lang='lat' dir='ltr'><strong>diversum</strong></span> <span class='ocrx_word' id='word_1_336' title='bbox 2653 2442 3024 2511; x_wconf 85' lang='lat' dir='ltr'><strong>comparando</strong></span> <span class='ocrx_word' id='word_1_337' title='bbox 3068 2440 3309 2497; x_wconf 86' lang='lat' dir='ltr'><strong>ostendit</strong></span> <span class='ocrx_word' id='word_1_338' title='bbox 3364 2449 3557 2495; x_wconf 83' lang='lat' dir='ltr'><strong>auctor</strong></span> <span class='ocrx_word' id='word_1_339' title='bbox 3606 2450 3716 2493; x_wconf 84' lang='lat' dir='ltr'><strong>cat.</strong></span> <span class='ocrx_word' id='word_1_340' title='bbox 3778 2440 3895 2500; x_wconf 88' lang='lat' dir='ltr'><strong>cit.,</strong></span> <span class='ocrx_word' id='word_1_341' title='bbox 3959 2454 4019 2507; x_wconf 89' lang='lat' dir='ltr'><strong>p.</strong></span> 
     </span>
    </p>
   </div>
   <div class='ocr_carea' id='block_1_27' title="bbox 730 2530 952 2598">
    <p class='ocr_par' dir='ltr' id='par_1_27' title="bbox 730 2530 952 2598">
     <span class='ocr_line' id='line_1_27' title="bbox 730 2530 952 2598; baseline -0.014 -13"><span class='ocrx_word' id='word_1_342' title='bbox 730 2530 837 2585; x_wconf 78' lang='grc'><strong>599</strong></span> <span class='ocrx_word' id='word_1_343' title='bbox 869 2545 952 2598; x_wconf 89' lang='lat' dir='ltr'><strong>sq.</strong></span> 
     </span>
    </p>
   </div>
   <div class='ocr_carea' id='block_1_28' title="bbox 810 2611 4020 2690">
    <p class='ocr_par' dir='ltr' id='par_1_28' title="bbox 810 2611 4020 2690">
     <span class='ocr_line' id='line_1_28' title="bbox 810 2611 4020 2690; baseline -0 -17"><span class='ocrx_word' id='word_1_344' title='bbox 810 2620 991 2673; x_wconf 77' lang='lat' dir='ltr'><strong>Paris.</strong></span> <span class='ocrx_word' id='word_1_345' title='bbox 1030 2623 1079 2671; x_wconf 91' lang='lat' dir='ltr'><strong>iu</strong></span> <span class='ocrx_word' id='word_1_346' title='bbox 1123 2619 1252 2671; x_wconf 87' lang='lat' dir='ltr'><strong>bibl.</strong></span> <span class='ocrx_word' id='word_1_347' title='bbox 1289 2618 1436 2682; x_wconf 85' lang='lat' dir='ltr'><strong>pubi.</strong></span> <span class='ocrx_word' id='word_1_348' title='bbox 1464 2617 1621 2671; x_wconf 90' lang='lat' dir='ltr'><strong>codd.</strong></span> <span class='ocrx_word' id='word_1_349' title='bbox 1655 2618 1842 2671; x_wconf 87' lang='lat' dir='ltr'><strong>decem</strong></span> <span class='ocrx_word' id='word_1_350' title='bbox 1870 2628 1993 2672; x_wconf 89' lang='lat' dir='ltr'><strong>sunt</strong></span> <span class='ocrx_word' id='word_1_351' title='bbox 2029 2619 2301 2675; x_wconf 90' lang='lat' dir='ltr'><strong>interdum</strong></span> <span class='ocrx_word' id='word_1_352' title='bbox 2355 2620 2601 2690; x_wconf 68' lang='lat' dir='ltr'><strong>singulae,</strong></span> <span class='ocrx_word' id='word_1_353' title='bbox 2660 2611 2907 2675; x_wconf 63' lang='lat' dir='ltr'><strong>ntet‘dum</strong></span> <span class='ocrx_word' id='word_1_354' title='bbox 2941 2622 3122 2684; x_wconf 87' lang='lat' dir='ltr'><strong>plures</strong></span> <span class='ocrx_word' id='word_1_355' title='bbox 3147 2621 3403 2685; x_wconf 61' lang='lat' dir='ltr'><strong>homiliaz,</strong></span> <span class='ocrx_word' id='word_1_356' title='bbox 3428 2635 3476 2674; x_wconf 90' lang='lat' dir='ltr'><strong>e.</strong></span> <span class='ocrx_word' id='word_1_357' title='bbox 3511 2636 3591 2688; x_wconf 81' lang='lat' dir='ltr'><strong>gr.</strong></span> <span class='ocrx_word' id='word_1_358' title='bbox 3620 2620 3671 2673; x_wconf 92' lang='lat' dir='ltr'><strong>in</strong></span> <span class='ocrx_word' id='word_1_359' title='bbox 3698 2620 3817 2673; x_wconf 88' lang='lat' dir='ltr'><strong>cod.</strong></span> <span class='ocrx_word' id='word_1_360' title='bbox 3849 2617 4020 2680; x_wconf 84' lang='grc'>1185.</span> 
     </span>
    </p>
   </div>
   <div class='ocr_carea' id='block_1_29' title="bbox 731 2696 2378 2777">
    <p class='ocr_par' dir='ltr' id='par_1_29' title="bbox 731 2705 2378 2777">
     <span class='ocr_line' id='line_1_29' title="bbox 731 2705 2378 2777; baseline 0.004 -23"><span class='ocrx_word' id='word_1_361' title='bbox 731 2708 984 2777; x_wconf 67' lang='lat' dir='ltr'><strong>leguntur</strong></span> <span class='ocrx_word' id='word_1_362' title='bbox 1019 2708 1086 2763; x_wconf 73' lang='grc'>45</span> <span class='ocrx_word' id='word_1_363' title='bbox 1128 2706 1397 2769; x_wconf 71' lang='grc' dir='ltr'><strong>ΙιΟιιιίΙίςΕς</strong></span> <span class='ocrx_word' id='word_1_364' title='bbox 1453 2706 1507 2758; x_wconf 83' lang='grc' dir='ltr'>1η</span> <span class='ocrx_word' id='word_1_365' title='bbox 1541 2706 1661 2759; x_wconf 86' lang='lat' dir='ltr'><strong>cod.</strong></span> <span class='ocrx_word' id='word_1_366' title='bbox 1694 2705 1835 2760; x_wconf 63' lang='grc'>1181</span> <span class='ocrx_word' id='word_1_367' title='bbox 1867 2718 1995 2761; x_wconf 90' lang='lat' dir='ltr'><strong>sunt</strong></span> <span class='ocrx_word' id='word_1_368' title='bbox 2020 2708 2089 2762; x_wconf 70' lang='grc'>54</span> <span class='ocrx_word' id='word_1_369' title='bbox 2118 2709 2378 2764; x_wconf 72' lang='lat' dir='ltr'><strong>homiliaa:</strong></span> 
     </span>
    </p>
   </div>
   <div class='ocr_carea' id='block_1_30' title="bbox 2372 2696 4019 2777">
    <p class='ocr_par' dir='ltr' id='par_1_30' title="bbox 2377 2696 4019 2776">
     <span class='ocr_line' id='line_1_30' title="bbox 2377 2696 4019 2776; baseline -0.004 -12"><span class='ocrx_word' id='word_1_370' title='bbox 2377 2728 2391 2776; x_wconf 87' lang='lat'><strong>;</strong></span> <span class='ocrx_word' id='word_1_371' title='bbox 2434 2709 2488 2763; x_wconf 90' lang='lat' dir='ltr'><strong>in</strong></span> <span class='ocrx_word' id='word_1_372' title='bbox 2524 2710 2645 2763; x_wconf 89' lang='lat' dir='ltr'><strong>cod.</strong></span> <span class='ocrx_word' id='word_1_373' title='bbox 2681 2708 2821 2762; x_wconf 72' lang='lat'><strong>1206</strong></span> <span class='ocrx_word' id='word_1_374' title='bbox 2855 2696 2923 2762; x_wconf 64' lang='lat' dir='ltr'><strong>at</strong></span> <span class='ocrx_word' id='word_1_375' title='bbox 2977 2710 3191 2773; x_wconf 90' lang='lat' dir='ltr'><strong>homil.,</strong></span> <span class='ocrx_word' id='word_1_376' title='bbox 3225 2711 3277 2762; x_wconf 91' lang='lat' dir='ltr'><strong>in</strong></span> <span class='ocrx_word' id='word_1_377' title='bbox 3324 2709 3447 2763; x_wconf 89' lang='lat' dir='ltr'><strong>cod.</strong></span> <span class='ocrx_word' id='word_1_378' title='bbox 3483 2709 3619 2763; x_wconf 66' lang='grc' dir='ltr'><strong>ηυγ</strong></span> <span class='ocrx_word' id='word_1_379' title='bbox 3661 2710 3760 2762; x_wconf 88' lang='lat' dir='ltr'><strong>sub</strong></span> <span class='ocrx_word' id='word_1_380' title='bbox 3789 2706 4019 2759; x_wconf 78' lang='lat' dir='ltr'><strong>nomine</strong></span> 
     </span>
    </p>
   </div>
   <div class='ocr_carea' id='block_1_31' title="bbox 732 2797 4012 2873">
    <p class='ocr_par' dir='ltr' id='par_1_31' title="bbox 732 2797 4012 2873">
     <span class='ocr_line' id='line_1_31' title="bbox 732 2797 4012 2873; baseline 0 -24"><span class='ocrx_word' id='word_1_381' title='bbox 732 2802 974 2872; x_wconf 75' lang='lat' dir='ltr'><strong>Gregorii</strong></span> <span class='ocrx_word' id='word_1_382' title='bbox 1004 2801 1244 2855; x_wconf 84' lang='lat' dir='ltr'><strong>Ceramei</strong></span> <span class='ocrx_word' id='word_1_383' title='bbox 1281 2800 1347 2853; x_wconf 71' lang='grc'>40</span> <span class='ocrx_word' id='word_1_384' title='bbox 1375 2800 1633 2854; x_wconf 75' lang='lat' dir='ltr'><strong>homilite.</strong></span> <span class='ocrx_word' id='word_1_385' title='bbox 1665 2798 1732 2853; x_wconf 86' lang='lat' dir='ltr'><strong>V.</strong></span> <span class='ocrx_word' id='word_1_386' title='bbox 1768 2801 1936 2854; x_wconf 87' lang='lat' dir='ltr'><strong>indic.</strong></span> <span class='ocrx_word' id='word_1_387' title='bbox 1974 2802 2040 2854; x_wconf 89' lang='lat' dir='ltr'><strong>ad</strong></span> <span class='ocrx_word' id='word_1_388' title='bbox 2070 2810 2178 2855; x_wconf 89' lang='lat' dir='ltr'><strong>cat.</strong></span> <span class='ocrx_word' id='word_1_389' title='bbox 2212 2817 2344 2857; x_wconf 89' lang='lat' dir='ltr'><strong>mss.</strong></span> <span class='ocrx_word' id='word_1_390' title='bbox 2379 2818 2529 2873; x_wconf 75' lang='lat' dir='ltr'><strong>regg.</strong></span> <span class='ocrx_word' id='word_1_391' title='bbox 2565 2804 2771 2865; x_wconf 86' lang='lat' dir='ltr'><strong>Paris.,</strong></span> <span class='ocrx_word' id='word_1_392' title='bbox 2806 2802 2915 2856; x_wconf 81' lang='lat' dir='ltr'><strong>vol.</strong></span> <span class='ocrx_word' id='word_1_393' title='bbox 2947 2802 3008 2855; x_wconf 89' lang='grc'><strong>11.</strong></span> <span class='ocrx_word' id='word_1_394' title='bbox 3064 2831 3135 2841; x_wconf 86' lang='grc'><strong><em>--</em></strong></span> <span class='ocrx_word' id='word_1_395' title='bbox 3190 2803 3243 2855; x_wconf 92' lang='lat' dir='ltr'><strong>In</strong></span> <span class='ocrx_word' id='word_1_396' title='bbox 3273 2803 3398 2855; x_wconf 84' lang='lat' dir='ltr'><strong>cod.</strong></span> <span class='ocrx_word' id='word_1_397' title='bbox 3430 2802 3659 2855; x_wconf 83' lang='lat' dir='ltr'><strong>Coislin.</strong></span> <span class='ocrx_word' id='word_1_398' title='bbox 3715 2798 3845 2853; x_wconf 86' lang='lat' dir='ltr'><strong>bibl.</strong></span> <span class='ocrx_word' id='word_1_399' title='bbox 3902 2797 4012 2850; x_wconf 73' lang='lat'><strong>9.0!</strong></span> 
     </span>
    </p>
   </div>
   <div class='ocr_carea' id='block_1_32' title="bbox 730 2886 4017 2959">
    <p class='ocr_par' dir='ltr' id='par_1_32' title="bbox 730 2886 4017 2959">
     <span class='ocr_line' id='line_1_32' title="bbox 730 2886 4017 2959; baseline -0.002 -16"><span class='ocrx_word' id='word_1_400' title='bbox 730 2892 843 2945; x_wconf 84' lang='lat' dir='ltr'><strong>loca</strong></span> <span class='ocrx_word' id='word_1_401' title='bbox 878 2907 943 2944; x_wconf 78' lang='lat' dir='ltr'><strong>ex</strong></span> <span class='ocrx_word' id='word_1_402' title='bbox 974 2889 1310 2959; x_wconf 84' lang='lat' dir='ltr'><strong>Theophane</strong></span> <span class='ocrx_word' id='word_1_403' title='bbox 1342 2889 1395 2940; x_wconf 93' lang='lat' dir='ltr'><strong>iu</strong></span> <span class='ocrx_word' id='word_1_404' title='bbox 1433 2888 1639 2942; x_wconf 77' lang='lat' dir='ltr'><strong>Nicette</strong></span> <span class='ocrx_word' id='word_1_405' title='bbox 1674 2888 1995 2943; x_wconf 84' lang='lat' dir='ltr'><strong>collectione</strong></span> <span class='ocrx_word' id='word_1_406' title='bbox 2028 2889 2535 2957; x_wconf 86' lang='lat' dir='ltr'><strong>interpretationum</strong></span> <span class='ocrx_word' id='word_1_407' title='bbox 2561 2902 2666 2943; x_wconf 89' lang='lat' dir='ltr'><strong>etc.</strong></span> <span class='ocrx_word' id='word_1_408' title='bbox 2696 2901 2835 2943; x_wconf 84' lang='lat' dir='ltr'><strong>teste</strong></span> <span class='ocrx_word' id='word_1_409' title='bbox 2867 2888 3234 2943; x_wconf 87' lang='lat' dir='ltr'><strong>Montl&#39;aucon.</strong></span> <span class='ocrx_word' id='word_1_410' title='bbox 3267 2889 3318 2941; x_wconf 92' lang='lat' dir='ltr'><strong>iu</strong></span> <span class='ocrx_word' id='word_1_411' title='bbox 3344 2888 3489 2941; x_wconf 82' lang='lat' dir='ltr'><strong>Bibl.</strong></span> <span class='ocrx_word' id='word_1_412' title='bbox 3527 2888 3747 2941; x_wconf 82' lang='lat' dir='ltr'><strong>Coislin.</strong></span> <span class='ocrx_word' id='word_1_413' title='bbox 3798 2902 3850 2949; x_wconf 87' lang='lat' dir='ltr'><strong>p.</strong></span> <span class='ocrx_word' id='word_1_414' title='bbox 3877 2886 4017 2939; x_wconf 75' lang='grc'>251.</span> 
     </span>
    </p>
   </div>
   <div class='ocr_carea' id='block_1_33' title="bbox 728 2977 4022 3047">
    <p class='ocr_par' dir='ltr' id='par_1_33' title="bbox 728 2977 4022 3047">
     <span class='ocr_line' id='line_1_33' title="bbox 728 2977 4022 3047; baseline -0.001 -15"><span class='ocrx_word' id='word_1_415' title='bbox 728 3011 797 3019; x_wconf 95' lang='lat'><strong>—</strong></span> <span class='ocrx_word' id='word_1_416' title='bbox 831 2980 892 3032; x_wconf 82' lang='lat' dir='ltr'><strong>Et</strong></span> <span class='ocrx_word' id='word_1_417' title='bbox 926 2980 997 3031; x_wconf 89' lang='lat' dir='ltr'><strong>ib.</strong></span> <span class='ocrx_word' id='word_1_418' title='bbox 1030 2994 1152 3047; x_wconf 94' lang='lat' dir='ltr'><strong>pag.</strong></span> <span class='ocrx_word' id='word_1_419' title='bbox 1184 2978 1310 3035; x_wconf 79' lang='lat' dir='ltr'><strong>&#39;59l.</strong></span> <span class='ocrx_word' id='word_1_420' title='bbox 1350 2977 1538 3031; x_wconf 82' lang='lat' dir='ltr'><strong>eodem</strong></span> <span class='ocrx_word' id='word_1_421' title='bbox 1571 2985 1729 3041; x_wconf 87' lang='lat' dir='ltr'><strong>teste,</strong></span> <span class='ocrx_word' id='word_1_422' title='bbox 1780 2978 1831 3029; x_wconf 93' lang='lat' dir='ltr'><strong>in</strong></span> <span class='ocrx_word' id='word_1_423' title='bbox 1862 2977 1979 3030; x_wconf 85' lang='lat' dir='ltr'><strong>cod.</strong></span> <span class='ocrx_word' id='word_1_424' title='bbox 2022 2978 2127 3032; x_wconf 69' lang='lat'><strong>277</strong></span> <span class='ocrx_word' id='word_1_425' title='bbox 2158 2979 2411 3047; x_wconf 88' lang='lat' dir='ltr'><strong>leguntur</strong></span> <span class='ocrx_word' id='word_1_426' title='bbox 2456 2977 2525 3030; x_wconf 56' lang='grc' dir='ltr'><strong>ϐῆ</strong></span> <span class='ocrx_word' id='word_1_427' title='bbox 2573 2977 2805 3030; x_wconf 79' lang='lat' dir='ltr'><strong>humilia:</strong></span> <span class='ocrx_word' id='word_1_428' title='bbox 2857 2977 3069 3039; x_wconf 72' lang='lat' dir='ltr'><strong>eodem,</strong></span> <span class='ocrx_word' id='word_1_429' title='bbox 3121 2992 3230 3047; x_wconf 92' lang='lat' dir='ltr'><strong>quo</strong></span> <span class='ocrx_word' id='word_1_430' title='bbox 3252 2978 3431 3032; x_wconf 71' lang='lat' dir='ltr'><strong>edita:</strong></span> <span class='ocrx_word' id='word_1_431' title='bbox 3461 2988 3611 3039; x_wconf 88' lang='lat' dir='ltr'><strong>sunt,</strong></span> <span class='ocrx_word' id='word_1_432' title='bbox 3661 2990 3912 3031; x_wconf 87' lang='lat' dir='ltr'><strong>munero.</strong></span> <span class='ocrx_word' id='word_1_433' title='bbox 3944 3004 4022 3014; x_wconf 81' lang='lat'><strong>~—</strong></span> 
     </span>
    </p>
   </div>
   <div class='ocr_carea' id='block_1_34' title="bbox 731 3062 4021 3135">
    <p class='ocr_par' dir='ltr' id='par_1_34' title="bbox 731 3062 4021 3135">
     <span class='ocr_line' id='line_1_34' title="bbox 731 3062 4021 3135; baseline 0.001 -20"><span class='ocrx_word' id='word_1_434' title='bbox 731 3067 1040 3120; x_wconf 74' lang='lat' dir='ltr'><strong>Sccuudum</strong></span> <span class='ocrx_word' id='word_1_435' title='bbox 1070 3064 1439 3118; x_wconf 80' lang='lat' dir='ltr'><strong>Montiaucon.</strong></span> <span class='ocrx_word' id='word_1_436' title='bbox 1471 3065 1522 3116; x_wconf 90' lang='lat' dir='ltr'><strong>in</strong></span> <span class='ocrx_word' id='word_1_437' title='bbox 1558 3062 1698 3116; x_wconf 87' lang='lat' dir='ltr'><strong>Bibl.</strong></span> <span class='ocrx_word' id='word_1_438' title='bbox 1729 3064 2098 3119; x_wconf 84' lang='lat' dir='ltr'><strong>bibliothecar.</strong></span> <span class='ocrx_word' id='word_1_439' title='bbox 2133 3081 2263 3121; x_wconf 85' lang='lat' dir='ltr'><strong>mss.</strong></span> <span class='ocrx_word' id='word_1_440' title='bbox 2299 3065 2340 3129; x_wconf 89' lang='grc'><strong>1,</strong></span> <span class='ocrx_word' id='word_1_441' title='bbox 2368 3080 2492 3135; x_wconf 85' lang='lat' dir='ltr'><strong>pag.</strong></span> <span class='ocrx_word' id='word_1_442' title='bbox 2525 3066 2617 3127; x_wconf 83' lang='grc'><strong>55,</strong></span> <span class='ocrx_word' id='word_1_443' title='bbox 2657 3066 2840 3119; x_wconf 69' lang='lat' dir='ltr'><strong>Romae</strong></span> <span class='ocrx_word' id='word_1_444' title='bbox 2868 3066 2919 3119; x_wconf 92' lang='lat' dir='ltr'><strong>in</strong></span> <span class='ocrx_word' id='word_1_445' title='bbox 2951 3064 3216 3120; x_wconf 79' lang='lat' dir='ltr'><strong>Vaticano</strong></span> <span class='ocrx_word' id='word_1_446' title='bbox 3249 3068 3368 3119; x_wconf 91' lang='lat' dir='ltr'><strong>cod.</strong></span> <span class='ocrx_word' id='word_1_447' title='bbox 3402 3082 3455 3120; x_wconf 93' lang='lat' dir='ltr'><strong>n.</strong></span> <span class='ocrx_word' id='word_1_448' title='bbox 3490 3066 3596 3120; x_wconf 64' lang='lat'><strong>901</strong></span> <span class='ocrx_word' id='word_1_449' title='bbox 3624 3065 3757 3119; x_wconf 88' lang='lat' dir='ltr'><strong>bibl.</strong></span> <span class='ocrx_word' id='word_1_450' title='bbox 3810 3064 4021 3134; x_wconf 70' lang='lat' dir='ltr'><strong>regina:</strong></span> 
     </span>
    </p>
   </div>
   <div class='ocr_carea' id='block_1_35' title="bbox 731 3151 4013 3221">
    <p class='ocr_par' dir='ltr' id='par_1_35' title="bbox 731 3151 4013 3221">
     <span class='ocr_line' id='line_1_35' title="bbox 731 3151 4013 3221; baseline -0.001 -14"><span class='ocrx_word' id='word_1_451' title='bbox 731 3154 945 3208; x_wconf 79' lang='lat' dir='ltr'><strong>Sueciac.</strong></span> <span class='ocrx_word' id='word_1_452' title='bbox 977 3153 1225 3221; x_wconf 71' lang='lat' dir='ltr'><strong>quredam</strong></span> <span class='ocrx_word' id='word_1_453' title='bbox 1261 3151 1535 3206; x_wconf 72' lang='lat' dir='ltr'><strong>(let-aluei.</strong></span> <span class='ocrx_word' id='word_1_454' title='bbox 1563 3181 1633 3190; x_wconf 94' lang='lat'><strong>——</strong></span> <span class='ocrx_word' id='word_1_455' title='bbox 1662 3151 1722 3203; x_wconf 88' lang='lat' dir='ltr'><strong>P.</strong></span> <span class='ocrx_word' id='word_1_456' title='bbox 1752 3153 1879 3205; x_wconf 78' lang='lat'><strong>‘23].</strong></span> <span class='ocrx_word' id='word_1_457' title='bbox 1920 3153 1980 3205; x_wconf 89' lang='grc' dir='ltr'>Β.</span> <span class='ocrx_word' id='word_1_458' title='bbox 2019 3151 2241 3218; x_wconf 82' lang='lat' dir='ltr'><strong>Neapoli</strong></span> <span class='ocrx_word' id='word_1_459' title='bbox 2280 3154 2515 3208; x_wconf 72' lang='lat' dir='ltr'><strong>homilite</strong></span> <span class='ocrx_word' id='word_1_460' title='bbox 2544 3154 2597 3207; x_wconf 92' lang='lat' dir='ltr'><strong>iu</strong></span> <span class='ocrx_word' id='word_1_461' title='bbox 2633 3153 2842 3207; x_wconf 87' lang='lat' dir='ltr'><strong>duobus</strong></span> <span class='ocrx_word' id='word_1_462' title='bbox 2877 3153 3035 3207; x_wconf 86' lang='lat' dir='ltr'><strong>codd.</strong></span> <span class='ocrx_word' id='word_1_463' title='bbox 3074 3154 3200 3207; x_wconf 90' lang='lat' dir='ltr'><strong>bibl.</strong></span> <span class='ocrx_word' id='word_1_464' title='bbox 3238 3154 3295 3208; x_wconf 91' lang='lat' dir='ltr'><strong>S.</strong></span> <span class='ocrx_word' id='word_1_465' title='bbox 3326 3153 3553 3208; x_wconf 87' lang='lat' dir='ltr'><strong>Joannis</strong></span> <span class='ocrx_word' id='word_1_466' title='bbox 3576 3156 3638 3207; x_wconf 83' lang='lat' dir='ltr'><strong>de</strong></span> <span class='ocrx_word' id='word_1_467' title='bbox 3664 3153 4013 3212; x_wconf 73' lang='lat' dir='ltr'><strong>(Iarbanara,</strong></span> 
     </span>
    </p>
   </div>
   <div class='ocr_carea' id='block_1_36' title="bbox 728 3239 4014 3305">
    <p class='ocr_par' dir='ltr' id='par_1_36' title="bbox 728 3239 4014 3305">
     <span class='ocr_line' id='line_1_36' title="bbox 728 3239 4014 3305; baseline -0.001 -8"><span class='ocrx_word' id='word_1_468' title='bbox 728 3254 835 3298; x_wconf 73' lang='lat' dir='ltr'><strong>ctc.</strong></span> <span class='ocrx_word' id='word_1_469' title='bbox 878 3274 948 3284; x_wconf 88' lang='lat'><strong><em>—</em></strong></span> <span class='ocrx_word' id='word_1_470' title='bbox 987 3244 1045 3296; x_wconf 81' lang='lat' dir='ltr'><strong>l’.</strong></span> <span class='ocrx_word' id='word_1_471' title='bbox 1082 3242 1461 3296; x_wconf 64' lang='lat' dir='ltr'><strong>485.\&#39;euetiis</strong></span> <span class='ocrx_word' id='word_1_472' title='bbox 1496 3242 1546 3294; x_wconf 90' lang='lat' dir='ltr'><strong>in</strong></span> <span class='ocrx_word' id='word_1_473' title='bbox 1578 3241 1711 3294; x_wconf 90' lang='lat' dir='ltr'><strong>bibl.</strong></span> <span class='ocrx_word' id='word_1_474' title='bbox 1756 3239 2075 3303; x_wconf 85' lang='lat' dir='ltr'><strong>Justiniaui,</strong></span> <span class='ocrx_word' id='word_1_475' title='bbox 2110 3242 2161 3294; x_wconf 91' lang='lat' dir='ltr'><strong>in</strong></span> <span class='ocrx_word' id='word_1_476' title='bbox 2194 3242 2403 3296; x_wconf 88' lang='lat' dir='ltr'><strong>duobus</strong></span> <span class='ocrx_word' id='word_1_477' title='bbox 2431 3244 2591 3297; x_wconf 86' lang='lat' dir='ltr'><strong>codd.</strong></span> <span class='ocrx_word' id='word_1_478' title='bbox 2654 3272 2719 3284; x_wconf 89' lang='grc'><strong>--</strong></span> <span class='ocrx_word' id='word_1_479' title='bbox 2754 3241 2811 3294; x_wconf 82' lang='grc' dir='ltr'>Ρ.</span> <span class='ocrx_word' id='word_1_480' title='bbox 2853 3243 2979 3305; x_wconf 79' lang='grc'>505,</span> <span class='ocrx_word' id='word_1_481' title='bbox 3018 3242 3303 3295; x_wconf 83' lang='lat' dir='ltr'><strong>Mediolani</strong></span> <span class='ocrx_word' id='word_1_482' title='bbox 3337 3244 3387 3295; x_wconf 89' lang='lat' dir='ltr'><strong>in</strong></span> <span class='ocrx_word' id='word_1_483' title='bbox 3418 3242 3631 3296; x_wconf 88' lang='lat' dir='ltr'><strong>duobus</strong></span> <span class='ocrx_word' id='word_1_484' title='bbox 3676 3242 3835 3295; x_wconf 91' lang='lat' dir='ltr'><strong>codd.</strong></span> <span class='ocrx_word' id='word_1_485' title='bbox 3873 3239 4014 3295; x_wconf 89' lang='lat' dir='ltr'><strong>bibl.</strong></span> 
     </span>
    </p>
   </div>
   <div class='ocr_carea' id='block_1_37' title="bbox 728 3326 4019 3400">
    <p class='ocr_par' dir='ltr' id='par_1_37' title="bbox 728 3326 4019 3400">
     <span class='ocr_line' id='line_1_37' title="bbox 728 3326 4019 3400; baseline -0.002 -13"><span class='ocrx_word' id='word_1_486' title='bbox 728 3333 1143 3397; x_wconf 70' lang='lat' dir='ltr'><strong>Amlirosiaure;</strong></span> <span class='ocrx_word' id='word_1_487' title='bbox 1180 3362 1248 3371; x_wconf 90' lang='lat'><strong>——</strong></span> <span class='ocrx_word' id='word_1_488' title='bbox 1282 3343 1412 3385; x_wconf 92' lang='lat' dir='ltr'><strong>tom.</strong></span> <span class='ocrx_word' id='word_1_489' title='bbox 1450 3331 1513 3397; x_wconf 92' lang='lat' dir='ltr'><strong>Il,</strong></span> <span class='ocrx_word' id='word_1_490' title='bbox 1550 3348 1599 3399; x_wconf 94' lang='lat' dir='ltr'><strong>p.</strong></span> <span class='ocrx_word' id='word_1_491' title='bbox 1634 3331 1796 3396; x_wconf 86' lang='grc'>1198,</span> <span class='ocrx_word' id='word_1_492' title='bbox 1831 3330 2185 3400; x_wconf 84' lang='lat' dir='ltr'><strong>Theophanis</strong></span> <span class='ocrx_word' id='word_1_493' title='bbox 2214 3329 2342 3385; x_wconf 81' lang='lat' dir='ltr'><strong>Ccr.</strong></span> <span class='ocrx_word' id='word_1_494' title='bbox 2375 3345 2538 3399; x_wconf 85' lang='lat' dir='ltr'><strong>opera</strong></span> <span class='ocrx_word' id='word_1_495' title='bbox 2576 3331 2741 3383; x_wconf 85' lang='lat' dir='ltr'><strong>multa</strong></span> <span class='ocrx_word' id='word_1_496' title='bbox 2788 3330 2839 3383; x_wconf 94' lang='lat' dir='ltr'><strong>in</strong></span> <span class='ocrx_word' id='word_1_497' title='bbox 2871 3330 3002 3385; x_wconf 88' lang='lat' dir='ltr'><strong>bibl.</strong></span> <span class='ocrx_word' id='word_1_498' title='bbox 3035 3329 3178 3383; x_wconf 88' lang='lat' dir='ltr'><strong>Guil.</strong></span> <span class='ocrx_word' id='word_1_499' title='bbox 3217 3328 3519 3394; x_wconf 83' lang='lat' dir='ltr'><strong>Pelliserii;</strong></span> <span class='ocrx_word' id='word_1_500' title='bbox 3558 3359 3628 3368; x_wconf 89' lang='lat'><strong>—-</strong></span> <span class='ocrx_word' id='word_1_501' title='bbox 3678 3342 3730 3395; x_wconf 91' lang='lat' dir='ltr'><strong>p.</strong></span> <span class='ocrx_word' id='word_1_502' title='bbox 3782 3326 3923 3380; x_wconf 69' lang='grc'>1514</span> <span class='ocrx_word' id='word_1_503' title='bbox 3963 3328 4019 3379; x_wconf 84' lang='lat' dir='ltr'><strong>ir.</strong></span> 
     </span>
    </p>
   </div>
   <div class='ocr_carea' id='block_1_38' title="bbox 732 3417 4014 3489">
    <p class='ocr_par' dir='ltr' id='par_1_38' title="bbox 732 3417 4014 3489">
     <span class='ocr_line' id='line_1_38' title="bbox 732 3417 4014 3489; baseline -0.003 -13"><span class='ocrx_word' id='word_1_504' title='bbox 732 3426 855 3477; x_wconf 88' lang='lat' dir='ltr'><strong>cod.</strong></span> <span class='ocrx_word' id='word_1_505' title='bbox 892 3422 959 3477; x_wconf 75' lang='grc'><strong>61</strong></span> <span class='ocrx_word' id='word_1_506' title='bbox 1003 3424 1131 3475; x_wconf 85' lang='lat' dir='ltr'><strong>bibl.</strong></span> <span class='ocrx_word' id='word_1_507' title='bbox 1178 3421 1469 3484; x_wconf 78' lang='lat' dir='ltr'><strong>Mazarin.,</strong></span> <span class='ocrx_word' id='word_1_508' title='bbox 1501 3420 1749 3489; x_wconf 80' lang='lat' dir='ltr'><strong>Gregorii</strong></span> <span class='ocrx_word' id='word_1_509' title='bbox 1781 3419 2029 3475; x_wconf 87' lang='lat' dir='ltr'><strong>Ccramei</strong></span> <span class='ocrx_word' id='word_1_510' title='bbox 2070 3420 2332 3484; x_wconf 74' lang='lat' dir='ltr'><strong>homilite,</strong></span> <span class='ocrx_word' id='word_1_511' title='bbox 2388 3430 2520 3480; x_wconf 88' lang='lat' dir='ltr'><strong>etc.,</strong></span> <span class='ocrx_word' id='word_1_512' title='bbox 2560 3419 2647 3471; x_wconf 90' lang='lat' dir='ltr'><strong>ubi</strong></span> <span class='ocrx_word' id='word_1_513' title='bbox 2709 3417 2946 3471; x_wconf 88' lang='lat' dir='ltr'><strong>notanda</strong></span> <span class='ocrx_word' id='word_1_514' title='bbox 3006 3426 3088 3471; x_wconf 90' lang='lat' dir='ltr'><strong>est</strong></span> <span class='ocrx_word' id='word_1_515' title='bbox 3122 3417 3513 3471; x_wconf 79' lang='lat' dir='ltr'><strong>Montfauconii</strong></span> <span class='ocrx_word' id='word_1_516' title='bbox 3575 3417 4014 3469; x_wconf 80' lang='lat' dir='ltr'><strong>animadversio.</strong></span> 
     </span>
    </p>
   </div>
   <div class='ocr_carea' id='block_1_39' title="bbox 728 3498 4020 3579">
    <p class='ocr_par' dir='ltr' id='par_1_39' title="bbox 728 3498 4020 3579">
     <span class='ocr_line' id='line_1_39' title="bbox 728 3498 4020 3579; baseline -0.003 -16"><span class='ocrx_word' id='word_1_517' title='bbox 728 3514 883 3572; x_wconf 88' lang='lat' dir='ltr'><strong>dum,</strong></span> <span class='ocrx_word' id='word_1_518' title='bbox 928 3515 1187 3571; x_wconf 67' lang='lat' dir='ltr'><strong>«Auctor,</strong></span> <span class='ocrx_word' id='word_1_519' title='bbox 1218 3512 1414 3579; x_wconf 90' lang='lat' dir='ltr'><strong>inquit,</strong></span> <span class='ocrx_word' id='word_1_520' title='bbox 1449 3508 1605 3576; x_wconf 88' lang='lat' dir='ltr'><strong>plane</strong></span> <span class='ocrx_word' id='word_1_521' title='bbox 1642 3508 1779 3561; x_wconf 91' lang='lat' dir='ltr'><strong>alius</strong></span> <span class='ocrx_word' id='word_1_522' title='bbox 1810 3521 1839 3561; x_wconf 90' lang='lat' dir='ltr'><strong>a</strong></span> <span class='ocrx_word' id='word_1_523' title='bbox 1862 3506 2194 3573; x_wconf 84' lang='lat' dir='ltr'><strong>TheOphane</strong></span> <span class='ocrx_word' id='word_1_524' title='bbox 2224 3507 2507 3569; x_wconf 85' lang='lat' dir='ltr'><strong>Cerameo,</strong></span> <span class='ocrx_word' id='word_1_525' title='bbox 2548 3504 2680 3559; x_wconf 88' lang='lat' dir='ltr'><strong>nihil</strong></span> <span class='ocrx_word' id='word_1_526' title='bbox 2711 3504 2997 3558; x_wconf 88' lang='lat' dir='ltr'><strong>amborum</strong></span> <span class='ocrx_word' id='word_1_527' title='bbox 3035 3504 3273 3559; x_wconf 88' lang='lat' dir='ltr'><strong>bomiliis</strong></span> <span class='ocrx_word' id='word_1_528' title='bbox 3306 3519 3615 3558; x_wconf 86' lang='lat' dir='ltr'><strong>commune.</strong></span> <span class='ocrx_word' id='word_1_529' title='bbox 3650 3498 3768 3572; x_wconf 83' lang='lat' dir='ltr'><strong>Ipse</strong></span> <span class='ocrx_word' id='word_1_530' title='bbox 3798 3512 3881 3555; x_wconf 83' lang='lat' dir='ltr'><strong>est</strong></span> <span class='ocrx_word' id='word_1_531' title='bbox 3921 3519 4020 3568; x_wconf 71' lang='lat' dir='ltr'><strong>qu.</strong></span> 
     </span>
    </p>
   </div>
   <div class='ocr_carea' id='block_1_40' title="bbox 731 3590 4016 3667">
    <p class='ocr_par' dir='ltr' id='par_1_40' title="bbox 731 3590 4016 3667">
     <span class='ocr_line' id='line_1_40' title="bbox 731 3590 4016 3667; baseline -0.004 -15"><span class='ocrx_word' id='word_1_532' title='bbox 731 3601 786 3652; x_wconf 88' lang='lat' dir='ltr'><strong>in</strong></span> <span class='ocrx_word' id='word_1_533' title='bbox 818 3599 1105 3667; x_wconf 77' lang='lat' dir='ltr'><strong>Augustini</strong></span> <span class='ocrx_word' id='word_1_534' title='bbox 1151 3596 1585 3651; x_wconf 83' lang='lat' dir='ltr'><strong>Tarraconensis</strong></span> <span class='ocrx_word' id='word_1_535' title='bbox 1613 3595 1748 3658; x_wconf 65' lang='lat' dir='ltr'><strong>(ede,</strong></span> <span class='ocrx_word' id='word_1_536' title='bbox 1783 3602 1836 3649; x_wconf 87' lang='lat' dir='ltr'><strong>et</strong></span> <span class='ocrx_word' id='word_1_537' title='bbox 1872 3594 1924 3648; x_wconf 89' lang='lat' dir='ltr'><strong>in</strong></span> <span class='ocrx_word' id='word_1_538' title='bbox 1954 3594 2098 3661; x_wconf 82' lang='lat' dir='ltr'><strong>regia</strong></span> <span class='ocrx_word' id='word_1_539' title='bbox 2130 3594 2356 3647; x_wconf 86' lang='lat' dir='ltr'><strong>Scoriali</strong></span> <span class='ocrx_word' id='word_1_540' title='bbox 2387 3603 2605 3648; x_wconf 83' lang='lat' dir='ltr'><strong>exstare</strong></span> <span class='ocrx_word' id='word_1_541' title='bbox 2653 3601 2872 3646; x_wconf 88' lang='lat' dir='ltr'><strong>notatur</strong></span> <span class='ocrx_word' id='word_1_542' title='bbox 2924 3593 2992 3646; x_wconf 88' lang='lat' dir='ltr'><strong>ab</strong></span> <span class='ocrx_word' id='word_1_543' title='bbox 3040 3592 3263 3657; x_wconf 81' lang='lat' dir='ltr'><strong>Allatio,</strong></span> <span class='ocrx_word' id='word_1_544' title='bbox 3303 3593 3568 3659; x_wconf 89' lang='lat' dir='ltr'><strong>incipiens</strong></span> <span class='ocrx_word' id='word_1_545' title='bbox 3613 3606 3641 3643; x_wconf 87' lang='lat' dir='ltr'><strong>a</strong></span> <span class='ocrx_word' id='word_1_546' title='bbox 3696 3590 4016 3659; x_wconf 84' lang='lat' dir='ltr'><strong>publicano,</strong></span> 
     </span>
    </p>
   </div>
   <div class='ocr_carea' id='block_1_41' title="bbox 730 3678 4018 3758">
    <p class='ocr_par' dir='ltr' id='par_1_41' title="bbox 730 3678 4018 3758">
     <span class='ocr_line' id='line_1_41' title="bbox 730 3678 4018 3758; baseline -0.004 -17"><span class='ocrx_word' id='word_1_547' title='bbox 730 3704 893 3758; x_wconf 84' lang='lat' dir='ltr'><strong>quem</strong></span> <span class='ocrx_word' id='word_1_548' title='bbox 953 3700 1128 3742; x_wconf 82' lang='lat' dir='ltr'><strong>tamen</strong></span> <span class='ocrx_word' id='word_1_549' title='bbox 1177 3688 1222 3740; x_wconf 91' lang='lat' dir='ltr'><strong>is</strong></span> <span class='ocrx_word' id='word_1_550' title='bbox 1272 3686 1413 3739; x_wconf 90' lang='lat' dir='ltr'><strong>male</strong></span> <span class='ocrx_word' id='word_1_551' title='bbox 1442 3684 1727 3739; x_wconf 80' lang='lat' dir='ltr'><strong>confundit</strong></span> <span class='ocrx_word' id='word_1_552' title='bbox 1780 3698 1902 3738; x_wconf 89' lang='lat' dir='ltr'><strong>cum</strong></span> <span class='ocrx_word' id='word_1_553' title='bbox 1939 3682 2252 3747; x_wconf 83' lang='lat' dir='ltr'><strong>Theophane</strong></span> <span class='ocrx_word' id='word_1_554' title='bbox 2299 3683 2588 3745; x_wconf 86' lang='lat' dir='ltr'><strong>Gerameo,</strong></span> <span class='ocrx_word' id='word_1_555' title='bbox 2625 3695 2872 3734; x_wconf 85' lang='lat' dir='ltr'><strong>errorem</strong></span> <span class='ocrx_word' id='word_1_556' title='bbox 2906 3690 3125 3735; x_wconf 88' lang='lat' dir='ltr'><strong>secutus</strong></span> <span class='ocrx_word' id='word_1_557' title='bbox 3161 3679 3444 3734; x_wconf 83' lang='lat' dir='ltr'><strong>Francisci</strong></span> <span class='ocrx_word' id='word_1_558' title='bbox 3479 3678 3691 3733; x_wconf 82' lang='lat' dir='ltr'><strong>Scorsi.</strong></span> <span class='ocrx_word' id='word_1_559' title='bbox 3726 3679 3865 3732; x_wconf 89' lang='lat' dir='ltr'><strong>Sunt</strong></span> <span class='ocrx_word' id='word_1_560' title='bbox 3906 3678 4018 3731; x_wconf 53' lang='lat' dir='ltr'><strong>bo-</strong></span> 
     </span>
    </p>
   </div>
   <div class='ocr_carea' id='block_1_42' title="bbox 731 3768 4011 3843">
    <p class='ocr_par' dir='ltr' id='par_1_42' title="bbox 731 3768 4011 3843">
     <span class='ocr_line' id='line_1_42' title="bbox 731 3768 4011 3843; baseline -0.005 -12"><span class='ocrx_word' id='word_1_561' title='bbox 731 3778 896 3833; x_wconf 69' lang='lat' dir='ltr'><strong>mina:</strong></span> <span class='ocrx_word' id='word_1_562' title='bbox 931 3793 1120 3831; x_wconf 88' lang='lat' dir='ltr'><strong>omnes</strong></span> <span class='ocrx_word' id='word_1_563' title='bbox 1150 3776 1239 3829; x_wconf 66' lang='lat' dir='ltr'><strong>Si.</strong></span> <span class='ocrx_word' id='word_1_564' title='bbox 1272 3774 1366 3829; x_wconf 73' lang='lat' dir='ltr'><strong>Est</strong></span> <span class='ocrx_word' id='word_1_565' title='bbox 1399 3776 1570 3843; x_wconf 86' lang='lat' dir='ltr'><strong>prima</strong></span> <span class='ocrx_word' id='word_1_566' title='bbox 1624 3772 1901 3826; x_wconf 85' lang='lat' dir='ltr'><strong>Dominica</strong></span> <span class='ocrx_word' id='word_1_567' title='bbox 1938 3771 2212 3841; x_wconf 88' lang='lat' dir='ltr'><strong>publicani</strong></span> <span class='ocrx_word' id='word_1_568' title='bbox 2266 3781 2317 3823; x_wconf 91' lang='lat' dir='ltr'><strong>et</strong></span> <span class='ocrx_word' id='word_1_569' title='bbox 2356 3769 2639 3834; x_wconf 63' lang='lat' dir='ltr'><strong>Pharisaei,</strong></span> <span class='ocrx_word' id='word_1_570' title='bbox 2675 3768 2865 3822; x_wconf 88' lang='lat' dir='ltr'><strong>ultima</strong></span> <span class='ocrx_word' id='word_1_571' title='bbox 2924 3768 3203 3823; x_wconf 85' lang='lat' dir='ltr'><strong>Dominica</strong></span> <span class='ocrx_word' id='word_1_572' title='bbox 3241 3768 3450 3823; x_wconf 81' lang='lat' dir='ltr'><strong>ChriSIi</strong></span> <span class='ocrx_word' id='word_1_573' title='bbox 3510 3768 3951 3837; x_wconf 85' lang='lat' dir='ltr'><strong>progenitorum.</strong></span> <span class='ocrx_word' id='word_1_574' title='bbox 3992 3785 4011 3815; x_wconf 73' lang='grc' dir='ltr'><strong>ι</strong></span> 
     </span>
    </p>
   </div>
   <div class='ocr_carea' id='block_1_43' title="bbox 730 3854 4019 3933">
    <p class='ocr_par' dir='ltr' id='par_1_43' title="bbox 730 3854 4019 3933">
     <span class='ocr_line' id='line_1_43' title="bbox 730 3854 4019 3933; baseline -0.005 -10"><span class='ocrx_word' id='word_1_575' title='bbox 730 3867 1007 3924; x_wconf 80' lang='lat' dir='ltr'><strong>Hactenus</strong></span> <span class='ocrx_word' id='word_1_576' title='bbox 1040 3866 1383 3921; x_wconf 78' lang='lat' dir='ltr'><strong>Moufancon.</strong></span> <span class='ocrx_word' id='word_1_577' title='bbox 1416 3866 1594 3931; x_wconf 84' lang='lat' dir='ltr'><strong>Atque</strong></span> <span class='ocrx_word' id='word_1_578' title='bbox 1625 3862 1915 3933; x_wconf 84' lang='lat' dir='ltr'><strong>Mougitor.</strong></span> <span class='ocrx_word' id='word_1_579' title='bbox 1952 3862 1989 3914; x_wconf 91' lang='grc'><strong>1.</strong></span> <span class='ocrx_word' id='word_1_580' title='bbox 2027 3877 2075 3915; x_wconf 91' lang='lat' dir='ltr'><strong>c.</strong></span> <span class='ocrx_word' id='word_1_581' title='bbox 2104 3860 2214 3929; x_wconf 84' lang='lat' dir='ltr'><strong>jam</strong></span> <span class='ocrx_word' id='word_1_582' title='bbox 2251 3861 2431 3928; x_wconf 89' lang='lat' dir='ltr'><strong>plures</strong></span> <span class='ocrx_word' id='word_1_583' title='bbox 2467 3857 2747 3921; x_wconf 82' lang='lat' dir='ltr'><strong>excitavit,</strong></span> <span class='ocrx_word' id='word_1_584' title='bbox 2782 3859 2870 3927; x_wconf 93' lang='lat' dir='ltr'><strong>qui</strong></span> <span class='ocrx_word' id='word_1_585' title='bbox 2916 3866 3208 3925; x_wconf 87' lang='lat' dir='ltr'><strong>utrumque</strong></span> <span class='ocrx_word' id='word_1_586' title='bbox 3244 3857 3643 3911; x_wconf 89' lang='lat' dir='ltr'><strong>discernerent.</strong></span> <span class='ocrx_word' id='word_1_587' title='bbox 3691 3854 3832 3908; x_wconf 80' lang='lat' dir='ltr'><strong>Add.</strong></span> <span class='ocrx_word' id='word_1_588' title='bbox 3870 3854 4019 3907; x_wconf 82' lang='lat' dir='ltr'><strong>infra</strong></span> 
     </span>
    </p>
   </div>
   <div class='ocr_carea' id='block_1_44' title="bbox 728 3942 4019 4023">
    <p class='ocr_par' dir='ltr' id='par_1_44' title="bbox 728 3942 4019 4023">
     <span class='ocr_line' id='line_1_44' title="bbox 728 3942 4019 4023; baseline -0.005 -12"><span class='ocrx_word' id='word_1_589' title='bbox 728 3974 795 4011; x_wconf 77' lang='lat' dir='ltr'><strong>ex</strong></span> <span class='ocrx_word' id='word_1_590' title='bbox 847 3955 1055 4009; x_wconf 78' lang='lat' dir='ltr'><strong>Villois.</strong></span> <span class='ocrx_word' id='word_1_591' title='bbox 1091 3956 1253 4023; x_wconf 86' lang='lat' dir='ltr'><strong>epist.</strong></span> <span class='ocrx_word' id='word_1_592' title='bbox 1302 3983 1369 3991; x_wconf 92' lang='lat'><strong>-</strong></span> <span class='ocrx_word' id='word_1_593' title='bbox 1422 3952 1557 4006; x_wconf 88' lang='lat' dir='ltr'><strong>Ibid.</strong></span> <span class='ocrx_word' id='word_1_594' title='bbox 1590 3968 1643 4021; x_wconf 90' lang='lat' dir='ltr'><strong>p.</strong></span> <span class='ocrx_word' id='word_1_595' title='bbox 1680 3950 1840 4015; x_wconf 82' lang='grc'>1515,</span> <span class='ocrx_word' id='word_1_596' title='bbox 1873 3950 1924 4002; x_wconf 91' lang='lat' dir='ltr'><strong>in</strong></span> <span class='ocrx_word' id='word_1_597' title='bbox 1975 3949 2095 4003; x_wconf 79' lang='lat' dir='ltr'><strong>cod.</strong></span> <span class='ocrx_word' id='word_1_598' title='bbox 2132 3949 2401 4001; x_wconf 71' lang='lat' dir='ltr'><strong>Mazarin.</strong></span> <span class='ocrx_word' id='word_1_599' title='bbox 2435 3944 2526 4007; x_wconf 89' lang='lat'><strong>66,</strong></span> <span class='ocrx_word' id='word_1_600' title='bbox 2558 3946 2650 4008; x_wconf 78' lang='lat'><strong>‘26,</strong></span> <span class='ocrx_word' id='word_1_601' title='bbox 2680 3946 2771 4014; x_wconf 86' lang='lat' dir='ltr'><strong>qui</strong></span> <span class='ocrx_word' id='word_1_602' title='bbox 2805 3948 2878 3999; x_wconf 89' lang='lat' dir='ltr'><strong>ita</strong></span> <span class='ocrx_word' id='word_1_603' title='bbox 2911 3946 3190 3999; x_wconf 88' lang='lat' dir='ltr'><strong>indicatur</strong></span> <span class='ocrx_word' id='word_1_604' title='bbox 3225 3964 3238 3997; x_wconf 94' lang='lat'>:</span> <span class='ocrx_word' id='word_1_605' title='bbox 3277 3964 3294 3997; x_wconf 73' lang='grc' dir='ltr'>ι</span> <span class='ocrx_word' id='word_1_606' title='bbox 3336 3945 3610 4009; x_wconf 87' lang='lat' dir='ltr'><strong>Ceramei,</strong></span> <span class='ocrx_word' id='word_1_607' title='bbox 3648 3942 4019 4010; x_wconf 71' lang='lat' dir='ltr'><strong>metmpolittn</strong></span> 
     </span>
    </p>
   </div>
   <div class='ocr_carea' id='block_1_45' title="bbox 729 4030 4018 4113">
    <p class='ocr_par' dir='ltr' id='par_1_45' title="bbox 729 4030 4018 4113">
     <span class='ocr_line' id='line_1_45' title="bbox 729 4030 4018 4113; baseline -0.005 -11"><span class='ocrx_word' id='word_1_608' title='bbox 729 4048 972 4102; x_wconf 76' lang='lat' dir='ltr'><strong>civitatis</strong></span> <span class='ocrx_word' id='word_1_609' title='bbox 1006 4046 1169 4099; x_wconf 81' lang='lat' dir='ltr'><strong>Rhoti</strong></span> <span class='ocrx_word' id='word_1_610' title='bbox 1208 4044 1305 4113; x_wconf 86' lang='lat' dir='ltr'><strong>(al.</strong></span> <span class='ocrx_word' id='word_1_611' title='bbox 1342 4043 1557 4113; x_wconf 77' lang='lat' dir='ltr'><strong>thgii)</strong></span> <span class='ocrx_word' id='word_1_612' title='bbox 1595 4042 1883 4103; x_wconf 75' lang='lat' dir='ltr'><strong>Calabrize,</strong></span> <span class='ocrx_word' id='word_1_613' title='bbox 1924 4040 1975 4091; x_wconf 91' lang='lat' dir='ltr'><strong>in</strong></span> <span class='ocrx_word' id='word_1_614' title='bbox 2009 4039 2319 4100; x_wconf 75' lang='lat' dir='ltr'><strong>Zachzetuu,</strong></span> <span class='ocrx_word' id='word_1_615' title='bbox 2354 4035 2761 4106; x_wconf 87' lang='lat' dir='ltr'><strong>publicanorum</strong></span> <span class='ocrx_word' id='word_1_616' title='bbox 2794 4034 3091 4102; x_wconf 89' lang='lat' dir='ltr'><strong>principem</strong></span> <span class='ocrx_word' id='word_1_617' title='bbox 3150 4052 3163 4087; x_wconf 88' lang='lat'><strong>:</strong></span> <span class='ocrx_word' id='word_1_618' title='bbox 3214 4042 3295 4087; x_wconf 90' lang='lat' dir='ltr'><strong>est</strong></span> <span class='ocrx_word' id='word_1_619' title='bbox 3345 4033 3490 4086; x_wconf 88' lang='lat' dir='ltr'><strong>inter</strong></span> <span class='ocrx_word' id='word_1_620' title='bbox 3540 4031 3795 4087; x_wconf 89' lang='lat' dir='ltr'><strong>bomilias</strong></span> <span class='ocrx_word' id='word_1_621' title='bbox 3825 4030 4018 4084; x_wconf 81' lang='lat' dir='ltr'><strong>Theo-</strong></span> 
     </span>
    </p>
   </div>
   <div class='ocr_carea' id='block_1_46' title="bbox 731 4124 2732 4204">
    <p class='ocr_par' dir='ltr' id='par_1_46' title="bbox 731 4124 2732 4204">
     <span class='ocr_line' id='line_1_46' title="bbox 731 4124 2732 4204; baseline -0.006 -15"><span class='ocrx_word' id='word_1_622' title='bbox 731 4135 932 4204; x_wconf 86' lang='lat' dir='ltr'><strong>phanis</strong></span> <span class='ocrx_word' id='word_1_623' title='bbox 963 4132 1233 4195; x_wconf 88' lang='lat' dir='ltr'><strong>Ceramei,</strong></span> <span class='ocrx_word' id='word_1_624' title='bbox 1268 4132 1358 4200; x_wconf 90' lang='lat' dir='ltr'><strong>qui</strong></span> <span class='ocrx_word' id='word_1_625' title='bbox 1394 4146 1501 4184; x_wconf 91' lang='lat' dir='ltr'><strong>non</strong></span> <span class='ocrx_word' id='word_1_626' title='bbox 1534 4128 1824 4193; x_wconf 69' lang='lat' dir='ltr'><strong>Calabriae,</strong></span> <span class='ocrx_word' id='word_1_627' title='bbox 1858 4128 1950 4180; x_wconf 88' lang='lat' dir='ltr'><strong>sed</strong></span> <span class='ocrx_word' id='word_1_628' title='bbox 1984 4126 2188 4180; x_wconf 64' lang='lat' dir='ltr'><strong>Scilla:</strong></span> <span class='ocrx_word' id='word_1_629' title='bbox 2215 4124 2501 4194; x_wconf 85' lang='lat' dir='ltr'><strong>episcopus</strong></span> <span class='ocrx_word' id='word_1_630' title='bbox 2532 4137 2674 4181; x_wconf 82' lang='lat' dir='ltr'><strong>erat.</strong></span> <span class='ocrx_word' id='word_1_631' title='bbox 2714 4145 2732 4177; x_wconf 74' lang='grc' dir='ltr'><strong><em>ι</em></strong></span> 
     </span>
    </p>
   </div>
   <div class='ocr_carea' id='block_1_47' title="bbox 799 4211 4015 4292">
    <p class='ocr_par' dir='ltr' id='par_1_47' title="bbox 799 4211 4015 4292">
     <span class='ocr_line' id='line_1_47' title="bbox 799 4211 4015 4292; baseline -0.003 -17"><span class='ocrx_word' id='word_1_632' title='bbox 799 4220 1040 4292; x_wconf 70' lang='lat' dir='ltr'><strong>Mosquaa</strong></span> <span class='ocrx_word' id='word_1_633' title='bbox 1086 4221 1138 4274; x_wconf 89' lang='lat' dir='ltr'><strong>iu</strong></span> <span class='ocrx_word' id='word_1_634' title='bbox 1174 4220 1290 4274; x_wconf 88' lang='lat' dir='ltr'><strong>cod.</strong></span> <span class='ocrx_word' id='word_1_635' title='bbox 1326 4218 1519 4290; x_wconf 86' lang='lat' dir='ltr'><strong>synod.</strong></span> <span class='ocrx_word' id='word_1_636' title='bbox 1553 4217 1681 4278; x_wconf 64' lang='lat'><strong>274,</strong></span> <span class='ocrx_word' id='word_1_637' title='bbox 1719 4216 1994 4284; x_wconf 82' lang='lat' dir='ltr'><strong>Gregorii,</strong></span> <span class='ocrx_word' id='word_1_638' title='bbox 2029 4211 2387 4267; x_wconf 87' lang='lat' dir='ltr'><strong>Tauromenii</strong></span> <span class='ocrx_word' id='word_1_639' title='bbox 2422 4215 2846 4285; x_wconf 75' lang='lat' dir='ltr'><strong>archiepiscopi,</strong></span> <span class='ocrx_word' id='word_1_640' title='bbox 2882 4214 3119 4269; x_wconf 71' lang='lat' dir='ltr'><strong>homilite</strong></span> <span class='ocrx_word' id='word_1_641' title='bbox 3146 4213 3456 4281; x_wconf 77' lang='lat' dir='ltr'><strong>sexaginta,</strong></span> <span class='ocrx_word' id='word_1_642' title='bbox 3492 4228 3723 4284; x_wconf 90' lang='lat' dir='ltr'><strong>quarum</strong></span> <span class='ocrx_word' id='word_1_643' title='bbox 3756 4211 4015 4267; x_wconf 83' lang='lat' dir='ltr'><strong>ordinem</strong></span> 
     </span>
    </p>
   </div>
   <div class='ocr_carea' id='block_1_48' title="bbox 731 4300 4021 4383">
    <p class='ocr_par' dir='ltr' id='par_1_48' title="bbox 731 4300 4021 4383">
     <span class='ocr_line' id='line_1_48' title="bbox 731 4300 4021 4383; baseline -0.004 -16"><span class='ocrx_word' id='word_1_644' title='bbox 731 4324 898 4383; x_wconf 86' lang='lat' dir='ltr'><strong>atque</strong></span> <span class='ocrx_word' id='word_1_645' title='bbox 930 4309 1200 4379; x_wconf 85' lang='lat' dir='ltr'><strong>principia</strong></span> <span class='ocrx_word' id='word_1_646' title='bbox 1235 4317 1486 4362; x_wconf 89' lang='lat' dir='ltr'><strong>recenset</strong></span> <span class='ocrx_word' id='word_1_647' title='bbox 1521 4305 1757 4359; x_wconf 68' lang='lat' dir='ltr'><strong>Mallhtei</strong></span> <span class='ocrx_word' id='word_1_648' title='bbox 1797 4305 1848 4357; x_wconf 93' lang='lat' dir='ltr'><strong>in</strong></span> <span class='ocrx_word' id='word_1_649' title='bbox 1890 4302 2058 4355; x_wconf 81' lang='lat' dir='ltr'><strong>Notit.</strong></span> <span class='ocrx_word' id='word_1_650' title='bbox 2089 4302 2244 4354; x_wconf 65' lang='lat' dir='ltr'><strong>codd.</strong></span> <span class='ocrx_word' id='word_1_651' title='bbox 2278 4300 2374 4355; x_wconf 88' lang='lat' dir='ltr'><strong>Gr.</strong></span> <span class='ocrx_word' id='word_1_652' title='bbox 2406 4302 2745 4370; x_wconf 81' lang='lat' dir='ltr'><strong>Mosqueus.,</strong></span> <span class='ocrx_word' id='word_1_653' title='bbox 2781 4320 2901 4373; x_wconf 86' lang='lat' dir='ltr'><strong>pag.</strong></span> <span class='ocrx_word' id='word_1_654' title='bbox 2942 4303 3048 4357; x_wconf 70' lang='lat' dir='ltr'><strong>I72</strong></span> <span class='ocrx_word' id='word_1_655' title='bbox 3082 4318 3229 4371; x_wconf 90' lang='lat' dir='ltr'><strong>sqq.,</strong></span> <span class='ocrx_word' id='word_1_656' title='bbox 3265 4303 3517 4370; x_wconf 83' lang='lat' dir='ltr'><strong>idemque</strong></span> <span class='ocrx_word' id='word_1_657' title='bbox 3554 4318 3607 4369; x_wconf 91' lang='lat' dir='ltr'><strong>p.</strong></span> <span class='ocrx_word' id='word_1_658' title='bbox 3643 4302 3748 4354; x_wconf 81' lang='grc'>175</span> <span class='ocrx_word' id='word_1_659' title='bbox 3782 4315 3869 4369; x_wconf 90' lang='lat' dir='ltr'><strong>sq.</strong></span> <span class='ocrx_word' id='word_1_660' title='bbox 3893 4301 4021 4353; x_wconf 83' lang='lat' dir='ltr'><strong>lau-</strong></span> 
     </span>
    </p>
   </div>
   <div class='ocr_carea' id='block_1_49' title="bbox 726 4388 4019 4467">
    <p class='ocr_par' dir='ltr' id='par_1_49' title="bbox 726 4388 4019 4467">
     <span class='ocr_line' id='line_1_49' title="bbox 726 4388 4019 4467; baseline -0.005 -10"><span class='ocrx_word' id='word_1_661' title='bbox 726 4402 820 4457; x_wconf 86' lang='lat' dir='ltr'><strong>dat</strong></span> <span class='ocrx_word' id='word_1_662' title='bbox 847 4400 1077 4457; x_wconf 78' lang='lat' dir='ltr'><strong>similem</strong></span> <span class='ocrx_word' id='word_1_663' title='bbox 1097 4400 1344 4455; x_wconf 82' lang='lat' dir='ltr'><strong>codicem</strong></span> <span class='ocrx_word' id='word_1_664' title='bbox 1376 4397 1595 4467; x_wconf 74' lang='lat' dir='ltr'><strong>Optizute</strong></span> <span class='ocrx_word' id='word_1_665' title='bbox 1628 4407 1788 4460; x_wconf 79' lang='lat' dir='ltr'><strong>notze,</strong></span> <span class='ocrx_word' id='word_1_666' title='bbox 1823 4394 2015 4463; x_wconf 85' lang='lat' dir='ltr'><strong>Lipsi:c</strong></span> <span class='ocrx_word' id='word_1_667' title='bbox 2040 4392 2090 4444; x_wconf 86' lang='lat' dir='ltr'><strong>iu</strong></span> <span class='ocrx_word' id='word_1_668' title='bbox 2123 4390 2254 4445; x_wconf 89' lang='lat' dir='ltr'><strong>bibl.</strong></span> <span class='ocrx_word' id='word_1_669' title='bbox 2285 4388 2507 4445; x_wconf 88' lang='lat' dir='ltr'><strong>Paulina</strong></span> <span class='ocrx_word' id='word_1_670' title='bbox 2538 4403 2900 4454; x_wconf 76' lang='lat' dir='ltr'><strong>asservatuni,</strong></span> <span class='ocrx_word' id='word_1_671' title='bbox 2926 4389 3473 4467; x_wconf 82' lang='lat' dir='ltr'><strong>atqueTheophauis</strong></span> <span class='ocrx_word' id='word_1_672' title='bbox 3504 4390 3757 4443; x_wconf 77' lang='lat' dir='ltr'><strong>boaiilias</strong></span> <span class='ocrx_word' id='word_1_673' title='bbox 3783 4390 4019 4444; x_wconf 89' lang='lat' dir='ltr'><strong>omnino</strong></span> 
     </span>
    </p>
   </div>
   <div class='ocr_carea' id='block_1_50' title="bbox 727 4465 3824 4561">
    <p class='ocr_par' dir='ltr' id='par_1_50' title="bbox 727 4465 3824 4561">
     <span class='ocr_line' id='line_1_50' title="bbox 727 4465 3824 4561; baseline -0.006 -17"><span class='ocrx_word' id='word_1_674' title='bbox 727 4492 922 4561; x_wconf 88' lang='lat' dir='ltr'><strong>dignas</strong></span> <span class='ocrx_word' id='word_1_675' title='bbox 944 4490 1176 4556; x_wconf 76' lang='lat' dir='ltr'><strong>iudicat,</strong></span> <span class='ocrx_word' id='word_1_676' title='bbox 1206 4502 1327 4557; x_wconf 68' lang='lat' dir='ltr'><strong>qua:</strong></span> <span class='ocrx_word' id='word_1_677' title='bbox 1362 4465 1581 4556; x_wconf 81' lang='lat' dir='ltr'><strong>propter</strong></span> <span class='ocrx_word' id='word_1_678' title='bbox 1614 4494 1823 4539; x_wconf 79' lang='lat' dir='ltr'><strong>textum</strong></span> <span class='ocrx_word' id='word_1_679' title='bbox 1860 4497 2075 4536; x_wconf 82' lang='lat' dir='ltr'><strong>sacrum</strong></span> <span class='ocrx_word' id='word_1_680' title='bbox 2105 4491 2517 4549; x_wconf 84' lang='lat' dir='ltr'><strong>comparentur.</strong></span> <span class='ocrx_word' id='word_1_681' title='bbox 3099 4465 3107 4473; x_wconf 78' lang='grc'><strong>’</strong></span> <span class='ocrx_word' id='word_1_682' title='bbox 3817 4550 3824 4555; x_wconf 22' lang='grc'><strong><em>⁹</em></strong></span> 
     </span>
    </p>
   </div>
   <div class='ocr_carea' id='block_1_51' title="bbox 799 4560 4018 4648">
    <p class='ocr_par' dir='ltr' id='par_1_51' title="bbox 799 4560 4018 4648">
     <span class='ocr_line' id='line_1_51' title="bbox 799 4560 4018 4648; baseline -0.005 -15"><span class='ocrx_word' id='word_1_683' title='bbox 799 4560 855 4634; x_wconf 81' lang='lat' dir='ltr'><strong>in</strong></span> <span class='ocrx_word' id='word_1_684' title='bbox 908 4579 1097 4648; x_wconf 88' lang='lat' dir='ltr'><strong>primis</strong></span> <span class='ocrx_word' id='word_1_685' title='bbox 1131 4576 1399 4630; x_wconf 83' lang='lat' dir='ltr'><strong>notandus</strong></span> <span class='ocrx_word' id='word_1_686' title='bbox 1431 4584 1514 4629; x_wconf 85' lang='lat' dir='ltr'><strong>est</strong></span> <span class='ocrx_word' id='word_1_687' title='bbox 1548 4573 1671 4629; x_wconf 85' lang='lat' dir='ltr'><strong>cod.</strong></span> <span class='ocrx_word' id='word_1_688' title='bbox 1715 4573 1782 4626; x_wconf 88' lang='grc'>16</span> <span class='ocrx_word' id='word_1_689' title='bbox 1815 4574 1868 4625; x_wconf 93' lang='lat' dir='ltr'><strong>in</strong></span> <span class='ocrx_word' id='word_1_690' title='bbox 1917 4570 2047 4624; x_wconf 76' lang='lat' dir='ltr'><strong>bibl.</strong></span> <span class='ocrx_word' id='word_1_691' title='bbox 2092 4569 2236 4633; x_wconf 71' lang='lat' dir='ltr'><strong>regia</strong></span> <span class='ocrx_word' id='word_1_692' title='bbox 2285 4568 2506 4633; x_wconf 78' lang='lat' dir='ltr'><strong>Matriti,</strong></span> <span class='ocrx_word' id='word_1_693' title='bbox 2543 4583 2665 4621; x_wconf 82' lang='lat' dir='ltr'><strong>cum</strong></span> <span class='ocrx_word' id='word_1_694' title='bbox 2703 4576 2927 4636; x_wconf 89' lang='lat' dir='ltr'><strong>propter</strong></span> <span class='ocrx_word' id='word_1_695' title='bbox 2959 4580 3155 4619; x_wconf 73' lang='lat' dir='ltr'><strong>no&#39;nen</strong></span> <span class='ocrx_word' id='word_1_696' title='bbox 3187 4566 3452 4629; x_wconf 85' lang='lat' dir='ltr'><strong>auctoris,</strong></span> <span class='ocrx_word' id='word_1_697' title='bbox 3498 4566 3588 4633; x_wconf 92' lang='lat' dir='ltr'><strong>qui</strong></span> <span class='ocrx_word' id='word_1_698' title='bbox 3626 4566 3677 4618; x_wconf 90' lang='lat' dir='ltr'><strong>in</strong></span> <span class='ocrx_word' id='word_1_699' title='bbox 3711 4560 3821 4620; x_wconf 67' lang='lat' dir='ltr'><strong>hoc</strong></span> <span class='ocrx_word' id='word_1_700' title='bbox 3845 4567 4018 4619; x_wconf 83' lang='lat' dir='ltr'><strong>unico</strong></span> 
     </span>
    </p>
   </div>
   <div class='ocr_carea' id='block_1_52' title="bbox 725 4654 4018 4735">
    <p class='ocr_par' dir='ltr' id='par_1_52' title="bbox 725 4654 4018 4735">
     <span class='ocr_line' id='line_1_52' title="bbox 725 4654 4018 4735; baseline -0.004 -16"><span class='ocrx_word' id='word_1_701' title='bbox 725 4670 849 4722; x_wconf 89' lang='lat' dir='ltr'><strong>cod.</strong></span> <span class='ocrx_word' id='word_1_702' title='bbox 885 4665 1239 4735; x_wconf 75' lang='lat' dir='ltr'><strong>Philagathus</strong></span> <span class='ocrx_word' id='word_1_703' title='bbox 1292 4664 1630 4731; x_wconf 78' lang='lat' dir='ltr'><strong>philosOphus</strong></span> <span class='ocrx_word' id='word_1_704' title='bbox 1665 4671 2026 4726; x_wconf 83' lang='lat' dir='ltr'><strong>nuncupatur,</strong></span> <span class='ocrx_word' id='word_1_705' title='bbox 2064 4670 2176 4711; x_wconf 90' lang='lat' dir='ltr'><strong>tum</strong></span> <span class='ocrx_word' id='word_1_706' title='bbox 2223 4667 2447 4727; x_wconf 87' lang='lat' dir='ltr'><strong>propter</strong></span> <span class='ocrx_word' id='word_1_707' title='bbox 2488 4658 2749 4727; x_wconf 89' lang='lat' dir='ltr'><strong>majorem</strong></span> <span class='ocrx_word' id='word_1_708' title='bbox 2784 4656 3132 4709; x_wconf 89' lang='lat' dir='ltr'><strong>bomiliarum</strong></span> <span class='ocrx_word' id='word_1_709' title='bbox 3166 4669 3475 4718; x_wconf 87' lang='lat' dir='ltr'><strong>numerum,</strong></span> <span class='ocrx_word' id='word_1_710' title='bbox 3505 4669 3666 4722; x_wconf 88' lang='lat' dir='ltr'><strong>quam</strong></span> <span class='ocrx_word' id='word_1_711' title='bbox 3692 4654 3785 4723; x_wconf 91' lang='lat' dir='ltr'><strong>qui</strong></span> <span class='ocrx_word' id='word_1_712' title='bbox 3816 4654 3867 4706; x_wconf 88' lang='lat' dir='ltr'><strong>in</strong></span> <span class='ocrx_word' id='word_1_713' title='bbox 3898 4655 4018 4707; x_wconf 90' lang='lat' dir='ltr'><strong>ullo</strong></span> 
     </span>
    </p>
   </div>
   <div class='ocr_carea' id='block_1_53' title="bbox 725 4742 4019 4821">
    <p class='ocr_par' dir='ltr' id='par_1_53' title="bbox 725 4742 4019 4821">
     <span class='ocr_line' id='line_1_53' title="bbox 725 4742 4019 4821; baseline -0.005 -12"><span class='ocrx_word' id='word_1_714' title='bbox 725 4759 835 4811; x_wconf 90' lang='lat' dir='ltr'><strong>alio</strong></span> <span class='ocrx_word' id='word_1_715' title='bbox 875 4756 1061 4808; x_wconf 83' lang='lat' dir='ltr'><strong>codice</strong></span> <span class='ocrx_word' id='word_1_716' title='bbox 1103 4755 1393 4821; x_wconf 84' lang='lat' dir='ltr'><strong>reperitur.</strong></span> <span class='ocrx_word' id='word_1_717' title='bbox 1423 4752 1679 4805; x_wconf 78' lang='lat' dir='ltr'><strong>Cootiuet</strong></span> <span class='ocrx_word' id='word_1_718' title='bbox 1710 4753 1853 4803; x_wconf 85' lang='lat' dir='ltr'><strong>enim</strong></span> <span class='ocrx_word' id='word_1_719' title='bbox 1907 4754 2158 4805; x_wconf 76' lang='lat' dir='ltr'><strong>bomilias</strong></span> <span class='ocrx_word' id='word_1_720' title='bbox 2208 4746 2563 4813; x_wconf 87' lang='lat' dir='ltr'><strong>Theophanis</strong></span> <span class='ocrx_word' id='word_1_721' title='bbox 2597 4745 2937 4812; x_wconf 83' lang='lat' dir='ltr'><strong>septuaginta</strong></span> <span class='ocrx_word' id='word_1_722' title='bbox 2973 4751 3100 4796; x_wconf 86' lang='lat' dir='ltr'><strong>octo</strong></span> <span class='ocrx_word' id='word_1_723' title='bbox 3132 4752 3189 4796; x_wconf 89' lang='lat' dir='ltr'><strong>et</strong></span> <span class='ocrx_word' id='word_1_724' title='bbox 3239 4742 3402 4796; x_wconf 88' lang='lat' dir='ltr'><strong>habet</strong></span> <span class='ocrx_word' id='word_1_725' title='bbox 3443 4743 3849 4812; x_wconf 88' lang='lat' dir='ltr'><strong>duodetriginta</strong></span> <span class='ocrx_word' id='word_1_726' title='bbox 3885 4756 4019 4810; x_wconf 62' lang='lat' dir='ltr'><strong>quae</strong></span> 
     </span>
    </p>
   </div>
   <div class='ocr_carea' id='block_1_54' title="bbox 726 4828 4018 4917">
    <p class='ocr_par' dir='ltr' id='par_1_54' title="bbox 726 4828 4018 4917">
     <span class='ocr_line' id='line_1_54' title="bbox 726 4828 4018 4917; baseline -0.006 -18"><span class='ocrx_word' id='word_1_727' title='bbox 726 4862 900 4917; x_wconf 88' lang='lat' dir='ltr'><strong>neque</strong></span> <span class='ocrx_word' id='word_1_728' title='bbox 926 4845 977 4897; x_wconf 91' lang='lat' dir='ltr'><strong>in</strong></span> <span class='ocrx_word' id='word_1_729' title='bbox 1006 4842 1188 4898; x_wconf 91' lang='lat' dir='ltr'><strong>Scorsi</strong></span> <span class='ocrx_word' id='word_1_730' title='bbox 1223 4840 1483 4905; x_wconf 85' lang='lat' dir='ltr'><strong>editione,</strong></span> <span class='ocrx_word' id='word_1_731' title='bbox 1518 4854 1694 4907; x_wconf 84' lang='lat' dir='ltr'><strong>neque</strong></span> <span class='ocrx_word' id='word_1_732' title='bbox 1744 4840 1887 4891; x_wconf 90' lang='lat' dir='ltr'><strong>intcr</strong></span> <span class='ocrx_word' id='word_1_733' title='bbox 1922 4840 2041 4894; x_wconf 68' lang='lat' dir='ltr'><strong>illas</strong></span> <span class='ocrx_word' id='word_1_734' title='bbox 2076 4844 2375 4892; x_wconf 88' lang='lat' dir='ltr'><strong>occurrunt</strong></span> <span class='ocrx_word' id='word_1_735' title='bbox 2404 4848 2538 4902; x_wconf 90' lang='lat' dir='ltr'><strong>quas</strong></span> <span class='ocrx_word' id='word_1_736' title='bbox 2569 4832 2679 4885; x_wconf 89' lang='lat' dir='ltr'><strong>Leo</strong></span> <span class='ocrx_word' id='word_1_737' title='bbox 2724 4830 2954 4885; x_wconf 82' lang='lat' dir='ltr'><strong>Allatius</strong></span> <span class='ocrx_word' id='word_1_738' title='bbox 2986 4832 3039 4882; x_wconf 89' lang='lat' dir='ltr'><strong>in</strong></span> <span class='ocrx_word' id='word_1_739' title='bbox 3071 4829 3312 4882; x_wconf 86' lang='lat' dir='ltr'><strong>Diatribe</strong></span> <span class='ocrx_word' id='word_1_740' title='bbox 3337 4830 3404 4882; x_wconf 88' lang='lat' dir='ltr'><strong>de</strong></span> <span class='ocrx_word' id='word_1_741' title='bbox 3449 4828 3701 4899; x_wconf 84' lang='lat' dir='ltr'><strong>Georgiis</strong></span> <span class='ocrx_word' id='word_1_742' title='bbox 3751 4840 4018 4898; x_wconf 83' lang='lat' dir='ltr'><strong>tanquam</strong></span> 
     </span>
    </p>
   </div>
   <div class='ocr_carea' id='block_1_55' title="bbox 725 4919 4019 4999">
    <p class='ocr_par' dir='ltr' id='par_1_55' title="bbox 725 4919 4019 4999">
     <span class='ocr_line' id='line_1_55' title="bbox 725 4919 4019 4999; baseline -0.006 -9"><span class='ocrx_word' id='word_1_743' title='bbox 725 4936 961 4990; x_wconf 85' lang='lat' dir='ltr'><strong>ineditas</strong></span> <span class='ocrx_word' id='word_1_744' title='bbox 992 4932 1181 4987; x_wconf 82' lang='lat' dir='ltr'><strong>refert.</strong></span> <span class='ocrx_word' id='word_1_745' title='bbox 1214 4929 1560 4999; x_wconf 86' lang='lat' dir='ltr'><strong>Quapropter</strong></span> <span class='ocrx_word' id='word_1_746' title='bbox 1591 4926 1782 4981; x_wconf 87' lang='lat' dir='ltr'><strong>Iriarte</strong></span> <span class='ocrx_word' id='word_1_747' title='bbox 1813 4928 1866 4981; x_wconf 92' lang='lat' dir='ltr'><strong>in</strong></span> <span class='ocrx_word' id='word_1_748' title='bbox 1900 4927 2018 4981; x_wconf 85' lang='lat' dir='ltr'><strong>Cat.</strong></span> <span class='ocrx_word' id='word_1_749' title='bbox 2054 4926 2213 4980; x_wconf 83' lang='lat' dir='ltr'><strong>codd.</strong></span> <span class='ocrx_word' id='word_1_750' title='bbox 2242 4924 2340 4979; x_wconf 87' lang='lat' dir='ltr'><strong>Gr.</strong></span> <span class='ocrx_word' id='word_1_751' title='bbox 2378 4922 2604 4987; x_wconf 78' lang='lat' dir='ltr'><strong>Matrit.,</strong></span> <span class='ocrx_word' id='word_1_752' title='bbox 2643 4936 2697 4990; x_wconf 91' lang='lat' dir='ltr'><strong>p.</strong></span> <span class='ocrx_word' id='word_1_753' title='bbox 2734 4920 2925 4982; x_wconf 78' lang='lat'><strong>55-70,</strong></span> <span class='ocrx_word' id='word_1_754' title='bbox 2958 4920 3180 4988; x_wconf 87' lang='lat' dir='ltr'><strong>copiose</strong></span> <span class='ocrx_word' id='word_1_755' title='bbox 3216 4934 3321 4971; x_wconf 91' lang='lat' dir='ltr'><strong>non</strong></span> <span class='ocrx_word' id='word_1_756' title='bbox 3357 4919 3535 4972; x_wconf 89' lang='lat' dir='ltr'><strong>minus</strong></span> <span class='ocrx_word' id='word_1_757' title='bbox 3573 4933 3736 4986; x_wconf 88' lang='lat' dir='ltr'><strong>quam</strong></span> <span class='ocrx_word' id='word_1_758' title='bbox 3772 4919 4019 4985; x_wconf 77' lang='lat' dir='ltr'><strong>diligen-</strong></span> 
     </span>
    </p>
   </div>
   <div class='ocr_carea' id='block_1_56' title="bbox 726 5005 4016 5088">
    <p class='ocr_par' dir='ltr' id='par_1_56' title="bbox 726 5005 4016 5088">
     <span class='ocr_line' id='line_1_56' title="bbox 726 5005 4016 5088; baseline -0.006 -8"><span class='ocrx_word' id='word_1_759' title='bbox 726 5037 807 5080; x_wconf 89' lang='lat' dir='ltr'><strong>ter</strong></span> <span class='ocrx_word' id='word_1_760' title='bbox 834 5021 1133 5087; x_wconf 87' lang='lat' dir='ltr'><strong>recensuit,</strong></span> <span class='ocrx_word' id='word_1_761' title='bbox 1163 5029 1219 5074; x_wconf 88' lang='lat' dir='ltr'><strong>et</strong></span> <span class='ocrx_word' id='word_1_762' title='bbox 1248 5034 1312 5073; x_wconf 84' lang='lat' dir='ltr'><strong>ex</strong></span> <span class='ocrx_word' id='word_1_763' title='bbox 1346 5019 1468 5074; x_wconf 89' lang='lat' dir='ltr'><strong>cod.</strong></span> <span class='ocrx_word' id='word_1_764' title='bbox 1495 5032 1594 5073; x_wconf 88' lang='lat' dir='ltr'><strong>suo</strong></span> <span class='ocrx_word' id='word_1_765' title='bbox 1627 5016 1968 5088; x_wconf 87' lang='lat' dir='ltr'><strong>singularum</strong></span> <span class='ocrx_word' id='word_1_766' title='bbox 2008 5015 2383 5082; x_wconf 89' lang='lat' dir='ltr'><strong>bomiliarum,</strong></span> <span class='ocrx_word' id='word_1_767' title='bbox 2412 5026 2649 5082; x_wconf 85' lang='lat' dir='ltr'><strong>quarum</strong></span> <span class='ocrx_word' id='word_1_768' title='bbox 2680 5023 2896 5078; x_wconf 89' lang='lat' dir='ltr'><strong>quoque</strong></span> <span class='ocrx_word' id='word_1_769' title='bbox 2924 5008 3060 5061; x_wconf 88' lang='lat' dir='ltr'><strong>ordo</strong></span> <span class='ocrx_word' id='word_1_770' title='bbox 3085 5005 3352 5060; x_wconf 83' lang='lat' dir='ltr'><strong>dill&#39;ertab</strong></span> <span class='ocrx_word' id='word_1_771' title='bbox 3380 5005 3565 5067; x_wconf 87' lang='lat' dir='ltr'><strong>editis,</strong></span> <span class='ocrx_word' id='word_1_772' title='bbox 3595 5005 4016 5075; x_wconf 90' lang='lat' dir='ltr'><strong>inscriptiones,</strong></span> 
     </span>
    </p>
   </div>
   <div class='ocr_carea' id='block_1_57' title="bbox 722 5094 4015 5182">
    <p class='ocr_par' dir='ltr' id='par_1_57' title="bbox 722 5094 4015 5182">
     <span class='ocr_line' id='line_1_57' title="bbox 722 5094 4015 5182; baseline -0.006 -15"><span class='ocrx_word' id='word_1_773' title='bbox 722 5115 790 5167; x_wconf 88' lang='lat' dir='ltr'><strong>iis</strong></span> <span class='ocrx_word' id='word_1_774' title='bbox 818 5128 956 5182; x_wconf 87' lang='lat' dir='ltr'><strong>quas</strong></span> <span class='ocrx_word' id='word_1_775' title='bbox 986 5111 1220 5166; x_wconf 87' lang='lat' dir='ltr'><strong>Scorsns</strong></span> <span class='ocrx_word' id='word_1_776' title='bbox 1251 5108 1439 5173; x_wconf 85' lang='lat' dir='ltr'><strong>edidit,</strong></span> <span class='ocrx_word' id='word_1_777' title='bbox 1475 5108 1761 5163; x_wconf 88' lang='lat' dir='ltr'><strong>uberiores</strong></span> <span class='ocrx_word' id='word_1_778' title='bbox 1808 5107 2127 5175; x_wconf 73' lang='lat' dir='ltr'><strong>plerumque</strong></span> <span class='ocrx_word' id='word_1_779' title='bbox 2152 5120 2217 5159; x_wconf 88' lang='lat' dir='ltr'><strong>ac</strong></span> <span class='ocrx_word' id='word_1_780' title='bbox 2250 5102 2634 5171; x_wconf 82' lang='lat' dir='ltr'><strong>locupletiores</strong></span> <span class='ocrx_word' id='word_1_781' title='bbox 2666 5096 2917 5160; x_wconf 87' lang='lat' dir='ltr'><strong>reddidit,</strong></span> <span class='ocrx_word' id='word_1_782' title='bbox 2958 5096 3253 5163; x_wconf 84' lang='lat' dir='ltr'><strong>variasque</strong></span> <span class='ocrx_word' id='word_1_783' title='bbox 3297 5094 3680 5160; x_wconf 78' lang='lat' dir='ltr'><strong>memorabiles</strong></span> <span class='ocrx_word' id='word_1_784' title='bbox 3720 5094 3849 5148; x_wconf 83' lang='lat' dir='ltr'><strong>hinc</strong></span> <span class='ocrx_word' id='word_1_785' title='bbox 3880 5094 4015 5149; x_wconf 85' lang='lat' dir='ltr'><strong>inde</strong></span> 
     </span>
    </p>
   </div>
   <div class='ocr_carea' id='block_1_58' title="bbox 720 5184 4017 5273">
    <p class='ocr_par' dir='ltr' id='par_1_58' title="bbox 720 5184 4017 5273">
     <span class='ocr_line' id='line_1_58' title="bbox 720 5184 4017 5273; baseline -0.006 -17"><span class='ocrx_word' id='word_1_786' title='bbox 720 5200 963 5273; x_wconf 87' lang='lat' dir='ltr'><strong>aspersit</strong></span> <span class='ocrx_word' id='word_1_787' title='bbox 995 5198 1530 5259; x_wconf 73' lang='lat' dir='ltr'><strong>animadversiones,</strong></span> <span class='ocrx_word' id='word_1_788' title='bbox 1564 5197 1616 5249; x_wconf 91' lang='lat' dir='ltr'><strong>in</strong></span> <span class='ocrx_word' id='word_1_789' title='bbox 1645 5196 1844 5265; x_wconf 91' lang='lat' dir='ltr'><strong>quibus</strong></span> <span class='ocrx_word' id='word_1_790' title='bbox 1870 5197 2035 5248; x_wconf 90' lang='lat' dir='ltr'><strong>etiam</strong></span> <span class='ocrx_word' id='word_1_791' title='bbox 2068 5195 2256 5248; x_wconf 89' lang='lat' dir='ltr'><strong>Scorsi</strong></span> <span class='ocrx_word' id='word_1_792' title='bbox 2288 5192 2458 5247; x_wconf 87' lang='lat' dir='ltr'><strong>editio</strong></span> <span class='ocrx_word' id='word_1_793' title='bbox 2492 5189 2651 5244; x_wconf 91' lang='lat' dir='ltr'><strong>modo</strong></span> <span class='ocrx_word' id='word_1_794' title='bbox 2679 5186 3180 5255; x_wconf 76' lang='lat' dir='ltr'><strong>explicatur&#39;atque</strong></span> <span class='ocrx_word' id='word_1_795' title='bbox 3204 5184 3548 5245; x_wconf 87' lang='lat' dir='ltr'><strong>emendatur,</strong></span> <span class='ocrx_word' id='word_1_796' title='bbox 3583 5184 3744 5237; x_wconf 87' lang='lat' dir='ltr'><strong>modo</strong></span> <span class='ocrx_word' id='word_1_797' title='bbox 3784 5184 4017 5250; x_wconf 85' lang='lat' dir='ltr'><strong>supple-</strong></span> 
     </span>
    </p>
   </div>
   <div class='ocr_carea' id='block_1_59' title="bbox 720 5271 2367 5354">
    <p class='ocr_par' dir='ltr' id='par_1_59' title="bbox 720 5271 2367 5354">
     <span class='ocr_line' id='line_1_59' title="bbox 720 5271 2367 5354; baseline -0.006 -10"><span class='ocrx_word' id='word_1_798' title='bbox 720 5271 830 5344; x_wconf 74' lang='lat' dir='ltr'><strong>tur.</strong></span> <span class='ocrx_word' id='word_1_799' title='bbox 857 5286 1073 5342; x_wconf 82' lang='lat' dir='ltr'><strong>Titulus</strong></span> <span class='ocrx_word' id='word_1_800' title='bbox 1104 5296 1285 5341; x_wconf 81' lang='lat' dir='ltr'><strong>autem</strong></span> <span class='ocrx_word' id='word_1_801' title='bbox 1323 5295 1437 5340; x_wconf 87' lang='lat' dir='ltr'><strong>est:</strong></span> <span class='ocrx_word' id='word_1_802' title='bbox 1482 5284 1714 5354; x_wconf 80' lang='grc' dir='ltr'><strong>Πόνημα</strong></span> <span class='ocrx_word' id='word_1_803' title='bbox 1744 5282 2056 5351; x_wconf 77' lang='grc' dir='ltr'><strong>Φιλαγάϐου</strong></span> <span class='ocrx_word' id='word_1_804' title='bbox 2079 5282 2173 5335; x_wconf 78' lang='grc' dir='ltr'><strong>τοῦ</strong></span> <span class='ocrx_word' id='word_1_805' title='bbox 2206 5282 2367 5351; x_wconf 76' lang='grc' dir='ltr'>φιλοσ</span> 
     </span>
    </p>
   </div>
   <div class='ocr_carea' id='block_1_60' title="bbox 2370 5271 4017 5354">
    <p class='ocr_par' dir='ltr' id='par_1_60' title="bbox 2370 5271 4017 5349">
     <span class='ocr_line' id='line_1_60' title="bbox 2370 5271 4017 5349; baseline -0.005 -17"><span class='ocrx_word' id='word_1_806' title='bbox 2370 5281 2525 5349; x_wconf 75' lang='grc' dir='ltr'>όφου,</span> <span class='ocrx_word' id='word_1_807' title='bbox 2552 5293 2680 5346; x_wconf 75' lang='lat' dir='ltr'><strong>opus</strong></span> <span class='ocrx_word' id='word_1_808' title='bbox 2721 5274 3039 5344; x_wconf 69' lang='lat' dir='ltr'><strong>Philagathi</strong></span> <span class='ocrx_word' id='word_1_809' title='bbox 3067 5272 3385 5340; x_wconf 79' lang='lat' dir='ltr'><strong>philosOphi,</strong></span> <span class='ocrx_word' id='word_1_810' title='bbox 3432 5286 3540 5341; x_wconf 92' lang='lat' dir='ltr'><strong>quo</strong></span> <span class='ocrx_word' id='word_1_811' title='bbox 3573 5271 3793 5326; x_wconf 78' lang='lat' dir='ltr'><strong>nomine</strong></span> <span class='ocrx_word' id='word_1_812' title='bbox 3826 5271 4017 5325; x_wconf 85' lang='lat' dir='ltr'><strong>Theo-</strong></span> 
     </span>
    </p>
   </div>
   <div class='ocr_carea' id='block_1_61' title="bbox 789 5468 4016 5555">
    <p class='ocr_par' dir='ltr' id='par_1_61' title="bbox 789 5468 4016 5555">
     <span class='ocr_line' id='line_1_61' title="bbox 789 5468 4016 5555; baseline -0.008 -13"><span class='ocrx_word' id='word_1_813' title='bbox 789 5491 856 5555; x_wconf 84' lang='lat' dir='ltr'><strong>(e)</strong></span> <span class='ocrx_word' id='word_1_814' title='bbox 897 5487 1023 5543; x_wconf 80' lang='lat' dir='ltr'><strong>Sive</strong></span> <span class='ocrx_word' id='word_1_815' title='bbox 1052 5501 1104 5554; x_wconf 91' lang='lat' dir='ltr'><strong>p.</strong></span> <span class='ocrx_word' id='word_1_816' title='bbox 1144 5485 1215 5539; x_wconf 80' lang='lat'><strong>55</strong></span> <span class='ocrx_word' id='word_1_817' title='bbox 1248 5499 1369 5554; x_wconf 83' lang='lat' dir='ltr'><strong>sqq.</strong></span> <span class='ocrx_word' id='word_1_818' title='bbox 1415 5483 1507 5539; x_wconf 89' lang='lat' dir='ltr'><strong>ed.</strong></span> <span class='ocrx_word' id='word_1_819' title='bbox 1537 5483 1740 5537; x_wconf 79' lang='lat' dir='ltr'><strong>Kullar.</strong></span> <span class='ocrx_word' id='word_1_820' title='bbox 1775 5482 1852 5537; x_wconf 89' lang='lat' dir='ltr'><strong>De</strong></span> <span class='ocrx_word' id='word_1_821' title='bbox 1885 5483 2003 5555; x_wconf 78' lang='lat' dir='ltr'><strong>cod.</strong></span> <span class='ocrx_word' id='word_1_822' title='bbox 2036 5480 2178 5555; x_wconf 75' lang='lat' dir='ltr'><strong>Caes.</strong></span> <span class='ocrx_word' id='word_1_823' title='bbox 2208 5478 2309 5535; x_wconf 73' lang='grc'>102</span> <span class='ocrx_word' id='word_1_824' title='bbox 2424 5475 2545 5555; x_wconf 66' lang='grc'>161,</span> <span class='ocrx_word' id='word_1_825' title='bbox 2587 5492 2684 5555; x_wconf 76' lang='lat' dir='ltr'><strong>nec</strong></span> <span class='ocrx_word' id='word_1_826' title='bbox 2723 5475 3135 5555; x_wconf 68' lang='lat' dir='ltr'><strong>Theophancpi,</strong></span> <span class='ocrx_word' id='word_1_827' title='bbox 3186 5488 3283 5555; x_wconf 67' lang='lat' dir='ltr'><strong>nec</strong></span> <span class='ocrx_word' id='word_1_828' title='bbox 3324 5468 3658 5555; x_wconf 56' lang='lat' dir='ltr'><strong>Gregot‘jtltn&#39;</strong></span> <span class='ocrx_word' id='word_1_829' title='bbox 3684 5470 4016 5555; x_wconf 51' lang='lat' dir='ltr'><strong>ntttt&#39;t‘tlpari,</strong></span> 
     </span>
    </p>
   </div>
   <div class='ocr_carea' id='block_1_62' title="bbox 720 5538 4014 5621">
    <p class='ocr_par' dir='ltr' id='par_1_62' title="bbox 720 5538 4014 5621">
     <span class='ocr_line' id='line_1_62' title="bbox 720 5538 4014 5621; baseline -0.008 -7"><span class='ocrx_word' id='word_1_830' title='bbox 720 5538 862 5615; x_wconf 39' lang='grc' dir='ltr'><strong>ηδέ.</strong></span> <span class='ocrx_word' id='word_1_831' title='bbox 899 5538 1067 5612; x_wconf 60' lang='lat' dir='ltr'><strong>ubiv:</strong></span> <span class='ocrx_word' id='word_1_832' title='bbox 1103 5538 1307 5609; x_wconf 56' lang='lat' dir='ltr'><strong>Kellar:</strong></span> <span class='ocrx_word' id='word_1_833' title='bbox 1334 5538 1453 5609; x_wconf 62' lang='lat' dir='ltr'><strong>&#39;not.</strong></span> <span class='ocrx_word' id='word_1_834' title='bbox 1573 5555 1633 5609; x_wconf 72' lang='grc'>41</span> <span class='ocrx_word' id='word_1_835' title='bbox 1672 5568 1857 5621; x_wconf 88' lang='lat' dir='ltr'><strong>seqq.,</strong></span> <span class='ocrx_word' id='word_1_836' title='bbox 1897 5553 2150 5606; x_wconf 89' lang='lat' dir='ltr'><strong>Lambec.</strong></span> <span class='ocrx_word' id='word_1_837' title='bbox 2182 5560 2302 5617; x_wconf 89' lang='lat' dir='ltr'><strong>post</strong></span> <span class='ocrx_word' id='word_1_838' title='bbox 2410 5551 2503 5621; x_wconf 78' lang='lat' dir='ltr'><strong>sed</strong></span> <span class='ocrx_word' id='word_1_839' title='bbox 2532 5538 2647 5601; x_wconf 74' lang='lat' dir='ltr'><strong>Solo</strong></span> <span class='ocrx_word' id='word_1_840' title='bbox 2674 5538 3329 5621; x_wconf 31' lang='lat' dir='ltr'><strong>cognomine‘Kepapeb;</strong></span> <span class='ocrx_word' id='word_1_841' title='bbox 3354 5538 3855 5621; x_wconf 45' lang='lat' dir='ltr'><strong>si\&#39;_é_Eigll[u8..De.</strong></span> <span class='ocrx_word' id='word_1_842' title='bbox 3882 5541 4014 5621; x_wconf 42' lang='lat' dir='ltr'><strong>coll;</strong></span> 
     </span>
    </p>
   </div>
   <div class='ocr_carea' id='block_1_63' title="bbox 718 5608 4019 5697">
    <p class='ocr_par' dir='ltr' id='par_1_63' title="bbox 718 5608 4019 5697">
     <span class='ocr_line' id='line_1_63' title="bbox 718 5608 4019 5697; baseline -0.005 -16"><span class='ocrx_word' id='word_1_843' title='bbox 718 5608 881 5697; x_wconf 48' lang='lat' dir='ltr'><strong>qua—nt</strong></span> <span class='ocrx_word' id='word_1_844' title='bbox 906 5608 1169 5683; x_wconf 64' lang='lat' dir='ltr'><strong>ordinem</strong></span> <span class='ocrx_word' id='word_1_845' title='bbox 1205 5608 1666 5697; x_wconf 13' lang='lat' dir='ltr'><strong>homiliariumrin</strong></span> <span class='ocrx_word' id='word_1_846' title='bbox 1699 5608 1803 5677; x_wconf 71' lang='lat' dir='ltr'><strong>hoc</strong></span> <span class='ocrx_word' id='word_1_847' title='bbox 1837 5608 1958 5697; x_wconf 81' lang='lat' dir='ltr'><strong>cod.</strong></span> <span class='ocrx_word' id='word_1_848' title='bbox 1997 5608 2295 5681; x_wconf 75' lang='lat' dir='ltr'><strong>servatum,</strong></span> <span class='ocrx_word' id='word_1_849' title='bbox 2408 5619 2611 5697; x_wconf 49' lang='lat' dir='ltr'><strong>lia-sar.</strong></span> <span class='ocrx_word' id='word_1_850' title='bbox 2664 5618 2788 5697; x_wconf 53' lang='grc'>11-1,</span> <span class='ocrx_word' id='word_1_851' title='bbox 2817 5634 2869 5670; x_wconf 90' lang='lat' dir='ltr'><strong>n.</strong></span> <span class='ocrx_word' id='word_1_852' title='bbox 2903 5617 2935 5670; x_wconf 90' lang='lat'><strong>8</strong></span> <span class='ocrx_word' id='word_1_853' title='bbox 2971 5608 3310 5697; x_wconf 47' lang='lat' dir='ltr'><strong>l_l‘.tt_ttil).&#39;|ll,</strong></span> <span class='ocrx_word' id='word_1_854' title='bbox 3345 5630 3398 5680; x_wconf 67' lang='lat' dir='ltr'><strong>p,</strong></span> <span class='ocrx_word' id='word_1_855' title='bbox 3429 5612 3575 5693; x_wconf 42' lang='grc'>154).</span> <span class='ocrx_word' id='word_1_856' title='bbox 3605 5610 3658 5697; x_wconf 80' lang='lat' dir='ltr'><strong>in</strong></span> <span class='ocrx_word' id='word_1_857' title='bbox 3684 5608 4019 5697; x_wconf 2' lang='lat' dir='ltr'><strong>ppritiiis2g‘fl8</strong></span> 
     </span>
    </p>
   </div>
   <div class='ocr_carea' id='block_1_64' title="bbox 718 5680 4017 5771">
    <p class='ocr_par' dir='ltr' id='par_1_64' title="bbox 718 5680 4017 5771">
     <span class='ocr_line' id='line_1_64' title="bbox 718 5680 4017 5771; baseline -0.006 -20"><span class='ocrx_word' id='word_1_858' title='bbox 718 5680 1132 5771; x_wconf 8' lang='lat' dir='ltr'><strong>etlsingularum</strong></span> <span class='ocrx_word' id='word_1_859' title='bbox 1163 5696 1546 5771; x_wconf 82' lang='lat' dir='ltr'><strong>inscriptiones</strong></span> <span class='ocrx_word' id='word_1_860' title='bbox 1580 5696 1837 5771; x_wconf 78' lang='lat' dir='ltr'><strong>initiaquc</strong></span> <span class='ocrx_word' id='word_1_861' title='bbox 1862 5696 2146 5771; x_wconf 72' lang='lat' dir='ltr'><strong>indicarat,</strong></span> <span class='ocrx_word' id='word_1_862' title='bbox 2181 5680 2297 5771; x_wconf 34' lang='lat' dir='ltr'><strong>ipp:</strong></span> <span class='ocrx_word' id='word_1_863' title='bbox 2409 5689 2685 5771; x_wconf 74' lang='lat' dir='ltr'><strong>(Lambec.</strong></span> <span class='ocrx_word' id='word_1_864' title='bbox 2721 5680 2790 5751; x_wconf 77' lang='grc' dir='ltr'><strong>γ;</strong></span> <span class='ocrx_word' id='word_1_865' title='bbox 2822 5704 2940 5758; x_wconf 80' lang='lat' dir='ltr'><strong>pag.</strong></span> <span class='ocrx_word' id='word_1_866' title='bbox 2976 5682 3086 5743; x_wconf 83' lang='grc'>117</span> <span class='ocrx_word' id='word_1_867' title='bbox 3118 5688 3319 5754; x_wconf 76' lang='lat' dir='ltr'><strong>scqq,),</strong></span> <span class='ocrx_word' id='word_1_868' title='bbox 3346 5699 3507 5753; x_wconf 85' lang='lat' dir='ltr'><strong>supra</strong></span> <span class='ocrx_word' id='word_1_869' title='bbox 3532 5680 3651 5750; x_wconf 43' lang='lat' dir='ltr'><strong>&#39;jam</strong></span> <span class='ocrx_word' id='word_1_870' title='bbox 3681 5680 3835 5750; x_wconf 88' lang='lat' dir='ltr'><strong>plura</strong></span> <span class='ocrx_word' id='word_1_871' title='bbox 3867 5680 4017 5735; x_wconf 85' lang='lat' dir='ltr'><strong>scri-</strong></span> 
     </span>
    </p>
   </div>
   <div class='ocr_carea' id='block_1_65' title="bbox 721 5760 2720 5839">
    <p class='ocr_par' dir='ltr' id='par_1_65' title="bbox 721 5760 2720 5839">
     <span class='ocr_line' id='line_1_65' title="bbox 721 5760 2720 5839; baseline -0.005 -16"><span class='ocrx_word' id='word_1_872' title='bbox 721 5782 811 5824; x_wconf 86' lang='lat' dir='ltr'><strong>uct</strong></span> <span class='ocrx_word' id='word_1_873' title='bbox 845 5760 1130 5839; x_wconf 58' lang='lat' dir='ltr'><strong>docetque.</strong></span> <span class='ocrx_word' id='word_1_874' title='bbox 1165 5760 1439 5822; x_wconf 78' lang='lat' dir='ltr'><strong>auctorem</strong></span> <span class='ocrx_word' id='word_1_875' title='bbox 1474 5760 1760 5839; x_wconf 69' lang='lat' dir='ltr'><strong>illarumid</strong></span> <span class='ocrx_word' id='word_1_876' title='bbox 1795 5768 1917 5820; x_wconf 90' lang='lat' dir='ltr'><strong>cod.</strong></span> <span class='ocrx_word' id='word_1_877' title='bbox 1953 5765 2153 5839; x_wconf 58' lang='lat' dir='ltr'><strong>Gaesar.</strong></span> <span class='ocrx_word' id='word_1_878' title='bbox 2408 5760 2510 5831; x_wconf 88' lang='lat' dir='ltr'><strong>psi.</strong></span> <span class='ocrx_word' id='word_1_879' title='bbox 2549 5761 2720 5815; x_wconf 71' lang='lat' dir='ltr'><strong>HanL.</strong></span> 
     </span>
    </p>
   </div>
   <div class='ocr_carea' id='block_1_66' title="bbox 720 5834 2293 5900">
    <p class='ocr_par' dir='ltr' id='par_1_66' title="bbox 720 5834 2293 5900">
     <span class='ocr_line' id='line_1_66' title="bbox 720 5834 2293 5900; baseline -0.008 -3"><span class='ocrx_word' id='word_1_880' title='bbox 720 5844 899 5899; x_wconf 73' lang='lat' dir='ltr'><strong>vocari</strong></span> <span class='ocrx_word' id='word_1_881' title='bbox 931 5834 1241 5900; x_wconf 67' lang='lat' dir='ltr'><strong>Gronor-ium</strong></span> <span class='ocrx_word' id='word_1_882' title='bbox 1272 5839 1505 5897; x_wconf 82' lang='lat' dir='ltr'><strong>Ccrum.;</strong></span> <span class='ocrx_word' id='word_1_883' title='bbox 1549 5840 1599 5892; x_wconf 90' lang='lat' dir='ltr'><strong>in</strong></span> <span class='ocrx_word' id='word_1_884' title='bbox 1634 5837 1755 5893; x_wconf 91' lang='lat' dir='ltr'><strong>cod.</strong></span> <span class='ocrx_word' id='word_1_885' title='bbox 1790 5844 1969 5892; x_wconf 85' lang='lat' dir='ltr'><strong>autem</strong></span> <span class='ocrx_word' id='word_1_886' title='bbox 2007 5836 2126 5895; x_wconf 82' lang='lat' dir='ltr'><strong>lll.</strong></span> <span class='ocrx_word' id='word_1_887' title='bbox 2167 5834 2293 5891; x_wconf 89' lang='lat' dir='ltr'><strong>olim</strong></span> 
     </span>
    </p>
   </div>
  </div>
