4172 6432
681 378 749 441 27
1858 379 2236 440 RECENSIO
2274 376 2441 438 COD.
2485 375 2806 438 IlIA'l‘RIT.
3876 370 3949 433 28

684 494 877 557 σιούς.
926 496 1151 564 Ἐλὲχοη
1212 499 1266 549 ἐν
1318 500 1383 566 τῇ
1436 498 1591 566 ἑορτῇ
1633 493 1723 547 τοῦ
1786 494 1939 560 ἁγίου
1974 495 2266 547 Νικολάου.

683 584 721 635 S
756 601 865 637 rmo
897 586 986 639 50.
1029 588 1263 639 Humilia
1312 589 1457 640 dicta
1487 588 1536 639 in
1581 584 1968 640 Bealitudiues.
2019 590 2268 639 Pronun-

682 679 816 730 tiata
855 680 957 745 fuit
985 681 1038 731 in
1068 680 1201 746 festo
1230 678 1289 732 S.
1326 679 1558 733 Nicolai.
1585 678 1801 747 Incipit,
1840 678 1968 729 Ὅτε
1998 678 2134 744 πρὸς
2167 677 2265 743 τὴν

685 769 880 822 ἑαυτοῦ
922 771 1072 823 θεὲαν
1105 770 1325 839 αὐλὴνὸ
1360 769 1639 838 Δεσπότης
1678 769 1863 822 ἐκάλει
1894 768 1960 821 τὰ
1989 766 2095 820 ἴδια
2134 766 2267 836 πρό-

683 861 841 913 ϐατα.
880 861 974 914 Est
1005 862 1201 915 ibidem
1229 862 1318 916 51.

755 954 842 1016 73,
888 970 1095 1008 averso.
1155 955 1287 1020 Λόγ.
1337 954 1437 1009 λα’.

680 1046 977 1108 Γενέσεως.
1021 1067 1037 1098 ι
1112 1047 1206 1098 καὶ
1275 1047 1402 1116 περὶ
1472 1047 1726 1118 Μάρθας.
1786 1046 2005 1112 Ἐλέχίὶη

681 1135 898 1200 ἅμῦωκι
931 1137 1180 1205 Κυριακῇ
1212 1136 1315 1206 προ
1341 1141 1439 1208 τῆς
1464 1138 1701 1208 Χριστοῦ
1731 1140 2058 1206 γεννήσεως.
2084 1134 2265 1190 Sermo

682 1226 773 1279 51.
810 1226 1043 1281 "ciuilia
1087 1231 1139 1281 iu
1185 1230 1319 1281 illud
1343 1246 1360 1281 :
1398 1251 1415 1281 t
1447 1229 1601 1284 Liber
1629 1229 2013 1287 Geuerationis,
2049 1248 2065 1279 ι
2110 1237 2156 1281 et
2203 1227 2265 1279 de

687 1316 923 1371 Mart/ta.
956 1318 1313 1374 Prouunliatu
1346 1323 1445 1389 fuit
1472 1324 1527 1376 in
1569 1325 1787 1376 amboue
1830 1321 2101 1375 Dominica
2145 1328 2265 1372 ante

683 1412 879 1465 Clu-isti
901 1412 1271 1470 Nativitatem.
1315 1415 1523 1486 Incipit,
1549 1415 1655 1470 Τοῦ
1690 1417 1787 1486 μὲν
1817 1414 2078 1482 αἰσθητοῦ
2111 1412 2264 1483 ἡλίου

680 1502 775 1556 τοῦ
805 1505 1102 1573 ὁρίζοντος.
1142 1506 1471 1561 Nntneratur
1512 1508 1705 1561 ibidem
1744 1508 1830 1561 l5.

751 1597 837 1649 76.
880 1599 1012 1666 Λόγ.
1040 1598 1141 1667 λβ’.
1172 1597 1388 1667 Ὀμιλία
1422 1602 1503 1661 εἰς
1534 1600 1593 1653 τὸ
1618 1602 1757 1653 κατὰ
1789 1601 2066 1653 Ματοαῖον
2093 1600 2266 1666 Εὐαγ-

681 1687 777 1750 γὲλ
803 1705 882 1755 ον,
920 1690 1172 1759 κυριακῇ
1208 1693 1267 1742 A'
1293 1691 1599 1756 Ματοαίου,
1656 1711 1672 1742 ι
1698 1684 1894 1755 ΔὍστις
1943 1692 2264 1759 ὁμολογήσει

680 1779 738 1829 ἐν
789 1781 932 1847 ἐμοί.
964 1800 983 1833 ι
1030 1782 1252 1854 Ἐλέχθη
1297 1786 1354 1837 ἐν
1397 1784 1473 1850 τῷ
1516 1783 1731 1852 ἄμϐωνι
1782 1784 1880 1853 τῆς
1933 1784 2259 1853 ἐπισκοπῆς.

682 1872 868 1925 Sermo
903 1874 989 1928 52.
1028 1873 1267 1929 Ilomilia
1312 1878 1366 1929 in
1414 1876 1756 1951 Evangefium
1796 1880 2085 1931 secundum
2124 1877 2264 1930 Mut-

592 1996 597 2000 -
679 1965 894 2028 tha'um,
934 1965 1208 2022 Dominica
1254 1986 1267 2022 l
1319 1968 1558 2023 Mattluci
1586 1985 1606 2023 :
1633 1990 1650 2022 ι
1692 1971 2003 2039 Quicunque
2050 1970 2267 2036 con/ite.-

680 2058 821 2110 bitur
860 2076 957 2111 me.
1005 2080 1023 2111 ι
1059 2061 1414 2115 Prouuutiata
1454 2062 1557 2130 fuit
1600 2064 1654 2115 in
1698 2063 1917 2116 amboue
1954 2062 2264 2131 episwpalis

676 2151 926 2208 ccclesitt'.
963 2153 1173 2223 Incipit,
1227 2154 1285 2209 Ὀ
1318 2156 1418 2225 μὲν
1459 2157 1651 2227 καιρὸς
1695 2157 1830 2226 apii;
1876 2156 2011 2208 αὐτὸ
2057 2158 2117 2208 τὸ
2164 2156 2261 2209 τοῦ

676 2240 853 2313 ἔαρος.
895 2246 988 2300 Est
1021 2248 1214 2301 ibident
1247 2250 1334 2303 41.
1428 2308 1431 2311 ν

748 2338 837 2405 79,
882 2355 1090 2394 averso.
1122 2344 1254 2408 Λὸγ.
1289 2344 1388 2410 λγ’.
1437 2343 1657 2414 Ὀμιλία
1690 2348 1770 2410 εἰς
1805 2346 1878 2411 τὸ,
1923 2365 1941 2397 ι
1993 2346 2050 2399 '0
2073 2343 2262 2413 λύχνος

674 2432 931 2500 σώματος
957 2436 1102 2487 ἐστιν
1129 2439 1155 2488 ὁ
1186 2436 1487 2507 ὀφθαλμός.
1526 2460 1544 2491 ›
1583 2436 1765 2494 Sermo
1798 2439 1886 2495 55.
1921 2437 2158 2493 Homilia
2205 2440 2261 2491 in

674 2522 809 2576 illud
835 2565 849 2578 .
890 2543 906 2574 ι
946 2522 1183 2579 Lucerna
1231 2532 1465 2592 corporis
1495 2540 1570 2583 est
1616 2532 1821 2585 oculus.
1882 2531 2097 2601 Incipit,
2151 2533 2260 2585 Καὶ

672 2618 1079 2687 χρεωφειλέτης
1119 2621 1464 2691 εὐχάριστος.
1509 2622 1602 2675 Est
1638 2624 1832 2675 ibidem
1868 2624 1956 2676 ιε.

742 2708 832 2763 82.
874 2710 1006 2777 Λόγ.
1039 2712 1132 2765 λό⁹.
1178 2710 1394 2782 Ὀμιλία
1440 2716 1519 2779 εἰς
1562 2714 1627 2766 τὰ
1675 2714 1934 2769 ἐπίλοιπα
1984 2715 2099 2777 τοῦ,
2140 2734 2158 2766 ι
2201 2716 2260 2769 '0

670 2798 861 2870 λύχνος
889 2802 981 2854 τοῦ
1010 2803 1263 2871 σώματός
1290 2806 1438 2856 ἐστιν
1464 2806 1492 2857 6
1522 2804 1821 2875 ὀφθαλμός.
1862 2824 1879 2857 ι
1929 2806 2156 2876 Ἑλέχοη
2201 2807 2259 2858 ὲν

672 2892 751 2959 τῷ
811 2892 1047 2962 ἄμϐωνι.
1105 2894 1289 2949 Sermo
1326 2896 1416 2950 54.
1468 2894 1710 2961 Homilia
1757 2899 1808 2951 in
1859 2899 2059 2966 reliqua
2117 2900 2258 2953 illius

672 2988 822 3051 dicti,
865 3006 882 3039 ι
912 2988 1151 3043 Lucerna
1193 2991 1429 3059 corporis
1478 3000 1553 3045 est
1591 2991 1791 3063 oculus.
1832 3010 1850 3042 ι
1908 2990 2259 3046 Prommtiata

674 3079 772 3148 fuit
804 3078 856 3133 in
914 3082 1150 3135 amboue.
1185 3082 1399 3153 Incipit,
1451 3084 1513 3138 Ol
1550 3084 1807 3156 ἀγύρται,
1854 3086 1948 3137 καὶ
1993 3085 2257 3151 ἀγελαῖοι,

672 3176 770 3227 καὶ
828 3176 1062 3244 πένητες
1113 3177 1212 3240 τὰς
1262 3178 1441 3242 οἰκίας
1486 3177 1954 3251 περινοστοῦντες.
2014 3180 2262 3235 Occurrit

671 3268 869 3323 ibidem
907 3271 999 3325 45.

740 3361 831 3428 85,
878 3378 1094 3420 averso.
1138 3363 1268 3431 Λὸγ.
1303 3366 1400 3419 λε’.
1454 3365 1676 3432 Ὀμιλία
1716 3367 1946 3437 ρηθεῖσα
1990 3367 2120 3436 περὶ
2164 3367 2259 3420 τοῦ

669 3456 1077 3528 ἑκατοντάρχου
1106 3454 1361 3529 Κυριακῇ
1388 3457 1431 3511 δ’
1466 3458 1896 3541 τοῆΜατθαίου.
1947 3460 2173 3532 Ἐλέχθη
2204 3463 2260 3514 ἐν

667 3550 747 3619 τῷ
776 3550 1015 3618 ἄμόωνι.
1052 3547 1236 3606 Sermo
1261 3552 1352 3606 55.
1389 3551 1628 3605 ﬂamina
1668 3554 1811 3607 dicta
1866 3558 1933 3607 de
1958 3555 2261 3611 centurione

669 3639 952 3693 Dominica
986 3638 1057 3695 IV
1092 3638 1358 3696 Matt/uri.
1395 3640 1755 3696 Prommtiata
1781 3642 1880 3710 fuit
1912 3644 1967 3696 in
2014 3644 2252 3697 amboue.

669 3732 879 3802 Incipit,
926 3732 1368 3803 Ἀντιστρατεύει
1400 3737 1512 3797 τοῖς
1544 3726 1777 3803 ἀγαθοῖς
1815 3734 2022 3809 ἔργοις.
2059 3736 2261 3793 Recen-

667 3836 819 3881 setur
847 3824 1045 3881 ibidem
1078 3826 1168 3881 44.

736 3917 828 3973 86.
866 3918 999 3986 Λόγ.
1055 3919 1167 3985 λς’.
1221 3917 1438 3988 Ὀμιλία
1487 3920 1565 3983 είς
1595 3920 1696 3990 τὴν
1758 3922 2087 3993 περιεουλὴν
2135 3925 2257 3995 (leg.

668 4010 1009 4083 παραϐολὴν)
1036 4014 1140 4067 τοῦ
1175 4013 1525 4083 ἀμπελῶνος.
1571 4014 1795 4086 Ἐλέχθη
1836 4020 1895 4069 ὲν
1922 4015 2000 4085 τῷ
2023 4018 2136 4087 ναῷ
2166 4018 2261 4072 τοῦ

665 4104 827 4173 ἁγίου
857 4105 1136 4173 Στεφάνου
1165 4106 1223 4156 ὲν
1255 4107 1319 4175 τῇ
1348 4105 1642 4176 Πανόρμῳ.
1674 4105 1859 4161 Sermo
1902 4108 1992 4163 56.
2021 4107 2261 4163 Homilia

667 4198 721 4249 in
771 4195 1080 4263 parabolam
1142 4196 1326 4251 vineta.
1379 4197 1735 4253 Prouuntiata
1795 4199 1899 4269 fuit
1945 4200 2001 4254 in
2072 4199 2263 4269 templo

673 4290 862 4345 Sancti
891 4289 1147 4357 Stephani
1192 4289 1469 4345 Panormi.
1510 4289 1724 4360 Incipit.
1781 4290 1870 4355 Ὠς
1909 4292 2029 4346 λίαν
2073 4292 2263 4346 καλλί-

671 4401 804 4453 στην
859 4383 1095 4452 συνῆψεν
1154 4386 1184 4437 ό
1229 4384 1420 4453 χρόνος
1476 4382 1577 4455 τὴν
1637 4383 1732 4437 τοῦ
1792 4384 2260 4456 πρωτομάρτυρος

668 4478 862 4549 ἑορτὴν
938 4482 1003 4549 τῇ
1077 4477 1388 4548 πανηγύρει
1462 4478 1573 4532 τῶν
1632 4478 1925 4547 γενεθλίων
1996 4477 2257 4552 Χριστοῦ.

672 4572 899 4636 Desinit,
941 4571 1049 4624 Καὶ
1082 4572 1179 4625 νῦν
1209 4571 1583 4641 ἐπηγγείλατο
1618 4572 1796 4627 πίνειν
1851 4573 1905 4627 τὸ
1926 4572 2022 4626 τοῦ
2066 4573 2259 4644 νοητοῦ

667 4666 814 4719 οἴνου
858 4665 1143 4735 ποτήριον,
1188 4656 1250 4717 οῦ
1292 4664 1388 4717 καὶ
1437 4664 1584 4735 ἡμᾶς
1616 4668 1943 4738 μετασχεῖν,
2007 4666 2066 4719 ἐν
2110 4666 2261 4735 αὺτῷ

668 4757 891 4828 Χριστῷ
928 4756 1006 4826 τῷ
1037 4755 1158 4827 Θεῷ
1182 4773 1200 4791 ο
1237 4750 1281 4825 ᾧ
1310 4757 1343 4827 ἡ
1387 4756 1513 4822 δόξα
1549 4758 1645 4812 καὶ
1680 4757 1761 4829 τῷ
1800 4757 2004 4825 κράτος
2058 4758 2156 4811 σὺν
2184 4756 2262 4826 τῷ

666 4848 891 4919 ἀνάρχῳ
925 4846 1100 4917 Πατρὶ
1128 4846 1222 4900 καὶ
1256 4846 1334 4917 τῷ
1372 4847 1643 4917 όμοουσίῳ
1681 4848 1776 4901 καὶ
1806 4846 2059 4916 ζωοποιῷ
2098 4848 2264 4901 Πνεῦ-

671 4959 803 5014 ματι
840 4947 919 5002 εις
972 4941 1100 5003 τοὺς
1126 4939 1351 5003 αἰῶνας.
1398 4942 1591 5012 Ἀμήν.

738 5037 830 5102 88,
870 5050 1080 5092 averso.
1116 5035 1249 5103 Δόγ.
1273 5035 1374 5100 λζ’.
1421 5032 1639 5105 Ὀμιλία
1668 5035 1749 5096 εἰς
1780 5034 1842 5087 τὸ
1873 5032 2014 5085 κατὰ
2043 5034 2261 5087 Λουκᾶν

668 5126 1006 5196 Εὑαγγέλιον
1034 5126 1162 5197 περὶ
1192 5128 1293 5197 τῆς
1314 5127 1490 5199 ἄγρας
1518 5127 1630 5180 τῶν
1661 5125 1881 5197 ἰχθύων.
1943 5124 2171 5197 Ἐλέχθη
2202 5126 2261 5179 ὲν

664 5219 743 5291 τῷ
762 5220 1001 5292 ἄμϐωνι.
1028 5217 1215 5274 Sermo
1237 5220 1327 5275 56.
1356 5218 1593 5275 Ilomilia
1619 5220 1671 5274 in
1693 5218 2039 5291 Evangelium
2067 5235 2255 5273 secun-

666 5316 791 5367 dum
824 5311 1020 5369 Lucam
1050 5313 1115 5368 de
1147 5322 1368 5382 captura
1404 5314 1648 5382 piscium.
1679 5311 2034 5367 Promtntiata
2066 5310 2174 5380 fuit
2207 5310 2262 5364 in

666 5398 911 5455 amboue.
948 5397 1160 5470 Incipit.
1198 5398 1532 5471 Ἐπειδήπερ
1574 5398 1749 5470 ἀρχὴν
1773 5397 1987 5469 εἰλήφει
2019 5397 2262 5469 σήμερον

669 5490 1240 5560 ὑπαναγινώσκεσθαι.
1279 5490 1373 5548 Est
1405 5491 1601 5547 ibidem
1634 5493 1688 5547 5.

740 5584 831 5641 90.
870 5583 1005 5654 Λόγ.
1046 5585 1149 5656 λη’.
1194 5585 1413 5656 Ὀμιλία
1462 5584 1593 5656 περὶ
1637 5583 1731 5639 τοῦ
1760 5583 1877 5638 υἱοῦ
1924 5586 2025 5655 τῆς
2062 5582 2258 5654 χήρας.

683 5678 911 5749 Ἐλὲχθη
938 5679 997 5733 ὲν
1032 5680 1100 5749 τῇ
1136 5678 1345 5750 μεγάλῃ
1372 5681 1507 5750 μονῇ
1550 5677 1644 5732 τοῦ
1696 5678 1948 5750 Σωτῆρος
2005 5676 2265 5747 ’Δκροτη-

675 5772 814 5842 ρίου,
846 5772 1215 5836 ἀποθανόντος
1253 5771 1349 5826 τοῦ
1388 5771 1608 5844 πρώτου
1654 5770 1883 5842 ψάλτου.
1937 5768 2124 5824 Sermo
2170 5766 2260 5820 58.

677 5864 916 5922 Iiomilia
950 5868 1014 5923 de
1052 5868 1161 5921 ﬁlio
1205 5867 1391 5923 rilua’.
1434 5866 1790 5923 Prouttutiata
1835 5864 1933 5933 fuit
1984 5864 2035 5916 in
2075 5877 2261 5929 magno

1512 954 1731 1023 Ὀμιλία
1765 955 1844 1014 είς
1888 952 1970 1014 τὸ,
2023 970 2039 1001 ι
2075 950 2266 1012 Βίϐλος

2076 1060 2095 1093 Ξ
2105 1060 2132 1094 ν
2187 1060 2264 1093 τω

2374 494 2690 547 monasterio
2725 492 3024 547 Saluatoris
3071 491 3478 559 ’Arpotnpior,
3519 490 3689 557 primo
3732 498 3949 541 cantare

2371 584 2664 638 demortuo.
2686 583 3109 652 Ιιιρίρίι,”Αλλην
3137 582 3389 634 ὑπόθεσιν
3411 579 3740 651 ὡρμημένος
3758 578 3949 647 προοίο

2373 690 2496 742 μιον
2522 675 2615 726 τοῦ
2650 674 2807 741 λόγου
2833 674 3180 741 ποιήσασθαι.
3210 672 3303 724 Est
3329 672 3521 726 ibidem
3552 671 3607 723 6.

2441 764 2516 818 Ex
2554 766 2714 835 hujus
2750 764 2984 820 homiliae
3024 764 3393 831 inscriptione,
3428 780 3548 831 qum
3595 760 3652 814 P.
3690 758 3945 812 Scorsnm

2368 855 2548 920 latuit,
2589 857 2694 911 duo
2731 857 2866 910 scitu
2893 856 3050 924 digna
3081 854 3323 925 colligas,
3350 868 3466 907 eam
3499 853 3745 906 videlicet
3788 850 3945 902 hahi.

2370 956 2476 1000 tam
2510 943 2675 1000 fuisse
2706 946 2985 1011 Messanae,
3022 946 3218 1015 quippe
3268 945 3420 1011 cujus
3459 944 3509 996 in
3549 954 3734 1011 portus
3776 944 3952 1011 ἀκρο-

2368 1038 2560 1108 τηρίῳ,
2620 1039 2733 1093 sive
2786 1038 3117 1102 summitate,
3186 1037 3387 1091 exstitit
3439 1036 3564 1089 olim
3627 1033 3948 1090 Salvatnris.

2368 1132 2510 1199 quod
2568 1130 2653 1184 hic
2716 1140 3069 1193 memoratur,
3122 1128 3531 1186 monasterium.
3594 1137 3651 1180 tit
3701 1142 3767 1179 ex
3820 1134 3948 1178 nota

2368 1223 2568 1277 codicis
2628 1222 2683 1287 2,
2739 1222 2900 1291 hujus
2955 1222 3122 1275 nostri
3172 1220 3398 1290 catalogi
3460 1219 3616 1288 plane
3692 1227 3945 1277 constat;

2369 1315 2559 1369 deinde
2587 1314 2781 1377 virum,
2814 1312 2965 1381 cujus
3000 1312 3357 1382 TheOphanes
3395 1319 3621 1364 mortem
3666 1310 3717 1361 in
3746 1308 3951 1361 oratio-

2370 1407 2453 1461 nis
2479 1406 2703 1461 exordio
2735 1407 3002 1474 deplorat,
3051 1405 3291 1474 ejusdem
3344 1401 3657 1459 monasterii
3703 1400 3951 1454 ecclesia:

2368 1496 2790 1567 πρωτοψάλτην,
2833 1499 2884 1550 id
2920 1509 3023 1563 est,
3075 1498 3304 1565 primum
3337 1506 3637 1557 cautorem,
3686 1493 3765 1546 vel
3810 1506 3950 1561 prm-

2368 1602 2643 1645 centorem
2667 1591 2963 1647 exstitisse.
2993 1591 3143 1658 Quod
3182 1599 3359 1644 autem
3392 1604 3515 1642 eum
3546 1587 3766 1641 lratrem
3791 1601 3949 1639 suum

2367 1683 2619 1751 appellat,
2660 1699 2764 1737 non
2796 1683 2919 1738 inde
2953 1698 3083 1737 sane
3127 1682 3413 1737 coniicitur
3455 1686 3578 1734 cum
3627 1680 3729 1750 ipsi
3781 1678 3951 1733 fuisse

2368 1772 2648 1841 sanguinis
2672 1775 2991 1841 cognatione
3027 1772 3271 1837 fratrem,
3299 1771 3753 1842 quemadmodum
3805 1770 3948 1823 idem

2366 1861 2428 1919 P.
2470 1862 2699 1919 Scorsus
2731 1865 2782 1919 in
2820 1866 2962 1921 notis
3006 1864 3274 1928 affirmat;
3309 1864 3411 1918 hoc
3438 1863 3583 1919 enim
3623 1871 3682 1917 ut
3730 1862 3951 1916 nomine

2367 1958 2737 2029 compellaret,
2789 1974 2971 2013 nonne
3026 1958 3107 2012 vel
3172 1957 3453 2012 familiaris
3524 1956 3759 2010 sodalitii
3818 1954 3953 2008 satis

2366 2060 2485 2105 erat
2523 2051 2875 2120 conjunctio?
2918 2050 3184 2105 Praeterea
3219 2051 3264 2105 si
3295 2064 3456 2105 verus
3492 2047 3804 2116 Theophani
3851 2046 3953 2099 de-

2366 2144 2623 2199 cessisset
2655 2146 2839 2210 frater,
2875 2160 2941 2198 an
2966 2144 3224 2199 credibile
3252 2152 3334 2198 est
3365 2158 3487 2195 eum
3514 2144 3565 2194 in
3598 2140 3688 2194 illo
3712 2149 3951 2192 tantum-

2367 2238 2531 2292 modo
2593 2235 2779 2290 formze
2827 2237 3027 2301 decus,
3090 2236 3303 2303 dignam
3373 2218 3679 2289 sacerdotio
3733 2232 3945 2293 fat-ient,

2365 2340 2573 2401 gratam
2622 2332 2673 2385 in
2718 2332 2970 2387 convictu
3014 2330 3348 2390 comitatem,
3399 2329 3598 2383 variam
3634 2342 3695 2380 ac
3726 2341 3943 2382 suavem

2365 2426 2675 2495 psalmodise
2760 2425 3219 2487 modulationem,
3270 2422 3651 2494 praetermissis
3723 2419 3944 2473 fraterni

2364 2519 2566 2574 amoris
2619 2518 2952 2573 dulcissimis
3007 2518 3283 2580 sensibus,
3330 2515 3496 2569 fuisse
3559 2514 3949 2567 lztn'atnrum?

2366 2614 2570 2667 Deinde
2607 2612 2659 2665 in
2696 2613 2811 2680 ipsa
2840 2611 3076 2679 _IIO|I|III:P
3122 2610 3475 2676 inscriptione
3520 2607 3704 2661 fratris
3748 2609 3946 2671 potius,

2364 2719 2528 2774 quam
2560 2704 2799 2759 cantoris
2830 2702 2970 2756 facta
3006 2701 3198 2763 fuisset
3223 2701 3445 2755 mentio.
3470 2700 3773 2762 Postremo,
3804 2699 3945 2766 quod

2362 2796 2605 2850 omnium
2661 2794 2933 2850 rationum
2968 2802 3148 2863 caput,
3185 2792 3345 2846 nullis
3398 2791 3702 2845 litterarum
3752 2805 3947 2842 moun-

2363 2888 2563 2943 mentis
2591 2886 2948 2955 Theophanes
2983 2884 3203 2939 fratrem
3228 2883 3487 2937 habuisse
3523 2882 3776 2935 traditur.

2434 2982 2523 3036 95.
2564 2980 2696 3049 Δόγ.
2752 2977 2851 3034 λθ’.
2922 2978 3142 3048 Ὀμιλία
3203 2979 3286 3040 είς
3332 2977 3431 3043 τὴν
3479 2975 3795 3043 παραϐολὴν
3851 2975 3947 3027 τοῦ

2365 3071 2593 3142 σπόρου.
2634 3069 2860 3139 Ἐλέχθη
2890 3070 2948 3121 ὲν
2969 3067 3047 3137 τῷ
3091 3066 3326 3137 ἄμϐωνι.
3373 3065 3556 3121 Sermo
3587 3066 3673 3119 59.
3716 3065 3949 3117 Mamilia

2363 3166 2416 3219 in
2449 3162 2759 3228 parabolam
2790 3161 3057 3215 sententis.
3096 3156 3455 3211 Pronuntiata
3481 3158 3580 3225 fuit
3625 3158 3676 3209 in
3707 3159 3947 3211 muboue.

2364 3258 2577 3325 Incipit,
2632 3258 2694 3310 Οἱ
2738 3256 2837 3318 τὰς
2888 3252 3104 3325 μακρὰς
3155 3251 3466 3320 ἀποδημίας
3512 3252 3634 3303 κατ’
3679 3250 3952 3321 ἐμπορίαν

2364 3350 2597 3404 πλούτου
2624 3349 2989 3419 στελλόμενοι.
3036 3348 3127 3402 Est
3160 3346 3356 3399 ibidem
3382 3344 3433 3396 7.

2433 3443 2524 3507 95,
2565 3456 2777 3496 averso.
2820 3439 2952 3507 Λόγ.
2998 3436 3070 3508 μ’.
3121 3436 3341 3506 Ὀμιλία
3418 3436 3547 3503 περὶ
3600 3435 3691 3489 τοῦ
3738 3438 3951 3504 ἐπερω-

2362 3538 2629 3608 τήσαντος
2650 3532 2902 3604 νομικοῦ.
2941 3531 3165 3601 Ἐλέχθη
3196 3531 3253 3582 ὲν
3280 3530 3358 3599 τῷ
3381 3528 3594 3599 ἄμὸωκιι
3629 3527 3728 3596 τῆς
3768 3527 3957 3596 ἀρχιερ

2364 3628 2646 3698 πισκοπῆς
2682 3626 2819 3696 μετὰ
2847 3624 2947 3695 τὴν
2970 3626 3032 3678 ὲκ
3074 3621 3325 3685 Σικελίας
3358 3621 3725 3690 ὑποστροφήν.
3770 3616 3956 3671 Sermo

2363 3725 2455 3778 ἆυ.
2492 3721 2723 3777 Homilia
2756 3720 2819 3773 de
2856 3718 3154 3787 legisperito
3192 3712 3953 3783 interrogante.Prouuntiata

2365 3817 2467 3888 fuit
2499 3817 2551 3870 in
2586 3816 2805 3869 amboue
2829 3812 3060 3866 ecclesia:
3093 3808 3584 3877 archiepiscopalis,
3629 3815 3743 3869 post
3794 3820 3950 3858 suum

2363 3925 2427 3964 ea:
2475 3906 2665 3963 Sicilia
2719 3906 2965 3959 reditum.
3019 3902 3090 3954 At
3124 3901 3406 3970 legendum
3453 3899 3539 3952 hic
3597 3897 3828 3958 videtur,
3869 3897 3952 3959 είς

2365 4001 2635 4061 Σικελίαν,
2688 4000 2741 4052 in
2797 3996 3062 4055 Siciliam.
3112 4003 3170 4046 ut
3223 3993 3338 4062 ipse
3386 3989 3619 4045 bomilim
3664 3997 3955 4041 contextus

2366 4095 2626 4149 clamitat.
2689 4087 2900 4157 Incipit,
2935 4086 3011 4138 Οῦ
3061 4082 3317 4137 τοσοῦτον
3369 4077 3669 4149 αὐχμώδης
3710 4079 3805 4146 γῆ,
3859 4077 3957 4131 καὶ

2362 4187 2582 4262 κραναὴ
2618 4186 2714 4238 καὶ
2746 4182 3075 4250 κατάξηρος.
3111 4179 3208 4233 Est
3234 4177 3429 4231 ibidem
3472 4176 3557 4228 II.

2439 4280 2614 4351 Ilujus
2645 4275 2880 4334 bomilite
2910 4274 3011 4329 sub
3048 4271 3207 4325 finem
3241 4268 3483 4325 occurrit
3528 4268 3675 4323 Patri
3730 4267 3951 4332 Scorso,

2366 4390 2489 4445 pag.
2527 4372 2737 4427 scilicet
2763 4368 2831 4425 68
2853 4363 3105 4442 editionis
3136 4364 3201 4417 ab
3234 4363 3352 4433 ipso
3401 4360 3581 4423 factre,
3617 4360 3706 4414 ubi
3736 4358 3956 4413 elucent

2365 4467 2480 4521 hzec
2534 4462 2697 4519 verba
2778 4457 3042 4514 asterisco
3092 4460 3276 4509 notata
3350 4452 3455 4507 κᾶν
3514 4453 3777 4522 ἐτύγχανε
3830 4449 3953 4521 τὴν,

2366 4559 2516 4612 locus
2545 4553 2828 4622 scriptura:
2864 4549 3166 4618 depravata:
3202 4545 3331 4600 vitio
3384 4544 3536 4599 valde
3578 4546 3840 4598 obscurus
3890 4558 3955 4597 ac

2366 4649 2622 4713 dillicilis,
2646 4660 2833 4717 quem,
2877 4641 3101 4697 alterius
3142 4636 3470 4707 exemplaris
3518 4636 3760 4691 subsidio
3795 4634 3955 4703 plane

2365 4742 2679 4805 destitutus,
2730 4752 2790 4793 se
2828 4736 2919 4791 ille
2972 4732 3254 4803 profitetur
3299 4736 3720 4785 commentatum
3772 4727 3955 4794 potius

2364 4850 2485 4892 esse
2518 4848 2679 4905 quam
2720 4830 3162 4900 interpretatum.
3204 4822 3259 4878 Id
3296 4830 3475 4876 autem
3513 4820 3703 4873 vitium
3739 4827 3849 4871 tum
3883 4832 3949 4871 ex

2364 4934 2692 4999 praepostera
2751 4918 3071 4991 trajectiooe
3126 4916 3414 4972 verborum
3458 4928 3522 4968 ex
3574 4926 3679 4965 una
3730 4911 3955 4981 periodo

2366 5023 2418 5076 in
2441 5020 2624 5081 aliam,
2647 5028 2757 5071 tum
2777 5030 2841 5069 ex
2861 5028 3024 5085 prava
3048 5011 3199 5065 vocis
3218 5005 3587 5078 ὲτυγχανέτην
3608 5006 3658 5057 in
3685 5002 3954 5073 ἐτύγχανε

2367 5129 2431 5170 ac
2464 5112 2566 5184 τὴν
2596 5108 2863 5165 divisione
2918 5118 3145 5176 prorsus
3179 5102 3477 5156 emanavit.
3522 5098 3594 5153 At
3638 5111 3758 5151 cum
3792 5096 3956 5165 hujus

2365 5208 2487 5263 vitii
2529 5218 2725 5275 expers
2759 5201 2828 5257 sit
2859 5198 2993 5255 liber
3020 5205 3225 5260 noster,
3253 5207 3430 5264 operae
3477 5191 3705 5264 pretium
3753 5189 3953 5243 facturi

2366 5301 2536 5355 simus
2566 5296 2885 5355 niaximum,
2917 5290 2987 5355 si,
3021 5304 3131 5359 quo
3163 5296 3308 5343 totus
3350 5288 3500 5339 locus
3537 5280 3753 5337 sanitati
3789 5281 3954 5335 resti-

2368 5398 2573 5454 tuatur,
2606 5387 2768 5443 verba
2800 5382 2983 5439 omnia
3022 5383 3090 5436 ad
3136 5381 3309 5450 ipsum
3356 5373 3761 5444 intelligendum
3786 5371 3955 5441 perli-

2367 5485 2574 5548 nentia,
2629 5487 2790 5549 prout
2842 5478 2893 5532 in
2958 5474 3160 5530 codicis
3210 5487 3310 5528 ms.
3364 5469 3456 5525 fol.
3529 5482 3721 5522 averso
3773 5466 3845 5522 97
3893 5480 3955 5520 se

2334 5581 2593 5640 habent,
2627 5590 2790 5646 quam
2842 5567 3250 5627 accuratissime
3292 5570 3766 5634 repraesentemus,
3809 5568 3956 5613 aste-

2370 5672 2523 5727 riscis
2551 5685 2612 5725 ea
2645 5666 2898 5724 videlicet
2922 5660 3210 5732 complexi,
3236 5674 3354 5729 qua:
3378 5657 3493 5713 suis
3524 5666 3701 5710 emota
3728 5651 3954 5707 sedibus

2368 5775 2755 5833 corruptaque,
2786 5759 3172 5815 obscuritatem
3205 5765 3483 5825 peperere.
3504 5747 3577 5803 Ea
3612 5761 3736 5803 vero
3768 5744 3951 5813 hujus-

2372 5855 2514 5909 tnmli
2548 5864 2690 5905 sunt.
