4172 6432
144 373 194 435 37
1234 342 1486 406 BECEN
1499 343 1622 403 SIO
1640 291 1830 403 ‘COD.
1871 339 2189 403 MATRIT.
3292 324 3361 385 33

140 503 251 545 me,
281 479 367 532 νῦν
396 474 487 529 καὶ
514 473 624 537 ἀεὶ,
657 469 755 524 καὶ
793 466 869 530 εἰς
900 468 1023 530 τοὺς
1057 463 1260 525 αἰῶνας
1290 459 1399 514 τῶν
1431 458 1669 514 αἰώνων.

148 572 304 640 lativ-

194 662 298 713 lltec
342 654 559 711 homilia
596 663 775 719 neque
827 648 968 702 inter
1019 644 1271 715 genuina,
1319 658 1496 710 neque
1535 642 1675 693 inter

142 753 284 822 spuria
332 747 382 803 S.
412 744 638 800 leannis
667 738 1031 811 Chrysostomi
1066 752 1230 806 opera
1280 736 1578 796 invenitur,
1630 734 1673 786 si

143 846 266 900 modo
294 842 421 895 ﬁdes
449 836 699 891 habenda
724 837 795 889 sit
816 831 1158 902 Alphabetico
1190 830 1426 897 ejusdem
1459 842 1673 892 operum

145 935 279 990 Indici
311 945 369 983 ex
413 928 601 996 primis
635 925 805 980 verbis
854 939 1153 976 sermonum
1191 929 1238 973 et
1295 919 1670 979 homiliarum,

144 1046 183 1081 ut
224 1023 391 1093 quibus
452 1020 652 1087 spuria!
702 1028 748 1071 et
797 1018 956 1069 etiam
1015 1014 1259 1076 omissw,
1300 1026 1470 1079 quem
1513 1010 1576 1063 P.
1612 1009 1679 1062 de

146 1115 440 1171 Montt‘aucon
490 1111 711 1165 exhibet
774 1105 1217 1176 locupletissima:
1265 1103 1521 1157 cditionis
1564 1100 1675 1153 vol.

145 1206 251 1270 XIII,
283 1221 394 1275 pag.
433 1202 561 1256 296.
594 1204 663 1254 At
698 1214 827 1254 vero
862 1207 981 1266 post
1011 1196 1151 1249 bene
1185 1195 1385 1248 multos
1421 1209 1552 1247 mss.
1585 1207 1680 1245 ca-

147 1304 310 1365 talogos
349 1306 401 1349 et
432 1295 642 1347 indices
698 1292 896 1343 frustra
943 1287 1251 1354 exploratos
1285 1298 1677 1352 excussosque.

152 1392 321 1444 tandem
353 1386 511 1455 hujus
562 1383 798 1436 ltontilitc
838 1383 1076 1434 occurrit
1122 1379 1322 1431 mentio
1353 1378 1405 1429 in
1460 1375 1678 1430 Antonii

153 1479 386 1551 Augustini
418 1474 751 1529 Bibliotheca
791 1472 976 1525 Gra’ca
1020 1486 1141 1531 ms.,
1178 1470 1298 1523 cod.
1334 1468 1422 1533 41,
1469 1468 1552 1527 [tis
1599 1467 1680 1519 di-

148 1577 273 1628 sertis
308 1571 486 1623 verbis
516 1587 527 1620 :
561 1562 956 1621 CIIRYSOST.
997 1564 1117 1616 item
1154 1562 1218 1615 de
1254 1558 1592 1615 Eucharistia
1626 1561 1681 1613 in

153 1665 366 1717 Eum'ttiis
415 1677 621 1722 sermo,
672 1666 719 1709 et
772 1657 911 1724 quod
959 1657 1202 1709 debemus
1264 1656 1511 1708 accedere
1561 1669 1681 1705 cum

150 1756 471 1810 ntattotiutore
491 1754 564 1805 ad
601 1752 779 1805 divina
802 1750 1078 1819 mysteria.
1098 1747 1234 1801 Cum
1271 1758 1453 1800 autem
1484 1747 1683 1799 doctis-

151 1848 240 1902 εἰιυί
274 1844 509 1913 praesulis
542 1858 675 1899 mss.
716 1842 1039 1897 bibliotheca
1077 1840 1129 1893 in
1164 1837 1385 1906 Regiam
1427 1836 1683 1892 Escuria-

152 1941 312 1993 lensent
340 1936 485 1989 illata
515 1936 608 1995 sit.
642 1933 919 1990 ltomiliam
952 1934 1094 1987 hanc:
1130 1932 1327 1987 ibidem
1353 1970 1369 1995 ,
1395 1930 1499 1984 nisi
1528 1929 1684 1984 fune-

154 2029 350 2084 stissimo
392 2029 520 2079 anni
571 2027 705 2081 1671
752 2025 1003 2080 incendio
1049 2025 1232 2093 periit,
1266 2023 1441 2075 adhuc
1472 2033 1687 2076 exstare

155 2119 332 2175 minime
357 2117 693 2173 dubitamus.
746 2116 817 2172 lit
868 2126 925 2170 ut
975 2127 1079 2181 est,
1116 2114 1355 2169 nondum
1404 2114 1492 2168 illa
1547 2117 1688 2185 typis

154 2208 362 2264 innotuit.

202 2305 309 2359 2|0.
340 2305 464 2361 Post
503 2302 787 2360 homiliatn
817 2299 1191 2372 Cinysostomi
1234 2300 1571 2365 interjcctam
1603 2313 1688 2351 rc-

158 2398 214 2449 llll
233 2395 570 2466 Theophanis
600 2394 946 2449 liomiliarutn
980 2390 1135 2455 ordo,
1162 2405 1256 2443 sua
1283 2390 1480 2457 cuique
1511 2389 1685 2442 usi-ri-

159 2500 221 2557 put
251 2490 440 2542 muneri
480 2498 634 2550 nota,
672 2500 730 2538 ut
761 2486 1006 2552 sequitur
1036 2500 1049 2534 :
1632 2496 1637 2500 ’

221 2581 409 2649 Ὁμιλία
445 2579 522 2643 π’,
560 2580 642 2641 εἰς
671 2578 772 2648 τὴν
804 2575 1080 2645 σωτήριον
1126 2572 1419 2643 matr;th
1456 2569 1551 2623 τοῦ
1590 2573 1693 2624 Κυ-

162 2676 248 2743 pitu
274 2673 357 2725 ml
379 2672 515 2725 Θεοῦ
552 2672 650 2723 καὶ
697 2668 952 2737 Σωτῆρος
1004 2666 1163 2736 ἡμῶν
1221 2663 1397 2735 Ἰησοῦ
1432 2662 1691 2733 Χριστοῦ.

165 2767 353 2819 Homilia
385 2766 474 2831 80,
516 2767 573 2817 in
617 2761 951 2828 salutiferam
989 2759 1362 2811 Ascensionem
1404 2756 1614 2808 Domini
1646 2762 1694 2808 et

163 2856 234 2910 Dei
260 2866 301 2909 el
330 2855 622 2910 Satanan}
655 2852 823 2903 nostri
853 2850 979 2903 λεια
1010 2848 1236 2902 Christi.

219 2946 404 3012 Incipit,
434 2945 692 3012 Σήμερον
720 2940 815 3008 τῆς
846 2939 1003 3008 ἡμῶν
1037 2938 1312 3008 σωτηρίας
1342 2938 1376 3007 ἡ
1408 2937 1691 3003 οἰκονομία

164 3034 492 3104 πεπλήρωται,
536 3033 781 3100 σήμερον
814 3031 847 3098 ἡ
882 3028 1044 3096 φύσις
1088 3028 1199 3080 τῶν
1248 3026 1553 3096 ἀνθρώπων
1581 3026 1693 3078 ἀπὸ

162 3124 234 3189 τῆς
269 3127 359 3190 γῆς
390 3124 468 3182 εἷς
494 3119 767 3188 οὐρανοὺς
810 3116 1170 3187 ἀνεφύτησεν.
1201 3104 1429 3179 Desinit,
1479 3117 1590 3190 Kal
1616 3114 1693 3181 τῷ

164 3215 373 3279 serici};
394 3214 559 3278 ἁγίας
588 3211 822 3279 Τρίαδος
854 3212 1167 3279 τελεότερον
1201 3207 1650 3277 ἑλλαμφοείημεν
1678 3222 1691 3237 ο

165 3308 211 3372 ἦν
235 3303 587 3372 ὁμοὶογοῦμεν
630 3302 689 3351 ἐν
735 3301 1016 3371 παρρησίᾳ
1047 3318 1060 3331 ·
1100 3298 1346 3352 κελεύσει
1374 3298 1486 3350 τῶν
1524 3297 1697 3362 ἁγίων

168 3396 374 3464 Πιτὲρων
421 3398 517 3447 καί
559 3392 897 3455 ἀποστόλων,
930 3391 1025 3445 καὶ
1073 3390 1292 3442 πάντων
1341 3389 1451 3441 τῶν
1501 3391 1695 3457 ἁγίων,

167 3490 372 3551 πάππε,
403 3486 498 3538 νῦν
530 3486 631 3539 καὶ
661 3484 771 3549 ἀεὶ,
811 3484 888 3545 εις
919 3483 1047 3543 τοὺς
1074 3482 1280 3543 αἰῶνας
1308 3482 1417 3534 τῶν
1463 3483 1695 3537 αἰώνων.

174 3578 326 3647 Ἀμήν.

214 3668 314 3721 ΞΙΞ.
342 3668 633 3723 llottiiliam
664 3666 801 3719 hanc
826 3646 1167 3731 excipiebant
1190 3663 1317 3716 olim
1351 3671 1554 3731 septem
1580 3661 1699 3715 alia:

167 3761 204 3810 in
240 3762 396 3828 priora
432 3771 645 3827 septem
688 3754 941 3818 Έωθινὰ,
977 3756 1080 3807 hoc
1111 3762 1194 3808 est
1252 3753 1559 3819 Matutino;
1600 3752 1696 3809 sed

168 3851 357 3913 avulsis,
414 3860 507 3903 aut
558 3849 833 3916 corruptis
894 3855 1161 3900 vetustate
1217 3845 1395 3910 loliis,
1456 3846 1702 3916 septima:

171 3948 330 3991 tantum
355 3950 534 3993 exstat
572 3942 845 4007 posterior
894 3937 1181 4005 particula,
1226 3936 1403 3990 abhis
1438 3936 1701 4005 incipiens

168 4030 323 4090 verbis.
352 4031 422 4082 To
452 4031 648 4082 λοιπὸν
686 4028 787 4099 τὴν
836 4027 1229 4097 ἁνθρωπότητα
1262 4027 1591 4091 ἀκολούθως,
1643 4029 1699 4082 in

170 4121 252 4173 hac
277 4104 542 4182 desinens,
576 4119 686 4172 Τοῦ
725 4123 823 4173 σὺν
853 4122 1029 4191 Πατρὶ
1061 4122 1156 4172 καὶ
1200 4119 1313 4188 Υιῷ
1360 4136 1700 4188 προσκυνου-

174 4210 297 4278 μένου
325 4213 416 4265 καὶ
451 4210 851 4280 δοξαζομένου,
895 4211 990 4264 νῦν
1028 4212 1123 4264 καὶ
1165 4212 1273 4275 ἀεὶ,
1317 4211 1413 4263 καὶ
1457 4213 1536 4274 εις
1573 4212 1700 4276 τοὺς

168 4303 343 4366 αἰῶνας.

218 4391 324 4459 Qua
349 4394 566 4463 quidem
612 4404 821 4465 septem
871 4396 1108 4450 humilia:
1160 4406 1376 4451 exstant
1429 4397 1481 4450 in
1539 4413 1703 4467 supra

172 4483 339 4537 laudata
392 4488 658 4551 editione,
708 4496 764 4539 et
814 4501 843 4538 a
883 4486 1137 4539 \icesima
1168 4498 1359 4540 octava
1389 4488 1455 4539 ad
1488 4488 1703 4543 tricesi-

174 4592 279 4629 uiatu
307 4581 638 4647 perungunt.

223 4668 334 4725 Ibid.
375 4670 600 4741 Ὀμιλία
635 4676 747 4741 κη’,
782 4672 862 4732 εἰς
888 4674 949 4723 τδ
972 4676 1021 4741 η’
1058 4669 1355 4723 Ἐωθινῶν.
1378 4669 1608 4724 Ilomilia
1634 4670 1702 4724 88

173 4758 212 4807 in
240 4773 317 4813 VIII
350 4760 763 4814 Matutinarum.
802 4758 995 4827 lttcipit
1023 4777 1037 4813 :
1075 4761 1235 4829 ’Δρτι
1265 4759 1359 4813 τοῦ
1400 4761 1700 4831 κορυφαίου

174 4847 253 4899 τῶν
289 4851 566 4923 φοιτητῶν.
633 4851 826 4906 Exstat
879 4852 1097 4915 ibidem,
1154 4861 1578 4921 numeraturquc
1607 4853 1697 4917 δι,

176 4939 269 4992 licet
289 4942 362 4994 illa
388 4945 597 5012 plenior
634 4943 880 5010 incipiat,
924 4942 1113 5013 Μαρία
1144 4943 1414 5012 εἱστήκει.

222 5032 327 5085 Ξιὸ.
360 5039 578 5092 Averso.
631 5035 855 5105 Ὀμιλῑα
900 5036 1007 5099 πθθ,
1067 5036 1147 5097 εἰς
1202 5036 1263 5087 τὸ
1319 5035 1362 5087 θ’
1407 5034 1697 5091 Ἐωθινῶν.

178 5122 365 5179 Humilia
389 5129 455 5182 89
486 5133 539 5182 in
568 5145 624 5183 Ix
659 5126 1071 5182 Matutinarum.
1102 5126 1311 5197 Incipit,
1330 5126 1511 5198 Οῦσης
1542 5130 1699 5199 ξιφίας

176 5217 393 5290 τῇἡμὲρᾳ
416 5221 624 5290 ἐκείνῃ.
661 5221 754 5273 Est
787 5219 982 5274 ibidem
1019 5219 1108 5274 35.

224 5308 326 5361 2I5.
352 5313 571 5365 Averso.
619 5312 843 5380 Ὀμιλία
877 5310 926 5378 1(
951 5314 1031 5373 εἰς
1064 5311 1127 5364 τὸ
1153 5308 1184 5363 ι’
1234 5311 1523 5364 Ἐωθινῶν.
1564 5312 1699 5383 Περὶ

179 5396 251 5465 τῆς
278 5401 431 5470 ἄγρας
459 5405 568 5455 τῶν
602 5402 823 5472 ἰχθύων.
867 5403 1103 5459 Humilia
1132 5403 1222 5466 90,
1251 5409 1303 5458 in
1339 5421 1369 5458 ι
1403 5403 1699 5458 Matutino-

181 5502 283 5543 mn.
320 5492 383 5544 De
419 5506 650 5562 captura
687 5496 935 5561 piscium.
981 5497 1191 5566 Incipit,
1244 5498 1367 5550 Ἐπὶ
1402 5499 1501 5569 τὴν
1536 5498 1698 5550 Τιϐε-

185 5582 322 5646 ρεάδος
341 5585 549 5657 λίμνην.
592 5587 690 5642 Est
735 5589 933 5643 ibidem
972 5590 1061 5644 56.

1847 458 1974 513 218.
2031 451 2255 521 Ὀμιλία
2289 454 2397 517 1ια’,
2443 447 2524 510 εἰς
2564 443 2625 499 τὸ
2678 448 2746 497 ια’
2792 438 3084 494 Ἐωθινῶν.
3120 437 3362 492 Humilia

1778 551 1868 613 91,
1914 551 1969 601 in
2022 564 2071 601 SI
2134 544 2552 598 Matutinarum.
2584 537 2797 603 Incipit,
2828 532 2920 600 Τῷ
2955 531 3131 599 καιρῷ
3177 530 3363 599 ὲνείνῳ

1779 643 2131 711 ἐφανέρωσεν
2165 636 2359 689 ἑαυτὸν
2401 636 2428 686 ὁ
2469 630 2677 700 Ἰησοῦς
2706 631 2819 690 τοῖς
2862 626 3134 695 μαθηταῖς
3171 623 3360 675 αὑτοῦ.

1782 737 2063 789 Postrema
2092 730 2251 800 hujus
2279 727 2515 783 homilite
2543 723 2757 791 pagina,
2778 721 2967 774 deletis
3000 734 3134 786 pene
3168 719 3362 771 litteris

1782 827 1883 894 legi
1917 840 1973 879 sc
2003 824 2220 876 minime
2250 824 2475 889 patitur.
2516 814 2611 868 Est
2645 827 2773 867 vero
2807 810 3006 865 ibidem
3034 810 3125 863 57.

1856 918 2133 972 Μαί-μενος
2187 913 2546 980 singularum,
2605 916 2750 974 quas
2796 915 2939 959 totus
2983 901 3364 969 complectitur

1783 1012 1973 1075 codex,
2012 1009 2355 1064 homiliarutn
2407 1001 2675 1057 recensio.
2710 996 2866 1051 Nunc
2899 1012 3045 1059 vero,
3080 1005 3273 1064 praeter
3300 1008 3361 1045 ea

1783 1121 1901 1175 qua:
1938 1103 2116 1157 obiter
2148 1095 2586 1157 observavimus,
2631 1092 2810 1159 aliqua
2866 1090 3019 1142 nobis
3072 1094 3366 1156 supersunt

1788 1209 1895 1253 tum
1950 1199 2015 1250 de
2069 1192 2310 1247 auctoris
2347 1188 2585 1249 nomine,
2640 1192 2822 1246 auat",
2861 1180 3103 1248 scriptis,
3153 1191 3261 1231 tum
3301 1180 3366 1231 de

1787 1292 1901 1358 ipso
1934 1288 2119 1340 codice
2156 1280 2491 1336 disserenda.

1858 1384 2062 1435 Auctor
2086 1377 2303 1445 quidem
2332 1389 2394 1426 ex
2434 1371 2539 1423 illis
2573 1378 2658 1422 est
2692 1368 2782 1433 qui
2822 1363 3184 1433 πολυωνυμέᾳ
3214 1362 3365 1415 Iaho-

1787 1482 1941 1539 raut;
2002 1470 2123 1523 aliis
2182 1467 2325 1521 enim
2388 1463 2665 1529 Georgius,
2706 1459 2829 1525 sive
2879 1455 3196 1525 Gregorius;
3248 1453 3369 1505 aliis

1791 1566 2156 1633 Theophanes,
2193 1557 2471 1624 Philippus
2513 1556 2656 1614 aliis,
2694 1552 2813 1603 aliis
2841 1549 3072 1616 denique
3102 1545 3367 1613 Nicepho-

1792 1673 1904 1719 rus,
1935 1654 2193 1721 adjuncto
2215 1662 2427 1715 semper
2454 1643 2760 1706 Cerumeos,
2785 1642 2864 1693 vel
2897 1638 3196 1701 Ceramitw,
3226 1637 3369 1703 quod

1789 1745 2013 1818 ﬁgulum
2050 1752 2245 1805 sonat,
2298 1747 2678 1808 cognomento,
2715 1740 3077 1798 nuncupatur.
3107 1730 3210 1782 Sed
3247 1743 3370 1781 om-

1790 1816 1885 1894 nes
1916 1833 2354 1906 frequentissime
2388 1838 2481 1882 aut
2524 1825 2891 1893 Theophanes,
2917 1834 3012 1874 aut
3042 1816 3325 1888 Gregorius
3351 1832 3370 1871 :

1790 1932 1926 1985 adeo
1954 1940 2010 1982 ut
2042 1924 2232 1979 haberi
2263 1920 2563 1977 binominis
2589 1917 2786 1988 possit,
2814 1914 2997 1968 addito
3022 1912 3185 1966 etiam
3212 1907 3377 1963 Cera-

1792 2025 1895 2078 mei
1947 2020 2306 2091 cognomine,
2361 2026 2417 2070 et
2473 2010 2871 2081 archiepiscoiii
2929 2003 3375 2061 Tauromenitani

1796 2115 1971 2171 titulo.
2012 2116 2126 2181 Qua
2174 2112 2239 2166 de
2292 2124 2349 2164 re
2401 2107 2605 2163 vidcsis
2637 2103 2894 2160 Scorsum
2929 2101 2982 2155 in
3015 2100 3278 2155 Prooemio
3310 2115 3372 2162 it,

1794 2207 1932 2280 5‘2;
1982 2205 2219 2261 Leonem
2274 2201 2525 2255 Allalium
2587 2199 2637 2252 itt
2705 2195 2950 2249 Diatriba
2994 2196 3059 2248 de
3116 2193 3375 2264 Ceorgiis,

1794 2317 1944 2355 num.
1984 2296 2171 2357 LXXI,
2212 2304 2266 2349 et
2298 2292 2609 2347 Fabricium
2658 2291 2709 2342 in
2751 2288 3010 2342 Biblioth.
3037 2284 3237 2342 Graeca:
3270 2285 3375 2341 vol.

1793 2393 1862 2459 Χ,
1900 2408 2017 2460 cup.
2041 2390 2133 2444 42.
2172 2390 2252 2442 Atl
2289 2386 2600 2454 PItilagalhi
2633 2382 2931 2452 philosophi
2962 2379 3375 2448 appellationem

1795 2487 1939 2551 quod
1972 2482 2188 2543 attinet,
2228 2479 2357 2547 quid
2393 2476 2482 2529 illa
2523 2472 2738 2527 rarius?
2772 2469 2927 2541 Apud
2976 2471 3184 2524 nullum
3240 2468 3381 2524 scri-

1800 2582 2007 2641 ptorem
2046 2569 2301 2638 nulloque
2358 2568 2410 2619 itt
2472 2565 2807 2631 exetuplari,
2863 2571 3225 2632 praeterquam
3276 2561 3381 2617 hoc

1802 2662 2102 2718 Matritensi
2166 2644 2426 2721 occurrit,
2483 2659 2573 2712 ubi
2625 2665 2838 2725 quater,
2908 2669 3013 2724 qua
3067 2652 3382 2707 suboriatur

1800 2751 2082 2805 dubitandi
2146 2749 2670 2819 ratio,‘repetitur.
2741 2748 2877 2802 Hinc
2935 2751 3092 2819 plane
3154 2750 3381 2819 colligas

1800 2854 1999 2913 quanta
2064 2857 2150 2896 me
2204 2842 2467 2895 invaserit
2518 2856 2835 2910 germanum
2893 2842 3130 2895 auctoris
3185 2856 3379 2896 nomen

1802 2934 2091 3001 tlctegentli
2125 2932 2417 3001 cupiditas,
2447 2940 2685 3000 quantus
2712 2932 2840 2983 mihi
2877 2932 2929 2983 in
2963 2946 3027 2984 eo
3060 2932 3381 2986 inveniendo

1804 3026 1990 3090 labor;
2032 3034 2162 3093 quot
2190 3024 2539 3077 homiliarum
2568 3022 2929 3090 scriptoribus
2953 3024 3378 3092 pervolutandis,

1798 3127 1929 3185 quot
1986 3116 2334 3170 conferendis
2389 3114 2744 3182 impenderim
2796 3129 3019 3182 operam
3050 3154 3063 3175 ,
3116 3116 3287 3168 donec
3326 3115 3380 3167 in

1798 3206 2120 3274 Philagatho
2146 3220 2442 3274 agnoscere
2477 3203 2843 3273 Theophanem
2881 3206 3098 3257 demum
3128 3205 3382 3276 contigit.

1799 3298 1974 3352 Meum
2023 3299 2152 3352 mihi
2207 3299 2509 3361 inventum,
2558 3308 2613 3351 ut
2647 3298 2881 3365 ingenue
2929 3297 3119 3364 fatear,
3156 3298 3383 3352 tuirilire

1801 3405 1918 3444 sum
1975 3389 2307 3459 gratulatus;
2348 3391 2639 3459 scriptoris
2705 3390 2955 3443 invenire
3015 3405 3208 3443 nomen
3265 3391 3383 3458 plus

1803 3482 1976 3535 visum
2009 3490 2094 3534 est
2121 3495 2280 3548 quam
2308 3480 2510 3550 scripta
2547 3483 2646 3550 (a).
2681 3480 2987 3549 Philugathi
3018 3496 3179 3549 porro
3209 3483 3384 3536 uomi-

1802 3587 1871 3625 ne
1903 3570 2313 3638 Theophanem,
2354 3573 2479 3625 dum
2533 3572 2700 3626 vitam
2765 3572 3119 3625 monasticam
3180 3582 3384 3640 ageret,

1802 3676 1960 3715 usuin
1997 3662 2163 3717 fuisse
2195 3663 2354 3731 plane
2385 3671 2600 3716 constat
2640 3678 2705 3717 ex
2752 3663 3156 3731 subscriptione
3207 3664 3388 3717 horni-

1802 3754 1887 3806 lia:
1920 3753 1985 3806 77
2019 3754 2289 3822 subjecta,
2316 3769 2476 3822 quam
2504 3754 2667 3823 hujus
2697 3756 2899 3809 codicis
2933 3752 3028 3809 iul.
3055 3753 3161 3809 202
3192 3771 3388 3811 averso

1803 3844 2175 3900 exhibuimus.

1875 3936 1996 3990 Jam
2035 3953 2160 3992 vero
2192 3939 2257 3993 de
2280 3949 2438 3993 atate
2474 3956 2579 4011 qua
2608 3938 2973 4010 Theophanes
3000 3942 3155 4005 vixit,
3184 3943 3226 3995 si
3260 3957 3390 3997 vera

1802 4039 1890 4084 est
1914 4030 2075 4085 lectio
2100 4032 2477 4102 inscriptionis
2505 4033 2765 4098 homiliaz,
2792 4033 3091 4087 secundum
3131 4033 3387 4088 Scorsum

1802 4120 1895 4184 26,
1932 4122 1986 4175 in
2011 4124 2345 4177 solemnitate
2372 4121 2689 4177 Palinurum
2712 4126 2869 4178 dicite
2901 4127 3132 4178 ἐνώπιον
3170 4126 3265 4178 τοῦ
3291 4130 3389 4196 ρη-

1804 4216 1900 4283 γὸς
1941 4212 2153 4282 Ῥόγου,
2192 4215 2280 4269 ubi
2310 4222 2365 4269 et
2398 4214 2508 4270 Leo
2532 4214 2786 4279 Allatius,
2820 4225 2893 4279 et,
2927 4217 3043 4283 ipso
3084 4218 3282 4271 Scorso
3314 4218 3365 4269 la

1814 4319 1980 4377 lente,
2018 4308 2346 4363 Sirntuntlus
2388 4308 2675 4378 Ῥογερὶου
2722 4323 2820 4377 pro
2864 4306 3053 4376 Ῥόγου
3110 4309 3390 4377 legendum

1810 4413 2058 4467 censent,
2090 4417 2172 4457 nte
2222 4402 2312 4456 ille
2346 4404 2548 4456 vixisse
2607 4403 2789 4471 potius
2854 4401 3069 4455 videtur
3104 4399 3321 4467 Rogerii
3350 4400 3389 4465 Ι,

1808 4494 2009 4549 Sicilia:
2055 4494 2195 4565 regis
2251 4504 2493 4562 tempore
2554 4494 2622 4547 ab
2671 4508 2815 4547 anno
2875 4492 3094 4546 circiter
3159 4494 3295 4546 1150
3324 4493 3391 4548 ad

1808 4588 1969 4652 1154,
2005 4603 2166 4655 quam
2196 4587 2395 4640 saeculo
2421 4602 2474 4638 ts
2511 4587 2611 4639 sub
2639 4585 2839 4639 Basilio
2866 4594 2919 4636 et
2946 4584 3125 4637 Leone
3156 4584 3391 4653 impera-

1808 4679 2037 4733 toribus.
2080 4678 2138 4731 ld
2182 4687 2361 4731 tamen
2397 4678 2682 4731 contendit
2715 4676 2969 4740 Scorsus,
3004 4679 3163 4729 modo
3213 4675 3388 4743 Ῥογε-

1807 4771 1929 4838 ρίου
1962 4769 2145 4824 delere
2180 4785 2401 4835 nomen,
2430 4771 2591 4823 modo
2619 4769 2941 4822 voeabuluut
2990 4767 3183 4834 Ῥόγου
3223 4769 3393 4820 81.ὠί-

1805 4862 1910 4917 lire
1938 4861 2087 4916 omni
2138 4862 2353 4915 ratione
2406 4860 2680 4921 adnitens,
2712 4868 2820 4913 tum
2856 4858 3118 4927 βασιλέως
3154 4858 3390 4925 appella-

1811 4953 2033 5017 tionem,
2068 4967 2233 5021 quani
2271 4951 2633 5020 TlteOphanes
2664 4951 2980 5020 frequenter
3015 4960 3259 5015 usurpat,
3294 4950 3393 5002 im-

1804 5053 2127 5112 peratorem,
2174 5059 2277 5097 non
2315 5059 2484 5111 regem
2521 5043 2853 5111 pertinacius
2902 5042 3287 5110 interpretans.
3321 5042 3391 5094 At

1805 5137 2012 5205 singula
2038 5137 2199 5206 hujus
2226 5147 2545 5205 argumenta
2570 5135 2785 5204 egregie
2806 5135 3033 5187 Allatius
3062 5134 3114 5187 in
3144 5133 3387 5186 Diali-ibo

1804 5230 1868 5282 de
1900 5228 2205 5282 Simeonum
2234 5230 2443 5296 scriptis
2472 5228 2734 5292 confutari,
2768 5229 2941 5295 ipsum
2974 5227 3099 5278 item
3130 5226 3385 5277 Allatium

1803 5320 2080 5390 explanat,
2118 5330 2396 5388 totamque
2432 5334 2543 5371 rem
2597 5301 2801 5387 optime
2838 5315 3091 5379 enucleat
3121 5316 3385 5369 illustrat-

1804 5429 1909 5481 que
1935 5413 2235 5465 Casimivus
2269 5410 2517 5465 Oudiuus
2544 5411 2597 5465 in
2626 5409 3015 5463 Conmteutario
3047 5410 3109 5461 de
3134 5407 3386 5462 Ecclesia:

1805 5502 2155 5568 scriptoribus
2201 5504 2458 5571 antiquis,
2522 5512 2665 5556 tonio
2697 5500 2761 5562 II,
2809 5502 2915 5555 col.
2952 5501 3091 5555 1185
3119 5517 3238 5570 sqq.

1876 5592 1958 5644 Ad
1986 5593 2226 5649 auctoris
2259 5596 2430 5647 nostri
2479 5596 2704 5664 scripta,
2741 5594 2790 5646 id
2828 5604 2912 5647 est
2958 5594 3229 5663 bomilias,
3258 5601 3385 5648 tan-

236 5768 294 5828 ta)
331 5762 379 5817 Si
418 5765 716 5822 Villuisouo
772 5769 1003 5835 credas,
1059 5770 1259 5827 frustra
1309 5772 1398 5829 hic
1456 5771 1691 5830 exsultat
1728 5770 1963 5829 Yriarte.
2000 5753 2127 5828 Vide
2154 5787 2318 5843 supra
2358 5772 2461 5827 col.
2497 5771 2587 5825 2i.
2624 5772 2780 5827 Eutr.
2819 5772 2985 5830 Pun.
