4172 6432
804 346 872 406 39
1954 362 2327 423 RECENSIO
2369 366 2535 426 COD.
2578 367 2885 433 MATRIT.
3985 398 4055 457 40

800 460 921 512 dem
962 460 1305 515 accedamus.
1358 462 1457 517 llas
1512 466 1678 519 mul.n
1721 469 1904 535 plures
1934 489 2051 528 esse
2084 482 2362 545 sexaginta

798 547 1008 602 duabus
1058 567 1199 619 quas
1236 553 1504 606 Scorsana
1542 570 1896 624 reprmsentat
1939 566 2128 630 editio,
2176 569 2257 621 vel
2287 570 2373 623 hic

797 636 933 693 liber
962 655 1059 694 ms.
1097 642 1253 713 tidem
1292 644 1503 696 abunde
1538 647 1685 701 l‘acit.
1737 650 1879 702 Inter
1916 668 2138 709 CIL'ICI'OS
2191 668 2367 711 autem

795 742 979 782 earum
1045 731 1395 786 llomiiiarutn
1463 738 1676 791 codices
1725 744 2178 802 aniutadvertenti
2237 749 2367 803 mihi

793 836 917 873 cum
974 826 1112 885 apud
1167 828 1415 879 eumdem
1469 828 1748 897 Scorsum,
1781 844 1889 886 tum
1945 841 2084 904 apud
2126 840 2361 894 Leonem

791 915 1047 966 Allatiutn
1085 916 1135 967 in
1171 917 1409 971 Diatriba
1445 922 1508 972 de
1544 923 1777 993 Georgiis
1811 927 1975 981 etiam
2016 930 2361 987 Escurialeu-

791 1020 878 1055 ses
916 1005 1140 1073 allegari
1192 1012 1374 1061 statim
1437 1013 1585 1065 adire
1643 1019 1911 1070 sturnrrit
1971 1023 2360 1089 praecipitarunt

789 1094 1185 1151 Escurialcnsis
1213 1100 1551 1154 bibliOtheete
1595 1121 1721 1157 mss.
1760 1109 2018 1173 Iudicem,
2048 1128 2205 1177 quem
2238 1131 2359 1182 par—

787 1184 881 1235 titn
920 1200 982 1237 ex
1027 1188 1192 1253 ipsius
1221 1191 1490 1257 catalogo,
1524 1195 1716 1258 partim
1754 1212 1814 1246 ex
1873 1199 2001 1265 ipsis
2036 1200 2185 1255 libris
2234 1204 2356 1257 oliui

783 1277 1261 1339 Cont'innaveratn,
1320 1295 1460 1333 anno
1496 1286 1743 1339 \‘nleltt'et
1811 1290 1979 1351 ΙῖιΠ,
2036 1294 2159 1345 tltttn
2218 1298 2355 1363 apud

783 1366 988 1432 regium
1021 1367 1149 1420 illttd
1180 1371 1513 1437 caenohittm,
1544 1381 1782 1429 muniunt
1810 1383 2007 1433 artium
2046 1386 2356 1451 disciplina-

780 1467 1009 1521 rumque
1042 1459 1245 1518 sedem,
1282 1464 1554 1514 mensibus
1583 1463 1803 1516 Oetnbri
1851 1480 1902 1519 et
1946 1469 2228 1525 Novembri
2263 1490 2356 1541 per

778 1544 894 1597 dies
919 1547 1273 1614 quadraginta
1302 1566 1405 1600 non
1432 1553 1641 1605 otiosus
1667 1569 1938 1621 spt‘t‘lnlm‘
1963 1575 2347 1616 cmnmorarer.

776 1634 851 1685 Ευ
902 1638 951 1686 in
1014 1635 1192 1689 indice
1255 1653 1652 1707 peropportune
1714 1646 1908 1699 lilit‘tttti
1958 1651 2199 1711 ttﬂ'etidi,
2263 1655 2349 1707 cui

776 1724 964 1776 titulus
1002 1742 1015 1776 :
1052 1725 1297 1795 Gregorii
1327 1733 1553 1798 episcopi
1591 1732 1951 1791 Tuttromeuiw
1974 1740 2170 1795 Siciliae
2192 1745 2351 1797 Cera-

770 1816 873 1867 mei
900 1819 1056 1868 varia:
1084 1817 1353 1879 Ilomtlite,
1388 1824 1485 1873 hac
1515 1834 1635 1875 nota
1665 1826 1985 1883 distinctum
2010 1851 2022 1885 ε
2048 1832 2135 1886 ιν.
2170 1838 2226 1887 Ω.
2256 1838 2343 1891 :27.

841 1908 1109 1960 Continuo
1141 1924 1270 1977 quot
1304 1924 1354 1963 ct
1398 1928 1531 1980 quas
1569 1918 2019 1985 complecteretur
2048 1925 2132 1977 hic
2168 1929 2344 1982 homi-

765 1999 886 2063 lias,
921 2002 1121 2052 certior
1166 2002 1279 2053 lieri
1336 2006 1584 2072 cupidus,
1638 2011 1701 2059 ad
1747 2008 2077 2067 Bernardutu
2110 2015 2344 2083 Yriarte,

767 2092 953 2145 fratris
988 2096 1088 2145 mei
1118 2094 1307 2153 lilium,
1342 2098 1584 2163 ptimarit
1624 2105 1891 2168 regiorum
1919 2111 2341 2160 commentario-

770 2201 885 2237 rum
924 2187 1109 2238 Scrinii
1137 2189 1540 2253 adtninistruut,
1574 2192 1709 2260 apttd
1747 2208 1907 2261 supra
1938 2197 2136 2252 dictum
2158 2214 2345 2255 emno-

766 2275 931 2333 binm.
972 2275 1271 2328 TIISliCanlC
1305 2276 1375 2329 ibi
1412 2291 1559 2343 rege,
1607 2281 1907 2346 degentem,
1963 2284 2168 2337 litteras
2221 2287 2339 2340 dedi

759 2379 851 2418 xw
909 2365 1031 2417 Kal.
1085 2365 1221 2434 Aug.
1258 2382 1348 2419 an.
1394 2367 1549 2432 1766,
1587 2371 1745 2424 enixe.
1798 2373 2075 2439 postulans
2118 2384 2174 2429 ttt
2204 2376 2338 2431 duos

759 2456 1117 2522 peritissimos
1151 2457 1267 2524 ejus
1290 2457 1632 2512 bibliothecae
1657 2464 1909 2516 custodes
1936 2479 1996 2517 ea
2029 2467 2097 2521 de
2127 2484 2183 2523 re
2208 2485 2337 2523 con-

759 2545 967 2599 veniret
1027 2548 1462 2616 consuleretque.
1530 2550 1681 2617 Quod
1757 2568 1878 2606 cum
1940 2555 2031 2610 ille
2094 2571 2333 2625 strenue.

756 2639 1211 2704 quemadmodum
1245 2640 1382 2694 solet
1426 2644 1626 2704 omnia,
1660 2645 2015 2712 praestitisset,
2054 2649 2118 2702 Β.
2154 2650 2211 2702 Ρ.
2244 2655 2336 2706 Di-

756 2732 924 2783 dacus
956 2729 1022 2782 de
1049 2728 1324 2795 Cisucros,
1351 2733 1633 2785 custodum
1674 2738 1963 2801 secundus,
1992 2742 2076 2794 cui
2107 2743 2335 2796 schedu-

750 2820 861 2872 lam
894 2836 1066 2873 meam
1101 2821 1303 2876 codicis
1356 2826 1589 2886 titulum,
1626 2840 1915 2898 n0tamque
1956 2833 2330 2900 praeferentem

754 2913 841 2964 ille
875 2915 1191 2976 tradiderat,
1237 2924 1347 2968 tam
1405 2918 1690 2986 diligenter
1740 2938 1899 2991 quam
1938 2927 2242 2981 humaniter
2274 2938 2328 2980 et

755 3004 895 3061 illius
925 3004 1081 3057 dictis
1117 3016 1171 3058 et
1215 3006 1351 3058 meis
1384 3010 1685 3076 obsequens
1714 3015 1945 3079 optatis,
1988 3019 2332 3072 accuratissi-

753 3112 899 3147 mum
934 3097 1197 3163 ejusmodi
1233 3101 1460 3164 codicis,
1500 3102 1841 3156 homiliarum
1880 3118 1985 3159 tum
2021 3110 2328 3176 inscriptio-

748 3188 931 3248 nibus,
969 3197 1079 3241 tum
1111 3191 1298 3257 primis
1340 3192 1601 3259 cujusque
1635 3194 1812 3249 verbis
1858 3198 2044 3251 Graece
2094 3202 2328 3265 perscri-

748 3277 875 3343 ptis,
911 3280 1212 3349 cataIOgum
1246 3283 1310 3335 ad
1346 3298 1429 3336 me
1461 3284 1699 3349 ejusdem
1749 3286 2005 3343 Bernardi
2034 3306 2133 3360 ope
2163 3292 2325 3347 biduo

745 3377 866 3434 post
903 3371 1218 3423 mittendum
1244 3386 1307 3424 cu
1320 3374 1472 3427 rasit.

816 3456 865 3509 Is
897 3460 1056 3527 igitur
1089 3460 1482 3517 Escurialensis
1512 3465 1704 3527 codex,
1748 3465 1889 3521 foliis
1913 3480 2168 3527 constans
2195 3474 2321 3539 299,

743 3556 791 3598 et
840 3560 1132 3601 lltttt‘u'Ul‘ala
1173 3553 1426 3618 superius
1484 3566 1604 3605 nota
1657 3554 1739 3606 ιν.
1792 3558 1853 3609 Ω.
1906 3560 1973 3612 27
2019 3562 2318 3631 insignitus,

742 3635 1093 3707 Theophanis
1134 3644 1371 3695 continet
1415 3645 1678 3700 llomilias
1707 3652 1927 3704 omnino
1960 3654 2046 3716 56,
2094 3674 2317 3725 quarum

739 3743 990 3796 princeps
1029 3731 1189 3785 talettt
1239 3735 1457 3788 exhibet
1498 3737 1708 3790 titulum
1755 3758 1766 3793 :
1816 3742 1921 3795 Τοῦ
1957 3754 2315 3815 μακαριωτὰ-

735 3837 850 3883 eoa,
886 3824 1199 3888 σοφωτάτου
1239 3842 1295 3877 τε
1335 3829 1428 3880 καὶ
1481 3831 1926 3900 ῥητορικωτάτου
1961 3840 2316 3908 ἀρχιεπισκὸ-

736 3928 841 3963 ’που
885 3913 1291 3983 Ταυρομενεὶας
1340 3920 1437 3987 τῆς
1497 3922 1749 3985 Σικελίας
1798 3927 1965 3997 κόρου
2016 3932 2316 4005 Γρηγορίου

733 4000 827 4053 τοῦ
862 4003 1093 4071 ἐπίκλην
1123 4007 1429 4075 Κεραμέως
1468 4012 1548 4072 εἰς
1569 4012 1667 4081 τὴν
1692 4015 1866 4084 ἀρχὴν
1899 4022 1997 4086 τῆς
2040 4000 2313 4090 ’Ῐνδὶκίεολ

732 4092 851 4159 ἦτοι
899 4093 992 4145 τοῦ
1031 4096 1152 4147 νέου
1188 4098 1360 4159 ἔτους.
1403 4100 1457 4153 Id
1504 4116 1585 4154 es‘t
1623 4118 1637 4154 :
1678 4103 2001 4174 Beatissimi,
2037 4118 2316 4182 sapientis-

732 4184 853 4235 simi
886 4201 947 4235 ac
968 4189 1378 4254 eloquentissimi
1432 4194 1813 4263 arcltiepisc0pi
1858 4198 2191 4259 Tauromeuti
2224 4209 2312 4263 Si-

728 4274 888 4339 cilia',
918 4278 1121 4330 domini
1148 4277 1413 4348 Gregorii,
1447 4299 1786 4352 cognomento
1836 4288 2093 4361 Ceramei,
2139 4299 2310 4352 Itami-

726 4367 798 4419 lia
820 4366 871 4418 in
889 4370 1207 4435 principium
1236 4370 1571 4439 lndictiouis,
1592 4377 1696 4429 sire
1715 4382 1830 4432 nari
1848 4387 2007 4448 anni;
2038 4399 2308 4449 postrema

725 4458 806 4509 sic
842 4460 1160 4513 inscribitur
1193 4478 1207 4514 :
1253 4464 1361 4515 Τοῦ
1395 4468 1560 4519 αὑτοῦ
1597 4470 1784 4537 ὁμιλία
1832 4477 1912 4538 εἰς
1952 4478 2013 4529 τὸ
2051 4480 2120 4533 ια’
2150 4483 2309 4536 ἑωθι-

725 4548 834 4615 νόν,
866 4551 1183 4620 incipitque,
1226 4554 1316 4623 Τῷ
1362 4558 1542 4629 καιρῷ
1571 4562 1763 4634 ἐκείνῳ
1793 4568 2140 4641 ἐφανέρωσεν
2179 4576 2309 4630 ἑαυο

725 4641 816 4693 τὸν
846 4644 874 4694 ὁ
913 4643 1116 4711 Ἰησοῦς
1153 4648 1266 4709 τοῖς
1295 4649 1586 4720 μαθηταῖς.

796 4734 864 4784 At
894 4735 1007 4787 istae
1033 4752 1219 4791 ntnncs
1240 4739 1348 4806 jam
1375 4763 1401 4793 a
1431 4742 1488 4795 P.
1520 4744 1718 4803 Srorso
1747 4753 1882 4820 typis
1909 4755 2305 4817 Parisiensibus

722 4827 1004 4895 evulgatus.
1057 4827 1110 4879 ln
1150 4830 1253 4884 line
1308 4838 1540 4902 accedit,
1580 4840 1686 4893 Τοῦ
1738 4850 2052 4913 σοφωτάτου
2087 4858 2181 4905 καὶ
2218 4856 2305 4908 λο-

722 4919 991 4983 γιωτάτου
1032 4922 1124 4973 καὶ
1154 4922 1461 4989 ἁγιωτάτου
1490 4936 1834 5005 πατριάρχου
1860 4938 2303 5000 Κωνσταντινου-

720 5006 931 5070 πόλεως
979 5010 1148 5081 κύρου
1209 5014 1513 5087 Γρηγορίου
1564 5023 1655 5074 τοῦ
1718 5025 1967 5097 Κυπρίου
2008 5033 2163 5102 λόγος
2220 5040 2300 5103 εἰς

716 5098 810 5151 τὸν
838 5099 995 5166 ἅγιον
1049 5106 1514 5179 μεγαλομάρτυρα
1559 5117 1652 5167 καὶ
1681 5126 2082 5195 τροπαιοφόρον
2120 5129 2300 5201 recep-

717 5210 855 5261 γιον.
888 5193 1001 5249 Hoc
1039 5207 1121 5249 est
1154 5217 1166 5252 :
1204 5198 1614 5267 Sapientissimi,
1652 5212 2066 5278 eloquentissimi
2099 5231 2146 5273 et
2172 5238 2299 5276 san-

717 5285 937 5339 ctissimi
982 5286 1507 5360 Constantinopoleos
1548 5303 1890 5368 patriam/tat,
1930 5309 2131 5364 domini
2166 5310 2298 5368 Cre-

715 5379 851 5447 gorii
879 5378 1060 5449 Cyprii
1084 5399 1254 5437 sermo
1277 5386 1329 5437 in
1363 5401 1601 5443 sanctum
1631 5412 1877 5465 magnum
1922 5414 2206 5474 martyrem
2246 5420 2295 5462 et

715 5475 1137 5541 troprphorum
1180 5478 1487 5549 Georgium,
1523 5488 1588 5540 ab
1644 5490 1727 5543 his
1773 5491 2039 5564 incipiens
2065 5503 2243 5557 verbis
2278 5522 2290 5558 :

715 5564 877 5628 Ἕϐος
905 5567 1063 5620 τοῦτο
1093 5572 1196 5623 τῶι
1222 5574 1401 5642 λόγοις
1432 5579 1850 5651 ἀγωνισομένων
1878 5590 2085 5659 σχεδὸν,
2113 5597 2204 5662 qui
2239 5600 2289 5650 in

710 5656 855 5710 Actis
894 5671 1221 5725 sanctorum,
1272 5669 1469 5732 Aprilis
1513 5681 1642 5725 tom.
1693 5674 1779 5736 ΙΙΙ.
1829 5656 2047 5745 όίθλὲὄ,
2105 5681 2293 5742 Graece

711 5760 775 5801 ac
828 5748 1021 5808 Latine
1070 5754 1179 5823 jam
1238 5760 1456 5826 prodiit.
1521 5764 1762 5837 Denique
1812 5772 1864 5829 in
1921 5780 2228 5835 transmissi
2259 5798 2287 5838 a

2490 478 2551 531 Β.
2583 481 2643 533 Ρ.
2674 481 2931 539 Cisneros
2989 491 3214 561 catalogi
3257 496 3361 551 line
3397 499 3763 563 subnotatnm.
3790 505 4065 558 nihilum-

2481 572 2617 636 plius
2658 589 2721 624 ea:
2755 576 2934 631 eodem
2984 580 3239 651 Gregorio
3268 587 3517 643 (ἴεν-ωηεν
3554 594 3606 645 in
3653 611 3715 646 ea
3743 608 3953 651 exstare
3987 602 4065 650 ιιι-

2484 660 2533 709 bl
2539 662 2641 712 iot/t
2651 679 2755 717 cca.

2551 750 2679 805 Tam
2729 754 2871 807 clara
2919 767 3096 815 tamen
3146 772 3310 834 atque
3363 780 3544 834 aperta
3580 774 3919 840 sagacissimi
3960 781 4063 833 viri

2476 840 2873 909 signiﬁcatione
2900 862 2929 900 a
2960 847 3308 921 Theophanis
3329 874 3551 927 operum
3577 844 3889 932 inquirendi
3920 884 4061 921 con-

2476 931 2597 984 silio
2636 935 2856 991 minime
2898 953 3201 1011 revocatus,
3230 952 3500 1011 eumdem,
3539 954 3749 1011 iteratis
3780 959 3843 1010 ad
3893 974 4060 1027 supra

2473 1023 2675 1076 dictum
2708 1025 3039 1086 Bernardum
3080 1037 3294 1103 litteris,
3341 1058 3531 1111 rogare
3581 1047 3770 1110 iustiti,
3810 1061 3863 1099 ut
3894 1065 4060 1102 acest-

2474 1120 2639 1171 ratius
2677 1119 3058 1192 investigaret,
3105 1130 3147 1182 si
3187 1144 3289 1198 qua
3330 1136 3537 1200 uspiam
3573 1135 3763 1190 lateret
3802 1140 3924 1205 ejus
3966 1160 4061 1193 az:-

2474 1210 2659 1273 ctoris,
2703 1224 2794 1265 aut
2835 1217 2900 1266 ad
2932 1231 3058 1270 eum
3097 1224 3371 1287 pertinens
3406 1228 3653 1295 scriptio,
3694 1232 3869 1298 qualis
3904 1235 4059 1301 ejus—

2469 1302 2587 1353 dem
2642 1306 2999 1359 Ilomiliarum
3059 1310 3309 1379 Lexicou,
3361 1333 3389 1369 a
3424 1318 3484 1371 P.
3521 1319 3716 1375 Srorso
3766 1341 3815 1376 tu
3860 1329 4059 1392 primis

2473 1398 2931 1459 commendatum,
2974 1408 3031 1451 ut
3078 1401 3286 1469 plenius
3315 1408 3454 1460 intra
3486 1415 3815 1467 narrabitur.
3848 1414 4056 1470 Verum

2466 1482 2912 1552 diligentissimus
2947 1491 3034 1544 ille
3069 1495 3226 1563 regiae
3274 1497 3622 1556 bibliothecae
3653 1518 3857 1568 custos,
3893 1520 4057 1576 post-

2463 1586 2645 1639 quam,
2707 1578 2947 1632 adhibita
3005 1584 3317 1649 impensiori
3367 1604 3517 1653 cura,
3575 1596 3708 1646 nihil
3764 1598 4058 1652 invenerat

2463 1664 2605 1721 novi.
2638 1668 2893 1721 seltetlatu
2930 1687 3088 1724 manu
3138 1690 3234 1728 sua
3266 1691 3544 1733 ettaratatn
3594 1686 3659 1737 ad
3712 1701 3795 1737 tne
3831 1680 4059 1741 titittere

2464 1755 2705 1819 ejusdem
2746 1758 3005 1816 Bernardi
3057 1780 3220 1834 opera
3275 1785 3383 1822 non
3426 1785 3509 1825 est
3546 1784 3801 1841 grai-atus
3836 1796 3848 1827 :
3882 1794 4056 1843 quam

2458 1844 2606 1896 velut
2639 1846 2752 1913 ejus
2787 1861 2896 1903 tum
2946 1855 3259 1922 diligentite,
3309 1871 3419 1912 tum
3461 1865 3619 1917 allii-ii
3657 1877 3849 1920 18:16"!
3894 1868 4057 1922 locu-

2456 1933 2810 1999 pletissimum
2840 1941 3042 2007 placuit
3082 1948 3183 1997 huc
3218 1950 3533 2013 produt-ere.

2532 2043 2549 2076 ι
2590 2026 2666 2079 Eu
2698 2030 2744 2080 el
2778 2030 2957 2086 Indice
2983 2037 3204 2103 antiguo
3226 2054 3333 2107 que
3372 2045 3513 2111 regia
3548 2054 3699 2099 antes
3726 2047 3811 2100 del
3848 2048 4051 2101 inccn-

2455 2117 2541 2171 dio
2573 2120 2655 2172 del
2690 2136 2832 2174 anno
2870 2125 2995 2179 1671
3034 2143 3090 2180 se
3120 2145 3454 2185 euenentrun
3503 2142 3567 2189 de
3600 2139 3863 2207 Gregorio
3900 2142 4056 2195 Tau-

2454 2224 2674 2264 romeuo
2706 2212 2785 2266 Ias
2817 2216 3063 2272 homilias
3099 2238 3130 2290 y
3158 2226 3341 2277 titulos
3368 2229 3685 2295 siguientes.

2521 2299 2576 2353 1.
2618 2319 2635 2352 ‹
2671 2301 2922 2358 ΙΙοηιὶΙίω
2950 2325 2980 2358 a
3017 2309 3295 2367 Dominica
3330 2314 3599 2385 Principis
3621 2320 4054 2378 Publicanorum

2448 2403 2494 2447 et
2543 2395 2755 2449 Zacha'i
2794 2414 2955 2467 usque
2994 2402 3061 2453 ad
3103 2402 3436 2459 Dominicam
3490 2411 3543 2463 in
3589 2409 3772 2468 Ilamis
3815 2415 4054 2471 Palma-

2448 2502 2587 2541 rum.

2516 2579 2569 2633 2.
2610 2599 2628 2631 ‹
2664 2581 2798 2636 Item
2840 2584 3071 2640 homilia:
3109 2592 3461 2656 particulures
3487 2601 3648 2653 totius
3679 2603 3831 2654 anni.

2515 2672 2570 2727 ὅ.
2618 2692 2637 2723 ι
2677 2674 2930 2730 Homilia:
2985 2697 3016 2732 a
3064 2681 3339 2739 Uominica
3390 2687 3655 2758 Principis
3710 2694 4053 2751 Pubt'icauo-

2442 2783 2560 2818 rum
2595 2785 2755 2837 usque
2785 2773 2853 2822 ad
2874 2783 3202 2830 transactam
3242 2778 3742 2852 Quadragesimam,
3764 2801 3809 2842 et
3834 2791 4049 2858 ﬁniunt

2441 2859 2494 2909 in
2520 2858 2650 2922 {esto
2679 2860 2924 2915 Omnium
2958 2864 3297 2923 Sanctorum.

2512 2950 2566 3004 4.
2614 2970 2631 3001 ι
2674 2950 2809 3005 Item
2838 2954 2889 3006 in
2918 2958 3156 3010 undecnu
3190 2961 3456 3031 Matutino
3488 2969 3754 3026 Homilia’.

2507 3042 2560 3094 5.
2614 3063 2631 3093 ί
2674 3044 2902 3099 Lea‘icon
2943 3052 3327 3116 pra'cipttarum
3379 3058 3670 3114 dictionum
3721 3071 4047 3122 earumdem

2440 3132 2820 3190 Homiliarttm.

2515 3238 2533 3271 ι
2576 3221 2701 3276 Este
2739 3226 2973 3280 Lexicon
3005 3230 3191 3282 estaba
3232 3232 3591 3303 incorporado
3626 3256 3693 3295 en
3731 3244 3779 3295 el
3822 3247 4041 3302 mismo

2439 3323 2581 3365 tonio
2606 3330 2669 3367 en
2702 3331 2805 3384 que
2832 3333 2891 3371 se
2918 3320 3170 3374 ltallabau
3204 3323 3286 3377 las
3322 3324 3583 3383 llomiiias
3609 3334 3674 3385 de
3722 3335 3801 3388 los
3826 3337 4048 3393 Nuntie-

2438 3417 2525 3456 ros
2556 3403 2613 3465 2,
2646 3405 2699 3471 5,
2734 3407 2787 3460 4.
2828 3406 2869 3459 Y
2907 3424 3076 3479 segun
3118 3428 3332 3480 parece,
3388 3419 3547 3473 habia
3601 3426 3698 3478 dos
3750 3433 4047 3497 exempla-

2436 3508 2546 3558 res,
2573 3509 2954 3551 como-eonsta
2990 3500 3057 3555 de
3084 3500 3163 3556 los
3201 3505 3451 3561 diversos
3483 3510 3702 3579 lugttres
3735 3535 3839 3583 que
3888 3538 4045 3575 ocu-

2430 3587 2603 3653 pabau
2641 3602 2706 3640 en
2734 3590 2779 3641 la
2818 3589 3168 3648 bibliotheca.
3204 3598 3276 3649 De
3305 3610 3456 3654 estos
3484 3610 3704 3671 perecio
3736 3610 3785 3661 el
3808 3628 3917 3678 que
3952 3626 4037 3669 te-

2431 3678 2516 3731 nia
2575 3691 2691 3733 esta
2739 3682 2893 3735 senal
2950 3683 3035 3738 Vl.
3080 3686 3141 3739 Γ.
3182 3687 3289 3758 Ly
3327 3706 3393 3743 en
3442 3707 3556 3750 este
3603 3713 3663 3751 se
3712 3702 3931 3757 hallaba
3988 3713 4043 3761 et

2427 3769 2688 3829 Lexicon.
2739 3773 2999 3829 Tambieu
3057 3781 3270 3844 perecio
3314 3785 3361 3835 el
3398 3786 3482 3837 del
3530 3805 3759 3847 numero
3816 3796 3873 3846 1ο
3904 3797 4040 3850 Con

2427 3878 2532 3931 que
2581 3878 2650 3917 no
2689 3880 2789 3919 nos
2839 3866 2907 3919 ha
2937 3870 3183 3935 quedatlo
3230 3870 3359 3943 (que
3413 3882 3689 3951 sepamos)
3728 3900 3843 3938 mas
3884 3888 4043 3942 libro

2426 3969 2531 4023 que
2560 3955 2607 4009 el
2644 3955 2709 4007 de
2738 3956 2816 4010 las
2850 3958 2916 4010 57
2960 3958 3244 4028 Homilias,
3285 3966 3353 4019 de
3387 3982 3493 4035 que
3526 3970 3575 4022 di
3603 3976 3823 4027 noticia.
3858 3995 3878 4027 ι

2498 4044 2689 4099 Gravis
2720 4049 3029 4113 enimvero,
3069 4060 3122 4105 et
3158 4055 3513 4112 vehementer
3538 4062 3767 4116 dolenda
3819 4066 4042 4127 litteris

2420 4131 2632 4198 jactura
2667 4137 2680 4188 Ξ
2720 4141 3026 4205 praesertim
3085 4139 3287 4209 Lexici,
3318 4147 3383 4198 de
3428 4163 3553 4214 quo,
3605 4160 3865 4221 tanquam
3903 4160 4037 4212 sin-

2423 4225 2592 4292 gulari
2622 4237 2674 4279 et
2703 4229 2916 4283 caeteris
2949 4230 3298 4289 bibliothecis
3346 4239 3530 4307 ignoto
3566 4257 3791 4310 prorsus
3823 4262 4035 4317 opere,

2424 4316 2498 4368 ita
2543 4316 2773 4373 Scorsus
2801 4321 2942 4375 inter
2980 4323 3389 4384 Escurialenses
3416 4332 3768 4403 Theophanis
3794 4345 4037 4399 codices

2420 4404 2653 4461 Procem.
2685 4424 2767 4474 ιιι,
2801 4410 2910 4481 δε,
2941 4415 3159 4469 disserit
3186 4435 3199 4470 :
3239 4419 3506 4476 Praeterea
3533 4425 3586 4480 in
3624 4432 3774 4498 regia
3810 4435 4033 4490 biblio—

2423 4498 2579 4553 theca
2632 4500 2861 4571 llispan.
2914 4504 2968 4556 in
3014 4511 3345 4565 monasterio
3402 4514 3460 4565 S.
3509 4514 3817 4587 Laurentii,
3867 4534 4033 4595 quod

2418 4587 2751 4646 Escurialem
2793 4604 3011 4659 vocant,
3046 4598 3349 4671 Γρηγορίου
3382 4607 3684 4663 ἐπισκόπου
3718 4614 3815 4684 τῆς
3852 4587 4030 4673 2:sz—

2415 4679 2535 4741 λίας
2569 4682 2781 4749 ὁμιλίαι
2833 4685 2940 4736 ἀπὸ
2980 4688 3072 4738 τοῦ
3116 4692 3544 4762 Ἀρχιτεὶώνου,
3588 4712 3641 4753 et
3689 4704 3741 4755 in
3773 4679 3895 4760 alio
3927 4725 4032 4763 c0-

2416 4770 2555 4833 dice,
2602 4770 2840 4840 Ὀμιλίαι
2872 4775 2967 4827 τοῦ
3004 4778 3128 4831 ὃ).ου
3168 4783 3442 4840 ἐνιαυτοῦ.
3490 4786 3731 4859 Gregorii
3770 4800 4028 4864 episc0pi

2414 4856 2618 4915 Sicilia:
2662 4864 2891 4919 homilia:
2922 4884 2953 4919 a
2991 4873 3225 4939 principe
3259 4878 3660 4941 publicanorum
3702 4887 3980 4946 inc/toata'
4004 4912 4027 4955 ;

2412 4951 2645 5008 homilias
2693 4961 2855 5010 totius
2902 4963 3047 5024 auiti,
3078 4980 3215 5031 quas
3265 4984 3397 5023 sane
3427 4977 3646 5028 easdem
3690 4994 4026 5052 essentque

2410 5044 2509 5098 bas
2537 5061 2670 5113 quas
2718 5049 3037 5119 evulgamus
3086 5055 3240 5109 lidem
3296 5061 3425 5114 fecit
3457 5063 3517 5118 Ι).
3566 5065 3846 5127 Marianus
3873 5044 4027 5130 Vitl-

2408 5153 2677 5205 guaruera
2732 5142 3176 5212 l’anormitanus,
3220 5166 3325 5205 n0n
3378 5159 3552 5226 magis
3598 5176 3796 5228 genere
3824 5184 4010 5234 quiin

2406 5230 2706 5284 litterarum
2752 5232 3059 5291 Graecarum
3101 5242 3409 5301 eruditione
3452 5251 3671 5317 clarus;
3754 5260 3841 5311 cui
3880 5261 4019 5315 Ma-

2409 5322 2537 5376 driti
2576 5324 2630 5377 in
2681 5326 2833 5393 regia
2864 5325 3099 5400 Philippi
3130 5332 3197 5386 ιν
3231 5338 3446 5409 degenti
3492 5349 3768 5412 negotium
3808 5352 3865 5404 in
3898 5355 4017 5412 hac

2406 5428 2465 5468 re
2492 5413 2759 5470 litteraria
2795 5420 2937 5483 dedi,
2966 5434 3023 5475 ut
3053 5425 3119 5478 de
3164 5427 3249 5482 his
3284 5431 3522 5487 ltomiliis
3559 5440 3733 5506 deque
3769 5457 4019 5503 auctore

2406 5522 2781 5579 cognosceret,
2808 5524 2863 5567 et
2901 5531 2966 5569 ex
2994 5518 3170 5574 indice
3202 5537 3389 5578 earum
3423 5542 3558 5594 quas
3595 5535 3735 5599 apud
3778 5552 3867 5588 me
3895 5540 4017 5591 ba-

2404 5603 2618 5671 hebant,
2644 5608 2709 5660 ad
2750 5608 2925 5677 ipsum
2963 5615 3287 5668 transmisso
3323 5618 3599 5673 conferret
3643 5639 4012 5697 argumenta,

2405 5694 2791 5766 inscriptiones
2820 5711 2875 5756 et
2904 5704 3075 5773 prima
3119 5708 3385 5779 cujusque
3430 5713 3616 5781 verba,
3649 5720 3846 5785 quibus
3880 5694 4017 5776 Col;

2406 5788 2535 5847 latis
2560 5792 2781 5851 easdem
2806 5809 2925 5855 esse
2954 5803 3238 5873 comperit,
3270 5818 3405 5872 quas
3433 5808 3576 5877 apud
3628 5825 3713 5867 me
3752 5825 3876 5869 esse
3909 5817 4016 5871 iu.
