4172 6432
793 376 863 438 43
1970 374 2347 435 RECENSIO
2385 377 2549 442 COD.
2590 381 2908 442 MATRIT.
3974 381 4041 446 Η

865 479 1089 533 Ἐπεστί
1143 496 1231 548 μοι
1268 477 1545 543 θαυμάσαι

789 579 887 633 SC.
919 577 1009 631 5L

1638 506 1679 547 ,ι
1722 478 1818 548 τῆς
1858 480 2058 551 ἀρετῆς
2102 483 2353 551 ἰδιότητα.

871 674 1087 743 Ἐπέχει
1138 690 1239 743 μου
1268 673 1366 742 τὴν
1397 671 1639 740 γλῶτταν
1683 670 1899 741 ἡνόσος
1946 666 2038 721 τοῦ
2084 665 2355 735 σώματος.
2423 671 2434 677 “

787 768 887 822 SC.
917 768 969 819 9.

826 766 994 910 (3:521
1040 856 1136 927 τὴν
1192 855 1344 925 ἱεράν
1398 854 1644 924 Βηθλεὲμ
1682 853 1803 921 ἄγει
1850 852 2089 921 σήμερῡν
2128 849 2275 919 ἡμᾶς
2322 850 2355 918 ἡ

784 950 1065 1005 θεσπεσία.
1099 948 1197 1003 SC.
1226 948 1313 1003 52.

2544 492 2604 542 Οί
2638 492 2880 561 κηφῆνες
2935 485 3071 555 εἶδός
3113 490 3229 542 ἐστι
3289 489 3557 559 μελιεσῶν
3615 492 3782 561 ἀργόν
3836 510 3893 545 τε
3951 496 4042 547 καὶ

2467 583 2757 653 ἄχρηστον.
2789 583 2890 637 SC.
2928 584 3013 637 l2.
3715 651 3717 653 ι

2539 676 2601 726 Οἱ
2640 676 2735 743 μὲν
2768 674 3017 744 αἰσθητοὶ
3057 675 3323 743 λειμῶνες
3364 675 3471 726 τῶν
3512 675 3769 728 ποικίλων
3807 677 4039 729 ἀνθέων.

2468 765 2566 820 SC.
2593 767 2681 821 28.

2536 857 2601 911 Οἱ
2635 860 2998 929 παιδοτρίϐαι,
3034 859 3124 915 καὶ
3165 858 3273 910 τῶν
3302 859 3437 910 νέων
3471 857 3792 911 διδάσκαλοι.
3834 856 3939 911 SC.
3987 858 4039 910 2.

2536 954 2598 1003 Οί
2634 952 2769 1020 πρὸς
2792 954 2890 1022 τὴν
2916 952 3197 1021 πάνδημον
3239 952 3443 1019 ταύτην
3492 950 3867 1019 ἁθροισθέντες
3907 968 4041 1001 παν-

866 1044 988 1096 Ἐπὶ
1031 1044 1130 1112 τὴν
1164 1042 1481 1112 Τιϐεριάδος
1528 1040 1725 1109 λίμνην
1772 1038 2014 1108 σήμερον
2064 1035 2158 1088 καὶ
2197 1035 2359 1104 ἡμεῖς
2465 1046 2680 1113 ήγυριν,
2708 1044 2806 1099 δα,
2833 1045 2916 1099 58,

783 1136 859 1205 τῷ
898 1136 1062 1205 λόγῳ.
1096 1135 1195 1189 SC.
1226 1134 1313 1187 56.

854 1226 1085 1279 Εὑκαλεῖ
1119 1226 1216 1293 μὲν
1248 1224 1419 1293 ἡμᾶς,
1442 1216 1488 1275 ὦ
1521 1222 1812 1290 φιλέορτοι,
1839 1222 2097 1289 σήμερον.
2130 1216 2227 1271 SC.
2262 1217 2351 1269 47.

853 1319 1145 1387 Εὑλογήσω
1174 1316 1265 1369 τὸν
1301 1316 1503 1386 Κύριον
1538 1318 1593 1367 ἐν
1627 1314 1790 1366 παντὶ
1820 1312 1994 1381 καιρῷ
2022 1308 2108 1362 διά
2134 1307 2351 1368 παντός.

780 1411 844 1463 ιι.
880 1411 946 1464 ιι.
978 1411 1065 1465 69.
1101 1410 1139 1479 ’ξ-

854 1502 1153 1571 Εὐλογητὸς
1200 1504 1226 1553 ό
1272 1501 1400 1563 Θεὸς
1428 1502 1455 1552 ό
1489 1496 1832 1560 καταξιώσας
1865 1495 2010 1565 ἡμᾶς
2034 1492 2352 1563 διαδραμεῖν

776 1597 874 1665 τὴν
910 1594 1176 1663 κυκλικὴν
1206 1593 1298 1646 τοῦ
1335 1592 1529 1661 χρόνου
1565 1589 1831 1661 περίοδον.
1862 1587 1962 1642 SC.
2003 1588 2053 1639 1.

847 1687 1150 1756 Εὐλογητὸς
1182 1689 1208 1738 6
1232 1687 1361 1748 Θεὸς
1388 1688 1413 1737 ὁ
1438 1682 1784 1748 καταξιώσας
1814 1682 1959 1749 ἡμᾶς
1996 1679 2121 1730 ἰδεῖν
2149 1676 2352 1745 ταύτην

776 1779 874 1847 τὴν
910 1778 1072 1843 ἁγίαν
1105 1778 1195 1828 καὶ
1221 1775 1480 1844 λαμπρὰν
1516 1773 1729 1842 ἑορτήν.
1759 1770 1827 1823 Μ.
1862 1770 1929 1822 Μ.
1965 1769 2050 1821 74.
2086 1767 2126 1836 ἰ·

852 1868 1128 1934 Ἔφθασεν
1157 1867 1188 1931 ἡ
1226 1863 1560 1933 εὐαγγελικὴ
1590 1862 1876 1931 φιλοσοφία
1906 1860 2011 1913 ἀπὸ
2039 1859 2146 1911 τῶν
2177 1858 2346 1910 κάτω.

777 1960 877 2015 SC.
906 1960 989 2013 17.

851 2054 919 2107 ’Π
973 2054 1052 2115 είς
1100 2052 1191 2105 τὸν
1246 2049 1498 2121 Τελὼνην
1550 2050 1645 2102 καὶ
1699 2048 1991 2117 Φαρισαῖον
2041 2042 2348 2113 παραϐολή.

775 2145 923 2199 ALL.
955 2146 1003 2199 5.
1041 2144 1080 2214 -ι-

858 2237 920 2287 'H
971 2236 1069 2304 τῆς
1127 2234 1417 2306 μετανοίας
1473 2232 1616 2304 πύλη
1664 2231 1772 2286 ίδοί)
1822 2231 2113 2301 ἡνέῳκται.
2163 2228 2229 2282 Μ.
2277 2226 2347 2281 Μ.

774 2328 861 2381 (ιδ,
899 2327 939 2397 -ι

858 2423 921 2474 Ἡ
946 2419 1037 2473 τοῦ
1074 2417 1390 2488 Πνεύματος
1419 2416 1642 2487 εύναμις
1666 2418 1722 2469 ἐν
1750 2413 2007 2485 ἀσθενείᾳ
2028 2410 2346 2465 τελειοῦται.

773 2516 839 2568 ιι.
873 2514 940 2566 ιι.
978 2511 1065 2564 co.
1092 2510 1130 2580 4.-

848 2609 1006 2667 Ἴσως
1052 2604 1148 2672 μὲν
1177 2601 1421 2671 ἐπαχθὴς
1448 2600 1583 2665 δόξω
1619 2602 1753 2669 πρὸς
1784 2599 1881 2670 τὴν
1909 2598 2181 2668 ὑμετέραν
2210 2596 2348 2663 ἀγά-

774 2717 900 2766 πην.
935 2696 1035 2750 SC.
1063 2695 1155 2747 27.

848 2789 953 2842 Καὶ
979 2786 1274 2857 κιθαρῳδὸς
1308 2784 1447 2857 ἀνὴρ
1478 2784 1737 2863 πολλάκις
1770 2784 1868 2847 τάς
1904 2782 2098 2851 ἀγυιάς
2127 2778 2350 2850 διερχό-

776 2900 959 2953 μενος.
992 2882 1094 2936 SC.
1123 2881 1210 2934 56.

846 2975 957 3027 Καὶ
986 2973 1073 3026 ὅτε
1106 2969 1457 3040 ἐπλήσθησαν
1493 2970 1550 3021 αἱ
1580 2968 1783 3037 ἡμέραι
1821 2964 1967 3018 ὀκτὼ
1998 2963 2088 3015 τοῦ
2128 2977 2349 3031 περιτε-

776 3066 915 3135 μεῖν.
948 3064 1018 3117 Μ.
1050 3061 1119 3115 Μ.
1154 3062 1242 3115 58.
1270 3060 1309 3131 ἰ’

848 3154 960 3208 Καὶ
993 3153 1260 3221 παράγων
1306 3153 1334 3203 ό
1390 3147 1597 3221 Ἰησοῦς
1646 3143 1787 3201 εἶδεν
1831 3145 2113 3214 ἄνθρωπον
2152 3142 2350 3211 τυφλὸν

773 3253 837 3303 ἐκ
867 3250 1109 3318 γενετῆς.
1147 3247 1214 3301 Μ.
1246 3246 1315 3299 Μ.
1350 3247 1439 3301 55.
1462 3244 1503 3315 ’ξ-

842 3340 955 3393 Καὶ
987 3337 1390 3409 χρεωφειλέτης
1433 3336 1751 3406 εύχάριστος
1784 3332 1885 3386 κᾶν
1935 3329 2207 3401 μηδεμίαν
2248 3326 2351 3379 ὑπὸ

773 3430 865 3482 τοῦ
895 3426 1196 3481 δανειστοῦ.
1232 3426 1330 3479 SC.
1359 3425 1447 3478 42.

848 3517 1122 3571 Καλοῦσιν
1150 3518 1229 3578 εἰς
1268 3516 1356 3566 τὸν
1388 3513 1567 3583 γάμον
1593 3513 1682 3565 τὸν
1717 3510 1946 3582 Κύριον.
1981 3507 2139 3562 ALL.
2166 3508 2220 3560 5.
2255 3506 2294 3575 ’ξ-

845 3611 1039 3675 Καλῶς
1081 3610 1392 3679 ἐφήρμοσεν
1434 3607 1469 3676 ἡ
1515 3604 1668 3667 τάξις
1708 3604 1807 3673 τὴν
1854 3601 1947 3654 τοῦ
2032 3598 2349 3668 Προδρόμου

774 3704 1074 3757 τελείωσιν.
1111 3700 1213 3754 SC.
1247 3700 1335 3753 61.

848 3794 1092 3863 Λαμπρᾶ
1133 3790 1314 3861 ἑορτὴ,
1359 3789 1454 3842 καὶ
1497 3786 1802 3857 πανήγυρις
1847 3782 2051 3851 ἐπέστη
2088 3781 2347 3851 σήμερον.

777 3886 875 3941 SC.
912 3885 1001 3939 20.

846 3975 1088 4046 Λαμπρά
1118 3973 1193 4043 τῷ
1226 3972 1361 4035 δντι,
1395 3970 1487 4023 καὶ
1516 3966 1821 4039 περιφανὴς
1854 3967 1887 4035 ἡ
1925 3962 2346 4035 παροῦσαπαν-

775 4073 994 4140 ήγυρις.
1025 4066 1125 4121 SC.
1164 4065 1255 4119 59.

846 4159 1035 4229 Μαρία
1064 4157 1312 4225 εἱστήκει
1353 4154 1488 4225 πρὸς
1534 4153 1595 4204 τὸ
1633 4151 1898 4221 μνημεῖον
1936 4148 2194 4201 κλαίουσα
2222 4146 2347 4210 ἐξω.

775 4250 877 4304 SC.
907 4250 998 4303 56.

848 4338 1125 4393 Μυστικὸν
1159 4338 1290 4407 ἡμῖν
1325 4336 1540 4389 δεῖπνον
1586 4335 1619 4406 ἡ
1653 4333 1940 4396 θεόλεκτος
1980 4332 2072 4384 τοῦ
2103 4332 2349 4399 Εὐάγγε-

780 4430 894 4481 λίου
925 4432 1097 4495 φωνή.
1137 4427 1237 4483 SC.
1270 4429 1356 4483 15.

848 4517 961 4571 Νῦν
1003 4520 1133 4589 ἡμῖν
1171 4520 1199 4569 ὁ
1236 4520 1334 4590 τῆς
1382 4517 1707 4589 ἐγκρατείας
1758 4517 1947 4589 καιρὸς
1996 4516 2233 4585 ἔφθασεν
2270 4532 2349 4577 ε.ς

779 4614 909 4664 αὐτὸ
939 4612 999 4663 τὸ
1028 4628 1093 4680 με
1107 4611 1373 4666 ταίτατον.
1412 4611 1512 4666 SC.
1541 4611 1630 4665 22.

856 4704 916 4757 ὐ
952 4704 1052 4773 μὲν
1079 4704 1268 4773 καιρὸς
1301 4704 1436 4773 πρὸς
1466 4702 1600 4756 αὐτὸ
1628 4703 1687 4756 τὸ
1715 4701 1808 4755 τοῦ
1854 4702 2011 4771 ἔαρος
2050 4702 2197 4771 ἡμᾶς
2228 4698 2352 4766 ἄγει

780 4794 1211 4865 ὰκροτελεύτιον.
1246 4788 1344 4850 SC.
1376 4791 1465 4849 41.

865 4886 923 4937 Ὀ
953 4885 1050 4955 μὲν
1081 4885 1177 4954 τῆς
1219 4886 1546 4955 ἐγκρατείας
1577 4886 1767 4956 καιρὸς
1796 4883 1896 4954 ήδη
1930 4882 2218 4952 προέκοψε,
2260 4882 2353 4934 καὶ

784 4978 919 5047 πρὸς
948 4977 1079 5028 αὐτὸ
1114 4977 1338 5045 ἔφθακε.
1369 4978 1469 5032 SC.
1504 4979 1596 5033 24.

862 5067 921 5119 '0
957 5066 1162 5137 Πέτρος
1192 5066 1430 5130 ἀναστὰς
1462 5068 1696 5139 ἔδραμεν
1722 5070 1814 5123 ἐπὶ
1852 5069 1914 5122 τὸ
1946 5072 2227 5139 μνημεῖον,
2258 5069 2353 5122 καὶ

783 5159 1133 5228 παρακύψας.
1162 5159 1264 5216 SC.
1297 5160 1386 5215 52.

864 5249 925 5305 '0
967 5252 1065 5319 τῆς
1111 5253 1387 5322 ἡμετέρας
1420 5253 1713 5318 πολιτείας,
1753 5247 1798 5307 ὦ
1836 5255 2096 5325 πατέρες,
2133 5254 2352 5317 σκοπός.

780 5343 853 5398 ιι.
886 5340 957 5396 ιι.
992 5342 1077 5397 ιε.
1108 5343 1148 5413 τ

850 5435 915 5487 Ol
948 5433 1201 5505 ἀγύρται,
1231 5438 1325 5490 καὶ
1353 5438 1595 5506 ἀγελαῖοι
1624 5442 1850 5510 πένητες
1873 5437 1968 5501 τὰς
1997 5438 2172 5501 οἰκίας
2200 5455 2354 5508 περι-

781 5526 1115 5591 νοστοῦντες.
1151 5528 1253 5583 SC.
1278 5530 1367 5584 45.

854 5617 918 5668 Οἱ
965 5619 1208 5680 άεννάως
1240 5620 1455 5690 ῥέοντες
1508 5623 1767 5691 ποταμοὶ,
1802 5620 1926 5675 οὕτε
1970 5621 2047 5693 τῷ
2078 5622 2228 5694 θέρει
2261 5624 2355 5695 λή-

780 5724 940 5775 γουσι
969 5708 1209 5773 νάοντες.
1249 5709 1350 5765 SC.
1377 5711 1464 5765 50.

849 5798 912 5849 υί
947 5799 1003 5850 ἐν
1037 5801 1148 5862 τοῖς
1184 5801 1427 5862 ἱππικοῖς
1468 5800 1649 5865 ἄθλοις
1682 5801 2094 5871 ἀγωνιζόμενοι.
2135 5799 2235 5855 SC.
2265 5800 2349 5857 19.

2534 1137 2596 1189 Οἱ
2628 1136 2721 1197 τάς
2756 1138 2974 1205 μακράς
3006 1138 3316 1206 ἀπ’,δημίας
3352 1139 3473 1191 κατ’
3505 1140 3775 1209 ἐμπορίαν
3805 1139 4042 1193 πλούτου

2467 1224 2827 1294 στελλόμενοι.
2855 1224 2957 1278 SC.
2991 1226 3043 1280 7.

2534 1310 2660 1368 Οἷόν
2696 1334 2747 1368 τι
2788 1316 3020 1384 πάτχειν
3049 1317 3204 1369 εἴωθε
3239 1318 3442 1388 ποιμὴν
3473 1318 3895 1389 πληθυνθείςαν.
3936 1319 4039 1374 SC.

2459 1404 2550 1458 45.

2533 1493 2663 1550 Οῖόν
2689 1516 2740 1550 τι
2777 1499 3077 1569 πάσχουσιν
3118 1502 3168 1555 οί
3214 1502 3321 1555 ἀπό
3354 1521 3498 1565 τινος
3545 1506 3773 1575 ὑψηλῆς.
3807 1505 3910 1560 SC.
3951 1506 4043 1561 {8.

2532 1585 2655 1641 Οἷόν
2690 1607 2742 1642 τι
2776 1592 3096 1660 συμϐαίνειν
3126 1593 3283 1646 εἴωθε
3324 1597 3450 1665 περὶ
3489 1597 3557 1648 τὰ
3594 1597 3760 1665 μύρα.
3808 1596 3908 1651 SC.
3947 1598 4041 1651 45.

2547 1680 2688 1749 Ὀρῶ
2722 1682 2962 1752 σήμερον
3001 1683 3094 1735 τοῦ
3141 1684 3377 1753 μεγάλου
3404 1685 3554 1738 τοῦδε
3595 1687 3723 1738 ναοῦ
3752 1687 3842 1739 τὸν
3873 1687 4048 1740 σεϐάο

2464 1791 2620 1841 σμιον
2645 1774 2861 1842 ὄροφον.
2895 1774 2995 1830 SC.
3028 1774 3081 1828 4.

2538 1864 2718 1934 Ὀρῶν
2751 1866 2993 1939 σήμερον
3036 1867 3127 1920 τὸν
3162 1869 3466 1937 ἁγιώτατον
3500 1873 3598 1939 τῆς
3630 1871 3895 1936 παναγίου
3947 1873 4042 1921 Δε-

2461 1958 2687 2028 σποίνης
2717 1958 2867 2013 ναόν.
2910 1957 3009 2013 SC.
3049 1959 3136 2014 40.

2536 2053 2631 2114 Ὃς
2681 2051 3089 2122 προοιμιάστως
3136 2052 3215 2122 τῷ
3265 2054 3477 2123 Σωτῆρι
3533 2055 3773 2122 σήμερον
3830 2057 4045 2124 νοητῶς

2458 2142 2808 2212 ἐφεψώμεθα.
2835 2142 2931 2198 SC.
2964 2144 3053 2199 58.
3093 2142 3379 2215 Perpcram
3416 2146 3510 2209 Ὂς
3543 2164 3557 2200 :
3588 2142 3722 2201 [ὀΐω
3748 2148 3820 2200 (ιὺ
3855 2148 4048 2219 legem-

2458 2239 2606 2291 dum.
2645 2234 2772 2289 Vide
2807 2238 3305 2307 Ἀπροοιμιάστως.

2530 2327 2698 2379 Ὅταν
2724 2324 2852 2397 ἔλθῃ
2885 2328 2912 2379 6
2952 2327 3077 2389 Υἱὸς
3124 2329 3218 2379 τοῦ
3268 2329 3558 2399 ἀνθρώπου
3594 2332 3651 2385 ἐν
3695 2335 3759 2403 τῇ
3790 2332 3920 2405 δόξῃ
3946 2338 4047 2388 αὐ-

2456 2415 2570 2469 τοῦ.
2598 2416 2669 2469 Μ.
2706 2417 2773 2470 Μ.
2803 2426 2953 2470 extra
2989 2432 3292 2471 numerum.
3322 2418 3363 2489 -ι-

2531 2507 2661 2560 Ὅτε
2700 2506 2834 2577 πρὸς
2867 2506 2963 2577 τὴν
3016 2508 3208 2560 ἐαυτοῦ
3268 2510 3417 2562 θείαν
3471 2512 3639 2583 αὐλὴν
3688 2518 3717 2568 6
3762 2516 4050 2585 Δεσπότης

2460 2599 2665 2653 ἐκάλει.
2697 2599 2798 2655 SC.
2834 2600 2922 2655 5L

2530 2691 2658 2743 Ὅτε
2688 2694 2786 2761 τὴν
2813 2694 2954 2746 κατὰ
2982 2692 3081 2763 τῆς
3107 2695 3382 2766 ἡμετέρας
3413 2695 3629 2764 φύσεως
3656 2698 3893 2767 ἀρχῆθεν
3920 2699 4046 2749 ἐπι-

2458 2782 2674 2852 ϐουλήν.
2703 2781 2802 2837 SC.
2836 2783 2923 2838 55.

2540 2877 2783 2946 Ὀτρύνει
2822 2880 2921 2947 μὲν
2953 2877 3119 2930 ίππον
3163 2879 3440 2949 ἀγέρωχον
3481 2881 3667 2941 πεδιὰς
3712 2880 4023 2950 ἡπλωμένη

2461 2966 2558 3021 SC.
2590 2968 2678 3020 25.

2530 3057 2604 3109 Ού
2635 3059 2882 3123 κατόπιν,
2906 3058 2982 3123 ὡς
3019 3061 3047 3113 6
3089 3059 3269 3129 λόγος,
3303 3062 3514 3132 ἥκομεν
3565 3065 3780 3132 ἑορτῆς,
3814 3065 3914 3120 SC.
3952 3069 4046 3121 57.

2455 3148 2533 3201 Ila
2581 3150 2891 3218 legendum,
2944 3166 3049 3205 non
3084 3151 3337 3215 πατόπιν,
3380 3165 3437 3205 ιιι
3483 3160 3735 3209 mendoso
3779 3174 4047 3213 cxcusum

2462 3250 2565 3292 CSl.

2529 3333 2605 3384 Οὐ
2662 3332 2823 3401 μόνον
2883 3334 3307 3403 περιπολοῦντες
3364 3337 3697 3406 σωματικῶς
3744 3341 3800 3391 ἐν
3849 3343 3913 3409 τῇ
3970 3344 4045 3412 γῇ

2458 3420 2549 3473 τοῦ
2593 3422 2866 3490 Σωτῆρος.
2902 3421 3001 3478 SC.
3037 3424 3128 3478 49.

2530 3515 2603 3566 Οὐ
2639 3513 3198 3589 τοσοῦτοναύχμὼδης
3219 3518 3310 3588 γῆ,
3335 3520 3430 3573 καὶ
3464 3520 3703 3590 κραναὴ,
3741 3523 3834 3573 καὶ
3863 3524 4045 3576 κατά-

2462 3603 2645 3672 ξηρος.
2677 3604 2779 3660 SC.
2816 3605 2900 3659 11.

2530 3694 2707 3765 Οὔσης
2744 3697 2902 3765 ὀψίας
2943 3700 3008 3767 τῇ
3044 3698 3229 3770 ἡμέρᾳ
3277 3701 3464 3772 ἐκείνῃ
3502 3705 3566 3773 τῇ
3606 3705 3705 3774 μιᾷ
3749 3705 3855 3755 τῶν
3892 3705 4049 3757 Σαϐ-

2459 3786 2659 3837 6άτων.
2696 3785 2795 3839 SC.
2832 3788 2921 3842 55.

2531 3876 2701 3929 Πάλαι
2749 3878 2847 3947 μὲν
2880 3880 2908 3930 ό
2945 3880 3177 3951 θεόπτης
3207 3882 3411 3952 Μωσῆς
3454 3883 3670 3935 ἀνάγων
3697 3886 3787 3935 τὸν
3823 3886 4049 3957 Ἰσραη-

2458 3969 2667 4021 λιτικὺν
2696 3968 2843 4023 λαόν.
2883 3970 2983 4026 SC.
3015 3973 3107 4026 28.

2532 4061 2698 4113 Πάλιν
2722 4062 2755 4131 ἡ
2783 4063 3115 4131 εύαγγελικὴ
3138 4063 3289 4133 φωνὴ
3316 4064 3449 4131 πρὸς
3472 4065 3571 4135 τὴν
3593 4068 3864 4138 πατρικὴν
3890 4070 4051 4138 ἡμᾶς

2457 4153 2739 4220 ἀνάγουσα
2771 4154 3041 4223 κλίμακα.
3071 4154 3170 4210 SC.
3205 4157 3291 4209 16.

2530 4244 2698 4295 Πάλιν
2734 4244 2765 4312 ἡ
2791 4244 2885 4296 τοῦ
2908 4244 3040 4297 Θεοῦ
3073 4247 3434 4308 ἐνυπόστατος
3466 4249 3629 4317 σοφία
3662 4250 3755 4302 καὶ
3778 4250 4049 4321 δύναμις.

2460 4334 2561 4390 SC.
2599 4338 2653 4391 8.

2528 4430 2699 4481 Πάλιν
2730 4431 2863 4498 ἡμῖν
2910 4431 2942 4498 ἡ
2979 4429 3077 4499 τῆς
3136 4429 3407 4498 βασιλίδος
3457 4432 3564 4485 τῶν
3610 4433 3814 4501 ἐορτῶν
3847 4435 4048 4508 ἑορτή.

2457 4523 2531 4575 ιι.
2565 4520 2634 4574 ιι.
2676 4521 2761 4575 78.
2791 4520 2830 4590 τ

2530 4615 2811 4683 Πατρικῆς
2846 4615 3067 4683 μνήμης
3103 4615 3294 4685 ἑορτὴν
3325 4616 3531 4687 ἄγομεν
3556 4622 3817 4689 σήμερον,
3848 4615 3894 4673 ὧ
3927 4624 4054 4675 Πα-

2456 4704 2656 4774 τέρων.
2688 4705 2756 4758 Μ.
2791 4706 2859 4758 Μ.
2894 4706 2982 4759 65.
3014 4705 3053 4775 ’ξ-

2532 4796 2739 4866 Πολλὴν
2755 4798 3223 4866 πανδαισίανὴμῖν
3247 4799 3273 4850 6
3299 4800 3610 4869 ἐπιστήθιος
3643 4801 4054 4872 εὐαγγελιστὴς

2460 4887 2769 4957 προτίθησι.
2808 4888 2908 4942 SC.
2940 4889 3028 4942 25.

2529 4981 2833 5051 Πολυτελὴν
2882 4984 3179 5035 πανδασίαν
3237 4984 3390 5051 ἡμῖν,
3438 4993 3539 5037 elc.
3579 4983 3645 5035 Μ.
3683 4982 3753 5035 Μ.
3809 4982 4052 5047 Eadem,

2460 5087 2578 5140 quae
2609 5074 2857 5139 superius
2888 5074 3075 5140 incipit
3102 5093 3115 5127 :
3150 5074 3356 5139 Πολλὴν
3403 5074 3749 5137 πανδαισίαν,
3787 5084 3893 5126 elc.

2533 5161 2647 5231 Πρὸ
2681 5164 2789 5232 γάρ
2828 5162 2922 5214 τοῦ
2955 5163 3203 5216 ἑκουσίου
3252 5165 3457 5227 πάθους
3500 5165 3982 5232 ἐπαγγειλάμενος
4024 5168 4057 5219 ό

2462 5254 2673 5324 Σωτήρ.
2708 5253 2860 5306 ALL.
2890 5254 2942 5307 2.
2972 5255 3013 5325 ’ί-

2533 5343 2891 5411 Προέφθασάν
2934 5364 2999 5415 με
3040 5347 3249 5416 ἡμέραι
3292 5348 3567 5418 πτωχείας
3594 5364 3606 5378 ·
3640 5347 3839 5400 στένων
3867 5352 4059 5401 πεπό-

2464 5456 2685 5508 ρευμαι.
2723 5438 2793 5493 Μ.
2827 5439 2894 5493 Μ.
2939 5441 3022 5495 75.
3056 5441 3096 5510 -ξ-

2537 5532 2857 5600 Προσέχετε,
2893 5532 3018 5593 λαός
3061 5551 3183 5601 μου,
3221 5535 3311 5585 τὸν
3344 5533 3507 5603 νόμον
3548 5549 3648 5601 μου
3679 5548 3692 5563 °
3730 5532 3951 5584 κλίνατε
3984 5536 4059 5586 τὸ

2462 5620 2553 5684 οὓς
2585 5623 2757 5691 ὑμῶν.
2798 5622 2869 5679 Μ.
2908 5624 2976 5677 Μ.
3012 5625 3097 5678 75.
3125 5624 3164 5695 ἰ·

2541 5715 2918 5785 Προφητικαῖς
2948 5716 3264 5785 πειθόμενοι
3304 5718 3526 5787 ρήσεσιν
3569 5716 3955 5777 ἀποστολικαῖς
3984 5733 4056 5769 τε

2470 5808 2852 5880 παραινέσεσιν
2886 5809 3108 5878 ἦχοντες
3139 5810 3265 5881 (leg.
3302 5809 3637 5878 ἁκνύοντες).
3668 5807 3736 5861 Μ.
3766 5806 3835 5860 Μ.
3875 5806 3963 5860 70.
4010 5808 4059 5865 +
