4172 6432
793 374 857 440 51
1820 376 2218 438 FRANCISCI
2265 375 2531 438 SCOBSI.
2575 377 2991 437 PREFATIO.
3987 364 4050 424 52

789 490 1210 561 delitescunt;
1271 503 1325 553 et
1376 494 1432 552 si
1461 493 1666 554 minus
1705 491 1779 550 ab
1816 491 1918 564 iis,
1979 501 2143 551 certe
2189 491 2264 552 ab
2333 494 2652 553 hominum
2707 489 2804 551 vel
2855 490 3142 560 scientia,
3203 487 3299 548 vel
3361 485 3658 546 memoria
3681 481 4047 551 obliterata,

788 595 1106 676 multoque
1162 598 1360 675 magis
1411 597 1486 658 ab
1547 615 1654 656 ore
1696 614 1768 654 ac
1835 613 2112 654 sermone
2175 598 2488 656 communi
2544 607 2802 666 iemota,
2862 606 2915 654 et
2980 596 3036 654 si
3079 592 3480 672 paucissimis
3531 588 3921 667 antiquariis
3990 594 4043 644 et

788 704 1161 762 interiorum
1214 703 1570 763 litterarum
1629 700 1934 760 studiosis
1989 709 2164 772 nota,
2207 702 2493 760 maxima:
2549 711 2711 760 certe
2759 701 3077 761 hominum
3126 699 3301 776 parti
3355 698 3569 771 ignota
3617 703 3788 752 sunt.
3824 693 4046 767 Atque,

785 811 857 860 ut
913 822 1034 862 acu
1085 805 1356 880 propius
1408 821 1534 862 rem
1618 802 1958 878 attingam,
2019 801 2509 877 quotusquisque
2565 801 2987 876 Theophanem
3036 810 3308 858 vestrum
3363 808 3625 854 veterem
3680 794 4049 858 antistitem,

787 897 1361 979 eloquentissimum
1424 896 1844 970 ecclesiasten,
1922 897 2093 958 omni
2160 895 2600 957 doctrinarum
2650 915 2870 975 genere
2930 899 3233 976 insignem
3283 898 3487 956 virum
3533 912 3725 972 usque
3779 892 3860 951 ad
3925 893 4044 952 hoe

787 1000 1070 1062 diernam
1138 1003 1296 1063 diem
1347 1000 1445 1061 vel
1504 1001 1576 1062 de
1619 1001 1888 1070 nomine,
1960 999 2187 1060 nedum
2249 999 2320 1059 de
2368 1001 2532 1078 facie
2594 1001 2900 1060 noverat?
2954 997 3201 1058 Claruit
3253 995 3358 1055 ille
3415 996 3661 1075 quidem
3725 1012 3850 1052 una
3910 1011 4050 1052 cum

783 1103 993 1163 aureis
1049 1113 1267 1162 vestrm
1324 1100 1686 1180 reipublicae
1730 1098 2026 1165 sceculis;
2070 1101 2176 1160 sed
2223 1100 2332 1159 ubi
2388 1099 2822 1176 Agarenorum
2857 1099 3185 1177 imperium
3216 1095 3559 1156 dccolorem
3608 1092 3863 1152 induxit
3903 1102 4053 1149 αἰα-

785 1217 924 1280 tem,
987 1227 1057 1266 (ιο
1093 1210 1382 1288 [(’ννεαιην
1450 1206 1713 1267 eamdem
1774 1222 1974 1282 prope
2030 1225 2102 1264 ac
2156 1215 2374 1264 vcstrce
2429 1204 2708 1264 civitatis
2769 1202 2954 1262 decus
3011 1203 3334 1282 fortunam
3386 1199 3666 1269 subivit,
3725 1194 4052 1271 eademque

782 1314 975 1370 ruina
1042 1328 1242 1389 prope
1276 1312 1640 1388 funeratum
1701 1309 1829 1390 ejus
1870 1326 2090 1366 nomen
2132 1317 2183 1367 et
2241 1307 2536 1367 obrutum
2585 1315 2694 1364 est.
2776 1306 3226 1372 Verumtamen,
3287 1301 3611 1380 quoniam,
3665 1306 3736 1358 ut
3768 1297 3858 1356 ait
3906 1293 4052 1356 Cal-

785 1409 1088 1472 limachus
1124 1411 1227 1471 ille
1271 1412 1613 1479 Romanus,
1667 1411 1992 1487 qumitum
2027 1407 2276 1485 ingenio
2312 1423 2534 1466 nomen
2591 1405 2665 1464 ab
2721 1423 2845 1466 amo
2878 1423 3005 1464 non
3039 1403 3308 1475 excidet,

1183 1514 1262 1573 Et
1305 1533 1439 1572 cum
1472 1526 1790 1572 consumat
1829 1511 2123 1588 lapidem,
2157 1515 2517 1590 ferrumque
2544 1520 2847 1580 vetustas,

780 1616 1022 1693 scripta
1075 1627 1275 1675 tamen
1315 1635 1513 1674 annos
1574 1617 1888 1684 evincunt,

1288 1701 1296 1710 ’
1425 1713 1691 1791 Solaque
1717 1733 1842 1773 non
1879 1725 2116 1774 norunt
2164 1715 2289 1775 ha'c
2321 1721 2715 1772 monumenta
2750 1714 2934 1785 movi,
3072 1747 3080 1792 χ

778 1818 1136 1894 perfugium
1184 1825 1407 1876 nactus
1469 1827 1580 1888 est,
1641 1815 1751 1876 ubi
1801 1816 2043 1876 diutius
2101 1817 2332 1876 durare
2379 1825 2432 1874 et
2498 1817 2701 1876 vivere
2743 1828 2949 1894 posset
2990 1795 3385 1894 Tlieophanes
3448 1821 3648 1874 vester
3720 1811 4055 1874 Ceramcus

783 1922 848 1980 in
918 1919 1443 1982 bibliothecarum
1509 1920 1759 1997 asylis-:
1823 1921 1891 1980 in
1954 1903 2178 1999 quibus
2241 1938 2380 1978 cum
2435 1919 2516 1980 ad
2579 1920 2740 1980 hunc
2767 1919 2928 1980 diem
2975 1919 3306 1980 abstrusus
3372 1920 3600 1996 fuerit,
3664 1934 3736 1976 en
3800 1913 4057 1975 tandem

779 2024 1013 2102 aspicit
1076 2021 1291 2095 lucem,
1348 2033 1404 2083 et
1444 2024 1508 2084 in
1564 2043 1676 2085 ora
1716 2023 2031 2084 hominum
2075 2020 2451 2100 linguasque
2487 2021 2853 2082 traducitur
2883 2042 2902 2081 :
2948 2040 3084 2081 cum
3134 2040 3254 2101 quo
3295 2021 3569 2099 equidem
3601 2019 3807 2078 omnia
3839 2026 4054 2076 vestra

779 2121 970 2184 simul
1030 2123 1278 2194 decora,
1324 2141 1456 2202 quw
1492 2125 1628 2202 jam
1680 2131 1990 2182 vetustate
2051 2120 2458 2182 inobscurata
2501 2132 2552 2181 et
2625 2119 2938 2182 oblivione
2993 2140 3192 2200 prope
3254 2120 3450 2181 deleta
3494 2123 3774 2202 fuerant,
3812 2118 4055 2178 revivi-

778 2241 950 2284 scere
1003 2226 1158 2287 mihi
1207 2223 1552 2293 videntur;
1613 2244 1742 2285 non
1780 2222 1982 2285 solum
2045 2223 2192 2302 quia
2238 2223 2305 2284 in
2363 2223 2549 2304 hujus
2610 2223 2816 2301 operis
2865 2224 3181 2300 prominiis
3235 2222 3571 2302 isagogicis
3611 2239 3677 2279 ea
3714 2216 3808 2278 vel
3833 2217 3911 2278 ab
3963 2215 4060 2276 ul-

784 2322 937 2385 tima
976 2327 1358 2406 antiquitate
1413 2328 1685 2402 repetita
1735 2323 1831 2385 vel
1874 2327 1936 2384 in
1977 2325 2330 2383 memoriam
2360 2325 2673 2385 hominum
2708 2342 3002 2385 revocare
3032 2325 3126 2386 vel
3157 2325 3222 2385 in
3265 2326 3684 2404 cognitionem
3714 2319 4055 2384 adducere,

780 2431 912 2484 tum
968 2426 1061 2484 rei
1119 2426 1323 2504 ipsius
1387 2425 1699 2504 dignitate
1756 2435 2106 2502 permotus.
2173 2435 2303 2484 tum
2361 2434 2567 2484 vestro
2627 2426 2840 2485 studio
2885 2427 3139 2486 omnino
3197 2427 3556 2505 compulsus
3597 2423 3897 2488 institui;
3951 2420 4060 2478 sed

781 2528 965 2589 etiam
989 2530 1140 2608 quia
1171 2547 1309 2588 cum
1359 2528 1748 2606 Theophanis
1771 2527 2238 2604 archiepiscopi
2277 2535 2330 2585 et
2368 2526 2704 2603 scriptoris
2755 2525 3164 2589 ecclesiastici
3204 2546 3423 2588 nomen
3441 2547 3570 2588 non
3594 2526 3772 2587 modo
3808 2528 4058 2586 littera-

781 2639 1014 2698 torum,
1069 2629 1176 2690 sed
1231 2631 1419 2690 etiam
1461 2647 1785 2689 sacrorum
1838 2639 2162 2688 oratorum
2225 2629 2290 2687 in
2335 2646 2441 2688 ore
2483 2627 2864 2702 versabitur,
2912 2648 3073 2693 cum
3124 2632 3434 2708 referetur
3481 2631 3546 2689 in
3576 2629 4056 2698 commentaria,

780 2751 917 2793 cum
961 2730 1281 2792 resonabit
1317 2733 1381 2791 in
1404 2729 1648 2810 templis
1675 2729 2178 2809 populorumque
2207 2730 2845 2806 concionibus,simul
2873 2732 3057 2791 etiam
3089 2732 3485 2792 Tauromenii
3507 2729 3714 2810 gloria
3744 2729 4059 2808 decusque

779 2832 1124 2892 resonabit.
1188 2831 1396 2907 Quare
1452 2835 1717 2908 vigescet
1778 2831 1904 2892 lucc
1953 2831 2340 2910 Theophanis
2385 2831 2597 2896 vestri,
2635 2848 2880 2909 unaque
2913 2831 3434 2892 Tauromenitani
3468 2832 3740 2890 nominis
3793 2828 4059 2908 gloria;

781 2944 834 2994 et
893 2934 1179 3010 florescet
1233 2932 1518 3011 quotidie
1569 2935 1809 3011 magis:
1870 2941 1924 2992 et
1970 2940 2272 3011 quantum
2318 2931 2544 2989 vestris
2580 2931 2959 3010 manu/actis
2998 2930 3292 3008 operibus
3350 2932 3723 3009 decerptum
3781 2939 3870 2990 est
3929 2934 4057 2991 (rvi

781 3037 1238 3116 longinquitas,
1267 3046 1510 3097 tantum
1556 3047 1943 3116 arrogatum
1993 3033 2311 3097 laudibus.
2364 3034 2478 3095 Est
2531 3035 2691 3094 enim
2746 3035 2862 3096 hoc
2887 3053 3085 3094 meum
3129 3021 3612 3106 monumentum,
3675 3035 3845 3114 quod
3874 3055 3910 3093 a
3954 3055 4055 3095 me

780 3156 1003 3216 magno
1070 3156 1208 3197 cum
1245 3137 1480 3206 studio,
1541 3139 1608 3198 in
1668 3153 1892 3216 magna
1957 3147 2160 3197 tamen
2201 3137 2498 3214 temporis
2527 3137 2742 3213 inopia
2793 3135 3122 3198 subcisivis
3150 3136 3604 3214 propemodum
3664 3138 3839 3197 horis
3891 3156 4055 3197 con-

779 3237 982 3300 ditum
1041 3245 1095 3297 et
1158 3237 1591 3298 elucubratum
1646 3239 1896 3302 tandem
1950 3237 2254 3299 exsistit:
2286 3245 2398 3308 est,
2433 3237 2709 3317 inquam,
2763 3234 2930 3298 illud
2981 3236 3364 3316 hujusmodi,
3412 3246 3485 3296 ut
3535 3255 3652 3314 pro
3698 3237 4060 3301 immortali

779 3362 895 3405 sua
955 3343 1317 3403 conditione
1370 3342 1574 3404 vivere
1616 3343 1818 3422 possit
1881 3343 2180 3404 memoria
2235 3340 2611 3403 seculorum
2667 3341 2965 3410 omnium,
3020 3341 3186 3418 quod
3235 3342 3576 3419 posteritas
3617 3357 3856 3418 semper
3911 3361 4061 3401 am-

779 3448 1133 3530 plectatur,
1191 3458 1244 3510 et
1301 3449 1439 3528 ipsa
1499 3451 1826 3512 intueatur
1883 3449 2229 3511 wternitas.
2288 3449 2408 3511 Sed
2463 3449 2631 3528 quod
2683 3465 2881 3507 meum
2929 3447 3093 3517 dixi,
3154 3449 3287 3528 jam
3347 3457 3517 3508 muto
3575 3446 3850 3514 dictum:
3897 3456 3959 3506 et
4025 3470 4063 3507 ο

779 3571 868 3613 me
928 3552 1106 3632 quasi
1152 3553 1449 3631 mancupi
1508 3571 1641 3614 rem
1690 3549 2026 3620 ubalieno;
2081 3558 2353 3612 vestr-um
2412 3550 2735 3612 volueram
2805 3549 3012 3610 dicere
3059 3550 3171 3610 hoc
3233 3566 3407 3627 opus,
3465 3547 3692 3627 quoda
3745 3565 3838 3606 me
3866 3548 4062 3608 vobis

777 3673 895 3732 pro
947 3656 1169 3715 merito
1219 3663 1446 3725 vestro,
1497 3673 1569 3714 ac
1601 3652 1811 3713 studio
1860 3655 1926 3714 in
1973 3651 2295 3713 alumnum
2324 3661 2507 3732 atque
2543 3661 2860 3730 pastorem
2901 3651 3150 3727 patrias,
3196 3648 3541 3729 collataque
3591 3649 3658 3709 in
3695 3649 3762 3709 id
3807 3651 4067 3709 exscri-

785 3752 1050 3813 bendum
1103 3771 1222 3813 (ere
1274 3751 1527 3833 publico
1588 3753 1886 3814 donatum
1953 3771 2023 3813 ac
2094 3753 2448 3814 dedicatum
2497 3751 2662 3813 volo.
2748 3752 2967 3811 Vestro
3027 3750 3190 3811 enim
3263 3752 3706 3829 prescriptum
3773 3751 4065 3819 nomini,

781 3859 1260 3938 patrocinioque
1319 3858 1605 3919 devotum
1654 3856 1824 3920 haud
1887 3876 2127 3932 vereor,
2173 3867 2244 3919 ut
2308 3860 2375 3920 in
2415 3877 2531 3920 ora
2559 3877 2894 3938 manusque
2925 3864 3160 3918 vestras
3190 3864 3247 3917 et
3291 3858 3542 3937 gratius
3580 3864 3917 3918 venturum
3975 3860 4069 3918 sit

784 3969 840 4022 δι
873 3962 1099 4038 tutius,
1133 3962 1490 4044 diutiusque
1525 3964 1592 4025 in
1624 3962 1865 4043 pluteis
1931 3962 2255 4026 doctorum
2277 3963 2596 4025 hominum
2635 3970 3052 4024 versaturum.

1572 4167 3006 4179 —————_———_————————————-—.——-—.——-—-——q-
3045 4169 3069 4174 μ-
3094 4169 3219 4178 Ψ...

2271 4167 3006 4179 ——.—-—.———--—-——q-
3045 4169 3069 4174 ν-
3094 4169 3331 4178 ...Ψ-ο..
3345 4169 3629 4179 -..μήτ-...ν
3646 4169 3775 4179 ..ο-η.
3791 4167 3918 4182 ..ν

1733 4325 2284 4417 HUMANIS
2361 4323 3104 4419 LECTORIBUS

1459 4539 2506 4677 FRANCISCUS
2647 4537 3379 4659 SCORSUS

2054 4768 2383 4833 SOCIETA
2395 4766 2519 4828 TIS
2568 4769 2598 4829 Ι
2610 4767 2777 4830 ESU.

866 5073 1128 5137 Poetico
1161 5086 1340 5134 more
1383 5075 1446 5132 et
1469 5065 1737 5146 ingenio
1770 5079 1930 5126 usus
1960 5063 2215 5126 videtur
2248 5065 2558 5126 Hebrmus
2596 5071 2770 5126 vates
2801 5071 2939 5125 tum
2969 5078 3136 5141 saepe
3165 5060 3344 5130 alias,
3375 5067 3508 5121 tum
3542 5075 3695 5121 vero
3729 5075 3873 5120 cum
3916 5061 4081 5125 ina-

785 5171 983 5235 nimis
1013 5171 1207 5232 rebus
1251 5166 1531 5230 animam
1564 5161 1899 5240 afﬁngens,
1933 5162 2159 5223 coetum
2189 5177 2486 5223 enarrare
2522 5160 2791 5240 gloriam
2825 5159 2965 5231 Dei,
2997 5165 3058 5220 et
3090 5157 3258 5220 diem
3287 5155 3415 5219 diei
3451 5157 3718 5218 verbum
3747 5166 4066 5223 eructarc

786 5266 1022 5328 cecinit
1055 5271 1094 5328 '.
1130 5265 1443 5343 Perpetua
1467 5258 1713 5322 scilicet
1742 5263 1839 5318 est
1879 5255 2186 5335 nullaque
2233 5267 2599 5335 temporum
2632 5252 3114 5334 intercapedine
3149 5255 3606 5316 obmutescens
3640 5253 3856 5314 divina
3913 5255 4079 5319 laus

785 5381 978 5448 quam
1019 5379 1227 5424 rerum
1261 5352 1616 5423 creatarum
1647 5354 2042 5418 universitas
2084 5357 2213 5416 Deo
2248 5355 2325 5416 Ο.
2362 5355 2446 5416 Μ.
2481 5353 2826 5448 architecto
2858 5369 2980 5413 suo
3006 5350 3303 5430 quamvis
3339 5358 3514 5448 muta
3586 5348 3874 5448 decantat
3919 5367 3934 5408 :
4006 5363 4084 5415 et

786 5446 931 5524 cum
969 5477 1042 5522 ea
1073 5459 1268 5522 unius
1301 5455 1432 5520 diei
1457 5452 1777 5534 angustiis
1809 5451 2255 5514 circumscribi
2299 5468 2428 5513 non
2464 5447 2688 5530 possit,
2721 5448 2922 5510 vicem
2957 5463 3163 5521 suam,
3196 5454 3259 5508 et
3314 5446 3489 5506 velut
3549 5446 3834 5523 lampada
3891 5448 4086 5510 alter

790 5557 972 5620 alteri
1017 5556 1217 5618 tradat
1250 5570 1513 5616 necesse
1543 5559 1660 5614 est.
1693 5550 1877 5625 Quod
1912 5549 1967 5610 si
1992 5547 2113 5611 hoc
2138 5550 2476 5612 oraculum
2519 5546 2597 5608 ad
2631 5545 2977 5626 mysticum
3017 5561 3307 5614 sensum,
3344 5560 3537 5621 quem
3578 5543 3786 5614 mulli,
3822 5550 3884 5602 et
3940 5562 4084 5623 0p-

790 5653 963 5716 timaa
997 5660 1161 5714 uotae
1194 5649 1742 5725 indicantPatres,
1777 5646 2246 5714 traducendum
2289 5646 2398 5720 sit,
2431 5645 2494 5708 id
2520 5644 2714 5710 etiam
2748 5644 3084 5708 commode
3107 5643 3273 5706 cadit
3301 5641 3363 5702 in
3393 5658 3530 5703 eam
3587 5639 3700 5702 Dei
3761 5639 4078 5717 laudem,

860 5794 874 5824 ¹
915 5793 1058 5856 ΡδηΙ.
1099 5809 1250 5860 xvm,
1285 5791 1340 5860 2,
1375 5792 1427 5847 '5.
