4172 6432
169 390 234 447 Si
1196 389 1594 449 FllANClSCI
1641 390 1900 449 SCthSI
1950 390 2355 449 i‘lUil’A'l'ltl.
3334 391 3401 451 53

166 512 357 572 quam
393 498 594 558 sancti
636 498 931 560 doctores
970 496 1267 558 Ecclesia
1302 497 1593 557 doctrina
1623 498 2009 574 scriptisque
2048 497 2441 557 tradiderunt
2476 498 2636 557 suis.
2678 498 2922 558 Etenim
2962 506 3270 575 perpetuo
3298 500 3399 556 illa

162 592 493 651 curriculo
528 595 607 653 ab
644 592 852 670 ipsius
884 592 1186 653 Ecclesia
1214 601 1439 653 exortu
1477 608 1812 670 progressa
1832 600 2246 669 etpervagata
2273 602 2404 663 est;
2432 601 2490 653 et
2523 610 2709 670 quan
2731 600 3113 669 acceperunt
3137 610 3167 651 a
3198 595 3406 669 primo

162 690 435 749 Doctore
467 689 719 749 Christo
748 690 1043 767 apostoli,
1086 706 1220 750 eam
1260 707 1370 767 per
1393 690 1609 750 Patres
1646 689 1934 749 traditam
1972 696 2165 766 atque
2192 691 2629 750 tt'ansmissam
2666 707 2790 750 non
2823 691 3177 766 intercepto
3204 707 3399 749 cursu

160 804 478 865 excepere
517 791 755 852 saecula
792 792 1280 869 consequentia.
1319 792 1498 853 Unde
1538 791 1601 852 tit
1650 790 1741 851 uti
1775 807 1900 851 non
1940 791 2126 851 modo
2186 806 2437 869 semper
2496 792 2715 853 eadem
2753 792 2983 869 vigeat,
3028 793 3137 852 scd
3209 792 3399 851 etiam

158 894 475 961 augeatur
514 887 718 965 magis
751 888 1085 967 magisque
1116 888 1543 966 splendescat,
1566 903 1711 948 cum
1745 903 2002 964 semper
2036 887 2109 947 ad
2168 888 2523 949 doctrinam
2573 889 3005 965 evangelicam
3069 888 3401 965 ex'plican-

158 981 299 1040 dam
338 981 971 1063 illuminandamque
999 985 1165 1046 alius
1201 984 1389 1046 aliam
1448 983 1734 1062 praeferat
1764 983 2003 1055 facem;
2040 986 2387 1062 praesertim
2430 1004 2576 1049 vero
2611 1004 2754 1048 cum
2804 986 3021 1065 aliqua
3078 985 3406 1046 hareseon

158 1084 376 1137 coiirta
414 1087 785 1158 tempestas,
820 1098 964 1160 qua
997 1081 1475 1143 candidissimis
1511 1079 1794 1142 veritatis
1826 1081 2185 1142 luminibus
2220 1083 2477 1144 nebulis
2508 1084 2644 1143 suis
2682 1084 3011 1154 'otﬁceret;
3051 1098 3210 1159 quas
3255 1100 3405 1160 pro.

156 1172 323 1233 fecto
363 1176 525 1235 radii
584 1176 677 1237 illi
714 1177 999 1238 calestes
1022 1194 1091 1238 ac
1119 1179 1532 1254 pravalentes
1566 1178 1651 1238 ita
1684 1185 2099 1255 penetrarunt
2129 1186 2321 1257 atque
2354 1182 2823 1253 discusserunt,
2872 1188 2936 1241 ut
2999 1178 3162 1239 nihil
3208 1177 3408 1255 magis

156 1270 578 1331 tenebrarum
629 1272 926 1350 princeps
959 1290 1034 1333 ex
1073 1272 1276 1335 oﬂ‘usa
1309 1290 1421 1334 sua
1461 1272 1737 1351 caligine
1772 1272 2051 1333 lucratus
2079 1275 2183 1346 sit,
2212 1276 2303 1335 uti
2332 1274 2755 1351 ’l‘heOpltanes
2792 1282 3002 1335 noster
3039 1275 3103 1335 in
3129 1272 3405 1352 quadam

158 1365 425 1427 bomitia
457 1370 666 1440 docet,
698 1387 885 1447 quam
919 1376 985 1430 ut
1020 1370 1222 1448 magis
1256 1367 1555 1430 Ecclesia
1587 1368 1891 1445 splendor
1923 1369 2322 1430 enitesceret.
2359 1371 2440 1429 Ita
2481 1370 2675 1448 igitur
2727 1378 2795 1430 ut
2841 1369 3207 1429 institutum
3275 1383 3412 1426 ora-

156 1464 353 1523 tionis
387 1467 614 1526 orbem
658 1466 1009 1539 conﬁciam,
1033 1466 1171 1526 dies
1210 1466 1575 1544 pracedens
1610 1465 1861 1525 videtur
1888 1468 2115 1526 docere
2144 1476 2556 1544 sequentem;
2590 1467 2760 1545 quod
2826 1466 3015 1527 etiam
3066 1466 3407 1543 Mimogra-

157 1559 322 1635 phus
348 1560 465 1621 illo
502 1561 826 1622 versiculo
861 1569 1129 1623 venuste
1161 1562 1531 1640 expressit:

729 1701 1027 1772 Discipulus
1048 1714 1127 1757 est
1158 1702 1353 1772 prioris
1390 1703 1657 1773 posterior
1688 1702 1821 1757 dies.

154 1853 380 1929 Neque
418 1868 575 1914 vero
603 1855 719 1915 hoc
749 1854 959 1916 solum
993 1855 1071 1917 de
1095 1854 1395 1918 Ecclesia
1428 1856 1718 1917 Patribus
1757 1857 1997 1918 dictum
2041 1858 2259 1927 velim,
2297 1875 2371 1920 eo
2404 1858 2573 1936 quod
2608 1859 2857 1920 nullum
2910 1856 3045 1918 fere
3098 1859 3403 1918 saculum

152 1946 335 2007 ﬂuxit
373 1949 539 2025 quin
584 1950 865 2028 aliquem
900 1952 1264 2029 protulerit,
1297 1952 1408 2029 qui
1434 1952 1491 2013 ei
1520 1953 1826 2014 doctrina
1859 1953 2024 2024 luce,
2065 1955 2214 2014 dum
2251 1954 2512 2025 viveret,
2567 1955 2979 2033 praluceret;
3042 1954 3151 2015 sed
3214 1954 3403 2017 etiam

150 2045 321 2120 quod
357 2060 588 2103 eorum
618 2061 810 2121 Opera
837 2046 1035 2107 veluti
1069 2064 1212 2108 cum
1240 2047 1614 2108 eorumdem
1651 2047 1774 2108 vita
1806 2049 2118 2126 deposita,
2147 2057 2207 2110 et
2235 2065 2378 2109 cum
2418 2050 2826 2127 corporejam
2884 2050 3161 2127 sepulta,
3208 2054 3403 2111 adco-

149 2155 275 2216 que
307 2147 439 2199 tam
483 2155 709 2218 magna
756 2142 861 2201 lux
897 2143 1087 2203 etiam
1119 2143 1544 2205 intermortua
1585 2141 1993 2221 postaliquot
2023 2144 2259 2204 deinde
2292 2143 2599 2205 revixerit
2629 2145 2882 2213 sacnla,
2920 2155 3111 2223 atque
3136 2146 3213 2206 ab
3246 2146 3408 2206 obli-

153 2236 369 2297 vionis
416 2239 724 2313 sepulcro
758 2247 960 2310 eruta,
1003 2240 1070 2302 in
1108 2240 1315 2302 lucem
1344 2242 1631 2303 evenerit
1668 2265 1681 2301 :
1722 2256 1853 2319 quo
1885 2256 2033 2302 casu
2062 2241 2405 2319 plerosque
2441 2245 2538 2302 vel
2578 2242 2844 2318 primos,
2891 2249 2951 2302 et
2984 2249 3270 2319 tempore
3343 2252 3407 2304 et

150 2334 468 2411 dignitate
496 2338 712 2398 Patres
739 2337 1076 2400 defunctos
1110 2356 1252 2401 esse
1285 2339 1600 2400 videmus.
1632 2338 1925 2411 Quantus
1985 2343 2046 2399 et
2098 2353 2291 2416 quam
2340 2337 2711 2399 luculentus
2762 2337 2985 2398 doctor
3045 2339 3405 2417 Dionysius

152 2431 570 2510 AreOpagita,
639 2434 749 2509 qui
806 2434 1112 2495 altissima
1179 2437 1257 2497 de
1313 2435 1553 2497 divinis
1621 2435 2018 2505 nominibus,
2080 2442 2271 2512 atque
2327 2433 2592 2495 omnino
2657 2435 2973 2495 calestem
3026 2436 3104 2496 de
3167 2435 3404 2497 caelesti

150 2528 517 2589 hierarchia
547 2528 933 2605 theologiam
968 2532 1233 2610 propius
1266 2535 1346 2594 ab
1398 2532 1835 2609 apostolorum
1892 2529 2067 2591 fonte
2136 2529 2428 2591 haustam
2509 2544 2620 2606 per
2682 2528 2879 2590 libros
2935 2545 3088 2591 suos
3159 2531 3224 2591 in
3296 2547 3405 2609 po-

150 2632 355 2685 steros
390 2625 756 2687 derivavit?
784 2627 860 2687 Et
889 2634 1095 2689 tamen
1130 2616 1269 2707 ejus
1302 2629 1451 2691 libri
1484 2636 1608 2691 tam
1648 2628 1935 2705 insignes
1966 2635 2302 2689 sexcentos
2343 2642 2539 2705 prepe
2588 2641 2792 2689 annos
2841 2627 2909 2691 in
2969 2629 3221 2690 occulto
3269 2628 3409 2691 fue-

152 2730 321 2794 runt,
358 2738 516 2782 cum
545 2740 738 2784 nemo
765 2731 911 2785 ante
942 2725 1075 2785 divi
1107 2726 1402 2804 Gregorii
1443 2732 1725 2802 tempora
1760 2740 1981 2784 eorum
2016 2723 2391 2784 meminisse
2417 2724 2809 2801 reperiatur;
2866 2724 3050 2802 cujus
3106 2726 3199 2785 rei
3268 2741 3396 2787 non

149 2817 335 2876 aliam
396 2818 606 2878 fuisse
656 2836 913 2881 causam
964 2821 1217 2881 censuit
1279 2822 1618 2883 cardinalis
1683 2819 2127 2890 Bcllarminus,
2191 2834 2382 2896 quam
2438 2819 2608 2898 quod
2673 2818 2909 2881 alicubi
2961 2821 3288 2893 latuerint,
3338 2829 3409 2882 ut

155 2916 353 2975 multa
388 2914 520 2976 alia
549 2932 716 2994 sape
753 2918 941 2995 longo
975 2923 1264 2994 tempore
1294 2918 1703 2979 delitescunt.
1731 2918 1793 2977 S.
1821 2915 2115 2994 Gregorii
2138 2917 2412 2993 Nysseni
2442 2916 2638 2977 libros
2673 2916 2982 2977 adversus
3012 2916 3402 2977 Eunomium

153 3012 208 3072 S.
247 3013 705 3090 Hieronymus
736 3015 897 3074 libro
937 3015 1019 3073 De
1049 3016 1204 3073 viris
1231 3013 1589 3076 illustribus
1623 3020 1935 3083 recenset,
1972 3027 2215 3089 eosque
2249 3010 2375 3073 sibi
2419 3009 2496 3072 ab
2548 3012 2770 3072 eodem
2829 3012 3139 3088 Gregorio
3203 3012 3398 3074 lectos

155 3116 466 3177 testatur;
501 3110 563 3167 hi
606 3125 756 3169 vero
792 3109 1028 3170 nostris
1059 3110 1235 3169 hisce
1265 3110 1663 3188 temporibus
1694 3127 1839 3171 cum
1875 3117 1961 3170 tot
1992 3118 2136 3170 ante
2163 3108 2416 3169 saeculis
2445 3107 2510 3169 in
2547 3108 2830 3169 tenebris
2854 3108 3232 3187 jacuissent,
3304 3128 3400 3172 as-

154 3220 391 3279 pexere
435 3203 692 3274 lucem;
730 3220 893 3282 quos
927 3221 1067 3265 cum
1097 3205 1161 3264 P.
1197 3204 1472 3264 Jacobus
1498 3206 1858 3279 Gretserus,
1894 3208 1972 3266 de
2010 3205 2267 3277 litteris,
2308 3205 2565 3283 etquod
2613 3211 2708 3265 est
2781 3204 2970 3285 longe
3007 3206 3399 3281 praclarius,

153 3302 223 3361 de
253 3303 592 3363 Catholica
624 3303 901 3364 Ecclesia
926 3304 1162 3381 optime
1197 3303 1490 3373 meritus,
1524 3320 1606 3363 ex
1638 3302 1932 3364 Bavarica
1958 3299 2350 3361 bibliotheca
2398 3307 2615 3360 erutos
2648 3317 2777 3378 pra
2806 3300 3101 3360 inanibus
3146 3300 3403 3363 habere:

154 3404 207 3455 et
247 3399 606 3475 expoliret,
649 3407 713 3458 ut
752 3400 814 3459 in
846 3399 1049 3460 lucem
1080 3397 1553 3476 utilitatemque
1580 3414 1988 3459 communem
2022 3396 2303 3466 efferret,
2343 3396 2809 3474 praoccupavit
2836 3397 3029 3457 edere
3054 3414 3129 3457 ex
3155 3396 3401 3458 Nicolai

154 3493 421 3554 Gulonii
467 3495 1005 3571 interpretatione
1040 3496 1103 3554 P.
1138 3496 1417 3556 Joannes
1451 3512 1483 3555 a
1513 3496 1571 3555 S.
1601 3496 1963 3565 Francisco,
2000 3488 2349 3553 monachus
2378 3490 2726 3561 Fuliensis,
2788 3491 3163 3569 interpretis
3206 3491 3403 3560 ﬁlius,

154 3597 550 3666 exstantque
618 3591 809 3651 hodie
852 3598 1022 3652 tomo
1074 3592 1130 3651 ΙΙ
1174 3592 1459 3670 Operum
1514 3592 1809 3669 Nysseni.
1868 3588 2013 3665 Ejus
2063 3602 2213 3648 vero
2237 3585 2451 3649 fratris
2476 3585 2692 3647 Basilii
2723 3586 2934 3665 Magni
2978 3595 3231 3648 centum
3265 3604 3404 3647 am-

152 3685 319 3763 plius
347 3686 654 3760 epistola
698 3687 761 3746 in
808 3703 967 3747 nova
1004 3686 1287 3749 editione
1328 3704 1597 3767 operum
1635 3686 1776 3765 ejus
1808 3684 2024 3745 Grace
2058 3680 2341 3743 simulet
2372 3682 2591 3742 Latine
2624 3681 2689 3742 in
2722 3681 2925 3741 lucem
2962 3680 3277 3760 prodiere.
3339 3683 3399 3743 S.

154 3780 376 3858 Cyr-illi
419 3784 935 3844 Commentarios
962 3784 1023 3844 in
1059 3785 1401 3864 prepbetas
1437 3784 1722 3845 minores
1763 3798 1968 3860 nuper
2004 3779 2287 3841 vidimus
2312 3795 2341 3839 a
2388 3780 2623 3839 Jacobo
2657 3780 2941 3840 Pontano
2983 3778 3345 3857 publicatos
3386 3804 3399 3839 :

155 3887 327 3939 etne
356 3896 437 3939 ex
466 3879 747 3957 singulis
787 3879 1144 3956 catalogum
1190 3890 1418 3952 texam,
1456 3880 1811 3956 longiorem
1869 3894 2022 3937 sane
2057 3874 2344 3935 futurum
2398 3891 2587 3953 quam
2650 3874 2781 3935 hac
2826 3873 3109 3935 Piafatio
3177 3892 3403 3953 capere

157 3978 384 4049 pessit,
425 3978 544 4054 qui
579 3985 942 4037 sanctorum
979 3984 1263 4037 veterum
1299 3979 1554 4037 Patrum
1590 3975 1943 4040 volumina.
1971 3973 2085 4051 qui
2124 3969 2537 4032 bibliothecas
2592 3978 2836 4031 veteres
2873 3988 3199 4049 novasque
3259 3991 3401 4035 ver-

154 4072 335 4141 sarit,
377 4089 579 4152 quam
611 4074 730 4135 hoc
767 4091 985 4133 verum
1038 4074 1145 4146 sit,
1182 4076 1353 4153 quod
1401 4074 1504 4135 hic
1567 4071 1992 4152 proponimus
2054 4069 2613 4139 considerandum,
2689 4068 3202 4129 animadvertet:
3257 4085 3400 4130 nam

154 4168 453 4244 profecto
481 4187 553 4229 ea
578 4187 721 4246 qua
752 4170 1032 4231 Colonia
1058 4171 1226 4231 edita
1256 4179 1348 4232 est
1379 4188 1547 4232 anno
1572 4170 1724 4230 1618
1753 4168 2061 4243 etMagna
2079 4164 2455 4242 appellatur,
2489 4164 2630 4243 plus
2648 4172 2904 4225 centum
2929 4166 3181 4227 Patrum
3209 4180 3407 4244 opus-

154 4263 347 4337 culis,
382 4282 539 4339 qua
577 4277 757 4326 antea
795 4266 1120 4342 incognita
1152 4277 1356 4339 erant,
1398 4277 1577 4329 aucta
1610 4272 1671 4328 et
1696 4262 2078 4340 locupletata
2103 4268 2224 4325 est.
2251 4259 2314 4321 ln
2365 4276 2495 4339 quo
2550 4277 2782 4336 genere
2845 4276 3068 4337 magna
3143 4261 3407 4341 quidem

156 4375 377 4437 opera
420 4360 625 4437 pretia
655 4359 861 4421 facere
882 4360 1178 4422 homines
1215 4369 1449 4422 nostra
1479 4358 1836 4431 Societatis,
1884 4365 1943 4416 et
2001 4356 2291 4418 doctrina
2358 4362 2421 4417 et
2484 4358 2815 4416 sanctitate
2875 4356 3237 4435 conspicui,
3280 4356 3408 4435 jani

155 4465 293 4516 tum
331 4456 414 4516 ab
440 4458 579 4535 ipsa
609 4458 862 4519 condita
900 4459 1255 4530 Societate;
1289 4458 1528 4536 quibus
1562 4472 1701 4518 eam
1730 4460 2035 4526 mentem,
2069 4468 2310 4531 eosque
2343 4469 2467 4513 non
2497 4451 2835 4525 immanes,
2869 4454 2978 4513 sed
3013 4452 3271 4514 divinos
3299 4455 3418 4513 im-

158 4552 423 4612 misisse
484 4552 757 4629 spiritus
813 4553 890 4614 ad
922 4554 1145 4631 gloria
1171 4562 1231 4615 et
1268 4552 1569 4616 Ecclesia
1597 4568 1733 4613 sua
1768 4550 2293 4628 prepagationem
2334 4550 2586 4609 videtur
2612 4551 2809 4622 Deus,
2837 4558 2906 4611 ut
2956 4551 3019 4610 in
3090 4551 3406 4627 pervesti-

156 4650 392 4725 gandis
430 4656 717 4709 veterum
753 4648 1033 4720 Patrum,
1064 4650 1421 4727 prasertim
1458 4665 1610 4710 vero
1642 4648 2037 4717 Gracorum,
2075 4658 2148 4704 ex
2213 4643 2744 4705 bibliothrcarum
2804 4643 3063 4721 angulis
3125 4642 3417 4706 latebris-

154 4761 285 4822 que
324 4743 908 4818 reconditioribus,
945 4746 1415 4817 monumentis,
1453 4745 1515 4806 in
1552 4745 1767 4823 iisque
1816 4740 2216 4803 illustrandis
2267 4738 2553 4801 Studium
2621 4756 2839 4814 suum,
2903 4740 3411 4819 linguarumque

156 4839 489 4917 peritiam,
517 4856 708 4919 quam
748 4840 874 4902 sibi
910 4842 1387 4918 quasivissent,
1419 4844 1581 4903 bene
1612 4839 2042 4910 collocarent;
2079 4843 2141 4898 et
2180 4854 2255 4896 ex
2293 4835 2634 4898 blattarum
2676 4853 2820 4898 esca
2857 4836 3288 4899 humanorum
3324 4838 3420 4898 in-

157 4936 511 5013 geniorum
548 4936 805 5010 pabula,
831 4946 890 4997 et
920 4938 1221 4999 Ecclesia
1251 4938 1694 5000 emolumenta
1722 4954 1801 4997 ex
1835 4935 2093 4995 illarum
2129 4933 2617 4994 oblectamentis
2650 4932 2997 4995 efﬁcerent.
3036 4934 3222 5006 Quod
3268 4952 3413 4996 cum

156 5034 255 5095 illi
284 5033 659 5097 studiosius
693 5034 894 5095 multo
925 5036 1358 5115 cupidiusque
1390 5034 1717 5102 fecissent.
1743 5050 1936 5114 quam
1967 5031 2079 5112 qui
2130 5030 2429 5094 mortales
2491 5031 2756 5094 avaritia
2809 5031 3123 5093 stimulati
3184 5049 3414 5095 aurum

155 5147 233 5192 ex
269 5140 467 5193 terra
497 5130 677 5193 venis
706 5140 897 5211 atque
931 5132 1286 5195 visceribus
1318 5141 1656 5207 eruerent,
1688 5140 1823 5196 tum
1856 5136 2050 5198 etiam
2086 5132 2317 5197 utilius
2348 5151 2417 5196 ac
2450 5132 2800 5195 salutarius
2853 5131 3139 5196 humano
3192 5133 3415 5212 generi

157 5229 328 5303 iuit;
367 5246 518 5291 nam
549 5228 833 5309 profecto
868 5231 1306 5311 perniciosum
1344 5238 1439 5293 est
1485 5248 1714 5293 aurum

945 5372 1150 5440 Cogere
1179 5375 1441 5431 humanos
1484 5376 1535 5430 in
1579 5391 1727 5439 usus,

948 5460 1119 5517 Onme
1156 5478 1371 5518 Sacrum
1399 5466 1639 5533 rapiente
1681 5468 1872 5524 dextra
1914 5482 1924 5523 ;

162 5580 379 5636 contra
421 5588 578 5635 vero

919 5698 1111 5752 Parnm
1141 5700 1361 5767 sepulta
1388 5702 1549 5758 distat
1581 5702 1788 5758 inertia:

925 5788 1107 5844 Celata
1140 5790 1332 5845 virtus.
