4172 6432
797 350 868 411 55
1828 360 1967 416 ἰῖὶἶλ
1985 360 2220 418 Ναῐῖέίῖῐ
2270 362 2444 420 Slit')“

2385 364 2527 423 lliSl
2577 366 2990 428 PREFA'I‘IO.
3976 376 4032 434 55

802 462 869 518 lit
904 460 979 519 de.
1017 477 1082 519 ea
1126 463 1354 525 melius
1384 466 1649 539 Sapiens
1694 470 1929 529 caelesti
1967 470 2206 544 Spiritu
2256 470 2497 540 afﬂatus
2528 476 2965 548 pronuntiavit
3003 478 3369 553 εέςςψίεέιιὶα
3407 479 3741 553 absconsa,
3806 490 3857 539 ct
3904 484 4030 540 llic.

792 572 1019 615 sam‘us
1053 560 1353 630 μσς-υίἸτιε,
1399 580 1529 636 (per
1568 561 1811 622 uti/iras
1846 566 1908 623 in
1936 568 2213 644 uirisque
2239 568 2255 595 ’
2298 570 2324 624 ?

868 662 1113 722 Horum
1173 660 1522 741 insignium
1591 665 1872 729 virorum
1945 674 2343 741 auctoritate,
2401 687 2543 729 cum
2612 674 3063 751 intelligerem,
3126 683 3187 735 et
3234 692 3425 753 quam
3496 683 3669 736 esset
3732 677 3848 735 hoc
3899 686 4030 735 stu-

790 755 967 815 dium
1046 756 1376 817 Societatis
1431 770 1664 821 nostra:
1716 765 2071 838 proprium,
2134 775 2191 825 et
2248 776 2489 843 quanto
2574 770 2951 832 Christiana;
3025 773 3417 850 Reipublicae
3499 777 3862 844 commodo,
3943 774 4035 831 his

792 850 1144 927 przesertim
1187 856 1607 931 temporibus,
1645 877 1785 919 cum
1833 869 2197 922 sanctorum
2236 868 2486 926 Patrum
2536 870 2906 939 auctoritas,
2959 879 3018 928 et
3067 870 3386 930 doctrina
3420 873 3498 930 ab
3533 870 3875 931 .hazrcticis
3940 872 4033 928 in-

791 950 1180 1025 terpretibus
1213 952 1620 1027 depravatur,
1685 956 1781 1016 vel
1823 961 2336 1036 parvipenditur,
2386 976 2714 1037 permotus
2762 965 3181 1026 vehementer
3260 983 3431 1040 sum,
3493 972 3561 1027 ut
3644 966 3696 1025 si
3758 966 3913 1043 quid
3976 969 4033 1026 in

786 1047 1027 1105 Latinis
1102 1054 1158 1103 et
1216 1047 1449 1109 Grmcis
1520 1050 1748 1113 litteris
1814 1054 2179 1118 ediscenlis
2237 1058 2741 1139 excolendisque
2833 1063 3031 1123 studii
3088 1079 3431 1139 operteque
3489 1063 3892 1140 posuissem.
3973 1064 4030 1121 in

788 1140 905 1243 hoc
936 1156 1099 1216 Opus
1137 1158 1262 1202 non
1297 1144 1471 1220 parvi
1502 1148 1810 1208 momenti
1851 1150 2236 1224 conferrem,
2274 1155 2763 1238 symbolamque
2841 1176 3070 1243 meam,
3143 1166 3399 1221 tenuem
3469 1159 3768 1237 quamvis
3836 1159 4031 1228 illam,

785 1236 861 1296 ad
892 1244 1011 1296 tam
1046 1238 1289 1298 lautum
1326 1241 1696 1303 convivium
1735 1245 1994 1316 ferrem,
2031 1249 2091 1310 iu
2134 1268 2342 1329 eoque
2378 1251 2550 1315 imus
2591 1236 3059 1317 accumberem.
3088 1256 3291 1333 Igitur
3316 1236 3512 1316 simul
3551 1265 3743 1334 atque
3800 1256 3873 1316 ad
3942 1274 4034 1314 me

786 1334 1011 1394 delatae
1068 1342 1217 1395 sunt
1263 1335 1547 1398 homiliaa
1578 1341 1985 1419 Theophanis
2036 1347 2845 1430 Ceramei,archiepiscopi
2910 1353 3324 1414 Tauromenii
3384 1354 3448 1413 in
3522 1350 3736 1413 Sicilia
3796 1360 4031 1419 nostra,

788 1431 1013 1491 deesse
1048 1430 1201 1490 mihi
1238 1440 1297 1493 et
1334 1434 1420 1494 rei
1460 1436 1785 1499 litterariae
1836 1442 2053 1512 nolui,
2098 1445 2252 1521 quin
2312 1444 2582 1507 oblatam
2625 1449 3023 1510 occasionem
3068 1448 3444 1527 arriperem,
3479 1457 3541 1508 et
3593 1456 3864 1525 spartam
3934 1464 4039 1507 na-

785 1532 955 1596 ctus,
999 1545 1133 1587 eam
1171 1544 1463 1592 ornarem
1496 1552 1509 1591 :
1537 1535 1609 1593 ad
1644 1552 1833 1612 quam
1870 1538 2059 1597 etiam
2097 1540 2248 1599 mihi
2287 1542 2565 1605 acriores
2614 1545 2858 1604 addidit
2910 1546 3209 1605 stimulos
3245 1543 3471 1603 natalis
3533 1542 3916 1613 soli-amor,
3977 1552 4034 1602 et

786 1624 1074 1682 studium
1110 1625 1510 1688 illustrandae
1540 1631 1746 1705 gentis
1781 1643 2039 1705 nostrae,
2070 1652 2213 1695 cum
2251 1654 2375 1697 non
2408 1639 2592 1697 modo
2627 1640 2945 1701 universae
2982 1640 3297 1709 Ecclesia,
3326 1639 3433 1700 sed
3460 1637 3775 1698 etSicilim
3799 1646 4032 1697 nostra:

785 1717 1009 1795 gloriae
1039 1722 1501 1799 splendorique
1542 1743 1640 1785 me
1666 1731 2004 1790 consulere
2036 1739 2228 1809 atque
2260 1736 2503 1795 servire
2538 1745 2921 1812 reputarem,
2957 1737 3005 1795 si
3071 1736 3447 1813 scriptorem
3494 1734 3661 1793 hunc
3728 1732 4034 1793 ecclesia-

785 1814 1016 1876 sticum
1056 1818 1116 1877 in
1150 1818 1356 1879 lucem
1392 1822 1725 1899 proderem
1748 1848 1762 1895 ;
1789 1843 1919 1904 quo
1953 1845 2081 1888 uno
2114 1836 2282 1891 certe
2311 1832 2511 1908 possit
2534 1832 2747 1893 Sicilia
2779 1832 3062 1910 gloriari,
3090 1850 3231 1893 cum
3260 1833 3456 1893 alium
3497 1831 3719 1889 habeat
3755 1829 3883 1889 fere
3923 1847 4034 1887 ne-

786 1914 1052 1985 I‘ninem,
1096 1916 1281 1995 cujus
1317 1924 1437 1977 tam
1479 1935 1779 1997 magnum
1806 1938 1969 1998 Opus
2001 1926 2074 1985 ad
2111 1925 2271 1987 hanc
2305 1946 2512 2006 usque
2538 1929 2706 1989 diem
2746 1930 3041 1990 traditum
3084 1929 3270 1990 nobis
3325 1928 3431 1988 sit.
3492 1928 3800 1999 Quamvis
3856 1928 4030 1985 enim

789 2010 1216 2073 Paschasinus
1260 2015 1677 2091 Lilybetanus
1713 2018 2059 2095 epis-opus
2099 2023 2435 2099 sapientiae
2457 2025 2660 2102 gloria
2690 2026 3007 2097 ﬂoruerit,
3044 2035 3102 2085 et
3156 2025 3479 2103 Ephesino
3524 2023 3800 2083 concilio
3858 2022 4030 2097 lega-

787 2115 893 2166 tus
930 2109 1209 2169 l.eonisl
1263 2111 1584 2171 Pontiﬁcis
1618 2115 1883 2173 Romani
1918 2117 2266 2192 prrel‘uerit,
2300 2129 2506 2183 tamen
2564 2122 2702 2201 ejus
2763 2123 3021 2184 nonnisi
3079 2140 3292 2200 paucas
3342 2122 3630 2198 quaedam
3697 2122 3771 2179 ad
3820 2120 4033 2195 ipsum

786 2207 1065 2265 Leonem
1106 2206 1398 2285 epistolae
1430 2207 1597 2268 inter
1633 2210 1809 2269 illius
1848 2228 2040 2288 Opera
2087 2228 2358 2278 exulant.
2398 2220 2559 2279 Petri
2593 2219 2791 2280 Siculi
2828 2219 3163 2279 historiam
3199 2220 3277 2279 de
3328 2234 3480 2277 vana
3531 2215 4032 2275 Manicilzeurum

785 2300 1011 2361 lItL‘I‘CSi
1041 2319 1117 2361 ΟΧ
1154 2302 1428 2364 MalllttBi
1462 2304 1685 2365 Raderi
1716 2306 2044 2369 Societatis
2083 2320 2442 2376 noslrmeru
2472 2320 2694 2377 iitione
2729 2317 3065 2379 clarissimi
3109 2317 3327 2377 studio
3386 2325 3443 2375 et
3497 2314 4033 2387 interpretatione

786 2396 1011 2458 Ῑυοτδίί
1046 2414 1313 2469 sumtis;
1360 2398 1470 2476 qui
1505 2416 1657 2462 sane
1693 2404 1917 2465 Petrus
1949 2408 2170 2467 eodem
2204 2407 2339 2471 fere.
2363 2414 2592 2475 sreculo
2620 2416 2775 2474 vixit
2804 2416 3193 2493 scripsitque
3232 2431 3361 2491 quo
3398 2413 3497 2473 hic
3553 2416 3800 2480 Noster,
3854 2411 4033 2469 Basi-

785 2493 873 2553 lio
900 2495 1209 2555 nimirum
1245 2507 1305 2557 et
1339 2496 1487 2557 ﬁliis
1522 2497 1661 2576 ejus
1692 2500 2111 2565 Constantino
2139 2516 2199 2567 et
2234 2510 2441 2569 Lemne
2469 2509 2987 2586 imperatoribus,
3015 2527 3045 2571 a
3087 2511 3324 2589 quibus
3365 2511 3608 2584 legatus
3662 2507 3901 2565 mi~sus
3938 2513 4033 2565 est

784 2591 1105 2653 Tibricam
1143 2595 1465 2656 Armeniae
1494 2596 1861 2670 civitatem;
1898 2601 2007 2661 sed
2044 2601 2163 2664 hoc
2200 2606 2417 2665 brevis
2450 2606 2740 2668 historia
2771 2625 2959 2686 quam
3000 2618 3191 2669 tenue
3227 2605 3530 2665 lucellum
3589 2614 3705 2665 est.
3755 2602 3819 2663 Si
3883 2600 4034 2676 quis

782 2704 933 2749 vero
966 2687 1130 2749 alius
1159 2690 1536 2753 Christianre
1567 2695 1900 2770 sapientim
1926 2697 2127 2772 gloria
2156 2702 2609 2778 superioribus
2645 2704 2875 2765 claruit
2901 2704 3177 2773 saeculis,
3204 2703 3346 2780 ejus
3385 2710 3593 2762 tamen
3631 2716 3822 2776 opera
3868 2714 4034 2757 nou-

785 2782 965 2857 dum,
1002 2786 1175 2864 quod
1203 2786 1423 2859 sciam,
1450 2790 1527 2850 ad
1564 2790 1768 2851 lucem
1806 2792 2138 2855 hominum
2177 2810 2656 2873 pet-manarunt.
2694 2801 3049 2862 Accedebat
3099 2802 3289 2861 etiam
3344 2798 3529 2871 illud,
3583 2796 3757 2874 quod
3824 2794 4037 2854 Theo-

780 2882 1054 2961 phahem
1083 2895 1372 2947 nostrum
1396 2903 1470 2948 eo
1498 2888 1735 2951 saeculo
1761 2891 1998 2952 vixisse
2017 2897 2465 2971 compererim,
2492 2898 2661 2976 quod
2689 2901 2769 2959 ob
2793 2900 3125 2961 doctorum
3154 2896 3487 2956 hominum
3519 2892 3881 2973 penuriam,
3920 2888 4034 2965 qui

780 2980 943 3041 illud
990 2982 1129 3042 luce
1170 2983 1479 3045 doctrinm
1512 2985 1935 3059 ilio’strarent,
1970 2990 2315 3051 obscurum
2357 2995 2718 3070 appellatur
2749 3014 2777 3054 a
2803 2995 3030 3063 doctis,
3067 2999 3133 3053 ut
3162 2991 3666 3052 non‘miuimum
3720 2987 3808 3048 rei
3848 2985 4029 3043 lute-

785 3076 966 3136 rariae
1002 3084 1061 3137 et
1088 3077 1227 3138 fidei
1275 3083 1728 3157 compendium
1766 3081 1971 3145 facere
2008 3084 2165 3144 mihi
2205 3086 2476 3161 viderer,
2501 3091 2553 3150 si
2592 3090 2685 3150 illi
2713 3090 2949 3151 saeculo
2980 3087 3407 3149 illuminaudo
3438 3084 3635 3146 facem
3674 3083 3769 3143 vel
3802 3081 4038 3141 stellu-

787 3172 905 3233 lam
939 3173 1219 3252 aliquam
1257 3175 1654 3253 praeferrem,
1693 3187 2240 3258 ostenderemque
2283 3201 2492 3263 neque.
2530 3194 2661 3247 tum
2689 3186 2973 3249 defuisse
3008 3186 3067 3245 in
3110 3184 3384 3245 Ecclesia
3419 3182 3649 3244 Christi
3691 3181 4037 3239 doctorum

780 3271 1037 3330 Patrum
1082 3273 1310 3333 lucem.
1346 3274 1595 3346 Quibus
1622 3277 1955 3336 subductis
1991 3278 2348 3340 rationibus
2383 3282 2755 3357 praaclarum
2790 3287 3116 3359 negotium
3148 3280 3480 3357 suscipere
3521 3273 3917 3340 existimavi,
3980 3272 4035 3331 si

778 3376 1019 3427 calente
1050 3378 1413 3430 sanctorum
1440 3373 1718 3442 Patrum,
1750 3390 1872 3449 qua
1902 3376 2162 3451 Sponsas
2192 3376 2427 3437 collum
2464 3387 2752 3444 ornatur.
2780 3379 2951 3439 hunc
2984 3380 3173 3439 etiam
3208 3375 3522 3436 annulum
3554 3369 4035 3433 conserendum

779 3463 1100 3524 all'errem.
1140 3465 1301 3528 Illud
1338 3480 1485 3526 vero
1522 3466 1586 3527 in
1628 3473 1796 3527 tanta
1834 3467 2078 3531 inventi
2118 3470 2307 3548 hujus
2342 3462 2619 3534 thesauri
2658 3477 2870 3537 laetitia
2906 3474 3250 3537 dolendum
3296 3470 3447 3531 mihi
3486 3477 3545 3530 et
3578 3466 3886 3527 omnibus
3923 3465 4041 3522 bo-

786 3561 882 3619 nis
910 3569 1027 3633 est,
1065 3563 1174 3640 qui
1210 3563 1394 3624 dolor
1421 3566 1613 3625 etiam
1651 3583 1822 3626 nunc
1846 3569 2062 3628 animo
2095 3569 2328 3629 infixus
2368 3569 2590 3644 haeret,
2614 3575 2787 3649 quod
2820 3590 2965 3633 cum
3002 3571 3101 3631 his
3127 3570 3268 3648 ejus
3301 3567 3545 3645 ingenii
3584 3556 4037 3624 monumentis

786 3676 909 3717 non
958 3660 1146 3719 etiam
1172 3658 1411 3737 aliquid
1440 3662 1517 3721 de
1560 3663 1686 3723 vita
1712 3663 1874 3740 ejus,
1908 3682 2024 3725 seu
2060 3667 2250 3725 rebus
2282 3670 2477 3744 gestis
2512 3669 2856 3745 wstigium
2888 3668 3275 3745 impressum
3305 3663 3473 3741 apud
3531 3656 3873 3719 historicos
3934 3672 4039 3712 re-

785 3756 1135 3827 periamus.
1173 3756 1357 3827 Quod
1393 3773 1544 3817 sane
1588 3765 1718 3819 tum
1758 3760 2134 3821 obscuritati
2190 3765 2410 3824 saeculi
2477 3764 2640 3842 ejus,
2706 3764 2768 3824 in
2822 3780 2951 3842 quo
3010 3763 3188 3833 vixit,
3243 3771 3373 3821 tum
3410 3759 3599 3819 etiam
3628 3752 4037 3817 Saracenica'.

782 3855 942 3915 cladi
984 3856 1395 3916 tribuendum
1450 3856 1727 3928 videtur,
1758 3875 1880 3936 qua
1917 3859 2235 3938 quidquid
2274 3861 2337 3923 in
2381 3861 2687 3921 omnibus
2720 3861 2953 3921 Siciliae
2995 3859 3273 3937 Oppidis,
3310 3856 3366 3918 si
3405 3857 3799 3917 Panormnm
3847 3847 3997 3908 exci
4023 3880 4042 3890 -

785 3955 942 4027 pias,
983 3953 1132 4011 boni
1170 3954 1553 4033 pulchrique
1585 3956 1852 4024 exstitit,
1882 3955 2163 4017 deletum
2191 3967 2306 4021 est.
2344 3965 2410 4018 ut
2440 3974 2556 4019 nec
2582 3958 2646 4018 in
2674 3974 2744 4018 ea
2776 3957 3009 4018 tabulae
3032 3956 3307 4034 fastique
3338 3951 3751 4030 superiorum
3782 3953 4048 4022 tempo-

785 4069 922 4112 rum
964 4051 1348 4127 superstites
1382 4060 1619 4123 essent,
1656 4070 1772 4112 nec
1805 4053 1867 4113 in
1895 4061 2062 4114 tanta
2092 4055 2382 4116 barbarie
2417 4070 2731 4117 novorum
2772 4054 3137 4115 conditores
3170 4049 3557 4113 exsisterent
3592 4064 3603 4105 :
3645 4059 3852 4119 neque
3886 4058 4046 4099 vero

787 4157 926 4227 post
960 4156 1244 4208 octavam
1280 4151 1626 4227 synodum,
1668 4166 1854 4227 aquo
1880 4157 2166 4229 tempore
2200 4152 2381 4213 illum
2417 4152 2645 4213 ﬂorere
2678 4150 2948 4229 ccepisse
2981 4148 3393 4229 conjicimus,
3419 4162 3491 4206 ac
3525 4140 3809 4221 profecto
3854 4147 4047 4197 certo

786 4247 1132 4307 suademus
1159 4252 1215 4304 ἐν
1237 4251 1349 4312 τοῖς
1378 4247 1819 4317 πρῡλεγομένοις,
1850 4246 1973 4306 alia
2005 4247 2293 4325 synodus
2333 4248 2397 4309 in
2431 4278 2433 4299 ι

2431 4251 2585 4310 orbe
2617 4249 2932 4311 celebrata
2960 4258 3077 4317 est,
3117 4247 3177 4306 in
3229 4261 3355 4323 qua
3416 4242 3525 4302 ille
3567 4239 3880 4300 interesse
3914 4250 4047 4309 po-

786 4343 1004 4411 tuerit,
1056 4346 1123 4401 ut
1149 4340 1429 4417 aliquam
1456 4338 1532 4398 de
1564 4340 1700 4416 ipso
1730 4340 1898 4401 sicut
1938 4344 2014 4403 de
2046 4345 2497 4421 superioribus
2533 4346 3093 4407 Tauromenitana:
3122 4340 3422 4404 Ecclesia
3458 4333 3782 4415 episc0pis
3808 4348 3887 4391 ex
3927 4348 4051 4408 sy-

786 4439 975 4497 nodis
1020 4436 1310 4497 notitiam
1346 4451 1684 4512 possemus
1716 4438 2044 4513 accipere:
2083 4440 2191 4500 sed
2236 4457 2361 4500 non
2391 4442 2661 4502 omnino
2686 4445 3041 4512 ἀνιστόρητος
3080 4439 3203 4501 erit
3269 4434 3695 4511 Theophanes
3765 4432 4046 4497 ηοεῑεΓς

786 4533 892 4592 sed
930 4532 1084 4591 illud
1121 4531 1405 4609 profecto
1427 4532 1729 4601 conabor,
1764 4534 1935 4610 quod
1974 4533 2357 4614 plerumque
2380 4537 2654 4614 pictores
2678 4538 2914 4608 solent,
2942 4536 3048 4611 qui
3087 4552 3227 4596 cum
3270 4532 3542 4593 viventis
3568 4524 3851 4587 hominis
3880 4531 4042 4581 vul-

786 4643 918 4689 tum
956 4628 1339 4705 coloresque
1374 4627 1735 4702 exprimere
1772 4646 1896 4689 non
1933 4631 2206 4699 licuerit,
2242 4650 2317 4694 ex
2355 4635 2499 4711 ipso
2535 4634 2771 4695 recenti
2807 4635 3112 4694 cadavere
3139 4631 3530 4691 lineamenta
3557 4625 3828 4688 ducunt,
3861 4627 3926 4679 et
3961 4636 4049 4678 ex

787 4735 1040 4785 mortuo
1077 4724 1293 4784 vivum
1337 4721 1675 4800 effingunt.
1704 4724 1790 4783 Ita
1827 4742 1945 4801 ego
1979 4742 2056 4785 ex
2091 4726 2188 4786 his
2224 4727 2535 4800 homiliis,
2564 4731 2627 4790 in
2664 4729 2903 4807 quibus
2932 4732 3071 4805 ipse
3120 4744 3254 4787 non
3302 4739 3495 4802 pauca
3559 4717 3829 4795 reliquit
3886 4715 4053 4774 vitae

781 4838 917 4880 suce
941 4837 1327 4897 morumque
1360 4818 1629 4895 vestigia
1661 4835 1731 4879 ac
1765 4818 1989 4893 lineas,
2026 4822 2371 4901 imaginem
2410 4828 2553 4887 vitm
2584 4827 2792 4907 ipsius
2826 4827 3101 4896 ducam;
3135 4822 3311 4884 nulla
3342 4829 3441 4881 est
3506 4818 3677 4879 enim
3743 4810 4051 4891 profecto

785 4919 995 4995 imago
1028 4918 1230 4978 animi
1272 4918 1481 4979 verior
1505 4917 1931 4989 etillustrior,
1966 4935 2156 4996 quam
2185 4925 2390 4984 oratio
2434 4924 2680 5005 ingenii
2728 4935 2790 4986 et
2843 4923 3043 4985 animi
3104 4921 3315 5000 ipsius
3370 4929 3718 4995 germanus
3780 4916 4051 4988 partus,

780 5015 1149 5092 scitumque
1190 5022 1287 5073 est
1318 5014 1477 5074 illud
1518 5013 1821 5074 Demetrii
1850 5013 2139 5076 Phalerei
2182 5037 2196 5075 :
2232 5018 2427 5088 Σχεδὸν

2410 5040 2428 5074 ν
2454 5024 2637 5075 εἰκόνα
2668 5022 2902 5084 ἕκαστος
2956 5021 3054 5090 τῆς
3088 5018 3281 5072 ἑαυτοῦ
3315 5017 3496 5086 ψυχῆς
3544 5015 3749 5083 γράφει
3779 5009 3878 5076 τὴν
3917 5009 4057 5059 ἐπι-

783 5110 1002 5180 στολὴν,
1034 5111 1130 5164 καὶ
1161 5110 1278 5164 ἔστι
1313 5112 1413 5181 μὲν
1444 5110 1539 5163 καὶ
1585 5110 1644 5174 ἐξ
1676 5111 1835 5165 ἄλλου
1870 5112 2030 5179 λόγου
2062 5112 2263 5176 παντὸς
2296 5113 2423 5165 ἰδεῖν

2401 5113 2506 5164 urb
2535 5108 2666 5183 ἦθος
2688 5112 2780 5183 τοῦ
2821 5112 3151 5182 γράφοντος.
3187 5107 3497 5184 Idemque
3537 5103 3588 5161 Si
3644 5097 3797 5177 quid
3849 5096 4048 5155 aliud

784 5216 983 5276 presse
1019 5199 1183 5260 ferre
1218 5200 1374 5259 mihi
1413 5199 1718 5261 videntur
1754 5201 1816 5260 hi
1853 5201 2268 5279 'l‘lzeOphanis
2302 5217 2661 5273 sermones,
2696 5220 2770 5262 ex
2806 5203 3047 5280 quibus
3074 5203 3259 5281 quasi
3294 5200 3588 5279 vestigiis
3624 5213 3741 5275 ego
3781 5194 4051 5256 omnia.

780 5313 925 5373 quae
959 5298 1030 5356 ad
1066 5296 1205 5375 ejus
1237 5298 1526 5373 patriam,
1569 5296 1874 5357 saeculum
1921 5313 2051 5375 quo
2083 5298 2258 5367 vixit,
2286 5297 2662 5373 dignitatem
2700 5299 3015 5377 episc0pi,
3057 5299 3639 5377 peregrinationes,
3677 5304 3894 5353 mores
3923 5288 4057 5347 de-

785 5392 981 5473 nique
1013 5410 1082 5453 ac
1124 5394 1332 5455 studia
1372 5394 1719 5470 pertinent,
1756 5393 2240 5473 pervestigabo;
2272 5410 2461 5470 spero
2487 5404 2699 5456 autem
2762 5401 3055 5470 εὐστόχως,
3087 5396 3136 5457 si
3176 5400 3346 5457 Deus
3392 5394 3652 5474 juverit.
3718 5389 3809 5488 Ne
3876 5402 4051 5488 Velz!»

787 5507 918 5550 uno
953 5490 1265 5552 orationis
1310 5499 1505 5551 tractu
1558 5492 1773 5552 omnia
1825 5492 2217 5562 dicerentur,
2278 5505 2434 5551 unae

2411 5506 2466 5548 m
2520 5493 2834 5562 εἰσαγωγὴν
2863 5505 2977 5549 seu
3014 5493 3298 5563 προοίμιον
3357 5487 3725 5559 εἰσαγωγικὸν
3785 5480 3852 5538 in
3914 5480 4052 5537 tria

792 5590 1127 5664 procemia,
1156 5605 1359 5666 eaque
1386 5587 1449 5649 in
1484 5588 1703 5666 plures
1739 5590 1926 5651 etiam
1965 5598 2170 5667 partes
2204 5587 2531 5666 disiiertiri
2578 5586 2785 5647 visum
2835 5595 2929 5647 est
2970 5605 2983 5645 ε
3021 5585 3113 5644 sic
3138 5584 3309 5646 enim
3356 5588 3415 5642 et
3474 5580 3733 5643 taedium
3790 5576 4059 5653 legenti

858 5780 876 5811 ⁸
909 5780 1050 5837 Εεεὶι
1106 5795 1193 5837 ιι.
1231 5775 1316 5829 3‘2.
