4172 6432
171 421 214 483 Ol
1135 421 1535 483 FRANCISCI
1578 421 1840 481 SCORSI
1880 420 2314 479 PROOEMIUM
2363 416 2403 477 l'.
3329 411 3398 471 Cf!

172 552 295 591 unum
324 550 381 589 ex
408 535 631 588 alterius
668 534 887 588 interitu
925 534 1185 603 nascitur,
1218 538 1512 590 excitatum
1548 552 1701 591 com-

172 629 413 695 perietnus.
450 628 525 679 Ac
567 642 758 694 parum
804 628 889 680 hic
921 628 984 681 ad
1024 643 1134 682 rem
1168 631 1402 697 pertinet
1436 639 1701 694 nostram,

172 732 310 773 ntrnnt
337 717 511 771 Naxus
541 734 606 771 eo
640 720 754 771 loco
779 719 878 773 sita
906 719 1086 781 fuerit,
1122 723 1208 774 tibi
1249 739 1389 774 nunc
1422 723 1700 776 castellum

171 812 453 877 conspicitur
508 810 649 878 vulgi
708 809 1066 879 appellatione
1120 814 1169 863 lo
1233 811 1417 866 Schiso
1475 813 1700 875 dictum,

170 902 276 970 quod
307 900 501 953 duobus
533 900 755 953 circiter
792 899 1027 955 millibus
1066 916 1094 955 a
1123 901 1489 956 Tauromenio
1517 903 1703 964 distat,

171 1007 212 1048 ut
232 992 438 1047 Thomas
466 992 714 1048 Fazellus
748 997 971 1064 ejusque
1003 996 1221 1048 asseclm
1252 1005 1602 1053 censuerunt,
1635 1010 1701 1046 an

173 1087 396 1153 aliquanto
424 1084 655 1154 longius,
685 1088 922 1153 quinque
951 1086 1157 1139 scilicet
1191 1087 1514 1140 milliaribus
1546 1086 1704 1139 dissi-

172 1188 257 1228 llllll
288 1174 454 1237 fuerit,
487 1178 626 1243 quod
678 1174 962 1243 Philippus
1011 1175 1317 1238 Cluverius,
1349 1174 1704 1243 diligentissi-

172 1267 492 1331 inusrreteris
537 1266 736 1319 Sicilia:
778 1268 1192 1335 pervestigator,
1241 1266 1465 1328 scribit,
1508 1264 1599 1332 qui
1652 1271 1707 1317 et

175 1359 433 1425 opinionem
472 1360 771 1425 Superioris
817 1360 1099 1425 scriptoris
1130 1375 1191 1413 ex
1231 1357 1514 1411 ltiuerario
1543 1359 1707 1409 Anto-

172 1451 253 1503 nini
281 1449 479 1503 refellit.
512 1450 728 1503 Certum
767 1450 913 1513 illud,
942 1461 994 1504 et
1028 1465 1057 1503 a
1093 1450 1332 1518 probatis
1366 1448 1703 1511 auctoribus,

172 1538 410 1598 Strabone,
464 1539 558 1592 lib.
612 1555 686 1603 vr,
746 1538 997 1605 Diodoro,
1058 1540 1149 1594 lib.
1208 1555 1319 1605 xw,
1367 1538 1700 1608 Thucydide,

170 1629 239 1681 lib.
269 1644 328 1691 vt,
359 1628 644 1684 Plutarcho
683 1630 733 1683 in
770 1628 1091 1683 Timoleonte
1133 1646 1149 1684 :
1182 1645 1245 1684 ex
1281 1644 1386 1697 quo
1412 1630 1702 1683 confirma-

173 1729 239 1769 tur
262 1720 481 1770 narratio
512 1717 578 1771 de
608 1716 957 1772 Tauromenii
992 1719 1201 1787 origine
1232 1718 1391 1770 allata
1416 1732 1443 1769 a
1475 1717 1704 1769 Diodoro

170 1810 261 1863 loco
282 1809 379 1877 jam
413 1808 582 1871 dicto,
632 1824 803 1877 eaque
836 1809 1012 1878 potior
1055 1819 1108 1861 et
1138 1811 1316 1863 verior
1360 1807 1706 1863 existimatur

169 1915 297 1966 quam
341 1915 452 1968 qua:
493 1899 723 1953 traditur
753 1901 821 1953 ab
850 1902 1039 1953 eodem
1090 1900 1169 1952 sui
1222 1915 1406 1967 parum
1445 1912 1704 1960 memoro,

170 1991 241 2043 lib.
277 2006 378 2055 xiv,
422 2007 449 2044 a
499 1993 740 2046 secunda
773 1992 1007 2045 diversa.
1057 1990 1149 2044 llis
1196 1991 1362 2060 igitur
1395 1989 1706 2044 auctoribus

171 2084 260 2134 lure
304 2082 571 2137 alIerimus
616 2102 628 2137 :
676 2097 705 2135 a
767 2083 1002 2137 TlieOrle
1057 2082 1373 2136 Atheniensi
1430 2080 1702 2133 conditum

169 2173 359 2236 Naxum,
405 2175 495 2243 qui
548 2190 669 2229 cum
718 2172 786 2227 ab
829 2174 1076 2228 instituto
1110 2187 1268 2227 cursu
1316 2174 1366 2225 in
1410 2189 1470 2227 ea
1527 2173 1703 2225 littora

170 2269 307 2321 ventis
348 2277 486 2323 esset
536 2267 811 2334 abreptus,
846 2282 1077 2336 cumque
1123 2266 1224 2319 soli
1276 2268 1571 2319 bonitatem
1607 2266 1706 2317 ad-

168 2361 402 2424 vertisset,
443 2368 498 2412 et
545 2359 856 2414 Siculorum
899 2360 951 2411 in
998 2373 1064 2412 eo
1112 2358 1335 2412 colendo
1383 2357 1705 2427 segnitiem,

170 2454 343 2505 domum
374 2467 643 2515 reversus,
677 2467 796 2506 eum
842 2451 1285 2514 Atheniensibus,
1332 2451 1404 2503 nti
1437 2449 1703 2504 coloniam

169 2548 511 2609 commerent,
545 2544 875 2613 persuadere
918 2559 1023 2596 non
1058 2543 1341 2610 potuisset,
1377 2544 1546 2597 ascito
1594 2554 1708 2595 ma-

170 2648 250 2703 gno
282 2634 715 2690 Chalcidensium
761 2633 1035 2689 Luliacam
1079 2635 1312 2689 insulam
1359 2636 1706 2689 incolentium

172 2741 377 2790 numero,
408 2727 596 2781 lonutn
633 2727 758 2782 item
787 2737 840 2782 et
874 2726 1244 2791 Doriensiuiu,
1274 2742 1501 2797 quorum
1540 2725 1709 2791 major

170 2836 267 2888 pars
304 2821 643 2891 Megarenses
687 2832 864 2886 erant,
916 2824 968 2877 in
1023 2823 1263 2877 Siciliain
1314 2822 1607 2888 navigavit,
1655 2829 1707 2872 et

172 2910 511 2967 Chalcidenses
558 2912 776 2982 quidem
825 2912 1056 2977 Naxum,
1107 2914 1393 2968 Dorienses
1440 2911 1707 2982 Megaram

169 3001 435 3066 condidere,
472 3003 637 3071 idque
665 3002 957 3072 contigisse
983 3018 1127 3057 anno
1158 3014 1281 3056 ante
1311 3002 1585 3057 Christum
1614 3016 1715 3055 na-

174 3100 258 3143 tum
284 3093 395 3158 756,
423 3104 550 3163 post
572 3092 868 3158 Troianum
900 3095 1093 3148 bellum
1120 3093 1244 3148 448.
1270 3092 1552 3147 Cluverius
1580 3091 1715 3145 scri-

172 3181 246 3244 bit,
270 3198 379 3237 cum
407 3199 582 3239 annos
610 3184 717 3238 533
760 3184 943 3239 Naxus
976 3185 1238 3249 stetisset,
1272 3186 1486 3237 tandem
1531 3198 1559 3236 a
1595 3183 1716 3236 Dio-

172 3274 295 3341 nysio
335 3275 730 3347 Syracusarum
777 3285 1001 3348 tyranno
1028 3277 1263 3346 juniore,
1295 3276 1438 3346 quod
1479 3275 1596 3343 ejus
1626 3284 1713 3345 ty-

171 3368 344 3422 ranrtidi
394 3370 607 3425 infensa
658 3370 848 3425 civitas
881 3371 948 3424 ab
996 3385 1061 3425 eo
1102 3372 1436 3435 descivisset,
1470 3384 1712 3425 eversam

169 3471 275 3513 esse.
303 3458 463 3530 Igitur
491 3469 616 3531 post
649 3459 783 3513 Naxi
814 3462 1083 3516 excidium
1117 3474 1262 3515 anno
1288 3461 1378 3524 37,
1409 3460 1713 3514 Androma-

170 3550 291 3615 chus,
328 3552 515 3609 Timmi
565 3554 832 3617 historici,
865 3569 1023 3623 quem
1054 3554 1236 3611 laudat
1270 3554 1338 3611 Μ.
1373 3553 1581 3611 Tullius
1622 3554 1713 3609 lib.

171 3644 227 3700 De
248 3656 394 3714 οισι,
420 3658 601 3716 pater,
630 3648 877 3702 exsulum
917 3649 1170 3717 reliquias
1197 3650 1320 3704 hinc
1345 3650 1467 3704 inde
1491 3663 1709 3719 cogens,

170 3748 364 3794 montem
397 3740 668 3802 Taurum,
697 3739 764 3793 ab
793 3740 931 3793 tauri
964 3738 1135 3794 forma
1163 3742 1388 3804 dictum,
1418 3741 1524 3795 illis
1561 3741 1715 3795 habi-

171 3831 347 3883 tandum
394 3830 574 3893 dedit,
605 3830 749 3899 quod
800 3844 828 3882 a
865 3830 1027 3900 longo
1076 3832 1333 3901 temporis
1380 3835 1577 3901 spatio,
1613 3847 1719 3902 quo

171 3920 223 3973 ibi
266 3921 576 3976 substiterat
638 3920 1060 3976 Tauromenium
1114 3938 1141 3975 a
1177 3936 1330 3976 tauro
1360 3935 1410 3978 et
1439 3927 1721 3991 manendo,

171 4011 316 4070 Grece
335 4016 437 4068 ἀπὺ
457 4016 563 4085 τῆς
587 4015 685 4067 ἐπὶ
705 4014 919 4084 Ταύρου
949 4016 1119 4085 μονῆς
1142 4016 1463 4085 appellatum
1489 4034 1500 4069 :
1524 4027 1718 4072 etcum

173 4104 325 4161 subitis
362 4108 624 4176 oppidum
679 4106 1029 4161 incrementis
1084 4106 1275 4162 florere
1320 4110 1593 4176 coepisset,
1640 4108 1721 4163 fa-

174 4206 285 4250 ctum
325 4209 404 4252 est
454 4208 517 4251 ut
582 4206 640 4253 et
697 4197 890 4252 incola:
952 4199 1199 4270 ingentes
1250 4214 1379 4268 opes
1428 4212 1480 4256 et
1532 4204 1722 4258 civitas

176 4286 443 4357 dignitatem
475 4288 874 4357 amplissimam
906 4289 1005 4344 sibi
1031 4300 1392 4361 compararet.
1426 4294 1599 4361 Atque
1636 4296 1721 4349 hic

175 4391 235 4434 eat
258 4381 595 4437 Tauromenii
632 4392 810 4447 ortus,
851 4383 962 4437 hzec
997 4385 1229 4438 nominis
1278 4386 1452 4455 origo.
1490 4384 1643 4451 Quod
1677 4388 1723 4441 si

176 4468 355 4541 Plinius,
406 4473 660 4541 Colonia,
724 4474 917 4544 inquit,
970 4474 1396 4540 Tauromenium,
1435 4492 1550 4546 qua:
1602 4489 1723 4531 ante

178 4566 248 4631 fuit
275 4566 485 4634 Naxos;
526 4577 585 4622 et
631 4567 854 4622 Solinus
898 4568 1080 4622 itidem
1124 4568 1400 4623 Coloniam
1434 4569 1725 4625 Taurome-

178 4660 308 4724 siam,
338 4679 492 4729 quam
525 4661 698 4729 prisci
732 4658 943 4714 Naxum
976 4662 1261 4728 vocabant,-
1301 4664 1344 4717 si
1377 4664 1441 4718 de
1488 4680 1616 4729 uno,
1642 4666 1723 4718 iii-

178 4765 320 4816 quam,
343 4754 652 4822 eodemque
671 4753 867 4820 oppido
891 4761 943 4807 et
967 4753 1155 4808 eodem
1184 4756 1286 4808 situ
1309 4756 1482 4824 posito
1505 4758 1726 4826 loquan—

179 4850 257 4904 tur,
284 4845 388 4898 falsi
415 4856 574 4910 sunt;
613 4843 662 4898 si
704 4844 769 4896 ad
810 4843 950 4897 hunc
981 4845 1310 4900 intellectum
1355 4848 1723 4913 traducantur,

178 4940 219 4984 ut
236 4947 288 4987 ex
308 4934 602 4991 Naxiorum
629 4932 844 4989 colonia
873 4931 1291 4988 Tauromenium
1325 4946 1503 4990 ortum
1535 4938 1722 5003 velint,

180 5024 279 5078 reri.
322 5024 587 5079 Cmterum
646 5023 970 5095 etymologia
1037 5039 1197 5093 quam
1251 5022 1497 5080 Fazellus
1561 5024 1727 5080 refert

180 5120 353 5172 omnino
396 5121 578 5189 inepta
630 5126 763 5172 est:
802 5116 1209 5170 Tauromenium
1259 5118 1477 5185 dictum,
1529 5119 1724 5188 inquit,

179 5212 291 5277 quasi
331 5215 464 5265 tauri
507 5212 798 5279 fortitudo.
846 5207 986 5263 Nam
1031 5225 1226 5264 mcnos
1256 5208 1436 5264 Grece
1472 5222 1545 5265 ut
1573 5213 1728 5280 forti-

180 5306 272 5359 tudo
298 5323 379 5361 seu
420 5309 609 5362 robur.
667 5304 862 5362 Falsus
909 5315 993 5361 est
1036 5306 1277 5362 Fazellus
1325 5307 1377 5359 in
1414 5307 1597 5370 verbo,
1633 5309 1725 5363 sed

181 5400 313 5467 magis
339 5402 386 5454 in
426 5417 519 5467 re;
558 5415 674 5454 non
718 5408 803 5454 est
850 5399 1011 5469 μένος
1045 5401 1260 5470 proprie
1308 5400 1565 5457 fortitudo
1597 5417 1728 5456 moe—

180 5493 364 5563 niorum,
384 5498 479 5553 sed
526 5498 870 5561 animorum,
919 5498 999 5551 vel
1048 5513 1333 5566 corporum
1380 5514 1392 5551 :
1443 5512 1616 5567 neque
1664 5512 1728 5550 ex

186 5600 410 5646 murorum
440 5592 792 5656 fortitudine,
823 5592 915 5645 sed
946 5608 1010 5645 ex
1046 5593 1343 5657 mansione,
1380 5603 1434 5646 ut
1466 5592 1728 5647 Diodorus

184 5690 305 5747 supra
331 5684 522 5738 relatus
552 5694 645 5739 εει
670 5694 885 5749 auctor,
931 5683 1164 5739 deducta
1195 5686 1483 5754 originatio
1517 5684 1726 5739 Tauro-

185 5774 337 5839 menii;
364 5779 452 5832 sed
494 5778 587 5832 hic
632 5790 794 5831 error
822 5775 960 5832 forte
996 5780 1385 5835 eondonandus
1424 5790 1589 5845 esset,
1626 5781 1727 5836 nisi

188 5875 226 5915 ιε
260 5865 353 5935 ipse
392 5871 442 5926 iit
489 5870 701 5940 linguae
734 5870 935 5925 Caeca:
970 5873 1176 5941 spineta
1209 5875 1394 5931 volens
1434 5890 1495 5931 ac
1530 5877 1724 5944 sciens,

1811 555 1903 595 seu
1940 539 2117 605 potius
2162 534 2427 596 nesciens,
2468 530 2790 585 induxisset.
2822 527 2956 594 Quid
2993 525 3121 579 illud
3156 526 3296 593 quod
3332 527 3398 577 ad

1810 631 2210 683 ﬁrmatnentunt
2266 627 2437 689 addit,
2488 638 2647 691 quant
2701 622 2817 675 leve
2872 631 3031 686 atque
3090 618 3395 677 ridiculum,

1811 736 1993 787 Inttros
2031 722 2224 773 mmnia
2274 718 2570 786 appellatos
2620 715 2771 783 quasi
2810 730 2836 766 a
2878 714 3055 780 μένος.
3095 711 3251 777 Atqui
3298 710 3397 760 hoc

1808 826 1889 868 est
1943 814 2102 865 etiam
2157 811 2347 864 Latine
2399 809 2606 863 nescire
2641 825 2653 860 :
2688 806 2881 860 nitentia
2934 804 3086 873 quasi
3139 804 3315 855 munia
3368 816 3396 853 τι

1809 906 2092 960 muniendo
2125 905 2267 957 dicta
2300 913 2424 956 sunt
2454 902 2632 970 prisco
2669 914 2915 953 sermone
2948 897 3280 956 Latinorum,
3307 894 3395 960 qui

1810 1014 1904 1065 per
1945 1013 1988 1049 az
2021 996 2329 1050 sciibebant
2360 1005 2411 1047 et
2456 993 2770 1056 ell‘ercbant,
2808 1006 2926 1059 quae
2974 1000 3155 1055 postea
3200 1001 3297 1055 per
3340 1002 3391 1037 ιι.

1808 1092 2032 1147 Plautus
2086 1089 2241 1156 Capt.
2280 1103 2296 1139 :
2337 1085 2536 1138 l'inclis
2589 1085 2943 1151 custodiisque
2996 1077 3397 1132 circummuniti

1808 1199 2009 1239 arturus.
2050 1181 2139 1236 Sic
2172 1182 2321 1235 macri
2351 1194 2446 1247 pro
2478 1177 2634 1241 muri,
2671 1192 2804 1229 nasus
2841 1191 2935 1243 pro
2969 1188 3128 1237 usus;
3156 1182 3207 1224 et
3244 1171 3397 1239 plura

1809 1279 1859 1334 id
1896 1293 2083 1346 genus.
2122 1276 2225 1330 Sed
2278 1276 2328 1327 in
2367 1272 2638 1326 nonnullis
2684 1283 2814 1321 usus
2861 1268 3076 1320 retinnit
3127 1280 3193 1327 aa,
3241 1274 3296 1316 ut
3347 1264 3396 1314 in

1808 1371 2085 1429 montibus,
2136 1369 2187 1421 in
2241 1367 2510 1434 plerisque
2557 1360 2880 1429 repudiavit,
2936 1367 2994 1409 ιιι
3042 1356 3094 1408 in
3140 1355 3399 1420 exemplis

1808 1463 2010 1517 allatis.
2040 1461 2151 1514 lloc
2183 1459 2343 1528 igitur
2372 1464 2588 1525 ctymon
2621 1452 2834 1506 falsum.
2874 1449 2937 1503 Et
2965 1461 3090 1501 vero
3126 1447 3285 1499 etiam
3320 1444 3397 1497 fa-

1809 1556 2054 1608 bulosum
2107 1553 2235 1606 illud
2277 1551 2419 1618 quod
2466 1546 2623 1602 all'ert
2668 1544 2898 1611 scriptor
2930 1539 3173 1594 historia:
3220 1537 3395 1590 sancti

1810 1644 2104 1706 Pancratii,
2136 1642 2293 1710 primi
2326 1635 2673 1693 Tauromenii
2721 1633 2983 1702 episcopi,
3019 1629 3173 1700 quasi
3205 1643 3232 1681 a
3269 1626 3399 1680 Mte-

1813 1752 1927 1789 na'a
1980 1745 2033 1787 et
2081 1732 2260 1786 Tauro
2306 1731 2510 1783 dictum
2548 1724 2967 1779 Tauromenium
3002 1739 3013 1772 :
3052 1719 3279 1785 scriptor
3318 1719 3400 1768 in-

1810 1843 1970 1897 quam
2020 1838 2344 1892 anonymus,
2399 1836 2501 1873 non
2550 1816 2831 1885 Evagrius,
2883 1810 3180 1879 discipulus
3234 1808 3399 1876 ipsius

1811 1921 1980 1975 sancti
2022 1917 2309 1978 Pancratii,
2354 1913 2508 1981 cujus
2559 1911 2774 1965 nomine
2826 1908 3108 1975 supposito
3155 1913 3262 1955 tota
3310 1902 3395 1951 illa

1814 2011 1990 2065 fabula
2017 2010 2191 2079 potius
2217 2022 2379 2076 quam
2408 2002 2629 2058 historia
2656 2000 2899 2061 emersit,
2923 2000 3003 2049 Vel
3030 2008 3175 2049 certe
3206 1991 3401 2045 fabulae

1816 2103 1996 2159 multa:
2056 2102 2107 2155 in
2164 2114 2344 2153 veram
2404 2094 2683 2151 historiam
2743 2092 3107 2159 irrepserunt,
3156 2100 3317 2153 quam
3369 2099 3398 2135 a

1814 2195 2004 2249 Gra'co
2032 2194 2081 2245 in
2117 2190 2364 2243 Latinum
2394 2188 2690 2241 traductam
2723 2180 2906 2249 accepi
2940 2193 3001 2232 ex
3037 2175 3401 2230 monumentis

1814 2287 1854 2342 Ρ
1920 2286 2126 2340 Octavii
2177 2281 2422 2344 Caetani,
2465 2275 2744 2344 scriptoris
2790 2272 3030 2327 historiae
3083 2278 3398 2322 sanctorum

1818 2379 2148 2435 Siculorum.
2184 2374 2347 2444 Igitur
2381 2380 2652 2430 narratur,
2686 2365 2918 2420 Taurum
2970 2364 3254 2431 quemdam
3305 2373 3400 2412 nov

1820 2475 1985 2536 mine,
2033 2471 2419 2532 Cltananmum,
2470 2479 2499 2517 a
2552 2462 2702 2531 Syris
2755 2468 2989 2527 captum,
3020 2466 3071 2510 et
3112 2453 3401 2506 mercatori

1821 2562 2065 2616 Romano
2099 2559 2376 2612 venditum
2412 2555 2464 2607 in
2501 2552 2771 2612 Calabria,
2810 2551 3029 2601 ductum
3088 2545 3153 2597 ad
3207 2541 3406 2597 llenal-

1819 2658 1949 2709 dum
1980 2648 2412 2722 topareham,eui
2442 2661 2576 2698 uxor
2608 2654 2725 2696 erat
2756 2640 2969 2694 Mannra
3001 2638 3403 2696 Macedonissa;

1819 2750 1912 2803 sed
1950 2762 2069 2799 cum
2108 2742 2379 2798 Renaldus
2422 2741 2472 2793 iit
2527 2754 2591 2793 eo
2628 2738 2765 2791 bello
2814 2736 2959 2804 quod
3007 2733 3171 2801 gessit
3218 2740 3405 2783 eontra

1819 2840 2152 2909 Aquiliuutn,
2186 2837 2235 2889 in
2263 2832 2509 2888 Calabria
2543 2846 2745 2900 regem,
2784 2842 2956 2881 caesus
2998 2833 3163 2886 esset,
3196 2821 3408 2875 anata

1820 2932 2000 2986 Tauro
2029 2929 2230 2998 nupsit.
2260 2926 2377 2980 Mox
2408 2924 2692 2993 Aquilinns
2724 2936 2811 2975 rex
2840 2918 3022 2987 copias
3052 2928 3234 2968 contra
3262 2914 3406 2966 Tau-

1825 3041 1940 3079 rnm
1973 3024 2188 3085 eduxit;
2225 3022 2379 3088 isque
2403 3034 2521 3071 cum
2576 3016 2786 3069 alterum
2820 3014 3046 3081 conjuge
3088 3012 3139 3062 in
3170 3009 3410 3061 Siciliam

1826 3117 2083 3190 profugit,
2134 3117 2221 3169 ubi
2253 3112 2674 3168 Tauromenium
2729 3124 2755 3160 a
2802 3105 3118 3175 conjugibns
3149 3101 3328 3155 Tauro
3358 3108 3413 3151 et

1824 3214 2039 3269 Mamaea
2086 3210 2362 3266 Conditum
2402 3215 2505 3260 est.
2557 3201 2677 3256 llaec
2724 3208 2805 3254 est
2856 3197 3048 3252 fabella
3102 3196 3165 3250 de
3203 3193 3413 3260 origine

1822 3301 2178 3358 Tauromenii
2215 3298 2444 3353 conficta
2475 3295 2609 3349 etin
2655 3291 2845 3357 \ulgus
2889 3289 3087 3350 dedita,
3119 3301 3235 3353 qu:e
3284 3300 3415 3340 sane

1823 3395 2097 3466 proposita
2146 3408 2175 3446 a
2202 3405 2286 3444 me
2317 3398 2440 3444 ante
2476 3386 2717 3440 veritatis
2765 3381 3034 3437 h‘storica:
3062 3380 3257 3441 lucem,
3296 3378 3415 3430 sine

1824 3490 1930 3542 ulla
1979 3483 2445 3556 argumentatione
2496 3477 2653 3548 quasi
2708 3473 2901 3527 nebula
2957 3472 3202 3525 discussa
3251 3466 3415 3535 disje-

1825 3588 2021 3647 ctaqne
2061 3577 2172 3643 jam
2207 3583 2309 3634 est,
2344 3582 2396 3624 et
2441 3585 2468 3622 a
2505 3566 2697 3637 quovis
2734 3562 3079 3616 mediocriter
3126 3561 3178 3612 in
3226 3559 3413 3611 critica

1824 3675 2120 3727 exercitato
2177 3665 2493 3735 dispellclur
2524 3681 2537 3716 :
2574 3674 2732 3730 quam
2772 3666 2825 3709 et
2877 3652 3123 3709 Fazellus
3182 3652 3297 3717 ipse
3333 3665 3415 3703 re.

1828 3764 1993 3836 pulit;
2049 3776 2170 3814 nam
2213 3760 2279 3814 de
2326 3754 2551 3812 Octavio
2595 3750 2832 3808 Caetano
2884 3762 2986 3799 neu
3035 3753 3177 3797 esset
3223 3742 3415 3794 mirunt

1830 3854 2059 3910 acrioris
2088 3851 2275 3921 jttdicii
2313 3848 2458 3910 viro;
2492 3842 2588 3899 sed
2626 3857 2744 3895 eam
2776 3839 2879 3893 huc
2913 3835 3093 3896 retuli,
3124 3844 3182 3886 ut
3216 3848 3244 3883 a
3275 3830 3414 3898 vulgi

1827 3950 1992 4006 etiam
2022 3940 2464 3998 Tauromenitani
2490 3936 2764 3999 sensibus,
2798 3933 2848 3984 itt
2881 3930 3099 3999 quibus,
3126 3936 3183 3979 ut
3211 3934 3417 3978 ert-tera:

1829 4043 2000 4097 aniles
2038 4038 2229 4092 fabula:
2280 4035 2503 4088 haesisse
2538 4030 2715 4091 video,
2749 4035 3007 4093 quantum
3046 4021 3162 4074 ﬁeri
3214 4028 3416 4087 posset,

1828 4139 2274 4201 extorqueretur.
2301 4126 2381 4179 Ab
2412 4124 2516 4178 illis
2550 4122 2713 4192 igitur
2744 4118 2914 4171 initiis
2945 4113 3247 4183 profectum
3275 4107 3420 4161 Tau-

1832 4225 2131 4281 romenium
2188 4234 2383 4290 capere
2429 4231 2525 4272 sua
2574 4212 2741 4282 erepit
2789 4211 3142 4264 incrementa.
3190 4203 3265 4256 De
3311 4216 3419 4271 quo

1830 4318 1958 4372 illud
1986 4316 2147 4371 etiam
2180 4308 2520 4381 antiquitatis
2551 4305 2667 4374 ejus
2714 4311 2767 4355 et
2797 4298 3076 4370 dignitatis
3123 4296 3420 4348 documen-

1833 4423 1942 4468 tum
1975 4408 2169 4472 habeo,
2197 4404 2338 4473 quod
2369 4417 2399 4455 a
2441 4398 2679 4460 nemine,
2716 4393 2858 4464 quod
2887 4391 3079 4452 sciam,
3110 4400 3297 4442 eorum
3328 4382 3421 4452 qui

1832 4517 1919 4558 res
1955 4498 2267 4554 Sicilienses
2311 4493 2601 4562 scripsere,
2636 4488 2834 4542 litteris
2863 4485 3128 4555 proditum
3171 4490 3254 4535 est
3284 4502 3294 4534 :
3324 4494 3424 4548 ego

1832 4608 1963 4647 vero
1998 4594 2064 4643 ab
2110 4585 2450 4641 nobilissimo
2479 4594 2631 4650 teque
2662 4594 2726 4632 ae
2756 4576 3158 4641 studiosissimo
3191 4569 3424 4638 antiqui-

1832 4686 1959 4742 tatis
2002 4690 2053 4736 et
2090 4679 2392 4733 litterarum
2440 4674 2502 4728 D.
2540 4672 2768 4725 Martino
2816 4668 3087 4731 Lofarina,
3138 4664 3423 4718 Panormi-

1833 4783 1983 4837 tano,
2020 4771 2110 4841 qui
2144 4768 2301 4824 hodie
2331 4765 2468 4835 apud
2503 4762 2885 4832 Hispaniarum
2920 4772 3099 4828 regem
3140 4755 3283 4823 degit
3329 4768 3423 4807 ea-

1831 4866 1984 4937 pellae
2015 4862 2172 4932 regia:
2197 4859 2464 4919 addimus,
2498 4854 2626 4907 illud
2656 4851 2838 4919 accepi
2866 4866 2988 4903 eum
3019 4863 3082 4901 ex
3117 4845 3326 4900 Malclio
3359 4847 3422 4899 de

1833 4960 1942 5013 vita
2020 4954 2337 5025 Pythagora:
2409 4964 2438 5001 a
2493 4946 2743 5000 Conrado
2816 4939 3181 4997 Rittersliusio
3240 4937 3425 4991 ϐηυω

1834 5052 1978 5106 edito
2014 5056 2298 5117 exceptum
2338 5043 2402 5095 ad
2458 5056 2541 5094 me
2576 5038 2876 5101 detulisset,
2928 5034 3068 5101 quod
3106 5041 3187 5086 est
3236 5028 3423 5096 hujus-

1836 5141 2024 5197 modi:
2065 5141 2160 5198 "A;
2210 5134 2253 5187 δ’
2286 5132 2639 5203 ἐπιδημήσας
2683 5128 2882 5196 Ἰταλίᾳ
2941 5143 2999 5178 τε
3047 5125 3141 5177 καὶ
3204 5121 3424 5191 Σικεὶίᾳ

1835 5229 2104 5286 κατέϐαλε
2137 5225 2320 5283 πόλεις
2345 5222 2750 5290 δεδουλωμένας
2783 5219 2874 5270 ὑπ“
2906 5216 3281 5286 ἁλὶ.ήλων,τὰις
3327 5212 3422 5282 μὲν

1835 5325 2046 5379 πολλῶν
2088 5321 2252 5385 ἑτῶν,
2283 5320 2380 5380 τὰς
2423 5318 2479 5368 δὲ.
2520 5315 2717 5366 νεωστὶ
2767 5312 3117 5381 φρονήματος
3148 5306 3425 5371 ἐξελευθε-

1838 5418 1955 5487 ρὶου
1991 5416 2201 5485 πλήσας
2235 5413 2322 5466 διὰ
2364 5410 2473 5462 τῶν
2520 5407 2606 5475 ἐφ’
2644 5406 2884 5474 ἑκάστην
2933 5400 3219 5454 ἁκουστῶν
3255 5395 3422 5452 αὑτοῦ

1834 5509 2205 5581 ἠλευθέρωσε.
2248 5506 2537 5576 Κρότωνα,
2578 5503 2673 5554 καὶ
2700 5499 2960 5568 Σύϐαριν,
3003 5495 3097 5547 καὶ
3141 5496 3423 5560 Κατάνην,

1835 5602 1928 5653 καὶ
1992 5600 2234 5668 Ῥήγιον,
2286 5597 2381 5648 καὶ
2442 5594 2684 5664 Ἱμέραν,
2748 5591 2844 5641 καὶ
2911 5586 3278 5655 Ἀκρᾶγα-ιτα,
3333 5583 3427 5636 καὶ

1838 5692 2231 5763 Ταυρομένιον,
2262 5690 2355 5743 καὶ
2380 5688 2545 5749 ἄλλοις
2571 5684 2745 5749 τινὰς,
2783 5677 2868 5744 αἶς
2903 5681 2995 5733 καὶ
3034 5679 3231 5746 νόμους
3273 5678 3425 5729 ἔθετο

1840 5784 1925 5837 διὰ
1972 5783 2240 5856 Χαρὼνόα
2280 5799 2338 5834 τε
2381 5782 2477 5833 τοῦ
2514 5777 2860 5836 Καταναῖον,
2900 5773 2990 5825 καὶ
3040 5771 3305 5825 Ζελεύκου
3332 5768 3425 5823 τοῦ

1853 5877 2097 5949 Λοκροῦ
2150 5876 2216 5929 δι’
2265 5868 2341 5930 ὧν
2390 5873 2745 5943 ἀξιοζήλωτοι
2794 5870 2903 5931 τοῖς
2953 5864 3251 5935 περιοίκοις
3298 5863 3425 5933 ἄχρι
