4172 6432
707 360 774 422 6'3
1758 370 2153 430 FRANCISCl
2202 370 2463 433 SCORSI
2510 376 2940 439 PRO(E.\IIUM
2982 381 3027 440 Ι.
3918 386 3992 451 64

708 471 905 525 πολλοῦ
935 474 1212 541 γεγόνασι.
1249 474 1498 529 Cit'itates
1534 493 1671 536 vero,
1709 497 1838 546 quas
1890 482 1940 532 in
1985 499 2078 532 sua
2121 482 2290 534 Italia:

709 564 1009 637 Siciliwque
1054 570 1470 637 peregrinatione
1525 570 1855 641 Pythagoras
1908 574 2087 626 t'icinis
2135 577 2294 628 serti-

708 666 818 709 tute
846 658 979 710 alias
1020 661 1228 727 quidem
1262 663 1575 728 ακιίνμιίιιις,
1611 665 1742 714 alias
1778 681 1896 716 vero
1946 679 2173 718 rcccntcr
2206 683 2294 734 up-

709 767 917 818 pressas
948 753 1160 817 invenit,
1188 770 1274 804 cus
1313 754 1566 806 libertatis
1597 756 1771 808 studio
1806 758 2005 825 replens
2041 776 2131 822 per
2171 774 2293 812 suos

710 845 1001 906 audiiores,
1033 862 1158 912 quos
1190 861 1254 898 ex
1290 863 1596 913 unaquaque
1642 864 1824 900 carum
1872 862 2154 903 sectatores
2198 850 2292 904 Ita-

709 933 878 995 bebat,
931 935 981 986 in
1040 938 1314 1002 pristim-nt
1374 940 1596 989 asseruit
1649 914 1973 1000 libertatem:
2011 938 2288 993 Crotonem

707 1028 905 1079 sciiicet
950 1036 998 1078 ct
1037 1026 1301 1095 Syfutrim,
1350 1026 1627 1087 Calumni,
1680 1029 1958 1097 Rhegium,
1994 1030 2290 1093 llitttctam,

705 1119 1067 1186 Agrigentum,
1126 1129 1172 1171 et
1230 1119 1659 1183 Tutu-umenium,
1712 1130 1758 1172 et
1825 1124 2082 1189 quasdam
2137 1122 2292 1188 alius,

705 1210 895 1269 quibus
923 1211 1054 1279 leges
1079 1227 1169 1279 per
1206 1210 1542 1265 Cllal‘t'ttdum
1575 1215 1904 1275 Cttlana‘ttm,
1935 1225 1978 1266 et
2010 1212 2292 1267 Za’cucnm

707 1300 928 1355 Locrum
958 1304 1101 1367 tulit,
1134 1321 1416 1373 earumque
1464 1322 1621 1357 eausa
1661 1307 1833 1374 digna:
1869 1310 2006 1371 apud
2040 1310 2293 1372 ﬁni:imos

705 1397 773 1447 ad
805 1395 1016 1463 longum
1047 1412 1208 1463 usque
1228 1409 1427 1463 tempus
1460 1398 1654 1451 habita:
1687 1412 1828 1462 sunt,
1863 1416 2087 1468 quarunt
2127 1415 2291 1451 (vntu-

705 1488 947 1541 larentur
980 1490 1241 1543 instituta.
1291 1490 1465 1559 Atque
1505 1492 1616 1545 inec
1654 1494 1920 1559 pertinent
1969 1493 2032 1543 ad
2085 1491 2292 1546 Tauro-

707 1581 869 1635 menii
904 1582 1309 1651 antiquitatem,
1345 1583 1429 1638 cui
1465 1600 1567 1639 non
1603 1587 1882 1640 minimqu
1926 1586 2172 1651 adiecere
2200 1585 2293 1639 de-

705 1674 849 1726 coris
890 1672 993 1726 duo
1022 1674 1354 1727 nobiliSsima
1392 1675 1630 1729 virorum
1666 1678 1844 1743 paria;
1884 1693 2111 1744 quorum
2161 1677 2293 1729 alter

705 1764 759 1819 in
796 1765 1016 1820 historia
1067 1781 1190 1820 cum
1229 1767 1342 1833 ipsa
1376 1784 1541 1835 prope
1590 1784 1846 1824 nascente
1892 1772 2059 1838 patria
2115 1769 2294 1823 ﬂoruit

706 1857 965 1921 Tutia-us,
995 1859 1360 1915 Andromachi
1388 1861 1685 1916 conditoris
1718 1861 1879 1921 ﬁlius.
1909 1862 1972 1915 de
2003 1877 2110 1931 quo
2142 1861 2294 1914 testi-

704 1949 945 2002 monium
988 1960 1165 2003 exstat
1198 1948 1268 2005 Μ.
1299 1951 1480 2015 Tullii,
1521 1952 1612 2006 lib.
1650 1944 1685 2007 tt
1726 1952 1800 2006 De
1838 1963 1977 2006 orat.
2011 1968 2027 2004 :
2068 1952 2293 2006 Timwus

704 2040 855 2111 longe
907 2041 1327 2103 eruditissimus,
1364 2053 1411 2096 et
1460 2060 1633 2096 rerum
1686 2046 1861 2113 copia,
1915 2056 1965 2099 et
2011 2048 2295 2099 sententia-

705 2147 821 2185 rum
874 2134 1125 2186 varietate
1181 2134 1701 2199 abundmtlissimus,
1759 2138 1872 2204 ipsa
1924 2137 2295 2204 compositione

703 2225 977 2279 verborum
1032 2241 1135 2278 non
1191 2216 1485 2292 impolitus,
1526 2243 1766 2297 magnam
1821 2228 2165 2298 eloquentiam
2224 2230 2294 2283 ad

704 2316 1037 2370 scribendum
1072 2316 1273 2370 attulit.
1315 2315 1557 2369 Meminit
1597 2317 1660 2370 de
1694 2318 1879 2371 eodem
1916 2321 2052 2371 idem
2087 2318 2295 2375 Tullius

710 2409 807 2463 lih.
844 2424 895 2472 v,
936 2408 1108 2473 Epist.
1161 2409 1227 2461 ad
1275 2406 1524 2462 Lucium.
1571 2410 1817 2464 Meminit
1869 2409 2190 2465 Plutarchus
2240 2414 2293 2469 itt

705 2501 884 2563 Nicia,
916 2502 979 2554 de
1030 2500 1275 2554 historiis
1308 2502 1374 2554 ab
1404 2515 1469 2553 eo
1512 2502 1839 2570 conscriptis
1870 2521 1880 2555 :
1914 2513 2140 2557 testatur
2185 2506 2297 2559 hate

709 2592 997 2661 Dionysius
1018 2590 1482 2653 Halicarnasseus,
1516 2591 1607 2644 lib.
1632 2608 1648 2646 ι
1679 2593 2041 2661 Antiquitatis.
2064 2595 2296 2663 Τιμαίου

702 2686 801 2739 τοῦ
823 2685 1150 2740 Σικελιώτου
1184 2684 1251 2737 τὰ
1291 2683 1391 2752 μὲν
1418 2683 1624 2752 ἀρχαῖα
1683 2683 1791 2737 τῶν
1821 2685 2075 2752 ἱστοριῶν
2096 2686 2154 2738 ὲν
2176 2690 2296 2751 ταῖς

702 2784 908 2843 κοιναῖς
940 2779 1203 2850 ἱστορίαις
1234 2779 1696 2849 ἀφηγησαμένου,
1750 2780 1877 2842 τοὺς
1908 2782 1964 2835 δὲ
1989 2782 2123 2852 πρὸς
2154 2781 2298 2853 Πύρ-

704 2875 800 2943 ρον
841 2872 935 2925 τὸν
976 2870 1325 2942 Ἠπειρώτην
1366 2873 1640 2943 πολέμους
1675 2875 1751 2938 είς
1796 2873 1936 2927 ἰδίαν
1980 2874 2297 2945 καταχωρί-

702 2982 897 3031 omne;
945 2964 1353 3035 πραγματείαν.
1411 2965 1522 3019 Hoc
1566 2971 1649 3019 est
1700 2968 1993 3034 interprete
2055 2967 2297 3038 Dionysii

700 3057 1051 3125 Sigismundo
1100 3055 1306 3111 Caleno
1352 3072 1366 3111 :
1418 3056 1644 3112 Timarus
1696 3057 1914 3113 Siculus
1964 3075 2044 3112 res
2094 3062 2297 3126 priscas

698 3152 1006 3220 complexus
1038 3150 1328 3204 universali
1358 3150 1607 3211 historia,
1640 3149 1831 3220 Pyrrhi
1882 3151 2115 3220 Epirota:
2148 3153 2294 3208 bellis

698 3246 951 3314 privatim
996 3245 1173 3298 dicato
1217 3242 1495 3297 uolumine.
1546 3242 1651 3299 Sed
1685 3244 1823 3299 nihil
1863 3245 2022 3312 hujus
2071 3246 2297 3316 insignis

700 3334 944 3390 historici
980 3335 1046 3388 ad
1081 3342 1320 3389 nostram
1357 3343 1571 3388 aetatem
1604 3336 1870 3405 pervenit.
1904 3334 2057 3391 Alter
2088 3337 2127 3391 Τ
2134 3352 2297 3393 θυι·οο

704 3424 1013 3480 menitanus
1048 3424 1100 3478 in
1150 3423 1393 3477 historiis
1428 3433 1757 3479 memoratus
1787 3423 2001 3481 Phileas
2034 3435 2118 3483 est
2152 3426 2204 3481 in
2238 3442 2297 3483 re

701 3516 1019 3573 mechanica
1065 3515 1405 3585 prazeellens,
1437 3514 1753 3572 Archimedi
1793 3517 2138 3588 Syracusano
2168 3519 2299 3587 σύγ-

700 3626 914 3682 κρονος,
960 3612 1027 3665 de
1070 3624 1178 3679 quo
1220 3608 1535 3672 Athenaeus,
1568 3607 1660 3663 lib.
1707 3614 2074 3681 νΔειπνοσ.,
2105 3614 2196 3668 ubi
2231 3613 2298 3669 de

699 3700 826 3755 navi
876 3697 1153 3763 Hieronis,
1212 3699 1355 3769 regis
1414 3696 1833 3769 Syracusarum.
1884 3703 2052 3771 ipsius
2100 3705 2297 3759 Archi-

704 3793 880 3847 medis
919 3790 1203 3847 molimine
1233 3798 1567 3853 constructa,
1609 3790 1836 3861 ejusque
1870 3792 2010 3847 malo
2054 3794 2298 3849 omnium

700 3886 941 3941 maximo
976 3900 990 3939 :
1030 3885 1366 3956 Κατήγαγεν
1382 3884 1439 3939 δὲ
1473 3884 1636 3938 αὑτὸν
1666 3885 1760 3939 ἐπὶ
1791 3884 2066 3941 Θάλατταν
2091 3887 2300 3962 ,Φιλέας

701 3979 731 4031 ὁ
776 3980 1190 4048 Ταυρομενίτης
1254 3978 1574 4048 μηχανικός.
1623 3977 1853 4033 Deduxit
1899 3995 2013 4034 eam
2059 3981 2113 4035 in
2156 3996 2300 4042 mare

695 4072 914 4128 Phileas
955 4071 1441 4127 Tauromenitanus
1464 4072 1819 4127 mechanicas.
1852 4071 1969 4127 iam
2009 4086 2138 4129 vero
2163 4072 2301 4130 situs

701 4165 1055 4221 Tauromeuii
1093 4165 1436 4221 admirabilis
1466 4175 1569 4227 est,
1611 4176 1665 4219 et
1698 4174 1887 4221 natura
1929 4167 2102 4241 magis
2136 4181 2299 4240 quam

699 4267 820 4312 arte
851 4260 1091 4311 munitus
1122 4278 1135 4313 :
1168 4269 1221 4311 ut
1258 4273 1365 4312 non
1408 4259 1603 4313 mirum
1633 4274 1752 4315 esse
1777 4259 2047 4327 videatur,
2070 4260 2116 4317 si
2144 4274 2175 4315 a
2201 4259 2302 4315 Sa-

702 4355 938 4417 racenis,
973 4353 1073 4407 nisi
1107 4368 1204 4420 per
1237 4352 1464 4406 insidias
1505 4352 1625 4421 capi
1663 4355 2072 4425 expugnatione
2112 4363 2301 4424 potue-

705 4446 800 4503 rit,
846 4460 1019 4513 eaque
1065 4457 1339 4511 postrema
1394 4445 1554 4497 luerit
1603 4447 1817 4499 urbium
1867 4446 2298 4502 clarissimarum

701 4538 911 4591 cla'la's.
947 4539 1037 4591 list
1067 4539 1213 4592 enim
1249 4552 1405 4591 mons
1440 4538 1550 4605 ipse
1587 4537 1637 4590 in
1668 4554 1774 4606 quo
1804 4539 1967 4594 situm
2005 4549 2089 4594 est
2128 4548 2182 4593 et
2214 4555 2301 4594 ar—

701 4631 843 4684 duus
870 4639 920 4683 et
955 4645 1185 4684 ascensu
1227 4628 1459 4683 difﬁcilis
1491 4638 1719 4699 utroque
1748 4646 1816 4685 ex
1844 4631 2037 4691 latere,
2067 4630 2211 4700 quod
2248 4640 2302 4685 et

702 4738 801 4777 nos
836 4724 934 4790 ipsi
967 4724 1142 4778 oeulis
1171 4724 1371 4776 nostris
1402 4724 1749 4794 suspeximus
1777 4735 1833 4777 et
1869 4725 2298 4793 peragravimus,

701 4829 1001 4882 verumque
1042 4830 1161 4868 esse
1194 4814 1549 4883 cognovimus
1590 4812 1732 4881 quod
1774 4812 1841 4870 de
1872 4828 1937 4867 eo
1979 4814 2144 4868 etiam
2184 4816 2299 4882 Ap-

701 4906 896 4976 pianus
934 4905 1097 4959 tradit
1136 4919 1258 4959 esse
1301 4905 1655 4969 asperrimum
1714 4905 1833 4958 visu
1868 4914 1917 4958 et
1967 4906 2300 4963 acutissimis

702 4996 942 5063 undique
984 4995 1262 5061 prartixum
1306 5004 1748 5063 praeruptumque
1779 4995 1949 5053 saxis.
1990 4994 2131 5051 Urbs
2173 5012 2301 5051 vero

704 5088 759 5142 in
793 5087 900 5141 illis
938 5088 1132 5141 mediis
1167 5086 1415 5154 Alpibus,
1445 5085 1618 5140 dicam
1649 5086 1825 5156 potius
1857 5102 2019 5156 quam
2050 5086 2301 5156 alpestri-

704 5180 810 5236 bus
840 5182 1086 5247 rupibus,
1119 5191 1173 5234 et
1204 5179 1478 5235 intercisis
1526 5183 1723 5247 posita,
1756 5191 1811 5234 et
1855 5179 1925 5234 ab
1956 5179 2148 5235 iisdem
2193 5180 2301 5234 cir-

705 5274 1043 5328 communita
1097 5284 1150 5326 et
1198 5270 1468 5326 obvallata
1514 5279 1597 5325 est
1632 5289 1644 5325 :
1677 5286 1906 5339 quarum
1959 5270 2136 5335 alias,
2193 5287 2298 5341 qua

703 5366 970 5419 orientem
999 5371 1229 5433 spectat,
1260 5361 1402 5417 infra
1436 5379 1493 5417 se
1521 5363 1684 5418 habet
1711 5363 1777 5416 ad
1803 5379 1951 5418 mare
1977 5364 2296 5433 depressas;

705 5458 860 5518 alias,
889 5472 991 5524 qua
1026 5455 1387 5520 occidentem,
1425 5453 1623 5508 caelum
1676 5456 1852 5522 ipsum
1898 5456 2298 5523 contingentes,

707 5560 764 5601 ut
794 5549 1003 5617 put-tice
1024 5548 1228 5609 dicam,
1260 5548 1418 5616 eique
1441 5548 1805 5611 minantes,iu
1836 5563 2063 5615 quarum
2098 5550 2299 5601 vertice

706 5651 887 5697 exstat
930 5656 1025 5695 arx
1059 5651 1109 5692 et
1146 5640 1461 5708 oppidulum
1496 5638 1655 5703 Mula,
1686 5650 1793 5695 tota
1841 5640 2027 5694 Sicilia
2074 5640 2298 5694 uctissi-

711 5749 885 5793 mum,
917 5733 1056 5799 quod
1102 5747 1167 5809 eo
1212 5734 1451 5785 damnati
1489 5732 1736 5788 homines
1785 5732 2070 5788 faciuorosi
2104 5736 2300 5802 depor-

713 5834 919 5889 tentur,
950 5834 1006 5879 ut
1044 5824 1205 5882 tradit
1238 5825 1507 5893 Fazcllns,
1542 5828 1625 5884 cui
1657 5828 1843 5884 subest
1872 5842 1967 5884 arx
2002 5827 2298 5882 Taurome-

2409 484 2479 537 nii
2519 486 2762 549 inferior,
2791 490 2859 543 ita
2896 501 2951 543 ut
2985 491 3215 545 molibus
3248 507 3277 545 a
3307 494 3444 549 mola
3472 495 3736 551 devolutis
3759 498 3994 566 Opprimi

2406 575 2545 630 haud
2598 578 2795 634 diiiicili
2864 582 3081 650 negotio
3130 584 3321 650 possit.
3367 585 3635 642 Cmterum
3687 587 3994 643 Taurome-

2403 669 2641 722 ttilanttttt
2692 676 2885 727 emtum
2934 676 3115 730 Lutum
3151 692 3214 731 ac
3248 679 3465 734 salubre
3501 690 3621 745 est;
3671 692 3995 749 prospectus

2403 762 2469 811 ah
2499 764 2694 830 oppido
2728 766 2780 819 in
2813 765 3115 822 Mamertini
3154 769 3274 823 freti
3315 782 3369 825 et
3402 773 3571 826 maris
3613 774 3744 827 Ionii
3789 773 3995 826 latissi-

2406 869 2548 904 mum
2586 870 2789 921 aequor,
2832 861 3213 930 oppositasque
3266 862 3576 917 Brutiorum
3626 876 3857 928 montes,
3900 867 3992 934 ju—

2404 947 2769 1002 cundissimus
2816 970 2831 1005 :
2883 952 2995 1021 agri
3057 954 3219 1007 etiam
3281 954 3529 1021 planities
3580 957 3989 1021 amantissima;

2403 1054 2587 1093 canna:
2638 1041 2871 1104 mellitze,
2919 1054 2971 1098 et
3008 1046 3115 1099 vini
3147 1049 3289 1114 apud
3337 1060 3566 1114 veteres,
3602 1059 3737 1104 teste
3784 1049 3986 1114 Plinio,

2403 1129 2817 1185 celebratissimi
2853 1132 3214 1199 feracissima,
3241 1146 3298 1192 ut
3329 1153 3432 1193 non
3466 1141 3734 1196 immerito
3756 1156 3871 1193 eam
3905 1156 3989 1195 re-

2404 1219 2616 1288 gionem
2655 1220 2795 1276 inter
2827 1234 3054 1280 caeteras
3079 1227 3340 1296 elegerint
3361 1228 3588 1283 Romani
3618 1245 3725 1299 quo
3745 1231 3992 1285 colonias

2405 1308 2758 1379 deducerent,
2809 1315 2949 1383 quod
2999 1313 3140 1370 Julio
3184 1316 3395 1373 Caesare
3451 1332 3630 1372 rerum
3687 1321 3876 1388 pomo,
3935 1333 3993 1374 et

2406 1399 2754 1459 Tauromenii
2795 1403 3159 1474 ampliﬁcandi
3209 1408 3450 1460 studioso
3498 1409 3721 1473 factum,
3772 1421 3828 1462 ut
3863 1410 3993 1462 Dio-

2404 1491 2565 1545 dorus
2594 1493 2835 1562 ejusdem
2868 1496 3126 1562 temporis
3164 1498 3399 1566 scriptor
3430 1508 3512 1553 est
3543 1501 3713 1555 testis.
3757 1498 3820 1552 Et
3854 1514 3992 1552 sane

2404 1596 2589 1635 eorum
2634 1585 3049 1651 magniﬁcentiae
3094 1602 3256 1656 Opera
3291 1588 3538 1642 videntur
3566 1605 3710 1653 esse,
3740 1591 3884 1658 quod
3921 1594 3994 1643 ah

2406 1675 2560 1729 initio
2594 1676 2873 1739 dicebam,
2929 1681 3200 1731 theatrum
3250 1678 3486 1734 lateritio
3534 1696 3697 1750 opere
3742 1692 3996 1736 constru-

2404 1777 2572 1826 ctum,
2610 1769 2752 1834 quod
2797 1783 2989 1837 magna
3037 1782 3103 1822 ex
3149 1781 3302 1838 parte
3334 1771 3601 1838 integrum
3637 1781 3837 1836 exstat,
3870 1788 3997 1842 qua:

2403 1869 2524 1907 sors
2555 1856 2694 1909 haud
2728 1857 2841 1911 scio
2880 1873 2946 1911 au
2981 1858 3100 1913 aliis
3130 1860 3399 1915 veteribus
3431 1862 3634 1916 Sicilia:
3668 1877 3997 1917 monumen-

2406 1947 2471 1998 tis
2506 1947 2789 2001 obvenerit
2818 1964 2833 2001 :
2866 1949 3028 2017 idque
3071 1965 3172 2017 ego
3205 1967 3312 2006 non
3348 1955 3469 2008 sine
3506 1955 3675 2008 animi
3721 1955 3999 2021 voluptate

2403 2037 2575 2092 ()ClliiS
2605 2053 2669 2091 ac
2700 2038 2926 2106 pedibus
2957 2056 3060 2095 non
3085 2043 3253 2096 semel
3281 2043 3562 2100 dimensus
3587 2058 3709 2099 sunt
3740 2046 4000 2115 doluique

2403 2140 2455 2182 et
2488 2142 2712 2198 questus
2762 2148 2879 2187 sum
2934 2134 3079 2203 apud
3131 2135 3302 2202 cives,
3339 2152 3403 2191 ex
3440 2151 3503 2192 ea
3554 2137 3751 2195 lateres
3785 2139 3849 2192 ad
3887 2142 3997 2193 alia

2405 2238 2542 2276 nova
2596 2223 2824 2280 tediﬁeia
2871 2226 3239 2283 substruenda
3286 2230 3517 2285 subinde
3564 2232 3837 2299 exscindi;
3884 2248 4002 2303 quo

2406 2310 2515 2375 ﬁet,
2549 2322 2608 2367 ut
2636 2314 2823 2382 paucis
2849 2317 3172 2382 postannis,
3202 2317 3393 2386 ingens
3423 2317 3553 2373 illud
3584 2331 4000 2375 monumentum

2404 2403 2879 2459 Tauromenitana:
2916 2407 3291 2477 amplitudinis
3322 2409 3563 2466 funditus
3593 2412 3863 2467 concidat.
3897 2411 4001 2467 lti-

2404 2502 2523 2559 dem
2553 2499 2796 2567 ejusdem
2821 2500 3156 2556 admirandae
3177 2504 3430 2572 potentia
3453 2520 3617 2574 opera
3646 2515 3771 2560 sunt
3803 2515 4001 2577 stagna

2404 2607 2498 2647 seu
2533 2593 2785 2648 cisternae
2833 2594 3204 2647 subterraneae
3242 2594 3361 2649 duae
3397 2605 3811 2661 concamerata:,
3856 2612 4002 2665 qua-

2406 2698 2525 2737 rum
2555 2684 2727 2738 altera
2754 2684 2878 2738 octo
2900 2684 3181 2753 quadratis
3201 2686 3531 2740 cementitiis
3555 2688 3767 2741 snii‘ulta
3792 2692 4005 2745 colum-

2407 2776 2522 2843 nis;
2557 2776 2727 2830 altera
2762 2791 2892 2832 vero
2921 2790 3055 2844 pene
3087 2788 3355 2844 prostrata
3372 2789 3433 2832 et
3465 2778 3659 2833 aﬂlicta
3696 2790 4002 2850 temporum

2408 2866 2614 2937 injuria
2637 2869 2901 2922 cernitur.
2929 2868 3293 2936 Aquazduetus
3318 2869 3445 2924 item
3478 2882 3687 2927 veteres
3716 2871 3789 2927 ibi
3817 2874 4009 2928 visun—

2404 2969 2528 3027 tur;
2570 2970 2624 3015 et
2661 2960 2765 3016 alia
2812 2962 3032 3015 demum
3079 2972 3555 3021 monumentorum
3603 2964 3654 3018 in
3702 2966 4009 3035 primisque

2401 3051 2665 3121 Achegeti
2702 3051 2887 3120 templi
2939 3050 3195 3121 vestigia,
3246 3061 3301 3106 et
3357 3053 3606 3122 sepulcra
3656 3070 3763 3109 non
3804 3071 4007 3125 pauca,

2399 3156 2568 3210 quam
2621 3143 2703 3198 vel
2757 3142 2964 3198 ambitu
3018 3156 3217 3212 magna
3272 3145 3419 3212 (nam
3459 3155 3623 3213 quota
3675 3161 3800 3212 pars
3857 3146 4012 3201 illius

2406 3232 2571 3288 hodie
2597 3232 2826 3299 restat?)
2859 3231 2944 3287 vel
2973 3230 3371 3301 magniﬁcentia
3408 3234 3624 3297 nobilis,
3658 3234 3741 3289 vel
3772 3251 4013 3289 numero

2405 3320 2607 3376 civium
2652 3320 2883 3375 celebris
2917 3320 3082 3375 fuerit
3111 3320 3324 3384 civitas,
3355 3322 3672 3377 ostendunt.
3705 3326 3882 3392 Atque
3915 3327 4013 3377 hic

2408 3410 2527 3481 ejus
2556 3410 2813 3479 splendor
2844 3409 3007 3463 etiam
3042 3423 3213 3479 usque
3240 3410 3305 3465 ad
3336 3408 3725 3465 Saracenicam
3758 3415 4013 3481 tyranni-

2411 3503 2557 3568 dem,
2578 3504 2834 3559 nimirum
2859 3511 2970 3556 toto
2991 3501 3206 3570 imperii
3225 3500 3540 3558 Graecorum
3569 3488 3809 3573 tempore
3832 3520 4015 3572 usque

2409 3598 2476 3653 ad
2507 3596 2703 3652 Leonis
2739 3594 3013 3666 Sapientis
3040 3609 3235 3658 aevum,
3261 3593 3366 3649 sub
3396 3608 3505 3662 quo
3535 3604 3841 3665 expugnata
3872 3597 4009 3659 fuit,

2407 3688 2674 3747 mansisse
2715 3686 2953 3741 videtur.
3004 3684 3137 3740 Nam
3189 3683 3586 3741 Constantinus
3626 3684 4017 3756 POrphyroge-

2408 3790 2557 3847 nete,
2589 3779 2708 3851 ejus
2742 3778 2903 3840 ﬁlius.
2932 3778 3023 3847 qui
3057 3776 3131 3831 De
3166 3776 3484 3831 tltematibus
3516 3778 3723 3847 imperii
3759 3779 4013 3834 libellum

2408 3872 2648 3944 scripsit,
2682 3871 2777 3927 lib.
2805 3886 2869 3936 ιι,
2910 3870 2963 3925 ἰιι
2998 3869 3241 3924 themate
3286 3867 3488 3924 Sicilia
3520 3869 3632 3926 hac
3666 3872 3854 3935 tradit,
3883 3888 4018 3941 qua:

2408 3968 2640 4039 primam
2679 3968 2822 4022 hanc
2851 3962 3101 4035 prooemii
3138 3971 3347 4031 partem
3380 3963 3450 4017 de
3480 3962 3827 4018 Tauromenii
3860 3974 4019 4018 statu

2406 4061 2631 4133 poiitico
2660 4060 2732 4115 ita
2764 4058 2998 4119 claudat.
3023 4065 3080 4112 et
3099 4055 3338 4125 sigillum
3364 4055 3437 4110 sit
3461 4055 3729 4111 dictorum
3757 4057 4015 4111 omnium

2407 4150 3052 4215 honorificentissimam,
3083 4160 3139 4204 et
3188 4148 3358 4218 ipsius
3407 4148 3754 4215 imperatoris
3802 4150 4020 4205 annulo

2409 4245 2769 4313 impressum,
2825 4256 2894 4298 ne
2940 4243 3119 4298 dicam
3169 4240 3338 4309 digito
3389 4243 3651 4310 scriptum
3686 4259 3701 4295 :
3735 4240 3892 4310 Ἔχει
3953 4242 4019 4295 δὲ

2404 4338 2600 4402 πόλεις
2622 4337 2933 4406 ἐπισήμους
2959 4335 3061 4407 τήν
3089 4352 3147 4389 τε
3174 4335 3554 4407 Συράκουσαν,
3590 4334 3687 4389 καὶ
3715 4334 3775 4388 τὸ
3803 4335 4017 4399 καλού-

2411 4450 2574 4503 μενον
2620 4430 3021 4501 Ταυρομένιον,
3056 4429 3150 4485 καὶ
3178 4428 3349 4498 αὐτὴν
3374 4427 3474 4499 τὴν
3510 4428 3883 4498 Ἀκράγαντα,
3908 4432 4023 4491 ,καὶ

2408 4526 2505 4588 τὰς
2554 4524 2749 4587 λοιπὰς
2784 4523 2969 4585 πόλεις
3001 4522 3097 4585 τὰς
3137 4522 3239 4591 μιν
3284 4522 3665 4591 ἠρημωμένας
3707 4521 3858 4591 παρὰ
3896 4522 4021 4575 τῶν

2400 4616 2769 4687 Σαρακηνῶν.
2800 4615 2911 4687 Τὴν
2949 4614 3050 4684 μὲν
3084 4613 3177 4668 οὖν
3210 4614 3568 4682 Συράκουσαν
3593 4614 3686 4667 ἐπὶ
3711 4614 4015 4668 Βατιλείου

2409 4711 2503 4766 τοῦ
2538 4712 2787 4781 ἀοιδίμου
2825 4709 3099 4779 βασιλέως
3130 4709 3444 4780 παρέλαϐον
3477 4710 3529 4762 οἱ
3565 4708 3910 4779 Σαρακηνοί·
3949 4712 4023 4763 τὸ

2407 4806 2464 4861 δὲ
2491 4805 2873 4877 Ταυρομένιον
2900 4806 2993 4858 ἐπὶ
3019 4805 3252 4867 Λέοντος
3297 4804 3394 4858 τοῦ
3443 4804 3792 4872 Σοφωτάτου.
3829 4802 4021 4861 Cate—

2408 4916 2528 4953 rum
2563 4898 2793 4967 insignes
2845 4896 3000 4949 urbes
3052 4897 3202 4950 habet
3256 4894 3578 4966 Syracusas,
3615 4907 3664 4951 et
3716 4894 4024 4950 Taurome-

2404 4991 2555 5045 nium
2616 4990 2853 5051 dictum,
2916 4988 3192 5056 ipsumque
3242 4987 3623 5055 Agrigentum,
3681 4996 3731 5040 et
3787 4995 4025 5039 cwteras

2408 5084 2666 5146 ciuitates,
2694 5081 2886 5148 partim
2912 5078 3200 5139 desolatas.
3230 5080 3427 5147 partim
3462 5076 3746 5132 Saracenis
3780 5094 4028 5144 occupo-

2410 5187 2512 5231 tas.
2547 5175 2844 5247 Syracusas
2886 5183 3024 5227 certe
3045 5171 3150 5229 sub
3188 5171 3392 5229 Basilio
3427 5173 3747 5240 imperatore
3771 5174 4023 5241 percele-

2408 5272 2487 5324 bri
2518 5280 2761 5339 ceperunt
2791 5267 3068 5330 Saraceni,
3101 5264 3509 5321 Tauromenium
3537 5281 3657 5319 vero
3700 5265 3795 5318 sub
3834 5262 4027 5320 Leone

2408 5365 2723 5433 imperatore
2770 5359 3043 5429 Sapiente.

2550 5506 2577 5578 ᾗ
2624 5506 2691 5561 ll.
2724 5538 2790 5551 -—
2825 5506 3009 5562 Status
3059 5507 3444 5561 ecclesiasticus
3496 5504 3860 5561 Tauromenii.

2480 5640 2999 5697 Tauromenitanam
3050 5639 3346 5697 Ecclesiam
3394 5642 3720 5710 antiquitate
3747 5644 4027 5715 (ιιάίεηί-

2413 5746 2520 5788 tate
2551 5749 2673 5789 eum
2708 5735 2898 5802 primis
2923 5742 2976 5788 et
3008 5735 3197 5802 prima:
3243 5734 3582 5801 antiquitatis
3622 5734 3878 5789 Eeclesiis
3917 5736 4024 5791 Si-

2416 5827 2551 5883 cilia:
2587 5825 3012 5897 componendam
3056 5840 3216 5883 nemo
3248 5828 3452 5883 vocarit
3481 5827 3534 5883 in
3566 5827 3811 5896 dubium,
3846 5828 4022 5893 modo
