4172 6432
158 430 205 494 69
1080 412 1495 497 FRANClSCI
1538 410 1797 469 SCORSl
1840 405 2271 466 PRO(EMIUM
2316 406 2356 465 l.
3276 405 3348 466 το

159 558 227 595 nus
266 539 555 598 Grctscrus,
613 532 706 601 qui
740 540 791 585 et
844 530 1087 597 sequenti
1138 528 1380 594 proxime
1412 539 1663 593 paragra-

159 638 235 702 pho
260 628 476 696 ejusdem
504 625 698 692 capitis
729 625 791 676 de
824 633 1009 675 nostro
1040 619 1406 672 testimonium
1439 616 1663 682 profert.

159 718 429 774 Tauromenii
479 717 535 767 in
569 713 755 767 Sicilia
802 713 990 764 colitur
1020 709 1234 776 antiqua
1289 707 1460 771 imago
1507 703 1669 755 beata!

165 812 334 880 Virginis
364 824 463 859 non
508 805 860 872 mattttfacta;
907 800 1078 869 qualis
1122 801 1279 851 etiam
1327 812 1438 847 esse
1466 797 1671 847 videtur

157 906 223 956 illo
265 902 486 965 Dcipara:
536 899 710 967 imago
765 894 1013 946 divinitus
1060 892 1202 959 picta
1254 903 1370 958 qum
1394 887 1587 938 colitur
1614 885 1670 935 in

164 996 273 1047 Valle
324 989 509 1053 i’iridi,
558 992 611 1041 in
663 997 835 1039 monte
876 983 1067 1046 zEtna,
1116 992 1173 1033 ttt
1209 980 1387 1033 scribit
1416 977 1669 1031 Octavius

159 1085 473 1141 tlottstautinus
524 1082 665 1152 "\lege
725 1076 1037 1140 Caetantts;
1080 1073 1468 1128 Constantinus
1524 1070 1669 1125 enim

156 1189 424 1232 estnomen
477 1174 639 1225 unius
699 1185 763 1224 ex
832 1170 1087 1222 fratribus
1155 1166 1395 1234 ejusdem
1436 1160 1670 1221 Octavii,

157 1268 351 1322 monachi
386 1274 440 1316 rt
504 1261 713 1315 abbatis
752 1261 958 1315 ordinis
1014 1257 1196 1313 Sancti
1248 1254 1526 1309 Benedicti
1560 1252 1577 1320 )
1617 1252 1667 1303 in

160 1359 255 1411 Μία
306 1356 468 1423 operis
521 1356 585 1407 de
645 1354 843 1408 sanctis
891 1349 1113 1404 Sicilire.
1171 1349 1349 1417 Atque
1409 1346 1673 1398 hactenus

156 1451 304 1502 thesim
357 1448 480 1501 huic
531 1461 663 1500 meae
722 1442 1035 1497 tractationi
1095 1439 1354 1510 prmtexui
1400 1452 1464 1490 ex
1491 1436 1673 1488 relatis

156 1557 175 1592 τι
212 1541 432 1595 Gretsero
460 1558 474 1593 :
504 1547 557 1592 et
599 1552 665 1591 ex
711 1550 911 1605 genere
935 1536 1126 1587 harum
1166 1533 1384 1585 iconum
1419 1529 1672 1583 universo

155 1628 272 1679 ﬁdem
303 1626 422 1678 mihi
486 1624 710 1687 munivi,
769 1632 969 1675 utnon
1030 1620 1307 1673 videretur
1357 1617 1672 1671 incredibile

156 1715 467 1786 hujuscemodi
537 1715 826 1782 imaginem
913 1710 1332 1783 ἀχειροποίητον
1396 1709 1674 1762 exstitisse

154 1805 464 1869 Tauromenii,
528 1819 652 1859 cum
700 1803 835 1855 alias
872 1801 999 1856 alibi
1025 1817 1091 1855 ex
1152 1801 1319 1854 certis
1357 1797 1672 1852 auctoribus

152 1909 319 1951 «xstare
352 1906 535 1949 notum
590 1894 683 1949 sit.
739 1892 877 1959 Quid
930 1893 1093 1961 igitur
1123 1892 1189 1945 de
1213 1889 1671 1944 Tauromenitana

150 1990 338 2057 imagine
392 1986 531 2041 diva:
585 1984 821 2054 Virginis
873 2001 976 2038 non
1028 1981 1331 2057 mantti‘acla
1391 1979 1674 2035 dixerim?

155 2080 363 2147 Equidem
399 2088 549 2131 certa
588 2091 686 2145 pro
744 2076 927 2140 certis,
986 2059 1229 2142 conjecta
1263 2086 1361 2140 pro
1417 2070 1675 2138 conjectis

148 2172 286 2225 dabo:
339 2185 516 2239 neque
576 2169 722 2223 enim
776 2168 827 2220 in
896 2176 1046 2219 tanta
1099 2164 1419 2232 antiquitate
1462 2171 1673 2231 tempo-

150 2278 240 2315 rum
264 2270 310 2317 et
346 2259 587 2315 historia:
638 2257 861 2327 penuria
908 2255 1087 2325 potius
1111 2253 1323 2307 faciam.
1385 2252 1675 2306 Exstitisse

152 2352 409 2420 bujusmodi
458 2350 753 2420 imaginem
802 2346 1229 2417 ἀχειροποίητον
1284 2355 1337 2399 et
1377 2346 1674 2410 religiosis-

149 2448 253 2498 sime
314 2441 663 2497 Tauromenii
719 2439 923 2494 cultam
994 2437 1346 2505 Theophanis
1408 2447 1674 2504 tempore,

147 2545 272 2605 atque
307 2537 463 2589 etiam
521 2542 633 2587 toto
690 2533 782 2587 illo
810 2540 1053 2599 tempore
1109 2527 1253 2597 quod
1287 2525 1674 2582 Saracenicam

149 2626 434 2694 tyrannidem
460 2626 782 2686 antecessit,
831 2622 972 2676 haud
1000 2623 1049 2674 itt
1102 2621 1321 2675 dubiutn
1350 2620 1670 2674 vertendum

150 2719 247 2773 mihi
282 2718 507 2778 videtur,
542 2732 666 2770 cum
715 2726 819 2769 tam
846 2715 1051 2769 diserte
1086 2712 1299 2766 duobus
1355 2713 1407 2765 in
1442 2712 1578 2765 locis
1607 2713 1675 2764 de

148 2820 192 2857 ea
264 2805 610 2872 Theophanes
668 2804 997 2867 meminerit,
1061 2812 1117 2857 et
1164 2801 1427 2871 glorietur
1482 2802 1531 2853 in
1583 2816 1679 2855 sua

148 2896 340 2950 Ecclesia
361 2906 414 2951 et
445 2897 604 2950 urbe.
624 2896 892 2950 Craterum
928 2896 1070 2950 unde
1094 2905 1147 2949 et
1170 2896 1431 2962 originem
1476 2894 1679 2947 habue-

147 2988 214 3051 rit,
239 3003 333 3057 qua
365 3004 533 3057 opera
562 2986 775 3051 ell‘eeta,
808 2997 862 3041 et
890 3003 958 3041 an
995 2992 1326 3056 archetypon
1367 2986 1676 3056 εἰιὰχειρό-

146 3094 343 3143 τευκτον,
384 3096 451 3134 an
512 3090 767 3149 ectypon,
828 3080 930 3133 hoc
983 3090 1067 3134 est
1118 3095 1180 3133 ex
1243 3088 1530 3146 ΡτοῑοῑΥΡο
1582 3092 1677 3131 εἷ’

146 3185 344 3236 pressum
404 3173 784 3232 simulacrum,
825 3172 987 3239 idque
1050 3171 1165 3225 sive
1223 3169 1505 3234 miraculo,
1558 3169 1675 3224 sive

146 3260 321 3325 pictoris
406 3276 577 3330 Opera
672 3261 1083 3315 accuratissime
1145 3260 1475 3324 deductum;
1536 3262 1677 3330 quod

147 3364 281 3405 tamen
331 3352 471 3406 idem
526 3352 672 3419 quod
732 3351 1063 3419 archetypon
1124 3364 1321 3403 nomen
1385 3352 1679 3422 ἀχειροπο-

147 3440 257 3508 inter
281 3443 532 3502 retineat,
577 3441 720 3507 quod
750 3442 891 3494 illius
926 3440 997 3493 sit
1050 3441 1244 3502 instar,
1281 3444 1427 3509 quod
1457 3443 1511 3495 in
1543 3442 1679 3495 mul-

143 3526 192 3577 tis
225 3526 587 3595 hujuscemodi
644 3534 756 3577 tum
806 3526 1030 3590 Christi,
1070 3535 1182 3578 tttm
1236 3524 1478 3595 Deiparaa
1506 3529 1681 3583 conti-

144 3616 249 3681 gisse
293 3617 428 3672 idem
508 3616 809 3670 Gretserus
861 3626 1055 3671 auctor
1099 3628 1204 3672 est.
1257 3617 1523 3675 Praeterea
1568 3637 1680 3690 quo

144 3704 219 3756 alio
237 3706 515 3771 miraculo,
560 3719 668 3773 quo
698 3711 938 3772 tempore
974 3705 1180 3774 perlata
1214 3705 1665 3773 Tauromenium,

144 3790 245 3845 idem
278 3793 448 3847 dicam
507 3794 660 3861 quod
709 3793 872 3861 paulo
919 3800 1046 3847 ante
1095 3794 1389 3847 u'retserus
1415 3795 1481 3848 de
1537 3796 1678 3849 iuta-

145 3884 232 3946 giae
276 3883 511 3950 Deipara:
548 3897 659 3936 non
695 3882 1005 3937 manttl‘acta
1068 3884 1310 3938 Conissa:
1355 3890 1672 3941 monasterii

146 3988 268 4041 prope
286 3974 569 4036 Cahalam,
620 3974 755 4027 nihil
781 3974 907 4027 alibi
933 3974 999 4028 de
1025 3974 1509 4041 Tauromenitana,
1539 3982 1678 4048 quod

146 4068 285 4123 sciam,
346 4068 636 4119 traditum.
716 4064 789 4118 De
855 4066 1029 4120 altero
1088 4080 1238 4129 vero,
1295 4068 1441 4134 quod
1504 4084 1673 4137 supra

144 4170 479 4222 preposueram
505 4157 850 4226 agitandum,
879 4171 947 4209 an
994 4158 1172 4225 imago
1205 4158 1376 4210 beata:
1404 4159 1669 4227 Virginis,

144 4262 263 4311 quam
309 4252 463 4302 hotlie
493 4249 951 4302 Tauromenitani
986 4263 1368 4315 persutnmam
1426 4251 1677 4317 pietatem

143 4337 300 4400 colunt,
355 4354 521 4407 quam
560 4346 849 4403 patronam
906 4335 1198 4405 appellant,
1257 4337 1312 4389 in
1360 4353 1463 4404 qua
1486 4356 1676 4394 eorum

142 4442 233 4493 spes
264 4444 493 4499 opesque
542 4433 601 4484 in
656 4428 813 4481 rebus
857 4426 1068 4482 amictis
1114 4431 1255 4491 sitm,
1297 4430 1439 4495 quod
1506 4432 1669 4485 etiam

145 4520 335 4572 nonnulli
385 4536 495 4575 non
556 4519 812 4584 vulgares
854 4518 952 4571 viri
1018 4534 1123 4571 non
1159 4519 1525 4574 mannl'actatn
1580 4538 1678 4575 vo-

144 4619 251 4674 cant,
294 4608 544 4664 eamdem
590 4612 666 4662 sit
698 4617 860 4675 atque
895 4608 984 4661 illa
1010 4623 1131 4677 quae
1159 4608 1508 4679 The0pltauis
1534 4624 1673 4666 tern-

144 4711 235 4761 νοτε
270 4701 593 4762 exstitisset,
645 4697 718 4750 ita
756 4706 814 4750 ut
842 4698 1003 4750 etiam
1052 4698 1245 4766 impias
1277 4698 1673 4756 Saracenorum

145 4800 287 4844 titanas
310 4791 583 4861 eﬁ’ugerit,
614 4799 671 4843 et
706 4789 776 4842 ab
819 4802 1005 4841 eorum
1055 4799 1109 4841 et
1152 4791 1411 4857 temporis
1464 4791 1676 4858 injuriis

144 4880 381 4945 vindicata,
443 4892 500 4935 et
546 4895 729 4947 usque
776 4878 842 4932 ad
896 4880 995 4932 hoc
1054 4886 1264 4947 tempus
1313 4890 1459 4935 sarta
1524 4893 1665 4938 tecta

146 4984 326 5035 serrata,
383 4974 531 5044 quod
590 4982 745 5027 esset
782 4971 936 5027 alteri
972 4972 1227 5025 miraculo
1259 4974 1665 5039 ascribentlum,

148 5066 343 5126 equidem
370 5068 484 5120 haec
509 5074 847 5134 argumenta
874 5065 1064 5128 habeo,
1093 5074 1149 5115 ut
1172 5066 1412 5118 eamdem
1433 5067 1671 5121 credam.

148 5152 332 5211 l’rituum
374 5162 503 5229 quia
538 5159 710 5228 vulgo
748 5171 869 5212 eam
918 5155 1202 5226 Deiparam
1223 5154 1536 5211 Graecorum
1575 5172 1670 5226 ap-

149 5250 318 5312 βειιθιιι.
386 5255 530 5308 unde
592 5252 728 5307 mihi
794 5252 851 5307 tit
884 5251 1181 5321 probabile,
1220 5266 1283 5304 ex
1314 5266 1379 5306 eo
1419 5262 1661 5321 tempore

148 5354 221 5405 (Ιυο
272 5346 578 5401 Graecorum
637 5343 878 5399 Ecclesia
913 5353 967 5398 et
1015 5344 1151 5397 ritus
1188 5340 1540 5397 Tauromenii
1568 5342 1665 5397 ilo-

148 5436 355 5501 rescchal,
396 5439 501 5493 hoc
558 5448 651 5491 est
698 5435 1046 5503 Theophanis
1082 5447 1344 5504 tempore,
1402 5448 1521 5489 eam
1571 5449 1667 5503 ap-

150 5526 427 5587 pellationem
453 5532 780 5592 deductam,
809 5537 863 5582 et
902 5543 994 5597 per
1038 5544 1233 5583 manus
1256 5528 1322 5581 ad
1343 5527 1458 5582 haec
1494 5542 1668 5595 usque

154 5620 333 5685 tempora
394 5623 715 5683 traditam;
776 5620 966 5673 deinde
1008 5622 1152 5689 quod
1193 5636 1313 5675 eam
1360 5618 1414 5673 in
1465 5635 1673 5673 summa

152 5716 351 5771 aquarum
396 5716 717 5783 pluviarum
769 5714 1021 5782 penuria,
1084 5715 1301 5768 unicum
1359 5722 1675 5780 certumque

152 5801 387 5875 Effugiunt
440 5808 908 5864 Tauromenitani
949 5808 1172 5873 habent,
1207 5819 1261 5864 et
1293 5808 1361 5863 ad
1410 5816 1673 5864 canttatt-

1783 536 1943 587 quatu
1974 518 2178 570 fontem
2216 518 2457 569 omnium
2514 514 2813 585 gratiarum
2844 515 3084 579 uberem,
3118 516 3346 585 petitum

1774 625 1941 678 aquas
1964 616 2255 663 accurrunt
2279 627 2290 660 :
2317 624 2379 660 ac
2396 608 2475 660 vix
2493 624 2587 677 per
2612 608 2796 661 urbem
2817 607 3103 674 circumagi
3121 610 3350 662 solemni

1776 703 2167 769 supplicatione
2217 706 2417 766 empta,
2465 715 2585 751 cum
2659 713 2777 752 eam
2847 698 3205 751 intermittere
3255 714 3349 751 co-

1776 803 1979 861 guntur
2021 808 2049 845 a
2090 792 2263 861 pluvia
2323 790 2501 844 obruti
2568 800 2618 843 et
2648 791 2869 853 madidi,
2924 790 3011 857 qui
3060 806 3177 842 eam
3213 791 3345 843 sicci

1777 884 2129 952 sitientesque
2176 884 2536 947 inchoarant;
2594 883 2736 948 quod
2799 896 2863 934 ex
2917 880 3101 934 multis
3138 880 3351 933 Tauro-

1777 976 2069 1029 menitanis
2136 975 2237 1026 title
2289 975 2462 1042 ilignis
2512 979 2880 1027 contestatam
2937 971 3143 1040 accepi,
3218 985 3341 1023 cum

1778 1067 2125 1119 Tauromenii
2164 1067 2351 1119 harntn
2391 1082 2568 1118 rerum
2626 1064 3121 1131 cognoscendorum
3176 1074 3339 1114 causa

1778 1175 2165 1215 coinutorarer.
2220 1160 2281 1212 Et
2311 1176 2439 1213 Sane
2486 1175 2547 1212 ex
2583 1159 2684 1212 alia
2718 1167 2871 1228 parte
2903 1158 3147 1225 legimus,
3171 1155 3350 1210 Theo-

1779 1255 2009 1322 pltanem
2045 1255 2095 1305 iu
2144 1252 2362 1305 houtilia
2406 1252 2583 1305 habita
2611 1253 2674 1306 de
2706 1253 2856 1320 plaga
2886 1251 3150 1305 siccitatis
3176 1250 3342 1320 (Itoni.

1779 1345 1925 1413 tht)
1963 1346 2026 1397 ad
2069 1345 2281 1398 beatam
2338 1343 2615 1413 Virginem
2670 1346 3067 1411 perorationem
3111 1357 3346 1396 conver-

1783 1445 1915 1497 tere,
1968 1437 2125 1504 eique
2187 1436 2512 1504 supplicare,
2567 1452 2634 1490 ne
2682 1451 2836 1491 suam
2882 1437 3157 1489 civitatem
3184 1434 3352 1489 desti-

1783 1537 1896 1579 tuat
1943 1528 1993 1579 iu
2044 1529 2161 1595 ejus
2208 1530 2428 1582 nomine
2481 1529 2845 1597 gloriantem:
2903 1542 3066 1596 quam
3123 1525 3350 1594 gloriam

1780 1619 1847 1671 ad
1907 1620 2196 1691 imaginem
2230 1637 2335 1675 non
2375 1621 2742 1675 tnanul'actam
2779 1635 2887 1674 non
2922 1619 3199 1673 immerito
3228 1617 3351 1685 quis

1783 1704 2002 1774 referat,
2060 1716 2117 1762 ut
2166 1710 2236 1762 ibi
2282 1709 2684 1764 adnotavimus.
2750 1708 2916 1762 Multa
2952 1709 3055 1760 alia
3091 1715 3357 1777 praeterea

1782 1801 1836 1855 in
1876 1804 2023 1857 omni
2077 1817 2275 1872 genere
2318 1804 2458 1856 dona
2520 1801 2782 1856 miraculo
2857 1808 3098 1869 accepta,
3142 1807 3195 1853 et
3238 1798 3358 1867 ejus

1781 1894 1887 1948 ﬁde
1929 1894 2220 1962 implorata
2255 1908 2419 1961 supra
2448 1893 2739 1947 humanam
2770 1904 2923 1958 opem
2965 1890 3156 1944 elIecta
3190 1902 3357 1954 opera

1782 1987 2029 2055 quotidie
2073 1986 2274 2049 ferunt,
2309 1994 2358 2038 et
2385 1993 2758 2038 contestantur
2799 1997 2902 2035 non
2938 1980 3124 2034 incolae
3154 1979 3359 2042 solum,

1786 2075 1881 2129 sed
1935 2076 2099 2128 etiam
2151 2073 2358 2127 rxteri:
2422 2072 2564 2126 inter
2620 2084 2757 2138 quos
2802 2085 2905 2123 non
2959 2069 3179 2123 silentio
3214 2083 3355 2131 pra:-

1785 2166 2084 2221 terenntlns
2160 2165 2219 2218 ι).
2272 2164 2618 2225 Frauciscns,
2681 2161 2956 2214 Romanus
3015 2158 3358 2222 Catanensis,

1782 2261 2042 2314 sacerdos
2090 2256 2230 2311 haud
2276 2257 2443 2309 multo
2495 2255 2701 2319 pridem
2743 2252 2798 2305 in
2849 2252 3137 2320 collegium
3186 2266 3358 2304 rano-

1788 2348 2036 2401 nicorum
2066 2346 2322 2402 Ecclesia:
2350 2343 2753 2398 Panormitam:
2790 2342 2983 2396 merito
3003 2351 3357 2411 aggregatns,

1784 2434 2143 2490 concionandi
2180 2449 2404 2489 munere
2438 2444 2493 2489 et
2530 2433 2750 2501 pietatis
2773 2432 2970 2486 ardore
3008 2447 3114 2485 non
3150 2431 3360 2497 vulgari

1796 2525 2075 2597 praeditus,
2111 2525 2203 2595 qui
2235 2540 2355 2578 cum
2416 2524 2765 2578 Tauromenii
2796 2526 3096 2578 conciones
3120 2534 3363 2592 tempore

1792 2618 2231 2687 Quadragesimaa
2264 2617 2508 2682 haberet,
2566 2616 2733 2670 multa
2778 2617 2845 2671 ab
2874 2631 2941 2670 ea
2977 2616 3211 2685 imagine
3247 2631 3357 2670 non

1788 2707 2095 2764 ntanul‘acta
2152 2724 2213 2763 se
2256 2710 2531 2775 accepisse
2578 2708 2646 2762 ab
2701 2706 2822 2761 aliis
2862 2707 3147 2774 impetrata
3198 2706 3365 2761 mira-

1785 2803 1925 2866 cula,
1979 2803 2147 2855 multa
2192 2800 2243 2853 in
2288 2801 2467 2867 seipso
2515 2809 2799 2869 expertum
2826 2813 2950 2853 esse
3008 2798 3144 2852 mihi
3171 2812 3365 2854 narra-

1785 2895 1881 2959 vit,
1926 2904 1980 2949 et
2013 2894 2217 2961 scripto
2256 2906 2321 2946 ac
2366 2891 2735 2960 chirographo
2794 2891 2935 2945 dicta
2994 2889 3402 2959 causignavit.'

1786 2987 2050 3040 Ctetermu
2091 2984 2218 3037 illud
2277 2983 2441 3036 etiam
2483 2984 2537 3036 in
2601 2982 2702 3036 hac
2744 2997 2803 3035 re
2839 2983 3282 3038 animadversum
3333 2999 3364 3038 a

1789 3076 2083 3131 lectoribus
2140 3076 2323 3136 velim,
2353 3074 2397 3129 si
2444 3074 2531 3127 cui
2578 3072 2648 3129 sit
2680 3089 3024 3141 persuasmn,
3070 3075 3359 3144 imaginem

1788 3167 2027 3235 Deiparae
2087 3181 2208 3235 quae
2285 3165 2443 3219 hodie
2514 3174 2723 3232 exstat,
2780 3182 2899 3220 eam
2968 3182 3093 3221 esse
3146 3168 3364 3237 ἀχειρο-

1788 3257 2014 3326 ποίητον
2032 3271 2151 3324 quae
2180 3255 2528 3324 Theophanis
2561 3265 2803 3324 tempore
2825 3257 3090 3319 exstabat,
3118 3276 3221 3311 non
3242 3274 3366 3313 esse

1788 3344 2117 3399 censendam
2169 3358 2232 3396 ex
2294 3344 2359 3395 iis
2411 3358 2529 3413 qua:
2581 3342 2635 3396 itt
2684 3344 2865 3411 aliquo
2908 3345 3073 3399 linteo
3115 3346 3359 3416 Virginis

1786 3434 1993 3489 vultum
2055 3434 2122 3485 ab
2158 3432 2385 3501 ipsumet
2444 3434 2769 3502 impressum
2814 3436 3038 3490 ferunt:
3077 3454 3186 3492 non
3216 3442 3359 3495 enim

1786 3540 1849 3581 ea
1898 3524 2080 3580 tabula
2145 3524 2351 3578 vultum
2407 3523 2642 3593 Virginis
2698 3525 2892 3588 solum,
2947 3528 3041 3582 sed
3102 3530 3363 3599 integram

1785 3629 2054 3675 staturam
2109 3620 2384 3673 sedentem
2443 3626 2499 3671 et
2532 3616 2789 3670 infantem
2828 3617 3010 3672 Jesutn
3054 3630 3357 3689 gestantem

1788 3711 1929 3763 ulnis
1975 3708 2268 3777 exprimit:
2305 3722 2473 3774 quare
2499 3708 2549 3759 iu
2595 3708 2768 3761 altero
2791 3724 2985 3773 genere
3008 3711 3363 3783 ἀχειροποιή-

1782 3816 1890 3851 των
1942 3813 2061 3852 eam
2110 3797 2516 3857 accensuerim,
2570 3795 2636 3847 de
2681 3811 2789 3864 quo
2843 3797 3003 3850 etiam
3051 3798 3363 3868 Gretserus,

1789 3900 1846 3942 ut
1884 3890 2193 3959 angelorum
2244 3901 2406 3955 opera
2443 3901 2505 3940 ea
2553 3886 2766 3953 depicta
2802 3890 2893 3952 sit,
2957 3889 3037 3942 vel
3074 3899 3224 3945 certe
3292 3893 3361 3945 ab

1787 3980 1965 4047 aliqua
2021 3995 2125 4031 non
2165 3978 2476 4031 tuanul‘acta
2508 3979 2717 4045 pictura
2774 3979 3072 4047 descripta,
3103 3992 3158 4033 ttt
3193 3996 3356 4050 supra

1786 4073 2053 4126 dicebant.
2116 4073 2345 4125 Servant
2390 4085 2506 4124 eam
2566 4070 2725 4122 hodie
2768 4070 2819 4121 in
2869 4084 2970 4123 suo
3010 4072 3208 4140 templo
3234 4075 3363 4127 relia

1784 4164 1923 4231 giosi
1974 4163 2141 4216 beatae
2183 4162 2420 4228 Virginis
2452 4178 2480 4214 c
2510 4172 2693 4213 monte
2725 4160 2995 4223 Carmelo,
3024 4164 3182 4229 eique
3214 4165 3356 4217 diem

1785 4256 2077 4308 solemnem
2129 4265 2295 4321 agunt
2355 4252 2668 4307 Decembris
2716 4253 2804 4306 die
2842 4263 3055 4314 octato,
3090 4256 3180 4322 qui
3238 4258 3357 4310 dies

1785 4346 2027 4414 ejusdem
2054 4345 2293 4415 Virginis
2319 4344 2663 4397 immaculato
2708 4343 2989 4410 conceptni
3030 4345 3361 4398 Celebrando

1768 4444 2033 4513 sacratus
2083 4441 2187 4487 est.
2246 4432 2432 4487 Tradit
2476 4433 2527 4485 in
2576 4430 2706 4484 Idea
2759 4433 2932 4499 operis
2974 4431 3038 4484 de
3069 4430 3170 4485 SS.
3228 4433 3367 4487 Sici-

1783 4528 1870 4581 lia:
1927 4525 2183 4581 Octavius
2254 4525 2568 4586 Caetanus,
2624 4524 2967 4577 Tauromenii
3037 4526 3209 4590 primo
3279 4527 3365 4580 die

1785 4617 2123 4687 Septembris
2163 4616 2427 4670 celebrari
2456 4616 2654 4670 festum
2701 4615 2949 4683 imaginis
2979 4615 3221 4684 Deipara:
3250 4634 3358 4672 non

1785 4707 2147 4775 tuanul'actte;
2199 4708 2343 4777 quod
2377 4722 2509 4761 sane
2542 4708 2684 4761 unde
2731 4708 3003 4775 acceperit
3037 4710 3363 4765 mihiadhuc

1784 4804 2072 4869 ignotum:
2109 4800 2204 4854 sed
2258 4815 2378 4853 cum
2433 4799 2521 4854 ille
2554 4800 3001 4868 diligentissimus
3050 4800 3210 4853 fuerit
3280 4802 3367 4855 Si-

1782 4888 2087 4941 ciliensium
2133 4902 2309 4941 rerum
2355 4888 2422 4939 ad
2478 4888 3122 4942 sanctornutSiculornnt
3154 4892 3354 4945 cultum

1782 4978 2162 5047 pertinentium
2211 4980 2512 5045 indagator,
2580 4980 2631 5030 id
2675 4995 2849 5047 neque
2890 4982 3132 5036 refellere
3161 4986 3353 5048 debeo,

1784 5086 1884 5124 nec
1933 5080 2107 5123 tamen
2166 5068 2433 5122 aﬂirmare
2493 5085 2734 5138 possunt.
2785 5070 2916 5124 Nam
3005 5072 3356 5131 Tauromenii

1784 5164 2011 5217 moranti
2064 5162 2191 5215 mihi
2223 5173 2276 5215 et
2325 5162 2390 5216 de
2410 5176 2471 5215 eo
2512 5162 2648 5215 festo
2695 5162 2781 5215 die
2826 5164 3146 5221 sciscitanti.
3206 5169 3341 5221 nihil

1786 5254 2063 5308 traditum.
2111 5254 2211 5306 uisi
2249 5254 2332 5305 die
2386 5253 2529 5305 dicto
2576 5253 2895 5308 Decembris
2925 5238 3119 5309 octavo
3156 5258 3353 5313 festum

1783 5346 1850 5400 ad
1891 5345 2176 5413 imaginem
2227 5344 2467 5411 Deiparzn
2502 5343 2614 5411 jam
2646 5357 3023 5411 memoratam,
3057 5363 3219 5415 quam
3248 5366 3354 5405 non

1785 5436 2149 5492 manufaetam
2212 5451 2331 5489 esse
2380 5437 2539 5489 nobis
2566 5436 2974 5505 persuademus,
3026 5440 3353 5510 eodemque

1784 5529 1904 5598 ejus
1956 5528 2353 5581 imtnaculatam
2414 5526 2834 5596 Couceptionem
2883 5528 3165 5582 celebrari.
3218 5530 3356 5585 For-

1786 5634 1930 5677 tasse
1964 5636 2027 5673 ex
2089 5621 2256 5689 ipsius
2316 5618 2662 5687 Theophanis
2695 5620 2917 5673 homilia
2946 5622 3009 5674 de
3042 5620 3348 5678 lntiictione

1785 5730 1846 5768 ac
1902 5712 2025 5765 anui
2072 5712 2338 5782 principio
2389 5711 2439 5764 id
2497 5711 2763 5764 Cael-anns
2798 5712 3103 5778 collegerit:
3141 5713 3193 5765 in
3240 5728 3346 5782 qua

1793 5807 1931 5862 inter
1982 5813 2208 5858 caeteras
2271 5799 2616 5856 celebritates
2674 5798 2833 5869 primi
2871 5797 3209 5867 Septembris
3239 5799 3350 5855 diei
