4172 6432
716 372 781 439 7t
1706 354 2111 420 FRANCIFCI
2157 356 2425 413 smnsr
2468 352 2893 414 ructatum
2935 355 2981 410 t.
3905 360 3977 421 73

714 491 961 549 meminit
1005 489 1362 558 Theophanes
1415 483 1662 551 imaginis
1727 483 1864 537 diva:
1910 478 2175 546 Virginis;
2205 492 2296 529 cu-

704 588 795 655 jus
844 587 958 639 hrcc
1027 585 1186 637 verba
1238 598 1249 633 :
1296 582 1567 638 ’Ἅπαντες
1609 568 1756 628 οὗτοι
1805 575 1899 627 τοῦ
1946 572 2140 642 χρόνον)
2198 570 2296 637 τὴν

712 676 889 748 ἀρχὴν
906 678 1249 743 ἁγιάζουσενο
1272 676 1299 725 ὁ
1320 673 1417 741 μὲν
1441 671 1632 740 Σωτὴρ
1652 669 1811 739 ἡμῶν
1827 666 2033 737 Ἰησοῦς
2081 663 2299 729 εὐλογεῖ

712 766 805 820 τὸν
868 766 1131 833 στέφανον
1190 761 1463 816 ἐνιαυτοῦ.
1530 761 1595 813 Ἠ
1659 760 1714 812 δὲ
1770 758 1858 811 διὰ
1928 757 2026 823 τῆς
2092 759 2295 825 σεπτῆς

714 857 922 918 εἰκόνος
956 853 1239 922 τιμωμένη
1277 852 1551 919 πάναγνος
1586 852 1855 903 Δέσποινα
1884 847 2115 915 μεσίτης
2158 848 2295 914 πρὸς

714 948 847 999 θεὸν
904 946 1058 1013 ἡμῶν
1106 944 1342 1010 γίνεται.
1391 944 1524 1006 Quin
1577 944 1653 993 sic
1687 956 1781 993 nos
1838 939 1909 991 ibi
1966 936 2155 990 Latine
2210 937 2287 987 iit-

718 1038 995 1105 terprctati
1052 1051 1282 1090 smnus:
1337 1036 1413 1089 Ab
1460 1036 1541 1086 liis
1575 1034 1813 1086 omnibus
1865 1030 2066 1099 aliquid
2101 1028 2295 1082 sancti-

716 1132 838 1183 tatis
892 1130 945 1181 in
1005 1130 1100 1181 hoc
1139 1128 1267 1180 anni
1318 1127 1633 1194 principium
1702 1125 2003 1177 redundat:
2068 1137 2188 1173 nam
2243 1128 2292 1171 et

715 1222 968 1277 Salvator
1042 1232 1222 1274 noster
1274 1219 1512 1273 Christus
1569 1218 1726 1271 Iesus
1778 1216 2036 1270 benedicit
2082 1226 2291 1267 corottw

714 1316 840 1366 anni
876 1325 966 1367 :ct
1021 1311 1327 1367 veneranda:
1362 1310 1608 1379 imaginis
1657 1310 1913 1380 religione
1946 1308 2091 1361 culta
2138 1305 2291 1371 Virgo

712 1409 999 1477 purissima
1040 1407 1175 1458 inter
1222 1420 1315 1458 nos
1365 1414 1413 1458 et
1469 1403 1632 1457 Deum
1679 1413 1943 1470 sequestra
1995 1399 2290 1452 intercedit.

713 1499 838 1553 ιιι-ε
886 1497 1292 1566 Theophanes:
1350 1499 1440 1565 qui
1508 1512 1629 1550 cum
1686 1510 1790 1547 non
1854 1493 2089 1563 appellet
2151 1493 2290 1546 ima-

712 1590 891 1659 ginem
932 1588 1025 1642 Dei
1059 1588 1353 1643 Genitricis
1390 1588 1831 1658 ἀχειροποίητον,
1864 1601 2027 1655 quam
2054 1599 2152 1638 cur
2184 1598 2289 1637 non

712 1695 969 1749 expresse
1026 1680 1335 1743 noininarit,
1398 1678 1443 1731 si
1476 1680 1542 1732 de
1584 1694 1646 1731 ea
1677 1691 1854 1730 sermo
1900 1687 2038 1739 erat,
2078 1691 2202 1731 cum
2239 1677 2290 1729 in

712 1771 833 1823 aliis
888 1770 1125 1821 lioiniliis
1186 1777 1443 1835 tauquam
1492 1767 1684 1833 insigni
1724 1768 1960 1834 quodam
2005 1772 2061 1817 et
2089 1765 2287 1830 dequo

710 1860 1045 1927 gloriabatur
1092 1857 1265 1924 elogio
1300 1872 1419 1909 eam
1469 1856 1793 1925 designavit,
1848 1853 2045 1907 nullam
2072 1866 2289 1906 causam

710 1952 906 2004 video:
964 1959 1016 2002 et
1072 1964 1137 2002 ex
1173 1948 1341 2001 altera
1382 1959 1555 2015 parte,
1597 1963 1719 1999 cum
1781 1947 1833 1999 in
1870 1946 2070 1999 Memno
2116 1945 2289 2013 legam

711 2057 776 2095 eo
829 2042 913 2095 die
965 2039 1226 2093 celebrati
1274 2038 1495 2105 σύναξιν
1525 2040 1625 2107 τῆς
1675 2039 1983 2105 ὑπεραγξας
2026 2037 2292 2090 Θεοτὸκου

710 2135 820 2187 τῶν
885 2132 1208 2199 Μιαςηνῶν,
1266 2133 1365 2183 hoc
1389 2142 1490 2193 est,
1521 2130 1781 2199 Synaxim
1816 2146 1907 2184 seu
1940 2131 2291 2184 celebritatem

712 2225 1063 2277 sanctissima:
1096 2220 1324 2290 Virginis
1357 2220 1740 2285 Miasenorum,
1762 2224 1902 2276 haud
1925 2232 2074 2277 certe
2096 2224 2287 2290 liquet,

713 2325 767 2371 et
798 2315 849 2368 in
876 2313 1095 2382 ancipiti
1123 2328 1209 2366 res
1232 2321 1480 2365 versatur
1514 2314 1576 2364 de
1600 2313 2128 2367 Tam'onienitanane
2156 2317 2290 2367 ima-

714 2407 838 2471 gine
885 2402 1239 2470 Theophanes
1278 2402 1550 2468 loquatur,
1601 2419 1669 2456 an
1719 2406 1787 2457 de
1839 2401 2161 2457 Miasenensi
2194 2406 2297 2456 ali-

713 2513 843 2566 qua,
898 2498 964 2551 ad
1018 2511 1181 2565 quam
1221 2510 1523 2550 conventus
1542 2511 1606 2549 eo
1640 2497 1727 2550 die
1762 2499 1936 2565 primo
1962 2497 2295 2565 Septembris

713 2587 1108 2649 celebraretur,
1147 2587 1220 2638 uti
1280 2585 1365 2639 hic
1404 2585 1654 2639 Panormi
1701 2598 2021 2642 consuetum
2086 2601 2164 2641 est
2210 2590 2296 2643 die

715 2677 955 2732 secundo
1000 2674 1125 2730 Julii
1193 2685 1259 2727 ad
1325 2684 1499 2730 beatzc
1550 2673 1810 2744 Virginis,
1869 2692 2029 2743 quam
2093 2674 2298 2729 Gratia:

716 2770 1067 2839 appellamus,
1118 2768 1429 2839 imaginem,
1491 2778 1547 2821 et
1592 2768 1658 2821 ad
1708 2768 1843 2822 alias
1880 2768 1987 2821 alio
2027 2778 2292 2836 tempore,

714 2872 768 2916 et
809 2862 1005 2930 oppido
1051 2860 1360 2930 liujusmodi
1402 2861 1669 2928 imagines
1711 2861 2048 2913 venerabiles
2102 2861 2294 2928 agitari

714 2954 832 3009 dies
869 2953 988 3008 festi
1024 2953 1217 3011 solent.
1279 2954 1567 3022 Equidem,
1612 2958 1670 3006 ut
1699 2952 1833 3015 dixi,
1892 2967 1989 3007 nec
2044 2951 2297 3007 refellere

715 3045 1081 3114 conjecturam
1129 3046 1339 3103 Octavii
1392 3046 1640 3111 Caetani,
1692 3059 1791 3098 nec
1851 3045 2143 3109 allii-mare,
2199 3044 2294 3099 sed

672 3124 677 3125 γ
713 3152 833 3191 eam
855 3137 1089 3190 hominis
1121 3140 1443 3192 auctoritate
1478 3136 1666 3190 fultam
1701 3137 1752 3188 in
1784 3137 1961 3190 medio
1984 3137 2295 3204 relinquere

715 3231 903 3285 statui.

910 3368 937 3439 §
976 3366 1060 3421 IV.
1103 3367 1346 3436 Dignitas
1378 3376 1426 3421 et
1466 3367 1652 3419 titulus
1693 3365 2093 3434 archiepiscopi.

785 3502 921 3556 Cum
955 3503 1006 3554 in
1040 3499 1287 3555 omnibus
1332 3501 1442 3555 fere
1492 3516 1627 3556 mss.
1656 3502 2060 3568 exemplaribus
2107 3501 2298 3554 hartnn

716 3592 1087 3653 humiliaruin,
1139 3608 1260 3661 qua:
1307 3595 1358 3647 in
1403 3593 1777 3647 celeberrimis
1831 3594 2057 3659 EurOpai
2106 3592 2301 3646 biblio-

718 3684 909 3746 thecis,
957 3681 1239 3749 Vaticana,
1279 3682 1644 3753 l‘liSpaniensi,
1682 3684 2081 3736 Parisiensihus
2128 3684 2302 3738 tribus

715 3783 1090 3838 asscrvantur,
1128 3789 1190 3827 ex
1237 3776 1435 3843 quibus
1485 3775 1569 3829 vel
1622 3776 1864 3844 integras
1915 3776 2185 3834 liomilias.
2222 3776 2302 3827 vel

715 3879 905 3919 earmn
954 3864 1241 3918 elenchum
1291 3867 1679 3933 transcriptum
1728 3866 2053 3929 amicorum,
2084 3866 2175 3934 qtti
2214 3864 2305 3917 lit-

720 3955 851 4010 teris
898 3963 953 4008 et
997 3954 1250 4009 litteratis
1304 3956 1546 4009 fautores
1602 3968 1722 4008 esse
1772 3969 1831 4009 se
1877 3954 2105 4024 professi
2154 3962 2302 4019 sunt,

720 4060 887 4115 opera
943 4044 1184 4099 nancisci
1238 4046 1425 4113 potui.
1488 4044 1675 4098 titulus
1731 4045 2167 4114 archiepiscopi,
2222 4044 2305 4097 Vt'l

719 4138 957 4192 auctoris
988 4137 1189 4190 nomini
1214 4138 1285 4190 sit
1308 4143 1599 4205 ascriptus,
1627 4139 1715 4191 ubi
1744 4142 2060 4192 nominatur
2089 4148 2303 4203 auctor,

718 4232 801 4283 vel
829 4229 1004 4283 solum
1034 4230 1088 4282 in
1116 4228 1334 4296 scriptis
1362 4240 1554 4284 auctor
1582 4230 1979 4300 archiepiscopi
2007 4229 2307 4283 Taurome-

721 4321 893 4376 nitani
943 4320 1321 4389 appellatione,
1348 4320 1403 4374 in
1434 4336 1541 4387 quo
1572 4322 1751 4374 omnia
1780 4321 2154 4384 consentiunt,
2184 4336 2305 4375 cum

724 4413 779 4467 in
827 4412 1043 4465 nomine
1089 4411 1401 4481 discrepent
1442 4410 1531 4481 (de
1563 4426 1671 4480 quo
1701 4414 1877 4466 dicam
1920 4412 2193 4467 Prommio
2224 4428 2308 4467 se-

720 4505 953 4574 quenti),
995 4520 1099 4558 non
1139 4512 1343 4560 temere
1386 4505 1601 4558 videtur
1649 4505 1757 4559 illis
1784 4506 2094 4576 abroganda
2140 4507 2303 4571 lides;

724 4597 961 4663 alioquin
987 4597 1148 4650 etiam
1179 4597 1361 4651 omnis
1393 4598 1527 4651 lides
1553 4607 1800 4652 veterum
1833 4607 2306 4654 monumentorum

722 4692 992 4752 intereat,
1055 4705 1176 4744 cum
1242 4701 1418 4743 tamen
1478 4691 1778 4745 doctissimi
1830 4692 2129 4760 scriptores
2186 4707 2305 4749 eam

724 4780 927 4835 salvam
976 4794 1039 4833 ae
1088 4779 1299 4833 ﬁrmam
1351 4794 1473 4833 esse
1520 4781 1820 4846 voluerint,
1871 4782 1962 4851 qui
2010 4782 2062 4835 in
2115 4799 2308 4838 monu-

726 4871 921 4924 mentis
952 4870 1067 4925 suis
1102 4872 1317 4925 excusis
1352 4871 1499 4924 illum
1527 4873 1921 4942 archiepiscopi
1959 4873 2169 4928 titulum
2202 4890 2309 4930 non

726 4961 831 5015 alia
880 4977 1041 5029 quam
1089 4977 1154 5016 ex
1201 4977 1333 5016 mss.
1383 4962 1490 5018 lide
1544 4972 1598 5018 et
1645 4964 1968 5019 auctoritate
2026 4974 2309 5036 acceptum

727 5053 1014 5106 ediderunt
1061 5068 1074 5105 :
1126 5053 1419 5108 cardmalis
1464 5055 1731 5110 Baronius
1778 5064 1910 5111 tom.
1952 5055 2044 5121 IX,
2074 5056 2312 5114 Jacobus

726 5142 1017 5199 Gretserus
1082 5152 1213 5196 tom.
1246 5142 1286 5196 ll
1324 5143 1397 5198 De
1426 5162 1611 5211 cruce;
1654 5146 1977 5205 Franciscus
2011 5149 2312 5206 Turrianus

727 5236 821 5291 lib.
841 5246 1023 5289 contra
1044 5234 1513 5306 Maydeburgenses
1532 5240 1717 5295 lueret.
1739 5256 1832 5309 pro
1848 5259 2037 5298 canon.
2059 5245 2307 5312 apostol.,

728 5348 849 5403 cap.
895 5332 959 5400 6;
1011 5334 1281 5388 Antonius
1334 5332 1663 5392 Possevinus
1697 5338 1749 5391 in
1793 5338 2089 5407 Apparatu,
2126 5351 2180 5395 et
2220 5343 2308 5395 alii

726 5440 959 5496 quorum
989 5427 1299 5481 testimonia
1329 5428 1657 5485 contulimus
1683 5428 1738 5483 in
1765 5428 1873 5487 line
1906 5432 2097 5487 horum
2128 5433 2313 5489 Prom-

728 5520 982 5573 miorum.
1019 5518 1116 5572 Est
1147 5522 1313 5591 igitur
1339 5522 1629 5577 asserenda
1662 5524 1843 5594 potius
1874 5524 1987 5581 hac
2016 5526 2313 5582 Taurome-

730 5612 929 5667 nitana:
956 5611 1212 5667 Ecclesiae
1259 5614 1520 5682 dignitas,
1555 5618 1850 5683 quaa‘salis
1884 5619 2060 5687 ampla
2097 5630 2199 5688 est,
2230 5632 2314 5675 ut-

729 5715 856 5774 pote
901 5706 970 5761 ab
1017 5708 1134 5774 ipso
1182 5705 1239 5760 S.
1287 5705 1446 5763 Petro
1490 5711 1817 5777 toonstituta,
1863 5722 1921 5769 ut
1967 5712 1994 5784 §
2045 5713 2086 5768 ll
2134 5715 2313 5771 disse-

731 5794 961 5863 ruimus,
994 5806 1047 5852 et
1078 5813 1105 5849 a
1138 5812 1225 5852 me
1257 5810 1377 5866 quae
1406 5814 1526 5856 mea
1561 5816 1690 5872 pars
1728 5804 1899 5862 virilis
1932 5812 2038 5874 est,
2069 5805 2135 5861 ab
2161 5807 2309 5863 omni

2406 480 2512 530 erit
2558 477 2864 546 subreptitii
2919 456 3055 530 tittili
3109 484 3227 528 nota
3261 484 3310 529 et
3344 472 3662 542 arrogantiae
3712 473 3987 527 calumnia

2405 568 2747 623 vindicanda.
2777 568 2925 621 lianc
2954 570 3097 621 enim
3126 578 3303 619 notam
3334 566 3653 633 impressam
3679 578 3771 617 seu
3804 566 3986 626 μανίη-ε

2405 659 2637 712 inustam
2674 660 2745 712 illi
2778 660 2936 713 video
2981 662 3031 711 itt
3078 658 3276 711 Nolitia
3327 657 3580 711 Ettilcsim
3624 654 3988 708 Tattmtneuio

2407 759 2562 813 tante,
2613 767 2772 816 quam
2824 751 2993 804 edidit
3042 761 3172 803 tom.
3226 750 3265 801 ΙΙ
3317 750 3461 802 dum.
3519 747 3766 802 Bocchus
3820 747 3981 809 Pirri,

2404 844 2571 896 abbas
2592 842 2836 910 Netiuus,
2860 844 2925 897 de
2948 843 3145 897 Siciliae
3172 843 3427 897 ECCIC>iiS
3450 851 3537 896 sat
3560 845 3692 895 bene
3720 841 3942 893 meritus
3967 858 3983 891 :

2401 934 2493 985 sed
2538 948 2641 985 non
2689 942 2798 986 tam
2842 935 2909 986 ab
2954 937 3071 1003 ipso
3118 934 3230 987 [nec
3280 935 3525 1002 imposita
3563 941 3688 986 nota
3720 946 3878 999 quam
3916 931 3987 982 ni)

2406 1021 2629 1074 Alberto
2681 1019 2915 1087 Pii-colo,
2968 1023 3057 1091 qui
3109 1022 3181 1076 illi
3234 1022 3489 1092 imposuit
3538 1036 3553 1072 :
3604 1036 3712 1088 quo
3760 1028 3987 1073 auctore

2403 1113 2593 1167 scribit
2640 1112 2779 1166 Pirri
2839 1114 3158 1168 Zachariam
3211 1115 3616 1168 schismatieum
3672 1113 3988 1179 cpiScnpnin

2404 1204 2747 1258 Tauromenii
2774 1221 2802 1257 a
2832 1206 3024 1259 Photio
3061 1206 3452 1273 archiepiscolii
3493 1205 3986 1266 nomenclatorum,

2402 1298 2547 1365 quod
2580 1307 2723 1351 esset
2753 1312 2917 1366 Opera
2948 1299 3087 1352 male
3120 1299 3187 1352 ab
3218 1300 3306 1351 illo
3330 1297 3539 1358 collata,
3566 1310 3621 1349 et
3652 1295 3987 1350 delensionis

2404 1390 2639 1454 partium
2671 1387 3055 1443 Pbotianarum
3089 1393 3318 1458 pretium
3349 1391 3496 1459 prius
3529 1404 3837 1456 repensum.
3868 1387 3982 1438 Sed

2403 1480 2543 1533 unde
2570 1480 2672 1532 hoc
2698 1482 2904 1550 accepit
2931 1479 3212 1535 Piecolus?
3236 1497 3345 1549 quo
3373 1481 3631 1550 producto
3662 1479 3981 1533 tes:iinonio

2404 1570 2453 1622 id
2487 1572 2758 1643 alliciunt?
2791 1571 3029 1626 Primum
3067 1575 3233 1633 enim,
3268 1575 3311 1627 si
3345 1574 3391 1629 is
3431 1584 3660 1642 ponatur
3693 1575 3979 1639 episeopus

2404 1654 2749 1717 Tauromcnii
2782 1666 2948 1721 fuisse
2970 1666 3282 1731 Zat'harias,
3307 1668 3395 1735 qui
3422 1676 3779 1736 cognomento
3804 1669 3987 1717 dictus

2403 1768 2486 1810 est
2518 1757 2740 1823 κωφός,
2790 1758 2842 1812 id
2871 1768 2953 1812 est
2985 1763 3198 1821 surdus,
3234 1771 3383 1815 certe
3415 1759 3461 1814 is
3489 1775 3516 1812 a
3548 1757 3736 1811 Photio
3781 1774 3883 1811 non
3924 1759 3993 1808 ti-

2407 1847 2576 1897 tulum
2614 1850 3011 1918 archiepiscopi
3050 1868 3146 1919 pro
3190 1868 3286 1905 sua
3333 1852 3575 1907 Ecclesia
3629 1853 3856 1915 accepit,
3890 1851 3989 1903 scd

2404 1938 2741 2007 metropolita
2775 1939 3137 2017 Chalcedonis
3173 1952 3425 2009 creatus;
3464 1945 3605 2009 quod
3645 1942 3995 2012 apertissime

2406 2034 2625 2100 scripsit
2676 2026 3104 2088 Nicetas'David
3153 2037 3207 2088 in
3257 2034 3377 2089 Vita
3427 2036 3485 2090 S.
3536 2036 3747 2105 lgnatii,
3797 2042 3992 2089 contra

2405 2136 2565 2192 quem
2621 2123 2845 2180 Pbotius
2906 2137 3013 2179 tam
3068 2128 3415 2194 pertinaciter
3462 2129 3762 2193 a-erbeqne
3816 2128 3991 2193 depu-

2404 2217 2629 2283 gnavit,
2698 2218 2933 2285 scriptor
2998 2233 3186 2270 eorum
3253 2228 3598 2285 temporum,
3658 2219 3751 2286 qui
3806 2219 3995 2270 omnia

2405 2305 2465 2360 3.
2517 2306 2709 2377 Ignatii
2763 2310 3062 2362 certamina
3118 2310 3528 2378 diligentiSsitnc
3573 2311 4000 2375 lidclissimeqne

2405 2412 2725 2468 persecutus
2774 2411 2857 2455 est
2906 2418 2919 2453 :
2972 2402 3127 2469 cujus
3173 2403 3397 2455 historia
3446 2405 3601 2455 initio
3651 2414 3741 2456 \lll
3796 2402 3996 2469 synodi

2409 2507 2504 2560 pro
2531 2506 2693 2547 causa
2721 2494 2819 2547 hac
2842 2492 2899 2547 S.
2928 2494 3119 2562 lgnatii
3146 2503 3199 2548 et
3225 2495 3400 2548 Photii
3430 2496 3698 2547 celebrata
3726 2498 3995 2563 impressa

2405 2593 2508 2638 est.
2552 2585 2626 2637 De
2656 2583 2854 2637 Photio
2883 2586 3067 2654 itaque
3109 2585 3190 2638 sic
3225 2585 3415 2638 scribit
3448 2602 3462 2637 :
3500 2584 3595 2637 llis
3631 2586 3720 2637 ille
3750 2584 3998 2634 omnibus

2404 2680 2719 2742 procuratis,
2764 2679 2954 2729 insana
2996 2688 3043 2728 et
3087 2678 3342 2742 sacrilega
3383 2691 3475 2741 per
3506 2673 3781 2726 Zacharias
3823 2674 3877 2726 Ci
3901 2674 3999 2737 ptri

2403 2784 2640 2833 manum,
2679 2768 2768 2834 qui
2830 2765 2895 2817 ab
2964 2767 3079 2833 ipso
3146 2765 3588 2819 Chalcedonensis
3659 2765 3997 2827 metroporira

2405 2870 2609 2912 creatas
2662 2860 2858 2925 fuerat,
2902 2866 2954 2909 et
3008 2857 3336 2909 Theodorum
3386 2859 3701 2908 translatum
3749 2872 3779 2906 a
3826 2852 3998 2906 Caria

2407 2952 2475 3004 ad
2513 2950 2886 3004 Laudicensem
2930 2951 3285 3016 episcopatum
3331 2950 3383 3002 iu
3420 2948 3633 3000 Italiam
3678 2948 3994 2999 transmisit.

2406 3041 2482 3093 Ex
2532 3042 2617 3094 his
2663 3056 2791 3094 sane
2840 3041 3046 3093 nullum
3095 3042 3317 3093 subesse
3366 3040 3588 3093 dubium
3645 3050 3817 3106 piniSt
3859 3039 3997 3103 quin

2406 3130 2698 3186 Zacharias
2745 3133 2832 3185 ille
2878 3132 2968 3200 qui
3016 3132 3233 3201 (Sophus
3282 3141 3640 3200 cognomento
3676 3131 3849 3181 dictus
3882 3140 3995 3191 est,

2406 3239 2516 3277 non
2567 3223 2914 3277 Tauromenii
2964 3224 3250 3292 episcopus
3297 3235 3421 3277 ante
3472 3223 3655 3287 fuerit,
3709 3222 3802 3276 sed
3853 3236 3999 3274 nova

2405 3314 2769 3371 Chalcedonis
2800 3315 3158 3383 metropolitce
3207 3315 3469 3384 dignitate
3514 3315 3763 3368 donatus.
3802 3315 4000 3379 Atqui,

2408 3408 2638 3476 inquies,
2670 3407 2738 3461 ab
2768 3409 3079 3475 episcopatu
3111 3405 3571 3461 Tauromenitano
3613 3417 3892 3474 promatus
3925 3408 4001 3459 ad

2408 3498 2925 3553 Chalcedonensem.
2975 3497 3081 3551 Sed
3127 3515 3231 3551 non
3274 3500 3375 3553 hoc
3406 3500 3626 3552 verbum
3660 3501 4007 3568 χειροτονεῖν

2410 3606 2519 3660 quo
2548 3606 2677 3645 usus
2706 3590 2896 3656 David,
2919 3592 3223 3658 signitirare
3251 3600 3447 3659 potest,
3473 3592 3567 3645 sed
3594 3593 3677 3646 vel
3708 3593 4007 3656 designare

2410 3686 2744 3753 episcopum,
2775 3683 2860 3736 vel
2890 3698 3248 3748 consecrare;
3285 3683 3427 3753 quod
3462 3700 3527 3738 ex
3561 3686 3675 3752 ipsa
3710 3683 3917 3736 ratione
3946 3693 4011 3737 et

2411 3785 2590 3845 etymo
2628 3775 2868 3828 nominis
2897 3776 3039 3841 quod
3088 3789 3340 3826 manuum
3389 3777 3789 3842 impositionem
3826 3774 4012 3827 mani-

2413 3869 2553 3923 feste
2591 3868 2829 3931 denotat,
2867 3876 2919 3921 et
2949 3884 3012 3921 ex
3045 3868 3165 3921 aliis
3199 3868 3583 3937 scriptoribus,
3613 3866 3815 3923 Jacobo
3840 3867 4012 3923 Gret-

2413 3975 2555 4027 sero,
2580 3959 2787 4014 Joanne
2813 3960 2880 4015 de
2907 3959 2954 4012 la
2982 3957 3177 4023 Cerdo,
3204 3958 3366 4014 Petro
3391 3960 3647 4024 Arcudio,
3683 3962 4009 4029 presbytero

2413 4049 2758 4120 Cori-yrensi,
2799 4050 2891 4117 qui
2937 4049 3005 4103 de
3037 4050 3142 4101 ritu
3188 4058 3654 4102 sacramentorum
3688 4046 4012 4100 Cra-corum

2415 4140 2661 4196 volumen
2698 4140 2965 4208 integrum
3005 4139 3244 4206 scripsit,
3294 4139 3367 4193 ita
3418 4149 3626 4193 certum
3675 4151 3797 4193 esse
3842 4138 4016 4192 debet

2414 4234 2587 4287 cuivis
2623 4233 2973 4285 mediocriter
3006 4231 3193 4285 Graece
3224 4230 3438 4292 scienti,
3472 4240 3530 4283 ut
3564 4230 3617 4284 id
3658 4230 3888 4299 probare
3929 4232 4016 4285 sit

2414 4339 2577 4394 opera
2601 4325 2780 4391 abuti;
2804 4334 2857 4378 et
2877 4338 3083 4393 quaeso,
3110 4324 3177 4375 ab
3201 4323 3554 4390 sequentibus
3576 4322 3779 4383 verbis,
3806 4321 4017 4391 quibus

2416 4416 2758 4472 Theodorum
2802 4415 3126 4468 translatum
3158 4428 3187 4464 a
3215 4413 3374 4467 Caria
3414 4413 3741 4466 Laodiceam
3786 4412 4011 4476 scribit,

2414 4512 2468 4565 in
2499 4523 2604 4578 quo
2632 4523 2762 4561 usus
2792 4508 2956 4559 verbo
2985 4504 3360 4575 μετατιθέναι,
3399 4520 3504 4557 non
3534 4506 3584 4557 id
3618 4513 3767 4557 certo
3798 4502 4015 4557 certius

2415 4599 2674 4668 apparet!
2702 4598 2839 4653 Cum
2865 4597 3006 4652 enim
3034 4599 3334 4651 secundum
3366 4612 3624 4667 expresse
3649 4598 3792 4652 dicat
3821 4606 4017 4649 trans—

2418 4694 2619 4757 latum,
2667 4698 2722 4745 et
2776 4691 2995 4760 proprio
3045 4700 3227 4743 utatur
3262 4692 3454 4752 verbo,
3509 4691 3575 4741 de
3622 4689 3798 4757 primo
3850 4696 4019 4742 certo

2418 4786 2794 4857 accipiendum
2848 4794 2934 4839 est
2982 4783 3149 4837 fuisse
3203 4796 3479 4846 creatum,
3530 4782 3729 4851 quippe
3775 4795 3900 4832 cum
3951 4791 4022 4834 ut

2418 4884 2631 4935 diversa
2680 4881 2916 4947 scriptor
2942 4895 3002 4931 ea
3053 4877 3365 4930 tradiderit.
3403 4875 3607 4929 Deinde
3649 4876 3789 4942 apud
3826 4873 4022 4926 Lenn-

2418 4972 2652 5027 clavium
2672 4972 2748 5026 De
2767 4971 2892 5039 jure
2924 4967 3300 5023 Gnaeo-Rom.
3330 4976 3505 5021 exstat
3537 4974 3699 5036 caput
3731 4967 3795 5019 de
3827 4976 4021 5020 trans-

2420 5046 2619 5121 laiione
2670 5064 3026 5119 Orientalium
3088 5062 3508 5132 episcoporum,
3558 5059 3612 5112 in
3659 5074 3767 5127 quo
3814 5075 4021 5114 omncs

2420 5159 2668 5214 translati
2702 5158 2937 5226 episc0pi
2974 5164 3387 5217 enumerantur,
3418 5155 3527 5221 jam
3563 5152 3683 5206 inde
3714 5168 3743 5205 a
3776 5151 3833 5205 S.
3867 5150 4015 5205 Gre-

2418 5254 2573 5323 gorio
2600 5250 3001 5314 Nanzianzeno,
3021 5248 3113 5316 qui
3139 5262 3201 5303 ex
3231 5246 3459 5302 Sasitnis
3480 5243 4014 5312 Constantinopolim

2420 5344 2719 5399 translatus
2762 5355 2869 5404 est,
2904 5357 3076 5411 usque
3104 5342 3170 5394 ad
3204 5339 3521 5409 Gregorium
3567 5340 3873 5401 Asbesmm,
3913 5341 4017 5406 qui

2420 5436 2593 5505 ipsius
2639 5435 2952 5491 schismatis
2991 5432 3239 5487 Photiani
3288 5447 3475 5495 causa,
3526 5430 3756 5484 Nicaeam
3793 5430 3861 5481 ab
3892 5429 4022 5498 ipso

2420 5529 2616 5582 Photio
2657 5528 2953 5581 translatus
2984 5526 3171 5580 eodem
3210 5523 3396 5577 Niceta
3442 5523 3645 5577 llavide
3695 5523 4018 5588 scribente;

2420 5638 2523 5677 nec
2575 5620 2682 5675 ulla
2733 5621 2790 5675 in
2829 5635 2895 5674 eo
2925 5618 3100 5687 capite
3150 5616 3354 5671 mentio
3406 5615 3656 5671 translati
3706 5615 4021 5669 Zachariae.

2422 5714 2520 5769 Est
2569 5712 2735 5784 igitur
2783 5720 2894 5766 tam
2947 5709 3293 5765 manifestum
3342 5706 3662 5761 Zachariam
3711 5708 3862 5759 illum
3903 5706 4023 5761 Co-

2427 5807 2597 5879 phum
2634 5821 2741 5863 non
2773 5805 3167 5875 archiepiscopi
3204 5803 3448 5869 titulum,
3478 5802 3716 5858 scd.reni
3751 5810 3801 5856 et
3834 5801 4028 5872 digni-
