4172 6432
126 420 173 481 73
1033 402 1429 464 FRANCISCI
1474 398 1731 459 SCORSI
1779 398 2204 459 l’liOtEMlUM
2262 399 2304 457 l.
3230 393 3298 455 Ἠ

126 541 238 581 mem
280 524 625 594 metropolitte
676 522 948 590 recepisse
988 532 1016 570 a
1048 516 1261 579 Photio,
1295 525 1352 568 ut
1386 513 1623 569 dubitari
1666 584 1673 591 .

124 620 262 671 inerito
286 633 385 670 non
416 622 602 686 possit.
634 613 737 668 Sed
774 623 952 667 tamen
986 612 1036 663 in
1066 610 1165 664 hac
1195 607 1355 662 etiam
1386 617 1623 660 erratum

122 718 177 759 est
212 707 253 758 in
290 705 544 758 Zacharia
582 719 609 755 a
657 703 889 765 Piccolo,
940 717 1007 755 an
1054 700 1190 754 Pirri
1240 698 1453 752 dicam?
1487 692 1626 763 quod

123 800 344 867 episcopus
408 796 754 851 Tauromenii
813 793 1101 847 Zacharias
1160 790 1378 857 Cephus
1437 788 1505 841 ab
1564 800 1627 838 c0

125 896 277 945 linitur
294 891 581 946 Zacharias
609 892 697 945 ille
718 891 809 960 qui
833 889 1121 958 episcopus
1143 884 1630 939 Taurouteuitanus

122 985 287 1037 [lunam
332 983 536 1037 missus
581 986 634 1034 in
684 996 845 1035 causa
890 980 1083 1042 Pltotii,
1129 976 1483 1031 similitudine
1534 988 1628 1026 uo-

123 1077 237 1125 miuis
275 1074 380 1127 lalsi
416 1086 541 1128 sunt
570 1076 643 1126 illi
690 1073 1005 1142 scriptores,
1053 1085 1157 1123 non
1206 1059 1629 1134 onmia'peuitus

122 1168 221 1219 illius
246 1182 324 1220 vni
368 1166 560 1235 synodi
600 1175 719 1219 acta
754 1167 1067 1233 scriptaque
1109 1159 1627 1229 circumspicientes.

125 1257 204 1311 Duo
234 1259 414 1328 quippe
463 1258 740 1312 Zachariae
785 1258 1024 1309 fautores
1073 1252 1253 1307 Photii
1300 1252 1474 1317 luere,
1513 1250 1632 1305 dua:

127 1351 357 1418 legationes
383 1348 609 1402 Romam
642 1352 837 1403 missze.
860 1348 1035 1401 Prima
1063 1360 1146 1401 est
1167 1363 1229 1400 ea
1257 1360 1376 1414 qua:
1400 1343 1633 1398 refertur

126 1441 356 1493 aBaronio
404 1456 546 1493 anno
594 1440 699 1495 859
743 1441 882 1494 etin
916 1455 1011 1493 VIII
1056 1438 1284 1509 synodo,
1330 1444 1436 1490 act.
1492 1437 1541 1499 1,
1579 1437 1631 1490 in

124 1548 194 1595 qua
229 1548 252 1583 ι
293 1532 473 1602 legatis
522 1532 781 1586 Romana:
816 1531 973 1586 Sedis
1023 1533 1395 1598 interrogante
1441 1536 1631 1582 senatu

122 1626 203 1679 hac
242 1639 483 1695 respousa
536 1632 712 1678 sunt:
751 1622 1005 1675 Primitus
1055 1621 1243 1674 missus
1288 1628 1365 1672 est
1412 1618 1635 1672 Arsabir

121 1721 270 1783 legatus
301 1716 571 1769 Michaelis
601 1717 845 1781 imperat.
873 1723 921 1767 et
952 1727 1069 1765 cum
1097 1727 1155 1764 eo
1184 1712 1328 1763 missi
1358 1721 1477 1762 sunt
1507 1724 1636 1777 qua-

120 1824 203 1859 mor
237 1810 439 1875 τριπομὶ
484 1808 726 1876 (nomina
772 1821 951 1859 eorum
997 1803 1351 1872 ignoramus),
1395 1800 1633 1869 deferens

120 1916 245 1950 nam
268 1913 308 1953 et
331 1898 603 1967 epistolam
632 1900 825 1967 regiam
852 1896 1232 1964 signiﬁcantem
1261 1894 1314 1945 in
1338 1908 1391 1945 se
1420 1906 1632 1944 causam

120 2002 313 2042 hereseos
363 1991 675 2058 imaginum,
722 1997 773 2040 et
822 1989 876 2039 in
922 1985 1028 2053 ﬁne
1075 1987 1367 2039 litterarum
1422 1984 1632 2037 illarum

120 2082 411 2134 ostntdentem
429 2084 591 2136 etiam
612 2080 962 2147 expulsionem
984 2079 1301 2131 sanctissimi
1320 2073 1637 2141 patriarcha:

120 2173 289 2237 lgnatii.
313 2173 385 2225 Ad
420 2187 583 2241 quem
620 2172 799 2226 locum
828 2170 967 2222 hanc
1003 2177 1185 2221 notam
1215 2166 1462 2233 adjunait
1489 2166 1635 2217 Ana-

121 2268 272 2317 slaiius'
299 2265 576 2325 B.blioth.,
618 2264 733 2332 ejus
760 2260 951 2331 synodi
983 2259 1215 2327 scriptor
1241 2267 1296 2311 et
1324 2257 1476 2311 testis
1504 2271 1635 2310 ocu-

118 2355 249 2408 latus:
272 2353 487 2423 Urgeute
515 2353 633 2405 illos
654 2350 934 2419 proposita
956 2350 1232 2403 locutionis
1256 2347 1635 2415 prosecutione,

118 2453 280 2503 nomina
303 2453 661 2519 episcoporum
689 2451 763 2502 eis
799 2450 867 2502 ad
898 2448 1204 2503 memoriam
1236 2460 1498 2499 recurrere
1529 2453 1635 2495 tam

117 2546 264 2595 comite
292 2559 387 2595 non
415 2553 701 2609 potuerunt
730 2558 747 2594 .'
775 2543 958 2609 quibus
1004 2549 1179 2591 tamen
1221 2536 1434 2588 nomina
1463 2544 1636 2598 erant,

119 2634 356 2688 lla/rodios
396 2632 728 2697 metropolita
770 2630 1175 2699 Gangrensium,
1208 2625 1421 2681 Samuel
1462 2624 1640 2680 Conn-

118 2743 200 2775 ram
228 2730 507 2793 episcopus,
546 2723 857 2791 Theophilus
886 2723 1072 2786 lconii,
1106 2733 1153 2775 et
1182 2719 1468 2773 Zacharias
1497 2718 1636 2772 Tau-

117 2816 286 2868 romenii
319 2815 732 2883 pseudepiscopi,
764 2814 854 2883 qui
897 2811 1207 2880 legationem
1247 2820 1295 2863 et
1333 2809 1579 2877 epistolas
1607 2826 1638 2860 ιι

120 2905 264 2960 Photio
278 2910 395 2962 διΔὶ
424 2908 735 2976 apostolica:
764 2906 1082 2959 detulerunt.
1117 2904 1241 2959 llaec
1271 2907 1591 2960 Anastasius
1621 2925 1637 2959 :

116 3012 161 3045 cl
182 3010 273 3061 quo
296 2999 439 3051 vides
467 2997 620 3049 nullo
648 2997 967 3063 cognomine
994 2995 1244 3050 allectum
1273 2994 1591 3049 Zachariam
1623 3015 1638 3049 ;

116 3100 151 3137 ει
177 3101 282 3140 sane
306 3102 369 3140 ex
410 3088 517 3142 hac
547 3087 721 3142 solum
755 3098 883 3141 nota
923 3086 1196 3140 Anastasii
1230 3088 1316 3141 hic
1352 3086 1643 3141 Zacharias

116 3174 401 3231 Tauromenii
435 3177 610 3232 fuisse
641 3178 930 3246 episcopus
962 3178 1166 3241 scitur;
1198 3187 1253 3231 et
1292 3181 1361 3230 ab
1398 3192 1462 3231 ea
1495 3193 1643 3232 sum-

117 3279 222 3323 ptum
262 3266 421 3318 refert
455 3266 726 3318 Baronius
776 3266 893 3318 loco
926 3267 1092 3318 citato
1140 3282 1156 3317 :
1201 3281 1466 3333 nusquam
1515 3281 1643 3320 \‘cro

114 3361 222 3421 almi,
251 3362 329 3413 ulti
363 3360 431 3413 de
465 3361 575 3412 hac
612 3359 878 3427 legatione
914 3358 1115 3412 mentio
1146 3357 1225 3420 lit,
1267 3370 1319 3411 et
1351 3358 1643 3412 Zacharias

115 3454 347 3518 rptscopus
388 3450 540 3503 idem
580 3450 912 3511 neminzitur,
940 3450 1431 3503 Tauromenitanus
1472 3450 1640 3503 ascri-

116 3540 237 3602 hitur,
266 3550 314 3593 ut
348 3542 398 3592 in
434 3540 709 3608 prooemio
739 3540 854 3606 ejus
883 3541 1073 3607 synodi
1112 3540 1181 3592 ab
1211 3540 1329 3603 ipso
1360 3540 1645 3592 Anastasio

116 3640 283 3693 .a'rqlto,
310 3638 361 3683 et
408 3630 463 3682 in
516 3626 646 3680 Vita
685 3627 742 3680 S.
780 3628 966 3695 lgtiatii
1000 3644 1029 3681 a
1061 3630 1281 3693 Davitle,
1330 3632 1420 3699 qui
1469 3630 1643 3683 Solum

118 3721 308 3772 mminit
341 3721 616 3781 duorum,
661 3720 948 3785 Theophili
990 3729 1045 3773 et
1091 3721 1374 3785 Samuelis,
1421 3731 1646 3775 exteros

113 3809 280 3861 Olilillll.
313 3812 492 3877 Atque
542 3810 600 3862 hi
650 3809 812 3876 legati
847 3824 875 3861 a
920 3808 1143 3863 Nicoleo
1189 3812 1202 3861 l
1251 3813 1500 3879 poutilice
1534 3814 1645 3866 ιιη-

117 3910 231 3947 mano
265 3900 425 3951 auditi
458 3910 596 3952 sunt
630 3898 686 3950 in
718 3898 933 3950 basilica
962 3897 1018 3951 S.
1056 3898 1234 3953 Mariae
1264 3901 1329 3953 ad
1378 3901 1644 3972 l’rmscpo,

114 3988 177 4036 91d
219 4002 311 4039 non
360 3990 427 4041 ad
477 3987 929 4042 communionem
982 3989 1226 4042 admissi.
1280 3991 1434 4054 Quod
1483 3992 1648 4048 refert

115 4077 235 4127 etiam
267 4077 401 4131 Pirri
436 4093 507 4131 ex
548 4076 786 4130 Baronio
821 4077 938 4130 loco
968 4077 1079 4143 jam
1119 4093 1280 4145 supra
1326 4094 1644 4136 meuorato.

116 4163 252 4217 Altera
294 4167 496 4235 legatio
537 4182 627 4221 est
678 4179 800 4236 post
852 4169 1055 4221 illatam
1094 4183 1125 4220 a
1161 4168 1381 4222 Nicolao
1427 4182 1646 4224 senten-

116 4265 224 4315 Nm,
254 4270 300 4309 et
345 4261 626 4313 inuictum
675 4263 964 4312 anathema
1011 4261 1064 4313 in
1108 4260 1378 4326 l’hotium,
1415 4277 1649 4329 eumque

115 4359 473 4403 exauctoratum
552 4348 689 4411 Quae
735 4364 896 4402 causa
948 4350 1051 4402 l'uit
1099 4366 1199 4405 cur
1230 4352 1306 4405 ira
1339 4366 1433 4405 seu
1468 4350 1650 4408 furore

116 4454 299 4509 preceps
343 4441 582 4496 Photius
634 4439 1051 4493 conciliabulum
1102 4441 1232 4494 illud
1290 4458 1447 4496 suum
1496 4444 1646 4496 ncla-

117 4547 264 4583 l-Uruul
316 4534 712 4601 episcoporum
777 4534 1047 4601 coegerit,
1115 4548 1224 4599 quo
1284 4545 1514 4589 conatus
1569 4543 1649 4587 cst

116 4619 331 4675 bicolaum
368 4625 694 4691 pontilicem
737 4627 1232 4687 excommunicare,
1264 4623 1490 4694 ejusque
1521 4640 1650 4679 con-

115 4714 295 4764 ciliabuli
344 4723 464 4767 acta
519 4728 625 4781 per
676 4710 994 4766 Zachariam
1052 4714 1290 4782 (Zophutn
1343 4716 1393 4766 in
1442 4715 1646 4769 Italiam

117 4804 379 4867 transmisit,
436 4812 497 4857 ut
554 4804 765 4857 diserte
817 4802 1008 4855 scribit
1046 4801 1263 4858 Nicetas
1320 4804 1483 4858 David
1531 4807 1649 4861 loco

114 4888 191 4953 itm
218 4910 362 4961 supra
404 4897 616 4949 relato.
659 4893 764 4946 Sed
799 4893 974 4947 adhuc
1009 4896 1315 4950 evidentius
1354 4897 1647 4951 discrimen

118 4980 216 5035 inter
253 4986 382 5041 duos
430 4985 743 5039 Zacharias
776 4986 1081 5040 ostendam.
1133 4970 1264 5042 Nam
1300 4991 1524 5057 primus,
1558 4994 1647 5063 qui

118 5077 243 5135 prima
268 5078 534 5149 legatione
566 5077 800 5131 functus
831 5078 1064 5147 legitime
1089 5080 1369 5135 ordinatus
1395 5096 1424 5135 a
1455 5082 1512 5137 S.
1542 5083 1651 5138 ble-

118 5168 252 5222 thtnlio
298 5172 656 5238 patriarcha,
705 5170 796 5237 qui
850 5168 905 5222 S.
956 5170 1161 5241 lgnatio
1213 5185 1583 5229 antecesserat
1630 5193 1643 5228 :

118 5260 332 5316 secundus
369 5278 399 5316 a
441 5262 658 5317 Photio
705 5259 1002 5329 illegitimo.
1050 5262 1188 5315 Nam
1228 5274 1335 5318 act.
1368 5279 1421 5318 tv
1465 5265 1645 5319 statim

120 5348 231 5402 luitio
274 5352 521 5407 Baaunes
575 5350 849 5419 patricius
906 5351 1083 5404 retulit
1137 5354 1201 5405 :ttl
1252 5355 1515 5423 synodum
1565 5357 1647 5411 his

122 5440 251 5493 terbis
286 5459 299 5494 :
340 5444 496 5497 Εἰσὶν
549 5443 852 5495 ἐπίσκοποι
900 5442 1261 5511 χειροτονείαν
1302 5446 1516 5512 ἔχοντες
1554 5446 1645 5499 τοῦ

123 5538 482 5601 μικςιριωτάτου
541 5535 820 5590 λίεθοδεου
872 5534 1167 5603 Θεόφιλος,
1224 5539 1317 5587 καὶ
1373 5536 1647 5606 Ζαχαρίας

124 5621 153 5669 δί
179 5623 249 5675 τὸν
276 5627 468 5682 Φὼτιον
517 5628 926 5697 ἀποδεχόμενοι
956 5643 971 5658 ο
1003 5628 1051 5679 εἰ
1094 5626 1186 5680 οὖν
1224 5626 1370 5679 δοκεῖ
1415 5627 1649 5679 εἰσελθέ-

123 5727 252 5767 τωπιν
284 5724 357 5783 εἰς
396 5724 499 5792 τὴν
558 5722 738 5790 ἁγίαν
805 5722 1186 5793 οἰκουμενικὴν
1231 5722 1468 5776 σύνοδον.
1514 5719 1647 5775 Sunt

126 5816 345 5867 :mecrati
374 5832 404 5866 a
436 5815 497 5870 S.
538 5814 596 5867 Μ
606 5813 823 5866 ethodio
858 5816 1079 5884 episcopi
1118 5813 1424 5885 Theophilus
1456 5824 1500 5869 et
1544 5810 1647 5868 Za-

270 5911 496 5969 l‘n‘uot
516 5956 531 5969 .
574 5911 711 5968 (in.
742 5908 1053 5971 CXXXII.

1743 510 1951 563 chorios
1994 514 2081 578 qui
2109 528 2227 565 cum
2259 510 2442 564 Photio
2471 510 2929 563 communicarunt
2968 527 2981 562 :
3012 509 3057 562 si
3077 509 3298 571 videtur,

1742 604 2107 669 ingrediantur
2148 606 2215 656 ad
2259 601 2316 657 S.
2349 603 2715 657 tecumenicum
2754 602 3053 655 concilium.
3119 601 3306 654 Exitus

1742 696 2003 749 sessionis
2055 694 2215 762 lmjus
2262 694 2363 747 fuit
2402 705 2459 750 ut
2507 693 2792 750 mendacio
2843 702 3027 760 aperte
3072 691 3305 744 convicti

1743 785 1929 854 Ιοῧεηῖ.
1976 786 2333 854 allirmatique
2380 786 2436 839 in
2483 801 2580 839 suo
2623 786 2914 839 schismate
2960 780 3305 847 cjircrcntur.

1741 875 1808 928 At
1855 890 1978 929 vero
2011 878 2060 929 in
2097 893 2146 930 ιι·
2190 876 2433 931 sessione
2478 876 2627 930 initio
2661 875 2808 929 ιιιίενί
2857 881 2981 927 sunt
3018 872 3250 941 episcopi
3280 886 3306 923 a

1741 968 1937 1021 Photio
1984 970 2238 1031 ordinati,
2271 977 2323 1021 ct
2365 983 2553 1020 eorum
2601 982 2761 1020 causa
2810 968 3077 1027 dlsrussa,
3123 964 3309 1032 inqua

1742 1074 1955 1127 semper
2009 1060 2315 1113 nominatur
2367 1058 2691 1122 Zacharias,
2741 1066 2801 1109 ut
2852 1055 3150 1109 Photianus
3197 1053 3313 1122 cpi-

1742 1168 1942 1219 sc0pus
1999 1161 2051 1205 ct
2120 1152 2185 1205 ah
2243 1168 2306 1205 ρο
2363 1153 2665 1207 ordinatus.
2739 1149 3012 1218 Ζαχαρίας
3072 1149 3100 1199 ὁ
3162 1146 3314 1216 παρὰ

1740 1243 1946 1297 Φωτίιυ
2018 1244 2414 1313 χειροτονηθεὶς
2488 1241 2831 1310 Χαλκηδόνος
2914 1240 3314 1310 μητροπολίτης

1742 1332 1917 1399 εἶπεν,
1958 1344 2060 1389 etc.
2103 1334 2397 1388 Zacharias
2442 1334 2877 1388 Chalcedonensis
2922 1334 3255 1400 metropolita
3285 1348 3317 1383 a

1745 1426 1933 1481 Phatio
1982 1439 2318 1482 consecratus
2385 1428 2562 1492 dixit,
2621 1436 2764 1492 etc.;
2818 1434 2870 1479 et
2925 1424 3062 1478 iul‘ra
3115 1443 3128 1478 :
3181 1424 3317 1497 Τότε

1742 1520 2115 1589 Μητροιράνης
2159 1522 2186 1572 ὁ
2224 1520 2480 1590 Σμύρνης
2524 1519 2658 1587 πρὸς
2708 1517 2985 1587 Ζαχαρίαν
3030 1516 3122 1569 τὸν
3169 1515 3319 1587 παρὰ

1742 1608 1950 1666 Φωτεου
2004 1612 2453 1681 χειροτονηθέντα
2514 1610 2858 1678 Χαλκηδόνος
2916 1606 3319 1679 μητροπολξτην

1743 1700 1888 1763 εἶπε,
1931 1702 2070 1770 πρὸς
2102 1702 2138 1755 ὃ.
2172 1702 2307 1770 ἔφης
2345 1700 2792 1769 ἀποκρινούμεθά
2826 1717 2929 1751 σοι.
2965 1699 3163 1766 Νόμοι,
3209 1707 3315 1751 etc.

1744 1792 1945 1846 Deinde
1974 1791 2342 1859 Metrophanes
2391 1790 2731 1859 Smyrnensis
2761 1789 3089 1855 ntetrOpolita
3114 1786 3321 1841 Zacha-

1743 1886 1881 1937 riam
1930 1901 1962 1936 a
2012 1884 2201 1937 Photio
2255 1894 2488 1936 creatum
2537 1881 3013 1936 Chalcedonensem
3062 1890 3322 1947 metropo-

1743 1977 1893 2029 litani
1936 1976 2265 2043 conipellavit
2298 1990 2315 2027 :
2344 1975 2421 2026 Ad
2459 1990 2519 2027 ea
2549 1990 2665 2043 quin
2702 1973 2997 2026 disseruisti
3044 1972 3322 2036 responde-

1745 2080 1884 2117 mus.
1918 2063 2099 2133 Leges,
2137 2075 2276 2127 etc.;
2322 2073 2480 2130 atque
2527 2063 2580 2115 in
2614 2063 2700 2115 his
2731 2061 3172 2115 altercationibus
3210 2062 3320 2114 lucc

1746 2156 1917 2209 sessio
1956 2165 2227 2230 protracta
2274 2164 2377 2209 est.
2425 2154 2498 2209 Ex
2539 2154 2738 2225 quibus
2783 2153 2915 2207 locis
2963 2153 3079 2208 luce
3118 2153 3321 2207 clarius

1745 2256 1965 2315 apparet
2017 2246 2338 2300 Zachariam
2389 2245 2656 2315 Cophum,
2706 2260 2865 2314 quem
2920 2244 3319 2313 metropolitani

1744 2340 2242 2394 Chalcedonensem
2277 2355 2306 2393 a
2342 2338 2533 2393 Photio
2567 2348 2947 2394 consecratum
2994 2338 3187 2392 scribit
3231 2336 3323 2389 Ni-

1747 2444 1930 2497 cetas,
1984 2447 2089 2486 non
2140 2446 2263 2485 esse
2313 2430 2632 2485 Zachariam
2682 2430 2776 2499 qui
2826 2428 3322 2484 Tuuromenitauus

1748 2527 2034 2593 episcOpus
2064 2525 2131 2578 ab
2161 2525 2450 2577 Anastasio
2484 2524 2782 2593 appellatus
2808 2534 2911 2578 est.
2948 2522 3128 2576 lledeo
3163 2520 3326 2588 igitur

1747 2632 1813 2672 eo
1842 2617 1983 2671 unde
2018 2618 2132 2671 lucc
2161 2626 2245 2671 est
2274 2616 2405 2669 inita
2450 2615 2764 2685 dESpulatio,
2800 2617 2939 2668 unde
2967 2614 3169 2683 colligit
3201 2612 3324 2665 Pic-

1750 2711 1904 2765 colus
1948 2708 2264 2762 Zachariam
2300 2706 2816 2761 Tauromenitanum
2841 2720 2868 2758 a
2893 2704 3088 2759 Photio
3112 2705 3324 2759 tiiulum

1749 2803 2140 2871 archiepiscopi
2190 2800 2499 2856 abstulisse.
2545 2802 2627 2855 At‘
2659 2800 2907 2855 fortassis
2957 2814 3024 2854 ex
3070 2815 3135 2854 eo
3183 2804 3328 2869 quod

1750 2896 1865 2964 ipse
1922 2892 2138 2948 Nicetas
2188 2909 2311 2948 cum
2358 2894 2424 2946 de
2476 2891 2653 2961 prima
2719 2892 2985 2959 legatione
3053 2890 3200 2959 agit,
3256 2890 3325 2942 ita
3408 2908 3411 2911 λ

1750 2986 1972 3050 scribit,
2028 2984 2367 3037 Ἑπιστέλ).ει
2440 2983 2622 3035 τοίνυν
2693 2983 2953 3051 Θεόφιλον
3031 2983 3331 3034 ἐπίσκοπον

1749 3075 1845 3128 τοῦ
1884 3076 1935 3128 Ἀ
1946 3075 2161 3145 μορίου,
2189 3076 2279 3128 καὶ
2308 3074 2562 3143 Σαμουὴλ
2590 3073 2893 3126 ἐπίσκοπον
2920 3074 3079 3143 ἄχρις
3116 3072 3330 3127 ἐκείνου

1752 3152 1861 3221 τῶν
1904 3168 2108 3219 Κωνῶν
2153 3166 2256 3219 ὑπὸ
2330 3166 2654 3220 Λαοδίκειαν
2693 3163 3029 3233 τυγχάνοντα
3080 3165 3334 3234 ἀρχιεπί-

1754 3277 1957 3313 σκοπον
1977 3258 2284 3329 τετιμηκώς
2316 3274 2329 3288 ·
2365 3259 2464 3313 hoc
2496 3269 2575 3311 εει
2610 3256 2806 3325 :Legat
2837 3273 2959 3325 ergo
2996 3254 3332 3322 TheOpInlum

1754 3352 1960 3406 Amorii
2007 3353 2326 3419 episcOpum,
2359 3358 2407 3402 et
2441 3347 2736 3402 Samuelem
2781 3350 2868 3417 qui
2911 3349 2979 3401 ad
3014 3347 3163 3400 illum
3196 3347 3334 3400 diem

1753 3444 2053 3496 Chattorum
2105 3444 2327 3495 antistes
2376 3440 2674 3496 Laodiceno
2725 3439 3012 3509 subjectus,
3066 3440 3332 3508 archiepi-

1754 3537 1897 3603 scopi
1944 3536 2137 3588 honore
2182 3536 2429 3603 dignatus
2472 3544 2545 3587 est
2577 3551 2608 3585 a
2646 3532 2865 3597 Photio;
2901 3547 3052 3602 ergo,
3099 3531 3331 3600 inquies,

1754 3629 1897 3683 sicut
1931 3625 2171 3690 Samuel,
2208 3626 2282 3679 ita
2313 3636 2362 3677 et
2396 3624 2689 3680 Zacharias
2729 3624 3128 3695 archiepiscopi
3178 3623 3335 3677 titulo

1756 3717 2007 3788 insigniri
2038 3733 2066 3771 a
2104 3717 2295 3770 Photio
2332 3717 2524 3785 potuit.
2560 3716 2666 3769 Sed
2713 3718 2839 3784 quid
2872 3728 2957 3771 est
2990 3716 3255 3781 divinare,
3290 3718 3332 3771 si

1757 3809 1861 3863 hoc
1893 3824 2001 3862 non
2033 3806 2160 3862 est?
2208 3808 2351 3861 Sane
2385 3807 2513 3861 illud
2562 3808 2722 3862 modo
2747 3807 2799 3859 in
2829 3808 2928 3860 hac
2973 3807 3337 3877 disputatione

1756 3899 2047 3964 contendo,
2096 3899 2245 3952 tmllo
2298 3899 2634 3963 testimonio,
2694 3896 2840 3951 nullo
2892 3907 3136 3960 auctore,
3191 3898 3334 3951 nulla

1759 3991 2003 4056 historia,
2028 4006 2147 4061 qua:
2175 3992 2376 4059 scripta
2406 3998 2605 4055 exstet,
2641 3989 2695 4042 id
2726 3989 2989 4043 allirmari
3018 3989 3087 4044 ab
3117 3990 3337 4044 Alherto

1758 4082 1976 4137 Piccolo
2006 4090 2060 4135 et
2085 4096 2150 4136 ex
2175 4094 2239 4135 eo
2267 4096 2295 4134 a
2324 4080 2461 4134 Pirri
2499 4099 2513 4133 :
2542 4089 2596 4134 et
2627 4094 2759 4135 sane
2787 4080 2950 4135 sicuti
2992 4097 3179 4148 parum
3210 4096 3339 4135 con-

1758 4173 1992 4226 sideratc
2035 4174 2252 4240 scripsit
2283 4171 2603 4226 Zachariam
2636 4173 2952 4241 episcopum
2985 4170 3338 4228 Tauromeni-

1763 4272 1946 4315 tanum
1994 4259 2238 4330 Caphum
2282 4270 2639 4329 cognomento
2689 4262 3040 4330 appellatum,
3090 4263 3164 4316 ita
3204 4279 3338 4319 sane

1763 4361 1963 4407 temere
1995 4353 2064 4406 ab
2104 4368 2169 4407 eo
2218 4353 2489 4421 proditum
2545 4353 2754 4406 videtur
2800 4353 3195 4422 archiepiscopi
3238 4371 3337 4409 no-

1763 4446 2095 4499 tuenclatura
2125 4445 2276 4498 illum
2308 4458 2339 4498 a
2378 4443 2571 4511 Photio
2613 4444 2779 4500 fuisse
2812 4428 3151 4501 decoratum.
3186 4448 3336 4501 Reli-

1760 4550 1923 4603 quum
1982 4537 2146 4607 igitur
2199 4546 2302 4601 est,
2346 4546 2406 4589 ut
2455 4538 2757 4597 ostendam.
2815 4540 2956 4591 unde
3008 4538 3093 4591 hic
3149 4539 3337 4594 titulus

1759 4627 2012 4694 episcopo
2056 4626 2518 4680 Tauromenitauo
2550 4628 2620 4681 sit
2657 4626 2971 4683 attributus.
3010 4628 3065 4680 ΙιΙ
3102 4644 3233 4683 sane
3269 4633 3336 4682 ab

1759 4718 1863 4770 alio
1908 4717 2175 4785 principio
2209 4733 2318 4770 non
2351 4718 2637 4779 deducam,
2679 4729 2733 4771 et
2781 4720 2995 4787 quidem
3031 4721 3165 4772 satis
3214 4736 3335 4774 cum

1759 4809 1994 4872 ratione,
2022 4824 2184 4877 quant
2211 4823 2277 4861 ex
2310 4824 2417 4877 quo
2450 4809 2588 4863 idem
2628 4808 2879 4863 Bocchus
2909 4808 3049 4863 Pirri
3080 4814 3333 4875 ostendit,

1761 4901 1902 4953 unde
1936 4899 2329 4969 archiepiscopi
2383 4900 2572 4953 titulus
2608 4901 2666 4954 ὃ.
2701 4900 3015 4956 Mautiliano
3057 4902 3339 4956 Panormi-

1758 5001 1889 5043 tauo
1919 4992 2148 5043 antistiti
2183 4990 2250 5044 sit
2283 4991 2583 5046 attributus
2624 4993 2735 5061 jam
2771 4994 2891 5048 inde
2924 5009 2955 5047 a
2984 4994 3175 5062 priscis
3204 5007 3338 5049 tem-

1761 5084 2006 5151 poribus,
2042 5098 2163 5136 cum
2212 5083 2279 5138 ah
2327 5084 2480 5138 iisin
2528 5101 2795 5139 marmore
2840 5084 2957 5151 ejus
3002 5089 3334 5142 monumenti

1757 5172 1962 5240 legatur
2008 5172 2235 5227 incisus.
2275 5172 2447 5237 Unde,
2483 5174 2722 5241 inquam,
2757 5174 2842 5228 ille
2884 5176 3124 5244 colligit:
3157 5176 3338 5231 Credi-

1757 5265 1948 5327 derim,
1996 5264 2190 5332 inquit,
2232 5281 2290 5317 eo
2335 5281 2437 5317 non
2483 5266 2653 5331 inepte
2703 5267 2888 5334 referri
2928 5283 3100 5333 posse,
3134 5272 3272 5336 quod
3306 5286 3335 5321 α

1757 5356 1821 5411 ι).
1860 5356 2017 5410 Petro
2062 5361 2349 5411 antistitem
2398 5360 2637 5413 habuerit
2676 5359 2995 5414 Panormus.
3032 5363 3164 5426 Quis
3200 5366 3336 5417 enim

1757 5451 1952 5504 nesciat
1979 5451 2044 5502 iis
2082 5449 2327 5503 Ecclesiis
2371 5467 2488 5521 qua’
2519 5453 2583 5505 ab
2617 5456 2973 5522 apostolorum
3020 5457 3335 5523 temporibus

1755 5559 1903 5594 suum
1935 5553 2215 5609 repeterent
2241 5543 2518 5611 originem,
2542 5563 2757 5614 quicque
2786 5545 2978 5600 Christi
3005 5547 3170 5614 discip
3193 5551 3335 5601 inam

1756 5642 2003 5694 tanquam
2031 5643 2271 5697 parentes
2293 5633 2414 5686 aliis
2443 5637 2808 5699 tradidissent,
2834 5638 3339 5706 peculiaremquem-

1756 5722 1892 5788 piam
1924 5720 2168 5771 honorem
2196 5719 2452 5773 habitum.
2482 5720 2621 5775 Sane
2649 5723 2907 5791 Rupertus
2935 5728 3092 5779 abbas
3120 5737 3246 5782 tom.
3279 5725 3336 5779 ll

1763 5810 1836 5865 De
1866 5811 2034 5866 dtvm.
2074 5808 2252 5877 Ollio,
2274 5826 2387 5880 cap.
2417 5811 2504 5879 9.7,
2531 5828 2542 5865 :
2578 5812 2972 5883 Apostolorum,
2998 5817 3189 5887 inquit,
3216 5834 3339 5871 suc-

3009 5910 3046 5968 3
