4172 6432
840 398 907 457 75
1852 396 2251 458 FRANCISCI
2293 399 2557 459 SCORSI
2602 401 3032 464 PRGCEMIUM
3076 408 3124 472 Ι.

837 524 1063 563 cessares
1091 507 1409 580 patriarcha:
1432 518 1551 561 sunt
1578 510 1733 573 dicti;
1763 508 1903 563 Petri
1931 524 2103 565 autem
2132 528 2401 566 successor

836 618 929 666 pro
976 601 1281 655 excellentia
1345 601 1590 669 principis
1636 602 2021 667 apostolorum.
2069 605 2401 671 Apostolicns

836 692 1174 758 nominatur;
1205 693 1295 762 qni
1323 702 1498 746 autem
1527 694 1589 744 ab
1618 694 1690 745 eis
1720 693 1936 753 (scilicet
1970 694 2025 749 S.
2065 695 2219 748 Petro
2249 696 2402 748 aliis-

833 798 931 848 que
981 784 1258 851 apostolis)
1301 801 1392 852 per
1431 786 1726 851 provincias
1778 789 1923 840 missi
1969 798 2109 851 sunt,
2156 798 2261 840 tam
2303 790 2401 855 ipsi

833 891 989 939 quam
1045 892 1361 929 successores
1410 876 1524 941 ejus
1582 881 1955 946 archiepiscopi
2000 891 2269 934 vocantur.
2326 881 2398 933 Ita

835 965 1084 1020 llocchus
1131 966 1268 1019 Pirri
1321 967 1696 1032 ratiocinatur,
1743 981 1794 1023 et
1846 982 1986 1025 recte
2026 987 2179 1036 sane,
2241 989 2399 1027 nemo

832 1060 1040 1127 negarit
1072 1077 1084 1111 :
1124 1075 1228 1128 qua
1268 1060 1679 1115 ratiocinatione
1716 1063 1832 1132 quis
1871 1063 2001 1118 mihi
2047 1066 2148 1119 nisi
2180 1066 2251 1118 sit
2282 1081 2400 1134 per-

780 1156 784 1161 ’
831 1154 1064 1217 iniquus,
1102 1166 1206 1204 non
1257 1155 1518 1209 concedat
1570 1154 1646 1207 uti
1687 1157 1751 1208 ad
1802 1159 2151 1210 assemnlam
2191 1156 2400 1212 Tauro-

823 1244 1119 1295 menitana:
1165 1241 1421 1297 Ecclesiae
1460 1246 1850 1315 archiepiscopi
1895 1247 2232 1314 dignitatem,
2277 1264 2396 1301 cum

830 1338 1006 1389 medio
1033 1337 1181 1391 nullo
1213 1338 1581 1392 intercedente
1609 1355 1636 1391 a
1672 1339 1729 1393 S.
1758 1338 1916 1391 Pctro
1947 1340 2165 1391 fundata
2202 1339 2400 1394 fuerit?

829 1432 967 1496 Quin
1016 1433 1177 1486 etiam
1209 1446 1325 1499 quae
1357 1433 1471 1498 ipse
1513 1430 1736 1484 disserit
1773 1432 1841 1483 de
1884 1430 2146 1497 dignitate
2191 1430 2398 1484 Panor-

832 1524 1045 1575 mitana:
1089 1522 1258 1583 urbis,
1302 1521 1368 1573 ad
1415 1535 1577 1589 quam
1625 1521 1787 1573 etiam
1840 1521 2027 1572 referri
2077 1521 2163 1575 ille
2207 1522 2398 1577 titulus

830 1612 1021 1679 possit,
1064 1625 1293 1679 quaeque
1326 1625 1390 1663 ex
1428 1610 1658 1664 Baronio
1699 1611 1860 1666 refert
1904 1613 1968 1663 ad
2004 1627 2119 1664 eam
2163 1613 2398 1681 probau-

828 1705 974 1768 dam,
1000 1704 1180 1756 omnia
1218 1704 1397 1756 facere
1426 1718 1522 1772 pro
1564 1702 1929 1756 Tauromenio
1962 1716 2202 1771 possunt.
2240 1705 2397 1773 cujus

830 1793 978 1847 urbis
1008 1795 1240 1861 dignitas
1269 1794 1517 1862 quamvis
1546 1792 1941 1846 Panormitame
1973 1810 2076 1846 non
2112 1810 2226 1862 par,
2255 1805 2397 1847 attav

828 1901 951 1938 men
984 1896 1089 1937 tam
1135 1898 1325 1952 magna
1373 1884 1564 1952 primis
1600 1883 1705 1939 illis
1738 1885 2025 1953 aureisque
2062 1885 2394 1949 temporibus

826 1976 1069 2040 exstitit,
1121 1984 1178 2028 ut
1222 1990 1288 2028 ex
1332 1974 1689 2029 Constantino
1741 1974 2064 2042 imperatore
2115 1983 2393 2027 ostensum

827 2066 965 2137 Cal§
1008 2067 1024 2121 ι
1069 2066 1228 2136 hujus
1272 2066 1549 2129 Prooemii,
1602 2074 1660 2119 ut
1708 2067 1902 2119 metito
1948 2066 2022 2118 illi
2076 2064 2161 2118 hic
2210 2064 2397 2118 titulus

827 2160 1021 2214 ascribi
1063 2174 1217 2228 posse
1249 2158 1513 2212 videatur.
1551 2158 1767 2213 Advoco
1796 2174 1923 2212 vero
1954 2159 2118 2213 etiam
2155 2158 2220 2210 ad
2249 2171 2398 2210 eam-

827 2258 945 2305 dem
976 2252 1447 2307 Tauromenitana:
1475 2266 1694 2305 causam
1730 2251 2174 2318 patrocinandam
2207 2248 2397 2301 affines

829 2346 1222 2414 Syracusanam
1281 2353 1336 2398 et
1384 2342 1737 2396 Catanensem
1794 2340 2102 2403 Ecclesias,
2164 2354 2392 2407 quarum

829 2438 1154 2492 ltonorilicos
1232 2434 1412 2488 titulos
1485 2434 1916 2502 archiepiscopi,
1980 2449 2087 2502 quo
2157 2432 2393 2499 Syracu-

824 2546 992 2585 sanus
1053 2530 1278 2583 antistes
1344 2536 1397 2581 et
1460 2528 1854 2596 metrOpolitaa,
1914 2542 2019 2594 quo
2077 2526 2397 2581 Catanensis

825 2626 890 2677 ab
932 2624 1116 2677 eadem
1159 2620 1416 2675 natalium
1456 2634 1676 2675 suorum
1725 2619 2038 2673 conditione
2077 2629 2234 2672 natos
2275 2633 2396 2672 esse

818 2730 1038 2778 censeo,
1081 2711 1225 2780 quod
1272 2711 1439 2765 altera
1488 2708 1545 2763 S.
1586 2708 1945 2771 Marcianum,
1980 2707 2148 2760 altera
2198 2705 2257 2759 S.
2300 2705 2399 2757 Be-

823 2806 1014 2875 ryllum
1075 2802 1279 2873 primos
1328 2816 1358 2854 a
1409 2799 1473 2855 D.
1508 2794 1688 2853 'Petro
1743 2808 1993 2866 parentes
2040 2807 2094 2851 et
2153 2804 2397 2865 pastores

825 2897 1099 2965 acceperit
1126 2912 1140 2949 ε
1184 2909 1494 2964 quanquam
1535 2894 1633 2948 hos
1666 2893 1828 2946 etiam
1861 2890 2076 2944 venales
2106 2888 2309 2954 titulos,
2343 2898 2398 2941 et

823 3005 850 3042 a
888 2987 1080 3042 Photio
1126 2995 1363 3055 emptos,
1398 2988 1466 3040 ob
1511 2994 1816 3053 susceptam
1848 2983 1967 3051 ejus
2015 2981 2068 3033 in
2104 2980 2397 3034 schismate

827 3080 1087 3133 adversus
1116 3076 1381 3145 lgnatium
1413 3084 1466 3130 et
1496 3075 1774 3129 defensam
1798 3088 2017 3127 causam
2049 3072 2225 3140 arguit
2256 3072 2393 3122 idem

816 3171 1076 3224 .l’iccolus
1111 3170 1307 3221 citatus
1338 3167 1368 3219 it
1409 3166 1541 3219 Pirri
1593 3176 1730 3233 part.
1764 3180 1815 3224 ι,
1847 3178 1965 3230 cap.
1999 3162 2067 3213 26
2091 3201 2104 3225 ,
2141 3171 2196 3215 et
2227 3174 2293 3213 ex
2330 3174 2395 3212 eo

822 3262 963 3330 Pii-ri
998 3264 1048 3314 in
1089 3259 1284 3313 Notitia
1325 3257 1487 3311 Mess.
1540 3256 1792 3311 Ecclesiae
1828 3265 1960 3309 tom.
2008 3253 2081 3316 ll,
2110 3252 2148 3305 f.
2186 3266 2390 3314 ccuv;

821 3368 1139 3423 quanquam
1182 3353 1267 3405 hic
1324 3361 1454 3403 tom.
1492 3348 1586 3412 lll,
1616 3364 1667 3399 ιιι
1707 3346 1904 3399 Notitia
1940 3343 2297 3411 Syracusanae
2343 3349 2396 3391 et

821 3448 1140 3503 Catanensis
1198 3445 1389 3514 pedem
1460 3442 1718 3512 paulatim
1780 3438 1981 3492 referre
2036 3436 2283 3487 videatur
2326 3431 2395 3485 ils

824 3541 1014 3609 pulsus
1045 3536 1377 3607 argumentis
1418 3540 1538 3601 q'nzc
1589 3533 1698 3600 jam
1746 3531 2035 3600 proferam.
2092 3528 2236 3582 Sane
2289 3539 2394 3578 non

815 3632 1035 3685 inﬁciar
1074 3630 1125 3679 in
1162 3641 1223 3680 ea
1262 3634 1584 3693 tempestate
1616 3620 1964 3687 naufragasse
1989 3634 2083 3673 eos
2104 3618 2395 3680 antistites,

819 3733 872 3776 et
904 3719 1226 3789 Gregorium
1263 3717 1552 3769 Asbestam
1584 3710 1989 3781 Syracusanum
2028 3709 2197 3762 facem
2231 3710 2395 3761 fuisse

823 3816 969 3870 illius
1002 3812 1148 3874 belli,
1185 3824 1419 3876 etunque
1447 3807 1498 3858 iu
1543 3806 1841 3859 schismate
1868 3813 2242 3856 contumacem
2273 3801 2395 3853 ani-

820 3922 964 3959 ιιιιιιιι
1047 3902 1382 3963 ohstinasse;
1445 3895 1793 3965 Euthymium
1848 3908 1977 3949 vero
2034 3893 2394 3946 Catanensem

821 3998 969 4065 prius
998 3993 1215 4063 quidem
1246 3978 1541 4043 adlri‘sisse
1575 3987 1766 4039 Photio
1789 4025 1803 4049 ,
1841 3985 2035 4038 deinde
2081 3985 2395 4052 pmnilentia

818 4087 949 4140 facti
1004 4092 1427 4151 compunctum,
1473 4077 1838 4131 secessionem
1876 4075 1944 4127 ab
1991 4088 2055 4128 eo
2086 4075 2308 4135 fecisse,
2342 4082 2395 4124 et

821 4194 944 4231 eum
978 4184 1123 4229 recte
1153 4172 1514 4227 sentientibus
1566 4170 1617 4223 in
1656 4170 1899 4237 synodo,
1939 4169 2059 4220 Act.
2091 4167 2123 4219 5
2144 4206 2157 4230 ,
2189 4174 2243 4220 et
2274 4165 2394 4218 aliis

824 4270 1078 4335 deinceps
1108 4273 1477 4335 aggregatum.
1510 4261 1660 4328 Quod
1692 4275 1821 4316 vero
1870 4260 1937 4312 ad
1972 4259 2160 4312 titulos
2207 4258 2396 4311 attinet

823 4360 966 4414 haud
1015 4359 1132 4414 scio
1172 4357 1267 4426 qui
1317 4358 1422 4410 hoc
1453 4363 1603 4409 certo
1629 4354 1802 4424 possit
1833 4354 2103 4407 affirmare
2150 4361 2205 4406 et
2260 4353 2395 4405 scri-

823 4450 950 4502 bere
1001 4456 1227 4514 uterque
1280 4445 1551 4513 scriptor,
1602 4459 1724 4498 cum
1777 4444 1831 4497 in
1879 4443 2083 4512 synodo
2112 4456 2222 4505 vn,
2274 4455 2393 4509 qua:

822 4543 1082 4597 adversus
1135 4539 1540 4601 lconoclastas,
1598 4538 1991 4608 imperantibus
2035 4535 2394 4590 Constantino

819 4642 873 4686 et
913 4630 1103 4695 lrene,
1136 4631 1236 4691 sub
1287 4626 1577 4682 Adriano!
1639 4628 1912 4697 pontifice,
1964 4627 2235 4681 celebrata
2285 4635 2389 4689 est,

822 4722 909 4777 ubi
964 4721 1386 4775 snbscribuntur
1450 4719 1722 4788 episcopi,
1781 4732 2038 4787 expresse
2083 4717 2394 4771 nominetur

822 4811 1133 4879 Stephanus
1171 4810 1556 4879 Syracusanus
1610 4808 2069 4873 archiepiscopus.
2106 4804 2196 4859 Sic
2247 4807 2390 4857 enim

790 4908 927 4952 lact.
961 4897 1027 4962 4,
1077 4898 1130 4949 in
1172 4895 1492 4950 recensione
1538 4894 1938 4962 episcOpornm.
1974 4892 2229 4944 Γαλατῶν
2266 4890 2391 4944 ἑλά-

820 5006 1000 5059 χιστος
1039 4986 1433 5059 πρεσϐύτερος,
1468 4988 1562 5041 καὶ
1614 4989 1679 5039 ἐκ
1721 4986 2011 5057 προσώπου
2039 4986 2391 5057 ἀρχιεπισκόο

819 5096 924 5131 που
959 5077 1209 5139 Σικελίας
1244 5078 1519 5147 ἀσμένως,
1558 5089 1664 5132 etc.
1699 5078 1793 5131 Cui
1824 5079 2153 5147 reapondcns
2202 5075 2391 5129 Latina

821 5169 1063 5221 nominat
1104 5168 1479 5236 Stephanum,
1526 5182 1648 5235 quae
1697 5166 1881 5222 Grieca
1936 5168 2234 5235 suppressit
2281 5166 2390 5220 (Ia-

820 5262 940 5313 bato
966 5262 1186 5328 exiguus
1218 5258 1502 5329 presbyter,
1543 5268 1591 5312 et
1624 5275 1689 5313 ea:
1736 5276 1955 5328 persona
2002 5259 2253 5330 Stephani
2297 5278 2391 5314 ar-

805 5350 1129 5419 chiepiscopi
1179 5348 1380 5404 Sicilia:
1430 5351 1647 5404 libenter
1692 5351 1888 5418 omnia,
1924 5362 2028 5406 etc.
2077 5356 2144 5407 At
2181 5370 2308 5409 vero
2344 5354 2393 5407 l‘

821 5444 984 5498 etiam
1037 5443 1091 5495 in
1156 5440 1344 5496 Graeco
1397 5455 1577 5511 textu,
1644 5445 1963 5509 Faiaubvo;
2016 5449 2391 5517 πρεσϐυτέρου

823 5540 1036 5593 καὶτὸν
1073 5539 1239 5592 τόπον
1275 5540 1565 5611 ἐπέχοντος
1610 5541 1881 5609 Στεφάνου
1933 5542 2232 5595 ἐπισκόπου
2276 5544 2395 5595 Συ-

826 5632 1151 5703 ρακουσίων.
1202 5628 1461 5685 Galatone
1501 5633 1800 5701 presbytero
1827 5674 1841 5699 ,
1874 5643 1921 5688 et
1965 5635 2133 5688 locum
2194 5644 2395 5689 tenente

823 5723 1072 5793 Stephani
1118 5724 1349 5794 episcopi
1403 5722 1751 5793 Syracusani.
1801 5726 1915 5781 Non
1966 5727 2216 5797 fugerunt
2285 5730 2397 5784 hanc

824 5816 943 5869 loca
990 5812 1299 5882 Piccolum,
1348 5816 1443 5873 sed
1490 5830 1675 5875 eorum
1748 5819 1856 5875 vim
1916 5831 1970 5876 et
2019 5822 2392 5880 auctoritatem

4004 425 4070 485 7t}

2510 527 2741 571 conatur
2774 518 3044 589 effugere,
3079 531 3133 578 et
3162 524 3214 578 in
3253 526 3609 595 suSpicionem
3635 535 3838 589 erroris
3872 545 4071 593 textum

2507 607 2798 661 adducere.
2835 607 2941 663 Sed
2992 628 3181 682 negat:
3232 630 3368 683 quas
3397 618 3484 671 hic.
3526 636 3627 673 non
3680 621 3949 691 referam;
3990 645 4076 682 rc-

2508 696 2612 752 fert
2644 704 2786 754 enim
2830 699 3008 765 Pirri,
3047 706 3137 772 qui
3174 720 3300 760 cum
3344 707 3397 759 in
3430 709 3546 778 ejus
3597 711 3820 767 inclinet
3864 716 4072 784 Opinio-

2510 805 2658 857 nem,
2701 801 2879 846 tamen
2918 806 3104 859 aperte
3127 796 3321 851 fatetur
3349 814 3453 852 non
3498 816 3654 869 posse
3686 806 3884 859 elevari
3924 811 4075 861 testi-

2507 884 2673 937 monii
2722 884 2881 953 hujus
2927 890 3311 944 aucloritatem
3340 910 3352 944 :
3386 907 3509 945 nam
3539 898 3680 963 quod
3710 909 3789 950 est
3818 898 4069 967 effugium

2505 977 2722 1042 Piccoli,
2754 990 2805 1033 et
2833 967 3219 1047 commentum,
3252 986 3502 1039 nimirum
3533 996 3639 1043 act.
3675 989 3728 1051 ἓ,
3758 989 4071 1046 Galatoncm

2504 1067 2610 1123 dici
2651 1079 2837 1139 aperte
2876 1073 3046 1126 locum
3085 1084 3270 1128 tenere
3314 1076 3542 1147 llhegii;
3577 1082 3715 1133 unde
3745 1081 3858 1148 ipse
3888 1094 4075 1137 censet

2502 1163 2969 1233 archiepiswpum
3003 1164 3202 1220 Sicilia:
3231 1165 3533 1237 Rheginum
3562 1170 3665 1225 dici
3701 1174 3866 1225 veteri
3900 1191 4072 1236 inore,

2502 1265 2610 1318 quo
2666 1252 2918 1309 Calabria
2977 1255 3161 1311 Sicilia
3211 1272 3518 1327 nuncupata
3554 1272 3670 1327 est,
3705 1273 3757 1317 ct
3800 1279 3920 1317 cum
3953 1266 4076 1321 Ste-

2504 1341 2717 1410 phanus
2766 1354 2872 1397 act.
2910 1346 2944 1397 4
2977 1346 3191 1415 legitur,
3222 1348 3656 1405 snbstituendum
3692 1369 3787 1422 pro
3834 1368 3898 1409 eo
3928 1353 4075 1407 Con-

2501 1435 2837 1497 smutinum,
2881 1440 3104 1493 omnino
3133 1441 3426 1494 evanescit.
3473 1440 3606 1495 Nam
3638 1445 3725 1498 illa
3760 1456 3864 1498 act.
3899 1446 3935 1498 2
3968 1462 4076 1498 non

2502 1524 2792 1589 Γαλατὼν,
2830 1525 3056 1593 Calato,
3091 1538 3147 1581 ut
3198 1530 3250 1582 in
3284 1531 3455 1599 prima
3489 1532 3776 1597 scribitur,
3827 1536 3921 1589 sed
3966 1537 4075 1587 Γα-

2502 1617 2718 1681 λάτιος,
2754 1626 2809 1671 et
2846 1618 3038 1672 Latine
3073 1621 3303 1674 vertitur
3348 1621 3580 1687 Galata;
3612 1626 3751 1678 unde
3798 1628 3841 1681 si
3885 1628 3939 1680 in
3990 1628 4078 1681 his

2502 1709 2743 1762 minutiis
2790 1708 2991 1777 aliquid
3039 1712 3298 1763 momenti
3368 1715 3671 1781 ponendum
3721 1725 3835 1780 est,
3881 1734 4076 1770 ansam

2500 1798 2762 1852 habemus
2816 1799 3103 1868 colligendi
3157 1800 3322 1853 alium
3390 1801 3593 1867 fuisse,
3653 1806 3894 1873 adeoque
3944 1825 4078 1861 con—

2490 1889 2761 1957 jecmram
2824 1892 2971 1947 illius
3025 1892 3130 1946 alia
3186 1904 3371 1949 nostra
3432 1898 3785 1953 retundimns.
3844 1900 3910 1953 Et
3965 1914 4075 1956 act.

2497 1982 2613 2049 ipsa
2651 1982 2718 2045 4,
2773 1984 2825 2035 in
2874 1996 2978 2051 qua
3042 1988 3297 2038 mendum
3342 1988 3650 2054 suspicatur
3695 1988 3984 2056 Piccolus,
4029 2005 4082 2046 et

2499 2073 2933 2127 Substituendum
2980 2089 3076 2143 pro
3117 2075 3397 2143 Stephano
3441 2079 3854 2135 Constantinum
3892 2086 4079 2146 vellet,

2502 2165 2769 2233 reperitur
2829 2166 3023 2222 adesse
3078 2167 3467 2224 Constantinus
3506 2188 3518 2223 :
3556 2188 3713 2240 quem
3764 2175 3852 2229 ille
3899 2177 4083 2230 locum

2499 2256 2739 2311 fortasse
2771 2258 3171 2323 dissimulavit,
3223 2260 3364 2329 quod
3396 2262 3451 2314 in
3476 2261 3667 2317 Latina
3711 2270 3965 2323 versione
3998 2274 4084 2322 di-

2497 2358 2649 2401 catur
2693 2347 2849 2412 Chii,
2894 2364 2999 2403 non
3052 2349 3242 2420 thegii
3284 2370 3300 2405 :
3350 2353 3497 2419 atqui
3550 2356 3718 2406 tniror
3758 2371 3861 2408 non
3904 2359 4085 2408 anim-

2498 2440 2803 2495 advertisse
2857 2441 2910 2495 in
2967 2443 3213 2511 margine
3258 2447 3697 2499 emendationem
3748 2450 3893 2500 vocis
3936 2448 4084 2510 Chii,

2497 2540 2553 2584 et
2582 2534 2871 2598 repositam
2906 2531 3132 2600 Reghii:
3166 2542 3221 2587 et
3269 2535 3539 2590 hominem
3570 2536 3759 2591 Graece
3790 2540 4085 2601 scientem,

2498 2635 2605 2672 non
2645 2618 2841 2688 legisse
2872 2621 2925 2673 in
2962 2619 3153 2675 Graeco
3199 2623 3318 2676 sine
3361 2624 3471 2678 ullo
3523 2627 3786 2679 asterisco
3833 2628 3900 2679 ad
3933 2628 4087 2679 Rhe-

2497 2711 2571 2778 gii
2613 2726 2799 2763 vocem
2855 2713 3269 2775 Κωνσταντῖνος
3308 2716 3337 2766 ὁ
3378 2715 3596 2777 ἀνάξιος
3640 2717 3943 2780 ἐπίσκοπος
3984 2720 4087 2771 τοῦ

2511 2799 2733 2871 Ῥηγίου
2784 2804 3081 2871 ἀσμένως,
3138 2804 3190 2858 id
3240 2814 3357 2868 est,
3403 2806 3785 2861 Constantinus
3828 2810 4087 2877 indignus

2496 2896 2765 2961 episcopus
2822 2893 2973 2964 Regii
3016 2895 3256 2961 libenter,
3296 2908 3443 2961 etc.,
3497 2907 3551 2952 et
3596 2902 3809 2953 demum
3852 2908 3965 2953 act.
4033 2902 4087 2963 7,

2495 2989 2781 3057 iugulatur
2810 2987 3005 3041 l’iccoli
3034 2987 3348 3056 conjectura
3377 3005 3501 3044 cum
3534 2992 3605 3045 ibi
3635 2992 3847 3045 dicatur
3880 2992 4090 3046 Galato

2497 3084 2736 3135 vicarius
2770 3081 3035 3146 Stephani
3066 3082 3306 3149 episcopi
3332 3082 3694 3151 Syracusani,
3728 3093 3780 3135 et
3806 3084 3857 3134 in
3884 3085 4087 3137 eadem

2497 3180 2603 3227 act.
2636 3170 2874 3226 adfuisse
2903 3171 3317 3226 Constantinum
3359 3172 3671 3240 episcopum
3705 3170 3896 3239 Rhegii
3949 3189 4090 3225 con-

2498 3271 2646 3325 stat;
2689 3264 2830 3331 quod
2877 3262 3080 3328 optime
3116 3262 3250 3315 vidit
3298 3261 3477 3325 Pirri,
3526 3264 3794 3329 ideoque,
3828 3273 3888 3315 ut
3940 3264 4093 3347 dixi,

2498 3352 2679 3404 minus
2707 3353 3003 3404 assentitur
3030 3350 3267 3405 Piccolo.
3313 3353 3421 3405 Sed
3459 3354 3601 3421 quod
3653 3355 3891 3420 apertius
3925 3358 4093 3407 testi-

2497 3441 2737 3494 monium
2774 3455 2934 3509 quam
2964 3441 3192 3509 epistola
3225 3439 3429 3493 Nicolai
3465 3440 3484 3493 1
3530 3442 3802 3510 pontificis
3836 3446 3901 3494 ad
3935 3441 4093 3495 Pho-

2497 3536 2631 3587 tium
2682 3544 2738 3587 et
2789 3534 3175 3600 imperatorem
3224 3532 3538 3585 Michaelem
3589 3534 3830 3601 scripta,
3868 3535 3922 3585 in
3976 3549 4091 3600 qua

2497 3640 2621 3679 cum
2679 3624 2755 3677 illi
2807 3623 3205 3693 Syracusanam
3251 3620 3553 3675 Ecclesiam
3601 3636 3712 3674 sure
3760 3622 3991 3673 ditionis
4028 3623 4085 3673 in

2498 3725 2821 3784 perpetuum
2884 3712 3105 3777 facere,
3154 3727 3272 3766 cum
3325 3711 3648 3781 Gregorium
3704 3712 4090 3773 divulsissent,

2496 3814 2852 3867 conarentur,
2900 3805 3195 3871 respondet
3243 3802 3527 3857 Nicolaus:
3574 3802 3722 3854 Inter
3750 3803 3850 3853 ista
3900 3812 3956 3852 et
3994 3818 4094 3852 su—

2501 3897 2679 3965 perius
2711 3896 2853 3948 dicta
2883 3896 3145 3959 volumus,
3180 3904 3234 3947 ut
3272 3895 3595 3946 consecratio
3632 3892 3957 3961 Syracusani
3998 3913 4096 3944 ar-

2498 3983 2813 4050 cltiepiscopi
2858 3991 3038 4033 nostra
3075 3998 3106 4033 a
3159 3978 3291 4034 Sede
3338 3981 3695 4046 impendatur,
3746 3989 3803 4030 ut
3857 3981 4096 4031 traditio

2498 4079 2561 4129 ab
2608 4077 2865 4144 apostolis
2896 4077 3139 4130 instituta
3184 4075 3487 4128 nullatenus
3531 4075 3715 4126 vestris
3758 4076 4097 4137 temporibus

2497 4172 2749 4224 violetur.
2801 4168 2926 4224 Haec
2976 4167 3276 4222 Nicolaus:
3316 4182 3382 4219 ex
3439 4181 3544 4235 quo
3596 4167 3718 4233 quis
3775 4180 3879 4217 non
3930 4166 4099 4219 videt

2500 4262 2893 4328 archiepiscopi
2942 4275 3134 4313 nomen
3170 4259 3510 4327 Syracusano
3554 4257 3780 4309 antistiti
3835 4270 3943 4306 non
3994 4271 4097 4308 so-

2500 4353 2608 4406 lum
2643 4367 2671 4405 a
2714 4352 2907 4405 Photio
2955 4367 3059 4404 non
3104 4352 3269 4403 fuisse
3304 4348 3583 4410 afﬁctum,
3619 4346 3711 4400 sed
3762 4360 3789 4397 a
3829 4344 4099 4399 Ποιιιοιιη

2500 4444 2751 4513 pontifice
2782 4442 3087 4497 donatum?
3132 4442 3212 4493 An
3243 4440 3386 4492 enim
3418 4453 3652 4506 unquam
3699 4438 3939 4506 pontifex
3977 4440 4097 4506 Sy-

2497 4549 2827 4591 racusanum
2888 4534 3363 4602 archiepiscopum
3435 4531 3783 4595 nominaret,
3827 4545 3951 4581 cum
4019 4534 4099 4583 ad

2496 4625 2903 4682 schisimaticos
2953 4624 3254 4686 scriberet,
3293 4622 3338 4674 si
3401 4621 3448 4674 is
3505 4619 3693 4673 titulus
3746 4633 3979 4681 recens,
4038 4633 4103 4674 et

2494 4717 2699 4771 venalis
2724 4757 2737 4780 ,
2774 4726 2828 4770 et
2876 4714 3042 4769 malis
3086 4714 3294 4766 artibus
3338 4712 3405 4764 ab
3439 4712 3552 4779 ipso
3582 4709 3777 4763 Photio
3819 4721 3872 4761 et
3903 4711 4101 4777 impe-

2499 4821 2679 4862 ratore
2712 4808 2905 4861 fuisset
2942 4803 3292 4875 acquisitus?
3324 4802 3519 4858 Credat
3552 4801 3604 4855 id
3637 4802 3725 4867 qui
3758 4800 3905 4863 velit,
3944 4804 4103 4871 ΙΙΙίΙιί

2496 4915 2627 4954 sane
2656 4900 2981 4968 persuadere
3012 4910 3173 4951 nemo
3202 4895 3422 4964 poterit.
3472 4892 3610 4958 Quid
3641 4906 3766 4945 vero
3794 4891 3979 4943 dicent
4023 4896 4104 4944 ad

2495 4993 2657 5045 alium
2698 4992 2872 5044 locum
2909 4991 3151 5056 epistola:
3187 4990 3426 5056 ejusdem
3480 4985 3732 5039 Nicolail
3780 4986 3983 5052 pontif.
4024 4989 4105 5041 ad

2495 5085 2815 5139 Michaelem
2852 5086 3274 5153 imperatorem,
3323 5083 3375 5134 in
3407 5095 3509 5149 qua
3545 5079 3810 5146 lgnatium
3840 5080 4106 5146 patriar-

2497 5182 2652 5232 chain
2683 5177 3344 5246 ConstantinOpolitanum
3376 5184 3428 5229 et
3452 5174 3885 5229 comministrum
3914 5188 4107 5226 suum

2498 5271 2753 5339 appellat,
2801 5271 2854 5323 in
2892 5284 2996 5339 qua
3028 5268 3268 5338 pra-cipit
3303 5278 3359 5321 ut
3404 5267 3643 5335 Ignatius
3666 5278 3719 5318 et
3753 5263 3995 5317 Photius
4042 5279 4109 5317 et

2495 5364 2703 5431 aliquot
2735 5377 2798 5416 ex
2831 5364 2896 5416 iis
2932 5362 3023 5431 qui
3066 5376 3189 5415 cum
3221 5360 3486 5429 Gregorio
3520 5359 3867 5428 Syracusano
3894 5368 4105 5417 erant,

2496 5461 2559 5509 ad
2593 5471 2651 5509 se
2679 5457 2931 5519 veniant,
2971 5466 3024 5507 et
3052 5463 3311 5523 pru'tcrca
3347 5454 3535 5508 addit:
3578 5451 3860 5503 Mittantur
3908 5448 4105 5500 etiam

2497 5552 2558 5601 de
2610 5558 2759 5615 parte
2811 5547 3012 5617 lgnatii
3089 5545 3465 5613 archiepiscopi
3518 5545 3733 5610 quidam
3804 5539 4108 5594 Antonius

2497 5642 2679 5711 Cyzici
2707 5680 2720 5704 ,
2761 5640 2988 5693 Basilius
3040 5638 3482 5700 Thessalonica,
3532 5632 3921 5690 Constantinus
3977 5629 4109 5682 La-

2502 5735 2687 5796 rissa),
2752 5733 3071 5787 Theodorus
3131 5732 3640 5801 Syracusanorum,
3699 5721 4116 5787 Metrophanes

2504 5826 2785 5895 Satyrum:
2818 5835 2869 5879 et
2900 5824 3071 5890 fuerat
3103 5825 3188 5879 hic
3220 5821 3538 5877 Theodorus
3581 5824 3763 5873 (ouem
3797 5813 3887 5866 alii
3924 5828 4114 5865 eum-
