4172 6432
179 416 229 477 ’Π
1174 409 1535 469 FRANCISI
1579 410 1839 468 SCOHSI
1888 407 2318 467 PROOEMIUM
2360 409 2435 466 ll.
3324 403 3392 458 78

182 528 271 579 ἀνίη
305 523 666 577 Theodosium
697 524 979 577 nominant
1003 562 1017 586 ,
1062 522 1204 587 quod
1234 536 1419 589 parum
1456 521 1521 574 ad
1554 534 1723 573 meam

182 618 502 685 mutationem
560 618 811 681 inlott‘Sl)
864 616 915 667 in
959 615 1132 668 locum
1192 613 1438 683 Gregorii
1487 611 1725 664 Asberta:

183 706 472 760 substitutus
503 709 572 759 ab
603 705 809 773 lgnatio
861 704 1171 770 patriarcha
1194 743 1207 764 .
1237 705 1326 771 qui
1376 704 1551 770 ipsum
1593 702 1726 755 Gre-

182 800 354 867 gorium
379 801 705 866 deposuerit
733 817 743 850 :
775 796 922 864 atqui
956 796 1102 847 illum
1129 796 1268 848 inter
1290 793 1725 862 archiepiscopos

182 898 331 954 aperte
362 898 608 941 recenset
642 887 895 940 Nicolaus
928 887 982 949 Ι,
1031 900 1305 953 nunquam
1359 886 1408 936 id
1462 886 1721 945 tacturus.

184 980 264 1031 ltisi
291 994 406 1030 eam
439 980 761 1048 dignitatem
822 988 992 1031 ratam
1031 978 1295 1039 haberet,
1347 987 1530 1045 utpote
1587 977 1727 1028 anti-

183 1071 356 1137 quitate
406 1070 517 1137 jam
565 1072 677 1139 ipsa
714 1068 1124 1132 continuatam,
1171 1083 1274 1121 non
1323 1084 1449 1120 vero
1483 1082 1546 1121 es
1593 1069 1726 1120 Gre-

184 1162 307 1229 gerit)
358 1163 411 1214 in
467 1178 820 1219 successores
876 1165 1176 1216 derivatam
1206 1201 1219 1224 ,
1265 1173 1321 1215 ut
1358 1160 1604 1215 Piccolus
1632 1176 1723 1212 an-

185 1262 340 1304 tumat.
402 1252 466 1305 Et
513 1254 736 1323 quidem
778 1270 845 1308 ex
903 1255 1063 1321 hujus
1110 1254 1351 1322 epistola:
1402 1253 1723 1305 auctoritate

180 1342 460 1404 rom-ictus,
516 1356 567 1397 et
618 1360 712 1397 sua
752 1345 1020 1398 sentemia
1071 1346 1265 1398 cadere
1311 1352 1528 1398 coactus
1562 1340 1720 1405 Pirri,

184 1438 341 1500 pedem
400 1436 627 1489 honeste
665 1435 868 1501 refert,
921 1445 973 1489 et
1005 1439 1163 1489 modo
1197 1452 1301 1489 non
1349 1450 1603 1503 expresse
1636 1450 1721 1490 re-

190 1535 361 1577 tractat
393 1542 515 1593 qua:
548 1537 676 1580 tom.
716 1527 756 1579 ll
788 1527 918 1581 locis
945 1528 1127 1581 citatis
1155 1528 1220 1581 de
1272 1527 1373 1580 hac
1414 1526 1723 1579 nomencla-

182 1629 277 1669 tura
326 1618 580 1680 dixerat,
632 1617 903 1671 Piccolum
970 1632 1226 1687 sequens.
1279 1617 1431 1683 Quod
1483 1620 1621 1670 idem
1669 1618 1721 1670 in

179 1708 435 1759 Catanensi
484 1712 744 1777 episc0p0
775 1713 820 1760 ei
870 1710 1125 1776 centigit;
1158 1723 1278 1761 cum
1328 1711 1471 1761 enim
1522 1707 1723 1775 Euthy-

180 1800 317 1851 tniunt
352 1799 713 1852 Catanensetn
772 1802 926 1853 modo
962 1799 1357 1865 metropolitani
1381 1838 1396 1863 ,
1448 1799 1604 1852 modo
1637 1813 1723 1851 ar-

179 1892 557 1959 t-liii-piscOpum
593 1892 645 1943 in
699 1892 905 1959 synodo
957 1906 1085 1955 \‘Ill,
1121 1891 1172 1943 in
1227 1905 1331 1957 qua
1379 1890 1614 1957 lgaatius
1646 1890 1726 1941 lc-

176 1981 361 2043 gitiuius
422 1983 732 2050 patriarcha
806 1979 1157 2045 restituitur,
1214 1982 1316 2036 sub
1369 1984 1612 2036 Adriano
1664 1980 1725 2046 ll,

178 2076 396 2139 pontiﬁce
449 2086 502 2128 ct
548 2075 746 2130 Basilio
788 2076 1084 2129 Macedone
1137 2076 1384 2146 imperat.
1433 2076 1726 2137 celebrata,

179 2168 417 2219 Illtlltiltal'i
446 2204 461 2229 ,
503 2176 555 2219 et
610 2167 752 2220 inter
787 2168 1156 2233 tnetropolitas
1186 2167 1496 2221 consedisse
1526 2168 1723 2232 rideat,

179 2270 265 2307 non
296 2256 556 2323 rejectos,
595 2257 703 2311 imo
734 2259 1056 2326 approbatos
1097 2272 1190 2312 eos
1238 2258 1421 2312 titulos
1454 2273 1483 2312 a
1518 2273 1728 2312 summo

178 2348 437 2415 pontiﬁce,
477 2350 718 2402 fateatur
746 2364 970 2403 necesse
1016 2360 1133 2411 cst,
1171 2361 1224 2403 et
1280 2349 1369 2403 fati
1394 2364 1479 2403 tur
1507 2352 1723 2419 quidem

178 2456 255 2495 eos
280 2444 617 2509 antiquiores
643 2441 815 2497 fuisse
850 2441 1129 2498 Photiauis
1164 2443 1511 2512 temporibus.
1550 2443 1728 2499 Redeo

182 2535 319 2602 igitur
349 2551 412 2587 eo
461 2537 606 2588 unde
637 2545 890 2604 suscepta
928 2536 1222 2603 disputatio
1268 2552 1388 2590 cum
1435 2536 1701 2606 Syracusa

178 2642 283 2680 tium
313 2639 363 2682 et
397 2627 764 2683 Catanensent
806 2629 1110 2693 antistites,
1143 2644 1278 2696 quos
1318 2629 1383 2682 ad
1413 2638 1728 2683 contestan-

179 2717 285 2770 dunt
332 2719 731 2789 archiepiscopi
784 2720 991 2773 titulum
1052 2720 1513 2776 Tauromenitana
1564 2723 1729 2777 advo-

174 2820 357 2876 catam,
420 2812 660 2881 legitime
719 2814 884 2865 etiam
960 2814 1027 2867 iis
1092 2815 1370 2884 dignitatis
1430 2816 1730 2885 insignibus

180 2904 439 2957 decoratus
471 2905 646 2958 fuisse
672 2905 1074 2971 comprobarim
1097 2944 1112 2969 ,
1145 2907 1197 2959 in
1231 2922 1402 2975 eoque
1446 2907 1728 2977 sulfragari

175 2994 283 3045 mihi
323 3004 373 3047 et
421 2994 640 3049 veritati
696 2998 1051 3065 compulerim
1106 2997 1281 3066 ipsum
1329 2997 1472 3052 Pirri
1508 3015 1522 3052 :
1559 3014 1732 3067 neque

183 3099 290 3137 vero
317 3086 529 3139 initium
570 3087 729 3156 hujus
756 3089 1134 3157 appellationis
1184 3100 1335 3144 ccrto
1364 3099 1596 3156 constet,
1618 3091 1729 3160 jam

176 3178 283 3231 inde
332 3195 359 3232 a
398 3181 703 3248 primordio
761 3196 878 3235 eam
945 3182 1063 3237 illos
1117 3186 1526 3253 praerogativam
1589 3186 1730 3240 obti-

174 3274 329 3324 nuisse
393 3273 690 3325 Verisimile
721 3284 838 3337 est,
890 3277 1029 3342 quod
1076 3291 1105 3328 a
1161 3276 1220 3330 Β.
1271 3278 1429 3331 Petro
1461 3277 1573 3331 sint
1602 3293 1731 3331 con-

178 3364 331 3415 διεμιιὶ
363 3380 377 3416 ;
416 3366 564 3432 quod
595 3365 735 3418 idem
781 3367 847 3419 de
880 3367 1335 3423 Tauromenitana
1384 3369 1731 3423 aﬂirmaram.

172 3453 409 3509 tia-terum
466 3458 653 3523 enim,
688 3459 827 3525 quod
882 3474 985 3513 non
1033 3475 1245 3529 semper
1271 3476 1337 3516 eo
1387 3462 1540 3517 titulo
1574 3464 1731 3515 deco-

1832 528 2016 570 rentur
2055 521 2105 571 in
2142 516 2626 585 subscriptionihus
2672 513 3057 575 conciliorum,
3095 524 3390 582 pnescrtsm

1831 610 2036 677 synodo
2071 624 2141 661 γη
2172 618 2359 662 contra
2409 606 2818 668 Monothelitas,
2856 606 2905 657 in
2942 619 3045 672 qua
3080 605 3252 672 primo
3283 605 3399 658 IttCo

1831 699 1971 751 inter
2012 697 2220 751 Siculus
2274 696 2637 750 subscribitur
2669 696 3039 761 Syracusanus
3091 697 3392 762 episcopus,

1830 798 1881 841 et
1916 790 2040 841 item
2081 792 2131 841 in
2164 789 2361 842 litteris
2394 786 2452 839 Β.
2484 788 2723 853 Gregorii
2758 787 2983 854 aliisque
3018 800 3396 847 monumentis,

1830 880 1879 933 id
1909 881 2102 933 nullius
2134 892 2213 934 est
2242 881 2495 932 tttottleltti
2522 918 2533 939 ,
2577 894 2701 933 cum
2733 880 2891 931 etiam
2926 880 3021 945 ipsi
3055 880 3392 946 patriarchae.

1838 985 1887 1027 ct
1923 975 2035 1042 ipse
2062 987 2304 1025 Summus
2339 972 2579 1039 pontifex
2616 969 2850 1037 episcopi
2899 969 3212 1036 simpliciter
3257 982 3397 1035 δαημς

1834 1064 2192 1132 appellentur.
2235 1061 2418 1115 Solum
2449 1062 2589 1112 enin:
2644 1059 2769 1113 illud
2807 1060 3076 1111 contendo
3127 1074 3397 1125 nunquam

1828 1171 1920 1209 eos
1953 1157 2388 1224 arcliirpiscopos
2410 1195 2422 1217 ,
2460 1168 2556 1205 nec
2597 1154 2761 1206 semel
2788 1154 3003 1221 quidem
3058 1151 3400 1219 appellandos

1830 1248 2014 1308 fuissv,
2047 1250 2341 1315 prtesertim
2376 1265 2402 1298 a
2435 1261 2647 1301 summo
2675 1250 2942 1314 pouttlice,
2972 1254 3025 1299 et
3052 1246 3101 1299 iu
3138 1246 3401 1306 conciliis,

1830 1347 1887 1389 ut
1926 1338 1991 1389 de
2020 1338 2364 1404 Syracusano
2410 1348 2464 1389 et
2511 1336 2799 1389 Catanensi
2843 1336 2953 1403 jam
3012 1336 3250 1398 ostendi,
3298 1336 3400 1388 llist

1828 1441 1894 1481 eo
1924 1427 2080 1479 titulo
2107 1426 2225 1493 jure
2257 1439 2580 1496 potirentur.
2615 1430 2879 1482 Caeterum
2906 1424 3145 1480 inferiori
3180 1442 3404 1481 nomen-

1830 1519 2038 1573 clatura
2074 1530 2229 1587 prottt
2260 1521 2455 1571 libebat
2489 1520 2746 1573 scribenti
2775 1520 2970 1588 smpitis
2992 1522 3106 1571 sine
3130 1520 3405 1588 dignitatis

1829 1612 2196 1665 diminutione
2253 1611 2834 1679 antiquioribus‘illts
2892 1614 3100 1665 socculis
3166 1614 3406 1679 potuiSsc

1832 1704 2139 1773 appellari;
2187 1707 2325 1772 quod
2388 1705 2525 1756 idem
2583 1706 2648 1755 de
2710 1703 3163 1758 Taurontenitano
3208 1707 3404 1757 dictum

1845 1797 2027 1850 velint.
2063 1796 2118 1849 Si
2151 1796 2269 1865 quis
2317 1796 2536 1864 nlsjiciat
2579 1812 2699 1850 eum
2750 1812 3017 1863 nunquam
3069 1807 3191 1848 ante
3228 1794 3405 1849 Photii

1839 1899 2079 1958 tempora
2132 1889 2523 1957 archiepiscopi
2562 1888 2779 1941 nomine
2826 1886 3076 1941 allectum
3120 1888 3317 1952 fuisse;
3357 1892 3405 1941 id

1837 1996 1940 2035 non
2001 1982 2179 2048 arguit
2229 1982 2537 2033 necessario
2584 1995 2613 2034 a
2668 1979 2860 2033 l‘hotio
2896 1980 3059 2034 fuisse
3108 1996 3404 2050 cognomen

1843 2074 2175 2144 impositum.
2208 2073 2360 2139 Quod
2395 2073 2436 2126 si
2465 2074 2549 2127 cui
2586 2088 2711 2127 vero
2739 2073 2967 2127 similius
2993 2074 3234 2127 videatur
3266 2074 3406 2127 Tan-

1838 2171 2234 2222 romcnitanutn
2292 2168 2755 2236 archiepiscopum
2808 2182 3080 2234 nunquam
3126 2169 3261 2221 alios
3307 2167 3405 2221 lta-

1835 2263 2015 2317 huisse
2042 2262 2141 2316 sibi
2173 2260 2444 2329 subjectos
2476 2260 2776 2329 episcopos,
2806 2274 2979 2328 neque
3010 2260 3401 2328 archiepiscopi

1853 2364 1941 2408 aut
1996 2353 2348 2422 netropolitzn
2395 2351 2690 2421 legitimum
2732 2350 2820 2418 jus
2856 2351 2906 2403 in
2954 2350 3163 2419 aliquos
3208 2351 3406 2405 Sicilia:

1842 2446 2127 2513 episcopos
2161 2455 2413 2512 tauquam
2449 2441 2817 2509 sulfraganeos
2843 2442 3135 2498 obtinuisse
3160 2454 3212 2497 et
3248 2459 3406 2499 excr-

1836 2540 2055 2597 cuisse,
2106 2540 2249 2604 quod
2300 2538 2367 2591 de
2420 2538 2759 2607 Syracusano
2815 2538 3120 2601 contendit,
3172 2548 3224 2592 et
3268 2537 3407 2591 fama

1839 2641 2135 2700 tctnpoutm
2175 2631 2465 2699 partitione
2496 2628 2689 2697 ptob.tt
2736 2630 2871 2684 Pirri
2897 2672 2912 2695 ,
2961 2641 3250 2699 censetque
3288 2647 3406 2687 ont-

1837 2737 1953 2784 nes,
1984 2721 2170 2774 saltem
2209 2721 2265 2773 I).
2301 2720 2544 2789 Gregorii
2581 2729 2846 2788 tetttpore,
2884 2720 3097 2774 Siculos
3130 2720 3409 2788 episcopos

1837 2811 2081 2867 llomano
2115 2812 2352 2878 pontiliri
2400 2820 2453 2863 et
2486 2824 2591 2863 non
2623 2810 2776 2864 alteri
2814 2811 3054 2879 proxime
3086 2810 3254 2866 fuisse
3287 2816 3407 2867 suh-

1835 2908 2029 2976 jcctos,
2073 2921 2193 2959 cum
2237 2916 2435 2969 tamen,
2474 2905 2661 2973 ntjam
2708 2904 2959 2965 vidimus.
3011 2904 3405 2973 archiepiscopi

1844 3000 2053 3053 titulmn
2090 3008 2202 3052 tum
2254 2998 2634 3068 Syracusmo,
2664 3008 2772 3051 tum
2802 2998 3093 3052 Catanensi
3141 2999 3409 3068 denegare

1839 3107 1943 3146 non
1995 3092 2203 3161 possit,
2253 3091 2302 3144 id
2360 3091 2522 3143 etiam
2573 3089 2799 3143 libenter
2834 3090 2899 3143 de
2951 3086 3406 3141 Tauromenitana

1837 3184 2240 3248 concesserim,
2286 3182 2442 3235 modo
2502 3181 2848 3234 honorarium
2908 3180 3296 3248 archiepiscopi
3345 3182 3408 3231 ti-

1840 3278 2009 3331 tulum
2063 3277 2131 3328 oh
2178 3274 2585 3343 praerogativam
2627 3272 2733 3341 jam
2784 3283 3291 3335 commemoratam,
3334 3272 3405 3325 le-

1839 3370 2107 3439 gitimum,
2144 3382 2250 3421 non
2281 3366 2639 3421 adulterinum
2672 3363 2839 3419 fuisse
2869 3364 3188 3419 concedant.

185 3671 3398 3700 .___________________________________________________________

962 3882 1753 3999 PROlEMlUM
1848 3884 2613 4002 SECUNDUM

1531 4090 2018 4172 mammas,

470 4262 1045 4326 COMI’LECTENS
1095 4264 1196 4327 DE
1248 4264 1769 4326 THEOPHANIS
1825 4265 2185 4327 CERAMEI
2237 4267 2431 4328 VITA
2488 4266 3089 4333 CONJECTANEA.

164 4570 246 4640 ξι.
290 4572 639 4641 Theophanes
685 4572 781 4625 alii
828 4574 917 4641 qui
948 4589 1040 4638 per
1075 4570 1256 4625 eadem
1290 4582 1523 4636 (corpora
1578 4575 1717 4629 uixe-

318 4658 441 4697 runt
480 4662 514 4696 a
556 4643 867 4710 Theophane
896 4644 1143 4697 Cerameo
1170 4656 1527 4697 secernuntur.

214 4753 351 4817 Quod
382 4754 487 4806 sub
525 4752 691 4805 linem
726 4750 1067 4807 Praelationis
1097 4751 1160 4804 ad
1188 4749 1446 4805 Lectores
1478 4754 1723 4821 promisi,

154 4846 243 4906 jam
284 4848 381 4899 hoc
431 4844 691 4899 secundo
737 4846 1002 4911 prooemio
1032 4844 1324 4913 praestabo,
1362 4855 1421 4897 ιιι
1457 4859 1519 4897 ex
1555 4845 1721 4897 rariis

158 4938 315 4987 imum
354 4936 715 4989 homiliarum
752 4934 907 4987 lineis
934 4950 1028 4987 seu
1060 4936 1421 4997 lineamentis,
1451 4939 1501 4988 in
1530 4936 1726 5002 quibus

157 5030 273 5079 \Llul
312 5030 363 5081 in
392 5027 629 5097 speculo
662 5026 900 5079 auctoris
930 5026 1107 5095 imago
1143 5026 1337 5083 reﬂexa
1378 5043 1495 5082 sese
1540 5028 1727 5093 objicit

156 5126 301 5188 iob-is,
352 5128 523 5180 \ilnm
580 5124 924 5186 adumbrem,
970 5122 1014 5176 si
1070 5125 1247 5179 minus
1294 5128 1427 5179 viris
1457 5125 1726 5178 coloribus

154 5218 406 5271 ilelicieute
442 5217 812 5272 historiarum
848 5215 967 5269 luce
1010 5216 1212 5284 possim
1244 5219 1589 5287 exprimere;
1631 5231 1728 5269 nec

152 5328 257 5367 sane
288 5316 335 5369 id
367 5316 491 5369 sine
537 5310 841 5367 multorum
886 5314 1213 5383 scriptorum
1264 5316 1512 5384 exemplo
1545 5325 1599 5370 et
1630 5330 1729 5372 au-

154 5410 372 5461 rtoritate
422 5405 730 5478 prmstaho.
765 5403 1095 5460 Consuetum
1147 5404 1327 5459 multis
1372 5407 1473 5461 fuit
1502 5422 1566 5461 es
1599 5425 1726 5479 Ope-

156 5500 277 5553 tibus
316 5499 547 5569 scriptis
604 5507 893 5551 auctorum
955 5497 1193 5566 ipsorum
1231 5496 1392 5550 vitam
1440 5512 1503 5551 ac
1547 5514 1728 5554 mores

156 5597 476 5658 tmribere;
541 5593 601 5647 id
651 5605 712 5647 se
760 5588 1027 5644 facturum
1090 5590 1143 5644 in
1191 5592 1582 5647 conscribenda
1614 5595 1727 5648 Vita

156 5686 363 5755 tiargorii
388 5686 737 5741 Nazianzeni
771 5686 1054 5754 proﬁtetur
1087 5682 1382 5751 Gregorius
1412 5685 1723 5755 presbyter:

158 5778 356 5834 ’ἔπειτα
385 5783 472 5835 ὃτι
510 5780 661 5853 μηδέ
689 5796 773 5843 τις
805 5778 873 5830 τὰ
909 5777 1031 5831 κατ’
1054 5778 1216 5829 αὑτὶν
1250 5777 1384 5844 ἡμῖν
1431 5778 1727 5847 γεγραφὼς

158 5875 545 5943 πεταλέληιπεν,
579 5874 722 5927 ἁ).ὶὰ
748 5872 1027 5941 σποράδην
1065 5873 1128 5925 ἐκ
1146 5869 1254 5925 τῶν
1280 5869 1444 5923 αὐταῦ
1468 5870 1726 5942 συλλέξας

1826 4576 1999 4645 λόγων
2044 4577 2110 4630 τὰ
2160 4579 2281 4631 κατ’
2311 4579 2475 4632 αὐτὸν
2523 4582 2800 4651 μιμοῦμαι
2845 4586 2973 4648 τοὺς
3014 4584 3330 4655 λιθολόγους
3363 4590 3413 4642 οἳ

1830 4672 1969 4723 κατὰ
2000 4672 2228 4741 σμικρὸν
2265 4672 2360 4734 τὰς
2405 4674 2642 4742 ψηφιδις
2693 4675 3116 4745 συνηῦροικότες
3160 4680 3240 4739 εἰς
3283 4660 3411 4749 piata

1829 4762 1977 4813 εἵκω
2012 4764 2404 4832 συμπλήρωσιν
2432 4765 2646 4818 ἅπαντα
2674 4766 3123 4835 σννπρμόζωσιν,
3174 4772 3312 4840 ἀρχὴ
3352 4774 3410 4824 δὲ

1830 4852 1961 4915 τῶν,
1994 4863 2099 4906 etc.
2140 4853 2250 4906 lloc
2293 4865 2375 4905 est
2403 4894 2415 4915 ,
2476 4856 2768 4923 interprete.
2812 4855 2925 4910 Jac.
2964 4858 3114 4911 Billio
3150 4878 3162 4913 :
3218 4861 3413 4915 Dcinzlc

1831 4948 1955 5010 quia
1997 4958 2084 4995 nec
2117 4944 2260 4995 illius
2298 4944 2466 4996 Vitam
2493 4949 2765 5014 quisquam
2817 4948 3005 5003 litteris
3047 4955 3408 5020 cousigualam

1832 5036 1978 5087 nobis
2022 5034 2251 5101 reliquit,
2286 5053 2460 5088 rerum
2528 5039 2689 5105 ipsius
2718 5042 2819 5093 rita
2871 5058 2933 5093 cx
2988 5044 3145 5103 ipsius
3204 5048 3410 5111 scriptis

1830 5127 2055 5191 sparsim
2089 5126 2328 5191 collecta,
2362 5129 2584 5183 (atomos
2618 5131 2798 5183 imitor
2826 5134 2913 5201 qui
2951 5148 3289 5205 posteaquam
3324 5140 3408 5192 la-

1832 5222 1974 5283 pides
2017 5221 2271 5286 paulatim
2322 5234 2695 5290 aggesserunt,
2747 5229 2824 5277 ita
2873 5226 3079 5279 demunt
3128 5230 3196 5281 ad
3246 5246 3403 5284 unam

1832 5316 2163 5381 canitiemque
2208 5314 2416 5366 domum
2464 5318 2870 5370 construendum
2936 5329 2984 5372 et
3035 5320 3405 5375 absolvendum

1833 5418 1914 5453 eos
1929 5416 2105 5454 omnes
2130 5405 2542 5454 accommodant.
2567 5402 2709 5457 liletn
2731 5404 2956 5459 afﬁrmat
2986 5406 3218 5477 Sytneon
3243 5408 3411 5464 Meta-

1836 5497 2083 5563 phrastes
2112 5492 2451 5547 efﬁciendum
2473 5494 2556 5548 his
2594 5496 2773 5549 verbis
2801 5512 2816 5551 :
2856 5495 3073 5566 Magnus
3098 5498 3181 5553 hic.
3211 5498 3409 5570 Grego-

1836 5590 1943 5641 rius
1973 5586 2265 5657 Theologus
2303 5589 2459 5640 vitam
2494 5587 2605 5655 ipse
2640 5606 2788 5642 suam
2827 5594 3069 5656 exposuit
3097 5594 3148 5645 in
3179 5594 3243 5646 iis
3262 5592 3416 5661 {une-

1835 5682 2015 5734 bribus
2052 5680 2399 5743 orationibus,
2434 5682 2620 5749 quibus
2656 5680 2915 5735 Basiliam
2962 5683 3236 5754 Magnum,
3281 5686 3413 5741 Cre-

1837 5776 2045 5846 gorium
2099 5786 2324 5843 patrem,
2383 5773 2690 5828 Ca'sarcum
2730 5775 2971 5844 fratrem,
3014 5789 3060 5831 et
3096 5779 3414 5847 Gargonium

1836 5883 2068 5923 sororem
2117 5876 2289 5921 ornat.
2332 5865 2404 5920 Ac
2455 5865 2687 5934 proinde
2749 5867 2836 5938 qui
2885 5866 3055 5923 Vitam
3111 5869 3252 5925 illius
3285 5884 3415 5927 cou-
