4172 6432
742 353 810 410 7‘.)
1742 346 2140 406 FRANCISCI
2180 347 2443 407 SCOllSI
2486 348 2919 412 PROCEMIUM
2960 352 3041 411 II.
3936 353 4009 416 80

739 466 1080 530 scripsi-runt,
1136 479 1235 515 non
1264 462 1476 515 aliunde
1523 476 1679 529 quam
1729 475 1792 513 ea:
1852 461 2017 525 ipsius
2070 461 2312 526 oneribus

738 558 947 613 dicendi
1016 568 1381 622 arqmwntmn
1441 563 1778 621 acceperunt.
1844 554 2021 620 Atque
2080 552 2193 605 lia'c
2253 552 2320 605 de

735 652 1017 721 Gregorio.
1045 650 1279 703 l‘orroS.
1304 647 1611 715 Hieronymi
1634 643 1809 698 Vitam
1828 645 2107 698 Marianus
2136 643 2317 696 Victo-

738 746 847 798 rius
864 760 925 796 ex
947 744 1117 812 ipsius
1132 742 1343 808 scriptis
1364 739 1727 791 monumentis
1746 735 2054 802 compilavit
2073 744 2125 788 ct
2142 746 2193 789 ut
2217 750 2318 787 cte-

736 846 882 889 teros
915 834 1247 899 antiquiores
1265 831 1534 891 omittam,
1566 842 1792 892 quorum
1817 825 1897 877 vel
1919 824 2135 893 Longum
2165 834 2313 878 cata-

737 931 911 997 logmn
954 940 1170 992 possem
1216 932 1525 982 contexere,
1577 935 1639 973 ex
1690 918 2082 972 recentioribus
2119 928 2315 970 nostra:

736 1026 859 1075 Sne.
889 1019 1177 1087 Dionysius
1207 1015 1453 1069 Petavius
1495 1012 1707 1081 Synesii
1753 1012 1993 1080 episcopi
2027 1010 2316 1063 l'tolemai-

735 1119 834 1173 dis,
872 1113 1024 1179 cujus
1047 1127 1207 1179 opera
1239 1110 1416 1161 omnia
1439 1110 1488 1159 in
1511 1106 1686 1159 lucem
1724 1104 1995 1156 luculenta
2021 1118 2114 1155 sua
2144 1105 2313 1154 inter—

736 1208 1040 1274 pretatione
1078 1204 1325 1271 notisque
1360 1202 1623 1253 illustrata
1657 1198 1843 1252 Grrece
1873 1196 2031 1248 simul
2064 1194 2230 1248 edidit
2262 1201 2315 1244 et

734 1300 940 1356 iritine.
980 1296 1109 1348 Viue
1160 1295 1278 1363 ejus
1326 1306 1570 1358 magnam
1622 1299 1825 1355 partem
1879 1302 1941 1339 ex
1986 1287 2152 1351 ipsius
2197 1284 2312 1349 cpi-

732 1392 887 1446 stolis
937 1391 1257 1453 ueterisque
1322 1384 1577 1450 operibus
1626 1379 1946 1449 composuit.
1982 1376 2314 1443 Theophilus

734 1480 1083 1550 Itaynaudus,
1120 1478 1302 1529 itidem
1342 1474 1467 1526 Soc.
1498 1482 1732 1533 nostrze;
1770 1470 1989 1529 ltliotte,
2031 1468 2314 1535 scriptoris

732 1571 983 1643 piissimi,
1032 1586 1194 1639 quem
1232 1569 1498 1635 integrum
1532 1576 1799 1633 postrema
1833 1561 2071 1614 coitione
2117 1575 2213 1612 sua
2263 1560 2313 1610 in

732 1667 906 1721 lucem
940 1663 1182 1733 protulit,
1221 1677 1341 1715 cum
1377 1671 1535 1713 antea
1562 1659 1699 1710 bona
1733 1655 1815 1708 sui
1850 1666 1999 1721 parte
2040 1652 2315 1703 nnuilatus

728 1767 969 1813 exstaret
993 1756 1166 1807 Vitam
1202 1769 1266 1805 ex
1305 1751 1545 1817 ipsismet
1595 1743 2155 1812 (lunteinplatiouilms
2192 1757 2315 1809 per-

731 1850 1015 1920 vestigtnil
1045 1867 1056 1901 :
1106 1848 1194 1915 qui
1220 1844 1432 1912 quidem
1468 1843 1550 1893 \‘ir
1583 1839 1723 1893 nulla
1760 1838 1860 1889 alia
1902 1852 1965 1888 ex
2000 1834 2222 1887 historia
2251 1849 2314 1885 ae

729 1959 797 1998 ne
826 1944 1041 1997 nomine
1093 1939 1307 2008 quidem
1343 1935 1581 2004 proptin,
1608 1932 1748 1999 quod
1786 1929 1962 1981 celare
2007 1926 2186 1978 Studia
2218 1940 2309 1975 vo—

729 2039 849 2097 luit,
884 2034 1129 2102 cognitus
1160 2032 1313 2084 nobis
1340 2037 1442 2082 est.
1497 2026 1695 2080 Eodem
1736 2025 1902 2087 igitur
1951 2032 2105 2088 pacto
2134 2018 2313 2072 Theo-

730 2132 959 2199 phanem
997 2128 1138 2179 hunc
1167 2126 1515 2184 Cerauteum,
1551 2118 1825 2171 hmuincm
1861 2130 1989 2168 sane
2020 2128 2214 2165 novum
2248 2128 2311 2163 es

729 2224 1010 2281 insiusntet
1046 2205 1412 2277 sermonibus,
1450 2227 1583 2281 quos
1611 2212 1660 2263 in
1705 2211 1876 2263 Ini-cm
1924 2208 2110 2273 prodo,
2159 2205 2313 2257 nubi-

730 2284 833 2368 Ictn
871 2310 1106 2366 conabor
1137 2307 1367 2362 ellieere.
1426 2306 1500 2356 Ac
1550 2302 1725 2369 primo
1768 2299 2008 2367 qni-lem,
2060 2292 2312 2360 quoniam

728 2407 880 2461 tnulti
928 2403 1170 2472 ejusdem
1204 2399 1409 2461 saeculi,
1457 2414 1518 2449 ac
1553 2395 1722 2447 lerine
1778 2394 1952 2443 anatis
1990 2388 2190 2440 ambitu
2228 2387 2309 2436 iu-

725 2500 907 2566 signes
934 2509 1039 2567 qua
1078 2491 1292 2553 litteris,
1358 2502 1461 2555 qua
1518 2486 1801 2537 sanctitate
1848 2481 1947 2529 viri
1995 2474 2314 2542 inguomiue

722 2588 1040 2659 Theophani
1076 2584 1401 2642 ﬂoruerunt,
1427 2592 1606 2646 operte
1634 2576 1865 2643 pretium
1936 2582 2016 2623 est
2068 2580 2309 2621 nostrum

725 2688 789 2738 ah
813 2686 880 2738 iis
904 2682 1256 2750 distinguere,
1283 2690 1348 2728 ne
1372 2672 1665 2726 lectoribus
1684 2669 1859 2720 minus
1888 2667 1938 2715 in
1964 2665 2309 2715 historiarmn

727 2790 1027 2846 temporum
1077 2772 1286 2824 ratione
1335 2762 1650 2819 exercitatis
1699 2757 1948 2812 CO'ITIhiO
2006 2755 2305 2807 oboriatur.

728 2876 903 2940 Atque
936 2878 992 2920 ιιι
1030 2879 1147 2919 eam
1180 2858 1501 2930 ὁμωνυμίαν
1533 2854 1862 2921 expedirent,
1919 2849 2153 2899 maxime
2198 2846 2298 2899 inn-

726 2967 912 3036 pnlsns
965 2974 1123 3021 sum,
1180 2955 1268 3008 ubi
1327 2952 1577 3019 legissent
1634 2949 1684 2999 in
1735 2944 2062 2995 lbbliotlu-t-a
2116 2953 2308 3006 magna

724 3029 944 3109 l’atrum
978 3052 1117 3104 edita
1168 3043 1403 3099 Colonim
1444 3041 1588 3091 hunc
1634 3035 2016 3101 'l'heOphancm
2072 3029 2306 3094 scripto-

726 3165 835 3202 ient
868 3144 1218 3199 homiliarum
1242 3154 1364 3191 cum
1391 3131 1722 3199 Theophane
1746 3126 2005 3178 historico
2031 3118 2309 3174 confundi.

726 3240 856 3293 Nam
888 3250 1018 3291 tum.
1052 3233 1142 3297 lx,
1176 3230 1371 3285 tea-culo
1402 3226 1584 3280 itidem
1620 3239 1670 3275 ιλ
1699 3260 1713 3276 .
1762 3222 1813 3271 in
1843 3232 1947 3285 quo
1987 3217 2103 3267 dua'
2136 3212 2311 3263 horni-

725 3336 807 3386 lia:
840 3327 1188 3398 Theophanis
1234 3325 1394 3391 hujus
1427 3315 1671 3373 Ceramei
1743 3328 1808 3364 ex
1851 3309 2086 3362 editione
2121 3303 2308 3357 Jacobi

720 3422 982 3483 Gretseri,
1016 3428 1142 3472 tom.
1198 3415 1257 3475 ll,
1307 3412 1383 3465 De
1408 3409 1577 3463 Cruce
1610 3403 1855 3458 translati
1890 3399 2303 3455 describuntur,

724 3522 835 3571 lucc
883 3517 935 3567 in
992 3527 1177 3567 earum
1240 3501 1592 3571 inscriptione
1638 3499 1926 3566 leguntur;
1966 3491 2305 3557 Theophancs

721 3606 999 3661 Ccrameus
1038 3597 1402 3654 Tauromeniiv
1449 3596 1498 3646 in
1532 3588 1719 3645 Sicilia
1762 3586 2030 3655 cpiscolius
2063 3579 2305 3646 scripsit:

725 3698 949 3751 Annales
977 3712 1006 3746 a
1046 3689 1355 3745 Diocletiani
1382 3684 1697 3749 temporibus
1718 3696 1877 3747 usque
1896 3678 1963 3729 ad
1996 3672 2306 3726 Michuclem

718 3794 962 3857 imperat.
1030 3785 1117 3854 qui
1171 3783 1383 3835 necdum
1433 3788 1552 3829 sunt
1595 3776 1739 3829 editi.
1798 3771 2044 3823 Diversus
2096 3767 2194 3835 fuit
2239 3765 2303 3817 ab

719 3893 932 3936 auctore
974 3877 1228 3931 HlSlOl‘lIB
1272 3871 1523 3927 miscellaz
1578 3867 1738 3921 Pauli
1789 3863 2045 3926 Diaconi,
2092 3864 2160 3913 de
2206 3875 2306 3927 quo

716 3975 870 4042 plura
918 3971 1175 4022 habentur
1220 3967 1284 4017 ab
1344 3962 1568 4016 Henrico
1612 3958 1833 4013 Canisio
1883 3964 2138 4007 annotata
2186 3960 2308 4001 ante

718 4068 1025 4134 pra'dictam
1042 4060 1315 4115 historiam
1339 4057 1663 4125 praecedente
1686 4050 1879 4105 sa’culo
1912 4060 2112 4101 octavo.
2160 4044 2307 4098 Scri-

715 4161 818 4229 psit
862 4167 1115 4226 prazterea
1162 4151 1407 4204 homifias
1450 4150 1504 4200 in
1530 4146 1799 4215 evangelia
1828 4139 2222 4202 Dominicalia,
2258 4147 2305 4190 et

720 4258 920 4324 aliquot
948 4253 1082 4321 festa
1116 4249 1276 4301 totius
1327 4246 1474 4308 anui,
1516 4258 1633 4310 qua:
1665 4247 1939 4293 servantur
1965 4252 2092 4288 mss.
2136 4232 2305 4285 i’ene-

718 4350 824 4412 tiis,
847 4356 895 4397 et
931 4343 1037 4395 alia
1071 4343 1285 4393 necdum
1311 4337 1471 4389 edita.
1499 4332 1908 4399 Distinguuntnr
1932 4327 2092 4395 igitur
2120 4324 2306 4377 condi-

720 4454 866 4494 tores
895 4437 1038 4491 illius
1071 4428 1419 4485 ltiblio'dtecae
1442 4424 1645 4493 Magnae
1670 4420 2053 4489 Theophanem
2082 4415 2304 4468 histori-

718 4548 842 4589 cum
888 4532 954 4583 ab
990 4537 1210 4580 auctore
1258 4520 1511 4574 Historia:
1556 4516 1803 4569 miscellw
1840 4510 1986 4565 Pauli
2040 4508 2302 4570 Diacoui;

719 4628 813 4684 sed
845 4622 1044 4678 deinde
1090 4634 1252 4672 unum
1306 4614 1666 4678 eiiindemque
1693 4606 1895 4661 faciunt
1921 4604 2302 4673 Theophanem

717 4718 1034 4775 historicum
1086 4722 1249 4780 atque
1294 4705 1615 4760 Cerauieum
1669 4700 1987 4767 scriptorem
2053 4695 2304 4750 homilia-

717 4829 863 4869 rtun.
917 4810 1037 4874 Quo
1072 4806 1136 4858 ad
1187 4803 1419 4872 primum
1459 4798 1672 4859 attinet,
1725 4800 1869 4846 recte
1916 4791 2127 4845 habet:
2179 4803 2301 4841 nam

718 4905 1106 4973 Theophanem
1129 4896 1445 4951 historicum
1473 4890 1743 4945 diversum
1772 4900 1891 4939 esse
1925 4901 1952 4937 a
1982 4882 2147 4937 Paulo
2180 4880 2305 4933 Dia-

712 5013 853 5055 cono
882 4996 998 5051 sive
1049 4999 1269 5044 auctore
1321 4983 1576 5038 Historia:
1616 4978 1883 5040 niiscellw,
1937 4976 2119 5030 multis
2151 4989 2301 5028 com-

715 5094 900 5164 probat
962 5086 1215 5141 Canisius
1283 5094 1429 5135 t0tu0
1468 5078 1557 5130 illo
1606 5074 1748 5136 \‘lll,
1806 5072 1969 5125 citato
2020 5068 2301 5129 Biblioth.,

710 5160 1058 5249 ostenditque
1102 5175 1413 5245 impositum
1460 5169 1627 5224 fuisse
1674 5164 1947 5227 Baronio,
2001 5176 2197 5231 magno
2251 5160 2302 5211 in

715 5276 1006 5331 Annalibus
1039 5268 1389 5326 conserendis
1420 5265 1557 5327 viro,
1606 5261 1697 5331 qui
1733 5273 1855 5313 cum
1884 5257 2049 5309 multa
2078 5270 2137 5307 ac
2162 5266 2306 5323 sa-pe

711 5389 776 5426 ex
812 5368 977 5423 Paulo
1006 5365 1247 5419 Diacono
1272 5358 1579 5415 testimonia
1614 5357 1664 5409 in
1687 5368 1782 5408 eos
1803 5350 2040 5413 confert,
2070 5350 2180 5401 vult
2212 5348 2301 5400 illa

718 5478 846 5520 esse
893 5478 957 5517 ex
995 5476 1123 5514 vero
1156 5456 1486 5525 Tlte0phane
1514 5452 1602 5519 qui
1644 5448 1782 5503 falso
1814 5444 2008 5499 Paulus
2039 5443 2305 5497 Diaconus

713 5558 1042 5612 nominetur.
1084 5550 1190 5605 Sed
1223 5563 1380 5604 secus
1425 5544 1605 5606 habet,
1640 5540 1813 5610 inquit
1836 5538 2105 5599 Gauisus,
2144 5551 2305 5589 verus

710 5647 1072 5715 Throphaues
1093 5654 1279 5695 auctor
1305 5640 1545 5693 historia:
1572 5650 1676 5687 non
1708 5642 1790 5687 est
1827 5632 1914 5685 ille
1937 5630 2134 5683 l’aulus
2174 5627 2303 5680 Dia-

710 5756 909 5805 conos;
966 5750 1197 5804 namque
1252 5734 1352 5786 huc
1401 5744 1595 5783 nomen
1648 5724 1787 5781 falso
1843 5724 1917 5778 illi
1980 5723 2241 5776 tributum
2287 5738 2299 5774 :

712 5835 813 5888 alia
880 5842 961 5890 est
998 5832 1167 5897 l’uufi,
1224 5828 1327 5884 alia
1368 5823 1714 5896 Theophanis
1764 5822 2014 5887 historia,
2065 5821 2299 5877 nondum

2420 462 2636 528 quidem
2670 463 2722 515 in
2746 464 2916 517 lucem
2944 464 3085 517 edita
3116 481 3128 529 ;
3163 464 3256 518 sed
3286 480 3403 519 eam
3437 466 3701 535 promittit
3723 466 4008 527 Canisius.

2417 563 2473 605 et
2501 554 2743 621 pluribus
2774 557 2917 610 hunc
2940 572 3181 611 errorem
3208 560 3458 629 detegere
3493 562 3665 630 pergit
3694 580 3707 625 ;
3734 563 3885 629 cujus
3918 581 4010 613 rn-

2421 645 2596 698 tiones
2617 646 2853 716 legendaa
2877 649 3015 715 apud
3038 649 3231 717 ipsum,
3257 666 3428 718 neque.
3449 654 3592 705 enim
3614 654 3782 705 nostri
3806 667 3963 721 uoqot
3979 655 4007 705 .i

2417 747 2500 789 est
2523 752 2617 790 eas
2654 741 2740 793 hic
2774 741 3046 808 prosequi.
3072 739 3223 806 Quod
3257 753 3434 795 autem
3467 744 3531 795 ad
3559 756 3797 797 nostrum
3826 746 4008 798 Then-

2418 832 2650 897 phancm
2696 843 2927 900 speetat,
2967 848 3090 886 eum
3140 848 3260 888 esse
3290 836 3512 888 omnino
3555 838 3717 889 alium
3750 855 3776 888 a
3823 838 4008 890 Tbt-o-

2419 924 2596 990 phane
2632 924 2913 991 historico,
2948 935 3095 995 patet
3128 942 3190 979 ex
3235 928 3441 982 ratione
3469 939 3773 994 temporum
3806 932 4011 998 quibus

2417 1016 2668 1070 vixerunt
2717 1018 3161 1085 srripseruntqne
3195 1036 3207 1070 :
3240 1026 3383 1086 patet
3429 1036 3491 1073 ex
3548 1022 3753 1085 ratione
3784 1036 3905 1074 \'II:C
3957 1035 4012 1077 «ιι

2424 1109 2613 1161 mortis
2650 1107 2794 1162 illius
2824 1111 3085 1163 historici.
3114 1110 3186 1164 l)e
3224 1112 3325 1164 hoc
3357 1114 3498 1165 enim
3529 1114 3599 1167 ita
3630 1118 3814 1169 scribit
3842 1116 4003 1169 Joazi.

2413 1198 2770 1265 Curopalates
2820 1201 2933 1268 ipso
2978 1216 3089 1255 sua:
3140 1202 3377 1255 hisroriae
3434 1204 3609 1256 initio.
3665 1204 4008 1273 'l'ht-opi‘mncs

2416 1293 2704 1360 confessor,
2739 1304 2785 1344 et
2826 1295 2951 1361 Agri
2991 1294 3102 1345 dux
3144 1297 3272 1363 (hoc
3304 1306 3385 1349 est
3422 1299 3728 1367 ἡγούμενος
3755 1303 4007 1367 nequiue-

2417 1402 2535 1446 nus,
2570 1387 2708 1449 quod
2739 1386 2875 1438 idem
2916 1401 2977 1439 ac
3014 1387 3205 1451 abbas)
3241 1392 3549 1443 accuratius
3593 1408 3623 1442 a
3654 1408 3707 1441 se
3727 1407 4007 1457 percursas

2414 1478 2697 1527 historicos
2731 1478 2891 1530 libros
2926 1478 2978 1529 in
3003 1479 3370 1547 compendium
3407 1481 3528 1531 item
3562 1484 3773 1549 redegit.
3813 1481 4007 1532 Verum

2416 1570 2673 1639 Georgius
2728 1571 2849 1637 (iuit
2897 1573 2982 1623 hic
3022 1574 3363 1633 monachus,
3419 1572 3625 1626 Tarasii
3680 1576 4008 1641 patriam-ire

2416 1664 2686 1731 syncellus
2718 1703 2730 1721 ,
2786 1662 2909 1714 item
2966 1664 3281 1731 liiStoricus)
3332 1669 3397 1715 ab
3451 1666 3573 1717 orbe
3607 1668 3818 1717 condito
3854 1666 4006 1729 facto

2414 1757 2565 1806 initio
2610 1756 2662 1807 in
2702 1765 2956 1821 tyrannos
3004 1755 3394 1810 Muxiinianum
3431 1760 3644 1827 ejusque
3669 1760 3833 1824 ﬁlium
3876 1757 4003 1810 Μία-

2414 1847 2676 1897 aiminum
2706 1850 2859 1901 desiit
2899 1867 2915 1902 :
2973 1846 3312 1913 TheOphaues
3374 1865 3488 1900 rero
3533 1851 3677 1900 illius
3732 1850 3858 1906 lines
3898 1850 4005 1899 siti

2415 1942 2628 2005 Ρνομνίο
2687 1943 2926 1993 lN-‘lllttlo
2982 1943 3244 2007 principio
3311 1942 3625 2008 reliquisque
3679 1942 4004 2005 lt‘tttporil'tts

2417 2037 2632 2085 brcritcr
2666 2036 2967 2098 descriptis.
3000 2051 3116 2085 cum
3152 2040 3220 2085 ad
3266 2033 3553 2098 Niceti/tori
3598 2036 3837 2096 imperat.
3878 2033 4005 2084 Obt-

2416 2138 2524 2178 tum
2556 2130 2867 2187 prrrcnissct
2896 2170 2909 2185 ,
2949 2129 3019 2180 ibi
3058 2144 3167 2178 suu'
3197 2128 3351 2191 finem
3388 2128 3683 2178 narrationi
3720 2128 3999 2189 imposuit.

2418 2220 2541 2273 lla'c
2573 2220 2803 2289 Curopal
2827 2233 2949 2283 ttcs,
2987 2237 3049 2272 cx
3079 2236 3183 2288 quo
3224 2222 3370 2274 rides
3407 2220 3790 2287 'l'beophanrtn
3825 2218 4002 2271 histo-

2416 2314 2610 2375 l'iCtItIt,
2639 2315 2729 2381 qui
2772 2330 2798 2364 :t
2829 2312 3173 2374 Maximiano,
3214 2314 3299 2363 ulti
3330 2314 3594 2381 Guergius
3621 2314 3778 2365 desiit
3827 2312 3999 2379 (iiIi-tn

2413 2417 2495 2459 est
2522 2418 2702 2459 autem
2737 2409 2915 2459 dicere
2944 2422 2969 2457 a
3010 2405 3360 2465 Diocletiano,
3392 2419 3447 2458 ut
3484 2408 3635 2460 habet
3665 2405 3997 2457 Bibliotheca

2416 2497 2624 2566 Magna)
2657 2498 2821 2551 fuisse
2854 2500 3127 2562 abbatem,
3154 2510 3201 2549 cl
3234 2502 3296 2550 ad
3329 2500 3685 2567 Nicephorum
3713 2500 3999 2551 historiam

2414 2593 2751 2661 perduxisse.
2785 2596 3102 2648 Anastasius
3141 2595 3179 2645 li
3206 2595 3611 2653 bliotltecat‘ius,
3634 2595 3720 2661 qui
3765 2596 3813 2645 in
3854 2592 4005 2643 Lali-

2415 2700 2539 2736 num
2591 2685 2750 2738 vertit
2803 2672 3081 2739 liiStoriani
3134 2684 3499 2752 TbeOphanis,
3541 2687 3681 2736 hunc
3718 2687 3999 2744 eumdem,

2410 2791 2573 2846 quem
2602 2778 2836 2830 diximus
2863 2794 2925 2830 ex
2952 2777 3294 2845 Curupalata,
3325 2778 3643 2828 numacltum
3672 2786 3723 2829 et
3743 2776 4001 2827 abbatem

2412 2872 2538 2941 Agri
2565 2872 2942 2937 miraculisque
2962 2871 3161 2924 clarum
3189 2872 3429 2924 extitisse
3462 2872 3543 2922 bis
3567 2871 3742 2922 verbis
3767 2870 3955 2921 scribit
3986 2888 3999 2919 :

2414 2964 2490 3017 De
2518 2966 2682 3015 altero
2725 2966 2941 3030 (nempe
2984 2962 3336 3031 Theophane)
3378 2965 3504 3029 quid
3549 2964 3743 3023 diram,
3788 2980 3905 3013 cum
3951 2974 3999 3011 rt

2411 3057 2523 3121 eius
2559 3058 2856 3123 conscripta
2893 3054 3034 3117 Vita,
3067 3056 3296 3124 qualiter
3326 3057 3559 3108 videlicet
3591 3057 3777 3120 amplis
3816 3059 4001 3120 patri-

2412 3148 2603 3200 moniis
2658 3148 2893 3199 venditus
2968 3164 3175 3199 crucem
3252 3164 3405 3199 suam
3466 3148 3690 3208 tulerit,
3756 3148 4005 3213 qualiter

2409 3250 2616 3289 secutus
2642 3236 2906 3291 Christum
2931 3238 3131 3289 abbatis
3183 3239 3233 3289 in
3258 3239 3575 3289 monasterio
3611 3239 3732 3305 Agri
3779 3240 4002 3305 functus

2410 3330 2598 3397 ofﬁcio,
2647 3330 2928 3381 rirtutibus
2978 3330 3211 3399 fulserit,
3251 3331 3522 3381 miraculis
3566 3330 3888 3391 coruscarit,
3949 3340 4005 3381 ct

2404 3421 2811 3486 circumquaque
2862 3422 3138 3487 regiones,
3188 3422 3267 3471 Itis
3322 3423 3412 3487 qui
3438 3437 3593 3487 prope
3644 3431 3692 3472 et
3756 3421 3835 3470 his
3897 3423 4000 3485 qui

2410 3510 2561 3575 longe
2587 3517 2712 3558 sunt
2741 3506 2991 3559 clament.
3030 3506 3153 3560 llaec
3200 3509 3516 3560 Anastasius
3566 3512 3631 3561 de
3663 3510 3962 3576 'l'heopban
3993 3530 4005 3555 τ

2409 3602 2688 3655 historico.
2735 3602 2946 3653 Obitum
2994 3611 3172 3652 autem
3220 3602 3341 3667 ejus
3370 3604 3467 3654 Sili)
3520 3600 3697 3653 LeOne
3727 3602 4001 3663 Arimino,

2409 3693 2765 3747 lconomacho
2791 3708 2932 3745 anno
2962 3692 3078 3759 ejus
3112 3693 3242 3761 imp.
3285 3695 3334 3757 1,
3366 3693 3434 3743 ob
3481 3694 3845 3746 defensionem
3882 3696 3999 3748 Ss.

2407 3788 2701 3856 imaginum
2759 3786 3051 3856 contigisse
3105 3796 3287 3838 narrat.
3338 3786 3656 3848 (Iedrenus,
3698 3799 3752 3840 et
3802 3802 3870 3840 ex
3928 3802 4005 3841 co

2407 3876 2668 3931 llat‘Onius
2696 3880 2760 3928 ad
2786 3892 2985 3929 annum
3010 3875 3209 3930 Christi
3239 3876 3295 3928 8i
3318 3878 3364 3940 ί,
3400 3893 3461 3931 ex
3495 3894 3599 3944 quo
3624 3879 3736 3929 haec
3768 3879 3956 3944 act-ipe
3986 3896 3999 3928 :

2405 3968 2532 4024 Cum
2590 3978 2761 4020 autem
2820 3964 3210 4017 Proconnesum
3256 3969 3605 4019 abtlucerctir
3661 3968 4005 4034 Nicephorus

2405 4063 2532 4133 (fuit
2584 4063 2669 4116 hic
2737 4060 3047 4129 patriarcha
3103 4058 3252 4113 (1.1‘.
3282 4060 3369 4126 qui
3424 4060 3762 4113 subscribere
3824 4062 4006 4128 impio

2404 4157 2583 4210 edicto
2639 4154 2835 4209 Leonis
2894 4155 3149 4211 Armenis
3195 4165 3381 4208 contra
3423 4154 3521 4208 SS.
3564 4155 3824 4221 imagines
3882 4172 4004 4207 ιιοει

2403 4246 2660 4299 sustinuit
2684 4260 2857 4311 eaque
2890 4259 3046 4297 causa
3069 4246 3135 4297 ab
3157 4260 3221 4298 eo
3255 4246 3512 4297 multatus
3553 4248 3791 4315 exsilio),
3824 4245 4007 4300 Timo-

2401 4339 2603 4405 phanus
2630 4336 2897 4405 confessor
2925 4335 3112 4405 Magni
3144 4336 3272 4404 Agri
3320 4338 3600 4404 pra-fectus
3630 4356 3744 4390 eum
3778 4342 4008 4407 ttat’igio

2402 4430 2708 4499 prastervehi
2740 4430 2918 4482 divino
2973 4430 3225 4481 instinctu
3280 4432 3525 4491 sentiens,
3580 4447 3695 4482 cum
3741 4432 3793 4483 in
3842 4446 4009 4496 parte

2401 4522 2587 4591 prwdii
2610 4521 2840 4589 quadam
2864 4521 2973 4587 ipse
3009 4531 3206 4588 ageret.
3236 4520 3420 4585 sufﬁta
3452 4532 3499 4572 et
3527 4522 3687 4574 cereis
3742 4540 4011 4590 prosecu-

2402 4622 2486 4665 tus
2511 4623 2620 4676 οδε,
2646 4612 2735 4663 sed
2758 4621 2803 4662 et
2842 4609 3172 4677 Nicephorus
3214 4613 3429 4663 intentis
3468 4616 3710 4664 manibus
3758 4616 4007 4669 ricissim

2407 4706 2773 4774 Theophanem
2826 4704 3074 4757 salutavit
3137 4705 3389 4773 ﬂexisque
3432 4708 3645 4773 genibus
3706 4717 3813 4757 tum
3870 4724 4006 4761 eum

2402 4814 2678 4852 veneratus
2739 4797 3001 4851 benediin
3047 4814 3064 4850 :

2402 4894 2618 4953 rideret,
2657 4893 2748 4944 sed
2789 4893 2901 4943 acie
2944 4893 3129 4944 mentis
3164 4907 3216 4942 se
3250 4902 3431 4942 mutuo
3474 4904 3736 4944 cernentes
3771 4896 4010 4961 dignam

2402 4987 2620 5038 invicem
2645 4985 2894 5037 honorem
2941 4985 3310 5036 eahibuerunt.
3360 4985 3423 5035 Ιτξι
3460 5002 3574 5036 cum
3622 4987 3835 5051 quidam
3883 5004 4011 5042 una

3123 4814 3237 4849 cum
3278 4800 3487 4865 quidem
3528 4810 3710 4850 neuter
3762 4801 4003 4852 alarum

2405 5080 2768 5147 navigantium
2808 5091 3066 5147 qutrreret
3102 5094 3379 5145 quemnam
3420 5078 3660 5130 manibus
3689 5082 3763 5130 ita
3796 5082 3850 5131 in
3896 5100 4008 5133 δεῖ-

2405 5173 2560 5224 blime
2598 5172 2811 5224 elevatis
2852 5172 3137 5235 salutaret,
3184 5172 3579 5222 sanctissimum
3621 5169 4006 5239 Theophanem

2404 5268 2757 5334 confessorem
2809 5270 3115 5331 respondit:
3176 5266 3304 5335 Agri
3348 5264 3675 5331 prtcfectuni,
3738 5267 3829 5334 qui
3902 5287 4011 5322 nos

2406 5362 2613 5429 facibus
2660 5370 2708 5413 et
2734 5361 2919 5429 suffita
2958 5364 3178 5429 excepit.
3232 5360 3414 5429 Neque
3453 5364 3621 5415 multo
3658 5374 3772 5425 post
3816 5366 4015 5417 critus

2406 5471 2579 5508 veram
2612 5453 2900 5523 Nicephori
2938 5455 3337 5521 pra’dictionem
3389 5456 3613 5506 ostendit
3654 5469 3669 5503 :
3705 5472 3824 5504 nam
3874 5472 3945 5506 mi
3973 5476 4017 5510 ες

2404 5562 2522 5598 cum
2576 5546 2757 5597 multis
2803 5547 2924 5598 aliis
2986 5543 3325 5611 Thetrphunes
3377 5561 3581 5613 quoque
3638 5546 3698 5595 ab
3755 5543 3970 5598 Ecclesi
4003 5572 4017 5599 ι

2405 5640 2624 5708 ejectus.
2655 5640 2989 5709 inﬁnitisque
3033 5650 3253 5693 vexatus
3302 5641 3492 5703 modis,
3535 5640 3853 5706 confessoris
3906 5658 4017 5695 co-

2406 5748 2589 5785 ronam
2638 5734 2951 5799 deportavit.
3005 5733 3129 5785 llxc
3158 5730 3456 5795 Ccdrenus,
3511 5746 3632 5799 qua:
3685 5747 3789 5783 non
3844 5736 4019 5795 potui

2408 5828 2460 5880 in
2522 5825 2826 5881 breviorem
2885 5840 3151 5880 summam
3200 5825 3487 5895 colligere;
3552 5824 3767 5879 l'ucrunt
3810 5838 4017 5882 autem
