4172 6432
733 365 801 424 83
1716 370 2115 428 FRANCISCI
2154 370 2418 433 SCORSI
2461 374 2897 437 PROCEMIUM
2932 378 3013 437 II.
3928 380 3998 446 84

735 495 852 529 tuus
902 477 1049 528 Nunc
1075 479 1137 530 de
1161 477 1357 543 dupli(i
1383 476 1726 545 Theophanis
1752 489 1802 530 et
1825 479 2067 548 Gregorii
2091 483 2308 535 nomine

731 570 1060 634 exponenda:
1096 571 1147 621 itt
1184 569 1358 620 medio
1395 569 1738 636 f‘OthPL‘UIl'il‘.
1775 569 1828 622 in
1873 571 2113 637 pluribus
2155 573 2306 624 ttohi-

733 663 952 716 tissitnis
985 663 1324 715 hildiotltucis
1354 661 1595 728 Europe,
1621 663 1914 726 Gallicana,
1945 663 2310 728 Hispaniensi,

732 754 1030 821 pt‘mscrtitn
1057 769 1183 805 Vero
1215 754 1468 807 Vaticana
1505 756 1708 808 dnohtts
1739 756 2009 809 ιείδτίιιριὶε
2036 756 2312 809 codicibus

730 848 781 899 in
836 862 962 899 mss.
1010 847 1208 900 caulem
1261 857 1314 899 et
1362 859 1614 901 contextu
1668 860 1718 900 et
1770 863 1994 901 munero
2037 849 2147 901 fere.
2196 848 2307 916 pari

732 940 963 992 humilia:
1014 941 1065 993 in
1115 941 1287 994 alti-ro
1330 940 1709 1007 Theophanis,
1746 940 1797 992 in
1850 939 2019 992 altero
2063 938 2307 1007 Gregorii

730 1033 1103 1101 praescriptum
1147 1032 1437 1101 pra-ferunt
1481 1048 1698 1085 nomen.
1732 1033 1835 1085 Sed
1873 1034 1921 1083 in
1961 1033 2061 1085 hac
2097 1034 2306 1084 dissen-

727 1125 878 1179 sione
926 1125 1056 1179 illud
1109 1126 1267 1177 modo
1312 1126 1595 1188 convenit,
1631 1125 1770 1191 quod
1823 1133 1874 1177 et
1920 1124 2216 1175 Gerameus
2256 1133 2310 1175 et

726 1216 1167 1283 archiepiscopus
1192 1215 1678 1268 Taurotneuitauus
1711 1216 1859 1283 isque
1893 1214 2231 1281 σοφώτατος,
2256 1220 2308 1263 et

728 1308 1201 1377 ρητορικώτατος,
1232 1310 1647 1375 sapientissimus
1691 1310 1942 1362 nimirum
1978 1319 2031 1359 et
2059 1307 2306 1375 eloquar

724 1402 959 1454 :issinms
998 1401 1332 1453 inscribitur.
1370 1401 1521 1454 Unde
1557 1410 1648 1454 aut
1682 1401 1813 1454 duos
1851 1402 2130 1469 episeopos
2160 1398 2302 1451 Tau-

726 1494 951 1546 mmenii
977 1496 1165 1547 eodem
1196 1494 1518 1557 cognomine
1544 1492 1788 1556 alTeetos,
1813 1494 2001 1545 eadem
2026 1491 2306 1559 sapientia-

723 1599 775 1639 et
800 1587 1120 1655 eluquentia-
1154 1587 1310 1641 laude
1344 1587 1579 1655 insignes
1610 1587 1872 1655 suspicari
1905 1587 2051 1644 licet.
2079 1602 2303 1653 quorum

721 1678 968 1732 fortassis
1011 1679 1147 1730 alter
1188 1682 1254 1731 ab
1302 1680 1473 1732 altero
1520 1679 1765 1732 ltomilias
1813 1678 2190 1746 exscripserit,
2223 1675 2305 1729 vel

722 1773 848 1837 quid
899 1771 1040 1825 aliud
1088 1774 1289 1826 certius
1335 1788 1363 1825 a
1414 1788 1497 1827 me
1535 1783 1618 1827 est
1665 1770 2016 1825 afferendum.
2070 1771 2132 1823 Et
2176 1784 2307 1824 sane

723 1866 849 1917 illud
905 1865 973 1917 ita
1026 1865 1302 1919 censuisse
1357 1865 1473 1919 \ide
1526 1865 1586 1918 P.
1660 1864 1943 1920 Octavium
2007 1862 2303 1916 Gaetannm

724 1971 834 2011 tum
896 1958 943 2010 in
1010 1958 1132 2011 Idea
1191 1960 1401 2027 Operis,
1457 1974 1617 2027 quam
1678 1969 1932 2053 tanmtant
2000 1957 2306 2026 πρόδρομῡν

720 2053 983 2121 ’βξ-,ιξιιιὴη
1035 2053 1085 2105 ia
1148 2054 1357 2116 lucem,
1417 2062 1526 2105 tum
1587 2053 1639 2105 in
1694 2051 1823 2105 aliis
1866 2051 2119 2113 schedis,
2169 2064 2306 2117 quas

723 2164 852 2200 mss.
906 2147 1147 2216 reliquit;
1206 2146 1345 2199 idem
1398 2148 1540 2215 dom.
1584 2146 1833 2201 Rocchus
1883 2146 2098 2205 Pirrus.
2138 2144 2306 2196 abbas

721 2240 968 2305 Setinus,
998 2242 1061 2293 de
1093 2254 1198 2308 quo
1229 2254 1387 2309 supra
1424 2253 1564 2307 smpe
1596 2240 1963 2299 meminimus,
1997 2238 2048 2290 in
2089 2235 2302 2290 Notitia

720 2335 976 2388 Ecclesia:
1015 2334 1499 2399 Taurmncnitumr,
1536 2335 1585 2387 in
1625 2349 1727 2403 qtta
1767 2341 1885 2402 post
1920 2330 2302 2400 Theophanem

720 2438 971 2483 accenset
1025 2428 1344 2498 Gregorium
1404 2428 1756 2491 Cerameum;
1824 2426 1964 2479 idem
2025 2435 2151 2479 ante
2207 2426 2303 2478 hos

718 2538 905 2576 omnes
930 2523 1193 2575 Antonius
1220 2520 1564 2584 Possevinus,
1584 2520 1673 2588 qui
1704 2521 1753 2573 in
1780 2520 1954 2572 iudice
1978 2518 2300 2584 scriptorum

720 2616 841 2669 libri
879 2617 967 2683 qui
1008 2615 1321 2668 ittSt'l'ilvilIIr
1358 2617 1658 2683 Apparatus
1694 2630 1862 2674 sacer,
1898 2610 2059 2665 alium
2092 2609 2299 2679 Grego-

719 2708 879 2769 rium,
909 2707 1072 2759 alium
1101 2706 1487 2773 Theophanem
1516 2705 1807 2759 (ierameos
1834 2713 2091 2771 utrosque
2117 2712 2301 2755 aucto-

717 2814 806 2853 res
864 2798 1208 2853 homiliarunt
1267 2798 1414 2852 iacit.
1465 2799 1570 2850 Sed
1624 2798 1865 2867 profecto
1913 2796 1996 2850 his
2050 2794 2302 2848 omnilms

716 2892 1105 2961 scriptoribus,
1142 2892 1231 2959 qui
1274 2892 1326 2944 in
1368 2905 1531 2958 opere
1575 2905 1671 2944 suo
1712 2890 1922 2945 edendo
1955 2898 2173 2942 strenue
2204 2902 2302 2955 pro

717 3002 779 3041 ne
815 2986 1045 3055 quisque
1089 2985 1462 3049 elaborarunt,
1497 2985 1612 3038 laus
1652 2993 1738 3038 est
1776 2998 1968 3052 magna
2016 2983 2298 3034 tribuenda

716 3080 858 3144 quod
920 3088 1175 3148 egerunt.
1226 3078 1378 3133 venia
1435 3078 1611 3132 danda
1674 3079 1716 3131 si
1774 3077 1900 3145 quid
1959 3085 2296 3130 erraverunt.

720 3172 1003 3239 Negotium
1040 3172 1140 3223 illis
1175 3170 1267 3223 fuit
1302 3171 1473 3223 Solum
1509 3170 1787 3236 colligendi
1822 3171 1964 3222 viros
1999 3180 2216 3222 sant-tos
2250 3178 2301 3219 et

716 3266 916 3318 virtute
958 3266 1199 3334 insignes
1242 3263 1461 3321 Sicilhe.
1502 3275 1553 3318 ut
1604 3265 1861 3327 (Iactano,
1894 3263 1977 3315 vel
2018 3263 2300 3331 episcopos

716 3360 958 3428 ejusdem
1006 3359 1317 3427 provincim,
1355 3370 1405 3410 ut
1452 3359 1624 3420 t'irro,
1662 3358 1741 3412 vel
1787 3357 2083 3425 scriptores
2122 3355 2299 3410 eccle-

719 3453 991 3519 siasticos,
1023 3462 1078 3506 ut
1123 3451 1447 3517 Posscvino;
1502 3452 1667 3518 igitur
1712 3452 1800 3505 ubi
1852 3465 2101 3519 reperere
2150 3445 2297 3501 varia

718 3552 939 3602 nemina
990 3558 1323 3610 sanctorum,
1367 3546 1765 3615 episcoporum,
1804 3544 2151 3610 scr1ptorum,
2193 3557 2297 3596 ttOu

717 3651 799 3694 sat
836 3641 972 3694 bene
1007 3640 1159 3693 lectis
1196 3649 1248 3693 et
1281 3640 1556 3706 inspecns,
1593 3640 1719 3707 quin
1764 3638 1871 3690 imo
1914 3652 2012 3690 nec
2054 3651 2082 3688 e
2124 3637 2299 3703 primo

715 3734 901 3786 limine
938 3734 1066 3786 visis
1100 3733 1230 3801 ipsis
1265 3732 1629 3795 sermonibus,
1665 3747 1851 3785 eorum
1892 3741 2138 3783 auctores
2177 3740 2297 3783 tan-

713 3841 874 3893 quam
893 3828 1137 3880 diversos
1167 3840 1395 3894 posuere
1419 3842 1436 3885 :
1462 3834 1610 3879 certo
1635 3826 1777 3877 enim
1807 3823 1936 3877 milii
1970 3824 2295 3892 persuadeo,

714 3935 987 3987 nunquam
1028 3933 1139 3978 cos.
1176 3920 1315 3987 quod
1354 3920 1592 3986 ipsorum
1634 3931 1860 3971 acumen
1896 3929 1999 3980 est,
2030 3917 2298 3985 judicatu-

713 4027 801 4064 ros
829 4013 965 4065 duos
999 4023 1173 4064 tresve
1205 4013 1384 4078 operis
1418 4012 1575 4080 hujus
1613 4024 1882 4074 auctores,
1915 4011 1957 4064 si
1995 4010 2045 4063 id
2082 4012 2296 4077 penitus

712 4106 1134 4174 perspexissent.
1173 4104 1301 4159 Mihi
1355 4118 1563 4167 autem,
1602 4109 1689 4175 qui
1739 4108 1787 4159 in
1833 4123 1897 4161 eo
1941 4106 2131 4159 Latine
2172 4121 2296 4158 vcr—

711 4196 873 4249 tendo
904 4199 1151 4266 notisque
1184 4199 1505 4266 explicando
1537 4198 1879 4252 elucubratus
1911 4214 2047 4259 sum,
2078 4197 2166 4266 qui
2203 4212 2296 4249 eos

713 4306 997 4344 sermones
1028 4307 1133 4343 non
1166 4292 1229 4343 de
1263 4290 1397 4344 l'atie
1432 4301 1636 4344 tantum
1672 4293 1815 4354 novi,
1847 4289 1939 4343 sed
1977 4291 2120 4343 intus
2146 4290 2293 4357 peni-

710 4395 901 4448 tusquu
942 4382 1185 4451 pernovi,
1220 4384 1371 4447 fides,
1404 4384 1590 4442 credo.
1623 4382 1727 4436 erit
1772 4400 1799 4436 a
1848 4382 2003 4437 bonis
2045 4383 2292 4436 omnibus

712 4476 995 4540 habenda,
1029 4478 1072 4530 si
1109 4478 1445 4530 contrarium
1481 4486 1910 4546 statuatnoatque
1946 4475 2017 4529 illi
2055 4476 2292 4545 scripse-

712 4579 835 4621 rant
863 4579 917 4624 et
950 4584 1117 4621 unum
1155 4569 1512 4638 eumdemun
1547 4585 1665 4623 esse
1702 4579 1975 4623 auctorem
2005 4567 2289 4622 affirmem.

710 4660 995 4715 Methodus
1020 4669 1101 4714 est
1125 4662 1175 4713 iu
1200 4662 1451 4715 omnibus
1477 4660 1689 4723 eadem,
1710 4661 1880 4731 stylus
1906 4661 2045 4715 idem
2070 4662 2293 4715 omnino

707 4757 888 4823 gravis
926 4762 979 4807 et
1012 4754 1311 4823 expolitus;
1359 4755 1528 4820 pietas
1576 4755 1626 4806 in
1671 4755 1925 4807 omnibus
1963 4769 2057 4823 par
2093 4755 2288 4808 elucet.

707 4846 813 4900 Sed
842 4846 1072 4901 fortasse
1101 4848 1224 4915 quis
1252 4858 1495 4900 autumet
1522 4863 1685 4900 unum
1717 4848 1782 4899 ab
1807 4846 1980 4899 altero
2011 4861 2292 4901 sermones

704 4940 949 5006 integros
974 4937 1334 5006 exscripsisse
1369 4955 1381 4991 :
1418 4935 1519 4990 fuit
1540 4938 1682 4991 enim
1712 4939 1823 4992 lucc
1857 4938 1998 4991 inter
2024 4938 2292 5006 sequimis

704 5028 888 5085 surculi
916 5030 1135 5086 Graecos
1172 5030 1337 5084 nimia
1375 5030 1590 5086 licentia
1628 5040 1680 5084 et
1708 5030 2068 5101 ἀναισχυντία
2106 5041 2290 5083 ιιιιιιιιο

701 5140 819 5180 sese
845 5123 1184 5179 exscribeudi
1216 5134 1268 5178 et
1291 5124 1639 5194 compilandi,
1662 5125 1803 5191 quod
1834 5124 2104 5178 adnotavit
2133 5125 2289 5179 Gret-

703 5235 854 5276 serus
895 5229 1023 5273 tom.
1062 5217 1103 5271 li
1136 5217 1210 5271 De
1242 5236 1426 5283 cruce,
1462 5221 1513 5273 in
1554 5221 1696 5272 notis
1731 5218 1947 5289 Georgii
1986 5218 2285 5273 Hamartoli

703 5311 980 5365 notniliam
1018 5336 1028 5366 ;
1066 5312 1206 5378 haec,
1236 5313 1477 5381 inquam,
1509 5329 1625 5383 qum
1653 5312 1827 5384 quivis
1857 5314 2132 5383 objectare
2164 5330 2289 5383 pos-

700 5407 769 5459 sit
803 5408 937 5461 scio.
975 5406 1080 5461 Sed
1123 5407 1188 5462 de
1230 5407 1331 5463 hoc
1373 5422 1537 5474 opere
1579 5408 1884 5476 suspicetur
1923 5408 1972 5462 id
2010 5410 2099 5477 qui
2137 5408 2286 5471 velit,

704 5514 804 5567 ego
854 5496 1104 5568 equidem
1156 5514 1433 5571 nunquam
1481 5499 1705 5555 inducar
1756 5511 1815 5555 ιιι
1860 5502 2124 5569 suspicer.
2161 5501 2290 5568 Quis

672 5593 875 5659 enim,
916 5592 1351 5662 Tltc0phanesne
1404 5608 1432 5646 a
1489 5592 1754 5664 Gregorio
1806 5608 1874 5647 an
1930 5595 2015 5649 hic
2070 5595 2136 5649 ab
2194 5595 2286 5649 illo

701 5686 934 5757 sublegit
977 5686 1263 5741 hontilias?
1302 5689 1380 5741 An
1427 5696 1655 5757 uterque
1701 5686 2028 5756 Cerameus,
2066 5698 2293 5760 uterque

701 5779 1143 5850 archiepiscopus
1158 5780 1538 5845 ‘Tauromenii,
1564 5792 1789 5854 uterque
1819 5783 2291 5854 sapientissimus?

695 5878 751 5927 et
785 5884 965 5932 tamen
1005 5891 1142 5931 unus
1174 5878 1241 5931 ab
1278 5876 1451 5933 altero
1483 5872 1689 5936 furatus
1721 5877 1838 5934 est?
1876 5876 1982 5934 Sed
2018 5892 2085 5933 ne
2118 5878 2287 5948 gratis

2419 498 2473 539 ct
2506 501 2568 540 ex
2606 502 2791 543 amore
2831 490 3068 560 suscepti
3114 490 3293 559 operis
3334 493 3385 547 id
3430 494 3655 548 inficiari
3694 494 3995 557 videamur,

2418 589 2564 632 certe
2610 583 2869 648 prooemia
2918 584 3029 651 ipsa
3072 600 3301 652 quorum
3346 588 3511 639 multa
3558 602 3661 641 non
3706 601 3770 638 ex
3817 588 3999 655 aliquo

2421 671 2536 724 loco
2570 674 2866 737 communi,
2894 676 2988 728 sed
3026 691 3091 729 ex
3132 687 3375 744 tempore
3403 686 3454 731 et
3489 678 3606 730 loco
3637 678 3771 745 ipso,
3805 678 3855 729 in
3890 693 3998 745 quo

2419 763 2758 830 dicebantur,
2789 776 2840 819 et
2876 780 2937 819 ex
2972 767 3190 823 casibus
3219 768 3455 823 fortuitis
3486 786 3550 823 eo
3584 780 3822 836 tempore
3858 770 3994 823 inci-

2419 854 2668 908 dentibus
2711 867 2945 924 sumpta,
2979 867 3033 912 et
3072 873 3209 927 pene
3247 862 3631 927 extemporalia
3673 871 3818 923 sunt,
3849 868 3901 914 et
3940 871 3996 911 ut

2416 957 2529 999 tum
2574 948 2912 1012 dicebantur,
2950 960 3195 1019 excepta,
3234 962 3285 1005 et
3327 952 3493 1005 multa
3539 952 3830 1020 singularia
3875 967 3996 1019 qua:

2418 1049 2531 1091 tum
2585 1040 2635 1095 in
2683 1041 2846 1109 ipsis,
2879 1053 2988 1096 tum
3038 1045 3180 1098 inter
3227 1045 3515 1101 dicendum
3564 1055 3857 1099 occurrunt
3903 1045 3995 1096 uni

2415 1132 2698 1199 eidemque
2732 1134 3023 1203 contigisse
3061 1136 3415 1201 credendum,
3445 1137 3655 1191 duobus
3691 1147 3745 1188 ut
3779 1136 3995 1189 contiu-

2417 1234 2541 1293 gant
2573 1225 2683 1279 fieri
2714 1227 2934 1280 omnino
2968 1243 3072 1280 non
3110 1235 3306 1295 potest,
3334 1242 3387 1281 ct
3418 1241 3595 1282 tamen
3632 1244 3911 1282 sermones
3943 1228 3995 1280 hi

2418 1316 2515 1367 toti
2553 1332 2675 1369 eum
2710 1318 2960 1371 omnibus
2995 1329 3047 1372 et
3081 1321 3310 1388 singulis
3344 1322 3459 1374 suis
3501 1320 3743 1389 parlihus
3779 1323 3997 1387 utrique

2416 1410 2747 1463 tribuuntur.
2782 1412 3019 1481 Tangam
3054 1424 3371 1478 argumenta
3404 1414 3580 1483 aliqua
3614 1415 3747 1468 dicis
3776 1428 3941 1467 causa
3980 1431 3993 1466 :

2412 1504 2479 1557 de
2507 1506 2715 1557 caeteris
2737 1520 2856 1573 qua:
2886 1520 3096 1573 possem
3125 1506 3336 1564 afferre,
3364 1522 3592 1573 (piaeque
3623 1506 3789 1559 lector
3816 1506 3993 1558 anim.

2414 1599 2692 1652 advertere
2734 1614 2828 1665 per
2863 1614 2919 1653 se
2956 1609 3161 1665 potest.
3196 1600 3357 1653 faciat
3387 1600 3563 1668 quivis
3597 1598 3993 1664 conjecturam.

2414 1689 2469 1741 In
2524 1689 2743 1742 humilia
2793 1690 2857 1743 de
2902 1692 3009 1743 filio
3050 1692 3221 1744 vidua:
3266 1692 3471 1753 (homil.
3500 1687 3574 1753 vt)
3621 1697 3808 1739 auctor
3846 1686 3996 1737 alin!

2411 1780 2512 1832 sibi
2546 1784 2868 1849 prooemium
2901 1784 3232 1850 propositum
3260 1780 3426 1833 fuisse
3453 1779 3603 1837 dicit.
3627 1778 3720 1830 sed
3749 1776 4001 1840 conjecto

2415 1872 2465 1924 in
2521 1882 2727 1938 partem
2776 1873 2925 1927 chori
2979 1875 3256 1927 dexteram
3310 1871 3498 1931 oculo,
3536 1880 3589 1922 et
3641 1870 3766 1921 sede
3814 1867 4003 1919 fratris

2411 1967 2677 2022 demortui
2719 1983 2880 2020 vacua
2917 1978 3229 2037 conspecta,
3267 1974 3331 2020 tle
3371 1982 3435 2019 eo
3478 1975 3528 2017 et
3564 1966 3686 2016 vitm
3731 1963 4003 2014 brevitate

2410 2063 2691 2114 exordium
2740 2062 2941 2125 facere,
2980 2072 3033 2115 et
3078 2063 3240 2115 animi
3286 2062 3620 2130 propositum
3671 2068 3907 2119 mutare,
3943 2064 4000 2104 et

2411 2153 2473 2203 ad
2525 2153 2926 2222 lat-ryntaudum
2968 2155 3082 2222 cogi
3127 2168 3185 2207 se
3228 2154 3535 2206 confitetur.
3571 2150 3623 2201 In
3666 2147 3882 2202 homilia
3927 2144 4000 2197 de

2412 2245 2467 2299 S.
2501 2245 2785 2301 Paucratiu
2816 2246 3028 2315 (homil.
3062 2248 3191 2311 t.vn)
3225 2262 3413 2315 parum
3443 2246 3675 2297 abfuisse
3706 2240 3835 2294 dicit
3860 2238 3997 2305 quin

2412 2346 2529 2407 post
2565 2338 2756 2391 festum
2784 2339 3012 2401 venerit,
3040 2352 3159 2391 eum
3199 2338 3554 2390 maturaverit
3584 2347 3761 2388 tamen
3798 2334 3899 2384 iter
3928 2332 3999 2381 ad

2410 2445 2530 2483 eum
2557 2429 2697 2483 diem
2727 2446 2848 2483 cum
2881 2443 2981 2485 suo
3012 2430 3207 2499 papula
3234 2430 3648 2492 celebrandum;
3684 2425 3775 2477 sed
3799 2438 4000 2491 quam-

2410 2524 2489 2578 vis
2535 2524 2708 2577 fessus
2756 2534 2810 2577 ct
2858 2523 3106 2576 infirmus
3151 2537 3214 2576 ex
3270 2523 3461 2573 itinere
3505 2518 3814 2580 advenerit,
3849 2515 4002 2569 nolle

2412 2629 2587 2671 tamen
2639 2617 2875 2669 sermniii
2926 2618 3131 2671 deesse.
3171 2615 3225 2667 In
3276 2615 3493 2667 homilia
3547 2615 3611 2665 de
3660 2611 4001 2665 Centurione

2408 2710 2619 2777 (homil.
2656 2710 2801 2776 κων)
2834 2709 3163 2762 mentionem
3196 2708 3322 2760 facit
3352 2705 3735 2759 controversia:
3763 2701 3994 2770 iudicia-

2412 2806 2522 2865 ri:e,
2556 2804 2671 2869 ipso
2708 2802 2941 2855 habendi
2980 2802 3247 2856 sermonis
3283 2800 3515 2853 articulo
3544 2799 3644 2851 sibi
3680 2797 3890 2857 ohlalze,
3932 2804 3995 2847 ut

2402 2898 2511 2965 jam
2541 2899 2706 2951 ferme
2733 2896 2926 2949 diaboli
2955 2894 3143 2949 fraude
3170 2906 3467 2947 conventus
3492 2892 3651 2945 fuerit
3676 2888 3995 2957 impeditus.

2408 2990 2461 3043 In
2495 2992 2709 3043 humilia
2742 2993 2805 3043 de
2834 2989 2898 3043 iis
2923 2990 3101 3041 verbis
3133 3007 3144 3042 :
3174 2988 3409 3041 Lucerna
3441 2986 3676 3048 corporis
3708 2992 3781 3035 est
3807 2982 3996 3034 oculus

2407 3087 2614 3153 (lmmil.
2672 3085 2843 3145 ιιιι),
2903 3086 3188 3136 diaconum
3249 3082 3487 3149 graviter
3544 3081 3788 3143 increpat
3845 3078 3995 3142 quod

2407 3197 2597 3233 mnino
2640 3194 2697 3233 se
2733 3176 2965 3245 opprimi
3014 3178 3153 3229 inter
3195 3190 3495 3227 sermonem
3540 3172 3744 3230 siverit,
3781 3180 3832 3221 et
3869 3170 3997 3219 inn-

2412 3274 2614 3340 giurem
2663 3273 3059 3339 perorationem
3098 3286 3161 3322 ex
3207 3280 3444 3333 tempore
3485 3267 3549 3319 de
3590 3278 3779 3317 somno
3822 3262 3998 3315 trahit

2405 3383 2575 3431 eaque
2620 3380 2924 3419 sermonem
2974 3363 3263 3415 concludit.
3301 3361 3422 3414 Ilaec
3466 3368 3519 3413 ct
3561 3365 3812 3411 sexcenta
3858 3356 3992 3411 alia,

2405 3475 2523 3529 qum
2570 3473 2671 3510 non
2721 3458 2896 3512 solum
2948 3458 2998 3509 in
3052 3457 3375 3524 promuniunt
3424 3465 3471 3505 ct
3520 3448 3993 3522 perorationibus.

2405 3557 2498 3609 sed
2538 3556 2587 3605 in
2623 3553 2739 3621 ipso
2774 3552 2987 3605 dicrndi
3026 3566 3188 3603 cursu
3229 3565 3325 3618 pro
3364 3564 3415 3601 re
3452 3560 3571 3599 nata
3618 3546 3887 3601 dicuntur,
3926 3556 3993 3591 et

2409 3660 2675 3716 tempore.
2704 3648 2819 3697 lucu
2853 3655 2905 3699 et
2937 3660 3162 3713 persona
3198 3658 3256 3693 ca
3279 3642 3510 3707 terisque
3543 3635 3995 3690 ιλὶτςιιιιιςιειηιίἱκ.

2403 3744 2623 3795 omnino
2648 3742 2901 3795 evincunt
2929 3754 3029 3789 non
3064 3738 3298 3803 potui~se
3326 3737 3421 3787 hos
3450 3746 3724 3785 set-moues
3753 3730 3996 3797 p‘urium

2404 3852 2523 3889 esse
2554 3850 2672 3886 cum
2706 3833 2815 3884 τῶν
2849 3832 3129 3883 ἀδυνάτων
3158 3831 3225 3881 sit
3257 3846 3315 3881 ea
3351 3843 3507 3895 passo
3538 3825 3747 3877 tluohus
3775 3824 4001 3874 dit-erm

2408 3938 2647 3993 tempore
2696 3923 2879 3975 eadem
2925 3922 3163 3975 evenire.
3200 3919 3463 3973 I't':e!erea
3514 3932 3707 3969 sensus
3748 3914 3999 3978 explica—

2407 4021 2687 4085 tionesque
2734 4016 2973 4068 auctoris
3015 4013 3311 4065 concinnat
3355 4010 3479 4072 sibi,
3514 4019 3564 4061 et
3603 4008 3743 4074 quod
3785 4007 3835 4056 in
3881 4022 3997 4055 una

2406 4114 2641 4170 dictum,
2679 4108 2729 4160 iu
2776 4108 2879 4159 alia
2929 4106 3220 4174 repetitur;
3271 4112 3322 4155 et
3376 4103 3490 4167 iise
3538 4115 3595 4153 se
3641 4100 3705 4150 ad
3751 4100 3999 4165 seipsnm

2407 4206 2589 4265 refert,
2623 4218 2726 4255 non
2764 4216 2887 4253 raro
2915 4215 3033 4268 qum
3061 4212 3159 4251 nos
3192 4197 3241 4249 in
3276 4196 3414 4249 notis
3443 4196 3775 4261 singularum
3813 4193 3999 4244 homi-

2408 4298 2601 4350 l'arum
2640 4306 2893 4361 tanquam
2930 4290 3310 4344 cnncordantia
3354 4286 3728 4338 auuotavimus
3766 4301 3778 4337 :
3817 4298 4004 4351 eaque

2407 4392 2474 4442 ah
2507 4403 2613 4441 uno
2644 4386 2854 4440 artifice
2879 4387 2979 4439 hoc
3006 4398 3140 4452 opus
3170 4392 3329 4451 atque
3355 4382 3421 4434 ab
3447 4396 3548 4433 una
3574 4378 3781 4433 oﬂicina
3810 4378 4004 4430 exisse

2406 4483 2563 4551 plane
2609 4481 3006 4533 demonstrant.
3042 4475 3178 4529 Cum
3227 4475 3390 4545 igitur
3439 4475 3541 4526 hoc
3588 4482 3737 4525 certo
3786 4474 4003 4523 certius

2405 4573 2708 4644 ponendum
2742 4572 2832 4633 sit,
2862 4584 3056 4623 censeo
3086 4569 3227 4621 hunc
3255 4574 3532 4619 auctorem
3564 4563 3729 4617 fuisse
3752 4561 4003 4614 binomi-

2401 4666 2549 4731 nem,
2574 4676 2627 4720 et
2649 4664 2895 4719 eumdem
2921 4661 3305 4730 Theophanem
3334 4668 3386 4712 et
3411 4656 3727 4726 Gregorium
3756 4654 3999 4713 dictum.

2403 4774 2617 4829 semper
2654 4772 2782 4811 vero
2830 4754 3191 4814 Cerameum,
3232 4750 3370 4818 quod
3416 4764 3480 4801 ex
3535 4760 3807 4800 consensu
3853 4760 3996 4798 mss.

2403 4856 2524 4910 cod.
2595 4859 2805 4908 constat
2850 4850 3007 4912 satis,
3039 4858 3092 4901 et
3134 4846 3381 4901 eumdem
3429 4858 3593 4897 unum
3642 4842 3764 4894 hoc“
3786 4854 4003 4909 cognn-

2405 4951 2570 5011 mine.
2596 4947 2688 5001 sed
2716 4943 2915 5013 duplici
2945 4941 3163 4995 nomine
3194 4937 3659 5007 archiepiscopum
3686 4933 4003 4986 Taurome-

2402 5046 2472 5097 nii
2507 5043 2669 5096 fuisse
2700 5059 2713 5095 :
2743 5050 2796 5092 et
2823 5038 3049 5091 alterum
3072 5035 3284 5104 quidem
3315 5048 3508 5086 nomen
3534 5031 3599 5084 ab
3642 5029 4001 5083 incunabulis

2402 5139 2474 5191 illi
2524 5137 2784 5197 inditum,
2830 5132 3060 5185 alterum
3114 5137 3396 5195 postquam
3449 5123 3696 5177 monachi
3741 5123 3997 5176 habitum

2401 5231 2480 5285 vel
2526 5226 2761 5297 episeopi
2817 5238 3011 5276 munus
3062 5220 3390 5287 suscepisset
3435 5218 3769 5285 impositum.
3811 5214 3998 5280 Quam

2399 5323 2634 5377 nominis
2662 5320 3141 5373 commutationem
3170 5330 3272 5366 una
3306 5328 3426 5366 cum
3459 5322 3661 5364 mutato
3686 5313 3809 5361 vita!
3838 5320 3998 5362 ςιτιιτι

2403 5417 2516 5470 tieri
2560 5422 2870 5467 consuetam
2916 5408 3055 5477 apud
3096 5405 3311 5462 Grzecos
3350 5420 3453 5458 non
3490 5406 3660 5458 solum
3697 5418 3759 5454 ex
3798 5401 3999 5455 Theo—

2401 5509 2595 5579 phanis
2628 5505 2797 5560 nostri
2823 5505 3043 5565 smcnlo.
3067 5502 3156 5555 sed
3190 5502 3271 5553 vel
3301 5502 3349 5553 in
3381 5499 3775 5568 antiquissimis
3808 5493 3965 5548 Patri
3994 5528 4004 5533 -

2401 5603 2499 5655 bus
2531 5597 2837 5667 exemplum
2876 5596 3156 5650 habemus.
3190 5595 3247 5649 S.
3280 5592 3577 5660 Gregorius
3614 5588 3999 5643 Neocwsarea:

2396 5694 2700 5763 episcopus,
2734 5692 2818 5747 cui
2866 5688 3299 5760 Θαυματσυργὸς
3352 5701 3650 5755 cognomen
3689 5684 3757 5737 ab
3803 5682 3998 5736 admi-

2393 5786 2579 5842 randis
2604 5784 2856 5856 operibus
2886 5784 3084 5838 factum
3114 5792 3217 5844 est.
3242 5781 3555 5835 Theodorus
3588 5789 3764 5842 antea,
3792 5792 3998 5847 postea

2393 5879 2687 5951 Gregorius
2716 5888 2799 5937 est
2826 5878 3154 5950 appellatus;
3187 5877 3329 5947 quod
3360 5885 3625 5932 testantur
3649 5889 3835 5928 omnes
3872 5873 4004 5931 fere
