4172 6432
154 404 201 463 85
1065 402 1464 464 FRANCISCI
1509 404 1775 463 SCORSI
1816 403 2247 463 PROCEWUSI
2286 403 2368 461 ll.
3295 393 3362 452 si)

154 526 217 586 qui
265 522 327 573 t’e
393 534 457 573 eo
514 520 805 588 scripsere.
863 522 918 575 S.
976 521 1335 593 Hieronymus
1401 524 1452 575 in
1514 523 1682 576 Catal.

154 613 436 679 scriptorum
471 615 661 667 eccles.
700 614 754 668 in
793 613 1063 670 Theodoro
1094 617 1170 668 sic
1205 618 1280 670 ait
1314 635 1325 669 :
1361 615 1684 683 Theodorus,

151 708 216 767 qui
255 716 427 770 postea
480 705 770 776 Gregorius
823 710 1120 777 appellatus
1174 719 1280 772 est,
1332 708 1691 764 Neacwsaretu

154 796 274 849 Ponti
298 800 593 867 cpiscopus,
622 808 726 854 etc.
758 801 1020 855 Eusebius
1047 802 1307 870 Pamphili
1341 800 1689 855 Cmsariensis

154 892 221 942 lia.
254 906 267 943 ι
312 890 458 943 llist.
496 893 625 945 eccl.
664 912 683 946 :
733 893 890 947 Ponti
942 894 1206 947 Ecclesia:
1254 892 1570 961 Gregorius,
1603 893 1689 957 qui

151 983 264 1049 prius
298 981 606 1037 Theodorus
650 995 727 1038 est
773 987 964 1047 dictus,
998 1003 1061 1039 ex
1106 983 1342 1055 Origenis
1387 984 1685 1051 discipulis,

153 1094 238 1127 cuni
270 1076 430 1143 fratre
476 1077 809 1131 Athenodoro
850 1080 1222 1147 gubernandas
1264 1079 1509 1143 suscepit.
1545 1075 1686 1129 Idem

152 1180 187 1217 et
212 1168 410 1231 Sublas,
437 1170 595 1236 cujus
620 1171 785 1223 verba
816 1171 1003 1225 eadem
1041 1169 1151 1224 fere
1176 1186 1292 1238 qum
1322 1169 1685 1239 superiorum.

154 1258 206 1311 De
234 1257 427 1325 Latinis
464 1259 595 1313 nihil
634 1262 916 1330 attingant,
950 1262 1043 1331 qui
1081 1262 1291 1317 duobus
1336 1261 1689 1329 pluribusque

152 1352 420 1404 nominibus
451 1356 585 1415 n0ti,
609 1355 764 1407 modo
797 1370 927 1414 uno,
948 1354 1301 1407 modoaltero
1329 1354 1475 1407 citati
1504 1352 1689 1422 legun-

152 1455 228 1495 tur.
247 1444 301 1508 Ο.
325 1444 640 1499 Florentius
662 1446 952 1515 Septimius
972 1446 1363 1511 Tertulliauus;
1387 1430 1686 1517 Cyprianus

151 1536 332 1586 alterum
354 1550 551 1588 nomen
572 1535 847 1590 Carcilium
869 1554 894 1588 a
915 1537 1128 1592 Crcilio
1149 1539 1459 1607 presbytero
1490 1579 1503 1601 ,
1529 1552 1556 1589 a
1580 1550 1687 1605 quo

151 1627 371 1691 baptismo
414 1628 695 1692 lustratus,
733 1630 833 1683 sibi
880 1630 1157 1699 adjunxit;
1204 1627 1515 1697 Fulgentius
1549 1628 1686 1682 idem

148 1716 459 1771 ctl’luciadcs
484 1720 657 1771 dictus
692 1737 705 1773 :
739 1720 863 1783 hos,
899 1721 1139 1789 inquam,
1172 1730 1223 1775 et
1260 1722 1393 1775 alios
1440 1722 1629 1776 Omitto
1670 1738 1683 1786 ;

146 1810 281 1861 solum
308 1826 366 1862 et
398 1811 743 1879 Theophanis
776 1815 942 1866 nostri
970 1815 1051 1867 vel
1081 1830 1198 1868 eum
1234 1812 1689 1883 consequentibus

148 1906 317 1956 sa'cuiis
344 1902 657 1958 Gra‘corum
717 1907 908 1960 iterum
970 1918 1284 1976 argumenta
1351 1909 1685 1976 depromam.

148 1995 465 2064 lguatium
519 1998 877 2065 patriam-ham
932 1998 1347 2068 Coustantinop.
1400 2010 1687 2069 antequam

147 2089 354 2140 monachi
400 2089 570 2141 vitam
618 2091 813 2152 iniret,
850 2090 1091 2145 Nicetatn
1138 2092 1463 2162 appellatum
1491 2131 1505 2156 ,
1539 2099 1593 2145 ct
1636 2091 1688 2143 ia

146 2182 260 2234 aditu
294 2181 561 2250 religiosae
594 2188 715 2237 \ita:
751 2186 801 2237 id
837 2200 1028 2239 nomen
1068 2187 1119 2239 iu
1160 2185 1419 2255 lgnatium
1465 2186 1689 2239 submu-

148 2282 259 2325 tisse
281 2284 461 2327 auctor
485 2284 568 2329 cst
597 2274 814 2332 Nicetes
844 2277 1006 2332 David
1036 2279 1086 2332 in
1112 2279 1228 2348 ejus
1258 2276 1369 2332 Vita
1399 2296 1410 2330 :
1442 2275 1689 2347 Νικήτας

218 2367 562 2434 ἁποκεὲρεται
617 2370 746 2439 μὲν,
796 2372 889 2424 καὶ
935 2371 1098 2435 auro;
1147 2373 1403 2440 Ἰγνάτιος
1453 2370 1688 2441 μετωνό-

149 2474 333 2523 μιςτιι.
377 2460 597 2514 Vit-clas
635 2464 882 2517 tondetur
912 2467 1153 2527 quidem,
1187 2474 1233 2517 et
1269 2467 1403 2516 idem
1443 2465 1494 2516 in
1532 2463 1692 2531 Igna-

147 2554 246 2601 tnnu
290 2555 505 2607 mutat-it
562 2572 771 2608 nomen.
810 2556 972 2609 Paulo
1028 2566 1179 2623 post,
1219 2557 1307 2610 ubi
1361 2557 1426 2609 de
1475 2573 1541 2611 eo
1580 2557 1690 2624 jam

147 2646 371 2697 monacho
392 2648 640 2701 scribere
676 2649 863 2716 incipit
897 2668 909 2701 :
940 2651 1207 2720 Νικήτας,
1243 2652 1270 2702 ὁ
1310 2651 1401 2704 καὶ
1432 2652 1691 2716 Ἰγνάτιος

145 2730 211 2786 οἶά
243 2754 316 2799 τις
359 2740 755 2805 sire/satam;
800 2742 978 2811 ερπηξ
1025 2745 1082 2795 ἐν
1122 2742 1198 2810 τῷ
1242 2742 1377 2813 οἴκῳ
1420 2742 1514 2794 τοῦ
1555 2741 1689 2795 Θεοῦ

146 2829 419 2891 φυτευθείς.
456 2829 703 2892 Nicetes,
734 2833 825 2901 qui
870 2842 917 2884 et
958 2832 1220 2901 Ignotius,
1247 2834 1409 2887 veluti
1450 2834 1690 2887 surculus

145 2922 323 2987 quidam
349 2923 714 2977 nobilissimus
747 2926 798 2975 in
824 2926 979 2977 domo
1006 2924 1101 2978 Dei
1130 2925 1423 2991 plautatus.
1450 2927 1689 2978 Alterum

145 3015 412 3083 exemplum
445 3016 623 3069 habeo
650 3016 891 3083 ejusdem
925 3018 1182 3085 temporis
1202 3033 1266 3072 ex
1293 3018 1479 3072 eodem
1507 3017 1691 3071 Niceta

151 3106 283 3160 Duid
329 3110 561 3173 petitum
607 3110 697 3175 qui
746 3109 814 3161 de
864 3111 1031 3175 ipsius
1076 3110 1249 3162 sancti
1298 3110 1484 3180 lguatii
1527 3111 1694 3165 fratre

146 3194 519 3269 Theopbylacto
554 3200 692 3251 idem
730 3208 1007 3254 testatur:
1040 3200 1259 3253 Τούτων
1313 3200 1692 3269 Θεοφύλακτος

148 3292 225 3356 μὲν
249 3292 273 3343 ὁ
294 3294 512 3343 πάντων
540 3293 889 3360 πρωτότοκος
919 3292 1037 3360 ἅμα
1064 3294 1175 3355 τοῖς
1205 3294 1477 3362 πατρὰστν
1506 3293 1691 3354 αὐτοῦ,

147 3382 217 3431 ιιὶ
240 3383 515 3449 βιπι).εὖσι
542 3384 664 3436 τότε
694 3385 1023 3453 κειράμενος
1053 3386 1131 3447 εἷς
1163 3384 1493 3454 Εὑστράτιον
1521 3402 1694 3453 μετω-

145 3473 371 3543 νομάσθη.
399 3474 613 3528 Horum
632 3474 1045 3545 TlteOpltylactus
1064 3477 1440 3545 primogenitus
1464 3476 1692 3529 omnium

144 3582 225 3619 tum
254 3587 364 3622 cum
394 3572 644 3637 patribus
682 3572 795 3622 suis
833 3580 880 3623 et
912 3571 1317 3637 imperatoribus
1356 3566 1692 3637 (Micltaelent

142 3660 493 3729 L'umpalatam
527 3671 586 3717 et
612 3660 927 3730 Procopium
964 3661 1243 3729 utriusque
1267 3670 1519 3730 parentes
1542 3668 1698 3715 vocat

146 3752 466 3819 imperatores
512 3758 583 3809 de
624 3755 820 3824 quibus
866 3769 1027 3824 supra
1075 3752 1309 3823 dixerat)
1354 3763 1595 3806 attonsus
1643 3753 1697 3805 iu

147 3846 442 3902 Eustratium
478 3865 672 3902 nomen
702 3848 945 3901 mutarit.
971 3847 1047 3901 Ex
1079 3845 1411 3916 temporibus
1438 3847 1702 3916 posterio-

145 3939 263 3995 ribus
291 3941 607 4009 exemplum
646 3943 835 4013 subest
866 3941 916 3994 in
950 3940 1210 4011 Gregorio
1246 3941 1555 4003 Scholario,
1584 3941 1703 3995 viro

142 4034 256 4086 inter
300 4034 527 4089 Graecos
584 4034 1017 4102 sapientissimo,
1047 4035 1137 4104 qui
1187 4036 1499 4089 Gennadius
1545 4046 1700 4089 antea

145 4137 331 4180 vocatus
366 4129 614 4182 mutavit
657 4143 854 4181 nomen
900 4136 1210 4199 assumptus
1249 4129 1313 4182 ad
1362 4128 1703 4196 patriarcha-

143 4230 228 4270 tum
255 4220 377 4287 CP.,
412 4221 567 4290 quod
603 4220 793 4274 scribit
825 4219 1183 4275 Bellarminus
1213 4236 1379 4291 opere
1409 4221 1484 4276 De
1514 4223 1700 4292 script.

141 4313 313 4378 cccles.,
340 4316 497 4381 cujus
530 4326 775 4385 quatuor
799 4316 1074 4369 orationes
1101 4316 1165 4369 de
1193 4332 1323 4384 pace
1352 4333 1449 4386 pro
1476 4319 1706 4373 concilio

146 4407 346 4464 Floreat.
372 4412 425 4465 in
463 4410 582 4465 line
614 4410 854 4479 ejusdem
886 4410 1156 4479 leguntur.
1183 4410 1349 4466 Multa
1378 4412 1479 4465 alia
1508 4428 1705 4481 Suppe-

144 4512 291 4555 terent
318 4504 580 4570 exempla
623 4502 786 4571 hujus
824 4501 1133 4556 Grtccorum
1174 4504 1337 4571 ritus;
1375 4506 1466 4561 sed
1499 4522 1561 4561 ca
1592 4523 1708 4576 qua!

148 4593 302 4647 induxi
335 4595 474 4649 satis
514 4593 858 4663 probabilem
900 4606 1140 4651 nostram
1180 4597 1551 4667 cenjecturam
1591 4600 1709 4653 elli-

145 4686 280 4748 ciuut,
306 4687 709 4756 Theophanem
753 4696 995 4741 nostrum
1038 4689 1121 4743 vel
1161 4703 1412 4761 suscepto
1456 4694 1709 4750 monachi

148 4778 322 4845 habitu,
357 4780 441 4835 vel
489 4780 563 4833 ad
609 4778 851 4847 episcopi
896 4778 1215 4848 dignitatem
1256 4794 1502 4838 evectum
1544 4802 1708 4840 unum

146 4884 308 4923 nomen
336 4886 460 4950 cum
491 4871 677 4924 altero
705 4881 1088 4936 commutasse,
1113 4884 1165 4926 et
1192 4884 1296 4927 tam
1323 4874 1708 4947 Theophanem

146 4978 277 5029 quam
318 4962 662 5032 Gregorium
707 4961 951 5031 ejusdem
998 4966 1282 5033 scriptoris
1327 4983 1445 5021 esse
1490 4986 1708 5034 nomen,

147 5060 359 5121 quantivis
408 5058 480 5110 ab
528 5056 606 5110 iis
655 5056 744 5123 qui
794 5055 912 5122 ejus
958 5058 1294 5125 exscripserat
1343 5059 1619 5122 homilias,
1658 5070 1715 5115 ut

148 5154 259 5216 apud
296 5161 552 5219 posteros
598 5160 987 5218 perennat-ent,
1023 5166 1165 5206 nunc
1206 5168 1314 5207 uno
1358 5170 1501 5209 nunc
1541 5156 1712 5209 altero

151 5253 367 5309 \‘ucetur;
417 5259 654 5313 semper
699 5253 877 5297 autem
925 5253 979 5297 et
1015 5246 1455 5300 constantissime
1500 5249 1714 5315 utrique

151 5339 320 5389 nomini
352 5336 613 5391 Ccramei
644 5347 698 5390 ct
725 5335 1119 5405 archiepiscopi
1142 5334 1488 5392 Tauromenii
1516 5342 1715 5409 cogno-

154 5443 249 5482 men
292 5441 345 5485 et
398 5430 607 5485 titulus
662 5440 790 5484 sunt
839 5429 1019 5484 allixa.
1059 5429 1176 5483 iam
1224 5446 1353 5485 vero
1401 5433 1712 5500 episcopum

152 5534 361 5577 nostrum
417 5535 591 5578 antea
658 5522 911 5576 monachi
968 5522 1129 5576 \itam
1187 5522 1353 5577 luisse
1411 5524 1715 5594 professum

154 5625 324 5671 certum
370 5627 460 5673 cst
511 5617 694 5681 mihi,
731 5626 786 5670 et
830 5618 1002 5671 cuivis
1046 5618 1232 5681 debet,
1266 5620 1357 5687 qui
1406 5619 1714 5674 Graecorum

155 5722 347 5774 morem,
378 5727 579 5767 eorum
635 5719 785 5764 certe
828 5721 1157 5780 temporum,
1189 5710 1420 5775 noverit,
1457 5727 1563 5765 non
1617 5712 1718 5767 nisi

155 5814 207 5853 ex
242 5806 516 5861 monachis
560 5803 858 5873 episcopos
904 5803 1195 5874 deligendi,
1228 5806 1371 5873 quod
1417 5820 1522 5858 non
1566 5804 1722 5859 modo

161 5901 201 5945 tn
227 5892 279 5949 S.
310 5895 519 5967 lgnatio
545 5910 691 5953 vero
720 5895 1026 5966 patriarcha
1058 5896 1262 5953 factum
1295 5908 1456 5968 supra
1485 5897 1718 5953 diximus

1797 539 1862 576 ex
1899 523 2081 576 Niceta
2114 523 2298 586 David,
2330 523 2423 575 sed
2455 535 2501 574 et
2533 523 2645 588 ipse
2676 520 2899 574 Photius
2933 521 3021 587 qui
3055 537 3117 573 es
3149 520 3286 573 laico
3316 536 3366 572 :n

1795 618 2119 684 patriam-lue
2168 620 2456 675 thronum,
2502 617 2787 670 deturban
2840 630 2934 680 per
2978 615 3083 666 vim
3143 616 3257 678 ipso
3309 613 3371 667 ς.

1794 708 2030 778 lgnatio,
2063 710 2351 779 derepente
2387 709 2610 769 insiliit,
2652 719 2709 762 ut
2745 720 2923 761 tamen
2960 718 3010 758 et
3047 706 3282 772 legitime
3316 714 3369 755 et

1793 816 1857 853 ex
1894 802 1997 853 ritu
2044 801 2216 854 lactus
2257 803 2527 857 videretur
2556 802 2873 870 episeopus:
2909 800 3108 869 Πρώτη
3155 797 3362 866 ἡμέρᾳ.

1792 894 1959 960 inquit
1990 894 2127 946 idem
2153 892 2386 955 Nicctas,
2413 895 2643 965 μοναχδς
2666 895 2786 946 ἀντὶ
2813 892 3025 951 nimi).
3048 894 3110 959 τῇ
3138 890 3365 957 δευτέρᾳ

1790 985 1845 1038 δὲ
1871 985 2247 1057 ἀναγνώστης,
2274 990 2364 1039 καὶ
2396 986 2747 1049 ὑποδιὰκονος
2773 990 2836 1055 τῇ
2864 986 3010 1053 ὲξῆς,
3034 981 3152 1036 εἶτα
3184 983 3366 1033 διάκο-

1792 1095 1904 1142 νος,
1929 1074 2046 1131 εἶτα
2074 1080 2467 1149 πρεσϐύτερος,
2495 1082 2685 1133 ἔπειτα
2713 1082 2779 1148 τῇ
2809 1078 2942 1147 ἕκτῃ
2977 1080 3070 1129 καὶ
3102 1076 3259 1135 aviti;
3292 1074 3365 1138 τιξι

1794 1171 2053 1241 ἱερατικῷ
2088 1170 2333 1239 προσϐὰς
2369 1172 2562 1240 Ορὸνῳ,
2596 1183 2697 1226 etc.
2735 1171 2871 1223 Nam
2913 1171 3079 1239 prium
3121 1168 3203 1219 die
3250 1183 3361 1216 τηυ-

1793 1264 1991 1317 naclms
2025 1281 2086 1317 ea:
2117 1264 2277 1328 laico,
2310 1265 2476 1317 altera
2510 1267 2685 1323 lector,
2721 1276 2828 1316 tum
2860 1264 3273 1332 Itypolllllt'mtlls,
3306 1275 3365 1308 m-

1792 1356 2071 1423 diaconus,
2103 1368 2149 1410 et
2182 1358 2483 1426 presbyter;
2524 1365 2671 1410 sexto
2711 1356 2895 1408 deinde
2926 1365 2971 1407 et
3008 1354 3118 1421 ipse
3154 1366 3363 1403 sacrum

1792 1448 2139 1499 conscendens
2168 1448 2425 1507 tribunal,
2449 1460 2555 1500 etc.
2584 1446 2764 1499 Habeo
2792 1452 3047 1512 praterca
3081 1442 3361 1509 epistolam

1791 1538 2032 1605 ejusdem
2067 1538 2245 1593 Pbotii
2283 1540 2336 1593 in
2370 1541 2608 1594 Siciliam
2646 1540 2939 1607 scriptam,
2970 1537 3125 1603 cujus
3173 1534 3362 1586 iii-cri-

1791 1630 1920 1700 ptio,
1955 1632 2217 1701 Θεοφάνει
2252 1633 2558 1701 μονάζοντι,
2593 1648 2750 1699 quem
2785 1632 2957 1699 ipsum
2986 1629 3365 1691 'l'ltcotihaucm

1793 1734 2033 1777 nostrum
2105 1739 2227 1779 esse
2293 1740 2356 1780 ex
2424 1727 2631 1778 ratione
2703 1735 3001 1790 temporum
3077 1722 3348 1782 multisva

1790 1827 2026 1870 astruam
2070 1819 2426 1888 conjecturis,
2459 1819 2813 1883 eannlemqtte
2849 1816 2987 1867 dabo
3025 1812 3163 1865 infra
3207 1814 3232 1876 ᾗ
3279 1826 3364 1860 sc-

1792 1910 1995 1976 qnenti.
2030 1907 2179 1963 Hanc
2226 1910 2667 1962 consuetudinem
2719 1908 2950 1960 retinent
2998 1906 3159 1957 etiam
3210 1903 3366 1952 hulic

1792 2001 1987 2067 Graeci,
2018 2012 2075 2057 ut
2103 2018 2165 2057 ex
2202 2004 2587 2058 monachorum
2621 2010 2761 2057 ccetu
2794 2002 3073 2068 cpiscOpos
3104 1999 3366 2063 deligant.

1791 2106 1845 2151 et
1909 2113 2105 2152 nomen
2169 2098 2223 2155 in
2291 2096 2627 2168 professione
2678 2098 2798 2149 vita:
2860 2094 3171 2146 monastic-1c
3224 2088 3365 2141 sult-

1793 2201 2033 2255 mutent;
2071 2194 2212 2261 quod
2246 2209 2310 2247 ex
2347 2193 2477 2261 ipsis
2509 2200 2716 2262 egomet
2746 2206 2839 2243 ore
2872 2198 3122 2241 testatum
3161 2184 3365 2245 ωδε-υμῖν

1791 2286 2060 2341 Addidcre
2094 2302 2223 2342 vero
2266 2288 2330 2340 ad
2374 2287 2815 2341 consuetudinem
2859 2284 3136 2350 antiquam
3179 2280 3369 2329 obser-

1792 2382 2063 2436 vationem
2093 2397 2311 2445 novam,
2340 2390 2399 2435 ul
2427 2381 2614 2434 eadem
2649 2381 2821 2433 littera
2858 2386 3143 2442 utrumque
3176 2388 3367 2425 nomen

1795 2476 2158 2545 incipiendum
2203 2477 2306 2539 sit,
2340 2484 2450 2528 tum
2486 2482 2643 2527 vrtus
2680 2481 2791 2525 tum
2831 2486 3046 2524 novum.
3083 2468 3188 2521 Sed
3231 2467 3373 2519 hunc.

1797 2585 1900 2622 non
1928 2569 2093 2622 fuisse
2119 2582 2326 2623 morem
2352 2567 2692 2635 superiorum
2726 2576 3027 2633 temporum
3053 2562 3163 2629 jam
3193 2574 3375 2611 exeru—

1794 2661 1883 2730 plo
1910 2660 2081 2729 ipsius
2117 2659 2174 2714 S.
2206 2659 2404 2727 lgnatli
2435 2667 2671 2720 constat,
2698 2657 2853 2723 cujus
2880 2654 3100 2708 nomina
3134 2651 3370 2711 Nicelas,

1794 2768 1845 2810 et
1890 2755 2152 2824 lguatius,
2188 2753 2313 2807 illud
2356 2753 2750 2822 primogenium
2796 2751 2896 2803 hoc
2938 2749 3189 2801 ascitum.
3222 2745 3373 2810 Quod

1795 2858 1849 2902 et
1876 2849 2107 2902 advertit
2133 2847 2391 2902 Octavius
2423 2846 2696 2900 Caetanus
2728 2844 2782 2897 in
2821 2842 3039 2898 schedis
3075 2855 3205 2895 mss.
3240 2854 3374 2905 quas

1795 2956 1895 3007 ego
1951 2941 2071 3009 legi.
2116 2938 2231 2995 Non
2266 2932 2426 3008 igitur
2476 2954 2539 2993 ex
2594 2940 2693 2992 hac
2743 2952 2947 3004 nupera
3001 2934 3375 2988 observatione

1796 3035 2141 3097 Gratcorum,
2176 3032 2264 3087 vel
2310 3041 2458 3088 certe
2509 3048 2613 3085 non
2665 3033 2933 3086 constanti
2988 3028 3376 3084 consuetudine

1796 3129 2160 3182 inﬁrmabitur
2190 3138 2376 3182 nostra
2407 3126 2745 3195 conjectura.
2774 3126 2815 3178 si
2847 3121 3092 3189 Gregorii
3122 3131 3175 3172 et
3201 3118 3378 3173 Theo-

1798 3221 1995 3290 phanis
2047 3219 2266 3275 nomina
2320 3220 2564 3273 eamdem
2616 3218 2855 3271 litteram
2917 3214 3217 3282 principem
3271 3227 3375 3263 nun

1799 3311 2055 3365 habeant.
2111 3310 2186 3363 De
2261 3310 2420 3363 tertio
2487 3308 2741 3371 nomine,
2798 3306 2882 3359 cui
2955 3304 3232 3370 inscripta:
3298 3300 3378 3352 hae

1799 3405 2061 3467 homiliae,
2101 3403 2355 3457 nimirum
2415 3402 2660 3470 Philippo
2707 3399 3014 3461 Ceramita,
3049 3411 3220 3464 pauca
3266 3391 3377 3460 jam

1801 3498 1995 3549 dicam.
2048 3497 2221 3562 Atque
2292 3496 2343 3547 in
2415 3493 2607 3561 primis
2672 3493 2772 3545 hoc
2843 3503 3038 3544 nomen
3110 3488 3161 3541 iu
3232 3485 3380 3540 nullo

1802 3590 1986 3643 codice
2051 3588 2481 3654 nurnnsoriptum
2541 3587 2640 3654 legi
2694 3600 2883 3647 eorum
2929 3598 3066 3649 quos
3114 3582 3377 3635 hactenus

1800 3691 2016 3733 exstare
2076 3678 2312 3747 comperi
2370 3680 2421 3731 in
2475 3677 2814 3731 bibliothecis
2876 3676 3133 3741 Europae,
3187 3671 3381 3739 quibus

1801 3769 2143 3838 potissimum
2204 3768 2335 3822 lides
2389 3766 2671 3830 habenda;
2731 3779 2903 3831 neque
2960 3776 3087 3813 vero
3148 3762 3198 3811 in
3269 3758 3383 3809 itu-

1804 3864 2005 3933 pressis
2072 3864 2397 3930 scriptorum
2460 3860 2649 3923 libris,
2712 3869 3071 3928 pratterqnam
3138 3854 3188 3904 in
3262 3850 3381 3903 Idea

1806 3959 2017 4018 Octavii
2060 3957 2313 4016 Cactani,
2345 3965 2399 4009 et
2441 3956 2491 4007 in
2538 3952 2763 4008 elencho
2803 3953 2996 4006 barum
3044 3946 3384 4001 homiliarum

1808 4067 1941 4107 mss.
2002 4064 2161 4120 quem
2220 4048 2455 4118 reliquit.
2493 4046 2623 4112 Qua:
2680 4061 2801 4099 cum
2862 4045 3063 4098 caedem
3116 4042 3225 4094 sint
3272 4053 3384 4089 mn-

1809 4145 1934 4199 niuo
1989 4151 2150 4210 atque
2206 4140 2310 4193 illa:
2364 4152 2482 4207 qute
2532 4137 2643 4205 jam
2689 4132 3027 4203 Theophani,
3077 4131 3187 4200 jam
3249 4128 3385 4181 Grc-

1810 4236 1961 4304 gorio
2018 4234 2067 4287 in
2105 4233 2318 4287 cmteris
2387 4245 2518 4285 mss.
2572 4228 2973 4296 exemplaribus
3020 4224 3387 4278 ascrilnmtur,

1812 4343 1994 4383 tamen
2056 4324 2363 4394 Philippum
2410 4323 2735 4375 Ceramitam
2772 4328 3049 4372 auctorem
3101 4314 3389 4384 prmlerttnt

1815 4425 1865 4476 in
1930 4420 2158 4489 quodam
2222 4431 2353 4471 mss.
2411 4414 2551 4468 libro
2620 4412 2710 4481 qui
2758 4411 2974 4464 oblatus
3013 4406 3113 4460 fuit
3164 4407 3389 4459 Octavio

1812 4515 2054 4567 Caetauo
2113 4508 2374 4563 Messana:
2432 4520 2555 4559 cum
2615 4512 2758 4557 esset
2807 4517 2834 4553 a
2894 4499 3109 4553 Meletio
3155 4498 3388 4565 quodam

1814 4602 2131 4659 Atheniensi
2162 4599 2428 4654 monacho
2460 4612 2526 4651 ex
2557 4596 2748 4650 ordine
2795 4592 2852 4647 S.
2909 4591 3092 4645 Basilii
3119 4591 3171 4643 in
3208 4601 3393 4643 nrOtrle

1817 4700 2037 4759 Sancto,
2086 4695 2176 4765 qui
2206 4709 2273 4748 ex
2309 4691 2529 4744 Oriente
2578 4688 2705 4741 illuc
2748 4685 3053 4753 appulerat.
3108 4681 3213 4736 Sed
3266 4697 3388 4734 cum

1817 4781 1956 4835 nulla
2012 4779 2111 4830 alia
2162 4776 2504 4835 auctoritate,
2557 4770 2703 4822 nullo
2767 4768 3076 4821 testimonio
3124 4768 3235 4818 haec
3319 4765 3393 4815 in-

1815 4873 2038 4943 scriptio
2073 4869 2158 4922 fult
2182 4869 2340 4927 iatur,
2370 4880 2529 4933 quam
2560 4862 2718 4928 hujus
2754 4861 2898 4925 libri,
2946 4860 3200 4912 existimo
3247 4858 3392 4909 hunc

1817 4966 2116 5034 Philippum
2174 4959 2338 5013 fuisse
2389 4957 2737 5009 cullectorem
2790 4955 2982 5006 harum
3028 4951 3395 5007 homiliarum,

1818 5060 1901 5112 vel
1925 5059 1988 5111 iis
2012 5052 2401 5125 posterioribus
2435 5047 2649 5103 saxulis
2683 5062 2861 5107 usum,
2889 5058 3049 5112 atque
3104 5042 3237 5095 adeo
3285 5040 3395 5094 col—

1820 5153 2033 5205 lectoris
2060 5155 2115 5201 et
2141 5144 2462 5214 exeriptoris
2510 5156 2703 5195 nomen
2756 5142 2807 5193 in
2862 5136 3104 5191 auctoris
3154 5135 3393 5205 germani

1821 5245 2100 5299 transiisse
2135 5258 2147 5293 :
2180 5240 2323 5308 quod
2350 5252 2489 5306 saipe
2524 5235 2638 5289 ﬁeri
2679 5233 2903 5293 assolet.
2950 5241 3007 5286 ut
3031 5247 3151 5285 cum
3196 5229 3396 5283 collec—

1820 5350 1965 5392 torcs
1991 5348 2214 5404 operum
2244 5332 2573 5402 posteriores
2605 5344 2798 5383 nomen
2842 5340 2997 5381 suum
3062 5325 3113 5377 iu
3157 5323 3222 5376 iis
3277 5338 3395 5390 qua:

1821 5430 2152 5497 collegerunt
2188 5424 2641 5496 prarscripscriut,
2682 5423 2807 5476 illud
2845 5433 3098 5487 tanquam
3139 5416 3397 5467 auctoriis

1824 5524 2012 5579 deinde
2043 5521 2203 5589 vulgo
2228 5519 2511 5588 prodatur.
2556 5518 2630 5569 lta
2664 5514 2936 5568 Anastasii
2991 5506 3395 5563 Bibliothecarii

1830 5618 1956 5672 Vita:
1984 5613 2303 5669 Pontiﬁcum
2331 5627 2450 5666 esse
2474 5612 2749 5675 dicuntur,
2782 5622 2914 5677 quas
2951 5615 3131 5657 tmuen
3172 5602 3236 5654 ab
3280 5600 3400 5653 aliis

1825 5711 2054 5778 scriptas
2079 5709 2193 5776 ipse
2223 5705 2501 5776 rezlegitin
2539 5704 2812 5757 volumen.
2868 5699 2942 5752 Ita
2988 5695 3121 5749 Vitae
3178 5693 3398 5746 Patrum

1825 5806 1884 5861 Ρ.
1948 5801 2243 5857 llereberto
2284 5797 2504 5854 [ἰοενίἀὶ
2552 5796 2678 5851 Soc.
2724 5804 2946 5857 nostue,
2998 5803 3131 5859 quas
3180 5787 3294 5855 ipse
3332 5799 3399 5838 ex

1830 5896 2021 5954 multis
2046 5894 2321 5964 variisque
2347 5889 2706 5961 scriptoribus
2737 5888 2792 5943 in
2826 5898 2990 5941 unum
3014 5878 3245 5939 contulit
3275 5889 3400 5933 cor-
