4172 6432
760 264 822 321 Η
1742 276 2141 340 FRANCISCI
2183 282 2451 346 SCORSI
2491 287 2925 356 PRO€EMIUM
2974 296 3059 356 Il.
3948 309 4015 376 88

762 392 859 442 pus
895 394 1228 449 :cognomen
1262 400 1388 441 vero
1417 388 1509 440 τοῦ
1554 392 1878 461 Κεραμὶτου
1929 393 2180 463 Philippo
2241 399 2334 451 ad-

758 472 947 536 ditum,
978 477 1117 541 quod
1166 478 1304 532 idem
1352 497 1407 534 re
1464 493 1515 535 et
1568 498 1731 538 sensu
1788 497 1954 538 cstac
2001 488 2332 559 Κεραμέως,

760 572 821 613 ut-
876 577 1035 631 supra
1091 567 1267 637 a'tigi.
1321 572 1372 623 in
1423 573 1731 637 opinionem
1796 592 1880 630 me
1926 578 2145 633 adducit
2190 582 2333 633 hunc

759 650 1061 720 Philippum
1089 671 1151 709 ex
1184 659 1369 711 eadem
1404 658 1569 715 fuisse
1601 665 1757 715 domo
1792 679 1855 717 ac
1911 674 2068 733 gente
2116 683 2181 721 ac
2240 683 2332 721 no-

754 752 922 795 strnm
953 743 1331 815 Theophanem
1362 752 1648 821 Κεραμέα.
1674 752 1807 807 Nam
1842 771 2036 811 nomen
2072 760 2174 813 hoc
2204 773 2331 813 esse

761 832 975 887 tantill:e
1009 838 1337 905 probabilius
1374 842 1501 895 mihi
1525 843 1731 896 videtur
1752 860 1911 912 quam
1937 846 2121 915 patriae
2148 864 2161 901 :
2189 850 2330 917 quod

762 928 915 981 video
951 931 1229 985 nonnullis
1263 934 1454 988 amicis
1493 936 1626 990 meis
1660 938 1886 993 eruditis
1938 956 2002 995 ac
2055 941 2325 995 nobilibus

761 1021 893 1073 viris
928 1020 1328 1077 Panormitanis
1363 1025 1571 1091 placere
1606 1043 1618 1078 :
1657 1027 1852 1081 vellent
1878 1029 2020 1083 enim
2056 1031 2106 1083 hi
2153 1029 2329 1084 Theo-

756 1111 985 1177 phanem
1012 1113 1326 1169 Cerameum
1365 1117 1563 1170 dictum
1594 1119 1662 1173 ab
1719 1121 1915 1189 oppido
1962 1125 2107 1192 quod
2167 1124 2323 1179 hodie

753 1205 999 1261 Ccramis
1032 1207 1082 1259 in
1116 1208 1295 1261 Sicilia
1328 1209 1466 1263 haud
1510 1211 1664 1278 longe
1695 1213 1907 1281 Troyna
1954 1213 2005 1266 itt
2053 1215 2190 1268 Valle
2228 1216 2331 1268 lto-

760 1298 888 1349 mini
912 1297 1075 1350 silum
1098 1299 1325 1354 dicitur:
1359 1302 1421 1355 de
1444 1316 1550 1369 quo
1588 1300 1835 1355 Fazcllus
1865 1319 2031 1357 unum
2066 1308 2327 1361 verbum:

755 1402 815 1439 ac
862 1404 1060 1442 nomen
1122 1390 1316 1456 solum,
1361 1392 1491 1446 nihil
1541 1403 1800 1461 praeterea
1850 1395 2116 1462 prodidit;
2167 1414 2232 1450 ne
2279 1399 2329 1450 in

755 1496 941 1535 eorum
972 1483 1278 1549 opinionem
1321 1486 1576 1539 accedam
1632 1496 1739 1541 tres
1783 1489 1997 1542 obstant
2042 1490 2278 1545 rationes
2314 1509 2327 1544 ε

758 1574 927 1636 prima
965 1575 1105 1641 quod
1131 1575 1249 1643 ejus
1287 1576 1458 1643 patria
1517 1578 1619 1630 alia
1656 1592 1777 1632 esse
1807 1579 2075 1649 colligitur
2123 1597 2185 1633 ex
2249 1582 2330 1633 bis

755 1678 875 1731 qua:
915 1666 1089 1718 dicam
1142 1666 1491 1735 §sequenti;
1548 1672 1782 1723 secuada
1828 1671 1953 1737 quia
2010 1674 2074 1725 de
2127 1674 2326 1741 oppido

753 1757 968 1810 (-Ierami
999 1758 1198 1811 nullam
1223 1760 1380 1813 video
1439 1761 1491 1813 in
1536 1761 1893 1830 scriptoribus
1958 1762 2326 1818 Siciliensiqu

753 1862 931 1901 rerum
966 1848 1078 1902 lieti
1112 1850 1433 1904 mentionem
1459 1860 1583 1905 ante
1636 1853 1977 1908 millesimum
2024 1870 2051 1908 a
2110 1855 2328 1909 Christo

755 1948 898 2006 nato,
934 1943 1074 1995 unde
1102 1942 1443 2012 Theophanis
1468 1952 1729 2014 tempore,
1747 1946 1847 2000 hoc
1872 1955 1956 2000 est
1987 1957 2110 2000 ante
2133 1948 2329 2001 Sarra-

752 2048 1007 2087 cenorum
1040 2034 1395 2099 dominatum,
1434 2044 1611 2089 utrum
1648 2038 1919 2090 exstiterit
1954 2053 2143 2105 necne,
2185 2040 2329 2093 alIir-

755 2127 887 2179 mari
938 2141 1043 2180 non
1078 2136 1286 2196 potest;
1324 2128 1477 2180 tertia
1508 2142 1572 2181 ex
1600 2128 1715 2197 ipso
1744 2130 1996 2201 loquendi
2044 2148 2180 2187 usu:
2226 2148 2329 2186 non

752 2218 895 2270 enim
919 2221 989 2271 ita
1011 2230 1233 2272 vocatur
1250 2217 1606 2288 Theophanes
1627 2223 1940 2291 Κεραμεὺς,
1977 2234 2032 2277 ut
2053 2226 2330 2289 Διονύσιος

763 2306 1245 2377 ’Λλικαρνασσεὺς,
1268 2311 1678 2383 ριΙΙλοὺταρχος
1694 2313 2035 2383 Χαιρωνεύς,
2059 2317 2333 2379 absolute,

752 2400 912 2454 sicuti
944 2403 994 2455 in
1019 2404 1429 2469 COgnomittibus
1446 2420 1510 2457 ex
1535 2407 1705 2473 patria
1727 2408 1958 2475 sumptis
1983 2407 2126 2473 loqui
2161 2408 2332 2462 Grmci

749 2504 1169 2557 consueverunt,
1192 2496 1284 2549 scd
1326 2495 1685 2564 TltcOpbanos
1726 2498 1925 2552 dicitur
1974 2513 2334 2568 cognomento

748 2586 1064 2654 Κεραμεὺς,
1106 2586 1261 2654 quasi
1309 2585 1393 2638 illa
1445 2601 1575 2640 \oce
1643 2589 1889 2655 apposita
1967 2604 2328 2657 cognomento,

751 2676 994 2743 signetur
1015 2691 1209 2730 nomen
1241 2678 1435 2746 gentis,
1469 2678 1549 2731 vel
1580 2678 1819 2744 familize,
1887 2682 2209 2735 excludatur
2242 2699 2332 2749 pa-

752 2767 905 2832 triae;
940 2782 1099 2821 nemo
1135 2769 1279 2821 enim
1338 2769 1534 2823 dixerit
1563 2787 1576 2823 :
1622 2769 1947 2828 Plutarchus
1979 2786 2337 2842 cognomento

747 2859 1095 2913 Clueroncus.
1134 2859 1323 2913 Restat
1353 2861 1515 2928 igitur
1548 2872 1625 2928 ut,
1659 2864 1716 2933 \si
1772 2863 1987 2918 familia:
2033 2865 2110 2919 vel
2163 2868 2339 2934 gentis

752 2966 948 3005 nomen
986 2952 1163 3021 :quod
1194 2967 1259 3005 eo
1292 2952 1423 3005 mihi
1460 2952 1548 3006 ﬁet
1589 2940 1925 3020 prebabilius
1988 2958 2127 3022 quod
2189 2973 2335 3009 tton-

750 3046 910 3100 nullis
953 3047 1164 3115 rcperio
1195 3046 1248 3099 in
1306 3062 1439 3101 mss.
1485 3050 1867 3114 monumentis,
1910 3064 2028 3118 quze
2086 3052 2135 3103 in
2180 3053 2341 3105 variis

752 3136 1093 3190 bibliothecis
1112 3144 1481 3201 asst-rvantur,
1505 3151 1730 3204 quorum
1753 3138 1979 3191 indicem
2014 3138 2337 3192 luculentum

753 3227 1011 3282 describit
1042 3228 1095 3280 in
1126 3230 1390 3293 Apparatn
1411 3242 1561 3280 sacro
1590 3239 1717 3281 tom.
1739 3228 1805 3281 il.
1831 3227 1891 3285 P.
1916 3231 2181 3283 AntOnins
2213 3231 2344 3285 Pos-

750 3323 996 3385 sevinus,
1040 3321 1089 3371 in
1143 3318 1771 3374 bibliothecaViennensi
1804 3322 2008 3375 servari
2070 3326 2341 3388 cujusdam

749 3412 1188 3468 JoanisCeramei
1210 3412 1496 3467 conciones
1511 3421 1565 3467 et
1584 3413 1832 3468 bomilias
1856 3414 1906 3467 itt
1930 3425 2158 3483 quatuor
2175 3417 2344 3471 Evan-

758 3506 925 3573 gclica
964 3521 979 3569 ;
1036 3513 1087 3557 et
1120 3506 1305 3559 eodem
1340 3516 1485 3559 tonio
1517 3506 1567 3560 in
1595 3520 1728 3560 mss.
1771 3508 2185 3578 Constantinop.
2260 3510 2345 3562 Bi-

756 3598 947 3652 bliodt.
986 3596 1268 3663 Nicephori
1314 3610 1671 3667 cognomento
1703 3598 1894 3668 Figuli,
1932 3601 2044 3655 sive
2070 3602 2337 3670 Ceramci,

754 3690 1141 3758 explicationes
1196 3698 1249 3742 et
1302 3704 1582 3743 sermones
1622 3691 1673 3743 in
1732 3704 2135 3746 sacrosanctum
2170 3695 2345 3748 Evan—

761 3782 982 3851 gelitttu.
1006 3782 1150 3835 Sane
1176 3790 1591 3846 cognomentum
1622 3780 1815 3851 Figuli,
1837 3787 1974 3852 quod
2000 3786 2137 3838 idem
2170 3787 2345 3855 signat

759 3876 1079 3930 acCrzncum
1099 3874 1424 3938 Cet-cameris,
1461 3874 1624 3929 fuisse
1650 3875 1904 3931 Romanae
1932 3878 2165 3947 antiqua:
2191 3879 2345 3934 fatui-

766 3970 848 4023 lize
878 3978 1023 4038 patet
1052 3983 1115 4020 ex
1154 3965 1367 4034 Nigidio
1396 3966 1581 4036 Figulo
1639 3966 1857 4021 homine
1883 3971 2215 4039 temporibus
2253 3972 2345 4025 Ci-

766 4058 977 4113 ceronis
1010 4058 1387 4113 litteratissimi
1415 4060 1481 4110 ad
1515 4073 1672 4127 quem
1714 4069 1839 4113 sunt
1863 4058 2140 4117 Ciceronis
2174 4064 2339 4131 ipsius

763 4151 1023 4219 epistolae.
1067 4149 1147 4202 An
1182 4149 1250 4203 ab
1282 4150 1382 4204 hoc
1418 4150 1680 4219 originem
1713 4150 1928 4205 duxerit
1987 4152 2188 4206 fatnilia
2237 4171 2337 4210 no-

762 4244 860 4297 stri
887 4243 1131 4297 Cerantei
1164 4244 1295 4297 nihil
1316 4244 1487 4297 habeo
1504 4245 1642 4312 quod
1679 4243 1962 4311 affirmem,
1995 4260 2169 4314 neque
2195 4248 2337 4315 quod

764 4350 990 4400 negem;
1052 4349 1357 4402 quanquam
1412 4333 1482 4386 ita
1530 4333 1741 4400 placere
1798 4334 1954 4387 video
2025 4336 2338 4393 doctissimo

768 4422 1294 4479 hominiPJacobo
1321 4422 1610 4475 Sirmondo
1666 4424 1718 4475 in
1779 4422 2002 4491 epistola
2047 4441 2207 4493 quam
2274 4430 2338 4482 ad

769 4530 858 4568 me
915 4517 981 4568 de
1026 4516 1126 4567 hac
1187 4530 1246 4568 re
1276 4513 1551 4568 consultus
1636 4513 1935 4581 rescripsit.
2011 4515 2339 4573 Existimarc

767 4605 890 4673 quis
928 4605 1223 4674 possitboc
1269 4617 1566 4673 cognomen
1598 4617 1663 4657 ex
1715 4618 1903 4657 eorum
1958 4620 2083 4660 esse
2137 4624 2336 4676 genere

772 4697 969 4764 quibus
1007 4694 1511 4749 aﬂectisuntmulti
1562 4695 1681 4763 ejus
1727 4695 1910 4748 steculi
1967 4696 2050 4749 vel
2101 4697 2338 4765 episcopi

772 4792 858 4844 vel
893 4790 1206 4858 Striptores,
1241 4787 1310 4839 ita
1339 4786 1551 4841 scilicet
1577 4787 1759 4839 vocari
1807 4786 2188 4855 Theophanem
2241 4790 2342 4843 Ce-

773 4896 1014 4937 rameum
1053 4880 1174 4948 quis
1206 4879 1401 4932 diserit
1436 4878 1593 4932 sicuti
1629 4878 1937 4947 Dionysium
1989 4880 2253 4947 Exiguum
2286 4893 2342 4936 et

774 4973 991 5026 Petrum
1037 4970 1331 5022 Sardorum
1372 4968 1707 5035 episcopum,
1759 4980 2115 5038 cognomento
2170 4970 2336 5024 Hisc-

776 5080 914 5129 rum,
944 5061 1168 5127 legimus
1190 5076 1205 5121 ;
1229 5059 1294 5113 de
1325 5073 1430 5127 quo
1465 5058 1727 5112 Barouius
1760 5074 1901 5112 anno
1949 5059 2147 5114 Christi
2208 5063 2338 5128 837,

775 5152 864 5219 qui
925 5150 1295 5204 comminister
1345 5164 1465 5201 cum
1535 5148 1760 5215 Eulapio
1804 5150 2055 5217 Apamea:
2085 5153 2342 5221 episcopo

776 5244 883 5293 suit
914 5243 964 5293 in
1018 5240 1191 5292 Photii
1246 5240 1575 5305 initiatione;
1620 5242 1779 5294 sicuti
1828 5244 1988 5294 ctiam
2024 5242 2340 5299 Zachariam

778 5334 1019 5400 ejusdem
1048 5332 1316 5396 factionis,
1352 5332 1440 5400 qui
1484 5332 1692 5400 Cophtts
1731 5344 1813 5386 est
1847 5348 2203 5402 cognmnettto
2232 5339 2341 5393 dic-

784 5440 867 5481 tus
897 5445 910 5480 :
942 5443 1059 5493 qme
1088 5426 1155 5479 ab
1194 5425 1372 5493 aliqua
1414 5425 1723 5478 conditione
1767 5426 2050 5488 natalium,
2118 5428 2337 5482 habitu-

781 5537 886 5588 que
913 5519 1154 5587 corporis
1192 5516 1271 5572 vel
1304 5518 1469 5572 animi
1500 5519 1605 5583 sui,
1640 5521 1719 5571 vel
1774 5535 2016 5581 suorum,
2076 5525 2343 5589 apposita,

786 5616 867 5666 wl
900 5614 1061 5667 etiam
1085 5628 1148 5665 ex
1174 5612 1498 5666 demissione
1536 5620 1588 5665 et
1622 5611 1931 5665 inductione
1979 5610 2166 5665 volunt
2228 5616 2342 5668 aria

792 5705 958 5760 animi
1010 5704 1181 5766 ascita
1230 5717 1349 5758 esse
1377 5702 1541 5757 videri
1613 5712 1855 5771 possunt,
1888 5717 1950 5757 ea
1994 5706 2199 5758 ratione
2239 5720 2344 5774 qua

2442 405 2581 470 apud
2611 404 2882 464 Romanos
2922 409 3183 466 Lentulus
3213 413 3489 483 Spentbir,
3525 417 3761 475 Licinius
3792 420 4013 491 Calvus,

2436 493 2693 556 Emilius
2726 500 2944 566 Paulus,
2978 502 3263 561 Cornelius
3297 509 3481 577 Scipio
3528 510 3729 577 dictus,
3779 515 3847 569 de
3892 518 4007 582 qui-

2435 581 2533 635 bus
2564 588 2980 651 cognominibus
3014 605 3310 661 eorumque
3344 596 3555 667 origine
3597 599 3807 669 longius
3833 581 4010 659 disse-

2436 674 2504 727 rit
2545 673 2799 744 Sigonius
2838 679 2975 734 libro
3003 680 3076 736 De
3107 683 3261 750 factis
3301 689 3685 754 consularibus,
3740 695 4007 758 opuscqu

2438 766 2511 822 De
2534 771 2828 826 nominibus
2854 772 3209 830 Romanorum
3242 780 3501 848 singulari
3534 800 3546 836 :
3579 783 3673 837 sed
3717 786 3819 839 hoc
3869 787 4010 840 divi-

2435 874 2568 913 nare
2598 860 2742 923 nolo,
2774 878 2894 917 cum
2922 865 3194 921 aliirmare
3240 865 3323 923 vel
3361 872 3675 938 c0njectare
3726 890 3832 929 non
3877 891 4006 943 pos-

2434 948 2559 1002 sim.
2608 949 2734 1004 Illud
2768 967 2898 1021 ergo
2928 973 2989 1010 ex
3027 968 3132 1011 tota
3170 959 3269 1014 hac
3323 963 3701 1017 dissertatione
3749 974 4008 1034 tanquam

2434 1050 2638 1093 cet-tum
2689 1044 2954 1100 coniicio:
3004 1048 3105 1102 hoc
3149 1064 3285 1118 opus
3343 1051 3502 1105 unius
3554 1068 3680 1107 esse
3740 1056 4007 1120 auctoris,

2434 1148 2665 1202 euntque
2694 1136 3013 1192 Cerameum
3058 1142 3519 1213 archiepiscOpum
3583 1145 4005 1202 Tauromenita-

2434 1238 2586 1288 num,
2645 1226 2755 1292 jam
2800 1226 3200 1297 Theophanem,
3258 1233 3369 1301 jazn
3413 1234 3729 1303 Gregorium
3784 1242 4006 1305 proprio

2437 1325 2665 1384 utroque
2688 1321 2904 1374 nomine
2938 1322 3163 1377 inscribi
3190 1324 3431 1389 solitum,
3465 1329 3605 1395 quod
3639 1343 3704 1382 ex
3753 1329 3855 1382 fide
3890 1345 4010 1383 om-

2436 1408 2583 1461 nium
2614 1425 2744 1464 mss.
2771 1422 2824 1465 ut
2853 1416 3010 1467 modo
3044 1416 3176 1477 dixi,
3213 1430 3309 1486 pro
3328 1427 3607 1485 comperto
3648 1421 3959 1476 habendum
3990 1439 4003 1483 ;

2439 1501 2778 1555 retinendum
2801 1520 2929 1560 vero
2951 1517 3006 1562 et
3025 1511 3402 1563 celebrandum
3425 1514 3610 1566 censui
3634 1515 3805 1583 magis
3828 1515 4010 1567 Theo-

2433 1594 2625 1660 phanis
2652 1613 2865 1661 nomen,
2896 1601 3038 1668 quod
3085 1617 3115 1656 a
3158 1605 3516 1673 scriptoribus
3570 1608 3797 1675 optimae
3860 1617 4008 1660 notz:

2432 1688 2616 1754 quies
2666 1689 2752 1743 bis
2802 1692 3143 1746 sermonibus
3186 1710 3467 1763 sumpsere
3522 1698 3855 1763 testimonia,
3924 1697 4010 1750 vei

2430 1792 2524 1833 eos
2564 1781 2800 1850 integros
2829 1785 3107 1853 impressis
3138 1788 3287 1843 libris
3311 1790 3427 1845 suis
3461 1790 3831 1856 inseruerunt,
3868 1790 3989 1844 cele

2432 1872 2645 1928 bratum
2673 1878 2845 1944 magis
2868 1893 2931 1933 ac
2951 1879 3224 1951 vulgatum
3252 1892 3355 1937 est.

2675 1967 2701 2038 ἓ
2730 1967 2813 2022 ill.
2828 1969 3013 2025 Patria
3039 1980 3088 2026 et
3112 1974 3357 2027 educatio
3389 1973 3743 2037 Theophanis.

2512 2056 2615 2111 Ubi
2652 2070 2835 2124 natus,
2871 2063 2957 2114 ubi
2996 2066 3267 2123 educatus
3325 2065 3681 2131 Theophanes
3719 2063 3880 2118 luerit
3939 2078 4004 2117 ex

2436 2149 2604 2216 ipsius
2634 2150 2811 2205 verbis
2833 2162 2888 2205 et
2911 2153 3253 2210 confessione
3287 2156 3487 2223 liquido
3506 2165 3797 2219 constaret,
3849 2156 3892 2208 si
3947 2157 4016 2207 de

2436 2238 2621 2294 Sancti
2647 2244 2874 2297 Andreae
2905 2246 3127 2312 templo,
3163 2246 3348 2314 inquo
3382 2248 3656 2299 ltomiliam
3707 2245 3845 2299 festo
3888 2245 4016 2313 ejus

2434 2334 2518 2385 die
2551 2333 2736 2387 ltabuit
2770 2334 2980 2403 (homil.
3028 2336 3130 2405 ι),
3206 2337 3438 2406 liqueret
3504 2339 3659 2392 satis.
3737 2340 4017 2393 Ponantns

2439 2430 2600 2498 igitur
2629 2432 2713 2485 hic
2745 2434 2919 2501 primo
2954 2448 3071 2501 qua:
3101 2434 3293 2502 ipsein
3329 2434 3592 2502 prooemio
3635 2435 3777 2488 illius
3834 2436 4017 2489 homi-

2440 2522 2522 2573 lise
2575 2523 2776 2590 prodit,
2817 2534 2873 2577 ttt
2931 2540 3085 2578 exeo
3121 2536 3378 2595 tanquam
3426 2529 3579 2579 tirmo
3635 2525 3901 2594 principio
3950 2543 4018 2579 ac

2438 2604 2788 2662 fundamento
2829 2615 3181 2666 commentari
3226 2624 3279 2667 et
3318 2614 3571 2681 colligere
3622 2616 3742 2682 ejus
3784 2618 4015 2682 patriam

2439 2692 2927 2767 educationemqne
2992 2703 3278 2769 possimus.
3342 2701 3432 2756 Sic
3490 2704 3655 2771 igitur
3715 2704 3952 2771 loquitur
3995 2724 4016 2761 :

2444 2788 2725 2844 Ilodiermc
2751 2793 3063 2847 celebritatis
3076 2810 3255 2863 sermo
3282 2797 3464 2849 veteris
3491 2798 3651 2849 debiti
3675 2798 3888 2862 solutio,
3910 2814 4021 2851 non

2440 2883 2714 2948 sapientia:
2736 2886 2978 2952 qua'dam
3004 2892 3278 2941 ostentatio
3312 2890 3458 2943 nobis
3493 2893 3592 2944 erit
3626 2906 3647 2946 :
3679 2907 3838 2961 neque
3874 2893 4017 2943 enim

2439 2976 2539 3028 huc
2559 2973 2669 3027 veni
2698 2983 2753 3027 ut
2788 2986 3006 3031 ornatus
3026 2977 3322 3049 eloquentia
3352 2997 3463 3033 mea
3485 2983 3828 3048 conspicerer,
3854 2998 4023 3050 neque

2442 3077 2495 3119 ut
2519 3067 2708 3134 lingua:
2736 3068 2903 3134 lepore
2931 3080 2976 3119 et
3002 3082 3190 3136 pompa
3239 3069 3491 3121 orationis
3533 3070 3779 3121 honorem
3828 3072 4022 3135 pati-in:

2442 3173 2739 3224 aucuparer
2771 3173 2788 3210 :
2818 3158 2989 3218 potius
3024 3160 3159 3210 enim
3192 3174 3382 3221 meam,
3406 3174 3725 3229 quacunque
3780 3161 3869 3212 illa
3920 3162 4013 3221 sit,

2441 3247 2823 3315 philosophiam
2850 3246 3107 3299 occultam
3140 3249 3317 3301 haberi
3348 3251 3522 3313 velim,
3572 3261 3626 3302 ut
3681 3251 3854 3303 inanis
3898 3252 4019 3318 glo-

2445 3340 2536 3392 iiw
2559 3339 2745 3406 ﬂutant
2778 3340 3070 3408 effugiam:
3102 3340 3191 3393 sed
3212 3342 3459 3409 quoniam
3499 3358 3652 3394 sacra
3714 3345 3822 3393 ham
3877 3345 4020 3396 (cdes

2445 3430 2666 3497 apostoli
2704 3432 3041 3499 primovocati
3068 3448 3147 3485 me
3171 3432 3330 3485 veluti
3361 3434 3542 3485 nutrix
3567 3450 3786 3497 puerum
3818 3433 4017 3485 educa-

2444 3526 2537 3583 vit,
2575 3532 2622 3574 et
2670 3524 2963 3589 primarum
3010 3524 3401 3576 institutionum
3452 3541 3734 3576 mammam
3788 3525 4020 3592 praebuit

2443 3632 2817 3684 sacrarumque
2843 3615 3134 3669 litterarum
3162 3616 3458 3669 doctrinam
3483 3618 3636 3686 quasi
3674 3618 3757 3669 Iac
3789 3618 4021 3671 instilla-

2446 3706 2514 3757 vit
2540 3703 2878 3774 (intercidam
2932 3704 3132 3768 aliqua,
3166 3718 3286 3771 qu:e
3317 3719 3419 3757 non
3447 3707 3512 3757 ad
3542 3705 3678 3772 rem)
3706 3705 3844 3772 quod
3890 3706 4021 3757 reli-

2444 3807 2601 3858 quum
2624 3799 2698 3843 est
2730 3790 2852 3842 huic
2877 3790 3110 3843 ecclesia:
3143 3791 3297 3858 quasi
3328 3790 3506 3842 altrici
3531 3790 3858 3842 educationis
3902 3807 4021 3857 pre.

2446 3884 2573 3935 tium
2597 3882 2853 3950 persolvo,
2911 3891 2959 3935 et
2987 3884 3122 3950 quod
3156 3882 3211 3934 in
3242 3880 3527 3947 proverbiis
3567 3892 3667 3948 est,
3695 3884 3856 3950 legem
3914 3881 4021 3933 Pe-

2445 3978 2701 4045 largicam
2737 3974 2925 4038 impleo
2956 3990 2975 4027 :
3006 3984 3054 4027 et
3078 3991 3182 4027 una
3211 3975 3492 4038 vobiscum,
3537 3994 3565 4028 ο
3600 3986 3759 4029 cretus
3796 3975 3903 4029 Deo
3930 3978 4022 4028 di-

2445 4070 2744 4131 lectissime,
2773 4068 3071 4122 concelebra
3100 4070 3376 4121 solemuem
3410 4071 3545 4121 hunc
3600 4071 3760 4130 dicat,
3814 4080 3860 4122 et
3920 4086 4015 4135 po-

2445 4163 2605 4215 triam
2654 4162 2869 4214 charum
2930 4160 3101 4214 solum
3135 4162 3414 4226 aspiciens,
3451 4172 3558 4214 tam
3614 4162 3853 4231 religiose
3899 4178 4021 4214 san-

2444 4264 2645 4306 ctorum
2704 4251 3011 4305 memoriam
3079 4251 3665 4319 celebrantem,e/feror
3726 4251 3919 4319 gaudio
3966 4261 4017 4303 et

2443 4345 2667 4399 exsulto.
2711 4345 2834 4399 Haec
2863 4344 3220 4412 Theophanes
3256 4344 3308 4397 itt
3338 4343 3555 4397 humilia
3589 4344 3654 4395 de
3682 4343 3741 4397 S.
3773 4344 4011 4396 Audrea.

2446 4436 2503 4491 Si
2544 4437 2664 4506 quis
2690 4438 2852 4507 igitur
2879 4436 3128 4489 ostendat
3158 4433 3299 4504 quod
3334 4434 3460 4487 illud
3498 4434 3751 4502 templum
3788 4434 3848 4488 υ.
3908 4434 4019 4487 An-

2447 4530 2588 4584 dreze
2610 4530 2697 4582 ubi
2721 4543 3027 4582 sermonem
3060 4529 3125 4580 ad
3160 4529 3305 4581 cives
3336 4524 3566 4580 faciebat
3588 4541 3737 4589 suos,
3758 4528 3871 4595 jam
3916 4542 4012 4594 pa-

2448 4624 2605 4676 triam
2632 4622 2954 4675 ostenderit.
2986 4619 3091 4673 Sed
3124 4621 3245 4687 quis
3286 4622 3337 4671 in
3387 4618 3515 4672 illud
3574 4618 3797 4687 digitum
3848 4619 4022 4686 possit

2451 4715 2754 4777 intendere,
2789 4729 2852 4767 ac
2892 4722 3041 4767 certo
3080 4714 3474 4771 demonstrare,
3502 4709 3627 4779 quis
3656 4725 3720 4764 ex
3746 4717 3889 4761 tanta
3923 4725 4025 4761 an-

2447 4806 2718 4874 tiquitate,
2751 4812 2870 4871 post
2902 4811 2979 4856 tot
3011 4810 3388 4869 tempestatum
3420 4802 3591 4871 vices,
3616 4809 3736 4870 post
3763 4800 4025 4853 Sarrace-

2451 4913 2639 4952 norum
2664 4896 2868 4950 cladem
2900 4895 3414 4960 detnolitionetnque
3438 4892 3754 4960 templorum
3802 4899 3857 4942 et
3919 4906 4026 4959 op-

2452 4989 2696 5055 pidorum
2730 4986 2898 5054 possit
2924 4983 3149 5038 eruere?
3175 4984 3279 5038 Sed
3303 4985 3521 5054 agejam
3554 4982 3733 5036 amatu
3759 4996 3862 5035 nott
3898 4982 4032 5036 Del-

2452 5080 2633 5147 phico,
2666 5076 2781 5142 sed,
2818 5086 3075 5144 tttspero,
3104 5076 3311 5129 cmlesti
3347 5089 3457 5128 rem
3494 5075 3817 5127 diviuemus.
3874 5073 4033 5138 Qua-

2455 5182 2576 5225 tuor
2610 5186 2735 5224 vero
2768 5170 2909 5223 unde
2947 5179 3053 5223 tota
3127 5170 3469 5223 ratiocinatio
3527 5168 3743 5236 pendet,
3792 5176 4034 5235 antepo-

2456 5265 2629 5315 nenda
2656 5272 2776 5315 sunt
2802 5280 2814 5313 :
2845 5261 3097 5331 primum,
3129 5262 3301 5313 lot-utu
3341 5262 3428 5314 ubi
3488 5278 3667 5315 sermo
3724 5260 4040 5314 hebebatur

2456 5359 2624 5412 fuisse
2683 5358 2976 5411 nativitatis
3012 5366 3065 5409 et
3115 5354 3447 5409 educationis
3492 5354 3667 5407 locum
3730 5354 3869 5423 quod
3935 5371 4041 5422 per

2455 5465 2511 5503 se
2577 5459 2757 5516 patet;
2810 5448 3061 5510 alterum,
3118 5446 3295 5499 dedita
3363 5459 3525 5512 opera
3586 5444 3796 5498 venisse
3842 5444 4039 5499 Theo-

2455 5543 2682 5610 phanem
2747 5539 2812 5593 ad
2874 5555 2995 5593 cum
3068 5554 3166 5592 suo
3222 5551 3473 5593 sermone
3534 5536 4038 5601 cohonestandmn,

2452 5630 2595 5700 quod
2639 5630 2801 5684 etiam
2826 5643 2892 5682 ex
2929 5629 3057 5698 ipsis
3103 5628 3280 5682 verbis
3320 5642 3426 5692 non
3476 5630 3707 5682 obscure
3770 5628 4040 5696 intelligi-

2454 5733 2562 5781 tur.
2601 5723 2841 5783 tertium,
2872 5722 3030 5777 talem
3063 5720 3231 5776 fuisse
3252 5721 3429 5777 locum
3468 5721 3519 5775 in
3573 5734 3678 5789 quo
3726 5734 3827 5774 non
3880 5734 4036 5778 sem-
