4172 6432
140 408 185 467 S9
1062 405 1463 465 FRANCISCI
1507 404 1762 466 SCORSI
1804 406 2234 470 PROCEMlUM
2295 407 2378 470 II.
3266 414 3332 473 90

140 536 207 587 per
232 521 403 587 degere
451 534 512 571 ac
568 518 921 572 s--rtnocinari
975 529 1312 580 consuesset,
1362 520 1461 572 hoc
1508 518 1653 569 enim

138 612 336 664 ridentur
369 611 594 663 innnere
629 611 716 661 illa
771 612 929 661 verba
969 626 983 663 :
1022 610 1200 679 Neque
1228 612 1365 663 enim
1394 612 1493 662 huc
1518 608 1656 669 aeui,

136 710 179 753 ut
203 711 395 753 ornatus
422 701 717 767 eloquentia
749 703 1104 768 conspicerer:
1144 702 1356 768 signum
1398 701 1542 752 enim
1576 707 1660 750 est

135 804 207 843 eos
226 791 482 843 auditores
501 805 603 843 non
631 791 923 844 admiratos
948 800 1072 843 ante
1103 790 1467 857 eloquentiam
1491 787 1658 842 fuisse

138 879 469 946 Tltcopbanis;
521 891 797 948 quartum.
852 897 974 935 eum
1026 891 1319 949 antequam
1374 880 1659 948 episcopus

136 981 436 1024 consecratus
518 971 742 1035 fuisset,
816 974 1169 1027 monasticam
1252 972 1413 1026 vitam
1493 971 1658 1025 fuisse

135 1064 385 1131 professum
421 1082 435 1117 :
475 1064 574 1116 hoc
600 1042 934 1131 postremum
967 1080 1072 1117 non
1133 1079 1197 1117 ex
1246 1063 1509 1132 prooemio
1562 1063 1659 1115 lto-

134 1156 277 1218 ιιιὶιίςιι,
311 1166 366 1208 ut
394 1156 498 1209 tria
532 1157 910 1211 antecedentia
942 1157 1291 1224 colliguntur,
1332 1157 1425 1207 sed
1476 1164 1659 1207 osten-

135 1249 247 1301 ditur
272 1266 329 1302 ex
365 1251 755 1304 consuetudine
777 1250 1074 1303 Orientalis
1100 1248 1372 1311 Ecclesiae,
1437 1248 1490 1300 in
1547 1261 1653 1313 qua

133 1356 179 1393 ex
209 1340 468 1393 monachis
520 1342 758 1411 episcopi
814 1340 971 1411 deligi
1023 1349 1445 1397 consueverunt.
1500 1338 1655 1405 Quod

133 1448 259 1500 Supra
317 1432 414 1501 §ll
467 1435 680 1487 ostendi
743 1434 1025 1502 ipsiusmet
1078 1433 1255 1488 Pbotii
1346 1434 1655 1501 pseudopa-

133 1527 339 1579 triarcb:e
357 1526 629 1595 exemplo,
662 1528 803 1595 quod
835 1527 995 1579 etiam
1024 1526 1263 1579 ostendit
1318 1524 1659 1593 apertissime

131 1618 338 1672 Nicolaus
363 1635 500 1687 papa
533 1617 552 1671 l
586 1619 637 1672 in
678 1620 903 1687 epistola
938 1620 1004 1672 ad
1048 1617 1392 1671 llincmarnm
1444 1611 1655 1670 Gallia—

130 1726 221 1763 rum
245 1713 569 1781 episcopum,
605 1710 694 1764 ubi
748 1711 998 1766 refellens
1037 1710 1361 1765 calumniam
1411 1709 1481 1763 ab
1542 1708 1659 1778 ipso

132 1803 286 1856 Pbotio
330 1801 540 1856 Latinis
596 1804 930 1870 impositam;
983 1804 1123 1871 quod
1168 1802 1451 1863 diaconus,
1495 1811 1655 1854 aute-

130 1906 254 1955 qusm
291 1892 571 1960 presbyter
592 1902 738 1945 esset
781 1890 1087 1959 ordinatys,
1128 1890 1195 1945 ad
1244 1890 1482 1961 episcopi
1539 1907 1656 1945 mtt-

130 2000 207 2036 uus
224 1992 642 2051 promoveretur,
667 1982 749 2037 sic
804 1983 880 2037 ait
909 2000 924 2038 :
954 1981 1023 2036 Et
1057 1984 1182 2053 quia
1229 1983 1481 2036 diaconus
1546 1998 1651 2035 non

129 2086 296 2142 sumpto
324 2076 717 2146 presbyteratus
746 2076 927 2145 officio
958 2076 1099 2141 apud
1134 2090 1225 2129 nos
1268 2075 1539 2144 episcopus
1571 2091 1660 2127 or-

128 2170 322 2232 dinatur,
374 2185 496 2222 cum
522 2170 617 2236 ipsi
667 2170 829 2223 etiam
896 2168 1045 2222 illum
1098 2184 1247 2234 quem
1296 2169 1656 2238 patriarcham

128 2273 249 2308 suam
305 2258 600 2321 nominant,
654 2274 685 2310 a
754 2257 891 2310 laico
947 2255 1119 2311 subito
1170 2265 1554 2317 consecratum.
1608 2266 1657 2309 et

127 2345 661 2413 mouachumjfactum
722 2345 864 2399 saltu
916 2344 983 2399 ad
1065 2345 1395 2414 episcopatus
1463 2344 1657 2411 apicem

128 2437 347 2504 imperiali
366 2439 551 2506 fauore
573 2448 621 2491 et
646 2438 861 2491 brachio
889 2438 1164 2505 provehere
1204 2438 1416 2491 minime
1467 2436 1658 2503 formi-

129 2530 290 2585 darint.
339 2530 478 2596 Quid
539 2542 719 2584 autem
754 2544 979 2585 necesse
1028 2539 1148 2585 erat
1200 2545 1323 2584 eum
1379 2534 1661 2585 attendere

130 2623 261 2683 prius,
282 2633 330 2675 et
354 2622 685 2677 monachum
717 2622 952 2685 initiare,
982 2624 1083 2677 nisi
1118 2632 1176 2677 ut
1202 2622 1366 2677 etiam
1420 2624 1471 2677 in
1513 2631 1659 2676 tanta

130 2714 431 2773 perversione
463 2725 524 2768 et
553 2714 810 2769 violentia
846 2715 992 2778 facti,
1016 2715 1350 2771 consuetudo
1377 2729 1481 2769 non
1527 2730 1664 2784 prae-

129 2804 498 2868 termitteretur,
533 2813 677 2860 etne
703 2805 981 2873 illegitime
1020 2804 1198 2861 factus
1229 2804 1525 2859 videretur.
1554 2803 1659 2858 Sed

128 2907 284 2964 prater
308 2899 449 2953 hanc
479 2897 931 2952 consuetudinem
982 2897 1156 2951 habeo
1203 2897 1365 2951 etiam
1421 2897 1473 2949 in
1525 2896 1661 2949 meis

130 2991 452 3044 monumentis
490 3005 520 3043 a
547 2988 609 3045 Ρ.
642 2988 869 3045 Octavio
898 2989 1135 3044 Caetano
1180 2988 1418 3043 collectis
1461 2988 1663 3057 cpisto-

129 3082 208 3132 iam
253 3083 413 3151 ipsius
490 3080 671 3136 Pbotii
731 3082 951 3135 missam
1006 3079 1321 3147 TheOpbani
1395 3081 1662 3132 monacho

128 3172 271 3227 Grcce
290 3176 575 3243 scriptam,
610 3188 774 3227 manu
809 3171 872 3227 P.
895 3172 1078 3227 Jacobi
1109 3171 1404 3235 Sirmundi,
1452 3179 1502 3223 et
1560 3169 1665 3222 La-

131 3266 211 3318 tine
233 3269 294 3319 ab
321 3268 513 3319 eodem
550 3266 836 3329 redditam,
884 3265 1285 3333 depromptam,
1337 3272 1398 3316 ut
1454 3261 1661 3330 judico,

128 3372 173 3407 ex
203 3357 514 3411 bibliotheca
542 3356 840 3410 cardinalis
858 3354 1158 3417 Columnae,
1186 3369 1307 3422 qua:
1357 3352 1457 3405 fuit
1504 3362 1664 3405 antea

130 3445 378 3499 cardinalis
410 3445 629 3510 Sirleti,
651 3460 793 3501 nunc
825 3445 1021 3500 dicitur
1048 3446 1201 3499 ducis
1231 3444 1498 3511 Altemps,
1524 3444 1665 3496 unde

129 3538 286 3591 multas
308 3537 581 3593 Baronius
605 3538 747 3591 eruit
781 3547 836 3592 et
875 3539 929 3591 in
978 3551 1111 3592 suos
1154 3534 1385 3590 Annales
1439 3534 1667 3589 contulit

126 3644 229 3695 quas
263 3645 380 3683 cum
443 3629 637 3684 multis
689 3629 812 3683 aliis
864 3629 915 3682 in
964 3643 1026 3683 ea
1079 3626 1405 3681 bibliotheca
1445 3638 1663 3679 exstare

128 3720 312 3773 :llirmat
338 3732 447 3775 tom
475 3720 553 3775 Χ.
587 3720 718 3773 Eam
744 3720 906 3790 igitur
936 3720 1189 3787 quoniam
1219 3726 1271 3773 et
1296 3717 1364 3772 ad
1394 3717 1531 3771 hanc
1556 3716 1667 3771 dis-

128 3814 413 3878 putationem
459 3814 707 3867 maxime
740 3812 891 3876 iacit,
915 3819 970 3866 et
997 3812 1065 3865 ad
1086 3811 1266 3863 ‘inulta
1296 3810 1399 3862 alia
1434 3819 1520 3863 est
1571 3824 1665 3863 ac-

128 3908 423 3960 commodata
454 3907 527 3961 de
565 3907 763 3973 quibus
805 3905 1006 3970 dicam,
1031 3904 1297 3971 integram
1345 3901 1534 3956 Gra'ce
1590 3902 1669 3953 si-

128 4000 208 4051 mul
243 4012 290 4053 et
333 4001 536 4055 Latine
583 3999 909 4053 describam.
957 3995 1209 4067 Θεοφάνη
1264 3994 1571 4064 μονάζοντι.
1610 3994 1670 4046 Εἰ

130 4094 188 4139 eo”:
232 4092 376 4157 φῦ.ον
442 4095 510 4142 τὸ
568 4090 711 4160 πρὸς
757 4088 916 4159 ἡμῶν
968 4088 1078 4141 τῶν
1129 4085 1363 4139 εὐτελῶν
1414 4085 1668 4154 γράμμα,

126 4186 316 4236 2.1.1.
358 4182 676 4251 Theophani
706 4179 979 4233 monac/to.
1030 4196 1049 4229 ι
1109 4178 1169 4232 Si
1237 4186 1288 4229 te
1348 4174 1670 4227 humilitatis

128 4282 284 4326 nostra
306 4274 611 4335 delectant,
656 4290 675 4321 ι
719 4281 823 4324 etc.
860 4269 990 4323 Vide
1037 4270 1173 4321 inter
1206 4266 1455 4335 epistolas
1497 4265 1672 4318 Photii

126 4362 193 4411 ιιιὸ
215 4380 347 4415 nunt.
378 4362 513 4427 209.,
558 4365 788 4429 Operam
838 4360 997 4427 ipsius
1038 4357 1213 4410 Phatii
1269 4356 1511 4409 editionis
1569 4370 1669 4407 no-

126 4466 219 4506 stri?
246 4468 363 4513 tom.
393 4454 481 4521 ΙΙ,
515 4454 840 4522 Putrologia:
859 4449 1010 4515 CCII,
1035 4451 1138 4503 col.
1169 4450 1296 4516 933.
1326 4447 1669 4502 Ευιτ.ΡΑτ1ι.

174 4548 474 4618 TbeOphani
513 4555 710 4601 nostro
740 4546 955 4598 missam
990 4544 1132 4597 hanc
1166 4541 1444 4609 epistolam
1504 4541 1670 4592 multa

127 4640 344 4706 suadent;
395 4638 595 4693 Sicilia
639 4638 751 4705 ipsa
787 4635 940 4703 cujus
966 4633 1023 4688 ﬁt
1053 4633 1254 4688 mentio
1288 4632 1339 4687 in
1397 4633 1510 4702 ipsa
1557 4632 1673 4699 cpi-

128 4732 260 4797 stola;
285 4743 335 4787 et
356 4734 503 4802 quod
527 4746 661 4786 eum
692 4729 797 4784 illis
822 4744 929 4782 una
966 4730 1290 4797 reperiatur,
1321 4740 1440 4795 quae
1462 4736 1515 4779 et
1537 4723 1675 4780 Gre~

128 4825 243 4891 gerio
285 4824 647 4896 Syracusano
702 4822 978 4890 episcopo,
1031 4829 1089 4875 et
1122 4813 1417 4889 Euthymi‘o
1456 4816 1673 4872 Catana:

129 4919 437 4987 metmpolite
474 4927 535 4972 et
571 4914 761 4969 Marco
782 4912 967 4968 Siculo
1008 4911 1223 4981 scripta:
1262 4919 1412 4974 sunt,
1449 4919 1500 4963 et
1530 4919 1669 4963 tem-

129 5014 240 5071 poris
269 5012 401 5066 ratio
452 5023 634 5080 quam
670 5007 807 5061 intra
851 5004 1103 5060 subtilius
1161 5002 1483 5072 supputabo.
1537 4999 1669 5054 Nam

130 5095 265 5155 Pliotii
296 5110 548 5172 tempore
591 5098 890 5152 Zacharias
910 5107 1026 5151 erat
1056 5096 1341 5165 episcopus
1372 5093 1673 5147 Taurome—

132 5192 183 5242 nii
207 5194 490 5263 eodemque
531 5205 653 5261 quo
684 5188 978 5259 Gregorius
1012 5188 1240 5243 Asbesta
1285 5187 1672 5256 Syracusarum

132 5282 480 5355 etEutbymius
512 5284 765 5336 (Satanan
810 5279 921 5335 Iloc
979 5280 1144 5349 igitur
1196 5287 1438 5347 tempore
1494 5275 1673 5330 Theo-

135 5377 313 5437 phanem
336 5378 523 5431 adhuc
553 5373 919 5428 monasticam
946 5373 1124 5443 egisse
1150 5373 1337 5433 vitam,
1374 5386 1439 5426 ex
1476 5384 1579 5439 qua
1607 5369 1672 5421 ad

134 5467 322 5537 episcopi
360 5469 701 5539 dignitatem
737 5473 978 5529 evectus,
1011 5474 1067 5518 et
1112 5462 1391 5518 Zachariae
1452 5476 1671 5516 succes-

136 5572 200 5610 sor
240 5562 412 5625 fuerit,
479 5560 735 5614 maxime
797 5558 1064 5629 congruit,
1124 5565 1233 5611 tum
1292 5556 1565 5625 sapientia:
1610 5568 1673 5609 ac

139 5647 341 5706 doctrina:
363 5652 480 5706 laus
507 5650 619 5720 ipsi
666 5648 866 5702 tributa
900 5664 930 5703 a
980 5647 1193 5713 Photio,
1243 5662 1362 5715 quas
1415 5646 1576 5701 etiam
1620 5647 1671 5699 in

140 5738 543 5808 inscriptionibus
603 5739 773 5809 hujus
831 5742 1012 5809 operis
1068 5748 1380 5793 constanter
1428 5738 1670 5809 legitur:

142 5840 220 5885 tum
250 5836 415 5890 datum
444 5834 743 5906 negotium
769 5833 1087 5902 coarguendi
1122 5832 1258 5900 ejus,
1290 5832 1378 5901 qui
1422 5830 1667 5887 haeresim

1766 518 2174 584 disseminabat,
2201 536 2321 573 cum
2356 520 2552 573 diceret
2580 518 2851 572 Christum
2888 534 2990 572 non
3045 535 3164 573 es<e
3210 526 3330 590 pin—

1764 608 1993 677 gendum
2023 618 2077 661 et
2109 608 2160 661 in
2189 609 2421 675 imagine
2474 608 2833 673 adorandum,
2892 611 3033 675 quod
3077 612 3327 678 pietatem

1763 711 1815 755 et
1838 701 2009 753 selum
2034 701 2244 754 tuendae
2280 701 2399 754 fidei
2432 701 2482 753 in
2508 698 2835 768 Theophane
2866 700 3027 755 etiam
3058 710 3168 755 tum
3210 720 3332 757 mo-

1766 791 1938 840 nacho
1978 797 2272 854 spectatam
2328 788 2608 840 indit-ant:
2663 786 2799 849 haec,
2848 789 3093 855 inquam,
3145 791 3325 844 omnia

1766 880 1862 949 ipsi
1906 880 2127 934 missam
2190 881 2327 934 hanc
2368 878 2649 948 epistolam
2701 879 2924 933 omnino
2966 891 3173 934 certum
3217 883 3331 936 eili-

1762 972 1930 1026 ciunt.
1970 971 2064 1025 llis
2095 973 2257 1039 igitur
2292 973 2512 1039 putatis,
2541 971 2604 1025 ad
2632 987 2743 1024 rem
2801 973 3128 1041 propositam
3172 990 3332 1028 acce-

1762 1064 1973 1116 danms.
2017 1062 2131 1116 Duo
2168 1062 2222 1115 S.
2260 1064 2487 1117 Andreae
2513 1063 2708 1131 templa
2751 1078 2815 1117 ac
2845 1065 3170 1118 monasteria
3200 1074 3329 1120 sunt

1762 1156 1828 1208 de
1859 1169 2087 1222 quorum
2123 1157 2383 1209 alteruer
2412 1155 2559 1223 loqui
2583 1157 2637 1208 in
2686 1156 2909 1209 homilia
2967 1156 3325 1223 TlteOphaues

1764 1250 1932 1314 pOssil
1970 1249 2237 1314 :prhnnm
2276 1250 2401 1301 illud
2426 1250 2492 1302 de
2526 1263 2634 1317 quo
2699 1249 2755 1301 S.
2820 1248 3111 1318 Gregorius
3166 1251 3326 1317 epist.

1768 1340 1836 1393 57
1871 1339 1982 1392 ind.
2012 1355 2090 1402 xl,
2120 1340 2215 1395 lib.
2245 1350 2304 1402 ti,
2335 1343 2400 1394 ad
2435 1341 2800 1393 Seeundinnm
2848 1341 3186 1396 Tanremnnii
3215 1343 3331 1412 epi-

1764 1446 1986 1499 stOpum
2009 1432 2193 1487 scribit
2225 1434 2307 1486 his
2326 1433 2505 1486 verbis
2542 1451 2555 1486 :
2598 1433 2808 1486 Pridem
2840 1434 3203 1502 prmcepimus,
3256 1445 3315 1487 ut

1764 1512 2164 1577 dehmmtasterio
2192 1524 2249 1579 S.
2285 1526 2527 1589 Andr-ear,
2561 1528 2699 1593 quod
2729 1537 2800 1578 cs!
2841 1543 2994 1592 super
3028 1526 3327 1593 Mascalim,

1764 1613 2123 1679 baptisterium
2164 1624 2373 1681 propter
2420 1614 2796 1667 monac/torum
2853 1615 3185 1668 insolentiam
3237 1616 3318 1667 de-

1762 1704 1953 1758 buisset
1986 1704 2208 1772 auferri,
2234 1714 2389 1773 atque
2418 1707 2470 1758 in
2492 1706 2667 1757 eodem
2715 1706 2829 1758 loco
2863 1721 2964 1774 quo
2988 1704 3154 1773 fontes
3184 1714 3326 1766 sunt,

1762 1796 1932 1848 altare
1958 1795 2194 1863 fundari.
2229 1793 2351 1849 Haec
2384 1794 2438 1849 S.
2474 1794 2771 1864 Gregorius
2812 1813 2825 1849 :

1762 1889 2197 1955 antiquissimum
2230 1887 2532 1940 coenobium
2561 1895 2616 1940 et
2668 1886 2923 1955 templum
2970 1886 3032 1941 S.
3079 1886 3327 1950 Andreas,

1762 1981 2043 2047 etquidem
2070 1973 2540 2033 Tauromenitana:
2571 1978 2819 2034 dioecesis
2847 1988 2969 2032 ante
2997 1979 3067 2035 Sa
3106 1994 3330 2035 raceno-

2880 1811 2948 1849 cx
2996 1811 3105 1864 quo
3164 1795 3331 1849 habes

1764 2064 1883 2124 rnm
1934 2072 2311 2140 irruptionem.
2367 2068 2634 2140 Oppidum
2691 2080 2870 2125 autem
2912 2071 3162 2126 Mascalis
3220 2088 3327 2127 non

1763 2162 1921 2233 longe
1955 2164 2110 2218 abest
2143 2179 2173 2218 a
2207 2163 2587 2224 Tauromenio.
2620 2180 2873 2233 passuum
2928 2166 3138 2222 scilicet
3206 2176 3329 2219 octo

1762 2260 1980 2318 millia:
2027 2276 2147 2315 nam
2207 2270 2262 2315 et
2310 2276 2437 2331 ager
2476 2260 2744 2325 Masculis,
2793 2262 2882 2330 qui
2937 2270 2989 2315 et
3050 2261 3209 2316 hodie
3246 2261 3329 2317 sic

1764 2352 2090 2417 nominatur,
2121 2352 2577 2407 Tauromenitano
2614 2367 2745 2421 agro
2778 2352 3007 2408 conﬁnis
3061 2360 3165 2407 est.
3192 2352 3328 2407 Illud

1763 2452 1941 2495 autem
1968 2443 2227 2511 oppidum
2263 2443 2471 2513 regium
2499 2452 2637 2501 erat.
2674 2454 2728 2498 et
2767 2459 2936 2513 usque
2982 2443 3049 2497 ad
3086 2451 3328 2510 tempora

1765 2532 2027 2585 Friderici
2054 2533 2301 2597 seettndi,
2334 2532 2533 2587 Sicilia:
2576 2532 2739 2599 regis,
2774 2535 2838 2586 ad
2875 2549 3074 2586 annum
3122 2532 3332 2586 scilicet

1768 2621 1905 2675 1296
1936 2622 2108 2686 stetit,
2142 2637 2247 2689 quo
2278 2630 2539 2689 regnante
2588 2638 2615 2675 a
2682 2622 2915 2687 Rogerio
2968 2620 3161 2674 Lanria
3212 2636 3334 2689 pcr-

1764 2714 1947 2778 duelli,
1969 2713 2326 2767 inductoilluc
2351 2714 2587 2768 exercitu
2610 2714 2883 2767 incensum
2911 2712 3029 2766 fuit.
3069 2712 3171 2767 Sed
3202 2728 3332 2767 vero

1764 2806 1829 2860 de
1849 2808 1961 2860 aede
1994 2804 2051 2860 S.
2087 2805 2315 2860 Andreae
2332 2806 2395 2857 ad
2437 2805 2698 2859 Mascalas
2725 2812 2906 2863 exstat
2969 2806 3131 2857 etiam
3182 2818 3331 2856 men-

1766 2898 1841 2951 tio
1876 2896 2012 2964 apud
2048 2898 2292 2951 eumdem
2325 2895 2587 2951 Thomam
2628 2896 2896 2950 Fazellum
2931 2913 2946 2949 :
2991 2910 3107 2948 eam
3166 2894 3334 2963 siqni-

1764 2989 1886 3045 dem
1913 3001 2148 3043 erectam
2182 3005 2209 3041 a
2242 2988 2445 3043 Joanne
2476 2990 2620 3053 Dive,
2650 3003 2842 3058 eoque.
2885 2997 2941 3039 ut
2984 2996 3185 3055 pestem
3245 2985 3334 3038 Si-

1765 3084 1888 3136 cilia
1920 3093 2027 3135 tota
2056 3093 2391 3149 grassantem
2417 3083 2669 3136 evaderet
2697 3080 3026 3149 confugisse,
3060 3089 3115 3133 et
3149 3088 3327 3131 tamen

1767 3175 1960 3229 ibidem
1993 3190 2021 3227 a
2049 3185 2245 3237 morte,
2285 3190 2402 3243 qum.
2433 3174 2673 3239 fugacem
2741 3172 3079 3241 persequitur
3130 3170 3329 3232 virum,

1767 3282 1886 3322 eum
1912 3283 2227 3335 oppressum
2268 3266 2458 3320 scribit
2489 3266 2582 3318 lib.
2616 3281 2694 3328 Is,
2735 3280 2857 3332 cap.
2909 3265 2975 3325 ὃς
3025 3262 3162 3331 quod
3218 3263 3334 3315 haec

1767 3360 1953 3412 eadem
1996 3372 2115 3427 quae
2144 3366 2383 3425 tempore
2428 3356 2494 3413 5..
2543 3354 2785 3420 Gregorii
2832 3362 3097 3408 steterat:
3136 3351 3329 3403 iterum

1766 3459 1942 3505 erecta
1974 3466 2001 3503 a
2041 3447 2245 3503 Joanne
2274 3447 2416 3512 Diue,
2438 3462 2559 3516 quae
2586 3461 2615 3499 a
2645 3444 2957 3498 Sarracenis
2998 3441 3161 3495 fuerit
3189 3441 3338 3509 deje-

1767 3550 1853 3595 cta
1880 3540 2185 3598 verosim'tle
2218 3538 2385 3594 videri
2436 3546 2636 3610 potest.
2668 3535 2794 3589 Mihi
2827 3536 2988 3603 igitur
3039 3534 3152 3587 hanc
3205 3547 3336 3587 con-

1762 3633 1969 3701 jectura
2028 3632 2093 3683 ad
2146 3631 2427 3684 veritatem
2495 3628 2739 3697 proxime
2800 3625 3011 3679 videtur
3054 3621 3334 3684 accedere,

1770 3724 2150 3793 TbeOphanem
2185 3730 2422 3775 nostrum
2448 3720 2499 3773 in
2525 3734 2589 3772 eo
2614 3718 2941 3773 monasterio
2970 3715 3027 3767 S.
3084 3715 3335 3775 Androm,

1770 3818 1837 3872 de
1858 3832 1963 3887 quo
1992 3815 2048 3870 5.
2082 3815 2379 3884 Gregorius
2408 3816 2474 3868 ad
2509 3811 2875 3866 Secundinum
2912 3810 3122 3871 scribit,
3171 3806 3337 3860 fuisse

1770 3910 2096 3976 educatum;
2124 3910 2175 3961 in
2207 3923 2271 3962 co
2303 3906 2515 3960 litteras
2544 3919 2726 3959 sacras
2752 3918 2779 3955 a
2807 3916 2935 3956 sene
2961 3901 3071 3964 illo,
3120 3899 3188 3953 de
3232 3913 3338 3963 quo

1774 4000 2031 4067 loquitur,
2087 4011 2311 4066 puerum
2367 3993 2655 4057 didicisse;
2720 3989 3096 4058 progrediente
3147 3984 3339 4038 deinde

1776 4102 2035 4160 tempore,
2067 4104 2189 4143 cum
2225 4088 2336 4155 jam
2386 4082 2731 4137 Tauromenii
2786 4082 3069 4149 cpiscopus
3120 4088 3337 4131 creatus

1772 4198 1935 4244 esset.
1967 4188 2030 4237 ad
2072 4185 2122 4237 id
2155 4184 2411 4250 templum
2444 4182 2528 4233 die
2554 4178 2607 4235 S.
2641 4178 2869 4232 Andreae
2894 4191 3050 4229 sacro
3074 4190 3167 4229 sua
3198 4189 3337 4242 prte-

1772 4278 1943 4331 scntia
1974 4291 2036 4329 ac
2069 4289 2319 4328 sermone
2355 4270 2743 4331 decorandmn,
2778 4283 2902 4321 cum
2940 4281 3051 4321 suae
3085 4268 3337 4318 dimecsis

1774 4382 1937 4431 e-set,
1966 4384 2064 4423 nec
2095 4377 2201 4422 tam
2234 4368 2388 4436 longe
2418 4380 2446 4418 a
2489 4360 2857 4427 Tanromenio,
2873 4358 3104 4417 abesset,
3131 4372 3195 4409 eo
3218 4366 3333 4409 stu-

1773 4464 1860 4517 dio
1893 4461 2065 4515 altrici
2105 4457 2293 4527 patria:
2320 4454 2472 4524 pretii
2532 4449 2857 4519 rependendi
2909 4463 2968 4502 se
3021 4443 3336 4501 contulisse.

1774 4553 2014 4607 Alterum
2056 4549 2114 4604 S.
2160 4547 2389 4600 Andrea:
2417 4542 2674 4610 templum
2717 4555 2812 4594 seu
2864 4539 3042 4607 potius
3084 4536 3334 4599 :cdicula,

1772 4659 1930 4713 qnam
1964 4641 2179 4695 trahere
2198 4638 2264 4692 ad
2288 4637 2654 4706 conjecturam
2683 4631 2978 4702 possimus,
3010 4637 3094 4683 est
3130 4625 3340 4680 Tauro-

1774 4730 2270 4800 menii;cnjusego
2301 4727 2506 4782 visendi
2530 4739 2691 4779 causa
2759 4722 2964 4776 nullam
3016 4719 3175 4772 aliam
3239 4716 3339 4771 ha-

1773 4824 1907 4877 bens
1951 4820 2158 4875 itineris
2209 4816 2464 4882 faciundi,
2516 4830 2582 4869 eo
2639 4828 2725 4869 me
2763 4810 2992 4875 contuli,
3040 4819 3101 4863 nt
3145 4808 3211 4863 de
3241 4807 3343 4862 hoc

1777 4912 1996 4981 templo,
2047 4912 2189 4964 unde
2252 4909 2424 4977 patria
2477 4906 2831 4974 Theophanis
2875 4900 3084 4957 ostendi
3139 4907 3342 4969 posset,

1775 5005 1907 5058 certi
1936 5003 2132 5070 aliquid
2172 4999 2413 5054 nancisci
2448 5012 2683 5065 possem.
2743 4994 2921 5048 Situm
2972 5001 3057 5047 est
3104 4990 3233 5042 illud
3290 4988 3342 5040 in

1777 5095 1919 5149 edita
1970 5106 2102 5160 rupe
2159 5105 2279 5158 qua:
2335 5103 2497 5157 supra
2540 5099 2688 5139 mare
2718 5082 2879 5137 altius
2899 5078 3158 5147 assurgit,
3188 5076 3345 5129 undi-

1775 5198 1987 5252 quaque
2018 5182 2241 5251 praecisa
2274 5178 2555 5241 lateribus,
2604 5188 2660 5231 et
2709 5190 2832 5230 cum
2885 5170 3345 5225 Tauromenitana

1776 5273 1895 5327 solo
1926 5270 1991 5325 ad
2024 5285 2274 5325 occasum
2312 5266 2605 5321 continenti
2644 5270 2874 5333 angusta
2906 5260 3095 5315 semita
3162 5257 3342 5309 adita:-

1777 5378 1932 5426 rens;
1961 5370 2122 5429 atque
2151 5359 2217 5413 ab
2248 5360 2474 5427 ipsamet
2503 5357 2617 5411 :nde
2642 5351 3065 5424 promontorium
3099 5346 3159 5401 S.
3232 5346 3345 5398 An-

1776 5456 1915 5509 drea:
1943 5452 2262 5521 appellatur,
2318 5451 2385 5503 ab
2408 5447 2604 5516 oppido
2634 5456 2692 5501 ut
2716 5459 2857 5499 nunc
2909 5458 2993 5496 res
3034 5448 3182 5502 sunt,
3235 5437 3344 5490 duo

1778 5543 2023 5597 milliaria
2045 5540 2315 5593 dissitum.
2342 5538 2395 5593 Si
2420 5552 2539 5591 eam
2562 5536 2731 5590 aedem
2764 5531 3169 5599 contempleris,
3234 5542 3340 5580 non

1779 5631 2110 5689 monasterio
2136 5630 2441 5699 adjtmctam
2473 5625 2732 5695 suspicari
2779 5624 2988 5693 possis;
3046 5631 3221 5674 tamen
3290 5627 3344 5671 et

1781 5740 1903 5781 area
1931 5738 2095 5793 capax
2122 5732 2204 5777 est
2240 5719 2451 5776 aedificii
2483 5718 2739 5781 coenobii,
2772 5726 2825 5771 ct
2878 5716 3027 5769 locus
3073 5715 3343 5775 desertus,

1786 5829 1837 5875 ct
1866 5819 1931 5873 ab
1962 5817 2237 5872 hominum
2282 5827 2501 5870 accessu
2523 5818 2759 5868 semotus
2785 5807 3013 5874 videtur,
3048 5804 3169 5859 vita:
3224 5819 3339 5856 mo.
