4172 6432
654 352 713 412 91
1635 358 2041 419 FRANCISCI
2077 354 2346 416 SCORSI
2382 355 2816 421 PROOEMIUM
2859 363 2943 424 Π.
3850 356 3918 418 92

654 471 873 519 nasticn'
905 478 957 520 et
988 468 1431 536 contemplationi
1491 473 1681 523 dedita:
1735 474 1869 525 satis
1938 486 2241 526 accommo-

650 558 774 611 dus.
819 560 1045 616 Exstant
1078 570 1130 612 ct
1164 566 1288 611 ante
1312 560 1481 614 aedem
1524 562 1700 615 adhuc
1766 563 1983 616 aediﬁcii
2044 563 2243 617 veteris

655 666 1040 720 nmrornmqne
1061 652 1282 721 vestigia
1306 670 1324 710 :
1346 669 1570 721 quorum
1591 655 1767 721 aliqua
1788 656 2082 709 eminentia
2102 657 2239 720 solo,

654 746 723 796 ali
748 759 955 806 piorum
981 744 1333 797 fundamenta
1363 746 1464 812 ipsi
1493 746 1611 799 solo
1642 756 1855 814 aquata
1892 755 2183 801 cernuntur
2224 764 2240 801 :

655 846 912 899 p-aaterea
942 836 1209 889 columnae
1240 846 1469 904 quatuor
1515 840 1741 904 palmari
1796 841 2077 895 altitudine
2140 841 2241 893 sibi

656 927 880 976 invicem
908 926 1176 992 quadrato
1209 926 1375 979 lalch
1416 931 1832 996 respondentia.
1884 930 1990 985 Sed
2060 940 2239 983 tamen

657 1016 1275 1082 cujusmodiaedilicium
1328 1017 1510 1077 fuerit.
1564 1035 1725 1073 nemo
1772 1030 1853 1073 est
1913 1022 2002 1089 qui
2042 1024 2239 1076 Ira-lat.

656 1106 829 1161 Possit
856 1108 977 1174 quis
1009 1112 1262 1173 augurari
1299 1111 1370 1163 ibi
1402 1112 1571 1166 fuisse
1611 1114 2001 1165 monasterium
2038 1113 2097 1167 S.
2127 1114 2241 1166 Au-

655 1200 799 1250 iliezc
828 1198 1025 1265 templo
1060 1200 1427 1265 coniunctum,
1472 1204 1613 1271 quod
1637 1218 1732 1275 per
1760 1219 1823 1258 ea
1859 1216 2099 1271 tempora
2126 1207 2244 1258 am-

656 1290 794 1354 plius
821 1288 1098 1355 aliquanto
1126 1290 1305 1345 fuerit.
1330 1292 1643 1347 Concursus
1660 1313 1793 1351 sane
1815 1299 1993 1367 populi
2016 1314 2079 1352 eo
2115 1300 2239 1363 loci,

657 1385 953 1446 ptmsettim
990 1382 1126 1435 festo
1160 1386 1215 1436 S.
1257 1384 1485 1439 Andreze
1507 1388 1616 1453 die,
1644 1402 1672 1440 a
1710 1393 1905 1459 populo
1946 1390 2244 1445 Taurome-

660 1476 843 1525 nitano
877 1476 989 1527 fieri
1011 1486 1330 1536 consuetus.
1361 1478 1590 1533 suadere
1614 1493 1791 1548 posset
1818 1500 1940 1536 eum
1967 1502 1994 1537 a
2050 1487 2243 1552 priscis

661 1565 671 1613 i
701 1565 766 1617 lis
804 1569 1137 1631 teniporihus
1177 1568 1341 1623 fuisse
1369 1572 1680 1636 deductum,
1720 1577 1917 1642 quibus
1949 1576 2239 1647 Theopha-

663 1675 757 1710 nes
793 1659 1057 1723 gloriatur
1089 1664 1278 1726 patriae
1320 1680 1428 1713 sine
1473 1666 1727 1731 populum
1789 1671 1840 1722 in
1903 1673 2243 1725 celebrandis

658 1761 965 1801 sanctormn
994 1754 1145 1802 testis
1172 1768 1289 1803 csse
1328 1752 1702 1821 frequentem;
1748 1759 1839 1809 Sed
1895 1760 1993 1812 hoc
2062 1762 2244 1815 hario-

659 1842 756 1891 lari
793 1850 876 1891 cst
907 1842 1084 1906 potius
1115 1856 1275 1908 quam
1305 1845 1486 1909 aliquo
1512 1860 1665 1899 certo
1718 1848 2071 1904 fundamento
2106 1869 2241 1907 cen-

654 1934 881 1998 jectarc.
919 1934 1085 1998 Igitur
1113 1950 1234 1987 cum
1271 1936 1450 2003 templi
1486 1938 1832 1993 Mascalcnsis
1888 1944 2116 1997 habeam
2176 1961 2240 1998 ex

654 2028 816 2094 cpist.
850 2030 906 2080 ς.
946 2028 1191 2093 Gregorii
1227 2029 1333 2094 iam
1365 2032 1531 2084 relata
1558 2032 1991 2101 fundamentum,
2025 2038 2091 2090 ad
2134 2042 2247 2105 pri-

660 2136 800 2171 niam
847 2120 1215 2183 conjcrlu'ant
1273 2125 1442 2201 magis
1496 2127 1723 2181 inclinat
1776 2132 2009 2185 animus.
2072 2133 2245 2197 Atque

662 2214 789 2265 binc
813 2214 1029 2279 colligo,
1078 2212 1424 2294 TbeOphanis
1455 2222 1686 2286 patriam
1720 2222 1802 2272 vel
1855 2222 2105 2279 Mascalis
2152 2240 2246 2295 op-

658 2306 867 2371 pidum.
910 2307 990 2359 γει
1028 2305 1372 2362 Tauromenii
1412 2311 1600 2366 fuisse.
1635 2312 1695 2365 Et
1730 2316 1951 2384 quidem
2007 2318 2107 2371 hoc
2156 2334 2245 2371 se-

656 2400 893 2451 cundum
932 2404 1108 2466 potius
1133 2403 1408 2468 opinarer.
1436 2405 1543 2459 Nec
1577 2409 1720 2461 enim
1761 2411 1983 2479 impedit
2032 2427 2097 2465 eo
2160 2413 2246 2466 die

657 2507 981 2547 conettrsuut
1023 2496 1276 2552 factuma
1307 2501 1505 2566 populo
1561 2500 2021 2558 Tauromenitano
2073 2507 2126 2558 in
2192 2509 2243 2560 itl

660 2586 715 2636 S.
756 2587 985 2639 Andreae
1020 2591 1302 2654 templum,
1329 2608 1499 2661 eoque
1530 2596 1692 2648 etiam
1726 2600 2047 2652 convenisse
2072 2600 2247 2653 'l'beo-

658 2680 1035 2744 phanem.suze
1056 2686 1103 2734 in
1140 2685 1190 2735 id
1226 2685 1438 2751 pietatis
1461 2702 1612 2756 ergo.
1642 2688 1776 2741 Cum
1794 2690 1936 2744 enim
1958 2708 2116 2760 supra
2139 2693 2247 2745 ΜΑ-

662 2772 838 2824 scalas
867 2773 918 2824 id
951 2788 1113 2827 essea
1143 2775 1202 2829 Ι).
1228 2776 1492 2846 Gregorio
1526 2781 1755 2845 dicatur,
1784 2787 2091 2839 certeinter
2136 2787 2249 2840 Ma-

662 2867 850 2919 scalitn
870 2876 924 2919 et
957 2868 1376 2923 Tauromenium
1410 2873 1571 2924 sitmn
1607 2874 1777 2929 fuisse
1801 2876 1957 2931 facile
1992 2890 2073 2931 est
2097 2879 2246 2947 judi-

660 2974 807 3021 care,
844 2961 1084 3027 azleoque
1114 2978 1218 3015 non
1259 2972 1366 3016 tam
1400 2965 1554 3034 longe
1585 2984 1614 3019 a
1675 2966 2048 3025 Tauromenio
2101 2972 2250 3040 posi—

661 3062 772 3103 tum
807 3066 969 3119 quam
1006 3053 1180 3121 ipsum
1209 3053 1459 3109 Mascalis
1487 3040 1740 3125 oppidum
1767 3072 1907 3117 erat.

825 3145 851 3215 ξ
880 3144 966 3199 ιν.
1011 3146 1277 3201 διεειιίιιιιι
1310 3165 1411 3217 quo
1443 3148 1781 3218 Theophanes
1813 3156 2077 3222 ﬂoruerit.

735 3241 851 3294 Non
887 3253 970 3296 est
999 3258 1063 3296 ex
1098 3245 1351 3299 omnibus
1386 3260 1506 3314 qua:
1534 3246 1584 3299 in
1633 3249 1715 3302 his
1742 3253 2021 3317 pratentiis
2067 3254 2252 3324 dispu-

661 3345 868 3398 tantur,
901 3348 988 3387 res
1027 3350 1131 3386 una
1167 3337 1369 3390 certior
1420 3348 1475 3391 et
1528 3340 1744 3405 clarior,
1779 3357 1939 3411 quam
1993 3345 2249 3401 sarculum

660 3441 769 3492 quo
799 3426 885 3478 btc
936 3433 1126 3477 auctor
1159 3428 1489 3495 cxstisterit;
1554 3445 1675 3482 nam
1718 3442 1771 3483 et
1825 3432 1877 3485 in
1932 3433 2046 3501 ipsa
2069 3437 2251 3491 saeculi

663 3514 1021 3577 obscuritate,
1081 3515 1170 3567 ille
1228 3526 1486 3584 tanquam
1542 3518 1722 3571 lumen
1776 3520 1989 3593 aliquod
2042 3528 2253 3579 ca'teris

663 3607 952 3659 exstinctis
1008 3606 1201 3659 elucet.
1247 3607 1353 3659 Nec.
1394 3623 1521 3663 vero
1584 3611 1636 3663 in
1692 3612 1794 3665 hoc.
1850 3619 2113 3682 prommio
2170 3629 2254 3672 est

668 3698 800 3750 mihi
829 3698 1056 3765 alioujns
1087 3700 1369 3768 scriptoris
1422 3715 1579 3756 secus
1630 3706 1917 3761 sentientis
1956 3712 2254 3765 auctoritas

666 3790 954 3843 refellenda
989 3794 1081 3845 setl
1114 3791 1428 3846 allirutantla
1490 3797 1778 3849 multorum
1825 3810 1969 3853 recte
2010 3804 2252 3857 sentien-

668 3885 819 3935 tium.
865 3883 995 3935 Nam
1030 3883 1262 3937 Jacobns
1307 3884 1616 3950 Gretserus,
1663 3903 1778 3942 soc.
1813 3888 1961 3956 Jcsu,
2004 3892 2071 3943 de
2109 3894 2254 3948 litte-

665 3976 808 4027 raxia
862 3975 1224 4043 universique.
1271 3990 1327 4029 re
1379 3976 1689 4031 Christiana
1740 3982 1943 4046 optime
2005 3985 2251 4048 meritus,

668 4076 798 4118 tom.
828 4066 868 4119 ll
904 4066 977 4119 De
1004 4083 1177 4128 cruce,
1218 4067 1270 4119 in
1312 4070 1457 4121 notis
1487 4071 1552 4121 ad
1587 4073 1719 4123 duas
1765 4072 2044 4127 orationes
2074 4076 2256 4130 Thro-

666 4160 860 4225 pbanis
890 4157 1162 4222 Ceramci,
1194 4170 1381 4212 censet
1412 4175 1536 4213 eum
1562 4160 1812 4217 floruisSe
1863 4179 1972 4231 quo
2012 4174 2253 4235 tempore

668 4253 849 4305 Sicilia
892 4252 1129 4304 nondum
1190 4260 1298 4305 tota
1354 4268 1380 4303 a
1435 4254 1723 4309 Saracenis
1777 4268 1923 4311 esset
1976 4262 2251 4315 subat-ta:

666 4343 808 4410 quod
837 4351 921 4395 est
951 4344 1093 4395 circa
1128 4358 1327 4395 annum
1362 4343 1488 4403 900.-
1536 4355 1716 4398 motus
1747 4362 1809 4399 ea
1863 4350 2071 4403 ratione
2111 4353 2252 4418 quod

664 4447 766 4486 suo
830 4432 991 4487 finem
1058 4434 1323 4487 orationis
1368 4437 1619 4489 secundte
1669 4439 1741 4490 De
1798 4455 1953 4492 cruce
2008 4441 2254 4511 imploret

659 4531 854 4575 auctor
886 4538 1041 4591 opem
1074 4533 1127 4575 et
1158 4525 1412 4577 virtutem
1456 4527 1799 4595 imperatoris
1832 4542 2021 4584 contra
2053 4533 2255 4601 impios

664 4614 998 4679 lsmaelitas;
1050 4618 1193 4677 quod
1248 4617 1387 4670 idem
1450 4617 1579 4671 facit
1637 4620 1689 4671 in
1732 4631 1868 4675 orat.
1904 4622 1979 4675 De
2028 4625 2253 4677 adventu

666 4708 898 4771 Spiritus
934 4710 1122 4770 uincti,
1154 4710 1206 4761 in
1236 4710 1560 4778 apostrOpha
1586 4712 1651 4763 ad
1672 4712 1842 4779 ipsum
1864 4714 1921 4766 S.
1950 4713 2211 4781 Spiritum
2239 4732 2252 4767 :

663 4802 761 4854 Pio
796 4811 973 4853 nostro
1000 4802 1329 4867 imperatori,
1362 4815 1722 4873 prapngnawr
1752 4807 1823 4858 sis
1854 4817 2040 4859 contra
2066 4808 2251 4874 impios

668 4897 813 4961 Agar
834 4895 1004 4961 ﬁlios!
1038 4895 1154 4957 eius
1198 4896 1477 4961 imperium
1522 4899 1577 4949 in
1620 4914 1748 4965 pace
1780 4909 1828 4953 et
1872 4902 2253 4971 tranquillitate

666 5002 915 5039 conserva
944 4986 964 5039 !
992 4986 1184 5040 Caneri
1216 4988 1306 5055 qtti
1337 4989 1388 5040 iu
1420 4988 1558 5042 idem
1588 4991 1846 5043 saeculum
1866 4990 2250 5060 Theophanem

670 5079 974 5146 Conjccet'c,
1003 5080 1071 5133 ab
1096 5080 1231 5147 ipso,
1253 5080 1435 5144 credo,
1461 5097 1743 5150 sumpsere
1782 5083 2062 5140 Gretsero.
2120 5087 2250 5139 Nam

675 5171 726 5222 in
762 5170 1095 5225 Bibliotheca
1127 5170 1346 5226 Patrum
1375 5190 1564 5243 magna
1597 5173 1836 5231 Colonia:
1867 5178 2031 5240 edita,
2060 5178 2112 5233 in
2144 5195 2250 5247 qua

671 5265 789 5317 dum
820 5264 922 5318 illa:
950 5266 1226 5320 orationes
1270 5264 1337 5320 de
1369 5280 1527 5320 cruce
1559 5278 1831 5335 ponuntur
1890 5285 2009 5339 quze
2067 5283 2196 5325 sunt
2223 5289 2251 5326 a

670 5358 928 5413 Gretsero
950 5359 1131 5421 editae,
1166 5368 1481 5413 recensetur
1504 5360 1591 5415 bic
1613 5368 1807 5417 auctor
1845 5379 1967 5419 cum
1997 5364 2252 5421 Patribus

671 5448 850 5502 seculi
881 5450 1029 5505 noni.
1056 5450 1230 5518 Atque
1262 5452 1401 5505 inter
1426 5450 1666 5520 ejusdem
1694 5453 1872 5507 saeculi
1907 5454 2099 5509 Patres
2126 5473 2250 5509 etim

672 5552 996 5594 :muuznerat
1051 5542 1363 5598 Dmninicus
1416 5544 1675 5609 Gravina,
1726 5563 1788 5601 or
1813 5548 1933 5600 finis
1987 5547 2256 5602 Prreilica-

673 5644 871 5689 tirum.
903 5634 953 5684 in
982 5634 1118 5687 libro
1147 5634 1542 5691 Catholicorum
1582 5641 2038 5708 pra'scrt'ptiomtm
2074 5643 2257 5696 adrer-

672 5746 762 5781 sus
818 5729 1122 5785 hu‘reticos.
1155 5733 1319 5784 nostri
1350 5779 1357 5785 .
1387 5738 1634 5802 (corporis
1656 5775 1671 5800 ,
1751 5738 1840 5789 ubi
1920 5739 2253 5806 singulorum

676 5821 993 5879 διςιιΙυιἹιιιι
1036 5837 1194 5878 recen
1234 5822 1406 5878 ionetn
1452 5825 1670 5880 l’atrum
1717 5826 1865 5883 facit.
1908 5826 2059 5883 Dom.
2111 5828 2253 5883 [iuc-

2351 472 2489 525 chus
2549 472 2739 531 Pirrtts
2793 476 2847 530 itt
2879 476 3082 531 Notitia
3132 477 3388 532 Ecclesiae
3433 476 3915 531 Tauromenitanam

2346 566 2595 629 quamvis
2624 580 2729 619 non
2755 578 2908 621 certo
2933 568 3096 623 statui
3129 585 3332 623 annum
3380 583 3541 638 posse
3596 567 3759 630 dicat,
3811 580 3918 635 quo

2346 664 2540 709 auctor
2563 658 2649 713 hic
2674 659 2975 727 scripserit,
2997 669 3179 713 tamen
3208 669 3327 727 post
3352 674 3551 711 annum
3598 657 3702 711 8&9.
3727 657 3920 708 vixisse

2310 786 2315 787 κ
2350 758 2607 818 tanquam
2644 755 3009 806 necessarium
3058 753 3263 821 colligit
3305 768 3369 806 ex
3405 751 3622 806 bomilia
3668 750 3809 805 dicta
3860 750 3914 801 in

2350 840 2485 893 festo
2513 840 2603 895 die
2627 843 2988 899 restitutionis
3034 843 3133 898 SS.
3166 844 3485 910 imaginum,
3516 857 3634 911 qua!
3663 840 3918 894 solemnis

2350 933 2607 985 memoria
2643 934 2888 989 instituta
2936 944 3024 990 est
3056 951 3199 990 anno
3240 935 3401 989 dicto.
3444 936 3621 996 Atque
3675 934 3790 987 hac
3838 940 3921 985 est

2347 1037 2633 1080 auctorum
2662 1028 2756 1095 qui
2808 1036 2936 1082 ante
2978 1043 3064 1080 me
3107 1030 3375 1096 scripsere
3420 1028 3728 1087 sententia;
3758 1038 3917 1093 quam

2346 1134 2468 1185 ego.
2502 1131 2556 1171 ut
2595 1119 2725 1183 dixi,
2766 1134 2869 1173 non
2898 1130 3006 1174 tam
3040 1135 3258 1188 sequor,
3299 1135 3459 1189 quam
3494 1134 3673 1172 veram
3704 1131 3825 1171 esse
3854 1130 3921 1169 ex

2348 1211 2467 1264 aliis
2496 1210 2845 1265 bomiliarum
2871 1211 3027 1274 locis,
3066 1227 3185 1280 qua:
3217 1212 3292 1266 illi
3330 1228 3436 1265 non
3463 1212 3661 1275 legere,
3692 1211 3920 1263 demon-

2346 1312 2480 1364 stro,
2510 1310 2564 1354 et
2593 1313 2710 1353 rem
2738 1301 2791 1352 in
2824 1311 3112 1366 angustum
3156 1303 3325 1369 magis
3365 1302 3575 1354 tleiluco
3606 1308 3923 1365 certumque

2348 1390 2571 1458 designo
2605 1404 2834 1460 tempus.
2886 1390 2952 1444 Et
2995 1405 3129 1444 sane
3180 1392 3315 1444 duos
3345 1405 3606 1443 annorum
3663 1389 3926 1441 intercur-

2348 1488 2581 1538 rentium
2607 1487 2877 1540 canstituo
2909 1486 3189 1545 terminos.
3213 1486 3351 1537 intra
3382 1499 3514 1550 quos
3541 1483 3925 1549 Theophanem

2350 1576 2551 1628 vixisse
2602 1585 2809 1629 certum
2862 1578 3087 1630 omnino
3147 1591 3366 1629 censeo.
3421 1575 3635 1627 Primus
3707 1582 3789 1625 cst
3841 1573 3928 1624 ilic

2347 1683 2512 1731 supra
2560 1677 2778 1721 notatus
2832 1685 3006 1723 annus
3057 1668 3161 1722 842
3222 1679 3539 1735 argumento
3582 1666 3689 1731 jam
3743 1666 3926 1728 dicto;

2348 1762 2484 1813 alter
2516 1770 2598 1813 est
2630 1775 2805 1814 annus
2835 1776 2941 1825 quo
2976 1773 3195 1828 captu=n
3228 1778 3253 1810 a
3285 1758 3607 1812 Sarracenis
3635 1754 3928 1807 Taurome-

2349 1852 2496 1904 nium
2561 1849 2682 1913 fuit,
2735 1852 2880 1918 quod
2933 1851 3033 1902 sub
3089 1849 3287 1902 Leonis
3347 1847 3576 1916 imperio
3638 1845 3930 1914 contigisse

2351 1944 2511 1996 tradit
2558 1942 2776 2011 optima!
2825 1942 2947 1994 fidei
3002 1951 3191 1993 auctor
3222 1941 3272 1992 in
3320 1940 3510 2006 primis
3540 1937 3931 1991 Constantinus

2350 2038 2888 2107 Porpbyrogennela.
2925 2038 3122 2091 Leonis
3149 2037 3316 2104 ipsius
3361 2036 3524 2095 liiins,
3559 2033 3648 2085 lib.
3683 2049 3719 2084 ιι
3752 2031 3925 2083 Τήρης,

2351 2132 2559 2197 imperii
2592 2132 2806 2185 Orient.
2850 2147 3009 2199 quem
3059 2130 3234 2182 Iocmn
3274 2144 3431 2192 supra
3481 2128 3703 2179 relatum
3757 2124 3931 2177 recole.

2349 2224 2431 2295 §‘l
2464 2225 2699 2279 Proteu).
2729 2242 2767 2279 ι.
2804 2224 3168 2280 Censentiunt
3221 2221 3459 2275 Joannes
3499 2219 3845 2288 Curopalates
3879 2228 3931 2269 et

2348 2334 2411 2371 ex
2446 2332 2510 2372 eo
2538 2318 2776 2373 Thomas
2811 2318 3083 2378 Fazellus,
3128 2328 3181 2370 et
3224 2316 3380 2368 Doni.
3426 2314 3674 2367 Bocchus
3724 2312 3927 2364 Pirrus.

2350 2413 2527 2478 Quoto
2578 2425 2706 2465 vero
2758 2409 2949 2464 Leonis
2991 2410 3254 2476 sapientis
3324 2422 3467 2459 anno
3514 2405 3931 2458 Tauromenium

2348 2516 2563 2573 captum
2586 2520 2612 2556 a
2641 2502 2955 2556 Sarract-nis
2984 2502 3052 2553 sit
3073 2509 3404 2567 compertum
3435 2496 3602 2549 habeo
3622 2510 3684 2547 ex
3711 2494 3931 2547 b‘storia

2352 2613 2511 2665 quam
2548 2597 2613 2648 de
2647 2595 2911 2661 ProcOpio
2939 2593 3194 2661 episcopo
3227 2601 3281 2644 et
3318 2590 3480 2642 sociis
3542 2590 3595 2641 iu
3652 2602 3931 2655 expugna~

2354 2691 2498 2741 tione
2528 2686 2872 2741 Tanromenii
2914 2686 2983 2739 ab
3016 2685 3261 2738 hostibus
3309 2684 3411 2735 iliis
3457 2681 3777 2735 Christiana:
3813 2679 3931 2731 fidei

2353 2780 2748 2833 iinmai-issime
2799 2779 3081 2832 trucidatis
3136 2777 3357 2844 scripsit
3391 2774 3628 2827 Joannes
3676 2773 3936 2824 diaconus

2356 2874 2611 2927 Ecclesiae
2675 2870 3128 2937 metropolitanzc,
3178 2870 3463 2921 occasione
3519 2881 3677 2933 quam
3734 2865 3930 2917 dicam.

2357 2968 2597 3033 Scripsit
2627 2965 2673 3017 is
2708 2964 2947 3017 libellum
2988 2964 3054 3016 de
3082 2960 3466 3015 Translatione
3500 2958 3557 3012 S.
3596 2956 3835 3011 Severini
3867 2972 3931 3011 ex

2352 3059 2577 3114 castello
2608 3056 2884 3110 Luculano
2914 3057 2967 3107 in
3024 3056 3207 3107 urbem
3260 3051 3554 3117 Neapolim,
3599 3066 3718 3119 qua:
3754 3061 3937 3103 trans-

2355 3152 2484 3205 latio
2531 3150 2672 3204 (πω
2721 3158 2805 3203 est
2853 3146 3103 3201 Bracbiui
3170 3145 3279 3213 (alii
3332 3144 3599 3212 Abrayan:
3638 3142 3935 3202 nominant,

2354 3245 2448 3301 sed
2488 3260 2553 3298 ex
2606 3245 2708 3297 hoc
2756 3243 2884 3295 illud
2920 3239 3277 3309 corruptum).
3314 3236 3734 3292 Sarracenorum
3772 3237 3935 3303 regis,

2356 3348 2525 3400 metu,
2558 3336 2673 3404 qui,
2707 3346 2925 3403 recepta
2958 3334 3230 3386 Panormo
3250 3342 3512 3399 captoque
3544 3328 3936 3391 Tauromenio,

2358 3432 2409 3484 in
2438 3430 2749 3484 Calabriam
2800 3427 3101 3480 transmisit
3135 3425 3458 3485 exercitum,
3494 3423 3768 3492 regionem
3816 3436 3937 3474 eam

2356 3538 2573 3577 onmem
2612 3522 2835 3574 Romam
2871 3535 3040 3587 usque
3071 3532 3417 3571 excurSurus.
3460 3516 3723 3570 Prteinisit
3779 3516 3941 3581 igitur

2355 3617 2592 3685 scriptor
2652 3614 3109 3684 expugnationem
3156 3610 3505 3664 'l‘anromeuii
3584 3608 3759 3662 libello
3815 3618 3936 3669 suo,

2354 3710 2667 3778 ca‘demqne
2709 3708 2905 3762 factam
2958 3706 3207 3773 Procopii
3261 3704 3531 3772 cpiscopi,
3565 3703 3628 3757 tle
3678 3718 3783 3771 qua
3841 3718 3943 3756 nos

2355 3803 2518 3857 etiam
2565 3816 2731 3868 supra
2781 3799 3018 3852 Promm.
3084 3799 3135 3857 Ι.
3189 3796 3628 3868 §2.llistoriam
3685 3812 3747 3849 ex
3809 3811 3940 3849 mss.

2358 3894 2690 3948 membranis
2723 3891 3039 3944 monasterii
3077 3889 3178 3943 SS.
3234 3889 3480 3942 Severini
3512 3897 3564 3941 et
3614 3888 3809 3949 Snssii,
3846 3902 3941 3940 or-

2358 3986 2500 4039 tlinis
2522 3986 2581 4038 S.
2613 3984 2911 4044 Benedicti,
2944 3984 2995 4035 iit
3033 3984 3167 4035 urbe
3213 3980 3431 4050 Neapoli
3480 3982 3807 4049 exscriplnm
3846 3998 3942 4035 ac»

2356 4078 2499 4145 cepit
2552 4074 2620 4127 ab
2679 4073 3009 4125 amicissimo
3058 4086 3156 4124 suo
3216 4070 3475 4125 Octavius
3536 4072 3828 4134 Caetanus,
3886 4074 3936 4123 in

2357 4164 2744 4234 conquirendis
2775 4163 3078 4225 huiusmodi
3139 4176 3316 4215 rerum
3369 4161 3713 4216 Sicileusium
3749 4180 3937 4214 runtur-

2362 4259 2561 4310 tncntis
2608 4256 2966 4324 tliligcntissiu
2993 4271 3076 4317 us,
3118 4263 3170 4306 et
3220 4270 3326 4322 qua
3357 4264 3477 4307 erat
3514 4256 3836 4308 auctoritate
3884 4266 3933 4307 et

2359 4350 2612 4403 Γοηῖξιίῐυ
2644 4352 2783 4416 apud
2824 4349 3026 4422 amicos
3051 4348 3479 4402 efﬁcacissimus.
3508 4350 3582 4399 Atl
3617 4366 3749 4400 rem.
3784 4349 3942 4400 Notat

2359 4443 2447 4495 hic
2504 4441 2737 4509 scriptor
2792 4438 3032 4492 Joannes
3090 4452 3290 4490 annum
3361 4440 3571 4505 imperii
3630 4441 3823 4495 Leonis
3886 4456 3939 4495 et

2357 4512 2675 4589 Alexandri
2707 4530 2895 4585 XXIV.
2949 4531 3057 4584 Leo
3103 4541 3285 4584 autem
3331 4546 3356 4582 a
3395 4531 3552 4586 Patre
3604 4531 3799 4584 Basilio
3844 4550 3940 4600 pt‘r

2358 4626 2415 4680 S‘.
2483 4624 2745 4693 lgnatium
2805 4622 3170 4691 patriareltam
3221 4632 3511 4674 coronatus
3572 4634 3653 4674 cst
3711 4624 3937 4675 solemni

2358 4716 2839 4785 Tbcopbaniorum
2898 4715 3019 4777 die,
3086 4728 3229 4766 anno
3291 4713 3460 4778 ipsius
3520 4715 3696 4765 Basilii
3760 4717 3941 4773 tertio,

2356 4808 2561 4864 Christi
2590 4808 2715 4865 870.
2745 4807 3043 4871 eodemque
3075 4804 3379 4856 Alexauzler
3423 4804 3559 4856 alter
3593 4804 3734 4855 filius
3760 4806 3942 4857 Cmsar

2357 4913 2594 4957 creatus.
2626 4899 2777 4966 Quad
2816 4898 3056 4968 prodidit
3104 4897 3428 4950 Anastasius
3473 4898 3939 4960 Bibliothecaiius,

2358 4996 2449 5065 qui
2479 4995 2527 5047 ei
2586 4992 2923 5046 coronationi
2974 4990 3239 5050 interfuit,
3276 4990 3661 5059 conseruitque
3700 4992 3941 5061 Curopa-

2358 5089 2510 5153 lates,
2544 5096 2597 5140 et
2631 5101 2696 5139 ex
2750 5086 2815 5138 iis
2850 5084 3112 5137 Baronius
3156 5098 3299 5136 anno
3338 5084 3482 5136 dicto
3518 5101 3530 5137 :
3570 5094 3622 5136 et
3672 5083 3941 5142 Cumanus

2353 5184 2464 5252 jam
2497 5181 2697 5235 citatus
2721 5178 2909 5232 eodem
2957 5175 3118 5229 modo
3170 5186 3438 5239 numerat,
3474 5177 3774 5245 probatque
3806 5180 3943 5233 ulte-

2360 5279 2473 5329 rius
2531 5290 2597 5328 ex
2635 5272 2757 5325 Vita
2817 5270 2878 5322 S.
2934 5269 3063 5323 Elia:
3100 5268 3390 5335 Ennensis,
3442 5287 3602 5338 quem
3658 5274 3757 5328 hoc
3802 5289 3944 5329 anno

2360 5373 2564 5426 abiisse.
2593 5370 2800 5425 statuit.
2832 5366 2907 5420 Ex
2945 5367 3047 5421 hoc
3083 5366 3241 5433 igitur
3269 5362 3566 5418 anno‘inita
3599 5365 3803 5418 ratione
3827 5366 3939 5418 clli-

2358 5463 2505 5517 citur
2553 5458 2968 5528 expugnationis
3019 5455 3367 5509 Tauromenii
3419 5470 3592 5507 annus
3638 5455 3763 5508 893.
3812 5455 3944 5508 Cum

2316 5601 2319 5603 ,
2362 5554 2528 5621 igitur
2578 5552 2683 5603 hoc
2731 5562 2873 5601 anno
2921 5546 3220 5614 Procopius
3269 5552 3413 5599 esset
3468 5545 3752 5614 cpiscopus
3796 5544 3947 5613 (quot

2362 5660 2492 5696 Vero
2521 5642 2609 5695 hic
2638 5641 2795 5694 annis
2840 5638 3044 5690 rexerit
3091 5635 3604 5689 Tauromenitanam
3659 5634 3943 5689 ecclesiam

2363 5736 2684 5797 nescimnsl,
2737 5746 2881 5786 anno
2933 5730 3216 5784 minimum
3264 5743 3371 5782 uno
3429 5728 3662 5782 alterove
3725 5744 3947 5795 prmccs.

2366 5829 2504 5884 siser:
2530 5826 2916 5894 Theophanem
2946 5825 3205 5894 oportuit,
3255 5838 3443 5877 rursus
3475 5838 3595 5878 cum
3651 5818 3947 5876 Zacharias
