4172 6432
673 348 742 411 95
1651 352 2049 412 FRANCISCI
2095 352 2361 410 SCOliSI
2404 351 2844 413 l‘liOCEMlUM
2881 350 2963 410 Π.
3874 338 3945 404 96

672 473 770 524 νην
796 455 886 507 τὸν
907 455 1003 518 τὰς
1030 457 1400 526 μεταφράσεις
1435 456 1496 509 εὖ
1524 456 1666 526 μάλα
1701 459 2048 526 συνθέμενον.
2074 461 2255 526 ltaquc

674 557 794 614 post
828 547 974 600 illum
1004 549 1115 600 haec
1153 548 1442 614 scripsisse
1466 547 1851 615 Theophanem
1899 567 2119 605 ueces~c
2151 561 2252 602 cst.

677 641 794 706 Quo
824 642 988 710 igitur
1018 655 1130 694 :mo
1189 641 1583 710 Mctapbrastes
1617 645 1881 710 scripsit?
1927 645 2114 697 Adhuc
2155 647 2255 697 sub

669 732 851 800 judice
877 732 1019 784 litem
1051 747 1171 785 esse
1212 734 1282 785 ait
1316 734 1591 787 Gerardus
1624 733 1848 788 Vossius
1888 733 1959 786 De
1991 735 2254 786 historicis

676 818 897 880 Gra'ris,
947 819 1040 871 lib.
1088 835 1148 882 ll,
1182 836 1298 887 cap.
1337 821 1437 882 ‘26;
1474 823 1566 872 sed
1618 836 1737 874 eam
1794 822 1902 889 jam
1965 820 2252 885 diiudicari

677 910 889 963 tandem
930 927 1089 978 posse
1127 915 1214 965 aio
1245 928 1306 963 ex
1345 913 1445 965 hoc
1474 929 1638 979 Opere
1687 914 1738 967 in
1780 914 1952 966 lucem
1994 914 2168 975 edito;
2204 925 2257 966 et

675 1003 894 1068 quidem
959 1007 1028 1057 ita
1090 1015 1143 1056 ut
1197 1006 1774 1070 prastautissimormn
1826 1007 2153 1074 scriptorum
2205 1017 2258 1060 et

675 1096 1132 1163 cbrouologorum
1160 1097 1341 1164 Opinio
1375 1099 1655 1162 pervincat
1683 1116 1694 1160 ;
1731 1113 1957 1162 quorum
1994 1097 2254 1150 familiam

673 1189 819 1239 dtu-it
869 1190 1338 1242 eminentissimus
1384 1188 1668 1240 Annalium
1718 1192 1953 1257 scriptor
2007 1201 2060 1244 et
2119 1200 2256 1242 lem-

674 1297 864 1345 pnrum
903 1295 1222 1349 supptttator
1251 1283 1544 1334 cartliualis
1580 1281 1864 1344 Barouins,
1900 1285 1988 1351 qui
2025 1296 2155 1338 lont.
2187 1284 2253 1348 Χ,

673 1373 739 1423 nil
793 1389 990 1424 utiuttttt
1039 1373 1242 1426 Christi
1287 1372 1414 1436 850,
1454 1389 1574 1426 eum
1627 1375 1690 1427 de
1741 1374 1998 1429 Mitllttelc
2063 1376 2255 1439 l‘sello,

675 1462 873 1514 Leonis
911 1463 1216 1529 Philosophi
1250 1468 1528 1532 magistro,
1592 1481 1653 1518 ex
1703 1465 1905 1520 Joanne
1935 1467 2258 1534 Curopalata

676 1552 1004 1603 mentionem
1050 1552 1262 1604 fecisset
1293 1557 1418 1614 (non
1456 1555 1539 1605 hic
1585 1565 1674 1607 est
1711 1571 1836 1606 vero
1871 1554 1977 1607 Leo
2018 1555 2260 1608 Philoso-

672 1643 811 1710 pilus
847 1644 987 1694 idem
1044 1645 1132 1708 qtti
1188 1643 1292 1697 Leo
1324 1646 1550 1711 Sapiens
1601 1648 1796 1709 dictus,
1845 1646 2024 1700 Basilii
2085 1647 2259 1700 Macu-

671 1733 827 1784 douis
859 1734 1022 1796 tilius,
1062 1736 1150 1799 qni
1190 1735 1237 1786 ei
1272 1735 1576 1788 associatus
1615 1735 1664 1788 iu
1703 1737 1930 1802 imperio
1962 1753 2102 1788 anno
2127 1737 2256 1802 870,

674 1825 766 1877 Sed
809 1825 968 1885 alius,
1005 1826 1094 1894 qui
1125 1824 1303 1877 timuit
1328 1837 1380 1878 et
1413 1826 1592 1879 docuit
1628 1827 1728 1880 sub
1757 1827 1984 1883 Michael
2013 1827 2075 1880 ΙΙΙ
2127 1829 2257 1881 Por-

670 1923 1079 1988 pliyiogenueta
1126 1921 1272 1972 circa
1312 1934 1510 1973 annum
1542 1921 1745 1975 Christi
1780 1922 1885 1976 859
1929 1940 1944 1975 :
1977 1923 2056 1976 sic
2097 1925 2262 1984 igitur

669 2013 737 2064 de
781 2011 1040 2065 Michaele
1092 2013 1288 2073 Psello,
1318 2010 1480 2078 bujus
1523 2011 1720 2068 Leonis
1767 2017 2051 2083 magistro,
2088 2017 2259 2070 baro-

676 2106 793 2157 uius
821 2124 831 2156 :
858 2105 938 2156 Ινῗλ·
961 2106 1042 2157 his
1061 2105 1454 2171 pariter/tabes,
1488 2107 1670 2165 lector,
1701 2125 1799 2172 quo
1830 2118 2058 2173 tempore
2078 2111 2259 2162 vixerit

674 2193 906 2259 Pscllus,
943 2196 1029 2262 qui
1055 2195 1155 2262 fuit
1183 2197 1432 2265 magister
1465 2195 1646 2248 Leonis
1684 2196 2026 2264 Philosophi;
2055 2215 2121 2251 e1:
2161 2217 2262 2267 quo

685 2291 884 2355 puriter
939 2291 1176 2342 arldisrrs
1210 2306 1310 2355 quo
1360 2300 1587 2354 tempore
1625 2291 1806 2343 t-ixerit
1859 2291 2258 2358 Metaphrastes,

672 2385 723 2436 iit
757 2384 908 2450 cujus
939 2383 1147 2435 laudem
1204 2379 1412 2436 Psellus
1452 2384 1559 2450 ipse
1609 2385 1901 2436 orationem
1936 2386 2138 2446 habuit,
2162 2403 2264 2453 qua

675 2478 895 2528 osteniit
948 2476 1088 2526 haud
1138 2477 1339 2541 pridem
1385 2493 1492 2528 esse
1534 2477 1858 2543 defunctum,
1901 2478 2026 2529 dum
2080 2481 2154 2530 ait
2203 2481 2265 2530 dc

673 2567 787 2635 ejus
836 2567 974 2618 obitu
1019 2567 1230 2618 audisse
1277 2583 1364 2618 eos
1413 2569 1501 2634 qui
1547 2570 1784 2620 riderunt
1825 2570 1939 2634 ejus
1991 2572 2058 2622 ad
2102 2570 2264 2624 Deum

675 2659 991 2720 transitum;
1035 2668 1154 2709 sunt
1193 2658 1303 2710 Ita'c
1347 2660 1461 2725 ejus
1501 2661 1651 2712 terba
1689 2676 1706 2710 :
1737 2680 1754 2711 ‹
1797 2658 1918 2713 Non
1963 2663 2098 2714 enim
2148 2679 2263 2716 eum

672 2751 830 2802 νει-τὲ
879 2751 1165 2801 abscissum
1208 2760 1297 2801 uut
1340 2751 1566 2802 divisum
1600 2752 1760 2818 fuisse
1793 2752 1970 2805 dicunt
2002 2753 2040 2805 ii
2074 2757 2162 2821 qui
2188 2757 2264 2807 ri-

675 2844 865 2895 dirunt
895 2856 912 2901 ς
945 2842 1033 2893 sed
1068 2843 1344 2894 ridebatur
1384 2843 1544 2894 reluti
1569 2859 1598 2894 a
1630 2845 1857 2910 quodam
1895 2845 2100 2898 rinculo
2145 2848 2269 2898 lihe-

677 2933 785 2984 iari
826 2943 869 2984 ct
905 2932 1064 2983 hilari
1092 2941 1218 2983 uulu
1257 2949 1310 2983 se
1350 2933 1622 2984 extendere
1655 2936 1972 2986 adducentes
2022 2937 2262 3003 angelos,

673 3033 721 3074 ει
750 3025 1138 3090 quodammodo
1175 3024 1400 3089 seipsum
1454 3025 1694 3075 tradebat
1736 3025 1943 3076 illorum
1988 3029 2251 3090 manibus,

679 3123 733 3162 ut
772 3113 872 3162 rixo
903 3124 1186 3180 emergeret
1217 3115 1279 3165 de
1311 3129 1545 3179 corpore.
1588 3133 1604 3164 ι
1646 3115 1914 3170 Hactenus
1948 3116 2211 3170 Batonius
2243 3137 2253 3170 :

677 3215 854 3256 exstat
896 3216 1074 3256 autem
1112 3207 1224 3258 Inec
1258 3207 1434 3259 oratio
1469 3206 1625 3261 I’selli
1659 3211 1796 3274 apud
1833 3209 2050 3262 Solium
2078 3212 2160 3264 ille
2192 3211 2260 3265 ἓξ)

677 3295 937 3349 Novemb.
982 3298 1184 3366 (σι-ατε
1215 3312 1259 3352 et
1297 3300 1481 3353 Latine
1510 3318 1596 3369 ap.
1642 3303 1894 3352 Allatium
1937 3303 2008 3355 De
2042 3303 2260 3372 Symeo-

678 3388 872 3453 uibus).
933 3389 1134 3442 Deinde
1173 3407 1294 3444 eum
1347 3393 1644 3446 monuisset
1693 3394 1945 3446 lect-trem
2009 3397 2074 3448 de
2124 3394 2259 3449 Vitis

679 3490 989 3531 sam-totum
1037 3482 1126 3548 qui
1171 3494 1286 3549 post
1329 3484 1441 3537 lu'c
1493 3487 1740 3537 vixerunt
1785 3499 2046 3554 tempora,
2087 3489 2136 3541 id
2182 3489 2262 3541 l'a-

679 3579 825 3622 ctum
883 3572 1055 3624 :.licn;i
1098 3590 1281 3642 opera,
1343 3575 1432 3643 qui
1478 3579 1588 3629 suis
1637 3577 1824 3630 diebus
1874 3594 1936 3632 ac
1987 3582 2260 3634 mensibus

677 3661 971 3728 allegrruut
1018 3677 1235 3717 Sanctos
1277 3666 1538 3733 singulos,
1589 3679 1642 3721 et
1674 3669 1996 3724 addiderunt
2029 3688 2056 3724 a
2089 3674 2260 3726 hleta-

684 3752 900 3816 pliraste
943 3757 1290 3822 eon~eiiptis,
1336 3773 1428 3808 seu
1472 3761 1651 3826 potius
1694 3762 1958 3829 collectis,
2009 3779 2072 3816 ue
2119 3766 2264 3817 vidr-

685 3854 868 3895 reutur
895 3857 1048 3897 extra
1087 3847 1317 3901 rlzissem
1349 3853 1552 3916 vagari,
1581 3853 1659 3904 sic
1698 3853 1909 3907 tandem
1947 3855 2218 3909 concludit
2247 3875 2281 3921 :-

686 3935 768 3988 Iz'a:
809 3945 1033 4003 tempore
1081 3940 1240 4006 iqitur
1282 3941 1446 3994 Psclli
1495 3945 1680 3996 melius
1730 3946 1983 4014 intelliges
2030 3958 2262 4014 tempora

682 4028 1074 4096 Metaphrastie,
1107 4038 1246 4100 quod
1274 4045 1319 4086 et
1347 4037 1393 4088 si
1416 4039 1592 4103 plures
1625 4037 1826 4091 Psellos
1853 4039 2014 4106 fuisse
2045 4041 2260 4107 dixeris,

678 4121 778 4173 ista
813 4122 1011 4176 nullum
1050 4125 1382 4180 celebriorem
1431 4145 1520 4180 nec
1560 4130 1907 4198 antiquiorem
1949 4133 2262 4188 invenimus.

683 4212 792 4265 lloc
825 4213 1034 4269 Barouii
1071 4219 1331 4284 judicium
1367 4223 1538 4274 secuti
1584 4235 1708 4275 sunt
1749 4225 1958 4279 nobiles
1999 4225 2089 4278 alii
2129 4228 2264 4280 scri-

683 4315 865 4373 plores
925 4319 1124 4361 nostra:
1172 4307 1477 4364 Societatis.
1518 4312 1818 4367 Cardinalis
1868 4314 2260 4378 Bellarminus,

683 4399 911 4452 alterum
965 4400 1218 4455 Ecelesire
1269 4402 1446 4455 lutnen
1493 4415 1548 4458 et
1580 4421 1831 4474 purpurae
1875 4409 2129 4474 splendor
2167 4411 2260 4464 lib.

685 4487 758 4541 De
790 4493 1037 4555 scriptor.
1082 4495 1260 4546 eccles.
1294 4510 1312 4548 .'
1341 4495 1566 4564 Syrueon
1619 4496 2025 4566 Metaphrastes,
2069 4503 2260 4570 inquit,

678 4580 861 4646 ﬂoruit
893 4583 1052 4649 paulo
1099 4597 1220 4639 ante
1263 4604 1461 4639 auutrm
1514 4588 1666 4640 Dom.
1716 4590 1821 4644 859
1861 4592 1957 4660 (a).
2009 4595 2262 4662 siquidem

688 4669 911 4733 I’selius,
943 4677 1032 4741 qui
1060 4676 1157 4728 hoc
1181 4695 1317 4730 anno
1351 4679 1545 4731 virebat
1589 4683 1875 4734 orationem
1903 4684 2150 4738 habuisse
2181 4688 2264 4738 di-

684 4766 822 4816 citur
853 4768 904 4817 in
940 4769 1052 4831 eius
1084 4770 1286 4834 funere.
1317 4769 1548 4825 Jacobus
1578 4773 1869 4828 Gri-lserus
1921 4776 1973 4829 in
2007 4778 2267 4842 Opusculo

683 4859 867 4910 addito
919 4860 983 4911 ad
1046 4860 1332 4930 CeorgFum
1382 4863 1649 4918 Codinum
1685 4865 1760 4918 De
1817 4869 1995 4935 oﬁiciis
2057 4867 2267 4938 Magna:

686 4946 937 5002 Ecclesia?
971 4962 1015 5002 et
1059 4953 1196 5005 aulae
1236 4955 1662 5023 t.’onstantiuop.,
1715 4958 1957 5025 disputat
2001 4960 2064 5013 de
2107 4960 2267 5015 Meta-

687 5039 923 5105 phrastae
955 5057 1069 5095 ειειό
1123 5059 1186 5097 ex
1242 5049 1510 5101 sententia
1567 5048 1785 5104 Barouii
1838 5062 2025 5104 contra
2078 5051 2268 5121 ΙΙοευίο

684 5131 906 5184 nianum
938 5135 1313 5203 Calvinistam,
1354 5141 1445 5208 qui
1479 5156 1599 5194 eum
1651 5142 1907 5194 novitiqu
1942 5144 2266 5212 scriptorem

688 5237 810 5277 esse
856 5225 1190 5295 blatcrabat;
1232 5229 1320 5283 ubi
1358 5232 1470 5284 haec
1507 5233 1670 5286 habet
1715 5232 1853 5286 inter
1895 5245 2111 5296 cetera,
2145 5252 2267 5290 eum

689 5314 1030 5383 (Zuropalattn
1077 5318 1258 5374 locum
1307 5322 1372 5375 de
1413 5320 1674 5377 Michaele
1727 5321 1903 5378 Psello
1949 5327 2266 5384 retulisset:

696 5408 836 5462 Iluic
865 5414 1025 5480 igitur
1071 5413 1248 5468 Psello
1277 5419 1427 5470 annis
1459 5417 1608 5487 longe
1642 5419 1842 5487 majore
1864 5436 1956 5472 cur
1979 5418 2268 5477 Calvinista

686 5506 982 5557 eucomium
1030 5506 1410 5576 Metaphrasta!
1453 5527 1570 5564 cum
1613 5509 1848 5564 Baronio
1908 5530 2008 5566 non
2050 5517 2266 5582 tribuat,

688 5612 866 5650 causa:
897 5598 1031 5653 nihil
1063 5602 1236 5668 habet,
1272 5603 1374 5657 nisi
1405 5603 1582 5658 odium
1621 5603 2017 5674 Metaphrasta’,
2062 5610 2113 5660 in
2148 5628 2268 5664 san-

2359 469 2564 512 ctorum
2597 461 2870 514 historias.
2914 459 3067 522 Quod
3093 466 3266 510 autem
3292 453 3524 507 historia:
3552 453 3796 518 qua'dum
3823 465 3944 499 srm-

2359 563 2586 611 ctorum,
2625 553 2710 618 qui
2753 561 2868 619 post
2921 549 3325 618 Metaphrastcm
3367 547 3633 605 uixerunt,
3677 544 3732 593 in
3779 541 3947 593 Me'a-

2355 643 2583 705 plti‘asta'
2615 644 2765 693 tomis
2809 642 3164 701 iureniuutur,
3197 654 3260 690 ne
3287 637 3494 688 mireris
3523 650 3540 685 :
3573 650 3600 684 a
3629 632 3942 700 posteriori-

2359 732 2452 782 bus
2493 730 2852 797 superaddita:
2892 741 3053 792 sunt,
3101 740 3157 782 ut
3208 728 3325 794 ﬁeri
3373 726 3503 779 solet
3544 727 3598 776 in
3641 723 3945 787 hujusmodi

2360 825 2703 889 scriptoribus
2731 834 2776 874 ct
2808 821 3192 874 collectoribus.
3219 819 3346 871 Haec
3375 815 3684 872 Gretserus.
3722 816 3943 867 Dr-muzn

2358 914 2625 966 Antonius
2643 914 2960 968 l’osseviuus
2980 913 3031 964 in
3056 913 3330 980 Apparutu
3351 925 3542 963 sacro:
3571 908 3944 974 Jletaphrusta:

2361 1017 2596 1070 (corpora
2631 1007 2838 1067 melius,
2875 1006 3043 1073 inquit
3073 1003 3336 1058 Baronius
3375 1014 3502 1054 tom.
3554 999 3622 1063 Χ,
3663 1016 3943 1068 Cognosces

2360 1113 2424 1150 ex
2468 1095 2626 1148 Pselli
2660 1105 2912 1159 tempore.
2951 1095 3071 1148 ll:ee
3112 1095 3459 1150 Possevinus.
3490 1093 3810 1160 Quanquam
3859 1093 3946 1144 hic

2364 1188 2416 1240 in
2454 1187 2712 1241 Michaelc
2745 1186 2920 1240 Psello
2961 1202 3065 1240 non
3099 1188 3230 1239 satis
3268 1185 3513 1237 distinxit
3547 1184 3776 1237 Leonem
3819 1183 3943 1235 Phi-

2363 1278 2671 1346 losoiilium,
2724 1279 2882 1344 cujus
2932 1277 3191 1344 magister
3246 1277 3428 1330 senior
3480 1276 3684 1328 l‘sellus
3737 1275 3856 1335 luit,
3917 1292 3945 1324 a

2367 1369 2549 1423 Leone
2599 1371 2742 1422 dicto
2782 1367 3055 1435 Sapieule,
3110 1369 3475 1434 imperatore;
3518 1366 3612 1418 sed
3657 1375 3950 1428 utrumque

2363 1460 2605 1511 Confudit
2670 1480 2682 1514 :
2745 1460 2894 1528 atqui
2950 1460 3036 1512 ille
3103 1468 3343 1525 tempore
3403 1458 3680 1510 Michaelis
3728 1455 3840 1508 CXI
3897 1467 3950 1506 (ιι

2364 1550 2670 1604 Theodorus
2711 1553 2900 1606 matris
2951 1550 3198 1612 ﬂorebat,
3243 1551 3387 1602 circa
3437 1565 3638 1600 annum
3681 1547 3804 1606 839.,
3861 1551 3950 1599 hic

2365 1657 2506 1692 anno
2551 1641 2655 1693 870
2696 1641 2967 1707 imperare
3015 1642 3179 1707 cmpit
3229 1640 3430 1693 :sicnti
3469 1654 3640 1706 neque
3671 1641 3801 1690 duos
3845 1638 3936 1689 Mz-

2366 1732 2580 1784 ehaeles
2611 1731 2834 1794 Psellos,
2863 1733 2956 1785 sed
2985 1733 3230 1784 emndem
3261 1731 3334 1783 ait
3355 1742 3406 1782 et
3434 1732 3746 1797 magistrum
3779 1729 3950 1782 luissu

2377 1822 2574 1877 Leonis
2619 1823 2910 1893 Sapientis,
2954 1835 3004 1877 ct
3052 1823 3246 1876 librum
3293 1821 3369 1874 De
3411 1822 3514 1889 ﬁde
3559 1822 3843 1890 scripsisse
3879 1824 3947 1871 :i-.l

2364 1915 2680 1970 Michaelcm
2727 1917 2926 1969 Durani
2972 1916 3351 1983 imperatorem
3390 1930 3402 1965 :
3455 1915 3550 1968 sed
3594 1914 3681 1966 hic
3728 1923 3947 1965 centum.

2362 2022 2416 2064 cl
2471 2007 2864 2079 quinquaginta
2932 2023 3103 2060 annos
3162 2015 3281 2075 post
3343 2006 3578 2059 Leonem
3637 2006 3949 2071 Sapientem

2366 2101 2677 2168 ἱιιιρρτυίι.
2724 2099 2835 2153 Nec
2885 2098 3108 2150 multum
3148 2099 3213 2150 ab
3252 2101 3334 2152 bis
3374 2098 3650 2164 discrepat
3694 2096 3953 2150 lloratius

2365 2192 2700 2245 Torscllinus
2748 2191 2800 2242 iu
2850 2189 3016 2256 Epist.
3062 2190 3188 2242 hist.
3232 2189 3322 2242 lib.
3363 2205 3467 2254 vn;
3511 2188 3624 2241 vult
3654 2189 3796 2241 enim
3847 2188 3948 2255 Sy-

2374 2298 2619 2336 meouem
2666 2282 3084 2350 Metaphrnstem
3140 2291 3264 2334 ante
3318 2297 3516 2333 aumun
3571 2282 3675 2335 900
3720 2283 3948 2342 vixisse.

2370 2377 2634 2448 licgiuoni
2692 2376 2995 2431 Prumieusi
3059 2375 3260 2440 abbati,
3316 2385 3369 2428 et
3424 2376 3593 2428 Adoni
3657 2376 3950 2428 Viennensi

2369 2487 2684 2539 supparcm.
2728 2469 2925 2521 Verum
2968 2469 3076 2537 jam
3113 2467 3178 2520 dc
3215 2468 3413 2535 duplici
3465 2467 3638 2520 Psello
3676 2470 3952 2521 mentione

2374 2567 2539 2627 facta,
2595 2573 2982 2618 controversum
3035 2575 3216 2614 semen
3267 2561 3538 2628 iecimus,
3590 2575 3707 2628 qua:
3769 2571 3951 2612 tamen

2369 2656 2588 2707 cumino
2626 2654 2974 2720 exstirpanda
3010 2652 3135 2712 erit,
3169 2661 3225 2702 ut
3261 2665 3437 2718 spero.
3475 2651 3748 2704 Ccrardus
3780 2650 3949 2704 Joan-

2370 2763 2465 2800 uvs
2492 2745 2712 2799 Vossius
2741 2744 3029 2796 Baronium
3051 2755 3103 2796 et
3125 2743 3512 2796 Bcllarmiuum
3543 2746 3746 2796 erroris
3772 2749 3952 2812 arguit

2372 2842 2463 2892 lib.
2500 2856 2574 2892 ιι.
2612 2838 2680 2889 Dc
2707 2837 2974 2889 historicis
3015 2835 3241 2891 Cra’cis.
3277 2852 3396 2904 cap.
3421 2835 3526 2898 9.6;
3575 2852 3696 2889 nam
3727 2854 3848 2890 cum
3887 2841 3957 2890 de

2373 2935 2642 3000 Syun'oue
2690 2929 3054 2996 Mi-tapbraSIe
3085 2944 3271 2993 eorum
3319 2931 3640 2982 sententiain
3681 2930 3959 2983 retulisset

2360 3040 2420 3077 es
2465 3023 2739 3076 Michaelis
2779 3021 2932 3075 Pselli
2964 3021 3174 3074 funebri
3215 3023 3461 3075 oratione
3494 3039 3504 3072 :
3543 3021 3793 3090 Uterque,
3851 3024 3954 3085 ait,

2365 3132 2514 3170 eatra
2561 3117 2967 3169 controversiam
3024 3116 3167 3179 ponit
3219 3115 3527 3168 Michuelem
3571 3117 3804 3169 Pscllum
3851 3120 3959 3168 clu-

2367 3213 2533 3263 ruisse
2574 3208 2667 3261 sub
2716 3208 2972 3260 llic/mele
3016 3207 3134 3268 III.
3179 3220 3230 3260 ut
3279 3220 3400 3259 an‘e
3447 3211 3578 3260 diri.
3619 3209 3728 3262 Nec
3767 3228 3957 3278 negare

2364 3320 2572 3370 possunt
2603 3303 2664 3354 iis
2692 3301 3008 3365 temporibus
3033 3301 3104 3352 vel
3127 3301 3284 3366 paulo
3314 3313 3434 3354 ante
3459 3303 3644 3354 vixisse
3675 3305 3956 3371 quemdam

2373 3394 2684 3446 Michaelem
2718 3393 2950 3444 Psellum
2982 3393 3122 3461 (nam
3159 3393 3210 3443 id
3245 3404 3424 3455 aperte
3466 3404 3689 3445 testatur
3718 3396 3958 3447 Joannes

2366 3488 2757 3556 Cui-opulutes),
2791 3488 2880 3540 sed
2915 3502 3041 3555 nego
3071 3487 3227 3538 istum
3259 3503 3368 3539 esse
3398 3488 3623 3539 nobilem
3667 3489 3813 3539 illum
3840 3489 3957 3553 phi-

2364 3582 2636 3647 losophum
2662 3581 2808 3647 cujus
2841 3581 3098 3648 permulta
3123 3579 3376 3647 hodieque
3433 3594 3731 3648 supersunt.
3763 3579 3949 3637 Ncaue

2365 3685 2578 3734 temere,
2617 3690 2678 3725 ne
2703 3673 2800 3726 hac
2836 3675 2886 3724 in
2914 3689 2964 3725 re
2995 3689 3023 3724 α
3056 3674 3274 3725 summis
3312 3673 3434 3724 ciris
3461 3674 3764 3735 dissentire,
3791 3677 3955 3738 paulo

2363 3776 2473 3834 post
2524 3767 2738 3831 planum
2789 3764 3004 3831 faciam,
3053 3780 3168 3815 cum
3217 3765 3280 3814 de
3332 3762 3494 3816 Psclli
3549 3775 3701 3816 trtate
3757 3766 3953 3818 dicam.

2369 3857 2492 3911 llzec
2541 3859 2762 3911 Vossius
2810 3858 2899 3921 qui
2955 3856 3150 3910 deinde
3201 3855 3517 3909 Michaclem
3571 3856 3806 3909 Psellum
3854 3855 3953 3908 llo-

2368 3955 2543 4008 ruisse
2606 3951 2719 4004 vult
2769 3950 3102 4018 temporibus
3152 3949 3434 4002 Michaelis
3485 3947 3572 4000 Vl.
3627 3948 3955 4011 Stratiotici,

2368 4046 2458 4099 lilii
2492 4043 2678 4098 lsaacii
2709 4042 3015 4104 Commeni,
3055 4039 3399 4094 Constantini
3434 4039 3545 4093 Xll.
3585 4041 3763 4105 Durae,
3807 4057 3942 4094 uso-

2371 4139 2446 4193 ris
2474 4139 2592 4207 ejus
2630 4136 2906 4199 Eudoxite,
2938 4136 3164 4189 Ilomani
3197 4134 3452 4204 Diogenis
3475 4145 3526 4188 et
3556 4135 3835 4189 Michaelis
3863 4135 3954 4189 \‘ll

2371 4228 2551 4282 Durae.
2615 4226 3093 4279 Verumeuimvcro
3162 4225 3244 4278 his
3285 4226 3348 4278 de
3400 4224 3628 4292 duplicis
3679 4226 3957 4280 Michaelis

2373 4319 2531 4373 Pselli
2591 4327 2749 4372 a‘tatc
2805 4317 3118 4379 concessis;
3178 4331 3280 4368 non
3342 4325 3520 4368 tamen
3562 4316 3738 4370 adhuc
3801 4319 3957 4371 rideo

2370 4428 2530 4481 quatit
2576 4411 2712 4465 satis
2753 4410 2955 4476 justam
2997 4410 3186 4462 habeat
3221 4423 3437 4462 causam
3480 4409 3709 4462 Vossius
3752 4427 3780 4462 a
3827 4427 3959 4464 sen-

2371 4503 2538 4556 tentia
2599 4502 2810 4555 Barouii
2861 4511 2916 4554 et
2968 4499 3282 4554 Bellarmini
3345 4499 3693 4566 discedendi;
3750 4511 3804 4554 et
3852 4519 3955 4556 cur

2363 4595 2561 4663 juniori
2597 4597 2774 4664 potius
2807 4610 2972 4662 quam
3008 4594 3302 4658 autiquiori
3342 4592 3516 4646 Psello
3554 4594 3856 4647 orationem
3902 4597 3954 4648 iu

2371 4687 2790 4757 Metapltrastem
2845 4687 3004 4739 tribui
3059 4685 3204 4738 velit.
3259 4686 3333 4738 Ex
3384 4702 3485 4752 qua
3532 4686 3676 4738 enim
3715 4686 3952 4741 litterula

2372 4784 2618 4838 Eueomii
2658 4783 2758 4835 hoc
2804 4780 3122 4848 exsculpsit,
3168 4791 3223 4832 ut
3253 4781 3389 4833 bene
3419 4791 3606 4833 contra
3648 4780 3957 4834 Calvinieo-

2373 4875 2475 4927 lam
2529 4873 2920 4942 ΙΙοενὶιιίςιηιιηι
2975 4872 3289 4933 Gretserus,
3349 4871 3429 4924 νει
3475 4871 3789 4939 exsculpet?
3836 4872 3958 4937 Quo

2376 4967 2594 5035 inquam
2625 4965 2829 5018 indit-io
2866 4965 3224 5018 recentiorem
3259 4963 3492 5017 Psellum
3527 4963 3765 5017 l‘lucomii
3811 4964 3957 5016 illius

2373 5070 2650 5111 auctorem
2700 5071 2864 5124 Quam
2917 5055 3184 5109 seniorem
3235 5055 3397 5109 facit?
3449 5053 3656 5106 Nullum
3711 5057 3956 5126 profecto

2374 5144 2518 5198 aliud
2571 5143 2830 5196 indicium
2872 5144 3050 5207 video,
3089 5159 3248 5212 quam
3302 5158 3508 5198 merum
3561 5144 3726 5210 ipsius
3778 5144 3953 5198 γοεδιί

2369 5235 2652 5306 judirium,
2702 5235 2944 5302 adeoque
2995 5243 3199 5288 temere
3249 5236 3350 5288 hoc
3416 5236 3589 5304 ipsum
3643 5237 3789 5298 dicit.
3847 5256 3954 5291 non

2377 5339 2576 5382 temere
2600 5341 2656 5380 se
2677 5343 2704 5379 a
2739 5326 2956 5380 Barouii
2982 5338 3032 5380 et
3065 5326 3375 5382 Bellaruiiui
3408 5329 3610 5396 judicio
3639 5331 3953 5386 dissentire.

2377 5421 2573 5476 Verum
2625 5423 2726 5476 etsi
2773 5421 2974 5474 nullam
3023 5424 3302 5491 utriusque
3337 5423 3525 5492 judicii
3576 5425 3838 5479 rationem
3882 5431 3958 5478 al-

2373 5516 2514 5570 l‘erre
2541 5512 2833 5580 possimus,
2867 5528 3039 5582 neque
3067 5531 3128 5566 ex
3163 5516 3342 5583 aliquo
3376 5515 3496 5571 loro
3532 5517 3672 5571 illius
3703 5519 3954 5574 Enconiii

2374 5607 2553 5678 colligi
2616 5606 2811 5675 possit,
2869 5617 2988 5661 uter
3045 5607 3279 5663 Michael
3332 5607 3538 5664 Pscllus
3590 5622 3783 5664 auCtor
3833 5613 3953 5678 ejus

754 5744 824 5800 (al
957 5745 1216 5804 Symt'Onis
1243 5747 1586 5811 Metapbraste
1633 5760 1748 5798 vera
1775 5754 1923 5800 atate
1950 5748 2061 5802 Vide
2087 5752 2448 5817 Prolegomena
2479 5749 2537 5803 ad
2561 5758 2747 5802 tomum
2777 5745 2951 5807 CXIV;
2976 5747 3038 5798 de
3067 5747 3306 5800 Michaele
3340 5748 3526 5812 Psello,
3551 5758 3738 5801 tomum
3759 5749 3929 5803 cxxet

695 5806 832 5857 Ιίυιτ.
864 5808 1014 5857 l‘nu.
