4172 6432
187 408 247 468 97
320 400 332 412 ’
1169 394 1564 456 FRANCISCI
1613 391 1873 448 Stlttilb‘l
1927 393 2355 452 l‘lilMEMlUM
2407 393 2480 449 ll.
3373 395 3442 452 93

177 515 339 570 fuerit
393 515 592 584 (neque
627 512 796 576 enim,
831 509 1015 574 credo,
1069 523 1132 562 ex
1183 508 1436 575 operibus
1487 504 1646 556 νδρΗί
1688 503 1762 570 ju-

177 609 352 662 nioris
378 608 431 660 id
462 620 701 673 unquam
738 605 987 658 ostendet
1020 600 1278 662 Vossius;
1307 613 1432 650 nam
1468 594 1759 651 :tllttlis'scl,

175 702 217 754 si
274 699 578 760 habuisset)
635 709 689 752 et
738 698 781 749 si
830 695 998 764 igitur
1050 708 1136 745 res
1193 691 1422 758 pendeat
1481 689 1658 742 adhuc
1710 688 1761 738 in

175 801 521 857 arquamento
551 800 603 843 et
655 789 855 857 dignus
897 786 984 839 hic
1021 784 1236 837 vindice
1282 783 1533 835 videnlur
1567 781 1757 840 nodus,

175 883 385 936 ari-edit
416 884 526 951 jam
559 883 703 936 velut
734 881 842 933 ἀπὸ
870 878 1117 949 μηχανῆς
1151 875 1178 927 ὁ
1216 875 1369 938 Θεὸς,
1400 872 1760 939 Theophanes

179 975 283 1033 hic,
336 973 431 1041 qni
468 973 700 1026 liaronio
730 984 783 1024 et
819 970 1144 1023 Bellartnino
1180 969 1329 1020 litem
1379 963 1668 1030 :Idjltdicul,
1705 972 1759 1013 el

174 1079 361 1117 eorum
410 1065 615 1133 judicio
670 1073 879 1116 tantum
927 1060 1178 1128 ponderis
1229 1058 1410 1121 addat,
1463 1065 1519 1108 ut
1563 1056 1628 1107 de
1673 1069 1756 1113 eo,

179 1157 364 1223 reique
401 1156 629 1210 veritate
653 1154 766 1223 jam
801 1170 905 1206 non
939 1153 1011 1206 sit
1040 1149 1273 1217 amplius
1307 1149 1576 1215 integrum
1605 1144 1759 1197 dubi-

178 1257 316 1300 tare.
346 1247 485 1299 (Inui
521 1248 666 1299 enim
707 1244 983 1312 superiore
1007 1237 1052 1310 ’ἓ
1092 1239 1180 1294 I\'.
1215 1241 1550 1309 apertissime
1579 1249 1761 1289 osten-

178 1330 419 1395 Sunrsit,
452 1335 834 1401 TheOphancnt
875 1334 1016 1386 hunc
1046 1331 1366 1384 Ceratneum
1398 1327 1760 1392 archiepisco-

181 1443 303 1494 pum
347 1425 863 1478 Tauromenitanum
913 1424 1160 1475 ﬂoruisse
1201 1438 1298 1474 sun
1339 1419 1539 1472 Basilio
1581 1417 1754 1469 Mace-

176 1523 339 1579 done.
373 1529 431 1572 et
465 1518 645 1571 Leone
675 1518 793 1584 ejus
834 1515 945 1570 (ilio
972 1517 1061 1584 qui
1096 1530 1218 1567 cum
1253 1513 1413 1567 Patre
1447 1511 1609 1579 cu‘pit
1657 1511 1757 1564 int-

179 1626 394 1678 perare,
432 1622 488 1662 ut
519 1610 651 1672 dixi,
676 1623 819 1661 anno
849 1607 977 1673 870,
1015 1607 1326 1676 planissime
1353 1605 1514 1656 etiam
1547 1611 1756 1656 constet

180 1702 508 1770 Symeonem
547 1701 962 1768 Metaphrastem
990 1711 1115 1752 ante
1146 1715 1267 1751 eum
1295 1698 1578 1757 claruisse,
1606 1697 1758 1748 adeo-

180 1810 283 1860 que
323 1793 637 1846 Mil-haelem
677 1793 910 1845 Psellnm
936 1793 1052 1860 ejus
1079 1789 1460 1844 enconiiastetn
1493 1789 1760 1857 antiquio-

177 1898 291 1934 rem
343 1882 493 1933 illum
545 1880 730 1943 fuisse,
777 1895 881 1933 non
926 1878 1219 1946 juniorent,
1276 1880 1349 1930 uti
1399 1878 1660 1931 Baronius
1706 1885 1757 1928 et

179 1971 543 2025 ltcllarntinus
589 1973 878 2038 ca‘terique
929 1970 1223 2023 doctissimi
1274 1972 1565 2038 scriptores
1612 1966 1758 2034 judi-

178 2073 394 2116 (urunt.
433 2061 537 2116 Nec
562 2061 670 2130 j.un
709 2065 864 2116 video
899 2077 1003 2126 qua
1052 2062 1262 2114 ratione
1299 2078 1401 2112 nnn
1440 2062 1596 2112 modo
1626 2069 1760 2112 teta-

182 2171 288 2210 tem
342 2156 690 2224 Theophanis
746 2158 796 2208 in
832 2155 1056 2209 dubium
1101 2153 1361 2218 revocari,
1407 2153 1500 2206 sed
1548 2166 1608 2204 ea
1649 2151 1760 2219 jam

182 2252 316 2302 satis
346 2265 618 2316 superque
649 2247 937 2311 :zﬂirmata,
966 2263 1070 2317 qua
1100 2248 1307 2300 ratione
1333 2245 1498 2314 possit
1529 2244 1760 2314 amplius

179 2347 244 2396 de
295 2344 414 2411 ipsa
453 2342 831 2410 Metapluastae
869 2353 1030 2394 :ctate
1077 2340 1423 2393 contriwerti.
1468 2337 1584 2390 Jann
1616 2340 1758 2391 enim

181 2453 243 2489 rx
281 2438 402 2489 luce
435 2452 596 2505 quam
639 2435 950 2502 Theophani
992 2436 1203 2497 damus,
1238 2435 1321 2484 l'ax
1356 2433 1537 2485 itidem
1574 2435 1758 2484 cadent

185 2544 350 2598 npera
385 2529 606 2597 praelata
645 2528 852 2579 \idetnr
885 2527 935 2578 in
971 2535 1114 2577 tanta
1143 2525 1472 2576 obscuritate
1506 2522 1758 2591 Symeoni

184 2619 583 2688 Metapbrastaz.
620 2617 802 2686 Neque
841 2632 966 2670 vero
996 2616 1222 2669 Gilberti
1255 2614 1587 2668 Genebrardi
1623 2614 1763 2684 judi-

183 2713 324 2763 cium
377 2711 428 2763 in
478 2725 572 2763 sna
622 2708 978 2778 Cbronologia
1018 2721 1232 2760 movere
1279 2706 1388 2776 jam
1442 2708 1634 2773 debet;
1670 2707 1760 2774 qui

183 2803 326 2854 circa
372 2818 576 2855 annum
621 2801 742 2866 700,
780 2802 891 2853 \‘ttlt
927 2800 1124 2853 \ixisse
1149 2798 1562 2867 Metaphrastent
1591 2817 1603 2851 :
1637 2815 1758 2850 nam

185 2895 283 2947 huc
335 2895 521 2947 itidem
570 2895 828 2959 judicium
881 2894 1047 2962 ipsius
1081 2904 1201 2957 est;
1251 2906 1422 2961 neque
1454 2894 1616 2946 ullum
1645 2893 1762 2960 cjns

187 2986 259 3038 rei
327 2997 709 3054 argumentum
779 2984 972 3050 aﬂ'ert;
1055 2985 1196 3054 quod
1263 2995 1435 3038 tamen
1497 2985 1760 3051 judicium

184 3078 372 3128 eodem
437 3076 702 3130 refellitur
758 3077 918 3131 modo
970 3092 1076 3146 quo
1129 3075 1303 3130 Vossii
1365 3079 1532 3131 multo
1586 3079 1762 3131 minus

187 3168 510 3238 llospiniani
555 3169 698 3223 illius
754 3169 1060 3222 Calviuislte
1103 3169 1393 3223 eouvitium
1469 3170 1648 3237 potius
1699 3184 1764 3224 ac

186 3261 440 3314 delirium
492 3260 1034 3330 inMetapbrastem,
1080 3278 1239 3331 quam
1283 3278 1472 3315 sanum
1503 3261 1761 3328 judicium

187 3355 368 3408 valere
398 3353 580 3417 debet,
617 3355 708 3422 qui
756 3354 903 3406 illum
951 3354 1114 3408 fuisse
1152 3355 1422 3407 tris-ialcm
1454 3353 1765 3408 Constanti-

190 3446 370 3514 nopoli
431 3445 541 3498 ludi
616 3446 967 3515 magistrum,
1036 3448 1442 3499 tnernlaciorum
1511 3446 1764 3516 legendas

193 3538 506 3604 scripsisse,
557 3552 656 3590 nec
708 3537 936 3605 amplius
989 3539 1055 3590 ab
1111 3539 1236 3591 hinc
1284 3540 1526 3593 ducentis
1582 3540 1761 3607 viginti

192 3632 351 3683 annis
385 3631 582 3683 vixisse
614 3647 626 3682 :
663 3645 783 3682 eum
827 3629 969 3682 enim
1006 3631 1137 3682 satis
1179 3632 1452 3696 redarguit
1491 3641 1544 3686 ct
1577 3631 1764 3685 irridet

187 3719 480 3773 Gretserus
525 3720 784 3788 opusculo
831 3719 998 3784 dicto,
1045 3721 1278 3774 maxime
1322 3737 1388 3776 ex
1432 3738 1496 3776 eo
1537 3725 1675 3791 quod
1711 3725 1762 3777 in

187 3813 422 3866 concilio
452 3811 764 3866 Florentino
791 3828 926 3867 sess.
951 3830 1048 3879 ru,
1082 3815 1162 3868 bis
1194 3831 1387 3885 magno
1411 3830 1531 3869 cum
1563 3816 1765 3872 honore

187 3905 438 3958 laudetur
471 3905 705 3974 Symeon
751 3905 1165 3975 Melaphrastcs.
1213 3906 1303 3961 Sic
1340 3908 1480 3960 cnim
1522 3908 1767 3961 Andreas

187 3996 359 4050 l'bodi
407 3999 602 4063 praesul
646 3998 861 4053 Criecos
892 3999 1211 4069 alloquens:
1260 3997 1324 4050 lu
1367 4001 1550 4064 primis
1605 3999 1766 4068 igitur

187 4090 419 4157 Symeou
444 4087 830 4155 Iletaphrostes
852 4093 1034 4145 vestris
1060 4093 1111 4143 iu
1137 4091 1382 4144 Ecclesiis
1407 4092 1765 4145 celeberrimus

186 4179 440 4244 accedat;
492 4191 548 4232 et
594 4193 730 4234 sess.
776 4181 962 4235 eadem
995 4182 1134 4234 idem
1173 4198 1184 4233 :
1224 4179 1448 4250 Legatur
1479 4183 1571 4234 ille
1603 4183 1692 4250 qui
1733 4199 1764 4235 a

184 4271 327 4324 vobis
371 4272 607 4339 quotidie
657 4272 850 4342 legitur
899 4275 952 4326 in
996 4270 1266 4336 Ecclesiis,
1310 4272 1537 4341 Symeou
1590 4273 1761 4326 Meta-

184 4364 453 4425 phrastes.
505 4363 678 4417 Locus
717 4375 895 4418 autem
945 4364 1204 4433 legendus
1260 4376 1378 4418 erat
1426 4381 1492 4418 ex
1537 4365 1651 4418 Vita
1701 4364 1760 4419 S.

188 4454 430 4524 Dionysii
460 4452 818 4524 Areopagum.
859 4456 910 4508 in
945 4470 1051 4523 quo
1083 4455 1471 4524 Metaphrastes
1503 4454 1763 4524 Spiritum

185 4556 435 4600 sanctum
487 4561 552 4600 ex
599 4545 760 4600 Patre
804 4556 855 4601 et
912 4543 1050 4600 Filio
1092 4548 1386 4615 pr0cedcre
1434 4557 1618 4615 aperte
1667 4547 1763 4600 ait.

188 4642 458 4691 Praeterea
510 4635 776 4707 Iosephus
823 4636 1190 4693 Methonensis
1239 4641 1524 4708 episcopus
1576 4651 1766 4694 contra

190 4731 418 4784 Marium
459 4731 817 4798 Ephesinum,
851 4730 1073 4802 Symeon
1113 4749 1276 4787 novus
1321 4732 1630 4802 Tltcologus,
1679 4733 1768 4800 qui

186 4836 232 4874 ct
285 4822 694 4891 Hetoplirastes.
744 4824 820 4878 Ex
876 4825 1072 4893 quibus
1121 4827 1537 4880 anetoritatibus
1593 4827 1769 4893 arguit

189 4913 585 4982 llospiniaunm
647 4915 978 4980 Gretserus,
1037 4920 1178 4988 quod
1241 4919 1331 4988 qui
1393 4919 1444 4972 in
1511 4917 1768 4973 Ecclesiis

191 5008 510 5062 Graecorum
541 5007 924 5063 celeberrimus
969 5009 1153 5072 fuerit,
1193 5020 1244 5063 ct
1287 5022 1493 5064 tantum
1545 5011 1769 5065 ancmri-

191 5101 316 5153 tatis
343 5109 559 5166 nactus,
591 5115 694 5153 non
725 5102 956 5168 potuerit
984 5116 1104 5156 esse
1133 5101 1506 5171 ludiutagister
1526 5117 1554 5155 e
1585 5103 1764 5167 trivio,

189 5207 363 5262 neque
409 5206 540 5245 vero
585 5192 829 5247 ducentis
865 5203 989 5248 ante
1020 5195 1177 5248 annis
1224 5195 1458 5260 vixisse;
1489 5211 1649 5264 quam
1681 5196 1765 5248 illa

186 5288 392 5340 diceret
447 5283 845 5353 llospinianus,
892 5301 1012 5339 cum
1063 5286 1350 5342 concilium
1401 5287 1766 5341 Florentinum

187 5378 520 5431 celebratum
545 5377 613 5431 sit
636 5392 780 5430 anno
817 5377 967 5442 1459,
995 5378 1095 5432 hoc
1114 5387 1195 5431 est
1213 5390 1338 5432 ante
1359 5393 1529 5432 annos
1553 5391 1766 5433 centum

185 5472 465 5540 octoginta
501 5481 633 5535 tres,
682 5472 924 5540 adeoque
961 5471 1278 5526 incredibile
1320 5473 1566 5526 videatur
1602 5471 1767 5528 Meta-

190 5566 466 5634 phrastem
499 5573 610 5618 tam
641 5579 903 5634 nuperqu
937 5575 1135 5619 tantam
1156 5565 1534 5619 auctoritatem
1560 5565 1771 5621 tantillo

189 5670 430 5728 tempore
451 5657 742 5728 acquirere
767 5659 1025 5728 potuisse.
1054 5669 1110 5712 ut
1142 5673 1204 5714 ea
1233 5657 1436 5715 Grmcis
1459 5661 1512 5714 in
1541 5661 1770 5716 concilio

254 5803 319 5857 (:1)
352 5797 470 5845 rod.
503 5795 709 5852 Malril.,

759 5809 906 5862 q'.r;e_m
936 5796 991 5844 Ρ.
1019 5796 1238 5862 Δδίόιδςυε
1279 5811 1373 5845 non
1403 5798 1519 5847 sidit
1547 5813 1557 5846 :
1588 5799 1785 5862 Ὀμιὶία
1817 5801 1879 5856 εἰς
1910 5801 1995 5857 τήν
2043 5800 2324 5862 Βαῐοᾳὸρον.
2351 5801 2547 5848 Ἐνέγλ·

1869 506 2207 555 ωι·ιιιιιυιεὶι·‹›
2233 521 2332 554 una
2366 519 2485 555 enni
2520 501 2746 553 vetustis
2781 499 3028 552 l’atribns
3060 511 3436 568 opponeretur.

1873 593 2009 662 Lege
2041 598 2188 660 plura
2216 604 2403 646 contra
2435 593 2819 659 llnspinianntn
2858 595 2994 659 apud
3029 593 3201 660 ipsum
3235 591 3440 644 (iretse-

1850 675 2009 736 'I‘tllll.
2047 685 2228 751 iiii-qm:
2256 686 2418 736 alium
2453 685 2566 751 lego
2594 683 2682 750 qui
2709 692 2890 734 t'Ottlra
2923 693 3129 734 tl'latunt
3161 683 3442 750 Sytneonis

1871 796 1897 827 ει
1931 779 2087 828 nobis
2121 778 2344 843 positam
2377 775 2674 842 scripserit.
2699 773 2828 825 Nam
2857 775 2994 840 quod
3024 776 3094 825 ait
3128 772 3441 826 'l'hemlnrus

1869 865 2118 916 Β.ι1›;ι·ι;(›
2147 868 2197 915 in
2233 882 2353 922 ean.
2384 865 2471 927 U5,
2504 864 2692 933 synodi
2721 862 2912 924 'I'rnll.,
2943 864 3025 912 ubi
3056 863 3121 913 de
3153 877 3438 913 secernen-

1868 958 1950 1011 dis
1989 957 2231 1009 historiis
2261 966 2311 1006 cl
2344 958 2476 1007 actis
2521 965 2827 1007 sani-torum
2870 954 3192 1022 apocrypbis
3238 968 3265 1004 a
3302 953 3440 1004 reris

1865 1047 2173 1100 decernitur
2204 1064 2214 1098 :
2251 1047 2421 1109 Χάρις
2447 1047 2625 1098 τοίνυν
2650 1045 2726 1112 τῷ
2755 1046 3035 1114 μακαρίτῃ
3066 1046 3438 1112 Μεταιξραςτῇ

1864 1140 1942 1206 τῷ
2000 1140 2064 1190 τὰ
2121 1139 2430 1208 μαρτυρικὲι
2481 1138 2611 1189 ὡσεὶ
2661 1138 2762 1205 τῆς
2817 1137 3079 1206 ἀληθείας
3141 1137 3441 1204 exiguam

1864 1233 2074 1292 πολλοῖς
2097 1232 2295 1293 πόνοις.
2324 1233 2416 1283 mi.
2448 1230 2634 1299 ἱδρῶσι
2666 1230 3141 1292 κατακα).).ύνοντε,
3166 1230 3242 1287 εἰς
3274 1227 3441 1294 ὕμνον

1865 1323 2025 1384 Θεοῦ,
2057 1324 2149 1375 καιί
2187 1323 2345 1386 δόξαν
2388 1321 2747 1385 αἱωνίζουσαν
2781 1322 2890 1372 τῶν
2925 1322 3092 1387 ἁγίων
3129 1320 3438 1388 ίλςιρᾷρων.

1863 1416 2048 1468 Gratia
2098 1418 2268 1483 itaque
2319 1414 2383 1466 Β.
2437 1414 2811 1480 Mclap/trasta.‘
2857 1415 3129 1474 Itulrcnda,
3180 1413 3315 1476 quod
3363 1425 3441 1461 res

1863 1517 2150 1575 martyrum
2190 1519 2438 1575 tanquam
2482 1508 2714 1559 veritatis
2748 1506 2917 1572 fossas
2946 1522 3046 1556 non
3082 1505 3191 1556 sine
3224 1503 3424 1554 labori-

1867 1601 1959 1652 bus
1992 1611 2038 1652 et
2068 1600 2346 1652 sudoribus
2383 1599 2682 1666 repurgarit
2716 1608 2762 1648 et
2801 1598 3076 1648 exornarit
3106 1596 3172 1645 at!
3205 1595 3295 1644 hci
3324 1597 3440 1644 tau-

1868 1693 1983 1742 dcm
2041 1699 2088 1742 et
2146 1688 2249 1741 SS.
2309 1699 2600 1756 martyrum
2654 1703 2924 1753 perennem
2981 1687 3228 1752 gloriam.
3292 1683 3443 1746 Ilne,

1872 1784 2111 1844 inquam,
2148 1790 2344 1832 nostra:
2368 1779 2479 1846 jam
2511 1777 2792 1830 illustralie
2818 1777 3099 1829 sententige
3126 1789 3229 1827 non
3258 1774 3440 1834 oliicii,

1869 1874 2112 1939 quamvis
2149 1874 2232 1925 hic
2267 1871 2416 1923 locus
2443 1869 2682 1937 objectus
2725 1869 2852 1920 mihi
2887 1868 2955 1921 sit
2990 1869 3039 1919 in
3069 1867 3293 1934 epistola
3333 1867 3441 1932 pri-

1871 1974 1990 2015 vata
2036 1963 2101 2014 ab
2134 1963 2348 2014 nomine
2380 1960 2692 2012 doctissimo
2737 1958 3023 2012 Socii-tatis
3067 1970 3284 2021 Itns‘lt'u‘,
3321 1973 3442 2009 eum

1869 2056 1935 2108 de
1984 2056 2082 2106 hac
2121 2069 2176 2105 re
2223 2069 2315 2122 per
2366 2052 2574 2104 litteras
2623 2050 3060 2117 disputaremus;
3102 2050 3187 2101 cui
3241 2051 3448 2100 tidetar

1871 2147 2118 2198 Balsattto
2151 2145 2214 2197 de
2248 2143 2608 2211 Mclaphraste
2644 2152 2700 2194 ιιι
2735 2154 2936 2208 nupet‘o
2986 2143 3248 2207 scripture
3281 2140 3442 2207 loqui.

1871 2241 2099 2308 Scripsit
2129 2250 2305 2292 autem
2338 2237 2582 2291 Balsatno
2603 2237 2688 2288 ille.
2715 2234 3013 2288 schisntatii
3035 2251 3094 2285 us
3116 2243 3165 2283 et
3195 2231 3449 2284 Ιίυιιιςιιιω

1870 2335 2109 2389 infensus
2141 2334 2395 2387 Ecclesite
2436 2332 2650 2401 Georgii
2699 2330 2956 2400 Xiphilini
2995 2330 3312 2395 patriarcha:
3340 2327 3444 2380 (ᾆξ’.

1872 2437 2138 2496 tempore,
2189 2429 2274 2479 cui
2323 2427 2588 2478 dedicarit
2618 2440 2752 2493 opus
2801 2439 2975 2486 suum,
3015 2423 3102 2490 qui
3144 2420 3446 2489 Xipliilinus

1873 2532 2012 2569 anno
2071 2516 2197 2569 “9|
2251 2520 2438 2568 sedere
2492 2516 2654 2581 carpit
2698 2532 2711 2567 :
2753 2514 2837 2566 illa
2885 2514 3026 2566 enim
3079 2512 3264 2574 verba,
3318 2513 3445 2580 quid

1870 2610 2047 2662 obstat
2075 2609 2360 2677 quominus
2407 2609 2472 2662 de
2517 2607 2901 2677 Metapitraste,
2937 2607 3145 2662 etiamsi
3198 2608 3450 2661 trecentis

1874 2703 1992 2770 plus
2039 2713 2163 2755 ante
2210 2702 2367 2754 annis
2417 2703 2630 2763 vixerit,
2689 2700 3084 2771 intelligamUs?
3124 2699 3260 2764 Quid
3307 2702 3446 2751 enim

1872 2793 2013 2845 aliud
2071 2793 2300 2845 intendit
2355 2792 2600 2845 BalSnlth
2629 2808 2788 2861 quam
2825 2809 2961 2862 opus
2995 2792 3139 2845 illitis
3177 2806 3448 2843 commen-

1871 2883 2022 2945 dare,
2073 2885 2162 2951 qui
2216 2893 2527 2937 sanctorum
2566 2895 2681 2938 acta
2730 2900 2758 2937 a
2804 2883 2997 2938 fabulis
3049 2885 3112 2937 ad
3170 2884 3446 2936 veritatem

1876 2976 2150 3028 traduxit?
2204 2976 2364 3043 hujus
2415 2986 2590 3029 autem
2645 2978 2719 3030 rei
2774 2979 3155 3043 sempiternam
3219 2989 3336 3028 esse
3394 2986 3450 3027 et

1867 3079 2106 3127 manere,
2145 3065 2339 3116 nedum
2371 3075 2488 3129 post
2525 3075 2798 3118 trecentos
2824 3077 2990 3117 annos
3020 3065 3244 3132 gratiam
3279 3061 3443 3115 Meta-

1866 3157 2102 3223 phrasta:
2137 3157 2330 3224 perire,
2367 3154 2446 3208 fas
2475 3167 2578 3209 est.

1869 3291 1897 3363 ᾗ
1942 3292 2027 3345 Ἠ.
2055 3323 2122 3332 --
2154 3287 2466 3363 Explicatur
2501 3289 2773 3363 inscriptio
2805 3289 3036 3342 Itomit'ia:
3075 3288 3228 3341 dictw
3264 3287 3448 3340 Domi-

2357 3362 2479 3411 uica
2506 3361 2590 3411 die
2621 3357 2955 3411 l’uhuarum.

1878 3474 2103 3542 Ἐλέχθη
2137 3474 2191 3525 δὲ
2225 3471 2456 3524 ἐνώπιον
2485 3470 2576 3522 τοῦ
2608 3472 2772 3540 pws;
2806 3470 3010 3542 V'Péyou
3045 3469 3142 3537 (α),
3178 3469 3450 3542 clean/ire

1937 3539 2113 3666 mutuli
2144 3546 2308 3612 magis
2337 3544 2477 3594 dicta
2506 3539 2760 3594 sententia
2781 3541 2842 3592 de
2873 3540 3194 3605 Tltwphauis
3214 3539 3451 3594 Cerantci

1937 3630 2070 3666 δαῖεν
2103 3633 2150 3666 o.

1937 3630 2150 3669 δωσυιο.

1938 3733 2040 3787 Tot
2083 3733 2399 3796 luminibus,
2432 3745 2550 3800 qua:
2593 3731 2657 3783 ad
2696 3729 3089 3785 ostendendum
3129 3742 3237 3796 quo
3265 3724 3446 3780 Theo-

1869 3829 2072 3895 phanes
2097 3840 2212 3879 mro
2239 3823 2541 3891 scripserit,
2575 3821 2851 3890 all'nlgent,
2886 3820 3037 3873 nobis
3069 3835 3205 3872 unus
3239 3820 3449 3871 videtur

1868 3920 2152 3972 obstruere
2202 3915 2402 3984 paries,
2442 3923 2495 3969 et
2525 3913 2682 3968 oculo
2718 3914 2892 3966 minus
2925 3913 2990 3965 ad
3019 3911 3450 3980 perspiciendum

1869 4020 2028 4066 acuto
2058 4011 2334 4063 ollnndere
2381 4008 2651 4060 tenebras.
2688 4003 2790 4058 libi
2831 4005 2974 4058 enim
3021 4003 3070 4055 in
3113 4002 3333 4055 homilia
3378 4001 3453 4054 De

1871 4103 2030 4155 ramis
2060 4100 2372 4154 Patmaruut
2399 4097 2606 4166 (bomil.
2635 4101 2784 4164 Μῖνι)
2812 4095 3076 4162 adjeclam
3097 4094 3237 4146 illatn
3269 4093 3454 4161 legerit

1868 4201 2072 4254 notam,
2110 4190 2265 4242 Dicta
2303 4204 2422 4242 vero
2457 4199 2534 4242 est
2566 4204 2743 4240 coram
2796 4204 2911 4256 rege
2947 4187 3092 4255 [iugo
3135 4186 3235 4255 (sic
3266 4185 3452 4240 Gricca

1873 4285 1923 4336 in
1961 4281 2314 4347 inscriptione
2356 4277 2633 4348 prmmissa
2679 4288 2898 4342 sonant,
2941 4288 2999 4331 ut
3031 4279 3196 4331 senth
3228 4278 3451 4346 dicam),

1871 4371 2087 4439 Rogerii
2126 4370 2266 4438 regis
2307 4380 2567 4437 tempore,
2607 4368 2697 4438 qui
2730 4383 2758 4423 e
2794 4366 3182 4423 Nortbmannis
3225 4369 3452 4438 primus,

1872 4464 2097 4519 devictis
2157 4463 2432 4532 pulsisque
2473 4459 2834 4524 Sarraeenis',
2892 4462 2942 4514 in
2999 4460 3183 4515 Sicilia
3244 4462 3448 4526 regium

1873 4570 2064 4610 nomen
2130 4563 2184 4608 et
2232 4567 2486 4608 coronam
2542 4553 2642 4606 sibi
2705 4552 3248 4620 itupOSttit,,dictatu
3308 4553 3450 4604 illaut

1870 4646 2234 4707 existimabit,
2286 4654 2338 4697 et
2383 4658 2478 4713 pro
2531 4642 2815 4711 Ῥογερίου
2855 4643 3158 4712 compendii
3219 4658 3382 4696 causa
3425 4660 3450 4693 a

1870 4740 2132 4806 SCI'iplOl‘e
2192 4737 2472 4805 positum,
2523 4734 2740 4800 Ῥόγου.
2803 4732 2868 4786 Ει
2916 4733 3145 4801 ingenue
3204 4731 3452 4800 equidem

1873 4829 2068 4894 fateor,
2130 4828 2274 4881 illaut
2333 4825 2736 4895 inscriptionem
2795 4823 2928 4877 mihi
2992 4838 3242 4891 maguum
3303 4822 3454 4875 initio

1876 4921 2089 4976 dedisse
2140 4921 2448 4988 negmium;
2497 4928 2550 4972 et
2591 4919 2655 4972 de
2698 4915 3046 4984 Theophanis
3087 4915 3284 4969 saeculo
3316 4930 3453 4981 prte-

1872 5025 2085 5084 ceptam
2151 5012 2462 5082 opinionem
2535 5025 2640 5063 non
2704 5010 2970 5062 exeruisse
3040 5009 3288 5075 quidem,
3363 5009 3454 5060 sed

1884 5107 2282 5168 inonscurasse,
2321 5103 2576 5172 auxitque
2609 5102 2743 5156 hanc
2780 5099 3174 5155 dubitationem
3218 5099 3458 5152 auctori-

1881 5209 1962 5253 tas
2009 5198 2067 5251 P.
2119 5196 2306 5252 Jacobi
2357 5196 2663 5262 Sirmnndi,
2712 5194 3015 5248 eruditione
3055 5193 3284 5262 insignis
3332 5192 3452 5251 viri,

1876 5295 1965 5361 qni
1999 5290 2294 5348 sciscitanti
2337 5290 2468 5344 mihi
2513 5304 2607 5357 per
2641 5287 2921 5356 epistolam
2974 5285 3248 5352 respondit
3295 5285 3366 5337 ita
3399 5299 3455 5336 se

1886 5384 2063 5451 legere
2109 5393 2161 5435 et
2190 5380 2411 5436 omnino
2449 5377 2756 5433 rerosimile
2790 5375 2956 5428 videri
3001 5375 3318 5428 Cerameum
3351 5373 3455 5427 Ro-

1877 5477 2011 5547 geiii
2057 5484 2297 5544 tempore
2340 5472 2604 5528 ﬂoruisse.
2651 5469 2756 5524 Sed
2804 5467 2945 5523 enim
2989 5468 3202 5520 tandem
3241 5482 3299 5521 re
3328 5481 3458 5520 exa-

1884 5571 2050 5634 gitata
2083 5569 2169 5623 diu
2215 5567 2562 5633 studioseque
2590 5564 2855 5626 discussa,
2899 5560 3084 5614 clavus
3121 5561 3208 5614 hic
3237 5563 3325 5630 qui
3363 5560 3452 5613 diu

1878 5662 2084 5716 inlisus
2114 5659 2288 5726 hrcsit,
2318 5669 2371 5714 et
2395 5658 2523 5712 mihi
2555 5667 2608 5711 et
2638 5655 2695 5711 P.
2729 5656 3021 5712 Sirmnndo
3052 5670 3147 5725 per
3169 5666 3456 5725 sequentes

2672 5806 2726 5852 τῆ
2771 5797 3086 5860 ΠᾹΝΟΡΜῼ
3115 5799 3176 5845 si:
3202 5799 3287 5852 τὴν
3313 5799 3450 5852 hri-,1

195 5877 415 5919 mgna-ar:
444 5861 530 5907 τοῦ
559 5861 719 5920 ῥῆγός.
755 5861 823 5907 (.Ι’.
852 5859 991 5908 Juult.
1019 5860 1232 5911 iriarte.
1266 5873 1411 5920 supra
1439 5862 1533 5910 col.
1560 5861 1638 5912 50.
1669 5862 1798 5914 Εῡιτ.
1828 5865 1978 5913 ΡΑΤιι.
