  <div class='ocr_page' id='page_1' title='image "/cluster/home/n/w/nwhite01/storage/ocr_20150623/132/nnc1.0046979662/057.png"; bbox 0 0 4172 6432; ppageno 0'>
   <div class='ocr_carea' id='block_1_1' title="bbox 722 372 3029 437">
    <p class='ocr_par' dir='ltr' id='par_1_1' title="bbox 722 372 3029 437">
     <span class='ocr_line' id='line_1_1' title="bbox 722 372 3029 437; baseline 0.003 -8"><span class='ocrx_word' id='word_1_1' title='bbox 722 372 792 433; x_wconf 72' lang='grc'>99</span> <span class='ocrx_word' id='word_1_2' title='bbox 1732 374 2129 431; x_wconf 69' lang='lat' dir='ltr'><strong>FliANClSCI</strong></span> <span class='ocrx_word' id='word_1_3' title='bbox 2172 374 2435 434; x_wconf 74' lang='lat' dir='ltr'><strong>SCOliSl</strong></span> <span class='ocrx_word' id='word_1_4' title='bbox 2479 376 2914 437; x_wconf 66' lang='lat' dir='ltr'><strong>PROtEMlUM</strong></span> <span class='ocrx_word' id='word_1_5' title='bbox 2954 378 3029 436; x_wconf 84' lang='lat' dir='ltr'><strong>ll.</strong></span> 
     </span>
    </p>
   </div>
   <div class='ocr_carea' id='block_1_2' title="bbox 722 482 2307 553">
    <p class='ocr_par' dir='ltr' id='par_1_2' title="bbox 722 482 2307 553">
     <span class='ocr_line' id='line_1_2' title="bbox 722 482 2307 553; baseline -0.002 -15"><span class='ocrx_word' id='word_1_6' title='bbox 722 482 985 553; x_wconf 80' lang='lat' dir='ltr'><strong>epistolas</strong></span> <span class='ocrx_word' id='word_1_7' title='bbox 1015 482 1122 536; x_wconf 90' lang='lat' dir='ltr'><strong>alio</strong></span> <span class='ocrx_word' id='word_1_8' title='bbox 1153 493 1407 537; x_wconf 73' lang='lat' dir='ltr'><strong>extrusus</strong></span> <span class='ocrx_word' id='word_1_9' title='bbox 1444 491 1526 535; x_wconf 90' lang='lat' dir='ltr'><strong>est</strong></span> <span class='ocrx_word' id='word_1_10' title='bbox 1559 482 1751 547; x_wconf 77' lang='lat' dir='ltr'><strong>clavo;</strong></span> <span class='ocrx_word' id='word_1_11' title='bbox 1786 483 1875 535; x_wconf 76' lang='lat' dir='ltr'><strong>sed</strong></span> <span class='ocrx_word' id='word_1_12' title='bbox 1902 484 2013 551; x_wconf 79' lang='lat' dir='ltr'><strong>jam</strong></span> <span class='ocrx_word' id='word_1_13' title='bbox 2044 500 2150 536; x_wconf 85' lang='lat' dir='ltr'><strong>rem</strong></span> <span class='ocrx_word' id='word_1_14' title='bbox 2182 500 2307 551; x_wconf 85' lang='lat' dir='ltr'><strong>pro-</strong></span> 
     </span>
    </p>
   </div>
   <div class='ocr_carea' id='block_1_3' title="bbox 720 574 2309 645">
    <p class='ocr_par' dir='ltr' id='par_1_3' title="bbox 720 574 2309 645">
     <span class='ocr_line' id='line_1_3' title="bbox 720 574 2309 645; baseline 0.002 -20"><span class='ocrx_word' id='word_1_15' title='bbox 720 578 839 644; x_wconf 81' lang='lat' dir='ltr'><strong>pius</strong></span> <span class='ocrx_word' id='word_1_16' title='bbox 896 576 1277 645; x_wconf 85' lang='lat' dir='ltr'><strong>tlisquiramus.</strong></span> <span class='ocrx_word' id='word_1_17' title='bbox 1336 574 1623 628; x_wconf 76' lang='lat' dir='ltr'><strong>Enimvero</strong></span> <span class='ocrx_word' id='word_1_18' title='bbox 1675 577 1717 629; x_wconf 93' lang='lat' dir='ltr'><strong>si</strong></span> <span class='ocrx_word' id='word_1_19' title='bbox 1776 592 1877 627; x_wconf 85' lang='lat' dir='ltr'><strong>uoa</strong></span> <span class='ocrx_word' id='word_1_20' title='bbox 1948 576 2136 642; x_wconf 68' lang='grc' dir='ltr'><strong>’νότου</strong></span> <span class='ocrx_word' id='word_1_21' title='bbox 2172 615 2186 635; x_wconf 84' lang='grc'><strong><em>.</em></strong></span> <span class='ocrx_word' id='word_1_22' title='bbox 2253 586 2309 629; x_wconf 91' lang='lat' dir='ltr'><strong>ut</strong></span> 
     </span>
    </p>
   </div>
   <div class='ocr_carea' id='block_1_4' title="bbox 720 667 2307 735">
    <p class='ocr_par' dir='ltr' id='par_1_4' title="bbox 720 667 2307 735">
     <span class='ocr_line' id='line_1_4' title="bbox 720 667 2307 735; baseline -0.003 -12"><span class='ocrx_word' id='word_1_23' title='bbox 720 679 900 723; x_wconf 75' lang='lat' dir='ltr'><strong>exstat</strong></span> <span class='ocrx_word' id='word_1_24' title='bbox 966 670 1019 721; x_wconf 92' lang='lat' dir='ltr'><strong>in</strong></span> <span class='ocrx_word' id='word_1_25' title='bbox 1088 668 1359 735; x_wconf 89' lang='lat' dir='ltr'><strong>plerisque</strong></span> <span class='ocrx_word' id='word_1_26' title='bbox 1432 682 1562 720; x_wconf 86' lang='lat' dir='ltr'>mss.</span> <span class='ocrx_word' id='word_1_27' title='bbox 1645 667 2137 729; x_wconf 69' lang='lat' dir='ltr'><strong>bibliothecarum,</strong></span> <span class='ocrx_word' id='word_1_28' title='bbox 2214 669 2307 719; x_wconf 86' lang='lat' dir='ltr'><strong>sed</strong></span> 
     </span>
    </p>
   </div>
   <div class='ocr_carea' id='block_1_5' title="bbox 730 758 2307 827">
    <p class='ocr_par' dir='ltr' id='par_1_5' title="bbox 730 758 2307 827">
     <span class='ocr_line' id='line_1_5' title="bbox 730 758 2307 827; baseline 0.001 -15"><span class='ocrx_word' id='word_1_29' title='bbox 730 758 1011 827; x_wconf 74' lang='grc' dir='ltr'><strong>Ῥογερίου</strong></span> <span class='ocrx_word' id='word_1_30' title='bbox 1065 760 1335 825; x_wconf 72' lang='lat' dir='ltr'><strong>integrum</strong></span> <span class='ocrx_word' id='word_1_31' title='bbox 1386 773 1579 812; x_wconf 87' lang='lat' dir='ltr'><strong>nomen</strong></span> <span class='ocrx_word' id='word_1_32' title='bbox 1629 760 1999 825; x_wconf 79' lang='lat' dir='ltr'><strong>pra-scriptum</strong></span> <span class='ocrx_word' id='word_1_33' title='bbox 2045 760 2307 813; x_wconf 65' lang='lat' dir='ltr'><strong>essetha-</strong></span> 
     </span>
    </p>
   </div>
   <div class='ocr_carea' id='block_1_6' title="bbox 723 850 2303 917">
    <p class='ocr_par' dir='ltr' id='par_1_6' title="bbox 723 850 2303 917">
     <span class='ocr_line' id='line_1_6' title="bbox 723 850 2303 917; baseline 0 -14"><span class='ocrx_word' id='word_1_34' title='bbox 723 850 905 913; x_wconf 69' lang='lat' dir='ltr'><strong>milia‘,</strong></span> <span class='ocrx_word' id='word_1_35' title='bbox 946 866 1051 905; x_wconf 89' lang='lat' dir='ltr'><strong>non</strong></span> <span class='ocrx_word' id='word_1_36' title='bbox 1074 850 1259 903; x_wconf 83' lang='lat' dir='ltr'><strong>statim</strong></span> <span class='ocrx_word' id='word_1_37' title='bbox 1289 864 1317 903; x_wconf 88' lang='lat' dir='ltr'><strong>e</strong></span> <span class='ocrx_word' id='word_1_38' title='bbox 1342 851 1606 903; x_wconf 73' lang='lat' dir='ltr'><strong>sententia</strong></span> <span class='ocrx_word' id='word_1_39' title='bbox 1630 851 1916 917; x_wconf 84' lang='lat' dir='ltr'><strong>dejicerer.</strong></span> <span class='ocrx_word' id='word_1_40' title='bbox 1946 852 2037 904; x_wconf 87' lang='lat' dir='ltr'><strong>sed</strong></span> <span class='ocrx_word' id='word_1_41' title='bbox 2064 866 2303 904; x_wconf 87' lang='lat' dir='ltr'><strong>errorem</strong></span> 
     </span>
    </p>
   </div>
   <div class='ocr_carea' id='block_1_7' title="bbox 716 940 2303 1011">
    <p class='ocr_par' dir='ltr' id='par_1_7' title="bbox 716 940 2303 1011">
     <span class='ocr_line' id='line_1_7' title="bbox 716 940 2303 1011; baseline -0.001 -14"><span class='ocrx_word' id='word_1_42' title='bbox 716 944 944 1011; x_wconf 82' lang='lat' dir='ltr'><strong>alicujus</strong></span> <span class='ocrx_word' id='word_1_43' title='bbox 988 942 1306 1011; x_wconf 71' lang='lat' dir='ltr'><strong>posterioris</strong></span> <span class='ocrx_word' id='word_1_44' title='bbox 1341 942 1439 994; x_wconf 65' lang='lat' dir='ltr'><strong>(cvi</strong></span> <span class='ocrx_word' id='word_1_45' title='bbox 1478 940 1687 994; x_wconf 85' lang='lat' dir='ltr'><strong>librarii</strong></span> <span class='ocrx_word' id='word_1_46' title='bbox 1728 958 2032 1007; x_wconf 78' lang='lat' dir='ltr'><strong>censerem,</strong></span> <span class='ocrx_word' id='word_1_47' title='bbox 2067 943 2158 1011; x_wconf 93' lang='lat' dir='ltr'><strong>qui</strong></span> <span class='ocrx_word' id='word_1_48' title='bbox 2186 958 2303 996; x_wconf 85' lang='lat' dir='ltr'><strong>(‘Utll</strong></span> 
     </span>
    </p>
   </div>
   <div class='ocr_carea' id='block_1_8' title="bbox 715 1034 2303 1104">
    <p class='ocr_par' dir='ltr' id='par_1_8' title="bbox 715 1034 2303 1104">
     <span class='ocr_line' id='line_1_8' title="bbox 715 1034 2303 1104; baseline -0.001 -15"><span class='ocrx_word' id='word_1_49' title='bbox 715 1038 921 1090; x_wconf 83' lang='lat' dir='ltr'><strong>videret</strong></span> <span class='ocrx_word' id='word_1_50' title='bbox 946 1038 1002 1089; x_wconf 88' lang='lat' dir='ltr'><strong>iu</strong></span> <span class='ocrx_word' id='word_1_51' title='bbox 1036 1037 1301 1104; x_wconf 76' lang='grc' dir='ltr'><strong>ριύωιιιίο</strong></span> <span class='ocrx_word' id='word_1_52' title='bbox 1333 1034 1564 1087; x_wconf 72' lang='lat' dir='ltr'><strong>humilia:</strong></span> <span class='ocrx_word' id='word_1_53' title='bbox 1601 1036 1927 1088; x_wconf 87' lang='lat' dir='ltr'><strong>mentionem</strong></span> <span class='ocrx_word' id='word_1_54' title='bbox 1951 1036 2064 1088; x_wconf 81' lang='lat' dir='ltr'><strong>lieri</strong></span> <span class='ocrx_word' id='word_1_55' title='bbox 2091 1035 2303 1103; x_wconf 63' lang='lat'><strong>105:3;-</strong></span> 
     </span>
    </p>
   </div>
   <div class='ocr_carea' id='block_1_9' title="bbox 717 1128 2305 1191">
    <p class='ocr_par' dir='ltr' id='par_1_9' title="bbox 717 1128 2305 1191">
     <span class='ocr_line' id='line_1_9' title="bbox 717 1128 2305 1191; baseline 0.001 -10"><span class='ocrx_word' id='word_1_56' title='bbox 717 1130 913 1191; x_wconf 79' lang='grc' dir='ltr'><strong>σιλέως</strong></span> <span class='ocrx_word' id='word_1_57' title='bbox 954 1139 1006 1182; x_wconf 88' lang='lat' dir='ltr'><strong>et.</strong></span> <span class='ocrx_word' id='word_1_58' title='bbox 1054 1138 1334 1180; x_wconf 84' lang='lat' dir='ltr'><strong>auctorem</strong></span> <span class='ocrx_word' id='word_1_59' title='bbox 1388 1129 1443 1181; x_wconf 90' lang='lat' dir='ltr'><strong>in</strong></span> <span class='ocrx_word' id='word_1_60' title='bbox 1493 1128 1679 1180; x_wconf 78' lang='lat' dir='ltr'><strong>Sicilia</strong></span> <span class='ocrx_word' id='word_1_61' title='bbox 1724 1143 2004 1182; x_wconf 81' lang='lat' dir='ltr'><strong>sermones</strong></span> <span class='ocrx_word' id='word_1_62' title='bbox 2047 1130 2305 1183; x_wconf 78' lang='lat' dir='ltr'><strong>habuisse</strong></span> 
     </span>
    </p>
   </div>
   <div class='ocr_carea' id='block_1_10' title="bbox 715 1220 2305 1289">
    <p class='ocr_par' dir='ltr' id='par_1_10' title="bbox 715 1220 2305 1289">
     <span class='ocr_line' id='line_1_10' title="bbox 715 1220 2305 1289; baseline -0.001 -16"><span class='ocrx_word' id='word_1_63' title='bbox 715 1223 900 1279; x_wconf 87' lang='lat' dir='ltr'><strong>sciret,</strong></span> <span class='ocrx_word' id='word_1_64' title='bbox 948 1236 1054 1272; x_wconf 90' lang='lat' dir='ltr'><strong>non</strong></span> <span class='ocrx_word' id='word_1_65' title='bbox 1099 1220 1266 1272; x_wconf 93' lang='lat' dir='ltr'><strong>alium</strong></span> <span class='ocrx_word' id='word_1_66' title='bbox 1309 1235 1471 1287; x_wconf 91' lang='lat' dir='ltr'><strong>quam</strong></span> <span class='ocrx_word' id='word_1_67' title='bbox 1513 1221 1803 1289; x_wconf 77' lang='lat' dir='ltr'><strong>ltogerium</strong></span> <span class='ocrx_word' id='word_1_68' title='bbox 1856 1234 1975 1275; x_wconf 83' lang='lat' dir='ltr'><strong>esse</strong></span> <span class='ocrx_word' id='word_1_69' title='bbox 2012 1222 2163 1274; x_wconf 89' lang='lat' dir='ltr'><strong>illum</strong></span> <span class='ocrx_word' id='word_1_70' title='bbox 2213 1222 2305 1272; x_wconf 73' lang='grc' dir='ltr'><strong>τὸν</strong></span> 
     </span>
    </p>
   </div>
   <div class='ocr_carea' id='block_1_11' title="bbox 714 1311 2302 1381">
    <p class='ocr_par' dir='ltr' id='par_1_11' title="bbox 714 1311 2302 1381">
     <span class='ocr_line' id='line_1_11' title="bbox 714 1311 2302 1381; baseline 0.001 -16"><span class='ocrx_word' id='word_1_71' title='bbox 714 1312 971 1381; x_wconf 60' lang='grc' dir='ltr'><strong>βασιλέα,</strong></span> <span class='ocrx_word' id='word_1_72' title='bbox 1034 1328 1204 1381; x_wconf 70' lang='lat' dir='ltr'><strong>regem</strong></span> <span class='ocrx_word' id='word_1_73' title='bbox 1269 1311 1429 1365; x_wconf 88' lang='lat' dir='ltr'><strong>facile</strong></span> <span class='ocrx_word' id='word_1_74' title='bbox 1486 1314 1661 1380; x_wconf 79' lang='lat' dir='ltr'><strong>potuit</strong></span> <span class='ocrx_word' id='word_1_75' title='bbox 1729 1313 1981 1381; x_wconf 83' lang='lat' dir='ltr'><strong>opinari;</strong></span> <span class='ocrx_word' id='word_1_76' title='bbox 2036 1324 2087 1367; x_wconf 91' lang='lat' dir='ltr'><strong>et</strong></span> <span class='ocrx_word' id='word_1_77' title='bbox 2142 1314 2302 1367; x_wconf 90' lang='lat' dir='ltr'><strong>sicuti</strong></span> 
     </span>
    </p>
   </div>
   <div class='ocr_carea' id='block_1_12' title="bbox 717 1403 2300 1473">
    <p class='ocr_par' dir='ltr' id='par_1_12' title="bbox 717 1403 2300 1473">
     <span class='ocr_line' id='line_1_12' title="bbox 717 1403 2300 1473; baseline 0.002 -19"><span class='ocrx_word' id='word_1_78' title='bbox 717 1405 960 1458; x_wconf 68' lang='grc' dir='ltr'>ηςςωιριιι</span> <span class='ocrx_word' id='word_1_79' title='bbox 1003 1403 1168 1456; x_wconf 92' lang='lat' dir='ltr'><strong>facile</strong></span> <span class='ocrx_word' id='word_1_80' title='bbox 1211 1406 1589 1470; x_wconf 82' lang='lat' dir='ltr'><strong>pronuntiare,</strong></span> <span class='ocrx_word' id='word_1_81' title='bbox 1638 1408 1727 1472; x_wconf 87' lang='lat' dir='ltr'><strong>qui</strong></span> <span class='ocrx_word' id='word_1_82' title='bbox 1765 1421 1936 1473; x_wconf 88' lang='lat' dir='ltr'><strong>pauca</strong></span> <span class='ocrx_word' id='word_1_83' title='bbox 1979 1408 2300 1472; x_wconf 77' lang='lat' dir='ltr'><strong>respiciunt,</strong></span> 
     </span>
    </p>
   </div>
   <div class='ocr_carea' id='block_1_13' title="bbox 714 1498 2300 1567">
    <p class='ocr_par' dir='ltr' id='par_1_13' title="bbox 714 1498 2300 1567">
     <span class='ocr_line' id='line_1_13' title="bbox 714 1498 2300 1567; baseline 0.003 -19"><span class='ocrx_word' id='word_1_84' title='bbox 714 1499 763 1550; x_wconf 90' lang='lat' dir='ltr'><strong>id</strong></span> <span class='ocrx_word' id='word_1_85' title='bbox 801 1509 1059 1562; x_wconf 79' lang='lat' dir='ltr'><strong>tanquam</strong></span> <span class='ocrx_word' id='word_1_86' title='bbox 1105 1506 1317 1548; x_wconf 87' lang='lat' dir='ltr'><strong>certum</strong></span> <span class='ocrx_word' id='word_1_87' title='bbox 1346 1498 1646 1549; x_wconf 83' lang='lat' dir='ltr'><strong>ascribere.</strong></span> <span class='ocrx_word' id='word_1_88' title='bbox 1676 1500 1791 1562; x_wconf 78' lang='lat' dir='ltr'><strong>Qua</strong></span> <span class='ocrx_word' id='word_1_89' title='bbox 1836 1501 2045 1553; x_wconf 75' lang='lat' dir='ltr'><strong>ratione</strong></span> <span class='ocrx_word' id='word_1_90' title='bbox 2089 1515 2300 1567; x_wconf 84' lang='lat' dir='ltr'><strong>possem</strong></span> 
     </span>
    </p>
   </div>
   <div class='ocr_carea' id='block_1_14' title="bbox 714 1588 2299 1660">
    <p class='ocr_par' dir='ltr' id='par_1_14' title="bbox 714 1588 2299 1660">
     <span class='ocr_line' id='line_1_14' title="bbox 714 1588 2299 1660; baseline 0.001 -19"><span class='ocrx_word' id='word_1_91' title='bbox 714 1592 859 1641; x_wconf 72' lang='lat' dir='ltr'><strong>illam</strong></span> <span class='ocrx_word' id='word_1_92' title='bbox 920 1588 1333 1657; x_wconf 78' lang='lat' dir='ltr'><strong>inscriptionem</strong></span> <span class='ocrx_word' id='word_1_93' title='bbox 1390 1591 1465 1641; x_wconf 91' lang='lat' dir='ltr'><strong>uti</strong></span> <span class='ocrx_word' id='word_1_94' title='bbox 1516 1592 1755 1659; x_wconf 89' lang='lat' dir='ltr'><strong>spuriatn</strong></span> <span class='ocrx_word' id='word_1_95' title='bbox 1798 1601 1849 1643; x_wconf 83' lang='lat' dir='ltr'><strong>et</strong></span> <span class='ocrx_word' id='word_1_96' title='bbox 1901 1593 2299 1660; x_wconf 75' lang='lat' dir='ltr'><strong>supposititiam</strong></span> 
     </span>
    </p>
   </div>
   <div class='ocr_carea' id='block_1_15' title="bbox 713 1681 2298 1752">
    <p class='ocr_par' dir='ltr' id='par_1_15' title="bbox 713 1681 2298 1752">
     <span class='ocr_line' id='line_1_15' title="bbox 713 1681 2298 1752; baseline 0.002 -18"><span class='ocrx_word' id='word_1_97' title='bbox 713 1684 943 1751; x_wconf 55' lang='lat' dir='ltr'><strong>injicere</strong></span> <span class='ocrx_word' id='word_1_98' title='bbox 996 1698 1059 1735; x_wconf 91' lang='lat' dir='ltr'><strong>ac</strong></span> <span class='ocrx_word' id='word_1_99' title='bbox 1108 1681 1551 1751; x_wconf 82' lang='lat' dir='ltr'><strong>parvipcndere:</strong></span> <span class='ocrx_word' id='word_1_100' title='bbox 1598 1686 1902 1752; x_wconf 62' lang='lat' dir='ltr'><strong>precscttim</strong></span> <span class='ocrx_word' id='word_1_101' title='bbox 1937 1701 2056 1738; x_wconf 87' lang='lat' dir='ltr'><strong>cum</strong></span> <span class='ocrx_word' id='word_1_102' title='bbox 2099 1700 2204 1737; x_wconf 85' lang='lat' dir='ltr'><strong>non</strong></span> <span class='ocrx_word' id='word_1_103' title='bbox 2248 1686 2298 1737; x_wconf 83' lang='lat' dir='ltr'><strong>in</strong></span> 
     </span>
    </p>
   </div>
   <div class='ocr_carea' id='block_1_16' title="bbox 709 1776 2287 1845">
    <p class='ocr_par' dir='ltr' id='par_1_16' title="bbox 709 1776 2287 1845">
     <span class='ocr_line' id='line_1_16' title="bbox 709 1776 2287 1845; baseline 0.001 -19"><span class='ocrx_word' id='word_1_104' title='bbox 709 1777 966 1828; x_wconf 90' lang='lat' dir='ltr'><strong>omniluts</strong></span> <span class='ocrx_word' id='word_1_105' title='bbox 1026 1777 1250 1827; x_wconf 89' lang='lat' dir='ltr'><strong>omnino</strong></span> <span class='ocrx_word' id='word_1_106' title='bbox 1286 1776 1566 1827; x_wconf 79' lang='lat' dir='ltr'><strong>codicibus</strong></span> <span class='ocrx_word' id='word_1_107' title='bbox 1630 1790 1761 1829; x_wconf 85' lang='lat' dir='ltr'><strong>mss.</strong></span> <span class='ocrx_word' id='word_1_108' title='bbox 1817 1777 2047 1845; x_wconf 73' lang='lat' dir='ltr'><strong>legatur,</strong></span> <span class='ocrx_word' id='word_1_109' title='bbox 2107 1776 2199 1829; x_wconf 86' lang='lat' dir='ltr'><strong>sed</strong></span> <span class='ocrx_word' id='word_1_110' title='bbox 2259 1792 2287 1827; x_wconf 88' lang='lat' dir='ltr'><strong>a</strong></span> 
     </span>
    </p>
   </div>
   <div class='ocr_carea' id='block_1_17' title="bbox 710 1864 2299 1934">
    <p class='ocr_par' dir='ltr' id='par_1_17' title="bbox 710 1864 2299 1934">
     <span class='ocr_line' id='line_1_17' title="bbox 710 1864 2299 1934; baseline 0 -16"><span class='ocrx_word' id='word_1_111' title='bbox 710 1866 926 1918; x_wconf 63' lang='lat' dir='ltr'><strong>duobus</strong></span> <span class='ocrx_word' id='word_1_112' title='bbox 960 1864 1261 1918; x_wconf 85' lang='lat' dir='ltr'><strong>Gallicanis</strong></span> <span class='ocrx_word' id='word_1_113' title='bbox 1308 1865 1471 1927; x_wconf 73' lang='lat' dir='ltr'><strong>absit,</strong></span> <span class='ocrx_word' id='word_1_114' title='bbox 1506 1866 1581 1918; x_wconf 86' lang='lat' dir='ltr'><strong>uti</strong></span> <span class='ocrx_word' id='word_1_115' title='bbox 1628 1867 1847 1934; x_wconf 74' lang='lat' dir='ltr'><strong>scripsit</strong></span> <span class='ocrx_word' id='word_1_116' title='bbox 1892 1868 1956 1919; x_wconf 84' lang='lat' dir='ltr'><strong>ad</strong></span> <span class='ocrx_word' id='word_1_117' title='bbox 1997 1882 2080 1920; x_wconf 89' lang='lat' dir='ltr'><strong>me</strong></span> <span class='ocrx_word' id='word_1_118' title='bbox 2118 1866 2174 1919; x_wconf 73' lang='grc' dir='ltr'><strong>ιι.</strong></span> <span class='ocrx_word' id='word_1_119' title='bbox 2207 1864 2299 1918; x_wconf 82' lang='lat' dir='ltr'><strong>Ja-</strong></span> 
     </span>
    </p>
   </div>
   <div class='ocr_carea' id='block_1_18' title="bbox 708 1944 2296 2027">
    <p class='ocr_par' dir='ltr' id='par_1_18' title="bbox 708 1944 2296 2027">
     <span class='ocr_line' id='line_1_18' title="bbox 708 1944 2296 2027; baseline 0.004 -20"><span class='ocrx_word' id='word_1_120' title='bbox 708 1960 878 2010; x_wconf 72' lang='lat' dir='ltr'><strong>i-nbus</strong></span> <span class='ocrx_word' id='word_1_121' title='bbox 924 1956 1253 2011; x_wconf 87' lang='lat' dir='ltr'><strong>Sirmundus</strong></span> <span class='ocrx_word' id='word_1_122' title='bbox 1298 1956 1366 2010; x_wconf 92' lang='lat' dir='ltr'><strong>de</strong></span> <span class='ocrx_word' id='word_1_123' title='bbox 1413 1973 1521 2026; x_wconf 93' lang='lat' dir='ltr'><strong>quo</strong></span> <span class='ocrx_word' id='word_1_124' title='bbox 1570 1944 1730 2026; x_wconf 79' lang='lat' dir='ltr'><strong>patilo</strong></span> <span class='ocrx_word' id='word_1_125' title='bbox 1764 1974 1929 2027; x_wconf 83' lang='lat' dir='ltr'><strong>supra</strong></span> <span class='ocrx_word' id='word_1_126' title='bbox 1964 1961 2296 2015; x_wconf 87' lang='lat' dir='ltr'><strong>mentionem</strong></span> 
     </span>
    </p>
   </div>
   <div class='ocr_carea' id='block_1_19' title="bbox 712 2051 2297 2122">
    <p class='ocr_par' dir='ltr' id='par_1_19' title="bbox 712 2051 2297 2122">
     <span class='ocr_line' id='line_1_19' title="bbox 712 2051 2297 2122; baseline 0.004 -23"><span class='ocrx_word' id='word_1_127' title='bbox 712 2052 831 2103; x_wconf 69' lang='lat' dir='ltr'><strong>Icci.</strong></span> <span class='ocrx_word' id='word_1_128' title='bbox 869 2051 975 2105; x_wconf 88' lang='lat' dir='ltr'><strong>Sed</strong></span> <span class='ocrx_word' id='word_1_129' title='bbox 1003 2052 1301 2120; x_wconf 82' lang='lat' dir='ltr'><strong>recipiatur</strong></span> <span class='ocrx_word' id='word_1_130' title='bbox 1325 2066 1457 2105; x_wconf 81' lang='lat' dir='ltr'><strong>sane</strong></span> <span class='ocrx_word' id='word_1_131' title='bbox 1487 2061 1542 2103; x_wconf 92' lang='lat' dir='ltr'><strong>ut</strong></span> <span class='ocrx_word' id='word_1_132' title='bbox 1568 2052 1816 2119; x_wconf 85' lang='lat' dir='ltr'><strong>antiqua,</strong></span> <span class='ocrx_word' id='word_1_133' title='bbox 1854 2053 2297 2122; x_wconf 73' lang='lat' dir='ltr'><strong>quandoquidem</strong></span> 
     </span>
    </p>
   </div>
   <div class='ocr_carea' id='block_1_20' title="bbox 716 2145 2294 2219">
    <p class='ocr_par' dir='ltr' id='par_1_20' title="bbox 716 2145 2294 2219">
     <span class='ocr_line' id='line_1_20' title="bbox 716 2145 2294 2219; baseline 0.004 -25"><span class='ocrx_word' id='word_1_134' title='bbox 716 2162 766 2195; x_wconf 81' lang='lat' dir='ltr'><strong>ia</strong></span> <span class='ocrx_word' id='word_1_135' title='bbox 806 2146 1058 2211; x_wconf 82' lang='lat' dir='ltr'><strong>plurimis</strong></span> <span class='ocrx_word' id='word_1_136' title='bbox 1090 2162 1245 2211; x_wconf 89' lang='lat' dir='ltr'><strong>mss.,</strong></span> <span class='ocrx_word' id='word_1_137' title='bbox 1287 2145 1569 2219; x_wconf 77' lang='lat' dir='ltr'><strong>Vaticanis</strong></span> <span class='ocrx_word' id='word_1_138' title='bbox 1594 2146 1830 2208; x_wconf 89' lang='lat' dir='ltr'><strong>duobus,</strong></span> <span class='ocrx_word' id='word_1_139' title='bbox 1862 2146 2145 2201; x_wconf 75' lang='lat' dir='ltr'><strong>Gallicana</strong></span> <span class='ocrx_word' id='word_1_140' title='bbox 2169 2164 2294 2212; x_wconf 86' lang='lat' dir='ltr'><strong>uno,</strong></span> 
     </span>
    </p>
   </div>
   <div class='ocr_carea' id='block_1_21' title="bbox 709 2237 2294 2301">
    <p class='ocr_par' dir='ltr' id='par_1_21' title="bbox 709 2237 2294 2301">
     <span class='ocr_line' id='line_1_21' title="bbox 709 2237 2294 2301; baseline 0.003 -12"><span class='ocrx_word' id='word_1_141' title='bbox 709 2238 980 2301; x_wconf 69' lang='lat' dir='ltr'><strong>iiseuriali</strong></span> <span class='ocrx_word' id='word_1_142' title='bbox 1026 2253 1133 2292; x_wconf 91' lang='lat' dir='ltr'><strong>uno</strong></span> <span class='ocrx_word' id='word_1_143' title='bbox 1181 2256 1193 2290; x_wconf 88' lang='lat'>:</span> <span class='ocrx_word' id='word_1_144' title='bbox 1244 2248 1297 2293; x_wconf 90' lang='lat' dir='ltr'><strong>et</strong></span> <span class='ocrx_word' id='word_1_145' title='bbox 1365 2237 1521 2292; x_wconf 88' lang='lat' dir='ltr'><strong>lidetn</strong></span> <span class='ocrx_word' id='word_1_146' title='bbox 1568 2239 1807 2293; x_wconf 79' lang='lat' dir='ltr'><strong>debitam</strong></span> <span class='ocrx_word' id='word_1_147' title='bbox 1862 2255 1996 2297; x_wconf 89' lang='lat' dir='ltr'><strong>mss.</strong></span> <span class='ocrx_word' id='word_1_148' title='bbox 2032 2242 2194 2293; x_wconf 89' lang='lat' dir='ltr'><strong>etiam</strong></span> <span class='ocrx_word' id='word_1_149' title='bbox 2242 2242 2294 2294; x_wconf 92' lang='lat' dir='ltr'><strong>in</strong></span> 
     </span>
    </p>
   </div>
   <div class='ocr_carea' id='block_1_22' title="bbox 705 2330 2294 2401">
    <p class='ocr_par' dir='ltr' id='par_1_22' title="bbox 705 2330 2294 2401">
     <span class='ocr_line' id='line_1_22' title="bbox 705 2330 2294 2401; baseline 0.003 -18"><span class='ocrx_word' id='word_1_150' title='bbox 705 2332 920 2384; x_wconf 55' lang='lat' dir='ltr'><strong>tuteris</strong></span> <span class='ocrx_word' id='word_1_151' title='bbox 953 2330 1117 2386; x_wconf 84' lang='lat' dir='ltr'><strong>rebus</strong></span> <span class='ocrx_word' id='word_1_152' title='bbox 1158 2332 1343 2385; x_wconf 86' lang='lat' dir='ltr'><strong>haberi</strong></span> <span class='ocrx_word' id='word_1_153' title='bbox 1373 2332 1586 2401; x_wconf 86' lang='lat' dir='ltr'><strong>postulo</strong></span> <span class='ocrx_word' id='word_1_154' title='bbox 1627 2350 1638 2385; x_wconf 92' lang='lat'>:</span> <span class='ocrx_word' id='word_1_155' title='bbox 1676 2335 1768 2386; x_wconf 84' lang='lat' dir='ltr'><strong>sed</strong></span> <span class='ocrx_word' id='word_1_156' title='bbox 1795 2334 1866 2385; x_wconf 90' lang='lat' dir='ltr'><strong>ita</strong></span> <span class='ocrx_word' id='word_1_157' title='bbox 1896 2334 2187 2399; x_wconf 70' lang='lat' dir='ltr'><strong>recipiatur</strong></span> <span class='ocrx_word' id='word_1_158' title='bbox 2221 2334 2294 2388; x_wconf 76' lang='lat' dir='ltr'><strong>uii</strong></span> 
     </span>
    </p>
   </div>
   <div class='ocr_carea' id='block_1_23' title="bbox 709 2424 2292 2494">
    <p class='ocr_par' dir='ltr' id='par_1_23' title="bbox 709 2424 2292 2494">
     <span class='ocr_line' id='line_1_23' title="bbox 709 2424 2292 2494; baseline 0.004 -20"><span class='ocrx_word' id='word_1_159' title='bbox 709 2424 914 2491; x_wconf 86' lang='lat' dir='ltr'><strong>scripta</strong></span> <span class='ocrx_word' id='word_1_160' title='bbox 958 2436 1061 2488; x_wconf 73' lang='grc' dir='ltr'><strong>ρει,</strong></span> <span class='ocrx_word' id='word_1_161' title='bbox 1130 2424 1316 2492; x_wconf 68' lang='grc' dir='ltr'><strong>Ῥόγου</strong></span> <span class='ocrx_word' id='word_1_162' title='bbox 1372 2442 1475 2480; x_wconf 87' lang='lat' dir='ltr'><strong>non</strong></span> <span class='ocrx_word' id='word_1_163' title='bbox 1528 2425 1830 2494; x_wconf 57' lang='lat' dir='ltr'><strong>&#39;l’oyspiou.</strong></span> <span class='ocrx_word' id='word_1_164' title='bbox 1867 2426 2084 2492; x_wconf 79' lang='lat' dir='ltr'><strong>Quanto</strong></span> <span class='ocrx_word' id='word_1_165' title='bbox 2114 2437 2292 2481; x_wconf 82' lang='lat' dir='ltr'><strong>autem</strong></span> 
     </span>
    </p>
   </div>
   <div class='ocr_carea' id='block_1_24' title="bbox 709 2516 2294 2589">
    <p class='ocr_par' dir='ltr' id='par_1_24' title="bbox 709 2516 2294 2589">
     <span class='ocr_line' id='line_1_24' title="bbox 709 2516 2294 2589; baseline 0.003 -21"><span class='ocrx_word' id='word_1_166' title='bbox 709 2518 891 2569; x_wconf 87' lang='lat' dir='ltr'><strong>minus</strong></span> <span class='ocrx_word' id='word_1_167' title='bbox 926 2516 1142 2578; x_wconf 81' lang='lat' dir='ltr'><strong>valebit,</strong></span> <span class='ocrx_word' id='word_1_168' title='bbox 1196 2526 1252 2569; x_wconf 91' lang='lat' dir='ltr'><strong>ut</strong></span> <span class='ocrx_word' id='word_1_169' title='bbox 1304 2532 1390 2571; x_wconf 90' lang='lat' dir='ltr'><strong>me</strong></span> <span class='ocrx_word' id='word_1_170' title='bbox 1424 2518 1487 2571; x_wconf 91' lang='lat' dir='ltr'><strong>de</strong></span> <span class='ocrx_word' id='word_1_171' title='bbox 1522 2520 1791 2572; x_wconf 88' lang='lat' dir='ltr'><strong>sententia</strong></span> <span class='ocrx_word' id='word_1_172' title='bbox 1841 2519 2093 2575; x_wconf 84' lang='lat' dir='ltr'><strong>deturbet</strong></span> <span class='ocrx_word' id='word_1_173' title='bbox 2122 2518 2294 2589; x_wconf 77' lang='lat' dir='ltr'><strong>Rogus</strong></span> 
     </span>
    </p>
   </div>
   <div class='ocr_carea' id='block_1_25' title="bbox 709 2608 2293 2677">
    <p class='ocr_par' dir='ltr' id='par_1_25' title="bbox 709 2608 2293 2677">
     <span class='ocr_line' id='line_1_25' title="bbox 709 2608 2293 2677; baseline 0.006 -19"><span class='ocrx_word' id='word_1_174' title='bbox 709 2608 798 2660; x_wconf 87' lang='lat' dir='ltr'><strong>ilie</strong></span> <span class='ocrx_word' id='word_1_175' title='bbox 835 2623 926 2660; x_wconf 78' lang='lat' dir='ltr'><strong>rex</strong></span> <span class='ocrx_word' id='word_1_176' title='bbox 975 2608 1267 2671; x_wconf 85' lang='lat' dir='ltr'><strong>barbarus,</strong></span> <span class='ocrx_word' id='word_1_177' title='bbox 1318 2619 1371 2662; x_wconf 88' lang='lat' dir='ltr'><strong>et</strong></span> <span class='ocrx_word' id='word_1_178' title='bbox 1424 2625 1651 2677; x_wconf 91' lang='lat' dir='ltr'><strong>prorsus</strong></span> <span class='ocrx_word' id='word_1_179' title='bbox 1691 2612 2023 2677; x_wconf 80' lang='lat' dir='ltr'><strong>incognitus.</strong></span> <span class='ocrx_word' id='word_1_180' title='bbox 2074 2628 2175 2667; x_wconf 86' lang='lat' dir='ltr'><strong>nec</strong></span> <span class='ocrx_word' id='word_1_181' title='bbox 2227 2614 2293 2668; x_wconf 91' lang='lat' dir='ltr'><strong>ab</strong></span> 
     </span>
    </p>
   </div>
   <div class='ocr_carea' id='block_1_26' title="bbox 711 2699 2291 2768">
    <p class='ocr_par' dir='ltr' id='par_1_26' title="bbox 711 2699 2291 2768">
     <span class='ocr_line' id='line_1_26' title="bbox 711 2699 2291 2768; baseline 0.003 -18"><span class='ocrx_word' id='word_1_182' title='bbox 711 2700 823 2751; x_wconf 90' lang='lat' dir='ltr'><strong>ullo</strong></span> <span class='ocrx_word' id='word_1_183' title='bbox 882 2699 1214 2767; x_wconf 82' lang='lat' dir='ltr'><strong>scriptorum</strong></span> <span class='ocrx_word' id='word_1_184' title='bbox 1269 2700 1520 2763; x_wconf 89' lang='lat' dir='ltr'><strong>traditus,</strong></span> <span class='ocrx_word' id='word_1_185' title='bbox 1576 2714 1698 2753; x_wconf 90' lang='lat' dir='ltr'><strong>cum</strong></span> <span class='ocrx_word' id='word_1_186' title='bbox 1744 2716 1809 2753; x_wconf 86' lang='lat' dir='ltr'><strong>ne</strong></span> <span class='ocrx_word' id='word_1_187' title='bbox 1851 2700 2115 2767; x_wconf 72' lang='lat' dir='ltr'><strong>Rogerius</strong></span> <span class='ocrx_word' id='word_1_188' title='bbox 2156 2700 2291 2768; x_wconf 89' lang='lat' dir='ltr'><strong>ipse,</strong></span> 
     </span>
    </p>
   </div>
   <div class='ocr_carea' id='block_1_27' title="bbox 710 2790 2294 2857">
    <p class='ocr_par' dir='ltr' id='par_1_27' title="bbox 710 2790 2294 2857">
     <span class='ocr_line' id='line_1_27' title="bbox 710 2790 2294 2857; baseline 0.002 -15"><span class='ocrx_word' id='word_1_189' title='bbox 710 2791 791 2842; x_wconf 89' lang='lat' dir='ltr'><strong>uti</strong></span> <span class='ocrx_word' id='word_1_190' title='bbox 816 2790 949 2853; x_wconf 75' lang='lat' dir='ltr'><strong>dixi,</strong></span> <span class='ocrx_word' id='word_1_191' title='bbox 985 2791 1211 2853; x_wconf 78' lang='lat' dir='ltr'><strong>valeret,</strong></span> <span class='ocrx_word' id='word_1_192' title='bbox 1245 2792 1542 2857; x_wconf 72' lang='lat' dir='ltr'><strong>prarsertim</strong></span> <span class='ocrx_word' id='word_1_193' title='bbox 1581 2806 1704 2846; x_wconf 90' lang='lat' dir='ltr'><strong>cum</strong></span> <span class='ocrx_word' id='word_1_194' title='bbox 1739 2792 1888 2846; x_wconf 92' lang='lat' dir='ltr'><strong>nulla</strong></span> <span class='ocrx_word' id='word_1_195' title='bbox 1931 2791 2133 2845; x_wconf 86' lang='lat' dir='ltr'><strong>alicubi</strong></span> <span class='ocrx_word' id='word_1_196' title='bbox 2176 2806 2294 2845; x_wconf 86' lang='lat' dir='ltr'><strong>cer-</strong></span> 
     </span>
    </p>
   </div>
   <div class='ocr_carea' id='block_1_28' title="bbox 705 2885 2288 2954">
    <p class='ocr_par' dir='ltr' id='par_1_28' title="bbox 705 2885 2288 2954">
     <span class='ocr_line' id='line_1_28' title="bbox 705 2885 2288 2954; baseline 0.001 -19"><span class='ocrx_word' id='word_1_197' title='bbox 705 2896 865 2936; x_wconf 83' lang='lat' dir='ltr'><strong>natur</strong></span> <span class='ocrx_word' id='word_1_198' title='bbox 913 2886 1126 2952; x_wconf 80' lang='lat' dir='ltr'><strong>adjecta</strong></span> <span class='ocrx_word' id='word_1_199' title='bbox 1165 2885 1362 2938; x_wconf 87' lang='lat' dir='ltr'><strong>lineola</strong></span> <span class='ocrx_word' id='word_1_200' title='bbox 1390 2901 1510 2953; x_wconf 72' lang='lat' dir='ltr'><strong>qua:</strong></span> <span class='ocrx_word' id='word_1_201' title='bbox 1548 2887 1931 2954; x_wconf 80' lang='lat' dir='ltr'><strong>compendium</strong></span> <span class='ocrx_word' id='word_1_202' title='bbox 1966 2886 2047 2940; x_wconf 85' lang='lat' dir='ltr'><strong>vel</strong></span> <span class='ocrx_word' id='word_1_203' title='bbox 2095 2885 2288 2939; x_wconf 84' lang='lat' dir='ltr'><strong>cifram</strong></span> 
     </span>
    </p>
   </div>
   <div class='ocr_carea' id='block_1_29' title="bbox 705 2974 2287 3045">
    <p class='ocr_par' dir='ltr' id='par_1_29' title="bbox 705 2974 2287 3045">
     <span class='ocr_line' id='line_1_29' title="bbox 705 2974 2287 3045; baseline 0.002 -19"><span class='ocrx_word' id='word_1_204' title='bbox 705 2978 884 3038; x_wconf 42' lang='lat' dir='ltr'><strong>signet</strong></span> <span class='ocrx_word' id='word_1_205' title='bbox 933 2988 1076 3036; x_wconf 79' lang='lat' dir='ltr'><strong>esse,</strong></span> <span class='ocrx_word' id='word_1_206' title='bbox 1129 2974 1207 3027; x_wconf 89' lang='lat' dir='ltr'><strong>sic</strong></span> <span class='ocrx_word' id='word_1_207' title='bbox 1270 2974 1458 3043; x_wconf 65' lang='grc' dir='ltr'><strong>Ῥόγου</strong></span> <span class='ocrx_word' id='word_1_208' title='bbox 1517 2991 1613 3043; x_wconf 87' lang='lat' dir='ltr'><strong>pro</strong></span> <span class='ocrx_word' id='word_1_209' title='bbox 1665 2975 1968 3045; x_wconf 76' lang='grc' dir='ltr'><strong>Ἱόγερίου.</strong></span> <span class='ocrx_word' id='word_1_210' title='bbox 2025 2975 2129 3029; x_wconf 88' lang='lat' dir='ltr'><strong>Sed</strong></span> <span class='ocrx_word' id='word_1_211' title='bbox 2174 2977 2287 3045; x_wconf 86' lang='lat' dir='ltr'><strong>jam</strong></span> 
     </span>
    </p>
   </div>
   <div class='ocr_carea' id='block_1_30' title="bbox 706 3065 2289 3122">
    <p class='ocr_par' dir='ltr' id='par_1_30' title="bbox 706 3065 2289 3122">
     <span class='ocr_line' id='line_1_30' title="bbox 706 3065 2289 3122; baseline 0.003 -7"><span class='ocrx_word' id='word_1_212' title='bbox 706 3065 852 3117; x_wconf 79' lang='lat' dir='ltr'><strong>iIlam</strong></span> <span class='ocrx_word' id='word_1_213' title='bbox 923 3065 1291 3121; x_wconf 87' lang='lat' dir='ltr'><strong>convellamus</strong></span> <span class='ocrx_word' id='word_1_214' title='bbox 1352 3082 1380 3119; x_wconf 90' lang='lat' dir='ltr'><strong>a</strong></span> <span class='ocrx_word' id='word_1_215' title='bbox 1444 3066 1817 3121; x_wconf 65' lang='lat' dir='ltr'><strong>fundamentis</strong></span> <span class='ocrx_word' id='word_1_216' title='bbox 1885 3077 1939 3121; x_wconf 89' lang='lat' dir='ltr'><strong>et</strong></span> <span class='ocrx_word' id='word_1_217' title='bbox 2006 3070 2289 3122; x_wconf 87' lang='lat' dir='ltr'><strong>machinas</strong></span> 
     </span>
    </p>
   </div>
   <div class='ocr_carea' id='block_1_31' title="bbox 704 3157 2292 3229">
    <p class='ocr_par' dir='ltr' id='par_1_31' title="bbox 704 3157 2292 3229">
     <span class='ocr_line' id='line_1_31' title="bbox 704 3157 2292 3229; baseline 0.004 -21"><span class='ocrx_word' id='word_1_218' title='bbox 704 3157 1118 3211; x_wconf 78' lang='lat' dir='ltr'><strong>admoveamus.</strong></span> <span class='ocrx_word' id='word_1_219' title='bbox 1181 3157 1423 3212; x_wconf 82' lang='lat' dir='ltr'><strong>Primum</strong></span> <span class='ocrx_word' id='word_1_220' title='bbox 1498 3169 1882 3229; x_wconf 77' lang='lat' dir='ltr'><strong>argumentum</strong></span> <span class='ocrx_word' id='word_1_221' title='bbox 1947 3168 2028 3213; x_wconf 89' lang='lat' dir='ltr'><strong>est</strong></span> <span class='ocrx_word' id='word_1_222' title='bbox 2070 3159 2292 3214; x_wconf 88' lang='lat' dir='ltr'><strong>ratioci-</strong></span> 
     </span>
    </p>
   </div>
   <div class='ocr_carea' id='block_1_32' title="bbox 706 3250 2293 3321">
    <p class='ocr_par' dir='ltr' id='par_1_32' title="bbox 706 3250 2293 3321">
     <span class='ocr_line' id='line_1_32' title="bbox 706 3250 2293 3321; baseline 0.003 -20"><span class='ocrx_word' id='word_1_223' title='bbox 706 3250 856 3301; x_wconf 84' lang='lat' dir='ltr'><strong>natio</strong></span> <span class='ocrx_word' id='word_1_224' title='bbox 921 3250 1249 3318; x_wconf 76' lang='lat' dir='ltr'><strong>paragraphi</strong></span> <span class='ocrx_word' id='word_1_225' title='bbox 1308 3252 1651 3321; x_wconf 84' lang='lat' dir='ltr'><strong>superioris,</strong></span> <span class='ocrx_word' id='word_1_226' title='bbox 1709 3268 1829 3320; x_wconf 70' lang='lat' dir='ltr'><strong>qua:</strong></span> <span class='ocrx_word' id='word_1_227' title='bbox 1878 3251 2015 3307; x_wconf 89' lang='lat' dir='ltr'><strong>satis</strong></span> <span class='ocrx_word' id='word_1_228' title='bbox 2080 3253 2293 3305; x_wconf 82' lang='lat' dir='ltr'><strong>videtur</strong></span> 
     </span>
    </p>
   </div>
   <div class='ocr_carea' id='block_1_33' title="bbox 700 3342 2289 3414">
    <p class='ocr_par' dir='ltr' id='par_1_33' title="bbox 700 3342 2289 3414">
     <span class='ocr_line' id='line_1_33' title="bbox 700 3342 2289 3414; baseline 0.004 -22"><span class='ocrx_word' id='word_1_229' title='bbox 700 3342 980 3396; x_wconf 69' lang='lat' dir='ltr'><strong>evidenter</strong></span> <span class='ocrx_word' id='word_1_230' title='bbox 1044 3343 1379 3397; x_wconf 86' lang='lat' dir='ltr'><strong>concludere</strong></span> <span class='ocrx_word' id='word_1_231' title='bbox 1450 3342 1839 3414; x_wconf 78' lang='lat' dir='ltr'><strong>Theophanem</strong></span> <span class='ocrx_word' id='word_1_232' title='bbox 1901 3359 2047 3399; x_wconf 92' lang='lat' dir='ltr'><strong>nono</strong></span> <span class='ocrx_word' id='word_1_233' title='bbox 2118 3360 2289 3413; x_wconf 89' lang='lat' dir='ltr'><strong>coque</strong></span> 
     </span>
    </p>
   </div>
   <div class='ocr_carea' id='block_1_34' title="bbox 699 3432 2285 3507">
    <p class='ocr_par' dir='ltr' id='par_1_34' title="bbox 699 3432 2285 3507">
     <span class='ocr_line' id='line_1_34' title="bbox 699 3432 2285 3507; baseline 0.002 -20"><span class='ocrx_word' id='word_1_234' title='bbox 699 3432 937 3489; x_wconf 84' lang='lat' dir='ltr'><strong>obscuro</strong></span> <span class='ocrx_word' id='word_1_235' title='bbox 972 3434 1171 3488; x_wconf 83' lang='lat' dir='ltr'><strong>vixiSSe</strong></span> <span class='ocrx_word' id='word_1_236' title='bbox 1196 3436 1394 3490; x_wconf 78' lang='lat' dir='ltr'><strong>s:ecnlo</strong></span> <span class='ocrx_word' id='word_1_237' title='bbox 1429 3438 1528 3490; x_wconf 89' lang='lat' dir='ltr'><strong>sub</strong></span> <span class='ocrx_word' id='word_1_238' title='bbox 1566 3437 1765 3491; x_wconf 75' lang='lat' dir='ltr'><strong>Basilio</strong></span> <span class='ocrx_word' id='word_1_239' title='bbox 1789 3449 1839 3491; x_wconf 91' lang='lat' dir='ltr'><strong>et</strong></span> <span class='ocrx_word' id='word_1_240' title='bbox 1870 3437 2047 3492; x_wconf 87' lang='lat' dir='ltr'><strong>Leone</strong></span> <span class='ocrx_word' id='word_1_241' title='bbox 2080 3438 2245 3507; x_wconf 88' lang='lat' dir='ltr'><strong>iinpp.</strong></span> <span class='ocrx_word' id='word_1_242' title='bbox 2274 3455 2285 3501; x_wconf 88' lang='lat'><strong>;</strong></span> 
     </span>
    </p>
   </div>
   <div class='ocr_carea' id='block_1_35' title="bbox 700 3526 2291 3601">
    <p class='ocr_par' dir='ltr' id='par_1_35' title="bbox 700 3526 2291 3601">
     <span class='ocr_line' id='line_1_35' title="bbox 700 3526 2291 3601; baseline 0.001 -21"><span class='ocrx_word' id='word_1_243' title='bbox 700 3528 997 3580; x_wconf 87' lang='lat' dir='ltr'><strong>secundum</strong></span> <span class='ocrx_word' id='word_1_244' title='bbox 1055 3536 1139 3580; x_wconf 90' lang='lat' dir='ltr'><strong>est</strong></span> <span class='ocrx_word' id='word_1_245' title='bbox 1190 3526 1305 3595; x_wconf 86' lang='lat' dir='ltr'><strong>ipsa</strong></span> <span class='ocrx_word' id='word_1_246' title='bbox 1349 3528 1747 3601; x_wconf 68' lang='lat' dir='ltr'><strong>aftbleia&#39;COpi</strong></span> <span class='ocrx_word' id='word_1_247' title='bbox 1814 3530 2161 3585; x_wconf 81' lang='lat' dir='ltr'><strong>Tauromenii</strong></span> <span class='ocrx_word' id='word_1_248' title='bbox 2208 3531 2291 3583; x_wconf 82' lang='lat' dir='ltr'><strong>di-</strong></span> 
     </span>
    </p>
   </div>
   <div class='ocr_carea' id='block_1_36' title="bbox 698 3616 2289 3685">
    <p class='ocr_par' dir='ltr' id='par_1_36' title="bbox 698 3616 2289 3685">
     <span class='ocr_line' id='line_1_36' title="bbox 698 3616 2289 3685; baseline 0.004 -19"><span class='ocrx_word' id='word_1_249' title='bbox 698 3616 898 3685; x_wconf 71' lang='lat' dir='ltr'><strong>gnilas,</strong></span> <span class='ocrx_word' id='word_1_250' title='bbox 952 3631 1057 3685; x_wconf 89' lang='lat' dir='ltr'><strong>qua</strong></span> <span class='ocrx_word' id='word_1_251' title='bbox 1098 3629 1215 3669; x_wconf 83' lang='lat' dir='ltr'><strong>erat</strong></span> <span class='ocrx_word' id='word_1_252' title='bbox 1266 3629 1495 3673; x_wconf 88' lang='lat' dir='ltr'><strong>ornatus</strong></span> <span class='ocrx_word' id='word_1_253' title='bbox 1548 3632 1741 3674; x_wconf 89' lang='lat' dir='ltr'><strong>auctor</strong></span> <span class='ocrx_word' id='word_1_254' title='bbox 1799 3621 1905 3685; x_wconf 93' lang='lat' dir='ltr'><strong>hic,</strong></span> <span class='ocrx_word' id='word_1_255' title='bbox 1979 3637 2031 3675; x_wconf 85' lang='lat' dir='ltr'><strong>et</strong></span> <span class='ocrx_word' id='word_1_256' title='bbox 2096 3632 2289 3674; x_wconf 78' lang='lat' dir='ltr'><strong>auctor</strong></span> 
     </span>
    </p>
   </div>
   <div class='ocr_carea' id='block_1_37' title="bbox 700 3714 2287 3783">
    <p class='ocr_par' dir='ltr' id='par_1_37' title="bbox 700 3714 2287 3783">
     <span class='ocr_line' id='line_1_37' title="bbox 700 3714 2287 3783; baseline 0.003 -22"><span class='ocrx_word' id='word_1_257' title='bbox 700 3725 1040 3764; x_wconf 83' lang='lat' dir='ltr'><strong>sermonum.</strong></span> <span class='ocrx_word' id='word_1_258' title='bbox 1094 3725 1199 3777; x_wconf 92' lang='lat' dir='ltr'><strong>quo</strong></span> <span class='ocrx_word' id='word_1_259' title='bbox 1234 3720 1476 3780; x_wconf 89' lang='lat' dir='ltr'><strong>tempore</strong></span> <span class='ocrx_word' id='word_1_260' title='bbox 1524 3726 1619 3766; x_wconf 92' lang='lat' dir='ltr'><strong>eos</strong></span> <span class='ocrx_word' id='word_1_261' title='bbox 1667 3715 1729 3766; x_wconf 92' lang='lat' dir='ltr'><strong>ad</strong></span> <span class='ocrx_word' id='word_1_262' title='bbox 1770 3714 2023 3781; x_wconf 85' lang='lat' dir='ltr'><strong>populum</strong></span> <span class='ocrx_word' id='word_1_263' title='bbox 2049 3725 2099 3768; x_wconf 85' lang='lat' dir='ltr'><strong>et</strong></span> <span class='ocrx_word' id='word_1_264' title='bbox 2134 3714 2287 3783; x_wconf 88' lang='lat' dir='ltr'><strong>prin-</strong></span> 
     </span>
    </p>
   </div>
   <div class='ocr_carea' id='block_1_38' title="bbox 699 3802 2289 3876">
    <p class='ocr_par' dir='ltr' id='par_1_38' title="bbox 699 3802 2289 3876">
     <span class='ocr_line' id='line_1_38' title="bbox 699 3802 2289 3876; baseline 0.006 -24"><span class='ocrx_word' id='word_1_265' title='bbox 699 3804 873 3871; x_wconf 69' lang='lat' dir='ltr'><strong>cipem</strong></span> <span class='ocrx_word' id='word_1_266' title='bbox 924 3802 1180 3856; x_wconf 82' lang='lat' dir='ltr'><strong>habebat.</strong></span> <span class='ocrx_word' id='word_1_267' title='bbox 1244 3802 1344 3857; x_wconf 90' lang='lat' dir='ltr'><strong>Ubi</strong></span> <span class='ocrx_word' id='word_1_268' title='bbox 1391 3819 1518 3859; x_wconf 89' lang='lat' dir='ltr'><strong>vero</strong></span> <span class='ocrx_word' id='word_1_269' title='bbox 1576 3804 1789 3875; x_wconf 77' lang='lat' dir='ltr'><strong>Roget-ii</strong></span> <span class='ocrx_word' id='word_1_270' title='bbox 1841 3808 1982 3876; x_wconf 75' lang='lat' dir='ltr'><strong>regis</strong></span> <span class='ocrx_word' id='word_1_271' title='bbox 2046 3818 2289 3876; x_wconf 88' lang='lat' dir='ltr'><strong>tempore</strong></span> 
     </span>
    </p>
   </div>
   <div class='ocr_carea' id='block_1_39' title="bbox 701 3894 2284 3965">
    <p class='ocr_par' dir='ltr' id='par_1_39' title="bbox 701 3894 2284 3965">
     <span class='ocr_line' id='line_1_39' title="bbox 701 3894 2284 3965; baseline 0.004 -18"><span class='ocrx_word' id='word_1_272' title='bbox 701 3894 1228 3948; x_wconf 73' lang='lat' dir='ltr'><strong>&#39;i&#39;auromcnitanum</strong></span> <span class='ocrx_word' id='word_1_273' title='bbox 1288 3894 1607 3965; x_wconf 86' lang='lat' dir='ltr'><strong>episcopum</strong></span> <span class='ocrx_word' id='word_1_274' title='bbox 1666 3897 1934 3963; x_wconf 82' lang='lat' dir='ltr'><strong>ﬂoruisse,</strong></span> <span class='ocrx_word' id='word_1_275' title='bbox 1978 3900 2059 3954; x_wconf 88' lang='lat' dir='ltr'><strong>vel</strong></span> <span class='ocrx_word' id='word_1_276' title='bbox 2122 3903 2284 3954; x_wconf 80' lang='lat' dir='ltr'><strong>etiam</strong></span> 
     </span>
    </p>
   </div>
   <div class='ocr_carea' id='block_1_40' title="bbox 698 3987 2292 4057">
    <p class='ocr_par' dir='ltr' id='par_1_40' title="bbox 698 3987 2292 4057">
     <span class='ocr_line' id='line_1_40' title="bbox 698 3987 2292 4057; baseline 0.004 -18"><span class='ocrx_word' id='word_1_277' title='bbox 698 3987 870 4041; x_wconf 75' lang='lat' dir='ltr'><strong>fuisse</strong></span> <span class='ocrx_word' id='word_1_278' title='bbox 923 4004 974 4040; x_wconf 85' lang='lat' dir='ltr'><strong>tn</strong></span> <span class='ocrx_word' id='word_1_279' title='bbox 1031 3988 1215 4041; x_wconf 84' lang='lat' dir='ltr'><strong>Sicilia</strong></span> <span class='ocrx_word' id='word_1_280' title='bbox 1252 3990 1373 4057; x_wconf 86' lang='lat' dir='ltr'><strong>quis</strong></span> <span class='ocrx_word' id='word_1_281' title='bbox 1413 3991 1631 4053; x_wconf 63' lang='lat' dir='ltr'><strong>dixerit,</strong></span> <span class='ocrx_word' id='word_1_282' title='bbox 1665 3992 1745 4046; x_wconf 91' lang='lat' dir='ltr'><strong>vel</strong></span> <span class='ocrx_word' id='word_1_283' title='bbox 1786 3994 2004 4053; x_wconf 88' lang='lat' dir='ltr'><strong>lectum,</strong></span> <span class='ocrx_word' id='word_1_284' title='bbox 2041 3994 2123 4045; x_wconf 83' lang='lat' dir='ltr'><strong>vel</strong></span> <span class='ocrx_word' id='word_1_285' title='bbox 2180 4003 2292 4046; x_wconf 83' lang='lat' dir='ltr'><strong>tra-</strong></span> 
     </span>
    </p>
   </div>
   <div class='ocr_carea' id='block_1_41' title="bbox 699 4080 2285 4154">
    <p class='ocr_par' dir='ltr' id='par_1_41' title="bbox 699 4080 2285 4154">
     <span class='ocr_line' id='line_1_41' title="bbox 699 4080 2285 4154; baseline 0.004 -22"><span class='ocrx_word' id='word_1_286' title='bbox 699 4080 894 4143; x_wconf 87' lang='lat' dir='ltr'><strong>ditum,</strong></span> <span class='ocrx_word' id='word_1_287' title='bbox 946 4081 1106 4135; x_wconf 91' lang='lat' dir='ltr'><strong>modo</strong></span> <span class='ocrx_word' id='word_1_288' title='bbox 1150 4082 1499 4135; x_wconf 88' lang='lat' dir='ltr'><strong>historiarum</strong></span> <span class='ocrx_word' id='word_1_289' title='bbox 1550 4084 1801 4150; x_wconf 76' lang='lat' dir='ltr'><strong>lectione,</strong></span> <span class='ocrx_word' id='word_1_290' title='bbox 1871 4101 1933 4139; x_wconf 92' lang='lat' dir='ltr'><strong>ac</strong></span> <span class='ocrx_word' id='word_1_291' title='bbox 1982 4087 2285 4154; x_wconf 74' lang='lat' dir='ltr'><strong>praesertim</strong></span> 
     </span>
    </p>
   </div>
   <div class='ocr_carea' id='block_1_42' title="bbox 699 4172 2285 4243">
    <p class='ocr_par' dir='ltr' id='par_1_42' title="bbox 699 4172 2285 4243">
     <span class='ocr_line' id='line_1_42' title="bbox 699 4172 2285 4243; baseline 0.004 -18"><span class='ocrx_word' id='word_1_292' title='bbox 699 4172 1069 4227; x_wconf 80' lang='lat' dir='ltr'><strong>Siciliensinm</strong></span> <span class='ocrx_word' id='word_1_293' title='bbox 1129 4188 1310 4227; x_wconf 89' lang='lat' dir='ltr'><strong>rerum</strong></span> <span class='ocrx_word' id='word_1_294' title='bbox 1385 4176 1660 4243; x_wconf 89' lang='lat' dir='ltr'><strong>paululum</strong></span> <span class='ocrx_word' id='word_1_295' title='bbox 1706 4177 1777 4229; x_wconf 86' lang='lat' dir='ltr'><strong>sit</strong></span> <span class='ocrx_word' id='word_1_296' title='bbox 1835 4178 2116 4232; x_wconf 82' lang='lat' dir='ltr'><strong>imbutus?</strong></span> <span class='ocrx_word' id='word_1_297' title='bbox 2168 4179 2285 4235; x_wconf 65' lang='lat' dir='ltr'><strong>lina</strong></span> 
     </span>
    </p>
   </div>
   <div class='ocr_carea' id='block_1_43' title="bbox 696 4265 2284 4335">
    <p class='ocr_par' dir='ltr' id='par_1_43' title="bbox 696 4265 2284 4335">
     <span class='ocr_line' id='line_1_43' title="bbox 696 4265 2284 4335; baseline 0.004 -17"><span class='ocrx_word' id='word_1_298' title='bbox 696 4266 766 4318; x_wconf 88' lang='lat' dir='ltr'><strong>sit</strong></span> <span class='ocrx_word' id='word_1_299' title='bbox 818 4266 951 4317; x_wconf 91' lang='lat' dir='ltr'><strong>satis</strong></span> <span class='ocrx_word' id='word_1_300' title='bbox 1010 4265 1075 4318; x_wconf 91' lang='lat' dir='ltr'><strong>ad</strong></span> <span class='ocrx_word' id='word_1_301' title='bbox 1128 4282 1250 4318; x_wconf 88' lang='lat' dir='ltr'><strong>cum</strong></span> <span class='ocrx_word' id='word_1_302' title='bbox 1315 4269 1622 4335; x_wconf 81' lang='lat' dir='ltr'><strong>negandum</strong></span> <span class='ocrx_word' id='word_1_303' title='bbox 1678 4273 1981 4325; x_wconf 89' lang='lat' dir='ltr'><strong>auctoritas</strong></span> <span class='ocrx_word' id='word_1_304' title='bbox 2039 4273 2284 4326; x_wconf 64' lang='lat' dir='ltr'><strong>(Eanfridi</strong></span> 
     </span>
    </p>
   </div>
   <div class='ocr_carea' id='block_1_44' title="bbox 698 4358 2283 4433">
    <p class='ocr_par' dir='ltr' id='par_1_44' title="bbox 698 4358 2283 4433">
     <span class='ocr_line' id='line_1_44' title="bbox 698 4358 2283 4433; baseline 0.008 -26"><span class='ocrx_word' id='word_1_305' title='bbox 698 4358 1000 4410; x_wconf 56' lang='lat' dir='ltr'><strong>Biaiateriaz</strong></span> <span class='ocrx_word' id='word_1_306' title='bbox 1050 4360 1324 4425; x_wconf 72' lang='lat' dir='ltr'><strong>monachi,</strong></span> <span class='ocrx_word' id='word_1_307' title='bbox 1381 4362 1581 4414; x_wconf 84' lang='lat' dir='ltr'><strong>oculati</strong></span> <span class='ocrx_word' id='word_1_308' title='bbox 1628 4364 1780 4415; x_wconf 84' lang='lat' dir='ltr'><strong>testis</strong></span> <span class='ocrx_word' id='word_1_309' title='bbox 1830 4379 2017 4417; x_wconf 86' lang='lat' dir='ltr'><strong>eorum</strong></span> <span class='ocrx_word' id='word_1_310' title='bbox 2075 4381 2192 4433; x_wconf 77' lang='lat' dir='ltr'><strong>qua:</strong></span> <span class='ocrx_word' id='word_1_311' title='bbox 2230 4367 2283 4419; x_wconf 88' lang='lat' dir='ltr'><strong>in</strong></span> 
     </span>
    </p>
   </div>
   <div class='ocr_carea' id='block_1_45' title="bbox 696 4446 2284 4525">
    <p class='ocr_par' dir='ltr' id='par_1_45' title="bbox 696 4446 2284 4525">
     <span class='ocr_line' id='line_1_45' title="bbox 696 4446 2284 4525; baseline 0.007 -25"><span class='ocrx_word' id='word_1_312' title='bbox 696 4450 882 4502; x_wconf 60' lang='lat' dir='ltr'><strong>Sicilia</strong></span> <span class='ocrx_word' id='word_1_313' title='bbox 948 4468 972 4499; x_wconf 70' lang='grc' dir='ltr'><strong>ει</strong></span> <span class='ocrx_word' id='word_1_314' title='bbox 1003 4446 1396 4505; x_wconf 69' lang='grc' dir='ltr'><strong>Νυιίιιιιιτιιιιιίε</strong></span> <span class='ocrx_word' id='word_1_315' title='bbox 1453 4461 1601 4520; x_wconf 82' lang='lat' dir='ltr'><strong>gesta</strong></span> <span class='ocrx_word' id='word_1_316' title='bbox 1641 4464 1789 4518; x_wconf 91' lang='lat' dir='ltr'><strong>sunt,</strong></span> <span class='ocrx_word' id='word_1_317' title='bbox 1830 4457 2031 4525; x_wconf 86' lang='lat' dir='ltr'><strong>quique</strong></span> <span class='ocrx_word' id='word_1_318' title='bbox 2066 4457 2284 4511; x_wconf 74' lang='lat' dir='ltr'><strong>Malliil-</strong></span> 
     </span>
    </p>
   </div>
   <div class='ocr_carea' id='block_1_46' title="bbox 695 4541 2287 4611">
    <p class='ocr_par' dir='ltr' id='par_1_46' title="bbox 695 4541 2287 4611">
     <span class='ocr_line' id='line_1_46' title="bbox 695 4541 2287 4611; baseline 0.008 -20"><span class='ocrx_word' id='word_1_319' title='bbox 695 4544 798 4606; x_wconf 64' lang='lat' dir='ltr'><strong>«iis,</strong></span> <span class='ocrx_word' id='word_1_320' title='bbox 854 4541 1072 4611; x_wconf 74' lang='lat' dir='ltr'><strong>Rogerii</strong></span> <span class='ocrx_word' id='word_1_321' title='bbox 1132 4548 1358 4606; x_wconf 83' lang='lat' dir='ltr'><strong>sororis,</strong></span> <span class='ocrx_word' id='word_1_322' title='bbox 1394 4544 1546 4610; x_wconf 82' lang='lat' dir='ltr'><strong>jussu</strong></span> <span class='ocrx_word' id='word_1_323' title='bbox 1583 4563 1766 4601; x_wconf 86' lang='lat' dir='ltr'><strong>earum</strong></span> <span class='ocrx_word' id='word_1_324' title='bbox 1829 4550 2068 4604; x_wconf 76' lang='lat' dir='ltr'><strong>coniecit</strong></span> <span class='ocrx_word' id='word_1_325' title='bbox 2118 4553 2287 4604; x_wconf 87' lang='lat' dir='ltr'><strong>histo-</strong></span> 
     </span>
    </p>
   </div>
   <div class='ocr_carea' id='block_1_47' title="bbox 694 4638 2279 4711">
    <p class='ocr_par' dir='ltr' id='par_1_47' title="bbox 694 4638 2279 4711">
     <span class='ocr_line' id='line_1_47' title="bbox 694 4638 2279 4711; baseline 0.008 -26"><span class='ocrx_word' id='word_1_326' title='bbox 694 4638 855 4701; x_wconf 71' lang='lat' dir='ltr'><strong>riam,</strong></span> <span class='ocrx_word' id='word_1_327' title='bbox 916 4649 1035 4703; x_wconf 69' lang='lat' dir='ltr'><strong>qua:</strong></span> <span class='ocrx_word' id='word_1_328' title='bbox 1083 4646 1280 4691; x_wconf 75' lang='lat' dir='ltr'><strong>exstat.</strong></span> <span class='ocrx_word' id='word_1_329' title='bbox 1342 4640 1459 4689; x_wconf 86' lang='lat' dir='ltr'><strong>rudi</strong></span> <span class='ocrx_word' id='word_1_330' title='bbox 1517 4640 1855 4710; x_wconf 79' lang='lat' dir='ltr'><strong>iarbaruque</strong></span> <span class='ocrx_word' id='word_1_331' title='bbox 1896 4645 2039 4711; x_wconf 78' lang='lat' dir='ltr'><strong>stylo</strong></span> <span class='ocrx_word' id='word_1_332' title='bbox 2089 4658 2279 4697; x_wconf 87' lang='lat' dir='ltr'><strong>eorum</strong></span> 
     </span>
    </p>
   </div>
   <div class='ocr_carea' id='block_1_48' title="bbox 693 4729 2283 4802">
    <p class='ocr_par' dir='ltr' id='par_1_48' title="bbox 693 4729 2283 4802">
     <span class='ocr_line' id='line_1_48' title="bbox 693 4729 2283 4802; baseline 0.009 -28"><span class='ocrx_word' id='word_1_333' title='bbox 693 4729 849 4794; x_wconf 78' lang='lat' dir='ltr'><strong>plane</strong></span> <span class='ocrx_word' id='word_1_334' title='bbox 918 4737 1222 4796; x_wconf 79' lang='lat' dir='ltr'><strong>temporum</strong></span> <span class='ocrx_word' id='word_1_335' title='bbox 1301 4732 1525 4799; x_wconf 77' lang='lat' dir='ltr'><strong>scripta,</strong></span> <span class='ocrx_word' id='word_1_336' title='bbox 1584 4742 1639 4785; x_wconf 92' lang='lat' dir='ltr'><strong>ct</strong></span> <span class='ocrx_word' id='word_1_337' title='bbox 1703 4735 1964 4802; x_wconf 82' lang='lat' dir='ltr'><strong>impressa</strong></span> <span class='ocrx_word' id='word_1_338' title='bbox 2027 4747 2156 4792; x_wconf 89' lang='lat' dir='ltr'><strong>tom.</strong></span> <span class='ocrx_word' id='word_1_339' title='bbox 2214 4736 2283 4791; x_wconf 88' lang='lat' dir='ltr'><strong>Ill</strong></span> 
     </span>
    </p>
   </div>
   <div class='ocr_carea' id='block_1_49' title="bbox 696 4818 2281 4893">
    <p class='ocr_par' dir='ltr' id='par_1_49' title="bbox 696 4818 2281 4893">
     <span class='ocr_line' id='line_1_49' title="bbox 696 4818 2281 4893; baseline 0.008 -23"><span class='ocrx_word' id='word_1_340' title='bbox 696 4818 968 4883; x_wconf 73' lang='lat' dir='ltr'><strong>Hispania:</strong></span> <span class='ocrx_word' id='word_1_341' title='bbox 1012 4821 1299 4877; x_wconf 82' lang='lat' dir='ltr'><strong>illustrata:</strong></span> <span class='ocrx_word' id='word_1_342' title='bbox 1335 4822 1435 4889; x_wconf 78' lang='lat' dir='ltr'><strong>(tt).</strong></span> <span class='ocrx_word' id='word_1_343' title='bbox 1474 4824 1614 4885; x_wconf 75' lang='lat' dir='ltr'><strong>Dux.</strong></span> <span class='ocrx_word' id='word_1_344' title='bbox 1655 4826 1847 4893; x_wconf 80' lang='lat' dir='ltr'><strong>inquit,</strong></span> <span class='ocrx_word' id='word_1_345' title='bbox 1876 4826 2133 4881; x_wconf 75' lang='lat' dir='ltr'><strong>Robertns</strong></span> <span class='ocrx_word' id='word_1_346' title='bbox 2193 4848 2281 4883; x_wconf 79' lang='lat' dir='ltr'><strong>co-</strong></span> 
     </span>
    </p>
   </div>
   <div class='ocr_carea' id='block_1_50' title="bbox 694 4910 2274 4981">
    <p class='ocr_par' dir='ltr' id='par_1_50' title="bbox 694 4910 2274 4981">
     <span class='ocr_line' id='line_1_50' title="bbox 694 4910 2274 4981; baseline 0.008 -19"><span class='ocrx_word' id='word_1_347' title='bbox 694 4928 899 4979; x_wconf 79' lang='lat' dir='ltr'><strong>mesque</strong></span> <span class='ocrx_word' id='word_1_348' title='bbox 960 4910 1217 4981; x_wconf 81' lang='lat' dir='ltr'><strong>Rogerius</strong></span> <span class='ocrx_word' id='word_1_349' title='bbox 1276 4916 1451 4977; x_wconf 76' lang='lat' dir='ltr'><strong>adepti</strong></span> <span class='ocrx_word' id='word_1_350' title='bbox 1503 4916 1825 4971; x_wconf 83' lang='lat' dir='ltr'><strong>Panormum</strong></span> <span class='ocrx_word' id='word_1_351' title='bbox 1847 4921 2117 4973; x_wconf 82' lang='lat' dir='ltr'><strong>ecclesiam</strong></span> <span class='ocrx_word' id='word_1_352' title='bbox 2146 4938 2274 4975; x_wconf 77' lang='lat' dir='ltr'><strong>san-</strong></span> 
     </span>
    </p>
   </div>
   <div class='ocr_carea' id='block_1_51' title="bbox 688 5001 2283 5079">
    <p class='ocr_par' dir='ltr' id='par_1_51' title="bbox 688 5001 2283 5079">
     <span class='ocr_line' id='line_1_51' title="bbox 688 5001 2283 5079; baseline 0.006 -26"><span class='ocrx_word' id='word_1_353' title='bbox 688 5004 939 5054; x_wconf 71' lang='grc' dir='ltr'><strong>τιὶδείηιω</strong></span> <span class='ocrx_word' id='word_1_354' title='bbox 991 5001 1087 5055; x_wconf 77' lang='lat' dir='ltr'><strong>Dei</strong></span> <span class='ocrx_word' id='word_1_355' title='bbox 1140 5001 1421 5058; x_wconf 74' lang='lat' dir='ltr'><strong>Ccnitricis</strong></span> <span class='ocrx_word' id='word_1_356' title='bbox 1453 5004 1663 5069; x_wconf 72' lang='lat' dir='ltr'><strong>Moriar,</strong></span> <span class='ocrx_word' id='word_1_357' title='bbox 1701 5024 1817 5077; x_wconf 78' lang='lat' dir='ltr'><strong>qua:</strong></span> <span class='ocrx_word' id='word_1_358' title='bbox 1866 5012 2159 5079; x_wconf 77' lang='lat' dir='ltr'><strong>antiquitus</strong></span> <span class='ocrx_word' id='word_1_359' title='bbox 2195 5030 2283 5065; x_wconf 85' lang='lat' dir='ltr'><strong>ar-</strong></span> 
     </span>
    </p>
   </div>
   <div class='ocr_carea' id='block_1_52' title="bbox 690 5093 2277 5167">
    <p class='ocr_par' dir='ltr' id='par_1_52' title="bbox 690 5093 2277 5167">
     <span class='ocr_line' id='line_1_52' title="bbox 690 5093 2277 5167; baseline 0.007 -23"><span class='ocrx_word' id='word_1_360' title='bbox 690 5096 1107 5161; x_wconf 67' lang='lat' dir='ltr'><strong>chiepiscopatus</strong></span> <span class='ocrx_word' id='word_1_361' title='bbox 1134 5093 1333 5161; x_wconf 79' lang='lat' dir='ltr'><strong>fuerat,</strong></span> <span class='ocrx_word' id='word_1_362' title='bbox 1386 5102 1475 5149; x_wconf 82' lang='lat' dir='ltr'><strong>sed</strong></span> <span class='ocrx_word' id='word_1_363' title='bbox 1502 5109 1624 5150; x_wconf 89' lang='lat' dir='ltr'><strong>tunc</strong></span> <span class='ocrx_word' id='word_1_364' title='bbox 1654 5100 1717 5151; x_wconf 87' lang='lat' dir='ltr'><strong>ab</strong></span> <span class='ocrx_word' id='word_1_365' title='bbox 1753 5101 1929 5167; x_wconf 82' lang='lat' dir='ltr'><strong>impiis</strong></span> <span class='ocrx_word' id='word_1_366' title='bbox 1960 5100 2277 5155; x_wconf 76' lang='lat' dir='ltr'><strong>Sarracenis</strong></span> 
     </span>
    </p>
   </div>
   <div class='ocr_carea' id='block_1_53' title="bbox 700 5188 2280 5262">
    <p class='ocr_par' dir='ltr' id='par_1_53' title="bbox 700 5188 2280 5262">
     <span class='ocr_line' id='line_1_53' title="bbox 700 5188 2280 5262; baseline 0.006 -23"><span class='ocrx_word' id='word_1_367' title='bbox 700 5188 897 5239; x_wconf 76' lang='lat' dir='ltr'><strong>riulata</strong></span> <span class='ocrx_word' id='word_1_368' title='bbox 963 5188 1212 5255; x_wconf 85' lang='lat' dir='ltr'><strong>templum</strong></span> <span class='ocrx_word' id='word_1_369' title='bbox 1263 5192 1657 5257; x_wconf 76' lang='lat' dir='ltr'><strong>superstitionis</strong></span> <span class='ocrx_word' id='word_1_370' title='bbox 1703 5209 1884 5247; x_wconf 81' lang='lat' dir='ltr'><strong>eorum</strong></span> <span class='ocrx_word' id='word_1_371' title='bbox 1944 5194 2093 5262; x_wconf 79' lang='lat' dir='ltr'><strong>facta</strong></span> <span class='ocrx_word' id='word_1_372' title='bbox 2145 5207 2280 5259; x_wconf 87' lang='lat' dir='ltr'><strong>erat,</strong></span> 
     </span>
    </p>
   </div>
   <div class='ocr_carea' id='block_1_54' title="bbox 693 5280 2285 5344">
    <p class='ocr_par' dir='ltr' id='par_1_54' title="bbox 693 5280 2285 5344">
     <span class='ocr_line' id='line_1_54' title="bbox 693 5280 2285 5344; baseline 0.008 -15"><span class='ocrx_word' id='word_1_373' title='bbox 693 5294 813 5329; x_wconf 80' lang='lat' dir='ltr'><strong>cum</strong></span> <span class='ocrx_word' id='word_1_374' title='bbox 872 5293 1065 5344; x_wconf 82' lang='lat' dir='ltr'><strong>magna</strong></span> <span class='ocrx_word' id='word_1_375' title='bbox 1098 5280 1371 5332; x_wconf 77' lang='lat' dir='ltr'><strong>devotione</strong></span> <span class='ocrx_word' id='word_1_376' title='bbox 1426 5284 1823 5336; x_wconf 80' lang='lat' dir='ltr'><strong>reconciliatam</strong></span> <span class='ocrx_word' id='word_1_377' title='bbox 1860 5287 1981 5339; x_wconf 84' lang='lat' dir='ltr'><strong>dote</strong></span> <span class='ocrx_word' id='word_1_378' title='bbox 2020 5296 2067 5340; x_wconf 87' lang='lat' dir='ltr'><strong>et</strong></span> <span class='ocrx_word' id='word_1_379' title='bbox 2120 5304 2285 5341; x_wconf 84' lang='lat' dir='ltr'><strong>orna-</strong></span> 
     </span>
    </p>
   </div>
   <div class='ocr_carea' id='block_1_55' title="bbox 695 5378 2280 5455">
    <p class='ocr_par' dir='ltr' id='par_1_55' title="bbox 695 5378 2280 5455">
     <span class='ocr_line' id='line_1_55' title="bbox 695 5378 2280 5455; baseline 0.008 -31"><span class='ocrx_word' id='word_1_380' title='bbox 695 5378 885 5428; x_wconf 70' lang='lat' dir='ltr'><strong>mentis</strong></span> <span class='ocrx_word' id='word_1_381' title='bbox 931 5378 1304 5433; x_wconf 75' lang='lat' dir='ltr'><strong>ccclesiastim</strong></span> <span class='ocrx_word' id='word_1_382' title='bbox 1343 5391 1560 5450; x_wconf 73' lang='lat' dir='ltr'><strong>augent.</strong></span> <span class='ocrx_word' id='word_1_383' title='bbox 1609 5384 2175 5455; x_wconf 47' lang='lat' dir='ltr'><strong>Archiepimopngqui</strong></span> <span class='ocrx_word' id='word_1_384' title='bbox 2217 5387 2280 5437; x_wconf 88' lang='lat' dir='ltr'><strong>nb</strong></span> 
     </span>
    </p>
   </div>
   <div class='ocr_carea' id='block_1_56' title="bbox 692 5468 2282 5547">
    <p class='ocr_par' dir='ltr' id='par_1_56' title="bbox 692 5468 2282 5547">
     <span class='ocr_line' id='line_1_56' title="bbox 692 5468 2282 5547; baseline 0.009 -30"><span class='ocrx_word' id='word_1_385' title='bbox 692 5468 866 5534; x_wconf 77' lang='lat' dir='ltr'><strong>impiis</strong></span> <span class='ocrx_word' id='word_1_386' title='bbox 934 5472 1165 5539; x_wconf 74' lang='lat' dir='ltr'><strong>dejectus</strong></span> <span class='ocrx_word' id='word_1_387' title='bbox 1199 5473 1251 5524; x_wconf 89' lang='lat' dir='ltr'><strong>in</strong></span> <span class='ocrx_word' id='word_1_388' title='bbox 1308 5490 1539 5541; x_wconf 70' lang='lat' dir='ltr'><strong>paupere</strong></span> <span class='ocrx_word' id='word_1_389' title='bbox 1589 5475 1807 5528; x_wconf 79' lang='lat' dir='ltr'><strong>ecclesia</strong></span> <span class='ocrx_word' id='word_1_390' title='bbox 1857 5478 2044 5530; x_wconf 80' lang='lat' dir='ltr'><strong>Sancti</strong></span> <span class='ocrx_word' id='word_1_391' title='bbox 2076 5478 2282 5547; x_wconf 81' lang='lat' dir='ltr'><strong>Cyriaci</strong></span> 
     </span>
    </p>
   </div>
   <div class='ocr_carea' id='block_1_57' title="bbox 697 5560 2280 5630">
    <p class='ocr_par' dir='ltr' id='par_1_57' title="bbox 697 5560 2280 5630">
     <span class='ocr_line' id='line_1_57' title="bbox 697 5560 2280 5630; baseline 0.008 -19"><span class='ocrx_word' id='word_1_392' title='bbox 697 5560 933 5613; x_wconf 63' lang='lat' dir='ltr'><strong>ouium-Ss</strong></span> <span class='ocrx_word' id='word_1_393' title='bbox 968 5564 1205 5627; x_wconf 78' lang='lat' dir='ltr'><strong>timidus,</strong></span> <span class='ocrx_word' id='word_1_394' title='bbox 1250 5567 1460 5619; x_wconf 84' lang='lat' dir='ltr'><strong>natiOne</strong></span> <span class='ocrx_word' id='word_1_395' title='bbox 1481 5564 1715 5630; x_wconf 69' lang='lat' dir='ltr'><strong>Cratcus,</strong></span> <span class='ocrx_word' id='word_1_396' title='bbox 1737 5569 1937 5621; x_wconf 76' lang='lat' dir='ltr'><strong>Cultam</strong></span> <span class='ocrx_word' id='word_1_397' title='bbox 1958 5569 2280 5623; x_wconf 76' lang='lat' dir='ltr'><strong>Christiana:</strong></span> 
     </span>
    </p>
   </div>
   <div class='ocr_carea' id='block_1_58' title="bbox 699 5654 2278 5731">
    <p class='ocr_par' dir='ltr' id='par_1_58' title="bbox 699 5654 2278 5731">
     <span class='ocr_line' id='line_1_58' title="bbox 699 5654 2278 5731; baseline 0.008 -27"><span class='ocrx_word' id='word_1_398' title='bbox 699 5654 964 5721; x_wconf 71' lang='lat' dir='ltr'><strong>reliJionis</strong></span> <span class='ocrx_word' id='word_1_399' title='bbox 1024 5674 1120 5725; x_wconf 80' lang='lat' dir='ltr'><strong>pro</strong></span> <span class='ocrx_word' id='word_1_400' title='bbox 1174 5676 1323 5726; x_wconf 76' lang='lat' dir='ltr'><strong>posse</strong></span> <span class='ocrx_word' id='word_1_401' title='bbox 1348 5664 1754 5731; x_wconf 74' lang='lat' dir='ltr'><strong>exscquebatur,</strong></span> <span class='ocrx_word' id='word_1_402' title='bbox 1787 5676 2085 5717; x_wconf 71' lang='lat' dir='ltr'><strong>revocantes</strong></span> <span class='ocrx_word' id='word_1_403' title='bbox 2126 5667 2278 5718; x_wconf 84' lang='lat' dir='ltr'><strong>resti-</strong></span> 
     </span>
    </p>
   </div>
   <div class='ocr_carea' id='block_1_59' title="bbox 3832 372 3985 439">
    <p class='ocr_par' dir='ltr' id='par_1_59' title="bbox 3832 372 3985 439">
     <span class='ocr_line' id='line_1_59' title="bbox 3832 372 3985 439; baseline -0.033 0"><span class='ocrx_word' id='word_1_404' title='bbox 3832 372 3839 379; x_wconf 74' lang='grc'><em>’</em></span> <span class='ocrx_word' id='word_1_405' title='bbox 3885 377 3985 439; x_wconf 83' lang='grc'><strong>100</strong></span> 
     </span>
    </p>
   </div>
   <div class='ocr_carea' id='block_1_60' title="bbox 2414 486 3961 557">
    <p class='ocr_par' dir='ltr' id='par_1_60' title="bbox 2414 486 3961 557">
     <span class='ocr_line' id='line_1_60' title="bbox 2414 486 3961 557; baseline 0.001 -20"><span class='ocrx_word' id='word_1_406' title='bbox 2414 497 2587 540; x_wconf 85' lang='lat' dir='ltr'><strong>luunt.</strong></span> <span class='ocrx_word' id='word_1_407' title='bbox 2626 486 2749 539; x_wconf 62' lang='lat' dir='ltr'><strong>Haec</strong></span> <span class='ocrx_word' id='word_1_408' title='bbox 2780 487 3088 539; x_wconf 73' lang='lat' dir='ltr'><strong>Malaterra.</strong></span> <span class='ocrx_word' id='word_1_409' title='bbox 3141 486 3239 551; x_wconf 87' lang='lat' dir='ltr'><strong>Qui</strong></span> <span class='ocrx_word' id='word_1_410' title='bbox 3282 502 3414 540; x_wconf 90' lang='lat' dir='ltr'><strong>sane</strong></span> <span class='ocrx_word' id='word_1_411' title='bbox 3458 503 3580 541; x_wconf 91' lang='lat' dir='ltr'><strong>cum</strong></span> <span class='ocrx_word' id='word_1_412' title='bbox 3621 498 3725 540; x_wconf 90' lang='lat' dir='ltr'><strong>tam</strong></span> <span class='ocrx_word' id='word_1_413' title='bbox 3762 488 3961 557; x_wconf 76' lang='lat' dir='ltr'><strong>diiian</strong></span> 
     </span>
    </p>
   </div>
   <div class='ocr_carea' id='block_1_61' title="bbox 2415 576 3985 645">
    <p class='ocr_par' dir='ltr' id='par_1_61' title="bbox 2415 576 3985 645">
     <span class='ocr_line' id='line_1_61' title="bbox 2415 576 3985 645; baseline 0.003 -19"><span class='ocrx_word' id='word_1_414' title='bbox 2415 586 2513 636; x_wconf 86' lang='lat' dir='ltr'><strong>ter,</strong></span> <span class='ocrx_word' id='word_1_415' title='bbox 2550 590 2737 627; x_wconf 80' lang='lat' dir='ltr'><strong>eorum</strong></span> <span class='ocrx_word' id='word_1_416' title='bbox 2767 588 3067 643; x_wconf 87' lang='lat' dir='ltr'><strong>temporum</strong></span> <span class='ocrx_word' id='word_1_417' title='bbox 3098 576 3237 629; x_wconf 86' lang='lat' dir='ltr'><strong>facta</strong></span> <span class='ocrx_word' id='word_1_418' title='bbox 3268 579 3564 635; x_wconf 86' lang='lat' dir='ltr'><strong>describat,</strong></span> <span class='ocrx_word' id='word_1_419' title='bbox 3615 579 3657 631; x_wconf 90' lang='lat' dir='ltr'><strong>si</strong></span> <span class='ocrx_word' id='word_1_420' title='bbox 3695 580 3817 645; x_wconf 83' lang='lat' dir='ltr'><strong>quis</strong></span> <span class='ocrx_word' id='word_1_421' title='bbox 3844 580 3985 631; x_wconf 88' lang='lat' dir='ltr'><strong>alius</strong></span> 
     </span>
    </p>
   </div>
   <div class='ocr_carea' id='block_1_62' title="bbox 2411 667 3983 736">
    <p class='ocr_par' dir='ltr' id='par_1_62' title="bbox 2411 667 3983 736">
     <span class='ocr_line' id='line_1_62' title="bbox 2411 667 3983 736; baseline 0.001 -18"><span class='ocrx_word' id='word_1_422' title='bbox 2411 668 2478 718; x_wconf 86' lang='lat' dir='ltr'><strong>ah</strong></span> <span class='ocrx_word' id='word_1_423' title='bbox 2527 667 2611 719; x_wconf 87' lang='lat' dir='ltr'><strong>illa</strong></span> <span class='ocrx_word' id='word_1_424' title='bbox 2666 668 2821 720; x_wconf 69' lang='lat' dir='ltr'><strong>clade</strong></span> <span class='ocrx_word' id='word_1_425' title='bbox 2855 667 3137 719; x_wconf 83' lang='lat' dir='ltr'><strong>incolumis</strong></span> <span class='ocrx_word' id='word_1_426' title='bbox 3178 670 3441 721; x_wconf 81' lang='lat' dir='ltr'><strong>evasisset</strong></span> <span class='ocrx_word' id='word_1_427' title='bbox 3465 670 3983 736; x_wconf 85' lang='lat' dir='ltr'><strong>episcopus,diccrc</strong></span> 
     </span>
    </p>
   </div>
   <div class='ocr_carea' id='block_1_63' title="bbox 2409 756 3985 822">
    <p class='ocr_par' dir='ltr' id='par_1_63' title="bbox 2409 756 3985 822">
     <span class='ocr_line' id='line_1_63' title="bbox 2409 756 3985 822; baseline -0.001 -13"><span class='ocrx_word' id='word_1_428' title='bbox 2409 768 2555 811; x_wconf 86' lang='lat' dir='ltr'><strong>certe</strong></span> <span class='ocrx_word' id='word_1_429' title='bbox 2610 773 2715 810; x_wconf 89' lang='lat' dir='ltr'><strong>non</strong></span> <span class='ocrx_word' id='word_1_430' title='bbox 2769 756 3084 819; x_wconf 87' lang='lat' dir='ltr'><strong>omisisset;</strong></span> <span class='ocrx_word' id='word_1_431' title='bbox 3135 758 3468 810; x_wconf 86' lang='lat' dir='ltr'><strong>nteininisset</strong></span> <span class='ocrx_word' id='word_1_432' title='bbox 3502 762 3667 809; x_wconf 87' lang='lat' dir='ltr'><strong>etiam</strong></span> <span class='ocrx_word' id='word_1_433' title='bbox 3705 756 3985 822; x_wconf 88' lang='lat' dir='ltr'><strong>ejusTho-</strong></span> 
     </span>
    </p>
   </div>
   <div class='ocr_carea' id='block_1_64' title="bbox 2410 848 3985 917">
    <p class='ocr_par' dir='ltr' id='par_1_64' title="bbox 2410 848 3985 917">
     <span class='ocr_line' id='line_1_64' title="bbox 2410 848 3985 917; baseline 0 -17"><span class='ocrx_word' id='word_1_434' title='bbox 2410 864 2526 903; x_wconf 85' lang='lat' dir='ltr'><strong>nias</strong></span> <span class='ocrx_word' id='word_1_435' title='bbox 2567 848 2833 912; x_wconf 81' lang='lat' dir='ltr'><strong>Fazcllus,</strong></span> <span class='ocrx_word' id='word_1_436' title='bbox 2879 850 3150 903; x_wconf 82' lang='lat' dir='ltr'><strong>studiosus</strong></span> <span class='ocrx_word' id='word_1_437' title='bbox 3202 852 3435 917; x_wconf 88' lang='lat' dir='ltr'><strong>scriptor</strong></span> <span class='ocrx_word' id='word_1_438' title='bbox 3504 865 3681 902; x_wconf 88' lang='lat' dir='ltr'><strong>rerum</strong></span> <span class='ocrx_word' id='word_1_439' title='bbox 3729 850 3985 903; x_wconf 69' lang='lat' dir='ltr'><strong>SlCiiiell-</strong></span> 
     </span>
    </p>
   </div>
   <div class='ocr_carea' id='block_1_65' title="bbox 2408 940 3989 1010">
    <p class='ocr_par' dir='ltr' id='par_1_65' title="bbox 2408 940 3989 1010">
     <span class='ocr_line' id='line_1_65' title="bbox 2408 940 3989 1010; baseline -0.001 -15"><span class='ocrx_word' id='word_1_440' title='bbox 2408 942 2591 995; x_wconf 87' lang='lat' dir='ltr'><strong>sium:</strong></span> <span class='ocrx_word' id='word_1_441' title='bbox 2651 944 2780 1010; x_wconf 89' lang='lat' dir='ltr'><strong>quin</strong></span> <span class='ocrx_word' id='word_1_442' title='bbox 2857 943 3022 995; x_wconf 89' lang='lat' dir='ltr'><strong>etiam</strong></span> <span class='ocrx_word' id='word_1_443' title='bbox 3056 941 3207 994; x_wconf 87' lang='lat' dir='ltr'><strong>Dom.</strong></span> <span class='ocrx_word' id='word_1_444' title='bbox 3272 940 3523 995; x_wconf 75' lang='lat' dir='ltr'><strong>Bocchus</strong></span> <span class='ocrx_word' id='word_1_445' title='bbox 3581 941 3788 1003; x_wconf 89' lang='lat' dir='ltr'><strong>Pirrus,</strong></span> <span class='ocrx_word' id='word_1_446' title='bbox 3828 942 3989 1007; x_wconf 83' lang='lat' dir='ltr'><strong>cujus</strong></span> 
     </span>
    </p>
   </div>
   <div class='ocr_carea' id='block_1_66' title="bbox 2409 1034 3979 1103">
    <p class='ocr_par' dir='ltr' id='par_1_66' title="bbox 2409 1034 3979 1103">
     <span class='ocr_line' id='line_1_66' title="bbox 2409 1034 3979 1103; baseline -0.003 -15"><span class='ocrx_word' id='word_1_447' title='bbox 2409 1037 2507 1088; x_wconf 92' lang='lat' dir='ltr'><strong>hoc</strong></span> <span class='ocrx_word' id='word_1_448' title='bbox 2549 1034 2720 1101; x_wconf 86' lang='lat' dir='ltr'><strong>ipsum</strong></span> <span class='ocrx_word' id='word_1_449' title='bbox 2778 1036 2877 1087; x_wconf 82' lang='lat' dir='ltr'><strong>fuit</strong></span> <span class='ocrx_word' id='word_1_450' title='bbox 2924 1034 3229 1088; x_wconf 89' lang='lat' dir='ltr'><strong>institutum</strong></span> <span class='ocrx_word' id='word_1_451' title='bbox 3278 1035 3608 1103; x_wconf 86' lang='lat' dir='ltr'><strong>perscrutari</strong></span> <span class='ocrx_word' id='word_1_452' title='bbox 3641 1035 3773 1087; x_wconf 90' lang='lat' dir='ltr'><strong>etin</strong></span> <span class='ocrx_word' id='word_1_453' title='bbox 3807 1036 3979 1085; x_wconf 71' lang='lat' dir='ltr'><strong>lucent</strong></span> 
     </span>
    </p>
   </div>
   <div class='ocr_carea' id='block_1_67' title="bbox 2406 1126 3984 1194">
    <p class='ocr_par' dir='ltr' id='par_1_67' title="bbox 2406 1126 3984 1194">
     <span class='ocr_line' id='line_1_67' title="bbox 2406 1126 3984 1194; baseline -0.002 -16"><span class='ocrx_word' id='word_1_454' title='bbox 2406 1127 2635 1194; x_wconf 86' lang='lat' dir='ltr'><strong>prodere</strong></span> <span class='ocrx_word' id='word_1_455' title='bbox 2694 1126 2942 1178; x_wconf 89' lang='lat' dir='ltr'><strong>notitiam</strong></span> <span class='ocrx_word' id='word_1_456' title='bbox 2975 1126 3349 1194; x_wconf 87' lang='lat' dir='ltr'><strong>episcoporqu</strong></span> <span class='ocrx_word' id='word_1_457' title='bbox 3379 1127 3621 1179; x_wconf 91' lang='lat' dir='ltr'><strong>omnium</strong></span> <span class='ocrx_word' id='word_1_458' title='bbox 3656 1135 3984 1191; x_wconf 77' lang='lat' dir='ltr'><strong>temporum,</strong></span> 
     </span>
    </p>
   </div>
   <div class='ocr_carea' id='block_1_68' title="bbox 2405 1208 3983 1286">
    <p class='ocr_par' dir='ltr' id='par_1_68' title="bbox 2405 1208 3983 1286">
     <span class='ocr_line' id='line_1_68' title="bbox 2405 1208 3983 1286; baseline -0.002 -15"><span class='ocrx_word' id='word_1_459' title='bbox 2405 1219 2695 1285; x_wconf 88' lang='lat' dir='ltr'><strong>omnisque</strong></span> <span class='ocrx_word' id='word_1_460' title='bbox 2748 1218 2968 1282; x_wconf 69' lang='lat' dir='ltr'><strong>Siciliae,</strong></span> <span class='ocrx_word' id='word_1_461' title='bbox 3030 1220 3075 1271; x_wconf 92' lang='lat' dir='ltr'><strong>si</strong></span> <span class='ocrx_word' id='word_1_462' title='bbox 3140 1208 3358 1286; x_wconf 82' lang='lat' dir='ltr'><strong>aliquod</strong></span> <span class='ocrx_word' id='word_1_463' title='bbox 3411 1220 3477 1271; x_wconf 90' lang='lat' dir='ltr'><strong>de</strong></span> <span class='ocrx_word' id='word_1_464' title='bbox 3518 1218 3983 1272; x_wconf 84' lang='lat' dir='ltr'><strong>’l‘auromenitano</strong></span> 
     </span>
    </p>
   </div>
   <div class='ocr_carea' id='block_1_69' title="bbox 2405 1312 3984 1382">
    <p class='ocr_par' dir='ltr' id='par_1_69' title="bbox 2405 1312 3984 1382">
     <span class='ocr_line' id='line_1_69' title="bbox 2405 1312 3984 1382; baseline -0.003 -16"><span class='ocrx_word' id='word_1_465' title='bbox 2405 1312 2659 1380; x_wconf 83' lang='lat' dir='ltr'><strong>episcopo</strong></span> <span class='ocrx_word' id='word_1_466' title='bbox 2694 1312 2758 1364; x_wconf 91' lang='lat' dir='ltr'><strong>ad</strong></span> <span class='ocrx_word' id='word_1_467' title='bbox 2818 1313 3035 1381; x_wconf 82' lang='lat' dir='ltr'><strong>Rogerii</strong></span> <span class='ocrx_word' id='word_1_468' title='bbox 3084 1316 3223 1382; x_wconf 80' lang='lat' dir='ltr'><strong>regis</strong></span> <span class='ocrx_word' id='word_1_469' title='bbox 3276 1324 3518 1381; x_wconf 88' lang='lat' dir='ltr'><strong>tempora</strong></span> <span class='ocrx_word' id='word_1_470' title='bbox 3556 1314 3849 1380; x_wconf 81' lang='lat' dir='ltr'><strong>superstite</strong></span> <span class='ocrx_word' id='word_1_471' title='bbox 3878 1314 3984 1365; x_wconf 87' lang='lat' dir='ltr'><strong>ali-</strong></span> 
     </span>
    </p>
   </div>
   <div class='ocr_carea' id='block_1_70' title="bbox 2404 1404 3981 1473">
    <p class='ocr_par' dir='ltr' id='par_1_70' title="bbox 2404 1404 3981 1473">
     <span class='ocr_line' id='line_1_70' title="bbox 2404 1404 3981 1473; baseline -0.001 -16"><span class='ocrx_word' id='word_1_472' title='bbox 2404 1405 2530 1457; x_wconf 91' lang='lat' dir='ltr'><strong>cubi</strong></span> <span class='ocrx_word' id='word_1_473' title='bbox 2589 1404 2848 1473; x_wconf 89' lang='lat' dir='ltr'><strong>scriptum</strong></span> <span class='ocrx_word' id='word_1_474' title='bbox 2902 1418 3023 1457; x_wconf 87' lang='lat' dir='ltr'><strong>esse</strong></span> <span class='ocrx_word' id='word_1_475' title='bbox 3088 1405 3399 1473; x_wconf 87' lang='lat' dir='ltr'><strong>reperisset,</strong></span> <span class='ocrx_word' id='word_1_476' title='bbox 3437 1405 3766 1473; x_wconf 78' lang='lat' dir='ltr'><strong>evulgasset.</strong></span> <span class='ocrx_word' id='word_1_477' title='bbox 3809 1404 3981 1470; x_wconf 88' lang='lat' dir='ltr'><strong>Cujus</strong></span> 
     </span>
    </p>
   </div>
   <div class='ocr_carea' id='block_1_71' title="bbox 2404 1498 3981 1567">
    <p class='ocr_par' dir='ltr' id='par_1_71' title="bbox 2404 1498 3981 1567">
     <span class='ocr_line' id='line_1_71' title="bbox 2404 1498 3981 1567; baseline -0.004 -16"><span class='ocrx_word' id='word_1_478' title='bbox 2404 1515 2503 1567; x_wconf 80' lang='lat' dir='ltr'><strong>ego</strong></span> <span class='ocrx_word' id='word_1_479' title='bbox 2568 1513 2687 1551; x_wconf 89' lang='lat' dir='ltr'><strong>cum</strong></span> <span class='ocrx_word' id='word_1_480' title='bbox 2724 1498 3047 1552; x_wconf 87' lang='lat' dir='ltr'><strong>sententiam</strong></span> <span class='ocrx_word' id='word_1_481' title='bbox 3087 1498 3151 1551; x_wconf 90' lang='lat' dir='ltr'><strong>de</strong></span> <span class='ocrx_word' id='word_1_482' title='bbox 3201 1500 3299 1550; x_wconf 87' lang='lat' dir='ltr'><strong>hac</strong></span> <span class='ocrx_word' id='word_1_483' title='bbox 3336 1514 3411 1559; x_wconf 89' lang='lat' dir='ltr'><strong>re,</strong></span> <span class='ocrx_word' id='word_1_484' title='bbox 3447 1508 3641 1565; x_wconf 72' lang='lat' dir='ltr'><strong>prmter</strong></span> <span class='ocrx_word' id='word_1_485' title='bbox 3672 1512 3789 1550; x_wconf 91' lang='lat' dir='ltr'><strong>eam</strong></span> <span class='ocrx_word' id='word_1_486' title='bbox 3818 1512 3981 1561; x_wconf 88' lang='lat' dir='ltr'><strong>quam</strong></span> 
     </span>
    </p>
   </div>
   <div class='ocr_carea' id='block_1_72' title="bbox 2403 1588 3982 1659">
    <p class='ocr_par' dir='ltr' id='par_1_72' title="bbox 2403 1588 3982 1659">
     <span class='ocr_line' id='line_1_72' title="bbox 2403 1588 3982 1659; baseline -0.004 -16"><span class='ocrx_word' id='word_1_487' title='bbox 2403 1591 2467 1643; x_wconf 89' lang='lat' dir='ltr'><strong>de</strong></span> <span class='ocrx_word' id='word_1_488' title='bbox 2516 1590 2719 1657; x_wconf 87' lang='lat' dir='ltr'><strong>scripto</strong></span> <span class='ocrx_word' id='word_1_489' title='bbox 2784 1588 3100 1658; x_wconf 81' lang='lat' dir='ltr'><strong>promlerat,</strong></span> <span class='ocrx_word' id='word_1_490' title='bbox 3148 1589 3267 1641; x_wconf 82' lang='lat' dir='ltr'><strong>viva</strong></span> <span class='ocrx_word' id='word_1_491' title='bbox 3321 1604 3450 1641; x_wconf 88' lang='lat' dir='ltr'><strong>voce</strong></span> <span class='ocrx_word' id='word_1_492' title='bbox 3506 1604 3982 1659; x_wconf 79' lang='lat' dir='ltr'><strong>rogassent,soui-</strong></span> 
     </span>
    </p>
   </div>
   <div class='ocr_carea' id='block_1_73' title="bbox 2405 1678 3986 1746">
    <p class='ocr_par' dir='ltr' id='par_1_73' title="bbox 2405 1678 3986 1746">
     <span class='ocr_line' id='line_1_73' title="bbox 2405 1678 3986 1746; baseline -0.003 -14"><span class='ocrx_word' id='word_1_493' title='bbox 2405 1681 2555 1732; x_wconf 86' lang='lat' dir='ltr'><strong>niare</strong></span> <span class='ocrx_word' id='word_1_494' title='bbox 2625 1692 2745 1731; x_wconf 77' lang='lat' dir='ltr'><strong>esse</strong></span> <span class='ocrx_word' id='word_1_495' title='bbox 2803 1679 3101 1745; x_wconf 87' lang='lat' dir='ltr'><strong>respondit,</strong></span> <span class='ocrx_word' id='word_1_496' title='bbox 3178 1680 3278 1731; x_wconf 88' lang='lat' dir='ltr'><strong>hoc</strong></span> <span class='ocrx_word' id='word_1_497' title='bbox 3346 1678 3580 1746; x_wconf 82' lang='lat' dir='ltr'><strong>upiuari.</strong></span> <span class='ocrx_word' id='word_1_498' title='bbox 3654 1680 3721 1729; x_wconf 81' lang='lat' dir='ltr'><strong>At</strong></span> <span class='ocrx_word' id='word_1_499' title='bbox 3780 1678 3986 1729; x_wconf 74' lang='lat' dir='ltr'><strong>dixmit</strong></span> 
     </span>
    </p>
   </div>
   <div class='ocr_carea' id='block_1_74' title="bbox 2402 1770 3982 1842">
    <p class='ocr_par' dir='ltr' id='par_1_74' title="bbox 2402 1770 3982 1842">
     <span class='ocr_line' id='line_1_74' title="bbox 2402 1770 3982 1842; baseline -0.003 -17"><span class='ocrx_word' id='word_1_500' title='bbox 2402 1775 2595 1842; x_wconf 76' lang='lat' dir='ltr'><strong>aliquis</strong></span> <span class='ocrx_word' id='word_1_501' title='bbox 2622 1790 2633 1824; x_wconf 77' lang='grc' dir='ltr'>ε</span> <span class='ocrx_word' id='word_1_502' title='bbox 2660 1772 2712 1825; x_wconf 89' lang='lat' dir='ltr'><strong>Si</strong></span> <span class='ocrx_word' id='word_1_503' title='bbox 2746 1781 3023 1842; x_wconf 80' lang='lat' dir='ltr'><strong>superstes</strong></span> <span class='ocrx_word' id='word_1_504' title='bbox 3053 1785 3153 1824; x_wconf 89' lang='lat' dir='ltr'><strong>non</strong></span> <span class='ocrx_word' id='word_1_505' title='bbox 3189 1770 3291 1825; x_wconf 86' lang='lat' dir='ltr'><strong>fuit</strong></span> <span class='ocrx_word' id='word_1_506' title='bbox 3320 1772 3606 1839; x_wconf 73' lang='grc' dir='ltr'><strong>υρὶδςομιιδ</strong></span> <span class='ocrx_word' id='word_1_507' title='bbox 3634 1770 3982 1822; x_wconf 85' lang='lat' dir='ltr'><strong>Tauroinenii</strong></span> 
     </span>
    </p>
   </div>
   <div class='ocr_carea' id='block_1_75' title="bbox 2401 1866 3978 1935">
    <p class='ocr_par' dir='ltr' id='par_1_75' title="bbox 2401 1866 3978 1935">
     <span class='ocr_line' id='line_1_75' title="bbox 2401 1866 3978 1935; baseline -0.003 -14"><span class='ocrx_word' id='word_1_508' title='bbox 2401 1869 2465 1921; x_wconf 86' lang='lat' dir='ltr'><strong>ad</strong></span> <span class='ocrx_word' id='word_1_509' title='bbox 2515 1878 2780 1935; x_wconf 79' lang='lat' dir='ltr'><strong>receptam</strong></span> <span class='ocrx_word' id='word_1_510' title='bbox 2844 1884 2872 1920; x_wconf 89' lang='lat' dir='ltr'><strong>a</strong></span> <span class='ocrx_word' id='word_1_511' title='bbox 2931 1869 3217 1921; x_wconf 77' lang='lat' dir='ltr'><strong>Saracenis</strong></span> <span class='ocrx_word' id='word_1_512' title='bbox 3284 1867 3552 1926; x_wconf 71' lang='lat' dir='ltr'><strong>Siciliain,</strong></span> <span class='ocrx_word' id='word_1_513' title='bbox 3611 1866 3978 1932; x_wconf 81' lang='lat' dir='ltr'><strong>redintegrari</strong></span> 
     </span>
    </p>
   </div>
   <div class='ocr_carea' id='block_1_76' title="bbox 2400 1954 3977 2025">
    <p class='ocr_par' dir='ltr' id='par_1_76' title="bbox 2400 1954 3977 2025">
     <span class='ocr_line' id='line_1_76' title="bbox 2400 1954 3977 2025; baseline -0.005 -14"><span class='ocrx_word' id='word_1_514' title='bbox 2400 1964 2549 2011; x_wconf 87' lang='lat' dir='ltr'><strong>certe</strong></span> <span class='ocrx_word' id='word_1_515' title='bbox 2589 1958 2761 2025; x_wconf 83' lang='lat' dir='ltr'><strong>potuit</strong></span> <span class='ocrx_word' id='word_1_516' title='bbox 2806 1966 2863 2010; x_wconf 84' lang='lat' dir='ltr'><strong>ut</strong></span> <span class='ocrx_word' id='word_1_517' title='bbox 2910 1958 3088 2010; x_wconf 70' lang='lat' dir='ltr'><strong>czeteri</strong></span> <span class='ocrx_word' id='word_1_518' title='bbox 3149 1957 3214 2007; x_wconf 89' lang='lat' dir='ltr'><strong>ab</strong></span> <span class='ocrx_word' id='word_1_519' title='bbox 3242 1955 3354 2024; x_wconf 88' lang='lat' dir='ltr'><strong>ipso</strong></span> <span class='ocrx_word' id='word_1_520' title='bbox 3388 1954 3619 2023; x_wconf 79' lang='lat' dir='ltr'><strong>Rogerio</strong></span> <span class='ocrx_word' id='word_1_521' title='bbox 3654 1954 3852 2005; x_wconf 82' lang='lat' dir='ltr'><strong>comite</strong></span> <span class='ocrx_word' id='word_1_522' title='bbox 3877 1964 3977 2004; x_wconf 88' lang='lat' dir='ltr'><strong>aut</strong></span> 
     </span>
    </p>
   </div>
   <div class='ocr_carea' id='block_1_77' title="bbox 2402 2047 3975 2122">
    <p class='ocr_par' dir='ltr' id='par_1_77' title="bbox 2402 2047 3975 2122">
     <span class='ocr_line' id='line_1_77' title="bbox 2402 2047 3975 2122; baseline -0.003 -16"><span class='ocrx_word' id='word_1_523' title='bbox 2402 2067 2566 2122; x_wconf 74' lang='lat' dir='ltr'><strong>rege:</strong></span> <span class='ocrx_word' id='word_1_524' title='bbox 2624 2061 2676 2106; x_wconf 91' lang='lat' dir='ltr'><strong>et</strong></span> <span class='ocrx_word' id='word_1_525' title='bbox 2737 2051 2837 2104; x_wconf 91' lang='lat' dir='ltr'><strong>hoc</strong></span> <span class='ocrx_word' id='word_1_526' title='bbox 2885 2066 3069 2118; x_wconf 63' lang='lat' dir='ltr'><strong>qamro</strong></span> <span class='ocrx_word' id='word_1_527' title='bbox 3125 2052 3265 2104; x_wconf 90' lang='lat' dir='ltr'><strong>unde</strong></span> <span class='ocrx_word' id='word_1_528' title='bbox 3327 2051 3577 2102; x_wconf 78' lang='lat' dir='ltr'><strong>habeant.</strong></span> <span class='ocrx_word' id='word_1_529' title='bbox 3643 2047 3777 2101; x_wconf 74' lang='lat' dir='ltr'><strong>Nam</strong></span> <span class='ocrx_word' id='word_1_530' title='bbox 3831 2063 3975 2117; x_wconf 88' lang='lat' dir='ltr'><strong>quas</strong></span> 
     </span>
    </p>
   </div>
   <div class='ocr_carea' id='block_1_78' title="bbox 2376 2143 3982 2213">
    <p class='ocr_par' dir='ltr' id='par_1_78' title="bbox 2376 2143 3982 2213">
     <span class='ocr_line' id='line_1_78' title="bbox 2376 2143 3982 2213; baseline -0.001 -16"><span class='ocrx_word' id='word_1_531' title='bbox 2376 2147 2774 2213; x_wconf 10' lang='lat' dir='ltr'><strong>rep&#39;scoporum</strong></span> <span class='ocrx_word' id='word_1_532' title='bbox 2831 2145 2987 2197; x_wconf 85' lang='lat' dir='ltr'><strong>sedes</strong></span> <span class='ocrx_word' id='word_1_533' title='bbox 3054 2145 3134 2196; x_wconf 86' lang='lat' dir='ltr'><strong>vel</strong></span> <span class='ocrx_word' id='word_1_534' title='bbox 3174 2144 3510 2197; x_wconf 88' lang='lat' dir='ltr'><strong>restituerint</strong></span> <span class='ocrx_word' id='word_1_535' title='bbox 3547 2143 3627 2195; x_wconf 89' lang='lat' dir='ltr'><strong>vel</strong></span> <span class='ocrx_word' id='word_1_536' title='bbox 3683 2144 3982 2195; x_wconf 86' lang='lat' dir='ltr'><strong>constitue-</strong></span> 
     </span>
    </p>
   </div>
   <div class='ocr_carea' id='block_1_79' title="bbox 2400 2234 3981 2305">
    <p class='ocr_par' dir='ltr' id='par_1_79' title="bbox 2400 2234 3981 2305">
     <span class='ocr_line' id='line_1_79' title="bbox 2400 2234 3981 2305; baseline -0.001 -17"><span class='ocrx_word' id='word_1_537' title='bbox 2400 2237 2508 2289; x_wconf 90' lang='lat' dir='ltr'><strong>rint</strong></span> <span class='ocrx_word' id='word_1_538' title='bbox 2561 2237 2828 2291; x_wconf 87' lang='lat' dir='ltr'><strong>ltobertus</strong></span> <span class='ocrx_word' id='word_1_539' title='bbox 2868 2237 2996 2298; x_wconf 80' lang='lat' dir='ltr'><strong>dux,</strong></span> <span class='ocrx_word' id='word_1_540' title='bbox 3059 2252 3119 2290; x_wconf 93' lang='lat' dir='ltr'><strong>ac</strong></span> <span class='ocrx_word' id='word_1_541' title='bbox 3188 2234 3452 2305; x_wconf 76' lang='lat' dir='ltr'><strong>lingerius</strong></span> <span class='ocrx_word' id='word_1_542' title='bbox 3514 2250 3695 2289; x_wconf 79' lang='lat' dir='ltr'><strong>comes</strong></span> <span class='ocrx_word' id='word_1_543' title='bbox 3748 2245 3802 2288; x_wconf 83' lang='lat' dir='ltr'><strong>et</strong></span> <span class='ocrx_word' id='word_1_544' title='bbox 3858 2250 3981 2300; x_wconf 80' lang='lat' dir='ltr'><strong>rex,</strong></span> 
     </span>
    </p>
   </div>
   <div class='ocr_carea' id='block_1_80' title="bbox 2399 2328 3981 2398">
    <p class='ocr_par' dir='ltr' id='par_1_80' title="bbox 2399 2328 3981 2398">
     <span class='ocr_line' id='line_1_80' title="bbox 2399 2328 3981 2398; baseline 0.001 -17"><span class='ocrx_word' id='word_1_545' title='bbox 2399 2328 2671 2395; x_wconf 86' lang='lat' dir='ltr'><strong>proditum</strong></span> <span class='ocrx_word' id='word_1_546' title='bbox 2722 2328 2950 2397; x_wconf 63' lang='lat' dir='ltr'><strong>iﬂgitlltts</strong></span> <span class='ocrx_word' id='word_1_547' title='bbox 2993 2329 3060 2382; x_wconf 91' lang='lat' dir='ltr'><strong>ab</strong></span> <span class='ocrx_word' id='word_1_548' title='bbox 3131 2329 3246 2398; x_wconf 90' lang='lat' dir='ltr'><strong>ipso</strong></span> <span class='ocrx_word' id='word_1_549' title='bbox 3307 2330 3589 2388; x_wconf 77' lang='lat' dir='ltr'><strong>Gaufrido,</strong></span> <span class='ocrx_word' id='word_1_550' title='bbox 3653 2328 3981 2393; x_wconf 78' lang='lat' dir='ltr'><strong>Maurolico,</strong></span> 
     </span>
    </p>
   </div>
   <div class='ocr_carea' id='block_1_81' title="bbox 2398 2421 3983 2493">
    <p class='ocr_par' dir='ltr' id='par_1_81' title="bbox 2398 2421 3983 2493">
     <span class='ocr_line' id='line_1_81' title="bbox 2398 2421 3983 2493; baseline 0.002 -18"><span class='ocrx_word' id='word_1_551' title='bbox 2398 2421 2629 2477; x_wconf 82' lang='lat' dir='ltr'><strong>Fazellio</strong></span> <span class='ocrx_word' id='word_1_552' title='bbox 2672 2434 2726 2477; x_wconf 81' lang='lat' dir='ltr'><strong>et</strong></span> <span class='ocrx_word' id='word_1_553' title='bbox 2759 2424 2878 2476; x_wconf 86' lang='lat' dir='ltr'><strong>aliis</strong></span> <span class='ocrx_word' id='word_1_554' title='bbox 2920 2424 3283 2493; x_wconf 86' lang='lat' dir='ltr'><strong>scriptoribus</strong></span> <span class='ocrx_word' id='word_1_555' title='bbox 3339 2442 3351 2477; x_wconf 93' lang='lat'><strong>:</strong></span> <span class='ocrx_word' id='word_1_556' title='bbox 3422 2440 3544 2477; x_wconf 88' lang='lat' dir='ltr'><strong>nam</strong></span> <span class='ocrx_word' id='word_1_557' title='bbox 3579 2424 3983 2478; x_wconf 67' lang='lat' dir='ltr'><strong>Panormitam:</strong></span> 
     </span>
    </p>
   </div>
   <div class='ocr_carea' id='block_1_82' title="bbox 2400 2515 3980 2571">
    <p class='ocr_par' dir='ltr' id='par_1_82' title="bbox 2400 2515 3980 2571">
     <span class='ocr_line' id='line_1_82' title="bbox 2400 2515 3980 2571; baseline -0.001 0"><span class='ocrx_word' id='word_1_558' title='bbox 2400 2517 2656 2571; x_wconf 72' lang='lat' dir='ltr'><strong>Eccitsia:</strong></span> <span class='ocrx_word' id='word_1_559' title='bbox 2681 2533 2706 2569; x_wconf 91' lang='lat' dir='ltr'><strong>a</strong></span> <span class='ocrx_word' id='word_1_560' title='bbox 2735 2515 3123 2570; x_wconf 74' lang='lat' dir='ltr'><strong>Northmannis</strong></span> <span class='ocrx_word' id='word_1_561' title='bbox 3163 2516 3423 2571; x_wconf 85' lang='lat' dir='ltr'><strong>fratribus</strong></span> <span class='ocrx_word' id='word_1_562' title='bbox 3445 2516 3791 2570; x_wconf 72' lang='lat' dir='ltr'><strong>Nicodemuin</strong></span> <span class='ocrx_word' id='word_1_563' title='bbox 3817 2533 3980 2570; x_wconf 87' lang='lat' dir='ltr'><strong>suum</strong></span> 
     </span>
    </p>
   </div>
   <div class='ocr_carea' id='block_1_83' title="bbox 2399 2610 3977 2680">
    <p class='ocr_par' dir='ltr' id='par_1_83' title="bbox 2399 2610 3977 2680">
     <span class='ocr_line' id='line_1_83' title="bbox 2399 2610 3977 2680; baseline 0 -17"><span class='ocrx_word' id='word_1_564' title='bbox 2399 2612 2502 2680; x_wconf 88' lang='lat' dir='ltr'><strong>(sic</strong></span> <span class='ocrx_word' id='word_1_565' title='bbox 2532 2613 2673 2665; x_wconf 88' lang='lat' dir='ltr'><strong>enim</strong></span> <span class='ocrx_word' id='word_1_566' title='bbox 2720 2610 3049 2680; x_wconf 79' lang='lat' dir='ltr'><strong>appellatum</strong></span> <span class='ocrx_word' id='word_1_567' title='bbox 3093 2611 3321 2678; x_wconf 78' lang='lat' dir='ltr'><strong>legimus</strong></span> <span class='ocrx_word' id='word_1_568' title='bbox 3349 2627 3469 2664; x_wconf 84' lang='lat' dir='ltr'><strong>eum</strong></span> <span class='ocrx_word' id='word_1_569' title='bbox 3506 2612 3977 2679; x_wconf 87' lang='lat' dir='ltr'><strong>archiepiscopum</strong></span> 
     </span>
    </p>
   </div>
   <div class='ocr_carea' id='block_1_84' title="bbox 2398 2701 3979 2772">
    <p class='ocr_par' dir='ltr' id='par_1_84' title="bbox 2398 2701 3979 2772">
     <span class='ocr_line' id='line_1_84' title="bbox 2398 2701 3979 2772; baseline 0.001 -17"><span class='ocrx_word' id='word_1_570' title='bbox 2398 2703 2466 2757; x_wconf 89' lang='lat' dir='ltr'><strong>de</strong></span> <span class='ocrx_word' id='word_1_571' title='bbox 2523 2718 2630 2772; x_wconf 91' lang='lat' dir='ltr'><strong>quo</strong></span> <span class='ocrx_word' id='word_1_572' title='bbox 2665 2717 2829 2771; x_wconf 89' lang='lat' dir='ltr'><strong>supra</strong></span> <span class='ocrx_word' id='word_1_573' title='bbox 2868 2701 3162 2757; x_wconf 83' lang='lat' dir='ltr'><strong>Gaulridus</strong></span> <span class='ocrx_word' id='word_1_574' title='bbox 3232 2717 3338 2755; x_wconf 92' lang='lat' dir='ltr'><strong>non</strong></span> <span class='ocrx_word' id='word_1_575' title='bbox 3385 2717 3645 2771; x_wconf 81' lang='lat' dir='ltr'><strong>expresso</strong></span> <span class='ocrx_word' id='word_1_576' title='bbox 3718 2704 3979 2770; x_wconf 89' lang='lat' dir='ltr'><strong>nomine)</strong></span> 
     </span>
    </p>
   </div>
   <div class='ocr_carea' id='block_1_85' title="bbox 2399 2794 3983 2865">
    <p class='ocr_par' dir='ltr' id='par_1_85' title="bbox 2399 2794 3983 2865">
     <span class='ocr_line' id='line_1_85' title="bbox 2399 2794 3983 2865; baseline 0 -16"><span class='ocrx_word' id='word_1_577' title='bbox 2399 2811 2592 2865; x_wconf 81' lang='lat' dir='ltr'><strong>magna</strong></span> <span class='ocrx_word' id='word_1_578' title='bbox 2663 2810 2785 2849; x_wconf 92' lang='lat' dir='ltr'><strong>cum</strong></span> <span class='ocrx_word' id='word_1_579' title='bbox 2842 2795 3022 2863; x_wconf 91' lang='lat' dir='ltr'><strong>populi</strong></span> <span class='ocrx_word' id='word_1_580' title='bbox 3082 2794 3444 2863; x_wconf 78' lang='lat' dir='ltr'><strong>gratulatione</strong></span> <span class='ocrx_word' id='word_1_581' title='bbox 3497 2796 3847 2849; x_wconf 82' lang='lat' dir='ltr'><strong>restitutum:</strong></span> <span class='ocrx_word' id='word_1_582' title='bbox 3909 2800 3983 2849; x_wconf 85' lang='lat' dir='ltr'><strong>ab</strong></span> 
     </span>
    </p>
   </div>
   <div class='ocr_carea' id='block_1_86' title="bbox 2398 2885 3974 2959">
    <p class='ocr_par' dir='ltr' id='par_1_86' title="bbox 2398 2885 3974 2959">
     <span class='ocr_line' id='line_1_86' title="bbox 2398 2885 3974 2959; baseline 0 -18"><span class='ocrx_word' id='word_1_583' title='bbox 2398 2888 2515 2959; x_wconf 92' lang='lat' dir='ltr'><strong>ipso</strong></span> <span class='ocrx_word' id='word_1_584' title='bbox 2547 2900 2675 2942; x_wconf 73' lang='lat' dir='ltr'><strong>vero</strong></span> <span class='ocrx_word' id='word_1_585' title='bbox 2731 2887 2961 2955; x_wconf 75' lang='lat' dir='ltr'><strong>Rogerio</strong></span> <span class='ocrx_word' id='word_1_586' title='bbox 3011 2888 3209 2940; x_wconf 87' lang='lat' dir='ltr'><strong>comite</strong></span> <span class='ocrx_word' id='word_1_587' title='bbox 3246 2885 3548 2957; x_wconf 84' lang='lat' dir='ltr'><strong>Troynensi</strong></span> <span class='ocrx_word' id='word_1_588' title='bbox 3580 2887 3834 2942; x_wconf 72' lang='lat' dir='ltr'><strong>Ecclesia:</strong></span> <span class='ocrx_word' id='word_1_589' title='bbox 3858 2886 3974 2941; x_wconf 81' lang='lat' dir='ltr'><strong>Ro-</strong></span> 
     </span>
    </p>
   </div>
   <div class='ocr_carea' id='block_1_87' title="bbox 2400 2978 3984 3048">
    <p class='ocr_par' dir='ltr' id='par_1_87' title="bbox 2400 2978 3984 3048">
     <span class='ocr_line' id='line_1_87' title="bbox 2400 2978 3984 3048; baseline -0.002 -12"><span class='ocrx_word' id='word_1_590' title='bbox 2400 2983 2613 3036; x_wconf 85' lang='lat' dir='ltr'><strong>bertum</strong></span> <span class='ocrx_word' id='word_1_591' title='bbox 2649 2979 2986 3048; x_wconf 65' lang='lat' dir='ltr'><strong>pra&#39;fectum,</strong></span> <span class='ocrx_word' id='word_1_592' title='bbox 3033 2995 3191 3047; x_wconf 88' lang='lat' dir='ltr'><strong>quem</strong></span> <span class='ocrx_word' id='word_1_593' title='bbox 3228 2989 3364 3046; x_wconf 85' lang='lat' dir='ltr'><strong>post</strong></span> <span class='ocrx_word' id='word_1_594' title='bbox 3413 2978 3697 3032; x_wconf 71' lang='lat' dir='ltr'><strong>Menanam</strong></span> <span class='ocrx_word' id='word_1_595' title='bbox 3732 2989 3984 3033; x_wconf 76' lang='lat' dir='ltr'><strong>transtu-</strong></span> 
     </span>
    </p>
   </div>
   <div class='ocr_carea' id='block_1_88' title="bbox 2399 3068 3980 3141">
    <p class='ocr_par' dir='ltr' id='par_1_88' title="bbox 2399 3068 3980 3141">
     <span class='ocr_line' id='line_1_88' title="bbox 2399 3068 3980 3141; baseline 0 -15"><span class='ocrx_word' id='word_1_596' title='bbox 2399 3072 2507 3133; x_wconf 84' lang='lat' dir='ltr'><strong>lit;</strong></span> <span class='ocrx_word' id='word_1_597' title='bbox 2570 3071 2937 3139; x_wconf 72' lang='lat' dir='ltr'><strong>Agrigentince</strong></span> <span class='ocrx_word' id='word_1_598' title='bbox 2992 3068 3316 3132; x_wconf 87' lang='lat' dir='ltr'><strong>Gerardum,</strong></span> <span class='ocrx_word' id='word_1_599' title='bbox 3367 3085 3568 3138; x_wconf 77' lang='lat' dir='ltr'><strong>genere</strong></span> <span class='ocrx_word' id='word_1_600' title='bbox 3622 3071 3980 3141; x_wconf 79' lang='lat' dir='ltr'><strong>Allobrogen,</strong></span> 
     </span>
    </p>
   </div>
   <div class='ocr_carea' id='block_1_89' title="bbox 2396 3161 3981 3233">
    <p class='ocr_par' dir='ltr' id='par_1_89' title="bbox 2396 3161 3981 3233">
     <span class='ocr_line' id='line_1_89' title="bbox 2396 3161 3981 3233; baseline 0 -15"><span class='ocrx_word' id='word_1_601' title='bbox 2396 3164 2716 3218; x_wconf 78' lang='lat' dir='ltr'><strong>Mazzirieuzi</strong></span> <span class='ocrx_word' id='word_1_602' title='bbox 2816 3163 3175 3233; x_wconf 82' lang='lat' dir='ltr'><strong>Stephanum,</strong></span> <span class='ocrx_word' id='word_1_603' title='bbox 3241 3161 3733 3233; x_wconf 79' lang='lat' dir='ltr'><strong>Rotomageusem;</strong></span> <span class='ocrx_word' id='word_1_604' title='bbox 3812 3164 3981 3219; x_wconf 83' lang='lat' dir='ltr'><strong>Cata-</strong></span> 
     </span>
    </p>
   </div>
   <div class='ocr_carea' id='block_1_90' title="bbox 2399 3255 3981 3325">
    <p class='ocr_par' dir='ltr' id='par_1_90' title="bbox 2399 3255 3981 3325">
     <span class='ocr_line' id='line_1_90' title="bbox 2399 3255 3981 3325; baseline 0.003 -15"><span class='ocrx_word' id='word_1_605' title='bbox 2399 3257 2887 3325; x_wconf 82' lang='lat' dir='ltr'><strong>nensiAngerium,</strong></span> <span class='ocrx_word' id='word_1_606' title='bbox 2927 3256 3286 3325; x_wconf 80' lang='lat' dir='ltr'><strong>Syracusana:</strong></span> <span class='ocrx_word' id='word_1_607' title='bbox 3311 3255 3669 3325; x_wconf 84' lang='lat' dir='ltr'><strong>Stephanum,</strong></span> <span class='ocrx_word' id='word_1_608' title='bbox 3707 3257 3981 3313; x_wconf 78' lang='lat' dir='ltr'><strong>Melitensi</strong></span> 
     </span>
    </p>
   </div>
   <div class='ocr_carea' id='block_1_91' title="bbox 2396 3350 3984 3419">
    <p class='ocr_par' dir='ltr' id='par_1_91' title="bbox 2396 3350 3984 3419">
     <span class='ocr_line' id='line_1_91' title="bbox 2396 3350 3984 3419; baseline -0.001 -14"><span class='ocrx_word' id='word_1_609' title='bbox 2396 3351 2737 3405; x_wconf 64' lang='lat' dir='ltr'><strong>(Eanfridum.</strong></span> <span class='ocrx_word' id='word_1_610' title='bbox 2804 3350 3059 3418; x_wconf 76' lang='lat' dir='ltr'><strong>Reliquos</strong></span> <span class='ocrx_word' id='word_1_611' title='bbox 3115 3352 3337 3403; x_wconf 91' lang='lat' dir='ltr'><strong>thronos</strong></span> <span class='ocrx_word' id='word_1_612' title='bbox 3377 3366 3405 3403; x_wconf 85' lang='lat' dir='ltr'><strong>a</strong></span> <span class='ocrx_word' id='word_1_613' title='bbox 3465 3352 3813 3419; x_wconf 85' lang='lat' dir='ltr'><strong>sequentibus</strong></span> <span class='ocrx_word' id='word_1_614' title='bbox 3888 3366 3984 3404; x_wconf 82' lang='lat' dir='ltr'><strong>rc-</strong></span> 
     </span>
    </p>
   </div>
   <div class='ocr_carea' id='block_1_92' title="bbox 2397 3445 3985 3515">
    <p class='ocr_par' dir='ltr' id='par_1_92' title="bbox 2397 3445 3985 3515">
     <span class='ocr_line' id='line_1_92' title="bbox 2397 3445 3985 3515; baseline 0.003 -20"><span class='ocrx_word' id='word_1_615' title='bbox 2397 3448 2550 3515; x_wconf 67' lang='lat' dir='ltr'><strong>gibus</strong></span> <span class='ocrx_word' id='word_1_616' title='bbox 2595 3458 2805 3499; x_wconf 83' lang='lat' dir='ltr'><strong>erectos</strong></span> <span class='ocrx_word' id='word_1_617' title='bbox 2852 3460 2971 3498; x_wconf 86' lang='lat' dir='ltr'><strong>esse</strong></span> <span class='ocrx_word' id='word_1_618' title='bbox 3030 3446 3259 3504; x_wconf 81' lang='lat' dir='ltr'><strong>scimus.</strong></span> <span class='ocrx_word' id='word_1_619' title='bbox 3292 3446 3757 3513; x_wconf 81' lang='lat' dir='ltr'><strong>Cephaludensem</strong></span> <span class='ocrx_word' id='word_1_620' title='bbox 3793 3460 3817 3496; x_wconf 92' lang='lat' dir='ltr'><strong>a</strong></span> <span class='ocrx_word' id='word_1_621' title='bbox 3870 3445 3985 3499; x_wconf 54' lang='lat' dir='ltr'><strong>Ro-</strong></span> 
     </span>
    </p>
   </div>
   <div class='ocr_carea' id='block_1_93' title="bbox 2396 3536 3983 3607">
    <p class='ocr_par' dir='ltr' id='par_1_93' title="bbox 2396 3536 3983 3607">
     <span class='ocr_line' id='line_1_93' title="bbox 2396 3536 3983 3607; baseline 0 -16"><span class='ocrx_word' id='word_1_622' title='bbox 2396 3541 2540 3607; x_wconf 77' lang='lat' dir='ltr'><strong>gcrio</strong></span> <span class='ocrx_word' id='word_1_623' title='bbox 2567 3554 2707 3607; x_wconf 80' lang='lat' dir='ltr'><strong>rege,</strong></span> <span class='ocrx_word' id='word_1_624' title='bbox 2730 3537 2920 3591; x_wconf 80' lang='lat' dir='ltr'><strong>Montis</strong></span> <span class='ocrx_word' id='word_1_625' title='bbox 2947 3538 3159 3606; x_wconf 78' lang='lat' dir='ltr'><strong>Regalis</strong></span> <span class='ocrx_word' id='word_1_626' title='bbox 3185 3554 3210 3589; x_wconf 94' lang='lat' dir='ltr'><strong>a</strong></span> <span class='ocrx_word' id='word_1_627' title='bbox 3247 3536 3518 3591; x_wconf 76' lang='lat' dir='ltr'><strong>“&#39;illelmo</strong></span> <span class='ocrx_word' id='word_1_628' title='bbox 3550 3537 3611 3603; x_wconf 89' lang='lat' dir='ltr'><strong>ll,</strong></span> <span class='ocrx_word' id='word_1_629' title='bbox 3662 3537 3983 3591; x_wconf 68' lang='lat' dir='ltr'><strong>Paetensetn</strong></span> 
     </span>
    </p>
   </div>
   <div class='ocr_carea' id='block_1_94' title="bbox 2395 3628 3987 3697">
    <p class='ocr_par' dir='ltr' id='par_1_94' title="bbox 2395 3628 3987 3697">
     <span class='ocr_line' id='line_1_94' title="bbox 2395 3628 3987 3697; baseline -0.001 -13"><span class='ocrx_word' id='word_1_630' title='bbox 2395 3632 2555 3684; x_wconf 85' lang='lat' dir='ltr'><strong>etiam</strong></span> <span class='ocrx_word' id='word_1_631' title='bbox 2612 3631 2778 3683; x_wconf 91' lang='lat' dir='ltr'><strong>multo</strong></span> <span class='ocrx_word' id='word_1_632' title='bbox 2842 3640 2979 3697; x_wconf 59' lang='lat' dir='ltr'><strong>p0st,</strong></span> <span class='ocrx_word' id='word_1_633' title='bbox 3024 3629 3282 3682; x_wconf 73' lang='lat' dir='ltr'><strong>Bonifatii</strong></span> <span class='ocrx_word' id='word_1_634' title='bbox 3350 3628 3460 3683; x_wconf 71' lang='lat' dir='ltr'><strong>Vili</strong></span> <span class='ocrx_word' id='word_1_635' title='bbox 3505 3640 3765 3697; x_wconf 86' lang='lat' dir='ltr'><strong>tempore,</strong></span> <span class='ocrx_word' id='word_1_636' title='bbox 3817 3640 3987 3697; x_wconf 86' lang='lat' dir='ltr'><strong>atque</strong></span> 
     </span>
    </p>
   </div>
   <div class='ocr_carea' id='block_1_95' title="bbox 2394 3723 3986 3791">
    <p class='ocr_par' dir='ltr' id='par_1_95' title="bbox 2394 3723 3986 3791">
     <span class='ocr_line' id='line_1_95' title="bbox 2394 3723 3986 3791; baseline -0.002 -14"><span class='ocrx_word' id='word_1_637' title='bbox 2394 3727 2555 3777; x_wconf 87' lang='lat' dir='ltr'><strong>etiam</strong></span> <span class='ocrx_word' id='word_1_638' title='bbox 2618 3723 2967 3791; x_wconf 85' lang='lat' dir='ltr'><strong>Liparensem</strong></span> <span class='ocrx_word' id='word_1_639' title='bbox 3020 3734 3261 3775; x_wconf 82' lang='lat' dir='ltr'><strong>creatos.</strong></span> <span class='ocrx_word' id='word_1_640' title='bbox 3294 3724 3466 3790; x_wconf 77' lang='lat' dir='ltr'><strong>Atque</strong></span> <span class='ocrx_word' id='word_1_641' title='bbox 3500 3724 3551 3776; x_wconf 87' lang='lat' dir='ltr'><strong>hi</strong></span> <span class='ocrx_word' id='word_1_642' title='bbox 3592 3723 3769 3776; x_wconf 86' lang='lat' dir='ltr'><strong>throni</strong></span> <span class='ocrx_word' id='word_1_643' title='bbox 3806 3737 3986 3790; x_wconf 76' lang='lat' dir='ltr'><strong>usque</strong></span> 
     </span>
    </p>
   </div>
   <div class='ocr_carea' id='block_1_96' title="bbox 2394 3815 3984 3887">
    <p class='ocr_par' dir='ltr' id='par_1_96' title="bbox 2394 3815 3984 3887">
     <span class='ocr_line' id='line_1_96' title="bbox 2394 3815 3984 3887; baseline -0.001 -18"><span class='ocrx_word' id='word_1_644' title='bbox 2394 3818 2460 3869; x_wconf 87' lang='lat' dir='ltr'><strong>ad</strong></span> <span class='ocrx_word' id='word_1_645' title='bbox 2528 3831 2766 3885; x_wconf 66' lang='lat' dir='ltr'><strong>praesens</strong></span> <span class='ocrx_word' id='word_1_646' title='bbox 2838 3828 3048 3883; x_wconf 88' lang='lat' dir='ltr'><strong>tempus</strong></span> <span class='ocrx_word' id='word_1_647' title='bbox 3107 3815 3391 3887; x_wconf 12' lang='lat' dir='ltr'><strong>in‘Sicilia</strong></span> <span class='ocrx_word' id='word_1_648' title='bbox 3448 3824 3688 3869; x_wconf 86' lang='lat' dir='ltr'><strong>manent.</strong></span> <span class='ocrx_word' id='word_1_649' title='bbox 3741 3815 3883 3883; x_wconf 79' lang='lat' dir='ltr'><strong>Ergo</strong></span> <span class='ocrx_word' id='word_1_650' title='bbox 3938 3818 3984 3867; x_wconf 88' lang='lat' dir='ltr'><strong>si</strong></span> 
     </span>
    </p>
   </div>
   <div class='ocr_carea' id='block_1_97' title="bbox 2394 3907 3983 3977">
    <p class='ocr_par' dir='ltr' id='par_1_97' title="bbox 2394 3907 3983 3977">
     <span class='ocr_line' id='line_1_97' title="bbox 2394 3907 3983 3977; baseline -0.003 -14"><span class='ocrx_word' id='word_1_651' title='bbox 2394 3908 2887 3963; x_wconf 83' lang='lat' dir='ltr'><strong>Tauromenitanus</strong></span> <span class='ocrx_word' id='word_1_652' title='bbox 2918 3912 3249 3963; x_wconf 86' lang='lat' dir='ltr'><strong>instauratus</strong></span> <span class='ocrx_word' id='word_1_653' title='bbox 3274 3925 3301 3962; x_wconf 91' lang='lat' dir='ltr'><strong>a</strong></span> <span class='ocrx_word' id='word_1_654' title='bbox 3339 3907 3573 3977; x_wconf 82' lang='lat' dir='ltr'><strong>Rogerio</strong></span> <span class='ocrx_word' id='word_1_655' title='bbox 3605 3923 3727 3975; x_wconf 82' lang='lat' dir='ltr'><strong>rege</strong></span> <span class='ocrx_word' id='word_1_656' title='bbox 3756 3908 3983 3972; x_wconf 71' lang='lat' dir='ltr'><strong>fuisset,</strong></span> 
     </span>
    </p>
   </div>
   <div class='ocr_carea' id='block_1_98' title="bbox 2395 4001 3981 4072">
    <p class='ocr_par' dir='ltr' id='par_1_98' title="bbox 2395 4001 3981 4072">
     <span class='ocr_line' id='line_1_98' title="bbox 2395 4001 3981 4072; baseline 0 -17"><span class='ocrx_word' id='word_1_657' title='bbox 2395 4003 2445 4056; x_wconf 87' lang='lat' dir='ltr'><strong>id</strong></span> <span class='ocrx_word' id='word_1_658' title='bbox 2505 4001 2703 4069; x_wconf 86' lang='lat' dir='ltr'><strong>aliquis</strong></span> <span class='ocrx_word' id='word_1_659' title='bbox 2761 4002 2998 4070; x_wconf 91' lang='lat' dir='ltr'><strong>scriptor</strong></span> <span class='ocrx_word' id='word_1_660' title='bbox 3054 4004 3333 4057; x_wconf 75' lang='lat' dir='ltr'><strong>memoriae</strong></span> <span class='ocrx_word' id='word_1_661' title='bbox 3378 4002 3731 4072; x_wconf 86' lang='lat' dir='ltr'><strong>prodidisset.</strong></span> <span class='ocrx_word' id='word_1_662' title='bbox 3799 4001 3888 4053; x_wconf 73' lang='lat' dir='ltr'><strong>Vel</strong></span> <span class='ocrx_word' id='word_1_663' title='bbox 3933 4005 3981 4055; x_wconf 85' lang='lat' dir='ltr'><strong>si</strong></span> 
     </span>
    </p>
   </div>
   <div class='ocr_carea' id='block_1_99' title="bbox 2394 4094 3985 4161">
    <p class='ocr_par' dir='ltr' id='par_1_99' title="bbox 2394 4094 3985 4161">
     <span class='ocr_line' id='line_1_99' title="bbox 2394 4094 3985 4161; baseline 0.001 -17"><span class='ocrx_word' id='word_1_664' title='bbox 2394 4094 2514 4161; x_wconf 87' lang='lat' dir='ltr'><strong>quis</strong></span> <span class='ocrx_word' id='word_1_665' title='bbox 2564 4094 2615 4148; x_wconf 88' lang='lat' dir='ltr'><strong>id</strong></span> <span class='ocrx_word' id='word_1_666' title='bbox 2679 4095 3032 4160; x_wconf 84' lang='lat' dir='ltr'><strong>pertinaciter</strong></span> <span class='ocrx_word' id='word_1_667' title='bbox 3090 4099 3404 4159; x_wconf 86' lang='lat' dir='ltr'><strong>contendat,</strong></span> <span class='ocrx_word' id='word_1_668' title='bbox 3480 4095 3641 4148; x_wconf 83' lang='lat' dir='ltr'><strong>debet</strong></span> <span class='ocrx_word' id='word_1_669' title='bbox 3692 4096 3985 4147; x_wconf 82' lang='lat' dir='ltr'><strong>ostendere</strong></span> 
     </span>
    </p>
   </div>
   <div class='ocr_carea' id='block_1_100' title="bbox 2394 4186 3987 4257">
    <p class='ocr_par' dir='ltr' id='par_1_100' title="bbox 2394 4186 3987 4257">
     <span class='ocr_line' id='line_1_100' title="bbox 2394 4186 3987 4257; baseline -0.002 -19"><span class='ocrx_word' id='word_1_670' title='bbox 2394 4201 2501 4253; x_wconf 85' lang='lat' dir='ltr'><strong>quo</strong></span> <span class='ocrx_word' id='word_1_671' title='bbox 2548 4194 2808 4255; x_wconf 89' lang='lat' dir='ltr'><strong>tempore,</strong></span> <span class='ocrx_word' id='word_1_672' title='bbox 2848 4201 2952 4255; x_wconf 89' lang='lat' dir='ltr'><strong>qua</strong></span> <span class='ocrx_word' id='word_1_673' title='bbox 2998 4201 3181 4251; x_wconf 87' lang='lat' dir='ltr'><strong>causa,</strong></span> <span class='ocrx_word' id='word_1_674' title='bbox 3217 4203 3323 4257; x_wconf 86' lang='lat' dir='ltr'><strong>quo</strong></span> <span class='ocrx_word' id='word_1_675' title='bbox 3348 4201 3477 4241; x_wconf 85' lang='lat' dir='ltr'><strong>casu</strong></span> <span class='ocrx_word' id='word_1_676' title='bbox 3515 4187 3804 4255; x_wconf 87' lang='lat' dir='ltr'><strong>episcopus</strong></span> <span class='ocrx_word' id='word_1_677' title='bbox 3837 4186 3987 4239; x_wconf 81' lang='lat' dir='ltr'><strong>Tan-</strong></span> 
     </span>
    </p>
   </div>
   <div class='ocr_carea' id='block_1_101' title="bbox 2394 4277 3984 4347">
    <p class='ocr_par' dir='ltr' id='par_1_101' title="bbox 2394 4277 3984 4347">
     <span class='ocr_line' id='line_1_101' title="bbox 2394 4277 3984 4347; baseline 0 -18"><span class='ocrx_word' id='word_1_678' title='bbox 2394 4277 2620 4329; x_wconf 87' lang='lat' dir='ltr'><strong>romenii</strong></span> <span class='ocrx_word' id='word_1_679' title='bbox 2678 4291 2796 4331; x_wconf 88' lang='lat' dir='ltr'><strong>esse</strong></span> <span class='ocrx_word' id='word_1_680' title='bbox 2830 4277 3097 4332; x_wconf 87' lang='lat' dir='ltr'><strong>desierit:</strong></span> <span class='ocrx_word' id='word_1_681' title='bbox 3152 4279 3215 4332; x_wconf 88' lang='lat' dir='ltr'><strong>de</strong></span> <span class='ocrx_word' id='word_1_682' title='bbox 3234 4293 3341 4347; x_wconf 88' lang='lat' dir='ltr'><strong>quo</strong></span> <span class='ocrx_word' id='word_1_683' title='bbox 3378 4279 3579 4331; x_wconf 89' lang='lat' dir='ltr'><strong>mirum</strong></span> <span class='ocrx_word' id='word_1_684' title='bbox 3619 4279 3758 4344; x_wconf 87' lang='lat' dir='ltr'><strong>apud</strong></span> <span class='ocrx_word' id='word_1_685' title='bbox 3786 4292 3984 4329; x_wconf 84' lang='lat' dir='ltr'><strong>omnes</strong></span> 
     </span>
    </p>
   </div>
   <div class='ocr_carea' id='block_1_102' title="bbox 2396 4356 3985 4439">
    <p class='ocr_par' dir='ltr' id='par_1_102' title="bbox 2396 4356 3985 4439">
     <span class='ocr_line' id='line_1_102' title="bbox 2396 4356 3985 4439; baseline 0.003 -20"><span class='ocrx_word' id='word_1_686' title='bbox 2396 4366 2690 4421; x_wconf 84' lang='lat' dir='ltr'><strong>silentium.</strong></span> <span class='ocrx_word' id='word_1_687' title='bbox 2750 4368 3049 4423; x_wconf 89' lang='lat' dir='ltr'><strong>Fatendum</strong></span> <span class='ocrx_word' id='word_1_688' title='bbox 3112 4356 3275 4439; x_wconf 65' lang='lat' dir='ltr'><strong>igitur</strong></span> <span class='ocrx_word' id='word_1_689' title='bbox 3335 4381 3436 4433; x_wconf 89' lang='lat' dir='ltr'><strong>est,</strong></span> <span class='ocrx_word' id='word_1_690' title='bbox 3477 4387 3581 4423; x_wconf 86' lang='lat' dir='ltr'><strong>una</strong></span> <span class='ocrx_word' id='word_1_691' title='bbox 3631 4385 3755 4423; x_wconf 89' lang='lat' dir='ltr'><strong>cum</strong></span> <span class='ocrx_word' id='word_1_692' title='bbox 3816 4370 3985 4423; x_wconf 89' lang='lat' dir='ltr'><strong>liber-</strong></span> 
     </span>
    </p>
   </div>
   <div class='ocr_carea' id='block_1_103' title="bbox 2398 4460 3978 4529">
    <p class='ocr_par' dir='ltr' id='par_1_103' title="bbox 2398 4460 3978 4529">
     <span class='ocr_line' id='line_1_103' title="bbox 2398 4460 3978 4529; baseline 0.002 -19"><span class='ocrx_word' id='word_1_693' title='bbox 2398 4468 2502 4512; x_wconf 78' lang='lat' dir='ltr'><strong>tate</strong></span> <span class='ocrx_word' id='word_1_694' title='bbox 2542 4471 2593 4513; x_wconf 89' lang='lat' dir='ltr'><strong>et</strong></span> <span class='ocrx_word' id='word_1_695' title='bbox 2654 4460 2882 4529; x_wconf 91' lang='lat' dir='ltr'><strong>imperio</strong></span> <span class='ocrx_word' id='word_1_696' title='bbox 2941 4462 2993 4514; x_wconf 92' lang='lat' dir='ltr'><strong>in</strong></span> <span class='ocrx_word' id='word_1_697' title='bbox 3063 4462 3245 4516; x_wconf 89' lang='lat' dir='ltr'><strong>Sicilia</strong></span> <span class='ocrx_word' id='word_1_698' title='bbox 3270 4462 3522 4515; x_wconf 84' lang='lat' dir='ltr'><strong>orientali</strong></span> <span class='ocrx_word' id='word_1_699' title='bbox 3551 4461 3833 4521; x_wconf 83' lang='lat' dir='ltr'><strong>cecidisse,</strong></span> <span class='ocrx_word' id='word_1_700' title='bbox 3874 4477 3978 4514; x_wconf 87' lang='lat' dir='ltr'><strong>nec</strong></span> 
     </span>
    </p>
   </div>
   <div class='ocr_carea' id='block_1_104' title="bbox 2391 4552 3983 4620">
    <p class='ocr_par' dir='ltr' id='par_1_104' title="bbox 2391 4552 3983 4620">
     <span class='ocr_line' id='line_1_104' title="bbox 2391 4552 3983 4620; baseline 0.001 -17"><span class='ocrx_word' id='word_1_701' title='bbox 2391 4565 2630 4620; x_wconf 88' lang='lat' dir='ltr'><strong>unquam</strong></span> <span class='ocrx_word' id='word_1_702' title='bbox 2680 4564 2943 4607; x_wconf 89' lang='lat' dir='ltr'><strong>erectum.</strong></span> <span class='ocrx_word' id='word_1_703' title='bbox 3014 4552 3169 4607; x_wconf 88' lang='lat' dir='ltr'><strong>Unde</strong></span> <span class='ocrx_word' id='word_1_704' title='bbox 3233 4554 3349 4607; x_wconf 87' lang='lat' dir='ltr'><strong>luce</strong></span> <span class='ocrx_word' id='word_1_705' title='bbox 3410 4553 3707 4607; x_wconf 78' lang='lat' dir='ltr'><strong>meridiana</strong></span> <span class='ocrx_word' id='word_1_706' title='bbox 3773 4554 3983 4605; x_wconf 76' lang='lat' dir='ltr'><strong>elatius</strong></span> 
     </span>
    </p>
   </div>
   <div class='ocr_carea' id='block_1_105' title="bbox 2389 4643 3983 4714">
    <p class='ocr_par' dir='ltr' id='par_1_105' title="bbox 2389 4643 3983 4714">
     <span class='ocr_line' id='line_1_105' title="bbox 2389 4643 3983 4714; baseline 0.001 -17"><span class='ocrx_word' id='word_1_707' title='bbox 2389 4655 2471 4697; x_wconf 90' lang='lat' dir='ltr'><strong>est</strong></span> <span class='ocrx_word' id='word_1_708' title='bbox 2540 4643 2923 4713; x_wconf 85' lang='lat' dir='ltr'><strong>TheOphauem</strong></span> <span class='ocrx_word' id='word_1_709' title='bbox 2973 4647 3437 4714; x_wconf 65' lang='lat' dir='ltr'><strong>archiepiseorium</strong></span> <span class='ocrx_word' id='word_1_710' title='bbox 3510 4647 3608 4699; x_wconf 86' lang='lat' dir='ltr'><strong>sub</strong></span> <span class='ocrx_word' id='word_1_711' title='bbox 3663 4646 3862 4699; x_wconf 77' lang='lat' dir='ltr'><strong>Basilio</strong></span> <span class='ocrx_word' id='word_1_712' title='bbox 3928 4657 3983 4698; x_wconf 91' lang='lat' dir='ltr'><strong>ct</strong></span> 
     </span>
    </p>
   </div>
   <div class='ocr_carea' id='block_1_106' title="bbox 2391 4736 3973 4808">
    <p class='ocr_par' dir='ltr' id='par_1_106' title="bbox 2391 4736 3973 4808">
     <span class='ocr_line' id='line_1_106' title="bbox 2391 4736 3973 4808; baseline -0.001 -17"><span class='ocrx_word' id='word_1_713' title='bbox 2391 4737 2568 4791; x_wconf 87' lang='lat' dir='ltr'><strong>Leone</strong></span> <span class='ocrx_word' id='word_1_714' title='bbox 2614 4736 2977 4791; x_wconf 85' lang='lat' dir='ltr'><strong>Tauromenio</strong></span> <span class='ocrx_word' id='word_1_715' title='bbox 3032 4749 3084 4793; x_wconf 88' lang='lat' dir='ltr'><strong>et</strong></span> <span class='ocrx_word' id='word_1_716' title='bbox 3136 4750 3412 4807; x_wconf 81' lang='lat' dir='ltr'><strong>postremo</strong></span> <span class='ocrx_word' id='word_1_717' title='bbox 3474 4741 3777 4807; x_wconf 78' lang='lat' dir='ltr'><strong>proximum</strong></span> <span class='ocrx_word' id='word_1_718' title='bbox 3825 4755 3973 4808; x_wconf 56' lang='lat' dir='ltr'><strong>pta:-</strong></span> 
     </span>
    </p>
   </div>
   <div class='ocr_carea' id='block_1_107' title="bbox 2390 4835 3981 4906">
    <p class='ocr_par' dir='ltr' id='par_1_107' title="bbox 2390 4835 3981 4906">
     <span class='ocr_line' id='line_1_107' title="bbox 2390 4835 3981 4906; baseline 0.003 -18"><span class='ocrx_word' id='word_1_719' title='bbox 2390 4835 2598 4901; x_wconf 72' lang='lat' dir='ltr'><strong>fuisse;</strong></span> <span class='ocrx_word' id='word_1_720' title='bbox 2639 4848 2689 4891; x_wconf 85' lang='lat' dir='ltr'><strong>et</strong></span> <span class='ocrx_word' id='word_1_721' title='bbox 2741 4838 3058 4906; x_wconf 85' lang='lat' dir='ltr'><strong>perturbato</strong></span> <span class='ocrx_word' id='word_1_722' title='bbox 3111 4839 3336 4892; x_wconf 76' lang='lat' dir='ltr'><strong>exsinde</strong></span> <span class='ocrx_word' id='word_1_723' title='bbox 3378 4837 3577 4891; x_wconf 77' lang='lat' dir='ltr'><strong>Sicilia:</strong></span> <span class='ocrx_word' id='word_1_724' title='bbox 3636 4850 3775 4893; x_wconf 77' lang='lat' dir='ltr'><strong>statu</strong></span> <span class='ocrx_word' id='word_1_725' title='bbox 3802 4844 3981 4893; x_wconf 77' lang='lat' dir='ltr'><strong>nenii-</strong></span> 
     </span>
    </p>
   </div>
   <div class='ocr_carea' id='block_1_108' title="bbox 2390 4932 3982 4999">
    <p class='ocr_par' dir='ltr' id='par_1_108' title="bbox 2390 4932 3982 4999">
     <span class='ocr_line' id='line_1_108' title="bbox 2390 4932 3982 4999; baseline 0.003 -18"><span class='ocrx_word' id='word_1_726' title='bbox 2390 4944 2511 4981; x_wconf 85' lang='lat' dir='ltr'><strong>ncm</strong></span> <span class='ocrx_word' id='word_1_727' title='bbox 2575 4938 2834 4998; x_wconf 78' lang='lat' dir='ltr'><strong>praetcrea</strong></span> <span class='ocrx_word' id='word_1_728' title='bbox 2856 4944 3029 4999; x_wconf 89' lang='lat' dir='ltr'><strong>usque</strong></span> <span class='ocrx_word' id='word_1_729' title='bbox 3085 4932 3150 4983; x_wconf 89' lang='lat' dir='ltr'><strong>ad</strong></span> <span class='ocrx_word' id='word_1_730' title='bbox 3195 4932 3306 4983; x_wconf 75' lang='lat' dir='ltr'><strong>luce</strong></span> <span class='ocrx_word' id='word_1_731' title='bbox 3362 4942 3599 4997; x_wconf 87' lang='lat' dir='ltr'><strong>tempora</strong></span> <span class='ocrx_word' id='word_1_732' title='bbox 3659 4932 3826 4985; x_wconf 77' lang='lat' dir='ltr'><strong>fuisse</strong></span> <span class='ocrx_word' id='word_1_733' title='bbox 3858 4934 3982 4985; x_wconf 85' lang='lat' dir='ltr'><strong>suf-</strong></span> 
     </span>
    </p>
   </div>
   <div class='ocr_carea' id='block_1_109' title="bbox 2389 5021 3981 5095">
    <p class='ocr_par' dir='ltr' id='par_1_109' title="bbox 2389 5021 3981 5095">
     <span class='ocr_line' id='line_1_109' title="bbox 2389 5021 3981 5095; baseline 0.004 -21"><span class='ocrx_word' id='word_1_734' title='bbox 2389 5021 2611 5076; x_wconf 79' lang='lat' dir='ltr'><strong>fectum.</strong></span> <span class='ocrx_word' id='word_1_735' title='bbox 2669 5023 2842 5093; x_wconf 70' lang='lat' dir='ltr'><strong>Pergo</strong></span> <span class='ocrx_word' id='word_1_736' title='bbox 2885 5026 2949 5077; x_wconf 88' lang='lat' dir='ltr'><strong>ad</strong></span> <span class='ocrx_word' id='word_1_737' title='bbox 3007 5025 3224 5077; x_wconf 85' lang='lat' dir='ltr'><strong>tertium</strong></span> <span class='ocrx_word' id='word_1_738' title='bbox 3279 5033 3981 5095; x_wconf 67' lang='lat' dir='ltr'><strong>argumentum,quamvis</strong></span> 
     </span>
    </p>
   </div>
   <div class='ocr_carea' id='block_1_110' title="bbox 2383 5113 3973 5188">
    <p class='ocr_par' dir='ltr' id='par_1_110' title="bbox 2383 5113 3973 5188">
     <span class='ocr_line' id='line_1_110' title="bbox 2383 5113 3973 5188; baseline 0.004 -24"><span class='ocrx_word' id='word_1_739' title='bbox 2383 5113 2494 5179; x_wconf 84' lang='lat' dir='ltr'><strong>jam</strong></span> <span class='ocrx_word' id='word_1_740' title='bbox 2538 5115 2700 5169; x_wconf 88' lang='lat' dir='ltr'><strong>dictis</strong></span> <span class='ocrx_word' id='word_1_741' title='bbox 2763 5124 3053 5171; x_wconf 89' lang='lat' dir='ltr'><strong>contentus</strong></span> <span class='ocrx_word' id='word_1_742' title='bbox 3080 5116 3258 5185; x_wconf 85' lang='lat' dir='ltr'><strong>quivis</strong></span> <span class='ocrx_word' id='word_1_743' title='bbox 3300 5133 3421 5173; x_wconf 88' lang='lat' dir='ltr'><strong>esse</strong></span> <span class='ocrx_word' id='word_1_744' title='bbox 3470 5127 3673 5188; x_wconf 89' lang='lat' dir='ltr'><strong>posset.</strong></span> <span class='ocrx_word' id='word_1_745' title='bbox 3707 5117 3807 5184; x_wconf 89' lang='lat' dir='ltr'><strong>Qui</strong></span> <span class='ocrx_word' id='word_1_746' title='bbox 3834 5135 3973 5171; x_wconf 85' lang='lat' dir='ltr'><strong>con-</strong></span> 
     </span>
    </p>
   </div>
   <div class='ocr_carea' id='block_1_111' title="bbox 2392 5207 3983 5281">
    <p class='ocr_par' dir='ltr' id='par_1_111' title="bbox 2392 5207 3983 5281">
     <span class='ocr_line' id='line_1_111' title="bbox 2392 5207 3983 5281; baseline 0.004 -22"><span class='ocrx_word' id='word_1_747' title='bbox 2392 5208 2539 5261; x_wconf 82' lang='lat' dir='ltr'><strong>venit</strong></span> <span class='ocrx_word' id='word_1_748' title='bbox 2584 5207 2867 5274; x_wconf 75' lang='lat' dir='ltr'><strong>inscriptio</strong></span> <span class='ocrx_word' id='word_1_749' title='bbox 2925 5208 3019 5261; x_wconf 80' lang='grc' dir='ltr'><strong>τοῦ</strong></span> <span class='ocrx_word' id='word_1_750' title='bbox 3078 5209 3247 5281; x_wconf 79' lang='grc' dir='ltr'><strong>ρηγὸς</strong></span> <span class='ocrx_word' id='word_1_751' title='bbox 3325 5225 3447 5263; x_wconf 91' lang='lat' dir='ltr'><strong>cum</strong></span> <span class='ocrx_word' id='word_1_752' title='bbox 3496 5210 3560 5264; x_wconf 91' lang='lat' dir='ltr'><strong>iis</strong></span> <span class='ocrx_word' id='word_1_753' title='bbox 3598 5226 3717 5279; x_wconf 78' lang='lat' dir='ltr'><strong>qua:</strong></span> <span class='ocrx_word' id='word_1_754' title='bbox 3779 5212 3828 5263; x_wconf 92' lang='lat' dir='ltr'><strong>in</strong></span> <span class='ocrx_word' id='word_1_755' title='bbox 3861 5211 3983 5278; x_wconf 82' lang='lat' dir='ltr'><strong>ipsa</strong></span> 
     </span>
    </p>
   </div>
   <div class='ocr_carea' id='block_1_112' title="bbox 2389 5299 3982 5373">
    <p class='ocr_par' dir='ltr' id='par_1_112' title="bbox 2389 5299 3982 5373">
     <span class='ocr_line' id='line_1_112' title="bbox 2389 5299 3982 5373; baseline 0.004 -21"><span class='ocrx_word' id='word_1_756' title='bbox 2389 5299 2608 5353; x_wconf 87' lang='lat' dir='ltr'><strong>ltomilia</strong></span> <span class='ocrx_word' id='word_1_757' title='bbox 2665 5299 2942 5367; x_wconf 89' lang='lat' dir='ltr'><strong>dicuntur,</strong></span> <span class='ocrx_word' id='word_1_758' title='bbox 3028 5301 3081 5355; x_wconf 86' lang='lat' dir='ltr'><strong>in</strong></span> <span class='ocrx_word' id='word_1_759' title='bbox 3141 5318 3245 5371; x_wconf 91' lang='lat' dir='ltr'><strong>qua</strong></span> <span class='ocrx_word' id='word_1_760' title='bbox 3310 5302 3565 5372; x_wconf 72' lang='grc' dir='ltr'><strong>βασιλεὺς</strong></span> <span class='ocrx_word' id='word_1_761' title='bbox 3621 5303 3928 5373; x_wconf 85' lang='lat' dir='ltr'><strong>appellatur</strong></span> <span class='ocrx_word' id='word_1_762' title='bbox 3966 5326 3982 5359; x_wconf 87' lang='lat'><strong>:</strong></span> 
     </span>
    </p>
   </div>
   <div class='ocr_carea' id='block_1_113' title="bbox 2386 5393 3992 5467">
    <p class='ocr_par' dir='ltr' id='par_1_113' title="bbox 2386 5393 3992 5467">
     <span class='ocr_line' id='line_1_113' title="bbox 2386 5393 3992 5467; baseline 0.004 -23"><span class='ocrx_word' id='word_1_763' title='bbox 2386 5393 2537 5459; x_wconf 83' lang='lat' dir='ltr'><strong>cujus</strong></span> <span class='ocrx_word' id='word_1_764' title='bbox 2592 5394 2898 5460; x_wconf 79' lang='lat' dir='ltr'><strong>pra&#39;sentia,</strong></span> <span class='ocrx_word' id='word_1_765' title='bbox 2952 5411 3108 5463; x_wconf 87' lang='lat' dir='ltr'><strong>quam</strong></span> <span class='ocrx_word' id='word_1_766' title='bbox 3164 5414 3322 5461; x_wconf 84' lang='lat' dir='ltr'><strong>nunc,</strong></span> <span class='ocrx_word' id='word_1_767' title='bbox 3359 5397 3555 5467; x_wconf 89' lang='lat' dir='ltr'><strong>ittquit,</strong></span> <span class='ocrx_word' id='word_1_768' title='bbox 3594 5400 3748 5450; x_wconf 86' lang='lat' dir='ltr'><strong>timeo</strong></span> <span class='ocrx_word' id='word_1_769' title='bbox 3780 5407 3992 5451; x_wconf 65' lang='lat' dir='ltr'><strong>eteon~</strong></span> 
     </span>
    </p>
   </div>
   <div class='ocr_carea' id='block_1_114' title="bbox 2387 5468 3988 5558">
    <p class='ocr_par' dir='ltr' id='par_1_114' title="bbox 2387 5468 3988 5558">
     <span class='ocr_line' id='line_1_114' title="bbox 2387 5468 3988 5558; baseline 0.003 -22"><span class='ocrx_word' id='word_1_770' title='bbox 2387 5468 2626 5537; x_wconf 76' lang='lat' dir='ltr'><strong>tremisco</strong></span> <span class='ocrx_word' id='word_1_771' title='bbox 2685 5494 2876 5540; x_wconf 75' lang='lat' dir='ltr'><strong>sudore</strong></span> <span class='ocrx_word' id='word_1_772' title='bbox 2920 5504 3185 5555; x_wconf 76' lang='lat' dir='ltr'><strong>aspersus,</strong></span> <span class='ocrx_word' id='word_1_773' title='bbox 3255 5506 3441 5555; x_wconf 79' lang='lat' dir='ltr'><strong>parere</strong></span> <span class='ocrx_word' id='word_1_774' title='bbox 3485 5502 3790 5558; x_wconf 76' lang='lat' dir='ltr'><strong>occupatus,</strong></span> <span class='ocrx_word' id='word_1_775' title='bbox 3836 5506 3988 5543; x_wconf 73' lang='lat' dir='ltr'><strong>rece-</strong></span> 
     </span>
    </p>
   </div>
   <div class='ocr_carea' id='block_1_115' title="bbox 2387 5581 3985 5650">
    <p class='ocr_par' dir='ltr' id='par_1_115' title="bbox 2387 5581 3985 5650">
     <span class='ocr_line' id='line_1_115' title="bbox 2387 5581 3985 5650; baseline 0.004 -20"><span class='ocrx_word' id='word_1_776' title='bbox 2387 5581 2557 5631; x_wconf 86' lang='lat' dir='ltr'><strong>rcntia</strong></span> <span class='ocrx_word' id='word_1_777' title='bbox 2619 5581 2884 5643; x_wconf 75' lang='lat' dir='ltr'><strong>detentus,</strong></span> <span class='ocrx_word' id='word_1_778' title='bbox 2934 5596 3152 5650; x_wconf 73' lang='lat' dir='ltr'><strong>parente</strong></span> <span class='ocrx_word' id='word_1_779' title='bbox 3198 5601 3401 5644; x_wconf 83' lang='lat' dir='ltr'><strong>animo,</strong></span> <span class='ocrx_word' id='word_1_780' title='bbox 3439 5598 3656 5637; x_wconf 85' lang='lat' dir='ltr'><strong>nutante</strong></span> <span class='ocrx_word' id='word_1_781' title='bbox 3711 5596 3900 5641; x_wconf 73' lang='lat' dir='ltr'><strong>mente,</strong></span> <span class='ocrx_word' id='word_1_782' title='bbox 3932 5596 3985 5637; x_wconf 81' lang='lat' dir='ltr'><strong>ct</strong></span> 
     </span>
    </p>
   </div>
   <div class='ocr_carea' id='block_1_116' title="bbox 2390 5668 3985 5745">
    <p class='ocr_par' dir='ltr' id='par_1_116' title="bbox 2390 5668 3985 5745">
     <span class='ocr_line' id='line_1_116' title="bbox 2390 5668 3985 5745; baseline 0.004 -22"><span class='ocrx_word' id='word_1_783' title='bbox 2390 5668 2731 5727; x_wconf 78' lang='lat' dir='ltr'><strong>subsultaute</strong></span> <span class='ocrx_word' id='word_1_784' title='bbox 2768 5675 2948 5741; x_wconf 84' lang='lat' dir='ltr'><strong>corde,</strong></span> <span class='ocrx_word' id='word_1_785' title='bbox 2975 5675 3263 5731; x_wconf 78' lang='lat' dir='ltr'><strong>intercluso</strong></span> <span class='ocrx_word' id='word_1_786' title='bbox 3290 5679 3448 5733; x_wconf 85' lang='lat' dir='ltr'><strong>ctiam</strong></span> <span class='ocrx_word' id='word_1_787' title='bbox 3482 5680 3621 5732; x_wconf 68' lang='lat' dir='ltr'><strong>cocis</strong></span> <span class='ocrx_word' id='word_1_788' title='bbox 3648 5694 3794 5743; x_wconf 76' lang='lat' dir='ltr'><strong>sono,</strong></span> <span class='ocrx_word' id='word_1_789' title='bbox 3834 5682 3985 5745; x_wconf 64' lang='grc' dir='ltr'><strong>σιω-,ἱ</strong></span> 
     </span>
    </p>
   </div>
   <div class='ocr_carea' id='block_1_117' title="bbox 756 5842 2632 5918">
    <p class='ocr_par' dir='ltr' id='par_1_117' title="bbox 756 5842 2632 5918">
     <span class='ocr_line' id='line_1_117' title="bbox 756 5842 2632 5918; baseline 0.009 -28"><span class='ocrx_word' id='word_1_790' title='bbox 756 5842 829 5909; x_wconf 77' lang='lat' dir='ltr'><strong>(a)</strong></span> <span class='ocrx_word' id='word_1_791' title='bbox 867 5842 1173 5913; x_wconf 81' lang='lat' dir='ltr'><strong>Patrologia:</strong></span> <span class='ocrx_word' id='word_1_792' title='bbox 1196 5844 1396 5918; x_wconf 51' lang='lat' dir='ltr'><strong>Latina;</strong></span> <span class='ocrx_word' id='word_1_793' title='bbox 1422 5858 1542 5904; x_wconf 82' lang='lat' dir='ltr'><strong>tom.</strong></span> <span class='ocrx_word' id='word_1_794' title='bbox 1566 5849 1770 5913; x_wconf 73' lang='lat' dir='ltr'><strong>CXLIX.</strong></span> <span class='ocrx_word' id='word_1_795' title='bbox 1801 5851 1958 5903; x_wconf 86' lang='lat' dir='ltr'><strong>Locus</strong></span> <span class='ocrx_word' id='word_1_796' title='bbox 1979 5851 2160 5905; x_wconf 76' lang='lat' dir='ltr'><strong>citatus</strong></span> <span class='ocrx_word' id='word_1_797' title='bbox 2184 5861 2348 5907; x_wconf 75' lang='lat' dir='ltr'><strong>exstat</strong></span> <span class='ocrx_word' id='word_1_798' title='bbox 2371 5860 2467 5911; x_wconf 88' lang='lat' dir='ltr'><strong>eoi.</strong></span> <span class='ocrx_word' id='word_1_799' title='bbox 2497 5857 2632 5907; x_wconf 76' lang='grc'><strong>1152.</strong></span> 
     </span>
    </p>
   </div>
  </div>
