4172 6432
121 412 191 475 101
1088 391 1447 456 ἘΙὶᾹΝΟἰΞΙ
1488 388 1713 449 SCORS

1803 387 2222 450 PRO(EMIUM
2283 388 2365 447 ΙΙ.

121 525 400 597 βασιλικαῖς
445 522 638 583 ἀκοαῖς
676 531 965 573 sermonem
1015 511 1168 581 quasi
1220 507 1484 576 salsugine
1516 518 1665 555 anta-

121 636 210 671 runt
282 617 523 687 propino.
619 612 794 666 Tanta
848 608 991 662 enim
1065 601 1327 658 demissio
1384 606 1669 663 tantusque

123 722 303 767 tremor
332 709 572 764 dicentis
601 699 1016 770 archiepiscopi,
1057 692 1363 768 gravissimi
1399 687 1656 746 hominis,

122 820 204 859 non
237 802 337 856 nisi
372 802 438 855 ad
470 796 877 868 imperatoriam
903 790 1240 859 majestatem
1273 780 1498 837 excitari
1526 778 1671 831 vidi--

124 910 189 951 tur
216 909 387 964 posse.
432 867 685 945 Sedcsto
714 890 815 941 hoc
848 883 1010 938 etiam
1050 880 1221 949 possit
1252 871 1546 929 convenire
1594 867 1672 935 τῷ

125 960 247 1058 prii,
279 987 369 1054 qui
409 982 605 1052 poterit
626 981 797 1033 eidem
823 976 1089 1046 βασιλέως
1123 966 1410 1025 convenire
1440 976 1632 1017 nomen
1653 960 1676 1010 ’ἰ

126 1086 239 1135 Sane
260 1078 515 1150 βασιλεὺς
546 1074 843 1144 appellatos
867 1072 1039 1125 solum
1080 1067 1455 1131 imperatores,
1485 1054 1675 1109 snllcut

126 1199 146 1233 a
188 1176 457 1231 Michaelis
508 1171 579 1227 ιιι
649 1168 982 1236 temporibus
1040 1174 1213 1227 usque
1274 1157 1339 1210 ad
1382 1150 1672 1206 t'Oﬂt‘iiiUlll

128 1268 494 1329 Florentinum,
538 1264 797 1318 trecentis
847 1256 1005 1310 annis
1040 1248 1402 1321 postJlogetii
1432 1254 1674 1309 tempora

128 1363 452 1419 cclthratnm,
509 1356 718 1423 reperio
746 1354 797 1404 itt
852 1347 1160 1402 Gtzecorutu
1196 1342 1577 1395 monumentis,
1623 1334 1677 1385 in

128 1457 294 1520 quibus
335 1452 447 1503 haec
492 1444 753 1500 vocabula
814 1440 914 1510 ρὴξ
970 1450 1024 1491 et
1058 1431 1313 1507 βασιλεὺς
1373 1429 1390 1495 (
1429 1427 1678 1497 quamvis

130 1559 262 1594 unum
335 1542 552 1593 natione
609 1536 881 1605 Graecum,
942 1530 1171 1582 alterum
1226 1521 1503 1583 Latinum,
1580 1516 1676 1570 sed

128 1650 277 1685 tamen
340 1635 480 1684 ﬂexu
523 1628 758 1695 quodam
799 1623 990 1677 (ἐι-αξρο
1027 1620 1150 1685 jure
1199 1611 1476 1681 donatum)
1536 1609 1677 1676 lego.

130 1727 239 1780 Nam
297 1738 443 1779 anno
518 1720 717 1775 Christi
778 1714 930 1776 868,
977 1708 1253 1764 Michaelis
1316 1704 1382 1759 Ill
1438 1703 1551 1763 26,
1608 1701 1678 1752 ita

130 1823 182 1874 de
234 1817 447 1877 Photio,
484 1814 537 1867 in
576 1809 856 1865 Nicolaum
903 1807 1137 1876 primum
1169 1798 1481 1871 pontiﬁcem
1530 1808 1684 1846 acer-

132 1910 333 1963 bissimo
387 1906 513 1961 odio
565 1903 977 1962 exardescente,
1046 1895 1263 1948 Nicetas
1329 1890 1380 1941 in
1434 1886 1555 1938 Vita
1620 1882 1678 1936 S.

132 2002 297 2071 lgnatii
356 2000 676 2069 patriarcha:
729 1993 959 2048 scribit:
1012 1986 1219 2057 Δώροις
1267 1983 1376 2052 γὰρ
1409 1981 1683 2050 λαμπροῖς

133 2096 198 2147 ὃτι
250 2091 486 2160 μάλιστα
546 2088 637 2140 τὸν
684 2088 829 2155 ρἧα
882 2080 1163 2151 Φραγγίας
1224 2076 1518 2144 Λοδόηχον,
1590 2073 1685 2125 καὶ

146 2183 460 2255 Ἥγιὸεργέιν
495 2180 552 2233 δὲ
587 2180 687 2250 τὴν
732 2173 897 2229 αὐτοῦ
928 2172 1176 2241 γαμετὴν
1229 2164 1686 2232 ὑποποιούμενος,

135 2278 356 2347 βασιλεῖς
398 2274 620 2336 τούτους
649 2270 987 2335 ἁνευφημεῖν
1030 2268 1087 2316 ειν
1114 2259 1689 2316 Κωνσταντινουπόλει

133 2368 483 2439 ἐπηγγέλλετο
517 2408 532 2430 ,
602 2365 723 2428 εἴγε
784 2358 1143 2430 συνεργήσειν
1193 2353 1342 2422 αὐτῷ
1398 2352 1533 2421 πρὸς
1592 2349 1690 2419 τὴν

133 2464 309 2516 ἄτοπον
372 2459 576 2527 ταύτην
628 2456 725 2508 καὶ
784 2454 1023 2523 ἄθεσμον
1066 2448 1387 2517 ἐπιθυμίαν.
1450 2445 1543 2498 καὶ
1601 2442 1691 2495 τὸν

133 2557 317 2605 δίκαιον
368 2551 543 2620 ἄνδρα
596 2552 696 2615 τῆς
748 2546 869 2599 κατ’
901 2544 1065 2597 αὑτὸν
1107 2541 1438 2609 Ἐκκλησίας
1502 2534 1693 2605 βιαίως

135 2644 432 2713 ὲξωθήσειν.
498 2639 708 2709 Magnis
775 2640 936 2691 etiam
976 2634 1281 2688 muneribus
1331 2630 1590 2699 praecipue
1624 2642 1697 2679 re-

136 2753 231 2805 gem
273 2735 522 2789 Francia
576 2731 909 2785 Lodoechum
971 2727 1103 2796 (sic
1154 2724 1325 2780 Graeci
1373 2720 1695 2775 Ludovicum

137 2831 403 2896 appellant)
445 2835 495 2879 et
524 2823 892 2893 Eugilbergam
930 2818 1045 2886 ejus
1085 2831 1299 2870 uxorem
1316 2814 1417 2868 sibi
1442 2813 1695 2880 propitios

138 2918 332 2970 reddens
353 2932 447 2969 eos
487 2918 830 2976 imperatores
889 2906 1132 2976 βασιλεῖς
1180 2905 1236 2956 in
1270 2904 1394 2954 urbe
1435 2898 1698 2954 Constan-

138 3008 335 3075 tinopoli
377 3022 435 3061 se
462 3005 910 3073 proclamaturum
937 2996 1302 3067 pollicebatur,
1327 2995 1374 3047 si
1403 2993 1501 3045 sibi
1546 3007 1693 3059 opem

138 3105 306 3167 ferrent
338 3102 394 3152 in
451 3100 549 3150 hac
593 3113 648 3148 re
689 3097 818 3147 adeo
852 3093 1081 3145 absurda
1129 3098 1174 3141 et
1216 3086 1441 3156 injuria,
1477 3093 1534 3137 ut
1574 3098 1702 3136 san-

139 3200 260 3239 ctum
330 3189 489 3239 illum
545 3187 841 3252 episcopum
892 3180 1172 3233 Nicolaum
1234 3179 1297 3230 ab
1353 3174 1588 3228 Ecclesia
1647 3173 1695 3225 vi

141 3282 400 3346 ejicercut.
477 3275 627 3327 Talia
691 3272 961 3340 pollicitus
1014 3279 1098 3322 est
1155 3267 1376 3320 Photius
1411 3282 1477 3318 eo
1541 3262 1685 3332 quod

136 3370 486 3436 imperatores
509 3365 813 3421 Orientales
840 3377 945 3414 non
973 3361 1281 3429 reciperent
1308 3356 1701 3411 Occidentales

138 3462 298 3514 vocari
382 3457 652 3526 βασιλεῖς.
732 3452 884 3519 Quod
953 3449 1218 3502 Baronitts
1294 3447 1369 3499 ait
1427 3444 1703 3513 explicans

138 3553 291 3605 locum
352 3550 583 3603 Nicetaz.
632 3546 772 3611 Ergo
805 3544 850 3598 si
912 3542 1269 3611 imperatores
1319 3536 1701 3592 Occidentales

138 3660 226 3696 non
278 3641 628 3695 sustinebant
673 3637 842 3691 Graeci
878 3634 1053 3687 vocari
1085 3631 1360 3701 βασιλεὺς,
1408 3630 1502 3683 sed
1527 3628 1702 3681 solum

141 3737 295 3802 ρἧας
337 3732 620 3791 volebant,
652 3737 858 3796 quanto
915 3723 1093 3776 minus
1122 3722 1361 3774 minores
1413 3719 1609 3786 reges?
1640 3717 1704 3769 Et

139 3843 210 3878 res
237 3837 316 3879 est
376 3825 689 3877 certissima
719 3836 781 3873 ex
817 3833 879 3871 eo
914 3819 1056 3886 quod
1101 3815 1336 3869 Basilius
1378 3812 1597 3864 Macedo
1621 3825 1707 3864 se-

140 3933 292 3984 quens
347 3919 653 3983 imperator
695 3928 724 3964 e
758 3910 956 3962 litteris
996 3909 1218 3960 Adriani
1270 3907 1314 3959 ll
1346 3920 1439 3974 per
1491 3904 1695 3971 legatos

139 4012 299 4064 allatis
359 4005 913 4072 Constantinopolim
976 4016 1172 4056 nomen
1232 4001 1365 4065 imp.
1426 3995 1707 4048 Ludovico

139 4102 466 4168 impertitum
521 4096 707 4151 abradi
763 4094 945 4162 jus~it,
993 4101 1048 4146 ct
1099 4092 1164 4143 ad
1198 4089 1449 4143 eumdem
1479 4088 1707 4155 legatio-

140 4209 245 4245 nem
291 4192 466 4251 misit,
525 4197 581 4241 et
627 4187 827 4239 litteris
887 4186 1211 4238 exhortatus
1266 4193 1372 4243 εει,
1432 4186 1488 4230 ιιι
1526 4175 1706 4231 absti-

140 4291 276 4335 neret
338 4298 367 4332 a
424 4280 655 4333 nomine
713 4276 999 4345 βασιλέως,
1060 4285 1116 4329 et
1165 4288 1289 4327 cum
1340 4274 1517 4341 ipsum
1570 4270 1712 4338 ρἧα

138 4375 489 4441 appellasset,
556 4372 639 4423 sic
692 4371 758 4421 ad
820 4383 944 4421 eum
1010 4368 1287 4435 rescripsit
1347 4363 1708 4417 Ludovicus:

139 4465 403 4519 Postremo
468 4463 624 4523 scito,
679 4460 806 4529 quia
850 4461 939 4529 qui
994 4460 1106 4528 riga
1149 4472 1403 4525 quemque
1458 4454 1711 4521 appellat,

139 4554 248 4621 quid
306 4555 483 4613 dicat,
553 4565 647 4603 nec
703 4550 815 4616 ipse
878 4545 1330 4615 novil.Siquidem
1378 4544 1715 4597 etiatttsilin-

140 4650 239 4715 guis
292 4645 571 4705 omnibus,
622 4658 766 4695 more
816 4642 1196 4710 apostolorum,
1253 4640 1356 4691 imo
1404 4637 1714 4706 angelorum

142 4738 383 4802 loquaris,
447 4736 608 4801 cujus
664 4732 858 4801 lingua
918 4732 984 4783 sit
1019 4733 1153 4799 riga,
1205 4729 1281 4783 rel
1322 4729 1409 4781 cui
1465 4728 1713 4797 dignitati

147 4834 282 4880 tonus
330 4828 423 4880 ille
471 4822 647 4877 barba
664 4839 755 4875 rus
796 4822 1057 4890 congruit,
1091 4822 1230 4889 quod
1270 4835 1365 4872 rea:
1392 4820 1609 4883 dicitur,
1640 4820 1720 4871 in-

145 4921 409 4985 ιετρνειστὶ
454 4932 570 4971 non
610 4916 825 4982 poteris.
872 4913 1022 4966 Nihil
1079 4915 1216 4966 enim
1245 4912 1380 4980 forte
1428 4911 1496 4963 ad
1521 4910 1718 4962 fdioma

142 5028 353 5078 troprttr
408 5011 641 5078 lingua},
696 5017 920 5059 tractum
985 5007 1119 5074 riga,
1183 5018 1352 5072 regem
1421 5002 1720 5071 significare

143 5104 532 5154 ηιλιιιιιωοενὶς.
591 5099 745 5164 Quod
780 5100 823 5150 si
869 5098 948 5150 ita
996 5108 1096 5157 est,
1146 5099 1267 5165 quia
1329 5112 1431 5148 non
1471 5093 1722 5163 jnmbar—

144 5204 331 5258 θεληιιιι,
364 5193 458 5246 sed
505 5189 764 5243 Latinum
792 5198 887 5252 est,
947 5197 1144 5256 oportet
1184 5198 1240 5238 ut
1276 5203 1394 5239 cum
1437 5184 1504 5236 ad
1534 5182 1718 5236 manus

146 5296 321 5338 rastros
377 5281 705 5352 pervenerit,
752 5281 807 5332 in
857 5282 1086 5348 linguam
1118 5288 1341 5331 vestram
1373 5277 1516 5345 fideli
1548 5287 1725 5341 trans-

145 5378 320 5432 latione
390 5385 667 5430 certatur.
724 5372 874 5436 Quod
940 5374 984 5424 si
1030 5372 1259 5444 _factum
1340 5370 1548 5438 fuerit,
1600 5370 1724 5438 quid

147 5470 275 5521 aliud
327 5471 432 5525 nisi
491 5469 599 5522 hoc
652 5467 858 5519 nomine
908 5463 1162 5532 βασιλεὺς
1227 5463 1713 5528 iuterpretabitur?

150 5561 282 5625 Quod
334 5578 440 5614 non
500 5559 681 5613 solum
749 5556 950 5610 Veteris
989 5556 1078 5609 sed
1110 5567 1156 5609 et
1218 5554 1353 5608 Novi
1403 5552 1724 5607 Testamcnti

150 5668 304 5707 ontues
385 5655 712 5719 interpretes
761 5659 1097 5702 attestautur.
1157 5647 1305 5701 Unde
1355 5647 1401 5701 si
1448 5650 1500 5699 iu
1539 5647 1724 5700 alienis

148 5746 363 5805 personis
418 5747 521 5797 hoc
552 5744 831 5796 detestaris
857 5740 1182 5803 vocabulum,
1204 5745 1355 5793 stude
1378 5755 1440 5793 ea:
1484 5738 1723 5793 omnibus

151 5846 243 5889 tam
270 5838 476 5892 Latinis
496 5837 657 5891 libris
687 5851 845 5905 quam
867 5831 1089 5899 Cra’cis,
1110 5833 1216 5888 sive
1238 5834 1394 5903 regis,
1416 5833 1523 5885 sive
1567 5829 1722 5900 βασι-

3250 388 3351 451 102

1778 500 1915 563 λέως
1952 517 2137 555 nomen
2188 502 2426 553 eradere.
2462 497 2536 553 Ex
2573 500 2773 569 quibus
2804 502 3093 558 manifeste
3128 513 3351 572 appar-tt

1773 608 1937 661 quam
1998 593 2275 646 ambitiosi
2317 591 2524 646 fuerint
2562 596 2922 664 imperatores
2980 594 3155 650 Grami
3191 595 3354 664 hujus

1777 683 2015 737 nominis
2079 685 2367 753 βασιλέως,
2401 695 2455 739 et
2509 701 2617 739 non
2649 688 2753 742 nisi
2782 686 3204 757 imperatoribus
3238 687 3354 740 suis

1777 775 2090 838 tribuerint,
2151 794 2273 830 cum
2316 791 2416 830 nec
2474 778 2898 847 imperatoribus
2924 777 3235 832 Occidentis
3258 778 3357 830 ιιίρ

1778 867 1868 920 btti
1930 869 2145 921 vellent.
2179 869 2442 923 Praeterea
2492 872 2891 927 Constantinus
2938 872 3356 941 Porpltyrogett-

1782 971 1931 1020 ttela,
1969 959 2167 1016 Leonis
2200 963 2479 1031 Sapientis
2529 965 2696 1026 illius,
2746 964 2931 1018 Basilii
2966 981 3140 1034 nepos
3173 964 3355 1027 avita-,

1778 1054 2097 1109 ambitionis
2142 1067 2192 1108 ct
2244 1057 2460 1111 invidia:
2528 1056 2727 1121 ltreres,
2775 1055 3062 1110 undecimo
3112 1055 3357 1109 themate

1779 1148 2029 1201 eumdem
2079 1146 2413 1203 Ludovicum
2448 1151 2592 1219 ρἦα
2614 1150 2897 1219 Φραγγίας
2938 1148 3197 1218 appellat,
3228 1162 3354 1200 cum

1782 1251 1960 1296 tamen
2025 1256 2134 1294 non
2199 1243 2477 1311 ignoraret.
2569 1246 2958 1313 imperatorem
3036 1251 3358 1295 coronatum

1784 1334 1949 1387 fuisse
2016 1332 2203 1387 [ἰοιιιω
2260 1348 2291 1387 a
2359 1334 2550 1404 Sergio
2604 1352 2737 1404 papa
2800 1350 2944 1389 anno
2997 1333 3125 1399 8M,
3199 1342 3364 1400 atque

1784 1427 2168 1494 imperatorem
2224 1436 2279 1482 et
2319 1430 2621 1496 Augustum
2659 1428 2995 1483 salutatum:
3039 1438 3092 1482 et
3132 1427 3368 1481 ubicun-

1783 1532 1891 1587 que
1946 1520 2012 1573 tlc
2072 1521 2398 1589 imperatore
2478 1521 2668 1575 Graeco
2736 1520 2867 1590 agit,
2924 1519 3155 1588 βασιλέα
3206 1525 3367 1573 votat

1783 1627 1929 1672 cum,
1970 1622 2023 1664 et
2056 1628 2144 1666 res
2173 1613 2292 1679 ejus
2324 1613 2629 1677 βασιλικάς.
2657 1611 2790 1667 Vide
2845 1612 3016 1681 ipsius
3063 1614 3246 1665 thema
3288 1611 3371 1663 tli-

1787 1714 1934 1757 ctum
1982 1712 2035 1757 et
2082 1714 2235 1757 notas
2286 1702 2534 1757 Federici
2583 1701 2813 1767 Morclli,
2862 1718 2928 1757 ex
2966 1704 3163 1770 quibus
3227 1700 3363 1755 illud

1789 1798 2157 1864 fragmentum
2186 1796 2428 1864 epistolae
2462 1795 2857 1858 excerpsimus.
2888 1794 3079 1847 Itidem
3105 1809 3171 1846 ex
3198 1792 3365 1846 Joan-

1788 1905 1855 1944 ne
1905 1889 2141 1943 hlent‘sio
2180 1888 2346 1942 multa
2387 1902 2673 1958 possemus
2707 1887 2943 1941 afferre:
2990 1886 3080 1956 qui
3122 1887 3175 1939 itt
3207 1884 3368 1939 Glos-

1791 1982 1941 2036 sario
1991 1981 2441 2041 Graecobarbaro,
2468 1994 2598 2033 voce
2659 1976 2796 2047 Ρῆξ,
2828 1989 2951 2047 post
3008 1978 3176 2031 multa
3234 1977 3373 2031 scri-

1791 2082 2007 2136 ptorum
2056 2070 2275 2122 inducta
2337 2068 2647 2122 testimonia
2682 2067 2763 2120 sic
2818 2067 3145 2120 concludit:
3186 2064 3375 2133 Itaque

1794 2163 1903 2234 ρὴξ
1957 2171 2161 2214 tantum
2201 2162 2473 2215 dicebatur
2502 2170 2548 2213 et
2605 2161 2891 2229 imperator
2942 2156 3376 2212 Occidentaliset

1792 2259 1959 2328 quivis
2005 2257 2143 2310 alias
2198 2273 2290 2309 rea:
2341 2256 2549 2308 nomine
2599 2254 2884 2315 communi,
2936 2262 3146 2319 excepto
3202 2250 3376 2303 solum

1794 2351 2051 2419 Bulgaro,
2071 2349 2161 2419 qui
2183 2349 2384 2415 pariter
2408 2359 2564 2417 atque
2601 2344 3219 2411 Constantinopolitanus
3271 2340 3370 2410 βα-

1798 2444 1981 2504 σιλεὺς
2046 2442 2459 2511 indigitabatur.
2524 2439 2668 2493 Citat
2722 2437 2962 2491 Nicetant
3023 2438 3074 2490 in
3132 2433 3381 2488 Manuclc

1797 2535 2097 2589 Contneno.
2153 2534 2247 2584 lib.
2284 2546 2300 2583 t
2343 2541 2400 2584 et
2451 2530 2544 2582 lib.
2604 2545 2701 2595 vu,
2767 2528 3059 2591 Codiuum,
3121 2524 3373 2586 Suidatn,

1799 2623 2226 2681 Constantinum
2284 2621 2589 2676 Manassetn
2627 2621 2682 2675 in
2731 2621 2953 2684 Annal.,
2990 2618 3250 2687 additque
3284 2615 3375 2669 Si-

1798 2720 1937 2774 ciliae
1977 2716 2277 2786 principem
2331 2715 2436 2767 hoc
2493 2728 2694 2767 nomen
2751 2712 2923 2784 ρηγὸς
2977 2708 3381 2764 haereditarium

1800 2811 2076 2879 accepisse
2125 2823 2151 2860 a
2205 2806 2569 2861 Constantino
2599 2804 2812 2873 Magno,
2849 2804 2913 2857 de
2942 2816 3051 2871 quo
3087 2815 3185 2855 nos
3216 2801 3377 2869 paulo

1802 2902 1946 2958 infra
1995 2916 2065 2955 ex
2113 2899 2377 2966 Gregora.
2402 2897 2528 2952 lltec
2558 2897 2723 2965 igitur
2750 2894 2912 2949 habet
2941 2893 3007 2946 de
3060 2893 3163 2946 hoc
3193 2891 3388 2944 discri-
3425 2910 3431 2915 ·

1804 2992 1955 3045 mine
2002 2990 2285 3044 nominum
2323 2993 2437 3041 toto
2471 2985 2822 3053 Theophanis
2854 2982 3105 3036 Ceramei
3136 2989 3386 3049 tempore

1803 3084 2187 3138 observatum:
2247 3094 2311 3134 ex
2360 3093 2469 3147 quo
2506 3076 2686 3131 obiter
2744 3073 2875 3128 illud
2927 3072 3057 3127 refel
3085 3071 3213 3137 itur,
3274 3086 3388 3125 non

1804 3191 1961 3244 posse
1997 3176 2140 3228 illam
2182 3171 2595 3238 inscriptionem
2653 3166 2749 3219 τοῦ
2778 3165 2947 3236 ρηγὸς
2994 3165 3187 3231 Ῥὁτου
3214 3164 3384 3234 perti-

1804 3279 1933 3317 nere
1990 3265 2054 3315 ad
2086 3264 2319 3329 aliquem
2378 3258 2780 3327 magistratum,
2810 3272 2904 3311 seu
2943 3254 3257 3323 praafectum
3290 3253 3385 3309 Si-

1804 3356 1961 3416 Ciliae,
2019 3370 2179 3423 quem
2221 3353 2366 3421 regis
2408 3351 2565 3405 titulo
2599 3366 2696 3420 per
2736 3349 2923 3403 eadem
2959 3357 3201 3417 tempora
3253 3348 3386 3401 insi-

1805 3449 2013 3518 gnitum
2059 3445 2229 3498 fuisse
2289 3445 2532 3497 ostendit
2610 3444 2767 3496 Dom.
2832 3442 3083 3496 Bocchus
3132 3440 3272 3494 l‘irri
3331 3442 3381 3494 itt

1807 3538 1947 3594 notis
2001 3537 2255 3591 Panorm.
2292 3535 2498 3589 Eccles.
2548 3550 2637 3589 an.
2679 3535 2809 3587 Chr.
2856 3534 2981 3597 819,
3023 3549 3088 3587 ex
3147 3533 3383 3603 quodam

1808 3633 2108 3700 prtesertim
2163 3630 2451 3698 Nicepltori
2476 3628 2731 3695 Gregorze
2764 3630 2881 3682 loco
2909 3645 2921 3680 :
2974 3643 3134 3697 quem
3162 3636 3215 3681 et
3244 3628 3384 3680 alias

1809 3725 1993 3779 itidem
2046 3724 2283 3775 rationes
2342 3732 2397 3774 et
2452 3721 2801 3788 conjecturas
2838 3719 2957 3773 vide
3020 3719 3386 3788 apud‘ipsntn

1811 3830 1929 3885 qua:
1974 3828 2104 3868 sane
2158 3813 2244 3864 hic
2290 3825 2396 3863 non
2446 3809 2714 3876 redarguo
2769 3823 2781 3859 :
2834 3808 2927 3859 scd
2982 3805 3388 3874 quantumlibet

1810 3923 1873 3962 ea
1928 3906 2178 3976 probent,
2220 3906 2364 3956 hunc
2414 3904 2572 3971 regis,
2607 3900 2800 3971 ῥηγὸς,
2860 3901 3075 3953 titulum
3118 3899 3390 3967 prmfectis

1814 4001 2011 4053 Sicilia:
2052 3999 2333 4057 tributum,
2363 3994 2428 4047 ad
2466 3996 2677 4047 illorum
2706 3993 2936 4062 aliquem
2975 3994 3250 4061 pertinere
3282 4008 3389 4045 non

1814 4104 1975 4160 posse
2010 4088 2149 4141 hanc
2185 4086 2461 4139 hmniliam
2491 4085 2544 4137 itt
2582 4082 2991 4148 inscriptionem
3021 4096 3085 4134 ex
3125 4081 3281 4134 titulo
3304 4080 3398 4150 βα-

1815 4178 2004 4241 σιλέως
2061 4177 2309 4246 qui~illic
2336 4175 2515 4236 datur,
2567 4173 2822 4226 ostendi:
2882 4182 2937 4225 et
2995 4188 3060 4225 ex
3118 4172 3396 4225 mentione

1814 4270 2155 4333 diadematis,
2202 4278 2257 4322 et
2316 4281 2497 4319 rerum
2535 4267 2586 4319 in
2644 4265 2782 4319 bello
2834 4265 3091 4331 praeclare
3123 4274 3396 4333 gestarum

1819 4364 2192 4432 magnitudine
2250 4362 2460 4412 videtur
2522 4358 2656 4412 satis
2709 4367 2933 4411 certum.
3010 4358 3162 4421 Quod
3217 4368 3396 4410 autem

1818 4454 2014 4507 attinet
2062 4455 2126 4503 ad
2182 4450 2393 4519 Rttgerii
2424 4449 2562 4517 regis
2591 4457 2858 4516 tempora,
2890 4463 3011 4499 eum
3054 4449 3216 4500 etiam
3255 4464 3394 4499 nun—

1819 4560 1981 4616 quam
2050 4544 2298 4615 βασιλέα,
2360 4544 2765 4609 imperatorcnt,
2833 4542 2926 4594 sed
2983 4554 3194 4608 semper
3227 4540 3394 4609 ῥῆγα,

1822 4650 1999 4704 regem
2043 4633 2369 4701 appellatum
2403 4638 2629 4699 apparet
2660 4645 2723 4682 ex
2788 4628 3043 4683 omnibus
3077 4644 3386 4682 monumen-

1823 4730 1890 4783 tis
1925 4737 1977 4779 et
2000 4724 2295 4795 privilegiis
2340 4722 2457 4789 ejus
2511 4732 2754 4790 tempore
2785 4718 2975 4773 Graece
3011 4720 3063 4773 itt
3115 4720 3393 4774 membra-

1823 4820 1904 4873 nis
1957 4816 2199 4884 scriptis,
2230 4824 2285 4868 ct
2324 4828 2389 4869 ex
2430 4812 2773 4866 numismatis
2798 4813 2964 4875 ensis,
2995 4826 3226 4880 quorum
3255 4822 3406 4881 ecty-

1825 4926 1929 4979 pou
2003 4910 2058 4962 in
2128 4910 2315 4961 charta
2364 4920 2681 4974 expressum
2748 4904 2991 4958 ostendit
3048 4904 3177 4956 mihi
3243 4903 3399 4958 Dom.

1823 5003 2131 5057 Antoninus
2153 5000 2374 5053 Amicus
2413 5008 2465 5051 et
2503 4997 2631 5050 mihi
2660 4996 3034 5052 amicissimus
3065 5012 3079 5049 :
3118 4996 3401 5066 Ῥογέριος

1825 5093 2086 5159 κραταιὸς
2147 5092 2372 5159 Σικελῆς
2443 5090 2588 5160 ρἡ.
2640 5090 2695 5144 ῘιΙ
2752 5097 2857 5153 est,
2908 5086 3163 5157 Rogerius
3224 5100 3404 5155 polens

1827 5187 2027 5241 Sicilia:
2066 5200 2177 5238 rex.
2220 5183 2336 5237 iam
2374 5182 2813 5236 ret‘udiscrimcn
2843 5180 2944 5233 hoc
2981 5180 3121 5231 inter
3180 5178 3407 5247 βασιλέα

1828 5289 1878 5332 et
1916 5280 2065 5347 ρἧα
2118 5274 2442 5330 custoditum
2491 5275 2653 5327 ctiam
2714 5286 2820 5324 non
2875 5272 3053 5323 solum
3110 5285 3285 5337 usque
3338 5270 3405 5321 ad

1832 5372 2118 5441 Roget-ium
2170 5384 2371 5436 regem,
2418 5368 2513 5421 sed
2545 5367 2704 5420 etiam
2768 5380 2943 5432 usque
2982 5366 3046 5416 ad
3113 5362 3405 5415 concilium

1829 5465 2221 5525 Florentinutn,
2302 5461 2634 5514 celebratum
2695 5457 2954 5512 trecentis
3038 5456 3210 5509 ferme
3286 5462 3409 5522 pust

1830 5557 2006 5624 ipsum
2044 5553 2222 5615 annis,
2280 5551 2457 5604 video.
2504 5549 2636 5602 Nam
2689 5550 2741 5602 in
2777 5550 2892 5616 ipso
2929 5546 3165 5600 concilio
3215 5543 3406 5596 Grrccc

1829 5646 2034 5714 scripto
2076 5646 2431 5711 imperatores
2456 5639 2697 5694 Orientis
2741 5650 2793 5692 et
2825 5637 3137 5692 Occidentis
3171 5632 3412 5704 βασιλεῖς

1828 5747 2084 5793 eteorum
2120 5734 2345 5802 imperia
2383 5731 2674 5801 βασιλεῖαι,
2707 5730 2885 5784 czeteri
2921 5731 3089 5800 ρῆγες
3118 5734 3402 5784 vocantur,

1844 5831 1934 5888 ubi
1966 5830 2042 5886 sic
2077 5826 2385 5897 patriarcha
2420 5822 2523 5879 LP.
2554 5842 2570 5881 ;
2609 5822 2849 5894 Ὀμοίως
2906 5821 3163 5891 λέγομεν,
3219 5817 3313 5871 καὶ
3361 5822 3412 5871 oi
