4172 6432
159 423 236 484 πρε,
1109 405 1505 467 FRANCISCI
1549 402 1810 463 SCORSI
1860 402 2282 463 PROOEMIUM
2311 403 2387 461 ll.

150 540 234 605 jam
265 536 313 582 in
359 530 473 598 ipso
514 524 746 584 concilio
801 523 1032 591 ὀρινοείιί
1061 531 1112 577 et
1141 520 1496 585 exauctorati,
1536 518 1701 572 fuisse

153 632 495 691 subrogatum.
552 622 594 671 Λ
647 634 753 687 quo
817 625 995 671 autem
1055 630 1172 668 eam
1243 611 1699 667 consecrationem

155 715 413 784 acceperit,
447 729 476 766 a
522 712 771 780 pontifice
828 706 1088 771 Romano,
1126 721 1155 759 a
1189 719 1295 772 quo
1348 700 1543 755 Sicilia:
1584 702 1700 770 epi-

154 810 275 876 scopi
322 807 393 859 ah
439 803 593 857 initio
634 800 906 864 Ecclesiae,
957 810 1140 867 utpote
1209 794 1461 848 Romanae
1498 794 1701 846 dioece-

156 902 231 965 sis,
283 896 521 951 ordinari
594 901 1006 953 consueverant,
1073 905 1139 940 an
1204 885 1331 951 CP.,
1382 886 1596 939 videtur
1651 886 1702 935 in

156 992 347 1045 dubium
404 984 642 1041 revocari
678 999 835 1053 posse
867 983 935 1035 ab
965 982 1029 1033 iis
1067 981 1156 1046 qui
1191 978 1241 1031 in
1288 980 1505 1046 antiqua
1537 976 1705 1029 histo-

159 1082 217 1134 ria
252 1094 315 1131 ae
385 1074 685 1146 prtest’rtim
737 1073 851 1140 ejus
911 1071 1167 1138 temporis
1231 1067 1597 1122 monumentis
1652 1076 1707 1121 et

158 1168 347 1239 sinodis
385 1165 544 1221 CPoli
585 1164 869 1218 celebratis
920 1160 1120 1213 versati
1173 1158 1391 1212 fuerint.
1465 1154 1595 1210 Nam
1649 1166 1707 1208 ut

158 1268 210 1314 ali
248 1272 435 1314 octava
487 1258 678 1312 ordine
736 1265 1066 1323 prmpostero
1115 1253 1320 1314 ordiar,
1376 1252 1426 1304 in
1487 1265 1549 1305 ea
1604 1250 1707 1303 Za-

158 1353 340 1406 charias
382 1348 867 1402 Tauromenitauus
913 1347 1201 1414 episcopus
1255 1358 1283 1394 a
1337 1341 1394 1395 S.
1438 1341 1706 1396 Methodio

157 1442 431 1512 patriarcha
480 1439 609 1501 CP.,
658 1439 743 1491 cui
790 1439 961 1506 ejecto
1004 1435 1211 1489 Joanne
1260 1434 1615 1488 lconomacho
1648 1433 1705 1486 S.

157 1533 360 1602 Ignatins
406 1527 685 1586 successit.
736 1536 918 1597 aperte
976 1528 1173 1579 dicitur
1216 1522 1569 1595 χειροτονίαν,
1608 1526 1709 1579 hoc

154 1637 218 1678 cst
259 1623 726 1683 consecrationem,
788 1619 1081 1688 accepisse.
1140 1617 1344 1673 Locum
1393 1634 1459 1673 ex
1504 1628 1613 1671 act.
1647 1632 1707 1670 ιιι

155 1717 293 1782 ipsius
368 1712 559 1784 synodi
615 1712 774 1766 retuli
838 1709 1105 1765 Procemio
1158 1709 1219 1774 ι,
1287 1709 1316 1779 §
1368 1724 1441 1762 tv.
1504 1707 1558 1760 in
1621 1721 1712 1761 se-

154 1808 295 1874 ptima
348 1822 477 1859 vero
536 1804 887 1873 subjectionis
947 1804 1189 1872 ejusdem
1266 1800 1502 1869 episcopi
1567 1799 1713 1851 Tau-

157 1898 451 1953 romenitani
508 1896 829 1966 patriarcha:
861 1895 968 1950 (ΞΡ.
1004 1894 1206 1947 indicio
1251 1902 1335 1946 est
1385 1890 1711 1959 subscriptio

154 1992 379 2055 Joannis,
414 1993 466 2044 in
512 2005 614 2060 qua
665 1989 1029 2060 patriarcham
1078 2002 1236 2041 suum
1280 1985 1587 2049 Tarasium,
1620 1984 1711 2049 qui

155 2102 206 2138 eo
242 2096 476 2150 tempore
509 2086 715 2153 synodo
767 2092 1011 2151 prmerat,
1045 2080 1128 2133 his
1164 2080 1342 2131 verbis
1387 2076 1713 2143 proﬁtetur:

150 2176 358 2229 Joannes
397 2175 762 2229 sanctissimus
821 2174 1092 2239 episcopus
1128 2170 1492 2223 Taurontenia:
1539 2169 1714 2223 dixit:

154 2268 264 2321 Cum
297 2267 460 2321 veluti
495 2269 702 2319 divinus
749 2262 1077 2317 orthodoxia:
1111 2262 1364 2314 terminus
1395 2263 1496 2314 sint
1525 2260 1714 2314 litters:

153 2377 249 2426 qua
272 2362 330 2411 ab
364 2360 601 2410 Adriano
634 2374 771 2424 papa
802 2356 1021 2408 senioris
1057 2352 1236 2409 Roma:
1260 2356 1330 2406 ad
1361 2354 1473 2419 pios
1502 2364 1711 2407 nostros

152 2447 470 2511 imperatores
522 2460 717 2496 necnon
756 2445 825 2496 ad
880 2442 1160 2496 Tarasiunt
1236 2445 1579 2497 uniuersalem
1620 2459 1715 2510 pa-

154 2539 419 2590 triarcham
461 2548 698 2591 nostrum
752 2539 925 2591 missae
970 2549 1116 2601 sunt,
1146 2540 1221 2591 ita
1253 2537 1500 2602 profiteor
1547 2537 1715 2588 susci-

151 2628 273 2689 piens
301 2642 488 2678 sacras
516 2627 715 2687 iconas,
747 2636 851 2679 etc.
888 2624 1045 2678 Vides
1069 2634 1125 2677 ut
1156 2626 1509 2693 itttperalores
1537 2633 1591 2678 et
1608 2622 1714 2677 ΟΡ.

152 2716 499 2780 patriarcham
560 2729 714 2768 suum
783 2714 1037 2783 appellet.
1101 2713 1468 2785 Similiterque
1530 2730 1718 2770 omnes

151 2806 366 2874 episc0pi
420 2804 620 2857 Sicilia:
650 2803 741 2871 qni
791 2804 844 2857 in
882 2818 945 2858 ea
993 2805 1306 2858 interfuisse
1359 2806 1626 2874 leguntur,
1660 2805 1714 2858 in

152 2901 321 2963 synod.
365 2909 421 2953 et
458 2908 567 2953 act.
622 2897 985 2953 subscribunt.
1020 2896 1097 2949 Ex
1134 2911 1240 2964 quo
1289 2896 1486 2949 indicio
1520 2897 1718 2952 fatetur

148 2992 292 3042 etiam
335 2990 489 3045 dom.
536 2989 785 3043 Bocchus
834 2986 969 3041 Pirri
1032 2987 1083 3041 in
1131 2986 1259 3039 Not.
1312 2986 1458 3038 Eccl.
1504 2985 1716 3055 Syrac.,

150 3081 383 3144 tum.lll,
424 3083 542 3150 jam
591 3095 687 3149 per
742 3081 855 3133 haec
890 3088 1132 3147 tempora
1187 3078 1470 3147 episcopos
1522 3076 1719 3131 Siciliae

148 3172 238 3221 (.‘P.
276 3174 390 3226 sedi
447 3173 680 3237 cmpisse
727 3170 1021 3223 adhaerere.
1079 3167 1282 3224 Deinde
1335 3170 1497 3224 etiam
1546 3184 1608 3222 ex
1653 3185 1718 3222 eo

150 3261 342 3312 videtur
375 3262 428 3313 id
463 3260 683 3330 colligi,
726 3259 865 3328 quod
924 3258 1177 3312 Nicolaus
1210 3260 1250 3323 l,
1288 3262 1439 3329 epist.
1490 3258 1541 3323 9,
1579 3261 1716 3313 Gre-

150 3348 266 3410 gorii
320 3346 653 3416 Syracusani
711 3345 965 3399 antistitis
1023 3346 1303 3399 audaciam
1358 3347 1410 3398 in
1457 3346 1717 3412 judicium

152 3448 304 3500 vocet,
354 3438 504 3505 quod
554 3437 606 3489 in
657 3436 945 3505 lgnatium,
988 3452 1145 3490 suum
1190 3436 1437 3489 videlicet
1488 3437 1720 3503 patriar-

147 3530 308 3589 cbam,
344 3525 647 3595 impietatis
677 3525 855 3592 jacula
910 3526 1264 3579 exercuisset.
1324 3525 1460 3578 Tmn
1519 3541 1584 3579 ex
1622 3528 1718 3578 da-

149 3618 402 3671 mnatione
448 3616 695 3679 ejusdem
728 3616 969 3685 Gregorii
1001 3610 1052 3669 et
1083 3619 1344 3671 sententia
1383 3619 1487 3671 lata
1526 3635 1621 3686 per
1659 3619 1716 3672 S.

147 3706 391 3773 lgnatium
448 3706 860 3773 patriarcham;
913 3722 1073 3774 quam
1112 3707 1212 3760 nisi
1259 3718 1574 3775 potestatem
1624 3709 1721 3761 ali-

146 3811 287 3863 quam
338 3808 500 3851 certe
533 3798 598 3850 ad
631 3797 835 3865 primas
886 3813 1079 3853 causas
1130 3800 1427 3862 habuisset,
1489 3802 1718 3853 laturum

149 3904 402 3957 nunquam
447 3889 620 3940 fuisse
670 3892 998 3941 censendum
1028 3900 1111 3943 est
1138 3909 1150 3943 :
1179 3906 1486 3960 quanquam
1517 3903 1573 3946 ut
1605 3904 1719 3946 rata

147 3982 421 4034 traheretur
470 3982 542 4035 ad
592 3980 828 4035 Leonem
874 3981 938 4034 Ill
981 3985 1287 4051 pontificem
1336 3985 1485 4037 missi
1526 3985 1717 4051 legati;

140 4082 189 4122 et
213 4082 427 4136 caetera,
462 4082 627 4139 prout
651 4071 700 4123 in
730 4071 953 4124 historia
983 4083 1038 4126 et
1067 4077 1271 4142 synodo
1295 4076 1557 4128 habentur
1585 4091 1719 4142 pcr—

146 4175 245 4216 acta
290 4174 421 4217 sunt
474 4164 583 4217 rite
628 4172 790 4231 atque
825 4163 1082 4233 legitime.
1112 4165 1187 4217 Ex
1224 4182 1325 4235 quo
1354 4169 1720 4222 eminentissi-

144 4270 249 4306 nius
286 4255 590 4308 cardinalis
642 4253 904 4309 Duronius
933 4257 999 4310 de
1030 4257 1129 4311 hoc
1149 4258 1269 4326 jure
1297 4272 1324 4309 a
1352 4258 1457 4312 (ΣΡ.
1492 4262 1724 4328 patriar.-

143 4349 230 4397 cha
272 4349 321 4399 iu
357 4347 569 4399 Sicilire
603 4346 874 4399 Ecclesias
932 4350 1202 4402 vindieato
1268 4351 1347 4403 sic
1414 4354 1603 4405 scribit
1658 4355 1723 4406 ad

144 4454 327 4492 annum
363 4440 476 4494 854
510 4458 527 4495 :
562 4441 776 4491 Audisti
829 4441 1103 4508 synodalia
1136 4451 1276 4503 acta,
1312 4446 1597 4497 sententias
1632 4463 1726 4510 pa-

144 4533 493 4585 triarcharum
526 4572 542 4596 ,
590 4532 801 4600 judicia
837 4534 1152 4600 episcopalia
1203 4536 1488 4604 indiguisse
1532 4540 1724 4607 conﬁr-

146 4623 360 4673 matione
401 4624 602 4687 prima:
635 4622 772 4673 sedis
826 4622 1108 4689 pontiﬁcis.
1148 4626 1298 4689 Quod
1331 4642 1506 4681 autem
1542 4629 1725 4683 Sicilia

146 4709 303 4761 insula
333 4711 434 4762 sub
453 4711 684 4775 juribus
723 4710 894 4762 adhuc
921 4724 1056 4764 esset
1096 4712 1325 4767 Orientis
1372 4719 1725 4785 imperatoris,

145 4804 363 4866 quamvis
423 4811 693 4869 occupata
739 4811 870 4854 esset
897 4819 928 4853 a
957 4799 1263 4869 Saracenis,
1306 4809 1503 4875 primas
1538 4826 1726 4866 causas

145 4900 479 4953 occuparerat
541 4889 644 4941 sibi
695 4888 806 4944 ΟΡ.
863 4893 1155 4960 episcopus,
1197 4897 1273 4948 ita
1314 4908 1483 4951 tamen
1528 4910 1581 4952 ut
1631 4920 1728 4956 sua

147 4992 248 5032 seta
314 4980 738 5049 conﬁrmatione
802 4984 1031 5051 indigere
1079 4989 1381 5053 apostolica:
1434 4993 1569 5044 sedis
1627 5012 1729 5048 non

147 5069 418 5132 ignoraret.
464 5069 750 5124 Hactenus
795 5072 1077 5141 Baronius,
1131 5061 1378 5146 idemque
1423 5083 1609 5137 scribit
1633 5084 1729 5138 Ja-

150 5160 299 5213 cohus
358 5159 691 5215 Gordonius
740 5162 792 5215 in
845 5163 1049 5219 Chron.
1097 5166 1162 5220 ad
1209 5182 1408 5225 annum
1458 5179 1727 5242 eumdem,

147 5247 326 5304 citatus
368 5252 442 5304 ab
489 5250 731 5306 Octavio
784 5252 1022 5311 Caetano
1066 5259 1117 5311 in
1164 5257 1407 5330 Isagoges
1464 5281 1579 5335 cap.
1635 5268 1727 5334 58,

149 5350 194 5390 et
233 5344 446 5396 tandem
506 5343 864 5399 manifestum
906 5347 955 5400 id
985 5348 1100 5403 fleri
1161 5351 1368 5405 videtur
1413 5370 1476 5408 ex
1523 5358 1728 5413 novella

148 5442 303 5485 conss.
338 5431 551 5489 Leonis
610 5447 968 5503 cognomento
1017 5437 1309 5510 Sapientis,
1344 5445 1498 5513 cujus
1539 5450 1732 5507 inscri-

153 5524 365 5613 ptioiita
424 5541 488 5579 se
523 5527 735 5578 habet:
772 5525 835 5578 Ἦ
871 5532 1123 5596 γεγονυῖα
1184 5534 1527 5602 Auruncum;
1579 5543 1732 5613 παρὰ

151 5611 229 5660 τοῦ
261 5612 535 5683 βασιλέως
582 5614 817 5677 Λέοντος
865 5619 957 5671 τοῦ
992 5620 1187 5691 Σοφοιλ
1225 5626 1372 5691 ὅπως
1415 5629 1598 5699 ἔχουσι
1637 5611 1735 5690 1-d-

153 5700 266 5766 ξεως
307 5708 355 5758 οἱ
410 5706 611 5775 θρόνοι
668 5707 779 5759 τῶν
849 5709 1186 5782 Ἐκκλησιῶν
1222 5718 1597 5791 ὑποκειμένων
1656 5730 1733 5800 τῷ

155 5798 443 5873 πατριάρχη
482 5800 595 5870 τῆς
616 5799 1259 5874 Κωνσταντινουπόλεως.
1290 5810 1569 5881 Dispositio
1584 5798 1728 5891 facta

448 5901 741 5960 PATROL.
788 5898 905 5962 Gn.
948 5903 1241 5969 CXXXII.

3286 395 3386 459 ιοδ

1812 534 1905 585 per
1938 517 2297 585 imperatorem
2332 516 2552 569 Leonem
2600 514 2922 581 Sapientem,
2971 528 3117 583 quem
3153 514 3385 567 ordinem

1803 610 2026 663 habeant
2066 612 2240 662 throni
2300 608 2650 662 Ecclesiarum
2711 606 3031 675 patriarcha!
3071 604 3183 660 ΟΡ.
3215 604 3387 672 subje-

1803 708 2032 752 ctarum.
2068 699 2125 751 In
2159 707 2401 754 extremo
2432 713 2561 754 vero
2592 708 2715 767 post
2764 699 3133 753 rccensionem
3173 696 3386 750 illorum

1803 792 2167 845 subduttturoi
2191 793 2637 857 ἀποσπασθέντες
2664 793 2727 845 ὲκ
2750 793 2849 863 τῆς
2897 792 3217 860 Ῥωμαῖκῆς
3258 791 3389 843 διοι-

1804 886 2037 954 κήσεως,
2082 887 2177 937 καὶ
2214 883 2309 936 νῦν
2357 885 2638 948 τελοῦντες
2688 884 2793 937 ὑπὸ
2842 884 2935 937 τὸν
2993 883 3182 953 θρόνον
3232 884 3381 936 Κων-

1806 974 2298 1038 οταντινουπόλεως
2362 978 2789 1044 μητροπολῖται,
2821 978 2917 1029 καὶ
2977 976 3026 1027 oi
3084 974 3175 1027 ὑπ’
3209 974 3388 1026 αὐτῶν

1805 1066 2117 1128 ἐπίσκοποι,
2142 1066 2313 1118 avulsi
2343 1083 2375 1119 a
2406 1066 2643 1120 Romana
2693 1068 2900 1121 dioecesi
2928 1078 2977 1120 et
3010 1065 3117 1121 ΟΡ.
3167 1063 3391 1134 subjecti

1807 1159 2018 1211 throno.
2050 1159 2247 1213 Deinde
2279 1172 2653 1225 numerantur,
2682 1160 3073 1230 Syracusanus,
3102 1160 3392 1216 Thessalo-

1807 1251 2040 1305 nicensis
2071 1261 2126 1306 et
2170 1252 2261 1306 alii
2312 1252 2667 1323 metropolita:
2727 1252 3009 1307 nonnulli:
3045 1252 3390 1323 Syracusano

1807 1340 2166 1408 subjiciuntur
2219 1340 2732 1407 Tauromenitanus,
2789 1340 3176 1405 Messaniensis,
3234 1342 3393 1409 Agri-

1807 1435 2079 1501 gentinns,
2110 1442 2165 1486 et
2208 1434 2296 1484 alii
2334 1433 2589 1500 deinceps
2622 1440 2889 1502 quotquot
2922 1443 3079 1488 erant
3110 1445 3220 1486 tum
3256 1431 3396 1487 Sici-

1810 1526 1893 1578 lize
1945 1524 2205 1592 episcopi.
2256 1524 2382 1578 Haec
2433 1534 2557 1578 sunt
2609 1526 2912 1579 testimonia
2960 1542 3025 1581 ex
3077 1529 3301 1596 synodis
3336 1536 3391 1580 et

1810 1615 2034 1668 historia
2104 1614 2219 1681 ejus
2269 1615 2369 1668 sevi
2422 1616 2737 1683 deprompta
2810 1630 2929 1683 quae
2974 1615 3248 1684 subiectas
3299 1630 3395 1684 per

1809 1711 2050 1765 eamdem
2092 1719 2463 1778 tempestatem
2525 1709 2795 1764 Ecclesias
2835 1711 3034 1765 Siciliae
3072 1710 3394 1779 patriarcha

1808 1804 1912 1858 GP.
1949 1804 2153 1873 possint
2195 1805 2328 1857 satis
2357 1805 2748 1857 demonstrare.
2799 1803 2950 1858 Unde
2980 1812 3034 1858 et
3058 1804 3247 1858 eodem
3272 1803 3395 1867 jure

1811 1893 2197 1963 Theophanem
2237 1905 2476 1949 nostrum
2506 1910 2536 1947 a
2570 1894 2627 1949 S.
2658 1893 2885 1965 lgnatio,
2921 1894 3229 1963 patriarcha
3260 1892 3393 1958 CP.,

1813 1987 2015 2039 sedatis
2044 1988 2155 2054 jam
2192 2002 2287 2055 per
2318 1986 2584 2055 synodum
2618 2001 2711 2039 vm
2744 1986 2887 2040 illius
2924 1986 3175 2040 Ecclesia:
3202 1985 3393 2047 turbis,

1815 2077 2125 2131 ordinatum
2166 2079 2415 2145 augurari
2438 2079 2559 2146 quis
2589 2078 2777 2147 possit.
2794 2078 2945 2146 Quod
2965 2079 3007 2131 si
3037 2079 3161 2145 quis
3185 2078 3398 2146 opinari

1816 2170 1963 2233 velit,
2001 2170 2197 2223 nullam
2229 2182 2375 2224 certe
2404 2154 2585 2224 notam
2617 2170 2929 2225 schismatis
2952 2169 3269 2239 Theophani
3302 2184 3394 2222 no-

1813 2269 1929 2315 stro
1953 2262 2287 2329 imposuerit,
2316 2276 2437 2315 cum
2471 2276 2569 2315 uec
2595 2276 2624 2314 a
2648 2260 2839 2315 Photio
2860 2262 3394 2330 pseudopatriarcba,

1813 2353 2121 2417 schistnatis
2172 2362 2416 2416 auctore,
2468 2351 2562 2405 sed
2587 2366 2617 2405 a
2648 2350 2705 2405 ε.
2734 2352 2942 2416 lauatio
2984 2352 3222 2421 legitimo
3261 2362 3316 2403 et
3342 2354 3397 2405 in

1816 2459 1966 2497 suam
2021 2444 2202 2498 sedem
2256 2444 2507 2497 restituto
2566 2456 2945 2499 consecratum
2995 2446 3173 2509 dicat;
3225 2458 3401 2513 neque

1817 2535 1885 2589 ab
1932 2534 2032 2586 hoc
2064 2532 2123 2586 S.
2162 2533 2473 2602 patriarcha
2513 2532 2565 2587 id
2611 2535 2909 2604 illegitime,
2950 2547 3011 2590 et
3048 2542 3169 2591 sine
3215 2538 3398 2608 aliqua

1819 2635 2081 2696 potestate
2128 2625 2318 2679 saltem
2357 2626 2616 2693 peculiari
2648 2627 2751 2681 sibi
2787 2628 3047 2697 permissa
3075 2644 3106 2683 a
3135 2632 3263 2686 sede
3290 2629 3401 2683 Ro-

1819 2731 1997 2769 mana.
2043 2713 2176 2767 Nam
2230 2729 2324 2782 per
2372 2717 2735 2779 occasionem,
2783 2719 2927 2787 quod
2979 2718 3052 2773 ibi
3098 2729 3401 2774 moraretur

1818 2802 2172 2873 Theophanes
2207 2818 2273 2856 ex
2315 2806 2749 2873 peregrinatione
2801 2816 3052 2875 suscepta
3089 2807 3400 2881 Hierosoly-

1820 2912 1983 2960 mam,
2020 2898 2086 2948 de
2117 2909 2222 2963 qua
2267 2894 2507 2948 dicemus
2537 2894 2564 2965 ς
2591 2899 2858 2965 sequenti,
2893 2900 2975 2954 vel
3006 2901 3109 2953 alia
3147 2900 3321 2969 potuit
3347 2903 3402 2957 id

1822 2987 1933 3043 fieri
1983 2987 2242 3057 legitime,
2279 2997 2336 3041 ut
2378 2988 2507 3040 dixi.
2550 2988 2655 3042 Sed
2704 3000 2881 3045 tamen
2935 2994 3149 3059 quando
3197 2994 3298 3048 hoc
3330 3009 3400 3050 ex

1820 3080 2126 3148 conjectura
2154 3090 2209 3133 et
2255 3079 2664 3134 ratiocinatione
2719 3084 2952 3149 quadam
3007 3084 3240 3153 gratuita
3274 3087 3400 3155 quis

1820 3170 2071 3240 augurari
2118 3171 2309 3239 possit,
2336 3185 2442 3224 non
2476 3181 2626 3225 certo
2653 3184 2975 3241 argumento
3018 3177 3399 3251 comprobare,

1820 3259 1979 3314 liceat
2007 3259 2185 3329 potius
2214 3261 2545 3315 contrarium
2572 3264 2846 3330 augurari,
2873 3271 2927 3316 et
2950 3278 3077 3319 eum
3100 3280 3131 3318 a
3155 3266 3401 3322 Rontauo

1821 3354 2077 3421 pontilice
2126 3354 2303 3421 potius
2330 3368 2493 3419 quam
2534 3368 2563 3405 a
2603 3356 2910 3422 patriarcha
2937 3356 3043 3412 ΟΡ.
3076 3356 3243 3414 fuisse
3270 3375 3402 3415 con-

1822 3455 2131 3511 secratum;
2167 3446 2308 3513 quod
2336 3458 2398 3498 es
2429 3444 2555 3498 mihi
2583 3446 2744 3500 liceat
2771 3446 2835 3500 de
2861 3446 3192 3518 Theophane
3216 3463 3402 3508 nostro

1823 3535 2119 3601 praesertim
2159 3535 2395 3599 credere,
2437 3539 2581 3603 quod
2630 3550 2755 3591 eum
2817 3538 3024 3593 videam
3069 3542 3125 3596 in
3167 3543 3254 3599 bis
3289 3545 3403 3600 suis

1820 3628 2182 3694 sermonibus,
2226 3628 2293 3682 ad
2342 3628 2598 3698 populum
2641 3638 2696 3686 et
2738 3646 2951 3701 gregem
3002 3650 3158 3690 suum
3200 3638 3401 3695 habitis

1820 3715 1888 3770 de
1915 3716 1977 3770 S.
2005 3716 2150 3771 Petri
2183 3726 2236 3771 et
2269 3732 2650 3775 successorum
2682 3721 2800 3788 ejus
2830 3725 3062 3792 primatu
3093 3728 3316 3797 optime,
3345 3741 3400 3785 et

1822 3818 1879 3859 ut
1933 3808 2256 3864 catholicum
2309 3811 2628 3878 scriptorem
2680 3811 2859 3880 decet,
2917 3820 3143 3884 sentire,
3194 3831 3250 3876 et
3289 3819 3399 3878 fre-

1822 3906 2052 3967 quenter
2081 3898 2249 3967 illum,
2276 3903 2571 3969 praesertim
2605 3918 2734 3960 vero
2763 3907 2982 3963 homilia
3014 3910 3094 3963 De
3119 3910 3216 3967 SS.
3241 3912 3399 3968 Petro

1820 3999 1869 4040 et
1916 3988 2111 4053 Paulo,
2163 3994 2476 4048 contestari.
2527 3995 2603 4049 Ex
2654 4012 2758 4065 qua
2810 4000 2973 4054 etiam
3029 4003 3396 4059 testimonium

1822 4079 2045 4145 protulit
2091 4080 2351 4135 adversus
2380 4082 2865 4154 Magdeburgenses
2910 4099 3198 4145 novatur-es
3226 4092 3399 4147 Fran-

1821 4167 1997 4222 ciscus
2053 4166 2370 4235 Turrianus,
2417 4181 2474 4223 ut
2520 4172 2573 4226 in
2623 4174 2813 4243 elogiis
2863 4178 2930 4231 ad
2982 4178 3143 4232 finem
3202 4181 3395 4237 borum

1825 4259 2216 4316 Procemiorum
2264 4264 2474 4331 positis,
2508 4275 2562 4319 et
2593 4266 2717 4321 alibi
2759 4266 2940 4323 videre
2962 4280 3063 4325 est.
3097 4270 3302 4328 Deinde
3330 4277 3398 4329 de

1827 4355 2074 4409 universa
2110 4353 2379 4410 Siciliensi
2416 4356 2655 4412 Ecclesia
2705 4359 2831 4413 illud
2863 4370 2922 4415 ut
2958 4372 3167 4418 certum
3214 4367 3398 4435 explo-

1828 4456 2111 4513 ratumque
2164 4444 2463 4510 aﬂlrmabo,
2519 4462 2638 4502 eam
2694 4450 2936 4518 pontiﬁci
2998 4454 3244 4510 Romano
3292 4473 3397 4512 non

1826 4534 1999 4588 solum
2062 4552 2168 4605 qua
2213 4536 2447 4603 pontifex
2481 4548 2564 4593 est
2589 4551 2641 4594 et
2665 4544 2985 4600 universalis
3030 4548 3278 4615 antistes,
3305 4552 3398 4605 sed

1825 4624 1986 4677 etiam
2046 4627 2300 4693 peculiari
2351 4629 2494 4697 jure,
2543 4647 2646 4700 qua
2703 4634 3014 4701 patriarcha
3068 4638 3399 4707 Occidentis,

1827 4717 2048 4782 Siciliae,
2105 4733 2225 4784 quae
2264 4721 2329 4773 ad
2381 4721 2726 4779 Occidentem
2793 4730 3047 4795 pertinet,
3107 4731 3400 4788 Ecclesiatn

1828 4808 1901 4861 illi
1951 4810 2257 4865 innnediate
2311 4811 2481 4867 fuisse
2539 4817 2860 4884 sulijectam,
2898 4831 3081 4890 utpote
3125 4839 3243 4891 quae
3277 4839 3306 4878 a
3342 4826 3400 4880 S.

1830 4902 1988 4957 Petro
2038 4902 2200 4957 fuerit
2252 4903 2517 4960 instituta.
2560 4908 2633 4962 De
2659 4924 2767 4976 quo
2798 4912 2916 4966 vide
2945 4912 3270 4969 luculentam
3301 4918 3407 4971 dis-

1828 4994 2176 5046 sertationem
2211 4991 2394 5048 Jacobi
2433 4995 2707 5051 Sirmundi
2745 5000 2799 5055 in
2834 5000 3169 5071 Protreptico
3218 5016 3403 5059 contra

1830 5083 2081 5139 Salmasii
2132 5084 2556 5155 Eucharisticon,
2589 5092 2654 5142 de
2683 5092 3063 5149 suburbicariis
3106 5098 3405 5165 regionibus

1830 5177 1925 5231 lib.
1958 5192 2016 5239 ιι,
2046 5193 2167 5247 cap.
2199 5178 2285 5233 10.
2320 5177 2470 5244 Quod
2511 5181 2852 5237 manifestum
2886 5199 3010 5242 esse
3039 5189 3117 5243 ait
3140 5188 3404 5245 Innocen-

1834 5269 1938 5322 tius
1986 5268 2002 5319 l
2056 5283 2209 5339 poni.
2262 5270 2328 5324 ad
2383 5271 2709 5328 Decennium
2760 5278 3057 5334 scribens:
3092 5278 3158 5333 In
3202 5298 3406 5337 omnem

1833 5361 2072 5427 Italiam,
2105 5361 2325 5427 Gallias,
2366 5362 2674 5431 Hispanias,
2710 5368 2947 5438 Africam
2971 5384 3125 5440 atque
3163 5373 3404 5429 Siciiotn

1831 5454 2134 5524 insulasque
2158 5457 2525 5525 interjacentes
2558 5460 2759 5513 nullum
2794 5463 3083 5518 instituisse
3116 5467 3403 5531 Ecclesias,

1831 5548 1933 5600 nisi
1968 5563 2055 5601 eos
2085 5564 2213 5616 quos
2263 5550 2576 5604 venerabilis
2633 5550 2825 5607 Petrus
2856 5559 3127 5624 apostolus
3154 5568 3243 5611 aut
3289 5559 3405 5630 ejus

1830 5657 2150 5695 successores
2190 5643 2551 5697 constituerint
2600 5648 2916 5705 sacerdotes.
2957 5648 3061 5705 Sed
3092 5666 3192 5721 ego
3220 5662 3403 5708 actum

1832 5748 2069 5804 agerem,
2103 5743 2157 5789 et
2185 5732 2419 5788 fabulam
2458 5747 2819 5806 recantarem,
2851 5741 2896 5795 si
2925 5743 3027 5795 hoc
3054 5750 3108 5797 et
3134 5744 3256 5799 aliis
3286 5759 3408 5799 cer-

1839 5828 2060 5884 tiSsimis
2094 5830 2424 5898 argumentis
2454 5833 2794 5890 ostenderem
2841 5833 3178 5891 Siciliensem
3218 5835 3408 5893 Eccle-
