4172 6432
147 426 224 491 109

145 554 274 616 gestis
301 544 473 611 deque
500 540 789 595 virtutibus
822 546 943 591 sunt
977 537 1028 589 in
1064 536 1147 588 his
1184 531 1523 587 sermonibus
1557 528 1649 579 rt-li

144 649 209 691 cla
249 634 463 702 vcstigia
507 641 903 695 cunscctemur,
937 635 992 681 ιιι
1028 627 1259 695 aliquam
1303 623 1512 675 tandem
1552 619 1671 670 vita:

146 729 234 796 ejus
256 728 487 793 speciem
520 724 925 779 adumhrcmus.
955 717 1088 774 lllttd
1117 725 1295 770 autem
1328 715 1467 784 quod
1500 711 1564 764 ad
1597 725 1683 763 res

147 829 287 887 gestas
332 818 548 880 attinet,
591 826 841 871 con5tare
875 820 1068 882 poteSI,
1114 824 1236 862 cum
1289 822 1392 861 non
1427 813 1682 874 perpetuo

147 912 456 966 Taurotnenii
497 927 618 966 cunt
653 919 796 965 esset
835 909 1119 978 episcopus
1152 902 1439 962 resedisse,
1476 898 1569 952 sed
1602 896 1681 949 vel

149 1003 310 1073 negotii
344 1001 598 1057 Ecclesia:
634 1016 741 1054 sua:
770 996 1022 1059 obeundi,
1055 995 1134 1047 vcl
1185 990 1398 1063 pietatis
1446 1004 1508 1042 ac
1558 986 1675 1041 reli-

147 1096 287 1165 gionis
321 1110 447 1162 ergo
496 1108 717 1164 peregre
762 1092 828 1143 ah
876 1104 937 1142 ea
985 1088 1151 1141 fuisse
1188 1082 1484 1151 profectum
1518 1099 1530 1132 :
1562 1094 1681 1132 nam

148 1192 195 1238 ce
221 1185 449 1238 terrestri
481 1200 573 1252 per
605 1182 846 1237 Siciliam
882 1179 1074 1232 itinere
1104 1177 1328 1244 ipsemet
1364 1171 1472 1242 agit
1502 1170 1554 1221 in
1588 1168 1684 1220 ho-

147 1275 261 1328 milia
305 1277 367 1328 de
417 1284 600 1327 sancto
652 1270 937 1324 Pancratio
981 1266 1189 1337 (homil.
1239 1264 1394 1329 LVII),
1443 1262 1529 1315 ubi
1579 1274 1684 1313 non

149 1369 323 1420 venisse
358 1382 415 1421 se
446 1368 576 1420 dicit
605 1366 833 1418 κατόπιν
874 1361 973 1430 τῆς
1024 1359 1241 1429 ἑορτῆς,
1291 1358 1391 1411 hoc
1434 1364 1514 1408 est
1559 1356 1687 1425 festo

146 1471 341 1525 peracto,
384 1461 459 1513 uti
499 1460 781 1529 proverbio
816 1456 1010 1519 fertur,
1055 1453 1304 1523 quamvis
1349 1451 1400 1505 id
1436 1464 1502 1503 ne
1539 1449 1684 1501 acci-

149 1554 269 1604 ilcrct
292 1552 497 1604 veritus
525 1552 627 1613 sit;
654 1552 744 1604 sed
778 1549 847 1601 ita
884 1554 1185 1600 maturasse
1214 1543 1335 1609 iter,
1368 1552 1426 1596 ut
1460 1538 1684 1609 tempori

150 1643 202 1694 ad
255 1641 537 1695 ecclesiam
607 1656 763 1696 suam
825 1639 1131 1705 festumque
1190 1633 1331 1688 diem
1390 1633 1684 1687 solemnem

151 1733 195 1785 S.
225 1732 481 1787 Pancratii
512 1734 894 1788 celebrandum
932 1746 1034 1784 una
1061 1744 1185 1785 cum
1220 1741 1318 1782 suo
1348 1722 1541 1792 pepulo
1569 1735 1688 1791 per-

147 1826 344 1879 veniret.
383 1826 445 1878 lit
469 1826 682 1893 quidem
704 1826 975 1879 Panormo
1010 1832 1119 1875 tum
1151 1836 1208 1874 se
1243 1817 1426 1872 venire
1452 1812 1687 1868 ostendit

146 1918 231 1970 illis
254 1915 425 1971 verbis
460 1934 473 1968 :
516 1914 596 1968 Ex
627 1914 859 1967 terrestri
897 1914 1079 1967 itinere
1117 1910 1382 1966 Panornto
1410 1906 1686 1959 adrenien-

147 2020 205 2061 ίεδ
228 2010 371 2075 Ῑῖαειὶ
398 2024 613 2075 corpore
636 2022 848 2068 sumus;
881 2006 969 2060 sed
995 2007 1067 2059 vis
1092 2012 1165 2058 est
1195 1998 1437 2071 facienda
1465 1994 1689 2063 infirmi-

148 2104 227 2153 tati
252 2103 497 2169 corporis.
526 2104 641 2167 Qua
678 2115 802 2154 vero
828 2100 893 2154 de
920 2111 1080 2155 causa
1112 2095 1436 2150 Panormum
1469 2104 1526 2144 se
1555 2102 1689 2141 con-

148 2194 321 2255 tulerit,
359 2195 505 2247 haud
558 2203 739 2263 potest
787 2208 849 2246 ex
903 2191 1084 2260 aliquo
1137 2189 1256 2242 loco
1304 2183 1501 2252 colligi.
1536 2180 1690 2235 Certe

150 2284 235 2338 title
260 2284 465 2352 publica
502 2300 595 2353 per
626 2283 889 2348 inducias,
919 2280 1060 2337 forte
1096 2280 1160 2333 ad
1194 2274 1537 2333 redimendos
1592 2285 1688 2327 ca-

147 2382 315 2447 ptivos,
342 2394 406 2433 eo
441 2379 658 2435 venisse
676 2376 984 2433 vcrosimile
1016 2374 1183 2429 videri
1222 2370 1409 2441 possit,
1447 2382 1567 2423 cum
1600 2379 1694 2435 per

150 2473 189 2524 il
215 2484 410 2538 tempus
438 2470 549 2539 jam
580 2474 632 2525 iu
667 2469 1063 2524 Saracenorum
1105 2474 1249 2520 esset
1291 2468 1556 2533 potestate
1588 2472 1692 2512 non

150 2564 295 2617 solum
318 2562 640 2629 Panormus,
673 2564 767 2618 sed
797 2561 1045 2615 universa
1088 2572 1222 2627 pene
1254 2553 1433 2608 Sicilia
1469 2558 1695 2618 excepto

149 2653 507 2719 T.turomcnio,
539 2669 601 2709 ac
636 2653 887 2709 fortassis
917 2652 1078 2706 etiam
1110 2646 1415 2718 Syracusis,
1443 2656 1562 2713 quae
1596 2641 1697 2696 sub

149 2745 318 2802 Basilio
375 2747 673 2802 Macedone
725 2747 939 2801 tandem
998 2750 1127 2799 sunt
1172 2749 1493 2812 expugnata:
1536 2754 1547 2789 :
1602 2748 1699 2791 nec

149 2840 342 2892 Cclarittt
376 2840 639 2893 lectorem
673 2837 728 2892 in
760 2836 1035 2907 aliquibus
1063 2848 1192 2889 mss.
1227 2849 1330 2886 nou
1360 2831 1461 2901 legi
1496 2830 1701 2899 Πανορ-

153 2930 296 2997 μῆῡεν
318 2930 656 2999 6δοιπορέας.
682 2930 776 2983 sed
798 2926 1136 2999 ὁρμηθείαης
1168 2922 1495 2993 ὁδοιπορίας.
1523 2920 1702 2975 Facile

149 3032 304 3073 autem
328 3021 503 3090 potuit
523 3035 585 3072 ex
612 3020 827 3087 ingenio
846 3018 1130 3087 scriptoris
1152 3016 1237 3070 cui
1263 3014 1399 3068 forte
1418 3014 1478 3067 τὸ
1498 3013 1705 3081 Πανορ-

152 3112 319 3179 piem,
354 3112 436 3165 rel
480 3113 774 3165 obscurum
809 3109 891 3162 vel
941 3108 1179 3163 insolens
1208 3107 1375 3161 videri
1409 3105 1607 3175 potuit.
1650 3103 1704 3156 itl

151 3205 471 3257 tonunutari.
529 3205 635 3260 Sed
685 3201 1043 3272 Παν·.ρμῆοεν
1095 3201 1199 3255 dici
1253 3196 1705 3267 ὲπιρρηματεκῶς

148 3311 199 3349 ex
234 3313 323 3350 usu
359 3297 565 3352 Graues»
618 3298 813 3365 lingua:
847 3305 963 3357 est;
1016 3292 1175 3346 sicuti
1223 3290 1290 3343 ab
1337 3286 1572 3343 Homero
1621 3287 1703 3341 di-

150 3397 269 3439 tltllll
302 3388 637 3457 Σιὼνιῆοεν,
668 3403 734 3441 ex
767 3383 996 3447 Sidone;
1028 3392 1083 3436 et
1116 3379 1280 3435 multa
1322 3379 1424 3433 alia
1456 3378 1508 3433 id
1541 3393 1707 3448 genus

150 3478 356 3543 reperiat
388 3479 571 3545 quivis
606 3478 745 3545 apud
797 3482 1069 3528 auctores.
1103 3469 1221 3524 1am
1274 3470 1438 3539 igitur
1487 3470 1708 3537 coiliges

147 3582 199 3620 ex
226 3570 318 3619 hoc.
350 3569 469 3621 luco
506 3568 655 3619 illum
691 3580 918 3636 peregre
948 3566 1231 3618 advenisse
1263 3561 1706 3625 Tauromenium,

148 3677 190 3719 ct
220 3669 426 3735 quidem
469 3676 635 3720 terra.
668 3663 823 3730 Quod
855 3671 1030 3716 autem
1062 3662 1224 3713 etiam
1253 3659 1520 3727 navigarit
1556 3665 1709 3710 extra

149 3760 389 3823 Siciliam,
426 3774 482 3815 et
534 3759 733 3812 fretum
787 3755 1161 3809 Mamertinum
1215 3750 1513 3818 traiecerit,
1558 3756 1709 3801 extra

150 3854 561 3906 controversiam
595 3858 701 3911 cst,
735 3863 831 3901 nec
859 3845 1213 3915 ambiguitate
1241 3843 1524 3909 scripturae
1558 3837 1714 3891 inob-

151 3950 395 3992 Scuratur.
422 3940 659 3991 Constat
689 3938 833 3989 enim
857 3949 919 3989 ex
951 3934 1171 3988 humilia
1208 3934 1263 3984 in
1290 3939 1530 3984 sanctum
1555 3927 1713 3981 Nico-

147 4031 268 4082 luunt
306 4032 520 4099 (humil.
563 4031 638 4095 ι),
689 4028 775 4080 ubi
822 4026 1065 4095 ejusdem
1099 4024 1274 4079 sancti
1307 4020 1516 4075 Nicolai
1549 4034 1649 4088 ope
1685 4034 1713 4071 a

151 4139 316 4192 magna
351 4133 683 4194 tempestate
711 4124 764 4176 in
795 4137 857 4177 eo
889 4122 1027 4175 freto
1058 4127 1242 4174 coorta
1276 4133 1333 4174 se
1362 4126 1717 4184 rectoresque

148 4222 352 4269 ceteros
378 4216 650 4269 liberatos
702 4215 874 4266 docet.
918 4211 1062 4283 Lege
1105 4226 1229 4265 eum
1274 4210 1483 4271 locum;
1511 4221 1575 4259 ex
1609 4220 1717 4274 quo

146 4307 288 4359 etiam
323 4322 435 4361 non
473 4307 714 4359 obscure
749 4318 1083 4373 auguramur
1131 4316 1247 4356 cam
1299 4299 1574 4354 homiliam
1610 4311 1715 4351 non

149 4396 471 4453 Tauromenii
508 4398 752 4451 habitam
790 4414 804 4451 :
843 4396 913 4449 ita
949 4394 1092 4449 enim
1126 4393 1370 4464 loquitur
1398 4395 1462 4446 de
1490 4390 1718 4446 lllamer-

148 4490 245 4541 tino
270 4490 430 4555 freto,
462 4491 654 4555 itaque
686 4471 817 4541 illttd
848 4484 1126 4549 describit,
1156 4495 1341 4538 utnon
1368 4491 1551 4537 notum
1585 4496 1720 4552 pene

151 4591 257 4635 ante
299 4583 491 4636 oculos
544 4581 806 4650 positum,
845 4586 901 4630 ut
948 4574 1423 4631 Tauromenitanis
1473 4582 1575 4637 est,
1627 4574 1718 4627 sed

152 4682 395 4727 remotum
451 4673 523 4725 ah
578 4670 939 4731 auditoribus,
995 4682 1093 4722 nec
1140 4666 1365 4721 omnino
1406 4665 1717 4734 cognitum;

153 4764 216 4817 sic
237 4766 375 4817 enim
399 4765 477 4817 ait
502 4782 517 4815 :
542 4762 773 4815 Πλέοντι
798 4760 904 4829 γάρ
930 4759 1018 4830 μοί
1042 4774 1171 4812 ποτε
1193 4759 1320 4827 περὶ
1341 4757 1491 4810 δύσιν
1518 4755 1722 4823 [linia-

152 4854 239 4907 ὅων
270 4856 356 4909 τὸν
398 4853 697 4908 Σικελικὸν
733 4850 997 4922 πορθμὸν,
1040 4848 1097 4911 ὃς
1133 4847 1340 4917 μεταξὺ
1373 4845 1467 4899 τοῦ
1502 4844 1719 4914 Ῥηγίου

155 4948 231 4997 καὶ
251 4945 498 5009 Σικελίας
528 4941 904 5013 ρευματωδῶς
934 4939 1333 5009 καταφέρεται·
1357 4952 1477 5006 quas
1503 4937 1580 4990 sic
1611 4945 1721 4989 tra-

150 5038 257 5091 duxi
292 5058 303 5092 :
337 5038 472 5092 Cum
518 5040 663 5091 enim
710 5038 1007 5103 navigarem
1040 5032 1330 5102 aliquando
1372 5030 1512 5085 circa
1546 5029 1721 5084 Pleiav

154 5130 257 5182 dum
298 5145 549 5183 occasum
601 5142 694 5194 per
726 5125 971 5179 Siculum
1004 5124 1218 5192 fretum,
1246 5123 1380 5192 quod
1421 5123 1558 5175 inter
1586 5119 1722 5174 R/te-

155 5222 272 5290 gism
300 5234 345 5276 et
376 5221 641 5277 Siciliam
683 5219 920 5287 ﬂuminis
952 5219 1127 5271 instar
1160 5216 1417 5269 decurrit.
1453 5212 1591 5280 Quid
1623 5225 1722 5267 ne-

156 5330 286 5371 cesse
314 5316 414 5370 luit
447 5316 542 5368 illa
578 5311 886 5379 designatio
927 5310 1029 5363 loci
1061 5317 1116 5363 et
1150 5306 1271 5362 lreti
1310 5306 1591 5372 [luxusque
1630 5306 1725 5360 de-

154 5410 376 5478 scriptio,
411 5410 458 5462 si
498 5403 865 5461 Tauromenii
917 5402 1007 5457 illa
1054 5399 1316 5455 dixisset?
1345 5398 1483 5465 Quid
1516 5396 1723 5452 Tauro-

161 5504 294 5554 meuii
328 5500 527 5555 incolis
565 5496 792 5551 notius?
823 5494 984 5565 Igitur
1007 5504 1160 5549 extra
1194 5490 1435 5547 Siciliam
1465 5502 1724 5547 eratcum

161 5607 209 5643 ea
250 5594 480 5648 dicebat.
517 5591 664 5645 Cum
702 5603 830 5642 vero
862 5585 1326 5655 Constantinopoli
1360 5599 1483 5640 eum
1522 5584 1727 5639 dixisse

163 5690 408 5743 liomiliam
440 5690 534 5753 εις
569 5685 646 5737 τὰ
670 5682 823 5747 ﬁd't'a
844 5681 1051 5750 (homil.
1082 5679 1231 5750 sxw)
1253 5691 1413 5748 supra
1443 5692 1725 5734 ostensum

164 5782 239 5844 sit,
274 5782 469 5838 ibidem
527 5779 704 5834 etiam
759 5776 898 5830 hanc
952 5775 1151 5829 dictam
1205 5772 1349 5827 haud
1402 5771 1726 5840 abnuerim;

166 5870 267 5929 licet
310 5875 353 5933 si
400 5876 530 5947 quis
583 5869 716 5927 alibi
765 5869 968 5925 dictum
1013 5865 1135 5924 velit
1184 5864 1326 5922 haud
1356 5867 1724 5938 repugnarunt,

1078 419 1474 481 FRANCISCI
1518 416 1783 477 SCDRSI
1834 417 2265 479 PliO(E.\llUM
2305 421 2387 479 ll.

3246 423 3345 484 llu

1787 541 1905 580 cum
1955 544 2051 582 nec
2086 530 2212 596 quid
2262 529 2519 585 allirmcm
2573 530 2827 596 habeam,
2867 533 2916 586 in
2967 547 3068 602 qua
3105 536 3232 589 urbe
3277 550 3346 592 stt

1788 617 1952 683 dicta,
1992 635 2091 673 nec
2127 621 2253 689 quid
2291 636 2497 691 negem.
2538 621 2655 676 Jam
2692 625 2850 677 etiam
2894 635 3099 680 certum
3138 641 3348 682 constat

1784 724 1907 764 eum
1968 709 2355 782 Hierosolymis
2416 715 2599 778 fuisse,
2655 729 2711 770 et
2759 717 2870 771 loca
2924 728 3106 773 sancta
3168 722 3350 790 perluo

1788 810 2022 862 strasse;
2072 804 2393 857 crediderim
2447 807 2693 876 equidem
2753 807 2818 861 ad
2872 812 3085 879 pietatis
3137 829 3350 868 sensum

1786 891 2132 960 explendum.
2163 893 2253 949 Sic
2298 895 2439 950 enim
2472 897 2668 953 diserte
2714 899 2910 955 fatetur
2942 902 3084 956 hom.
3115 902 3189 958 De
3217 905 3351 959 Pas-

1787 983 1932 1036 sione
1951 982 2159 1049 (homil.
2183 990 2372 1050 xxi-nl,
2398 989 2484 1041 ubi
2508 994 2844 1048 cmnaculum
2867 996 3156 1050 describit:
3193 998 3279 1049 ‘E-i
3300 999 3354 1052 οὲ

1787 1074 1863 1141 τῷ
1894 1076 2152 1146 μετεώρῳ
2196 1079 2293 1146 τῆς
2334 1081 2689 1151 Ἰερουσαλὴμ
2720 1087 3103 1157 ἀνῳκοδόμητο
3133 1090 3358 1158 εὐκραΞί

1789 1166 1910 1235 aegr:
1961 1170 2298 1237 πανταχόθεν
2352 1172 2631 1241 χεόμενος,
2685 1175 2759 1237 ὡς
2815 1182 2904 1230 καὶ
2951 1181 3112 1249 ἡμεῖς
3166 1183 3356 1246 αὑταῖς

1786 1257 1941 1326 ὄψεσι
1970 1260 2352 1332 ἱστορήκαμεν.
2389 1265 2515 1332 Qua:
2545 1265 2738 1321 Latine
2769 1272 2845 1322 sic
2880 1271 3047 1325 ltnltcs
3082 1290 3093 1325 ε
3125 1272 3189 1326 In
3220 1278 3357 1327 edito

1789 1348 1976 1415 quippe
2002 1347 2384 1420 Hierosolyma:
2410 1356 2519 1407 loco
2543 1356 2643 1409 sita
2678 1370 2787 1411 erat
2818 1372 3101 1426 temperato
3134 1380 3359 1430 ulmtth

1788 1451 1905 1490 aerc
1933 1439 2280 1507 circumfusa,
2316 1442 2469 1495 sicuti
2508 1446 2673 1499 oculis
2721 1451 2910 1502 nostris
2954 1452 3052 1519 ipsi
3095 1458 3361 1522 perspexi-

1789 1544 1923 1584 mus.
1957 1530 2185 1598 Quando
2218 1535 2432 1605 quidem
2467 1538 2630 1607 igitur
2661 1540 2711 1611 in
2748 1539 3084 1597 Pal-.estinam
3125 1552 3361 1615 percng

1792 1632 1952 1677 natus
1979 1632 2082 1687 est,
2117 1628 2238 1695 quis
2289 1628 2532 1683 dubitare
2579 1633 2748 1698 possit
2797 1650 2918 1687 eum
2969 1635 3155 1689 saltem
3188 1640 3363 1692 obiter

1786 1710 2309 1786 ConstantinOpolitn
2365 1720 2564 1775 adiisse
2594 1724 2796 1792 regiam
2833 1726 3041 1791 urbem,
3073 1728 3159 1781 ubi
3194 1730 3363 1799 impe-

1789 1810 1989 1862 ratoris
2017 1808 2193 1876 sedes,
2217 1811 2303 1864 cui
2336 1824 2445 1866 tum
2476 1811 2658 1869 Sicilia
2691 1819 2930 1886 subjecta
2963 1822 3112 1875 erat?
3141 1822 3361 1876 Demuni

1788 1909 1851 1951 ex
1874 1912 1934 1953 ea
1954 1904 2388 1971 peregrinatione
2414 1907 2618 1960 reditus
2636 1909 2700 1961 ad
2730 1909 3026 1965 Ecclesiam
3054 1926 3206 1966 snam
3229 1912 3364 1970 Tan.

1790 1994 2089 2047 romenium
2141 2005 2324 2065 aperte
2372 1998 2683 2067 intelligitur
2732 2018 2795 2055 ex
2851 2004 3061 2057 duabus
3109 2006 3363 2059 homiliis.

1790 2082 1968 2140 Prima
2017 2097 2129 2152 est,
2167 2088 2245 2143 De
2286 2092 2577 2161 legisperito
2631 2095 2983 2164 interrogante
3048 2097 3326 2151 Dominum
3352 2156 3364 2173 ι

1792 2176 2002 2245 (homil.
2025 2180 2098 2249 xi)
2121 2194 2186 2235 ex
2206 2182 2361 2251 cujus
2381 2185 2644 2251 prooemio
2674 2197 2725 2240 et
2744 2186 2859 2241 inec
2879 2190 3102 2253 veritas,
3138 2199 3191 2245 et
3236 2193 3368 2245 ins:-

1791 2270 1911 2339 gnis
1928 2272 2166 2343 episcopi
2187 2274 2236 2327 in
2255 2289 2468 2347 gregem
2488 2292 2645 2333 suum
2664 2291 2882 2349 paterna
2902 2283 3162 2349 claritas,
3185 2294 3234 2338 et
3259 2287 3371 2357 pit-

1794 2376 1876 2421 tas
1907 2366 1958 2421 in
2000 2368 2060 2423 B.
2090 2366 2360 2438 Virginem
2393 2371 2910 2431 Tauromenitanam
2947 2381 3370 2450 ἀχειροποίητον

1793 2461 2024 2516 exsistit.
2062 2461 2185 2517 Non
2230 2474 2501 2532 tantopere
2537 2471 2676 2521 enim
2709 2472 2921 2525 aridam
2969 2475 3175 2528 diutina
3221 2477 3374 2529 sicci-

1796 2560 1904 2604 tate
1928 2560 2143 2616 tcrram,
2171 2563 2216 2607 et
2239 2555 2564 2621 squalentem
2600 2560 2788 2613 imbres
2820 2563 2967 2616 sitire
2997 2564 3140 2625 dicit,
3175 2577 3371 2633 quanto

1796 2645 2058 2698 desiderio
2088 2662 2140 2700 se
2172 2647 2427 2717 ﬂagrasse
2472 2652 2653 2719 populi
2693 2655 2777 2706 sui
2826 2655 3103 2709 revisendi.
3141 2654 3374 2727 Legatur

1799 2730 1925 2785 illud
1953 2737 2294 2802 prooemium,
2320 2740 2460 2806 quod
2488 2742 2567 2796 sic
2595 2743 2808 2797 tandem
2828 2745 3164 2801 concluditur
3189 2766 3203 2801 :
3232 2749 3372 2801 ’ΜΓ

1798 2821 2029 2893 ἐπείπερ
2072 2826 2218 2894 ἡμᾶς
2247 2827 2307 2880 τὸ
2340 2829 2563 2899 Πιεῦμα
2594 2833 2654 2885 τὸ
2699 2834 2877 2901 ἅγιον,
2928 2837 3022 2889 καὶ
3080 2840 3375 2908 μητρόϐεοι

1800 2914 2070 2968 Δέσποινα
2111 2920 2187 2980 εἰς
2222 2918 2280 2971 ἓν
2315 2921 2469 2985 αὖθις
2511 2924 2808 2994 συνήγαγε,
2842 2927 2932 2979 καὶ
2972 2932 3350 2999 προπκυνῆααι

1802 3004 2003 3074 ἠξίωσε
2042 3004 2104 3060 is
2148 3008 2560 3081 ἀχειροποίητον
2606 3014 2778 3083 αὐτῆς
2830 3018 3227 3087 ἀπεικόνιαμα,
3284 3022 3377 3074 καὶ

1804 3098 2043 3151 δείκνυσι
2086 3101 2299 3169 πατέρα
2332 3104 2422 3155 ἐπὶ
2450 3105 2659 3169 τέκνοις
2694 3107 3214 3177 ἐπευφραενόμενον·
3244 3115 3376 3182 φέρε

1805 3191 1901 3253 τὰς
1947 3190 2043 3258 τῆς
2091 3192 2357 3257 ἀπουσίας
2405 3196 2622 3262 ῥυτίδας
2656 3198 3025 3264 ἀποϐαλόντες
3077 3204 3169 3255 καὶ
3218 3208 3379 3274 συνή-

1807 3282 1933 3346 θους
1965 3283 2310 3348 διδασκαλίας
2358 3287 2630 3357 ἀνζαόμεοα.
2666 3288 2768 3345 Sed
2799 3295 3042 3361 quoniam
3080 3310 3171 3348 nos
3204 3295 3377 3364 Spiri-

1807 3388 1888 3429 tus
1921 3386 2152 3440 sanctus,
2203 3388 2251 3433 et
2287 3379 2505 3433 Domina
2558 3392 2736 3436 nostra
2784 3383 2878 3438 Dei
2912 3385 3080 3439 Mater
3113 3404 3297 3443 rursus
3329 3393 3380 3442 in

1807 3485 1967 3521 unum
1998 3470 2223 3523 adduxit
2252 3470 2445 3533 locum,
2476 3484 2520 3525 et
2563 3474 2751 3527 iterum
2785 3476 3063 3546 imaginem
3093 3480 3253 3546 ipsius
3284 3497 3384 3532 non

1810 3561 2171 3628 manufactam
2208 3564 2446 3617 uenerari
2483 3566 2757 3629 concessit,
2790 3577 2836 3619 et
2880 3579 3078 3637 patrem
3122 3572 3245 3637 ﬁliis
3292 3572 3385 3624 tir-

1811 3661 2008 3705 tantem
2048 3655 2210 3721 facit;
2239 3671 2334 3724 uge
2360 3654 2474 3722 jam
2510 3672 2668 3726 rugas
2702 3659 2950 3714 absentite
2979 3678 3143 3716 causa
3174 3674 3390 3717 contra-

1812 3756 1922 3800 ctas
1966 3748 2305 3811 remittentes,
2340 3760 2643 3804 consuetum
2679 3768 2967 3807 sermonem
2998 3760 3387 3826 aggrediamur.

1813 3838 1950 3903 Quid
1981 3838 2241 3894 illustrius
2277 3839 2379 3894 hoc
2411 3843 2674 3911 prooemio
2706 3858 2809 3898 non
2843 3846 3016 3900 solum
3060 3849 3126 3902 ad
3158 3865 3213 3903 re
3237 3852 3387 3905 litum

1814 3931 1955 4000 ejus,
1982 3932 2074 3985 sed
2106 3934 2268 3986 etiam
2299 3934 2363 3987 ad
2398 3935 2739 3989 sanctitatem
2770 3937 3201 3992 ostendendam?
3224 3955 3387 4009 quam

1817 4031 2061 4077 tenerum
2097 4023 2149 4077 in
2189 4024 2328 4079 filios
2376 4038 2634 4090 amorem,
2669 4036 2929 4095 quantum
2985 4043 3171 4084 eorum
3209 4032 3394 4085 viden-

1816 4112 2011 4166 dorum
2053 4112 2404 4179 desiderium,
2436 4125 2690 4185 quantam
2739 4117 2790 4171 in
2822 4117 2880 4171 Β.
2916 4116 3188 4189 Virginem
3221 4122 3395 4191 pieta—

1818 4208 1925 4254 tem
1953 4204 2216 4256 ostendit!
2246 4203 2352 4257 Sed
2381 4205 2446 4258 dc
2475 4204 2558 4258 his
2584 4217 2843 4275 sequente
2873 4208 2921 4279 ἥ.
2950 4207 3103 4263 Nunc
3132 4210 3271 4264 hunc
3302 4211 3399 4266 ab-

1820 4292 2096 4349 solvemus
2127 4308 2189 4348 ex
2226 4295 2397 4350 altera
2431 4297 2648 4351 humilia
2684 4302 2932 4354 eumdem
2970 4302 3203 4356 reditum
3240 4304 3393 4357 colli-

1819 4382 1993 4455 gendo
2034 4401 2152 4456 quae
2190 4398 2275 4442 est
2303 4388 2384 4451 εις
2424 4388 2525 4459 τὴν
2568 4390 3007 4457 συγκύπτουσαν,
3044 4394 3097 4447 in
3129 4396 3395 4449 mulierem

1820 4491 2033 4529 curtum
2078 4478 2290 4547 (homil.
2328 4478 2459 4549 xu);
2494 4479 2585 4535 ubi
2638 4482 2806 4537 malos
2850 4485 3112 4553 quosdam
3151 4487 3397 4539 homines

1821 4576 1877 4620 et
1909 4566 2164 4623 factiosos
2189 4583 2249 4624 se
2283 4570 2504 4625 absente
2538 4573 2894 4628 conciliabula
2931 4575 3120 4631 iniisse
3152 4577 3313 4643 dicit;
3345 4589 3398 4630 at

1824 4657 1912 4710 ubi
1965 4657 2224 4724 rcdierit,
2274 4660 2476 4716 veritos
2525 4676 2587 4716 ac
2649 4662 3002 4720 formidantes
3054 4670 3396 4736 praiseutiam

1820 4764 1997 4813 suam,
2036 4752 2253 4820 vimque
2287 4751 2575 4807 verborum
2629 4767 2682 4811 et
2729 4758 2899 4812 aciem
2950 4757 3164 4827 linguai,
3216 4761 3399 4827 procul

1823 4844 2110 4912 aufugere,
2147 4861 2250 4901 nec
2294 4846 2358 4901 ad
2410 4849 2657 4919 synasint
2708 4851 2998 4904 canvenire
3045 4870 3057 4904 :
3093 4851 3181 4906 ubi
3218 4864 3401 4921 aperte

1826 4940 2065 4992 ostendit
2106 4953 2164 4992 se
2210 4939 2276 4992 ab
2310 4938 2553 4995 Ecclesia
2591 4956 2689 4996 sua
2738 4943 3000 4998 abfuisse.
3044 4942 3303 5013 Reliquas
3333 4960 3397 4999 es

1826 5044 1891 5084 eo
1943 5044 2193 5085 sermone
2239 5031 2503 5088 deductas
2552 5034 2896 5103 conjecturas
2950 5036 3195 5091 dicemus
3251 5037 3401 5091 alibi.

1829 5125 2006 5191 Atque
2056 5124 2167 5178 haec
2216 5125 2434 5193 quidem
2484 5128 2549 5180 de
2586 5128 3115 5196 peregrinationibus
3163 5129 3281 5198 ejus
3331 5130 3403 5182 ita

1827 5229 1975 5271 certa
1999 5224 2143 5277 sunt,
2177 5228 2235 5271 ut
2266 5217 2563 5273 verissima:
2593 5218 2831 5275 historiae
2862 5222 3033 5276 instar
3057 5221 3124 5276 de
3154 5221 3271 5292 ejus
3295 5222 3403 5277 vita

1826 5323 1946 5363 esse
1986 5312 2217 5379 possint.

1832 5402 1859 5473 §
1886 5403 1975 5457 IX.
2000 5402 2155 5457 Zelus
2178 5412 2230 5479 et
2248 5404 2548 5479 sollicitudo
2572 5405 2818 5461 Ecclesiae
2838 5424 2975 5463 sum:
2994 5407 3196 5462 labores
3216 5410 3408 5479 aﬁ‘ecta

1900 5485 2055 5529 (etate
2076 5484 2123 5528 et
2148 5474 2441 5528 t-aletudine
2486 5480 2907 5543 :persecutiones
2940 5495 3032 5547 pro
3066 5494 3126 5533 ea
3150 5474 3405 5537 tolerata'.

1902 5588 1978 5643 Ex
2024 5589 2317 5644 virtutibus
2364 5604 2595 5657 quarum
2634 5591 2689 5645 in
2744 5591 2824 5647 his
2874 5592 3112 5648 homiliis
3147 5608 3405 5662 expressa

1828 5682 2044 5753 reliquit
2082 5682 2326 5751 exempla
2364 5681 2736 5753 Theophanes,
2786 5684 2933 5755 prius
2966 5684 3262 5741 describant
3295 5700 3324 5740 e
3361 5702 3409 5748 s,

1830 5789 1952 5843 qua
1986 5772 2275 5845 publicam,
2310 5784 2429 5844 post
2478 5791 2598 5844 qua:
2635 5776 2898 5845 privatam
2950 5790 3235 5847 personam
3283 5794 3407 5847 spe-

1838 5880 2016 5935 ctant;
2052 5882 2173 5923 cum
2221 5883 2286 5925 ex
2323 5869 2561 5924 doctrina
2595 5868 2903 5942 Philosophi
2939 5870 3079 5927 inter
3112 5873 3283 5927 virum
3318 5886 3411 5940 po-
