4172 6432
836 339 924 398 ιιι

820 660 910 697 cas
946 646 1183 712 ('Opttlari
1229 664 1437 701 summa
1488 654 1553 704 sit
1601 653 1736 705 laus.
1786 657 1863 709 Ac
1909 658 2138 725 primum
2182 660 2394 725 quidem

820 739 1069 789 instantia
1104 740 1190 791 illa
1225 743 1535 808 quotidiana
1584 756 1635 798 ct
1680 747 1985 799 Sollicitudo
2021 751 2261 803 oninittut
2297 750 2393 803 Ec-

816 829 1124 889 clesiarnm,
1174 847 1335 899 quam
1393 834 1531 887 iult-r
1565 851 1689 889 suos
1735 853 1959 903 angores
1993 839 2209 904 l‘aulus,
2244 856 2391 894 coui-

817 922 996 973 niunis
1033 924 1271 987 gentium
1307 924 1516 989 duetor,
1545 939 1897 993 autmuicrat;
1932 932 2078 984 zelus
2123 942 2176 985 et
2206 935 2384 993 ardor,

812 1028 944 1076 quo,
973 1029 1091 1063 cum
1122 1016 1578 1069 Staudalizaretur
1600 1021 1896 1086 quispiam,
1924 1022 2209 1087 urebatur;
2237 1038 2389 1077 arnor

810 1103 863 1154 in
900 1119 1047 1165 suos,
1080 1121 1213 1176 quos
1239 1107 1431 1161 liliolus
1455 1110 1795 1177 appellabat,
1822 1114 2068 1179 gaudium
2104 1130 2222 1165 cum
2255 1117 2387 1167 bene

812 1201 1196 1264 procederent,
1254 1217 1386 1268 qmlS
1442 1207 1663 1256 eosdem
1719 1208 1971 1269 gaudium
2023 1218 2076 1260 ct
2130 1224 2381 1263 coronam

802 1304 955 1341 suam
1008 1292 1266 1356 vocabat;
1299 1294 1451 1346 tlolur
1483 1311 1604 1347 cum
1639 1312 1666 1348 a
1705 1307 1848 1350 recta
1891 1300 2129 1353 veritatis
2163 1314 2213 1353 ct
2265 1304 2383 1356 lidci

804 1382 885 1431 \‘ia
924 1384 1278 1446 oberrabant;
1311 1388 1573 1439 severitas
1601 1397 1654 1441 et
1682 1390 1971 1441 acrimonia
2004 1392 2053 1442 in
2086 1393 2381 1458 reprehen-

803 1475 997 1536 dendo,
1038 1477 1177 1527 unde
1211 1477 1453 1542 epistola:
1494 1478 1613 1544 ejus
1665 1482 1865 1545 graves
1900 1490 1953 1531 et
1999 1496 2230 1546 severte;
2261 1498 2381 1550 μειγ-

798 1568 1107 1621 ειιειιιὶυιιεε
1149 1572 1381 1637 denique
1415 1586 1549 1637 quas
1594 1574 1905 1641 complures
1951 1586 2377 1641 commemorat;

796 1674 882 1717 ea,
924 1660 1167 1725 inquam,
1200 1676 1326 1725 erga
1360 1662 1573 1714 unicam
1604 1677 1756 1715 suam
1790 1664 2080 1717 Ecclesium
2118 1665 2170 1717 in
2201 1665 2372 1718 Theo-

797 1752 971 1816 phane
1030 1751 1195 1805 fuisse
1250 1768 1355 1805 non
1410 1755 1658 1807 obscuris
1714 1756 1925 1807 indit-iis
1974 1756 2370 1823 intelliguntur.

794 1839 1051 1891 instantia
1102 1842 1243 1895 enim
1291 1852 1343 1895 et
1389 1844 1681 1897 assiduitas
1715 1845 2161 1898 subministrandi
2210 1848 2370 1901 divini

794 1934 962 1994 verbi,
1016 1934 1349 2002 cogendique
1395 1936 1460 1988 ad
1510 1937 1755 2007 synaxim
1793 1937 1969 2006 populi
2009 1940 2111 2004 sui,
2147 1953 2371 2008 apparet

790 2040 853 2078 cx
896 2028 1157 2095 protentio
1204 2029 1346 2081 itOItl.
1387 2028 1458 2081 De
1504 2031 1803 2082 centurione
1849 2032 2057 2095 (homil.
2098 2033 2242 2101 xu),
2278 2033 2367 2086 ubi

790 2121 947 2172 bonis
1005 2121 1261 2188 operibus
1314 2120 1583 2175 diabolum
1642 2137 1824 2176 moras
1870 2132 1923 2175 et
1983 2125 2363 2192 impedimenta

787 2212 1022 2277 objicere
1078 2214 1175 2277 ait,
1239 2213 1382 2281 quod
1434 2213 1613 2267 oblata
1664 2214 1903 2282 iudiciali
1958 2219 2361 2283 controversia,

786 2320 894 2371 quo
924 2314 1165 2374 tempore
1203 2321 1379 2360 sermo
1416 2306 1692 2361 habendus
1720 2320 1885 2370 esset,
1911 2308 2017 2374 jam
2052 2324 2217 2378 prope
2247 2310 2365 2379 ejus

780 2396 1072 2449 ademisset
1127 2397 1585 2465 opportunitatem
1631 2398 1744 2450 :de
1796 2413 1901 2466 quo
1950 2414 2007 2453 se
2065 2400 2357 2455 sollicitum

780 2484 944 2539 fuisse
976 2488 1235 2549 ostendit,
1269 2498 1432 2555 atque
1470 2502 1579 2541 rem
1620 2489 1920 2556 expedisse,
1971 2506 2036 2543 ne
2083 2492 2248 2546 verbo
2280 2493 2360 2546 di-

776 2580 904 2631 vino
934 2579 1165 2631 deesset.
1205 2575 1270 2630 Et
1300 2578 1489 2632 eadem
1529 2578 1746 2631 homilia
1782 2582 1881 2633 sub
1918 2581 2075 2634 linem
2112 2592 2358 2649 excusat,

774 2670 919 2739 quod
956 2670 1157 2738 aliquid
1188 2672 1241 2724 in
1270 2669 1588 2739 explicando
1633 2673 1913 2740 superiore
1948 2684 2096 2728 textu
2135 2686 2357 2743 praeter-

773 2764 1009 2827 miserit,
1044 2778 1107 2815 eo
1136 2764 1275 2830 quod
1320 2764 1514 2817 mentis
1554 2767 1781 2817 attentio
1812 2780 1989 2819 rerum
2021 2768 2354 2822 ecclesiasti-

770 2873 957 2912 carum
1009 2857 1373 2911 sollicitudine
1438 2858 1540 2911 sibi
1598 2858 1995 2927 impediretur:
2031 2869 2083 2914 et
2133 2861 2350 2915 homilia

774 2950 845 3004 De
893 2960 1075 3003 sancto
1122 2947 1406 3002 Pancratio
1438 2950 1651 3017 (homil.
1687 2951 1842 3017 Lvu),
1872 2952 1961 3005 ubi
1996 2956 2242 3021 quamvis
2285 2970 2347 3007 es

767 3044 961 3095 itinere
994 3041 1166 3094 lessus
1198 3052 1341 3095 esset
1384 3056 1449 3095 ac
1498 3040 1723 3106 fractus,
1766 3058 1832 3097 ne
1882 3052 2058 3096 tamen
2110 3048 2347 3099 sermoni

764 3137 995 3195 deesset.
1032 3136 1328 3188 iutiruiitati
1368 3134 1614 3203 corporis
1664 3135 1766 3187 vim
1820 3149 1878 3189 se
1932 3136 2109 3191 facere
2158 3138 2342 3191 velle:

761 3244 989 3295 eamque
1016 3243 1287 3293 ttuuqualtt
1319 3234 1527 3279 tantum
1554 3226 1758 3290 valere,
1787 3238 1843 3280 ut
1869 3242 2031 3296 Opera
2061 3231 2343 3286 charitatis

762 3319 1041 3380 itltpetlial,
1066 3328 1334 3384 Oportere.
1366 3316 1628 3371 Praactara
1652 3328 1779 3372 sunt
1801 3320 1961 3371 etiam
1995 3322 2058 3372 ad
2089 3321 2137 3373 id
2164 3331 2345 3375 osten-

758 3413 989 3463 dendqu
1042 3409 1130 3461 illa
1182 3423 1299 3474 qua:
1350 3408 1481 3461 dicit
1518 3409 1665 3463 hom.
1716 3408 1793 3463 De
1843 3410 2098 3463 Passione
2129 3413 2338 3479 (homil.

757 3506 947 3569 xxvii).
981 3499 1114 3553 Cum
1147 3501 1291 3553 enim
1320 3513 1463 3555 esset
1497 3501 1722 3569 populus
1757 3504 2036 3556 nocturnis
2069 3505 2263 3571 vigiliis
2289 3517 2342 3559 ct

753 3594 945 3646 ollieiis
977 3594 1328 3657 defatigatus,
1360 3607 1429 3644 ne
1478 3574 1734 3646 ιιιοίρδιιις
1780 3602 1831 3646 et
1884 3596 2062 3659 gravis
2092 3596 2338 3649 addendo

756 3696 863 3737 tam
895 3686 1051 3751 longo
1080 3699 1331 3737 sermone
1355 3684 1650 3749 videretur,
1679 3686 1759 3738 bis
1788 3700 1844 3739 se
1871 3687 2044 3739 verbis
2070 3702 2293 3743 excusat
2321 3707 2332 3742 :

766 3781 951 3833 l'crum
997 3779 1247 3846 ignoscite
1298 3779 1445 3837 milii,
1479 3778 1604 3844 quia
1655 3788 1825 3829 vestro
1872 3779 2064 3830 satiari
2098 3780 2335 3846 profectu

750 3889 851 3925 non
876 3887 1103 3937 possunt,
1132 3880 1177 3922 et
1202 3886 1304 3937 quo
1325 3870 1442 3935 plus
1473 3868 1608 3920 lucri
1633 3870 1867 3935 faciatis,
1898 3873 2129 3922 studium
2156 3877 2336 3925 mentis

748 3965 1018 4015 intendite.
1049 3960 1156 4014 Nec
1190 3972 1523 4029 postremqu
1558 3960 1683 4012 illud
1714 3963 1781 4013 sit
1813 3962 2099 4027 pastoralis
2128 3964 2332 4014 sollici-

748 4054 951 4105 tudinis
982 4062 1388 4118 argumentum,
1421 4051 1560 4118 quod
1599 4066 1719 4102 cum
1767 4051 2013 4105 infirmus
2042 4066 2177 4105 t‘Sset
2213 4070 2331 4106 cur-

743 4162 872 4214 pm‘e
922 4158 974 4199 ct
1010 4160 1200 4201 senex.
1240 4159 1346 4196 non
1398 4152 1578 4196 tamen
1628 4146 1696 4197 ab
1746 4144 1920 4197 ollicio
1972 4146 2324 4198 conciou..tnli

741 4240 1049 4291 desisteret.
1097 4234 1160 4299 Et
1205 4235 1251 4287 si
1292 4236 1472 4302 igitur,
1520 4236 1714 4301 inquit,
1748 4236 1800 4287 in
1830 4236 1972 4287 hom.
2018 4235 2091 4288 De
2124 4238 2323 4289 sanctis

741 4329 1097 4398 imaginibus,
1158 4329 1391 4392 carparis
1451 4327 1786 4379 imbecillitas
1854 4344 1957 4379 non
2018 4332 2319 4396 permittat,

740 4437 993 4491 quantum
1033 4420 1163 4472 satis
1197 4432 1294 4480 est,
1331 4420 1583 4471 sermonis
1632 4420 1795 4487 o/ﬁcio
1843 4418 2077 4488 defungi,
2115 4426 2320 4473 modica

736 4528 913 4565 tamen
966 4514 1137 4565 dicere
1182 4529 1282 4565 non
1318 4513 1547 4579 pigebit;
1592 4528 1654 4564 ne
1699 4513 1743 4563 si
1792 4515 2001 4564 omnino
2047 4514 2318 4576 sileamus,

737 4607 995 4659 mwstitia
1032 4605 1322 4673 afficiamus
1354 4619 1436 4656 eos
1474 4604 1563 4670 qui
1598 4616 1961 4658 convenerunt.
1997 4605 2062 4658 Et
2099 4606 2316 4659 hanniba

732 4702 786 4752 in
828 4700 1045 4765 tertium
1091 4696 1411 4750 Matutinum
1450 4695 1657 4764 (homil.
1710 4694 1864 4762 xxx),
1900 4696 1971 4748 ita
2022 4711 2079 4749 se
2128 4700 2317 4751 morbo

732 4793 1005 4844 laborasse
1049 4789 1339 4859 slgniticat,
1376 4798 1431 4842 ut
1463 4798 1689 4843 coactus
1722 4790 1791 4840 sit
1826 4788 2065 4843 laborem
2098 4791 2311 4843 dicendi

732 4884 1112 4947 intermittere,
1162 4881 1227 4933 ad
1276 4896 1435 4949 quem
1485 4888 1665 4934 tamen
1718 4879 1931 4932 rediens
1967 4879 2043 4933 sic
2088 4880 2208 4934 ait:
2245 4883 2314 4933 At

726 4990 846 5028 vero
877 4972 1056 5027 mentis
1086 4980 1276 5025 nostra:
1308 4981 1509 5023 torrens
1538 4970 1769 5021 humoris
1795 4986 1974 5035 expers
2005 4980 2051 5023 et
2076 4972 2310 5023 exsicca-

729 5076 811 5119 tus
844 5066 1109 5131 pra’terito
1153 5077 1280 5115 sane
1325 5072 1553 5128 tempore
1598 5061 1687 5111 diu
1738 5060 2007 5121 conticuit,
2050 5060 2311 5113 laboranti

725 5158 932 5224 corpori
961 5173 1152 5209 morem
1178 5172 1379 5225 gerens,
1405 5171 1540 5206 nunc
1561 5171 1677 5207 vero
1698 5155 2111 5223 erangelicarum
2134 5156 2308 5207 consi-

722 5250 1056 5301 derationum
1122 5248 1258 5315 fonte
1310 5248 1597 5315 irrigatus.
1670 5263 1849 5300 earunt
1906 5247 2305 5313 explicationem

721 5341 989 5408 effundere
1036 5349 1303 5407 praperat.
1355 5340 1460 5392 Sed
1510 5339 1642 5392 nihil
1698 5341 1868 5409 magis
1919 5342 2020 5394 hoc
2068 5344 2302 5395 studium

722 5429 945 5481 docendi
984 5429 1163 5498 populi
1194 5439 1246 5481 et
1268 5429 1588 5483 charitatcm
1624 5430 1675 5482 in
1709 5444 1830 5483 eum
1861 5430 2116 5494 declarat,
2140 5447 2300 5499 quam

719 5520 1037 5585 promtuinm
1069 5519 1299 5573 homiliaa
1340 5522 1391 5572 in
1430 5522 1806 5573 da'moniacum
1836 5520 2107 5574 habentem
2138 5526 2301 5591 legio-

718 5625 829 5661 nem
888 5609 1098 5678 (homil.
1144 5613 1239 5680 Ix).
1294 5610 1385 5663 Sic
1436 5612 1578 5663 enim
1637 5611 2115 5678 iucipit:Coltibet
2172 5614 2299 5665 nti/ti

714 5702 946 5765 linquam
976 5704 1190 5756 adrersa
1220 5706 1452 5779 corporis
1476 5704 1739 5770 valetudo,
1764 5704 1853 5757 sed
1883 5706 2115 5758 eamdem
2147 5707 2299 5758 solvit

715 5794 1031 5847 desiderium
1073 5796 1409 5864 perfectionis
1442 5796 1725 5859 Ecclesiae;
1758 5797 1965 5851 dolores
2014 5798 2168 5851 silere
2205 5815 2294 5851 co-

1814 354 2211 415 FllAXClSCl
2262 360 2522 421 SliOllSl
2565 365 2992 433 PiiOtE.\IlUM
3037 377 3112 435 ll.

827 460 1030 510 borum
1067 469 1118 511 et
1149 461 1321 512 virum
1370 462 1570 516 bonmn
1604 466 1871 532 quoddam
1912 472 2138 537 dillerat,
2187 484 2240 525 ct
2286 477 2401 527 alia:

824 554 961 606 alios
990 558 1216 623 prppria:
1251 557 1475 613 virtutes
1519 561 1647 621 sint,
1685 565 1734 614 iu
1786 580 1887 616 una
1940 575 2117 617 tamen
2168 582 2397 634 persona

3985 389 4089 452 il?

2501 490 2649 543 gunl‘,
2685 500 2834 536 amor
2864 491 3049 541 suadet
3092 500 3146 541 nt
3181 489 3401 560 loquar;
3434 504 3483 549 et
3516 499 3641 549 mihi
3671 500 3874 565 quidem
3916 508 4088 553 κιαι-Η

2496 572 2786 626 consolatio
2817 586 2887 627 es!
2922 581 3178 631 l'Olllb'Cltttt
3226 586 3463 648 conferre
3498 603 3774 642 sermones.
3824 590 3965 642 Talis
4006 604 4086 643 est

2494 654 2695 706 sincera
2732 662 2997 727 c/iaritas;
3026 684 3146 733 quia
3177 672 3503 725 extrinsecus
3547 677 3813 735 accidunt,
3844 691 4081 729 τυηιεηι-

2492 745 2600 808 ηίιὶ
2632 749 2686 800 id
2720 767 2834 805 t'ero
2863 760 3001 823 quod
3031 771 3241 811 (nitatur
3274 766 3500 825 in'uens,
3530 768 3841 821 delectatur.
3884 769 4076 821 l'einm

2489 842 2701 904 quando
2728 846 2797 896 ad
2829 852 3123 903 satietatem
3157 858 3368 923 abst-qui
3400 858 3659 911 desideno
3704 878 3801 912 non
3846 865 3984 921 licet,
4021 876 4077 915 et

2488 940 2681 983 caetera
2711 934 2972 1003 legantur.
3010 940 3063 993 lu
3099 946 3318 998 humilia
3361 948 3435 1001 De
3463 953 3716 1012 parabola
3744 957 3916 1006 decem
3957 958 4077 1006 mi!-

2483 1016 2615 1074 lium
2664 1028 2983 1083 talentorum
3037 1036 3245 1102 (homil.
3286 1046 3346 1106 ιι)
3381 1040 3624 1095 allectum
3661 1047 3813 1097 senio
3852 1058 4070 1099 mlateut

2487 1110 2683 1178 itmttil,
2737 1118 2923 1173 dicens
2974 1122 3105 1176 :lta
3159 1144 3283 1179 sane
3332 1141 3377 1181 et
3412 1148 3503 1198 ego
3553 1146 3775 1187 res/runt
3814 1140 3864 1188 in
3917 1143 4076 1190 rebus

2482 1202 2667 1254 divinis
2695 1226 3021 1276 progressum
3051 1216 3295 1281 coniicio,
3322 1221 3470 1273 citari
3503 1226 3789 1284 audi/ores.
3821 1232 3959 1294 quod
3988 1247 4076 1281 me

2480 1294 2550 1343 ad
2592 1296 2795 1351 labores
2832 1307 3064 1368 corporis
3110 1311 3281 1359 minus
3328 1322 3505 1375 aptum
3541 1327 3729 1383 eosque
3774 1324 4075 1371 detrectan-

2479 1391 2579 1433 tem
2619 1402 2913 1455 prompum
2950 1396 3113 1446 animi
3157 1401 3310 1451 restri
3358 1404 3585 1454 studium
3632 1408 3827 1457 excitat
3867 1410 3933 1457 ad
3978 1412 4075 1461 ilo-

2480 1480 2723 1531 ccndum.
2764 1481 2878 1534 lam
2933 1502 3062 1540 vero
3114 1490 3286 1543 zelmn
3338 1505 3391 1545 et
3440 1494 3687 1549 ardorem
3741 1500 3939 1562 animi.
3999 1517 4069 1554 ηε

2473 1572 2994 1641 scandalizarentur,
3021 1591 3315 1645 et‘errores
3346 1588 3489 1639 circa
3518 1606 3699 1640 veram
3731 1590 3848 1644 lidvi
3886 1592 4068 1646 Evan-

2473 1659 2706 1726 geliique
2750 1664 3050 1721 doctrinam
3098 1671 3397 1740 haurirent,
3443 1682 3679 1731 o~teudit
3733 1685 3949 1736 homilia
3990 1686 4069 1736 De

2472 1749 2688 1805 muliere
2738 1771 2897 1808 curva
2940 1758 3155 1821 (homil.
3206 1766 3326 1834 .vn),
3379 1769 3466 1819 ubi
3524 1769 3661 1825 lucis
3711 1774 3970 1825 inertibu~
4006 1786 4064 1827 et

2467 1849 2912 1902 eonsumentibus
2940 1867 3098 1921 apmn
3126 1858 3358 1919 labores,
3389 1863 3581 1917 deinde
3608 1882 3793 1919 earnm
3818 1870 4060 1923 adventu

2471 1947 2875 2006 congressuque
2909 1944 3234 2012 fugientibus
3260 1967 3535 2022 eoiiiparat
3570 1958 3843 2025 improbos
3879 1961 4063 2015 lmini-

2470 2041 2565 2079 nes
2620 2039 2670 2083 Pl
2706 2034 2996 2090 seditiosos
3047 2040 3096 2091 in
3157 2040 3411 2095 θὶς-(Ἰνδία.
3468 2048 3612 2099 Tales
3665 2064 3807 2115 sunt,
3856 2054 4052 2119 inquit.

2462 2122 2768 2174 comedones
2805 2139 3134 2197 raptoresque
3163 2134 3214 2184 in
3242 2134 3512 2201 Ecclesia;
3552 2144 3917 2197 discessionem
3954 2166 4061 2201 uo-

2458 2221 2621 2262 stram
2657 2214 2968 2271 observant:
2998 2222 3049 2273 in
3075 2226 3117 2275 ’c
3164 2230 3353 2292 impetu
3391 2235 3528 2296 facto
3566 2234 3759 2286 dantna
3799 2240 4058 2291 eccli'siu-

2456 2304 2599 2355 sticis
2634 2308 2780 2361 rebus
2816 2312 3137 2379 important;
3168 2331 3219 2369 at
3266 2338 3381 2373 rero
3426 2324 3618 2392 lingua'
3646 2340 3838 2381 nostra'
3878 2337 4056 2384 aciem

2454 2401 2890 2467 pertintescentes,
2924 2420 3105 2461 coacta
3132 2411 3470 2476 factiosorum
3512 2434 3670 2469 manu
3708 2438 3799 2485 per
3822 2424 4053 2478 insidias

2455 2506 2546 2542 nos
2578 2508 2876 2562 Oppugnare
2900 2515 3193 2566 conantur,-
3232 2509 3385 2560 modo
3422 2511 3474 2560 in
3520 2513 3643 2563 aula
3681 2514 3893 2578 Caipluc
3918 2536 4053 2571 con-

2452 2581 2631 2633 cilium
2667 2585 2939 2654 facientev,
2978 2595 3128 2645 modo
3163 2597 3213 2647 in
3267 2597 3614 2654 Prwcnrsoris
3658 2611 3887 2658 oratorio
3920 2626 4055 2661 cou-

2452 2672 2725 2728 stitucntes
2753 2678 3042 2743 improbum
3090 2687 3523 2751 conciliabulum,
3570 2704 3615 2741 ct
3643 2708 3706 2743 ex
3738 2696 4056 2761 baptisteria

2449 2760 2764 2815 insidiarum
2806 2772 3191 2831 receptaculum
3226 2773 3500 2841 facientes.
3531 2776 3695 2845 Cujus
3729 2783 3801 2832 rei
3832 2800 4000 2832 causa
4029 2786 4056 2835 1’

2452 2848 2519 2903 Ut
2552 2853 2841 2917 expellatur
2870 2855 3026 2909 Isaac
3058 2870 3104 2911 ct
3154 2860 3350 2914 Ismael
3383 2867 3775 2919 introi'lncatnr.
3821 2868 3923 2921 Sed
3961 2874 4051 2922 illi

2444 2946 2651 3013 quidem
2690 2946 2921 3014 fugiunt,
2959 2960 3013 3002 ut
3041 2954 3246 3013 videtis,
3270 2973 3384 3007 cum
3412 2964 3679 3012 custodias
3704 2964 4051 3017 animadver-

2446 3043 2581 3095 tunt,
2598 3048 2645 3088 et
2666 3039 3027 3093 imbecilliores
3044 3059 3107 3093 ex
3125 3047 3301 3097 ovibus
3322 3060 3635 3111 avertentes,
3662 3076 3685 3102 n
3698 3072 3813 3106 ures
3840 3060 3906 3108 ml
3932 3076 4052 3111 ser-

2444 3139 2643 3177 manem
2685 3128 2885 3194 aspidis
2910 3132 3077 3183 instar
3096 3135 3401 3190 occludunt.
3434 3138 3541 3192 Nos
3568 3160 3709 3202 vero,
3736 3162 3763 3195 ο
3784 3146 3911 3199 clcri
3934 3154 4050 3202 mei

2442 3226 2619 3279 Ctl’ltts,
2635 3234 2810 3271 eorum
2827 3221 3069 3289 impetum
3086 3227 3423 3293 declinantes,
3443 3242 3544 3284 etc.
3566 3232 3837 3304 Exscripsi
3863 3252 4044 3292 totum

2444 3305 2583 3359 hunc
2617 3308 2818 3375 locum,
2844 3314 2969 3380 quia
2999 3318 3235 3368 continet
3259 3319 3486 3372 illustria
3517 3327 3760 3393 t-xeurpla
3790 3340 3900 3379 tum
3933 3332 4042 3381 zeli

2439 3395 2504 3449 de
2538 3413 2643 3463 quo
2674 3400 2930 3463 diximus,
2968 3421 3033 3456 ne
3080 3420 3453 3462 averterentur
3494 3430 3520 3464 ει
3569 3427 3711 3467 rcrtzt
3760 3421 3839 3469 via
3874 3438 4042 3485 oves,

2440 3497 2549 3542 tum
2581 3491 2697 3558 ejus
2729 3494 2778 3545 iu
2807 3492 3146 3565 objurgaudo
3181 3504 3511 3567 acrimonia‘,
3553 3517 3661 3559 tum
3695 3512 3857 3562 etiam
3896 3516 4038 3564 insi-

2435 3582 2646 3634 diarum
2694 3595 2747 3638 et
2793 3592 3213 3655 persecutionis,
3249 3609 3365 3660 qua!
3416 3595 3569 3647 initio
3617 3604 4034 3667 proposuimu'.

2434 3677 2568 3739 Quid
2597 3680 2738 3730 enim
2770 3690 2849 3733 est
2882 3685 3089 3744 conari,
3122 3697 3175 3736 ut
3209 3687 3506 3753 expellatur
3554 3690 3703 3745 Isaae
3738 3706 3785 3745 et
3825 3696 4031 3751 l‘lltm'l

2434 3766 2825 3834 introducatm',
2873 3774 2973 3825 nisi
3027 3776 3226 3830 bouum
3277 3789 3326 3830 et
3366 3780 3657 3847 legitimum
3702 3786 4031 3852 epist-opum

2430 3868 2481 3911 et
2513 3871 2778 3926 pastorem
2816 3865 2879 3917 de
2915 3880 3007 3918 sua
3046 3865 3279 3922 Ecclesia
3314 3874 3625 3933 extrudere,
3674 3883 3727 3926 et
3780 3892 3986 3942 pelve:
4012 3913 4025 3920 ο

2428 3969 2545 4005 sum
2600 3955 3043 4029 illi-gitimumque
3091 3963 3404 4018 intrudere?
3449 3968 3578 4035 quid
3633 3984 3696 4020 ex
3755 3969 3856 4023 hoc
3911 3974 4026 4026 nisi

2429 4044 2600 4109 pietas
2631 4058 2681 4098 et
2715 4047 2861 4099 zi-lns
2894 4050 3014 4102 boni
3050 4052 3283 4119 pastoris
3316 4052 3607 4122 colligitur,
3649 4055 3792 4109 unde
3824 4056 4025 4109 odium

2426 4137 2531 4188 sibi
2571 4141 2707 4206 apud
2758 4142 2952 4207 impios
2998 4158 3058 4194 ac
3109 4142 3448 4197 facinorosos
3484 4145 4025 4202 couﬂabat?0mncs

2419 4230 2577 4294 enim,
2616 4232 2787 4298 inquit
2822 4236 3131 4299 Apostolus,
3163 4237 3251 4303 qui
3287 4238 3463 4287 colunt
3494 4239 3573 4300 pie
3610 4240 3796 4298 trivere,
3831 4256 4023 4307 perse-

2420 4324 2679 4374 cntionem
2705 4327 2989 4389 patientur.
3028 4325 3086 4376 Ιὲι
3123 4328 3171 4378 iu
3221 4328 3639 4393 aliocxctnplari
3679 4330 3899 4396 legitur,
3935 4329 4013 4384 ιί

2417 4410 2583 4465 Iacob
2611 4415 2906 4481 expellatur
2932 4425 2978 4467 et
3033 4414 3178 4467 Esau
3217 4417 3621 4481 introiitcatur;
3663 4420 3803 4485 quod
3860 4423 4013 4473 idem

2415 4505 2705 4574 signiﬁcat,
2744 4505 2972 4559 electum
3000 4507 3201 4559 scilicet
3231 4524 3257 4558 a
3296 4507 3399 4557 Deo
3431 4518 3698 4575 pnslm‘t'm
3729 4517 3780 4561 et
3812 4527 4017 4577 repm-

2413 4598 2538 4650 bmn
2586 4597 2888 4651 exclusum.
2941 4596 3013 4649 Ex
3050 4598 3206 4661 huius
3256 4598 3439 4649 itiden
3480 4598 3715 4651 honnli.e
3759 4600 3865 4652 line
3908 4617 4013 4653 co-

2413 4689 2689 4756 gnoscitur
2712 4690 2854 4742 zelus
2876 4690 2925 4742 in
2954 4692 3094 4743 vitiis
3129 4692 3617 4758 reprehendendis,
3644 4707 3767 4745 cum
3798 4694 4019 4746 acriter

2415 4781 2688 4834 invehitur
2710 4790 2899 4834 contra
2939 4782 3204 4849 perjuros.
3238 4785 3516 4847 Quousque
3542 4784 3772 4842 tandem,
3800 4782 4010 4849 inquit,

2411 4872 2479 4924 ad
2520 4873 2904 4937 contentiones,
2950 4884 2997 4924 et
3042 4873 3209 4935 rixas,
3260 4883 3307 4925 et
3331 4873 3567 4940 perjuria
3592 4875 3957 4927 incumbemus
3986 4881 4015 4929 ?

2413 4963 2496 5017 Me
2524 4966 2732 5031 quidem
2765 4966 2949 5017 horror
2982 4977 3026 5017 et
3086 4975 3280 5017 tremor
3322 4967 3519 5017 invadit
3571 4967 4009 5022 consideramem

2406 5072 2563 5125 quam
2604 5054 2783 5109 crebra
2830 5057 2883 5109 in
2919 5058 3273 5109 tribunalibus
3314 5060 3626 5125 juramenta
3676 5059 3830 5126 ﬁniit,
3885 5076 4005 5115 etc.

2406 5147 2551 5200 Ιιίιτιιι
2587 5147 2815 5202 habetur
2848 5163 2911 5201 ex
2968 5149 3110 5201 hom.
3148 5166 3312 5203 XXIII:
3352 5151 3551 5217 Aliqui,
3583 5152 3769 5217 inquit,
3809 5152 4010 5215 objur-

2402 5243 2702 5311 gationibus
2721 5242 2899 5309 puncti
2926 5241 3250 5293 hortationes
3276 5241 3507 5309 fugiunt,
3558 5243 3708 5303 quasi
3749 5242 4008 5309 frenetici

2404 5337 2659 5396 medicos;
2706 5346 2757 5386 et
2811 5348 2875 5385 ex
2920 5334 3063 5385 hom.
3114 5348 3237 5393 λιν,
3296 5332 3372 5384 De
3418 5334 3578 5385 divite
3622 5334 4005 5401 interrogante

2403 5427 2707 5491 Dominum,
2739 5427 2879 5478 idem
2918 5426 3187 5495 Colligitur
3215 5425 3365 5477 zelus
3400 5436 3451 5477 et
3490 5427 3566 5478 vis
3601 5428 3651 5476 iu
3688 5428 4003 5493 objurgan-

2401 5522 2482 5573 tlis
2516 5520 2794 5587 improbis.
2829 5517 2962 5571 Cum
2989 5532 3131 5571 enim
3157 5534 3249 5571 eos
3275 5518 3575 5571 vulturibus
3604 5528 3657 5570 et
3688 5520 4002 5575 scaraba-is

2397 5617 2600 5671 similes
2636 5614 2872 5679 fecisset,
2907 5616 2996 5684 qui
3029 5624 3349 5667 aversantur
3376 5629 3520 5668 sanie
3555 5614 3814 5667 doctrina:
3844 5615 3998 5665 odo-

2401 5723 2505 5768 res,
2539 5706 2694 5759 sicuti
2742 5706 3006 5759 columbis
3050 5720 3113 5757 ae
3146 5708 3447 5759 turturibus
3496 5705 3666 5758 bonos
3699 5703 3789 5773 qui
3836 5703 4001 5758 boum

2394 5800 2559 5854 odore
2585 5799 2815 5869 gaudent
2844 5810 2897 5853 et
2925 5798 3063 5853 \ircs
3090 5808 3335 5863 sumunt,
3359 5798 3431 5853 ita
3460 5796 3760 5868 subjuugit:
3799 5795 4002 5863 Quor-
