4172 6432
150 372 236 438 H3
1082 376 1467 436 FilANClSCl
1510 372 1770 433 SCORSI
1812 375 2240 445 PROOEMIUM
2284 386 2359 450 Ii.

142 511 238 544 sunt
266 510 384 545 vero
416 496 510 545 ltoc
546 504 743 559 ψει-ιιιι
777 493 1113 560 exe-apium?
1144 494 1278 555 Quia
1308 490 1502 543 scilicet
1522 528 1535 550 ,
1572 500 1687 555 qua:

144 586 360 637 hesterno
385 586 471 637 die
498 607 526 635 ιι
551 586 697 638 nobis
728 585 1003 654 castigatio
1036 584 1273 637 omnibus
1302 582 1593 650 promiscue
1615 587 1690 631 est

145 676 381 738 tdltibita,
440 678 783 741 prudentibus
833 675 1039 742 quideut
1071 687 1306 741 recteque
1351 669 1691 723 sentientibus

142 772 435 822 correctioni
459 770 597 833 fuit;
629 786 850 837 quorum
883 785 999 821 rero
1031 768 1307 833 depravati
1342 776 1462 818 sunt
1498 780 1690 820 mores,

143 879 189 913 ac
218 862 421 928 difficile
455 865 810 931 corriguntur,
868 865 905 914 ii
952 864 1003 913 in
1038 863 1285 929 majorem
1331 862 1483 912 etiam
1532 859 1694 924 impn-

142 956 349 1006 tlentiam
386 956 656 1015 derenere,
711 954 896 1005 nedum
947 969 1152 1006 evasere
1194 952 1450 1004 meliores.
1508 949 1692 1002 Verum

143 1062 215 1095 tm
243 1062 424 1096 eorum
462 1046 641 1098 morbo
677 1047 966 1098 acrioribus
1012 1046 1399 1096 medicamentis
1454 1042 1558 1093 Deo
1598 1042 1693 1092 ad-

136 1135 333 1201 jnrante
354 1136 697 1198 medebimur,
724 1146 771 1187 et
810 1134 1292 1199 reprehensionibus
1326 1134 1490 1198 magis
1518 1140 1664 1183 mule
1682 1160 1694 1169 -

144 1231 195 1276 rit
216 1228 512 1279 earumdem
530 1236 817 1293 stuporem,
852 1237 904 1278 ut
934 1226 1126 1278 sentire
1152 1225 1434 1289 aliquando
1468 1223 1691 1285 caleant,

141 1320 501 1379 eacitabimns;
530 1336 619 1371 vos
670 1336 785 1371 vero
834 1320 924 1388 qui
985 1319 1200 1371 saniore
1255 1318 1476 1370 consitio
1506 1357 1520 1379 ,
1553 1316 1691 1385 quod

141 1412 298 1464 melius
334 1422 407 1464 est
436 1414 701 1479 e’igcntes,
748 1413 815 1464 ad
848 1414 1091 1480 synaxim
1123 1412 1449 1474 convenistis,
1474 1427 1691 1479 evange-

141 1508 271 1557 licum
308 1521 603 1558 sermonem
634 1506 835 1559 audite.
866 1489 1027 1559 italus
1055 1506 1266 1559 tuentis:
1300 1504 1421 1558 ﬁdei
1460 1504 1690 1557 catholi-

142 1617 199 1651 ca:
227 1609 273 1651 et
308 1598 721 1651 refutandarum
762 1599 1039 1652 hatreseon
1071 1597 1409 1666 apertissime
1452 1596 1695 1649 cernitur

141 1692 181 1742 ia
215 1692 457 1757 pluribus
490 1692 748 1755 homiliis,
792 1688 844 1743 in
878 1691 1072 1757 quibus
1103 1703 1368 1757 nusquam
1395 1699 1501 1739 tam
1552 1686 1693 1740 aeri-

142 1794 273 1836 tercl
322 1784 563 1848 graviter
618 1784 770 1847 dicit,
840 1799 1115 1851 nunquam
1155 1783 1232 1834 ita
1281 1781 1592 1851 perstringit
1638 1792 1691 1833 et

141 1875 257 1926 aruit
286 1876 512 1944 stylmn,
547 1890 707 1940 quam
743 1890 860 1928 cum
898 1874 976 1927 vel
1023 1871 1219 1926 Iuliani
1266 1874 1555 1940 Apostataz,
1611 1871 1692 1925 vel

139 1968 341 2017 alterum
376 1983 473 2020 seu
500 1968 803 2034 gentilium,
831 1982 921 2019 seu
950 1966 1321 2019 ha'reticornm
1359 1963 1655 2017 calumnias
1676 2002 1692 2027 ,

141 2058 429 2121 irrisiuncs,
452 2073 670 2113 errores
696 2064 954 2113 adversus
976 2056 1250 2126 Evangelii
1279 2058 1422 2110 dicta
1442 2056 1692 2123 iactatas,

141 2149 208 2200 \‘el
234 2152 399 2201 etiam
436 2150 780 2203 anicularum
810 2149 1037 2203 fabellas
1072 2150 1360 2219 inaniaque
1391 2155 1692 2201 commenta

143 2242 335 2307 rticllll,
372 2245 520 2296 hom.
552 2258 604 2304 γ,
637 2258 716 2306 Ix,
748 2258 903 2304 unt,
935 2258 1066 2301 xxx.
1117 2256 1225 2305 xta,
1259 2257 1380 2295 xu.
1434 2238 1695 2292 Falernus

138 2350 245 2387 rem
273 2336 319 2385 in
363 2350 494 2387 suos
525 2350 679 2387 amor
711 2351 773 2389 ex
812 2336 898 2388 illo
936 2335 1200 2402 prout-nio
1232 2334 1380 2387 hom.
1429 2332 1503 2386 De
1536 2331 1694 2399 legis-

136 2431 278 2491 perito
309 2430 527 2499 (homil.
577 2430 653 2499 xi)
691 2430 826 2485 satis
860 2438 1102 2498 apparet,
1146 2429 1287 2497 quod
1319 2441 1479 2494 supra
1513 2424 1697 2479 retuli-

141 2541 260 2587 mus,
292 2526 381 2578 ubi
421 2535 574 2578 tanto
602 2525 781 2593 populi
828 2525 907 2578 sui
941 2522 1209 2579 revisendi
1256 2522 1523 2575 desiderio
1572 2535 1693 2573 cum

140 2616 350 2676 abesset,
386 2617 671 2670 exarsisse
695 2616 968 2684 signiﬁcat
1014 2615 1116 2667 hac
1149 2612 1539 2666 similitudine:
1572 2609 1695 2663 Non

134 2717 380 2774 tantopere
395 2705 666 2774 squalens.
684 2716 731 2758 et
750 2721 934 2771 aspera
952 2716 997 2756 et
1023 2702 1258 2770 arefacta
1277 2711 1415 2755 terra
1438 2699 1694 2753 caelestem

134 2802 299 2864 appetit
350 2802 596 2863 imbrem,
644 2807 959 2865 quant0;'sre
1000 2811 1093 2862 ego
1142 2810 1236 2847 ora
1290 2803 1460 2848 uestra
1523 2792 1695 2845 uidere

136 2909 197 2954 ιιι,
221 2893 403 2957 iebam,
450 2909 484 2945 ο
525 2892 708 2944 concio
752 2889 856 2943 Deo
878 2889 1260 2954 acceptissima.
1286 2885 1553 2957 [tegantur
1575 2897 1695 2953 quis

136 2997 441 3052 sequuntur,
494 3000 612 3052 qua:
667 2984 737 3035 ita
787 2982 1057 3035 cont-ludit
1097 2999 1109 3034 :
1146 2979 1254 3034 Sed
1300 2978 1547 3047 quoniam
1598 2992 1692 3030 nos

138 3078 340 3141 Spiritus
370 3088 617 3140 sanctus,
645 3087 691 3130 et
734 3077 951 3129 Domina
985 3084 1164 3128 no\tra
1205 3073 1299 3127 Dei
1340 3072 1537 3126 Parens
1565 3086 1691 3124 rur-

134 3175 283 3225 strsin
314 3190 484 3225 unum
525 3170 747 3224 adduxit
797 3170 1007 3235 locum,
1061 3181 1107 3222 et
1167 3169 1351 3231 voluit,
1401 3178 1457 3217 ut
1505 3168 1693 3218 iterum

136 3268 394 3335 i'aaginem
448 3282 600 3318 suum
655 3280 758 3316 non
803 3261 1158 3329 utanufactam
1206 3275 1591 3321 veneraremur,
1642 3267 1694 3309 et

134 3371 308 3423 patrem
339 3358 473 3424 ﬁliis
507 3357 779 3409 ltetantem
812 3354 962 3421 facit,
988 3370 1082 3421 age
1101 3353 1220 3420 jam
1251 3368 1409 3418 rugas
1443 3350 1694 3403 absentiae

131 3468 272 3502 causa
318 3458 633 3503 contractas
686 3448 1022 3513 remittentes,
1056 3454 1359 3497 consuetum
1408 3459 1695 3495 sermonem

133 3546 465 3613 attingamus.
503 3542 649 3595 Idem
675 3555 829 3597 amor
856 3540 1163 3593 declaratur
1196 3538 1342 3589 hom.
1375 3535 1448 3587 De
1476 3534 1697 3603 paraly-

135 3637 219 3686 tico
253 3647 449 3688 sanato
487 3633 705 3699 (homil.
732 3632 872 3691 xxii:
912 3629 1057 3689 "tce,
1088 3629 1284 3698 inquit,
1312 3631 1467 3682 vestri
1495 3644 1694 3689 amore,

136 3735 406 3791 restrtt'qtte
428 3722 685 3773 utilitatis
730 3721 949 3771 ardente
978 3719 1237 3771 desiderio
1276 3718 1582 3771 stimulatus
1618 3720 1698 3770 lo-

132 3832 262 3881 quor,
298 3829 367 3878 et,
405 3814 557 3883 quod
591 3814 663 3866 ait
698 3812 903 3865 divinus
950 3810 1229 3877 Jereutias,
1264 3813 1435 3864 cordis
1464 3811 1701 3863 sensoria

136 3911 466 3959 dilaceratus.
510 3904 769 3958 Sentiatis
803 3904 962 3973 igitur
983 3904 1120 3971 quod
1154 3902 1335 3966 decet;
1371 3912 1419 3954 et
1458 3902 1507 3955 si
1538 3916 1703 3970 usque

134 4002 188 4048 ad
223 4001 359 4051 hanc
398 4000 554 4050 diem
583 3996 649 4048 ab
682 3996 847 4064 oﬁicio
876 3994 1177 4056 deerrastis,
1221 3993 1501 4047 stultitiam
1540 3995 1704 4059 paeni-

134 4094 280 4143 tentia
329 4091 659 4151 emendate;
714 4088 834 4141 inde
886 4090 1041 4141 etiam
1078 4088 1167 4155 ﬁet
1212 4097 1269 4140 ut
1306 4103 1397 4141 nos
1446 4086 1706 4140 alacriore

134 4188 289 4237 animo
334 4202 425 4238 eos
484 4183 851 4235 adhortantur.
908 4178 1080 4234 Porro
1125 4195 1187 4233 ex
1242 4194 1426 4235 arnore
1469 4179 1709 4233 nascitur

136 4280 369 4343 gaudium
424 4278 500 4331 de
545 4274 793 4344 profectu
841 4273 1098 4338 ﬁliorum,
1141 4274 1296 4327 dolor
1343 4274 1410 4327 de
1457 4274 1706 4340 delectu;

136 4384 405 4443 utrumque
438 4373 689 4430 oatendit
725 4372 778 4426 in
827 4373 907 4428 his
957 4373 1212 4437 hemiliis,
1258 4381 1421 4442 atque
1469 4372 1713 4441 apprime

136 4466 335 4521 humilia
378 4468 462 4521 De
510 4466 1009 4535 Transﬁguratione
1036 4466 1244 4534 (homil.
1264 4466 1395 4532 Lux),
1420 4466 1580 4520 ubise
1614 4479 1711 4533 pa-

136 4560 572 4629 storieomparat
606 4560 674 4613 ab
704 4559 848 4614 edita
889 4574 1023 4629 rupe
1061 4575 1277 4629 gregem
1327 4574 1482 4613 suum
1534 4558 1714 4613 multi-

136 4653 371 4716 plicatam
401 4664 463 4706 et
496 4660 661 4721 prata
707 4661 1014 4718 pascentem
1042 4652 1451 4720 contemplanti,
1504 4665 1570 4706 ac
1616 4650 1715 4704 las-

137 4745 286 4797 titiatn
341 4745 592 4815 agitanti
625 4759 640 4796 :
672 4742 820 4798 Idem
850 4743 997 4806 mihi,
1064 4744 1257 4811 inquit,
1323 4745 1571 4798 hodierna
1615 4744 1713 4796 hac

137 4838 422 4892 celebritate
468 4837 767 4904 contingit.
831 4834 1020 4889 Videas
1066 4838 1204 4890 enim
1248 4838 1492 4903 papulum
1541 4853 1712 4889 meum

136 4944 316 4997 gregem
368 4931 483 4984 Deo
539 4930 795 4982 dilectum
826 4928 893 4981 ad
929 4945 1137 4981 sacram
1174 4929 1309 4982 hanc
1355 4931 1516 4983 cedem
1564 4940 1713 4982 tanta

136 5037 234 5072 tum
278 5025 550 5092 religione
590 5032 1010 5085 concurrentem,
1042 5023 1093 5074 in
1124 5039 1229 5089 qua
1268 5024 1564 5091 purissima:
1602 5023 1713 5076 Do-

140 5115 274 5167 tttinte
320 5127 537 5170 nostri:
588 5115 766 5183 imago
815 5130 918 5166 non
964 5115 1265 5183 manufacta
1314 5114 1569 5168 collocata
1614 5125 1710 5181 est,

140 5223 430 5275 magtwpere
469 5209 663 5267 lentor,
686 5218 733 5258 et
771 5222 882 5275 pra:
911 5208 1102 5273 gaudio
1127 5208 1317 5275 gestire
1344 5208 1537 5273 videor,
1569 5219 1616 5262 et
1646 5211 1713 5263 ad

140 5315 407 5355 sermonem
442 5300 761 5354 habendum
810 5300 1025 5352 incitari
1071 5317 1149 5354 me
1178 5302 1365 5364 sentio,
1401 5311 1504 5355 etc.
1546 5302 1713 5355 Eum-

144 5390 243 5442 dem
297 5393 470 5446 animi
516 5406 753 5445 sensum
806 5391 1065 5458 exprimit
1119 5391 1336 5444 humilia
1396 5391 1474 5445 De
1527 5402 1715 5445 sancta

149 5483 430 5539 Pentecoste
464 5483 697 5555 (lmmil.
738 5480 827 5547 xi.)
865 5484 933 5535 ob
977 5482 1220 5536 eumdem
1267 5484 1447 5552 populi
1485 5499 1715 5537 concor-

148 5592 274 5645 sum;
298 5582 561 5634 eumdem
594 5576 782 5630 itidem
812 5576 1027 5630 humilia
1059 5591 1213 5639 xxm,
1245 5576 1331 5629 ubi
1363 5590 1419 5629 se
1440 5586 1717 5641 comparat

152 5686 386 5729 generoso
416 5686 577 5741 equo
608 5671 666 5721 in
695 5669 801 5721 lato
832 5683 1024 5736 campo
1055 5669 1344 5723 exsultanti
1377 5680 1432 5722 et
1461 5686 1716 5724 cursuras

154 5763 381 5829 facienti;
415 5777 472 5822 et
507 5763 785 5832 magistro
808 5776 871 5816 eo
894 5762 1126 5816 alacrius
1152 5764 1381 5817 tradenti
1414 5763 1714 5816 doctrinam

157 5875 244 5925 quo
268 5860 568 5931 discipulos
611 5855 761 5911 videt
783 5854 1096 5911 intentiores
1125 5871 1139 5908 :
1183 5854 1295 5908 Hoc
1319 5872 1396 5909 me
1424 5855 1604 5921 ctiam,
1633 5856 1712 5910 iu-

3265 385 3364 449 lli

1800 489 1938 554 quit,
1966 494 2157 547 excitat
2182 506 2231 549 et
2272 498 2437 551 reddit
2477 498 2807 563 alacrioreut,
2852 502 2993 571 quod
3020 461 3236 556 arrectis
3266 523 3364 557 au-

1803 584 1949 636 ribus
1992 588 2267 653 animoque
2314 602 2567 656 prtcscnte
2597 595 2825 646 sermoni
2858 594 3078 647 initiatis
3128 607 3174 647 et
3220 595 3366 662 facta

1802 679 1999 729 semina
2033 680 2191 731 sicuti
2233 682 2441 749 pinguis
2475 691 2523 735 et
2552 683 2743 751 fertilis
2777 702 2898 754 ager
2929 687 3185 755 eacipitis.
3216 684 3368 739 Unde

1800 769 1955 820 etiam
1989 785 2069 822 nte
2109 769 2257 825 bona:
2289 788 2400 839 spes
2431 775 2599 839 alunt,
2620 774 2733 843 fore
2763 783 2819 829 ut
2851 775 3051 843 fructus
3078 776 3368 830 cmleslibus

1802 862 2003 914 horreis
2037 865 2217 931 digith
2244 866 2437 934 afferat
2472 868 2581 919 Ita’c
2606 866 2963 935 agricultura.
3004 867 3206 922 Conlra
3239 883 3366 922 vero

1802 955 1953 1008 dolor
1976 966 2029 1009 et
2054 956 2349 1026 indignatio
2376 974 2500 1013 cum
2533 974 2691 1014 secus
2723 975 2808 1015 res
2855 959 3194 1028 procederet,
3237 975 3365 1027 per-

1802 1049 1986 1116 spicua
2018 1057 2100 1103 est
2145 1065 2209 1103 cx
2250 1051 2466 1105 humilia
2500 1067 2659 1123 quam
2718 1053 2877 1121 paulo
2907 1069 3067 1122 supra
3101 1052 3255 1107 retuli
3306 1052 3371 1106 de

1808 1138 2111 1208 l’aralytico
2143 1152 2331 1195 sanato
2356 1145 2411 1196 in
2438 1142 2814 1212 Caplmrnaunt
2838 1163 2855 1200 :
2877 1144 3124 1208 Conanti,
3168 1143 3364 1213 inquit,

1802 1233 1931 1284 mihi
1957 1245 2258 1286 consuetum
2292 1237 2439 1289 adire
2465 1253 2775 1299 sermonem,
2805 1246 2854 1289 et
2883 1236 3019 1289 inter
3046 1238 3369 1304 indignatio-

1802 1337 1913 1373 nem
1931 1336 2297 1393 mmraremqne
2319 1328 2544 1380 uersanti
2561 1344 2660 1381 vos:
2686 1328 3033 1381 interciditnr.
3059 1326 3207 1380 Idem
3228 1327 3367 1379 enim

1804 1416 1933 1468 milii
1959 1419 2232 1486 contingit.
2254 1419 2392 1488 quod
2413 1419 2610 1472 ltomiai
2633 1419 3007 1489 agricoltr,qui
3036 1438 3149 1473 cum
3180 1421 3369 1473 multos

1802 1508 2016 1561 sudores
2068 1510 2121 1561 in
2171 1510 2457 1564 excolenda
2497 1520 2637 1564 terra
2688 1511 3003 1579 profuderit,
3048 1530 3245 1581 paucas
3283 1523 3369 1565 ta-

1803 1612 1919 1648 men
1949 1600 2147 1649 a'statis
2175 1608 2399 1667 tempore
2445 1601 2652 1653 demetit
2677 1602 2883 1665 spicas;
2926 1611 2978 1653 et
3018 1613 3207 1655 ca‘tera
3247 1617 3371 1670 qua:

1804 1698 2120 1755 sequuntur,
2152 1691 2384 1743 maxime
2416 1694 2481 1744 anl
2518 1708 2629 1746 rem
2653 1692 2873 1757 iaciunt,
2918 1693 2983 1745 ad
3015 1709 3132 1761 qua:
3157 1696 3369 1746 remitto

1805 1780 2083 1845 lectorem,
2133 1797 2201 1835 ne
2232 1783 2409 1836 otnnia
2444 1784 2547 1837 huc
2589 1794 2924 1853 regeruntur.
2979 1785 3156 1852 Atque.
3185 1800 3248 1837 ex
3288 1784 3371 1836 his

1804 1874 1954 1934 locis,
1989 1890 2055 1925 cx
2084 1885 2191 1927 toto
2216 1892 2499 1942 progressu
2529 1877 2891 1936 homiliarum.
2929 1878 2979 1930 in
3014 1876 3374 1945 perorationi-

1804 1965 1923 2030 bus,
1956 1966 2044 2018 uhi
2079 1968 2311 2020 maxime
2340 1967 2640 2021 sententias
2673 1968 2904 2021 morales
2932 1977 2984 2020 ct
3012 1969 3264 2037 mysticus
3304 1968 3372 2021 ad

1804 2060 2135 2113 audientium
2186 2061 2566 2114 documentum
2617 2059 2849 2128 colligit;
2888 2061 3185 2127 prrcsertim
3238 2075 3370 2113 vero

1803 2151 1856 2205 in
1890 2152 2131 2207 homiliis
2160 2153 2225 2206 de
2246 2153 2466 2215 sanctis,
2496 2152 2583 2206 ubi
2614 2153 2757 2221 ipsas
2778 2161 3089 2207 sanctorum
3117 2152 3375 2206 historias

1807 2247 2041 2298 breviter
2071 2256 2375 2307 enarratas,
2409 2259 2507 2299 nec
2541 2260 2642 2298 nun
2679 2254 2733 2297 ct
2761 2246 3025 2312 ipsorum,
3059 2256 3112 2298 et
3142 2244 3373 2299 aliorum

1807 2336 1857 2390 in
1897 2336 2176 2391 historiam
2212 2337 2522 2390 cadentium
2554 2338 2767 2389 nomina
2802 2337 2888 2405 pie
2924 2344 2976 2389 et
3012 2334 3279 2389 subtiliter
3307 2334 3377 2389 ad

1806 2429 2210 2484 informandum
2242 2432 2399 2484 bonis
2435 2432 2678 2484 moribus
2707 2446 2921 2498 gregem
2956 2445 3109 2482 suum
3139 2427 3378 2498 explicat

1805 2530 1857 2574 et
1885 2525 2169 2583 convertit,
2205 2538 2265 2573 ex
2301 2523 2405 2581 his.
2432 2521 2673 2590 inquam,
2702 2522 3007 2588 perspicere.
3033 2521 3161 2573 mihi
3192 2521 3377 2573 videor

1807 2610 1926 2664 illas
1959 2612 2082 2663 Itoni
2137 2610 2376 2679 episcopi
2430 2622 2607 2673 notas,
2658 2625 2794 2677 quas
2839 2620 3119 2664 enttmerat
3157 2620 3379 2664 sanctus

1803 2700 2001 2754 Paulus
2026 2702 2091 2755 ad
2122 2701 2488 2768 Timotheum,
2516 2703 2582 2756 ad
2612 2719 2773 2771 quem
2814 2702 3003 2757 scribit
3033 2722 3045 2756 :
3098 2702 3226 2755 ilu-c
3254 2718 3379 2767 pro-

1802 2808 1998 2859 ponens
2050 2792 2331 2859 fratribus.
2365 2793 2529 2846 bonus
2576 2794 2681 2847 eris
2734 2795 2968 2847 minister
3009 2793 3205 2848 Christi
3245 2792 3388 2847 Iesu

1802 2886 2060 2939 enutritus
2089 2887 2251 2939 verbis
2273 2887 2416 2955 ﬁdei,
2444 2896 2493 2939 et
2523 2886 2667 2941 bona;
2695 2891 2964 2951 doctrinm,
2984 2904 3142 2953 quam
3167 2903 3390 2941 esseet--

1806 2986 1889 3029 tus
1919 2992 2012 3031 es:
2060 2978 2260 3045 ineptas
2318 2988 2491 3032 autem
2568 2989 2616 3032 et
2672 2979 2838 3032 aniles
2892 2980 3102 3048 fabulas
3166 2978 3376 3039 devita:

1803 3086 1986 3123 exerce
2027 3080 2201 3123 autem
2249 3081 2297 3124 te
2325 3074 2492 3138 ipsum
2523 3071 2593 3125 ad
2623 3072 2893 3139 pietatem.
2950 3071 3018 3125 Et
3062 3071 3127 3123 ad
3191 3070 3376 3125 Tltum

1805 3162 1920 3213 vult
1948 3162 2255 3230 cpisc0pum
2288 3178 2399 3215 esse
2424 3163 2819 3231 amplectentem
2844 3179 2961 3215 eum
2984 3164 3073 3231 qui
3094 3164 3377 3216 secundum

1804 3254 2101 3307 doctrinam
2153 3264 2251 3319 est,
2305 3253 2510 3321 ﬁdelem
2538 3270 2849 3319 sermonem,
2882 3266 2936 3306 ut
2971 3263 3149 3321 potens
3184 3254 3251 3304 sit
3283 3268 3378 3304 ea:-

1804 3346 2008 3400 Itortari
2059 3347 2113 3399 in
2159 3345 2399 3399 doctrina
2453 3362 2611 3409 sana,
2645 3357 2692 3398 et
2724 3361 2809 3398 eos
2859 3346 2951 3414 qui
3007 3343 3379 3397 contradicunt

1803 3453 2053 3507 arguere;
2082 3448 2135 3491 et
2160 3439 2371 3491 demum
2414 3436 2542 3491 illud
2573 3436 2812 3505 ejusdem
2844 3435 3015 3489 sancti
3061 3436 3209 3490 Pauli
3240 3451 3380 3504 pra--

1806 3540 2021 3600 ceptum
2078 3530 2257 3584 facere
2293 3530 2503 3585 videtur
2545 3529 2937 3597 Theophanes:
2981 3525 3228 3580 Pra'dica
3262 3542 3378 3580 cer-

1808 3623 1967 3685 bum;
2014 3625 2154 3677 insta
2199 3632 2511 3690 opportune,
2557 3622 2886 3689 importune;
2920 3636 3103 3689 argue,
3139 3619 3375 3682 obsecra,

1808 3715 2022 3776 increpa
2048 3715 2101 3766 in
2140 3714 2279 3766 omni
2306 3713 2560 3780 patientia
2585 3722 2633 3764 et
2664 3713 2928 3765 doctrina.
2982 3711 3038 3765 Si
3070 3712 3192 3780 quis
3240 3713 3386 3765 bene

1809 3806 2167 3858 considerarit
2200 3814 2252 3856 et
2285 3804 2593 3871 supradicta
2637 3803 2776 3867 loca,
2808 3813 2862 3857 et
2892 3803 2996 3856 alia
3028 3804 3166 3857 dicta
3202 3801 3255 3855 in
3295 3801 3380 3854 his

1811 3910 2094 3964 perspersa
2131 3894 2492 3955 sermonibus,
2541 3909 2771 3954 mecum,
2825 3893 3011 3956 credo,
3063 3893 3292 3956 sentiet,
3326 3901 3383 3946 et.

1812 3986 1936 4041 boni
1992 3986 2221 4054 pastoris
2267 3984 2523 4039 Ecclesia:
2544 3986 2771 4041 formam
2797 4000 2905 4039 non
2935 3986 3091 4039 modo
3122 3985 3206 4038 his
3228 3985 3383 4039 lineis

1815 4079 2213 4141 adumbratam,
2248 4078 2340 4130 sed
2385 4077 2542 4146 plane
2592 4092 2902 4146 expressam
2939 4078 3005 4132 ad
3045 4077 3225 4130 vivum
3254 4092 3384 4131 con-

1815 4170 2132 4237 spiesbitur.
2177 4168 2281 4223 Sed
2340 4171 2407 4222 ad
2460 4169 2595 4223 alias
2653 4170 2901 4233 virtutes,
2938 4183 3057 4238 quae
3107 4168 3382 4223 hominem

1817 4261 2083 4331 privatum
2100 4260 2407 4330 perﬁciunt,
2436 4261 2859 4329 progrediamur.

1824 4379 1852 4452 §
1890 4380 1959 4435 Χ.
2006 4379 2238 4435 Virtutes
2300 4378 2442 4439 alite,
2484 4378 2711 4452 maxime
2750 4378 3085 4446 perfectionis
3125 4376 3384 4433 Christia-

2417 4464 2498 4503 na:
2536 4451 2781 4517 propria'.

1889 4560 2128 4615 Aliarum
2160 4560 2439 4623 virtutum,
2471 4573 2589 4627 qua:
2609 4558 2871 4626 privatum
2902 4556 3186 4627 perﬁciunt
3214 4556 3395 4610 homi-t

1821 4669 1964 4717 nem,
2003 4655 2166 4708 multa
2200 4667 2411 4723 quoque
2438 4660 2563 4706 sunt
2610 4651 2661 4704 in
2693 4650 2776 4705 his
2820 4650 3155 4704 sermonibus
3197 4648 3385 4703 relicta

1820 4746 2092 4813 vestigia:
2147 4752 2201 4798 et
2239 4758 2369 4797 sane
2399 4743 2442 4797 si
2488 4742 2553 4796 tle
2613 4742 2837 4795 summis
2886 4740 3013 4793 visis
3072 4740 3391 4806 perscripta:

1823 4841 2057 4894 historia:
2078 4850 2201 4893 sunt
2218 4853 2505 4908 expressa,
2534 4851 2640 4890 non
2659 4849 2947 4904 corporum
2966 4833 3058 4886 sed
3082 4834 3393 4889 animorum

1824 4932 2105 5001 imagines,
2136 4948 2201 4984 ex
2230 4931 2427 5000 quibus
2456 4929 2631 4999 qualis
2664 4930 2824 4981 fuerit
2868 4929 3075 4980 interna
3125 4926 3387 4993 cujusque

1824 5026 2052 5094 species,
2101 5037 2285 5092 quau-e
2319 5022 2574 5075 virtutum
2615 5022 2937 5074 lineamenta
2980 5018 3384 5087 cognoscimus,

1824 5135 1888 5172 ac
1929 5118 2083 5170 tidem
2109 5116 2174 5169 iis
2219 5115 2498 5177 habemus,
2530 5115 2600 5168 ita
2644 5122 2709 5167 ut
2743 5112 3051 5180 Imjnsmodi
3099 5112 3382 5179 imaginem

1823 5226 1853 5264 ιι
1884 5209 2233 5276 Xenophonte
2275 5208 2596 5274 descriptam
2636 5207 2886 5259 omnibus
2927 5204 3164 5259 omnium
3207 5203 3383 5269 pictis,

1825 5303 1965 5358 ﬁetis
1990 5302 2315 5370 sculptisque
2349 5299 2652 5354 simulacris
2710 5297 2983 5364 Agesilaus
3014 5295 3103 5349 ille
3134 5295 3383 5361 praetule-

1827 5398 1918 5462 rit,
1953 5408 2096 5451 certe
2122 5397 2296 5449 oratio
2323 5399 2439 5463 ipsa
2465 5396 2641 5460 imago
2675 5392 2852 5445 verior
2874 5388 3038 5443 animi
3088 5395 3141 5440 et
3182 5386 3383 5441 clarior

1827 5488 2067 5542 habenda
2119 5496 2222 5549 est,
2277 5500 2394 5553 quae
2447 5498 2568 5535 cum
2600 5481 2663 5532 ad
2702 5479 3046 5549 exprimenda
3097 5477 3261 5530 animi
3314 5491 3379 5529 at:

1830 5579 2023 5632 mentis
2069 5591 2263 5629 arcana
2315 5587 2484 5627 sensa
2522 5581 2711 5624 natura
2768 5571 2880 5637 ipsa
2929 5575 3235 5634 comparata
3286 5566 3378 5627 sit.
3445 5628 3448 5632 ,

1828 5669 2117 5740 petit-etin:
2147 5673 2199 5719 et
2226 5664 2426 5718 certius
2457 5663 2614 5715 etiam
2649 5659 2834 5728 qualis,
2856 5659 3081 5727 quisque
3105 5656 3175 5708 sit
3197 5652 3380 5721 expri-

1831 5766 1925 5817 mit
1957 5770 2011 5813 et
2060 5765 2433 5827 repraesentat.
2482 5754 2667 5821 Itaque
2702 5766 2804 5804 non
2839 5749 2982 5803 solus
3024 5746 3110 5799 ille
3145 5743 3381 5812 philoso-

1831 5854 1966 5923 phus
2010 5849 2373 5922 pervulgatum
2427 5844 2551 5899 illud
2599 5857 2722 5897 vere
2756 5841 2905 5908 dixit,
2951 5838 3215 5907 Loquere,
3246 5848 3301 5887 tu
3332 5845 3378 5886 te
