4172 6432
744 367 843 430 115

738 482 937 535 videam
978 498 997 535 :
1032 481 1122 535 sed
1192 482 1350 533 ct'am
1420 490 1619 532 aeterna
1675 478 1946 546 Sapientia
2003 476 2304 530 Pliarismos

743 574 1166 641 reprehendens,
1202 570 1473 633 Quomodo
1508 588 1595 623 ros
1655 572 1870 638 potestis
1929 571 2062 621 bona
2134 566 2302 633 loqui,

738 683 854 719 cum
886 668 999 719 siris
1023 665 1193 717 ntali?
1242 664 1410 716 llcmo
1440 664 1503 717 de
1535 667 1665 717 bono
1710 663 1955 717 thesauro
1999 662 2173 715 cordis
2226 662 2307 715 sui

738 764 937 830 profert
971 762 1127 821 bona,
1159 768 1206 811 et
1245 758 1419 811 malus
1460 761 1612 810 homo
1647 757 1709 809 de
1745 756 1885 809 malo
1909 756 2153 809 thesauro
2186 772 2306 822 pro-

741 855 841 921 fert
885 854 1073 916 mala;
1122 866 1186 904 ea:
1223 851 1550 903 abundantia
1580 849 1715 901 enim
1754 850 1925 900 cordis
1956 863 2012 898 os
2054 847 2306 915 loquitur.

742 946 893 1010 Quod
930 946 1000 997 ita
1034 960 1063 996 a
1098 943 1317 997 Christo
1349 942 1552 993 dictum
1586 942 1870 1007 accipitur,
1900 949 1957 990 ut
1990 938 2309 1007 plerumque

743 1038 811 1086 ita
851 1038 1169 1097 ttsm'ettiat;
1206 1047 1257 1087 et
1292 1033 1621 1100 experientia
1659 1032 1869 1095 doceat,
1898 1045 2002 1084 non
2028 1044 2183 1098 posse
2203 1038 2310 1081 tam

742 1134 829 1183 diu
864 1133 1097 1199 aliquem
1126 1130 1195 1181 ita
1220 1132 1425 1181 vultum
1458 1135 1511 1179 ct
1539 1126 1841 1179 orationem
1878 1124 2101 1193 lingere,
2126 1130 2310 1175 utnon

742 1228 795 1277 in
833 1226 1013 1292 aliquo
1058 1224 1271 1275 obtecta
1338 1220 1541 1271 malitia
1598 1217 2054 1285 deprehendatur,
2105 1225 2165 1269 ut
2208 1229 2312 1267 non

742 1330 1005 1368 venenum
1046 1314 1261 1366 tandem
1300 1312 1351 1363 in
1404 1314 1512 1362 imo
1543 1308 1789 1361 residens
1836 1313 2070 1359 evomat.
2122 1303 2312 1372 Itaque

742 1423 865 1461 cum
899 1408 952 1459 in
990 1407 1073 1459 his
1120 1402 1466 1458 sermonibus
1501 1400 1847 1468 Theophanis
1878 1398 2125 1453 Ceramei
2180 1396 2315 1451 nihil

744 1503 891 1553 illum
923 1513 1083 1568 agere
1124 1496 1295 1560 aliud,
1327 1494 1459 1547 nihil
1494 1493 1715 1547 studere
1751 1492 1981 1557 videam,
2017 1506 2179 1560 quam
2218 1506 2314 1543 au-

744 1591 956 1644 ditores
1002 1603 1129 1642 suos
1159 1587 1225 1641 ad
1260 1587 1515 1638 virtutem
1566 1582 1863 1636 informare
1903 1591 1957 1635 et
1988 1581 2315 1643 incendere;

745 1698 867 1735 cum
924 1694 1139 1733 onmem
1184 1677 1603 1745 explicationem
1639 1672 1914 1739 Evangelii
1955 1672 2021 1723 ad
2062 1654 2317 1722 virtuiu’tn

747 1772 1191 1825 exercitationem
1247 1769 1646 1835 utilitatemque
1675 1765 1980 1817 auditorum
2039 1763 2107 1815 de
2152 1760 2315 1814 indu-

753 1870 887 1921 stria
918 1865 1163 1920 conferat
1184 1874 1238 1919 et
1270 1861 1659 1922 accommodet,
1694 1857 1933 1924 nihilque
1958 1856 2027 1909 sit
2062 1852 2319 1909 doctrina:

752 1959 972 2011 moralis
1000 1956 1140 2025 quod
1179 1968 1282 2008 non
1328 1966 1625 2007 consonum
1672 1948 1931 2002 doctrinae
1972 1944 2319 2010 moribusque

746 2060 1063 2105 sanctorum
1094 2048 1337 2110 Patrum,
1372 2044 1503 2096 nihil
1528 2042 1669 2110 quod
1702 2055 1807 2094 non
1822 2041 1993 2093 solum
2014 2036 2139 2088 vitia
2171 2037 2322 2088 dam-

748 2154 838 2197 net
867 2144 1232 2207 virtutemque
1284 2134 1654 2198 commendet,
1704 2134 1799 2187 sed
1846 2131 2010 2184 etiam
2047 2141 2318 2181 summum

748 2236 1003 2307 perlecta:
1028 2231 1249 2285 virtutis
1277 2229 1483 2298 apicem
1518 2234 1751 2296 spectet,
1786 2227 1948 2293 idque
1976 2234 2171 2289 magno
2197 2230 2319 2267 cum

753 2306 911 2379 animi
939 2323 1137 2385 studio,
1172 2335 1329 2373 sensu
1362 2329 1527 2386 atque
1554 2318 1744 2369 ardore
1767 2316 1964 2383 sacpius
1994 2324 2049 2366 et
2086 2306 2322 2376 graviter

751 2416 1072 2469 inculcatum
1127 2412 1579 2473 animadvertam,
1627 2408 1850 2462 credere
1901 2404 2033 2458 mihi
2084 2399 2323 2471 profecto

749 2508 895 2564 licet,
932 2519 1026 2557 eas
1050 2505 1101 2557 in
1132 2519 1188 2556 se
1212 2503 1522 2556 exercuisse
1565 2502 1815 2560 virtutes,
1867 2504 1923 2551 et
1950 2492 2143 2548 fecisse
2175 2492 2324 2561 prius

751 2613 913 2665 quam
965 2598 1257 2661 docuisse;
1312 2598 1368 2648 et
1412 2609 1534 2647 cum
1569 2607 1759 2646 omnes
1802 2589 2035 2644 homilia:
2067 2587 2324 2656 pietatem

753 2688 1215 2752 sanctitatemque
1266 2683 1637 2737 Christianam
1665 2690 1718 2734 et
1748 2678 2053 2745 religiosam
2093 2675 2322 2742 spirent,

752 2780 898 2845 pium
933 2778 1112 2830 itidem
1150 2790 1212 2828 ac
1242 2774 1550 2841 religiosum
1583 2784 1704 2824 eum
1753 2768 1920 2822 fuisse
1955 2768 2154 2818 virum.
2214 2762 2323 2816 Sed

751 2884 872 2920 cum
923 2869 991 2920 de
1040 2867 1186 2919 omni
1239 2864 1497 2918 virtutum
1534 2873 1730 2931 genere
1784 2858 1837 2911 id
1897 2855 2011 2910 ﬁeri
2063 2854 2324 2920 judicium

752 2962 930 3024 liceat,
966 2970 1112 3011 certe
1142 2958 1207 3010 de
1233 2954 1554 3016 humilitate,
1580 2965 1699 3020 qua:
1728 2950 1962 3001 maxime
1991 2954 2074 2999 est
2105 2960 2325 3013 χριστο-

755 3053 1017 3119 μῐμητος,
1046 3059 1103 3102 ut
1129 3046 1370 3101 auctoris
1396 3044 1558 3098 etiam
1591 3043 1752 3095 verbo
1780 3052 1924 3099 utar,
1952 3039 2018 3090 de
2045 3044 2328 3099 contemp-

756 3146 898 3195 tione
928 3142 1259 3208 voluptatum
1295 3136 1560 3204 corporis,
1594 3135 1765 3202 deque
1796 3144 2004 3184 Summa
2044 3129 2325 3194 perturba-

755 3238 957 3287 tionum
988 3233 1150 3285 animi
1185 3230 1431 3293 victoria,
1462 3242 1621 3296 quam
1653 3222 2124 3277 mortiﬁcationem
2157 3218 2325 3271 sancti

754 3335 965 3386 vocant,
997 3336 1051 3379 et
1088 3322 1445 3391 Theophanes
1489 3320 1562 3372 uti
1607 3318 1876 3372 Climacus
1920 3312 2187 3365 ἀπάθειαν
2220 3323 2326 3363 non

758 3435 864 3469 uno
893 3418 1007 3471 locis
1029 3416 1283 3483 appellat,
1310 3413 1545 3466 maxima
1577 3418 1794 3463 exstant
1817 3406 2044 3472 judicia.
2078 3402 2235 3455 l'lont.
2264 3402 2328 3453 de

756 3508 980 3561 ἰαί-Ιητο
1017 3508 1245 3575 (homil.
1274 3508 1369 3573 xv)
1407 3505 1483 3557 sic
1528 3499 1873 3555 commendat
1915 3494 2271 3551 humilitatem
2309 3511 2322 3545 :

756 3601 1003 3663 lactare,
1053 3602 1310 3669 festinans
1356 3596 1624 3649 descende.
1673 3592 1973 3661 Anagogico
2027 3604 2182 3641 sensu
2234 3601 2326 3638 nos

756 3694 901 3741 docet
956 3688 1200 3739 Christus
1255 3686 1457 3737 nullum
1512 3682 1660 3734 aliud
1710 3680 1875 3747 magis
1928 3678 2168 3729 idoneum
2219 3689 2329 3725 esse

758 3782 1035 3848 pernitendi
1081 3778 1427 3846 principium,
1462 3791 1618 3843 quam
1660 3773 1984 3825 descensum.
2033 3768 2157 3821 Hace
2200 3780 2330 3818 vero

756 3884 838 3929 est
879 3875 913 3941 ἡ
952 3872 1199 3940 μακαρία
1228 3868 1578 3929 ταπείνωσις,
1622 3866 1775 3916 beata
1816 3863 1911 3913 ilia
1942 3860 2235 3917 humilitas,
2267 3872 2331 3908 ex

758 3974 974 4021 ριίιιρηο
1006 3965 1203 4018 diaboli
1234 3963 1491 4030 superbia:
1532 3961 1792 4026 opposita.
1850 3953 1937 4006 Vis
1975 3952 2329 4022 ptznitentiam

759 4060 1021 4123 auspicari
1052 4073 1070 4108 :
1099 4057 1495 4125 fundamentum
1525 4060 1572 4104 et
1610 4050 1975 4101 inconcussam
2018 4043 2331 4110 paenitentia:

758 4156 922 4205 basim
960 4168 1091 4216 pone
1121 4149 1493 4201 humilitatem.
1527 4142 1809 4205 Descende,
1841 4148 1896 4190 ut
1926 4138 2190 4191 attollaris
2228 4134 2331 4187 eir-

758 4256 926 4296 tutum
953 4245 1052 4295 alis
1082 4244 1304 4295 levatus.
1334 4238 1586 4291 Eamdem
1627 4232 1945 4288 humilitatis
1983 4228 2323 4282 commenda-

761 4334 962 4383 tionem
993 4346 1057 4383 ac
1084 4329 1453 4383 celsitudinem
1495 4325 1659 4377 habes
1690 4323 1836 4375 hom.
1865 4323 1928 4372 de
1957 4317 2251 4370 Publicano
2276 4325 2325 4368 et

762 4424 1033 4474 l'tmrisceo
1090 4422 1274 4488 (hom.
1329 4417 1474 4483 xvi).
1526 4416 1703 4482 Atque
1767 4412 1850 4465 his
1914 4408 2131 4476 quidem
2199 4407 2333 4460 locis

762 4515 997 4566 maxime
1032 4513 1171 4564 hanc
1216 4511 1470 4561 virtutem
1514 4504 1739 4568 extollit,
1772 4503 1826 4556 in
1865 4502 1987 4553 aliis
2026 4514 2152 4553 vero
2181 4498 2247 4551 de
2274 4509 2333 4550 se

761 4609 873 4671 ipse
914 4600 1307 4656 demississime
1353 4599 1609 4666 loquitur.
1642 4595 1797 4649 Hom.
1826 4598 1889 4646 de
1919 4587 2332 4659 Archisynagogi

760 4700 875 4763 [ilia
920 4706 969 4747 et
1020 4692 1441 4746 Hmntorrhoissa
1490 4688 1698 4753 (hOmil.
1751 4686 1829 4753 x),
1874 4698 1996 4736 cum
2047 4682 2330 4735 historiam

761 4787 1046 4855 :tllcgorico
1094 4799 1253 4836 sensu
1298 4782 1642 4848 explicassu,
1686 4778 1754 4831 ad
1803 4775 2150 4843 tropologiam
2197 4788 2332 4825 con-

762 4892 978 4933 vertens
1008 4876 1302 4927 orationem
1335 4891 1349 4924 :
1375 4871 1478 4925 Sed
1503 4872 1629 4938 quid
1673 4871 1822 4929 abeo,
1855 4866 2137 4934 inquil,ad
2177 4880 2333 4916 cocc-

762 4976 953 5027 tionrns
997 4972 1321 5024 ethnicorum
1364 4978 1411 5019 et
1456 4966 1705 5032 reliquias
1746 4962 1986 5023 Israelis,
2017 4972 2066 5013 et
2115 4970 2333 5014 externa

764 5067 1203 5131 circumspiciens,
1237 5078 1317 5115 me
1348 5065 1519 5128 ipsum
1558 5078 1660 5112 non
1706 5061 1851 5113 rideo
1890 5056 1990 5107 hac
2033 5056 2336 5107 narratione

765 5158 1121 5222 descriptum!
1150 5156 1379 5223 Agedum
1414 5159 1464 5206 in
1496 5153 1717 5204 historia
1752 5161 2001 5217 tanquam
2041 5149 2097 5199 in
2129 5148 2336 5214 speculo

768 5254 986 5317 ﬁgamus
1014 5248 1182 5299 aciem
1212 5248 1418 5309 mentis,
1441 5254 1488 5295 et
1540 5242 1890 5309 unusquisque
1918 5251 2150 5292 nostrum
2185 5239 2336 5291 mise-

769 5358 881 5391 ram
928 5341 1119 5391 animi:
1151 5353 1260 5390 sua
1301 5337 1650 5387 condi:ionem
1693 5334 2090 5393 animadvertat,
2133 5338 2235 5381 etc.
2272 5329 2336 5380 Et

773 5430 991 5483 homiiia
1038 5432 1099 5479 de
1143 5444 1201 5480 eo
1241 5429 1330 5494 qui
1375 5427 1557 5477 incidit
1605 5425 1659 5474 in
1702 5426 1930 5473 latrones
1982 5420 2188 5487 (homil.
2236 5421 2330 5471 xt't:

777 5523 927 5576 felix
960 5524 1119 5591 igitur
1151 5523 1236 5572 ille
1268 5520 1453 5572 doctor
1479 5519 1568 5585 qui
1603 5518 1853 5569 doctrina
1893 5515 2138 5566 denarios
2168 5515 2338 5565 adau-

769 5616 926 5679 gcbit,
957 5614 1209 5665 nimirum
1236 5628 1351 5664 cum
1381 5610 1533 5664 relicti
1557 5612 1620 5661 de
1647 5624 1697 5662 re
1720 5623 1814 5659 sua
1840 5606 2123 5659 domestica
2150 5619 2335 5657 sanum

1703 364 2101 424 FRANCISCI
2141 364 2405 425 SCORSI
2445 363 2875 425 PROEMIUM
2915 366 2996 425 II.

2411 480 2614 530 uerbum
2646 490 2692 530 et
2733 481 2889 532 vitam
2921 479 3070 531 verbo
3108 486 3505 530 consentaneam
3536 474 3862 540 impenderit,
3898 477 3983 528 in-

2411 570 2581 636 felices
2625 586 2745 623 vero
2793 586 2968 641 ornqes
3014 587 3075 621 ac
3109 570 3454 632 miserabiles,
3493 569 3651 636 juxta
3698 578 3855 634 atque
3890 584 3986 635 ego

2412 678 2557 719 sum,
2609 663 2696 729 qui
2748 662 2975 715 inaniter
3020 663 3073 713 in
3123 678 3244 715 aere
3284 672 3661 730 perstrepentes
3709 660 3861 729 quasi
3911 674 3983 710 crs

2411 768 2602 804 sonans
2652 760 2745 805 aut
2795 754 3090 822 cymbalum
3140 756 3367 805 tinniens
3423 752 3697 804 dimidium
3747 749 3985 817 efﬁciunt

2411 844 2575 906 operis
2620 842 2762 905 boni,
2804 856 2849 895 et
2893 845 3007 912 ejus
3046 844 3185 913 quod
3232 844 3567 911 prmatantius
3613 850 3709 899 est,
3751 848 3987 908 expertes

2413 944 2641 989 manent.
2681 932 2887 988 Similia
2939 938 3099 989 habet
3148 936 3293 989 hom.
3331 938 3394 989 de
3446 936 3508 990 S.
3554 934 3801 1001 Philippo
3850 933 3990 1001 (Iw-

2412 1026 2525 1080 mil.
2577 1028 2777 1093 xux):
2826 1026 3082 1096 Equidem
3126 1044 3218 1098 ego
3246 1043 3481 1094 cuperem
3540 1027 3609 1077 ad
3666 1024 3987 1076 hortandum

2413 1118 2571 1167 vitam
2617 1128 2737 1169 ante
2780 1133 2933 1181 quam
2981 1117 3134 1169 verba
3188 1131 3509 1183 proponere;
3555 1116 3636 1167 hic
3674 1113 3809 1166 enim
3854 1115 3992 1162 esset

2415 1211 2588 1275 aptior
2626 1210 2845 1261 docendi
2878 1210 3081 1271 modus,
3116 1212 3161 1262 si
3192 1211 3359 1263 verbis
3402 1210 3504 1263 vita
3534 1208 3865 1264 concineret;
3896 1202 3990 1254 sed

2414 1304 2657 1366 quoniam
2688 1302 2846 1353 vitam
2875 1300 3114 1353 omnibus
3143 1311 3471 1368 peccatorum
3506 1299 3725 1349 maculis
3753 1304 3991 1346 notatum

2414 1393 2673 1459 pra'fero,
2720 1410 2783 1447 ne
2828 1394 3004 1446 videar
3055 1403 3225 1445 tamen
3276 1390 3396 1444 huic
3444 1389 3736 1443 celebritati
3782 1384 3993 1438 inutilis

2415 1484 2692 1549 exstitisse,
2719 1501 2813 1553 age
2830 1488 2945 1552 jam
2974 1484 3217 1551 Apostolo
3242 1486 3576 1550 deprecatore
3605 1481 3853 1547 conﬁsus,
3881 1488 3989 1531 etc.

2422 1576 2493 1629 Ex
2532 1577 2615 1629 his
2645 1588 2776 1629 sane
2809 1577 3007 1641 verbis,
3036 1576 3197 1629 etiam
3246 1591 3353 1628 non
3390 1574 3848 1627 animadverteute
3884 1583 3997 1630 me,

2422 1668 2785 1736 unusquisque
2829 1667 3016 1729 lector,
3067 1668 3168 1721 nisi
3215 1667 3613 1722 simulationem
3661 1662 3994 1717 venditatio-

2418 1774 2646 1827 nemqne
2680 1761 2915 1821 virtutis,
2947 1769 3007 1812 ut
3040 1762 3103 1813 de
3136 1758 3473 1828 philosophis
3510 1758 3703 1824 priscis
3736 1752 3996 1808 arbitrari

2417 1851 2564 1914 velit,
2614 1861 2817 1919 quanta
2866 1852 3093 1905 dicentis
3138 1853 3209 1905 sit
3254 1851 3445 1912 virtus,
3471 1860 3669 1917 quanta
3713 1846 3998 1900 humilitas

2420 1954 2705 2013 agnoscat;
2736 1953 2789 1996 et
2821 1943 2946 1996 illud
2985 1944 3278 2010 praesertim
3309 1958 3415 2012 quo
3446 1942 3513 1995 de
3544 1942 3771 2009 agimus.
3805 1938 3996 1992 docto-

2420 2053 2528 2090 rem
2554 2036 2752 2089 honum
2776 2050 2897 2089 cum
2922 2050 3053 2089 sano
3072 2036 3234 2088 verbo
3256 2036 3419 2087 vitam
3444 2032 3771 2100 conjungere
3798 2029 3994 2082 booam

2416 2138 2699 2195 oportere;
2734 2126 2875 2196 quod
2908 2142 3029 2181 cum
3062 2127 3132 2179 ita
3162 2127 3349 2181 doceat
3382 2139 3443 2178 ac
3473 2122 3691 2182 sentiat,
3725 2116 3999 2173 itaetiam

2420 2235 2478 2273 re
2520 2220 2635 2287 ipsa
2673 2233 2793 2273 eum
2823 2218 3141 2287 przcstitisse
3171 2226 3591 2270 consentaneum
3622 2222 3702 2266 est
3728 2210 3999 2278 judicare.

2419 2309 2535 2363 Jam
2568 2310 2710 2363 hom.
2751 2310 2814 2361 de
2844 2307 3094 2362 Zaccha'o
3129 2309 3201 2361 ita
3243 2306 3481 2375 loquitur
3514 2304 3688 2373 (hom.
3734 2302 3824 2369 xv)
3870 2318 3885 2354 :
3932 2297 4001 2351 Et

2422 2403 2662 2455 altiorem
2692 2418 2815 2454 sane
2841 2402 3188 2470 anagogicunt
3223 2416 3428 2452 sensum
3465 2395 3789 2465 perscrutari
3820 2403 4005 2457 potue-

2423 2504 2544 2546 runt
2575 2495 2613 2545 ii
2646 2494 2737 2562 qui
2781 2496 2975 2546 mundo
3021 2503 3140 2546 sunt
3187 2493 3363 2555 corde,
3407 2490 3595 2558 quibus
3638 2488 3699 2539 ob
3748 2487 4005 2537 virtutum

2424 2587 2627 2653 copiam
2660 2603 2692 2638 a
2729 2586 2903 2638 dit-ina
2938 2585 3142 2651 Spiritu
3188 2600 3330 2636 mens
3375 2582 3695 2633 illustratur.
3737 2576 3846 2629 Nos
3881 2592 4004 2629 vero

2424 2687 2749 2744 peccatorum
2804 2676 2915 2728 luto
2957 2676 3298 2737 inlttzrentes,
3346 2688 3436 2740 per
3484 2671 3771 2723 mediocres
3818 2682 4006 2721 sensus

2426 2769 2797 2837 ingrediemur.
2827 2768 3002 2835 Atque
3035 2766 3149 2819 haec
3183 2764 3502 2817 humilitatis
3534 2764 3860 2815 documenta
3895 2759 4006 2811 sint

2428 2862 2572 2914 satis.
2607 2860 2679 2914 De
2704 2860 3016 2929 passionum
3044 2872 3172 2909 vero
3197 2854 3605 2909 mortiﬁcatione
3630 2854 3705 2905 uti
3734 2854 4005 2919 quua'ur,

2432 2961 2641 3004 nonest
2676 2967 2812 3004 unus
2855 2950 3021 3002 locus.
3056 2946 3173 2999 Huc
3214 2946 3418 3008 adesto,
3471 2945 3646 3013 inquit
3676 2944 3821 2995 hom.
3853 2944 3917 2993 de
3947 2956 4008 2992 eo

2427 3046 2515 3111 qui
2556 3043 2774 3095 habebat
2834 3041 3088 3109 legionem
3147 3042 3441 3091 damonum
3483 3036 3695 3105 (homil.
3725 3035 3822 3100 Ix),
3850 3042 4009 3100 quot-

2426 3146 2549 3201 quot
2585 3145 2831 3201 tanquant
2864 3149 2895 3184 a
2925 3131 3245 3183 dmonibus
3275 3130 3352 3181 sic
3382 3144 3414 3179 a
3456 3127 3793 3195 passionibus
3825 3136 4010 3191 tyran-

2432 3227 2547 3276 nica
2585 3226 2865 3289 premimur
2895 3222 3201 3280 dominatu;
3233 3229 3280 3270 et
3322 3218 3459 3269 hanc
3498 3216 3777 3268 historiam
3808 3214 3877 3264 ad
3914 3226 4009 3263 nos

2430 3317 2566 3381 ipsos
2594 3311 3038 3366 accommodemus
3068 3328 3087 3366 :
3116 3326 3227 3361 rere
3252 3308 3388 3361 enim
3416 3324 3447 3357 a
3479 3307 3678 3375 legione
3705 3305 3951 3355 da'monu
3975 3317 4007 3349 tt

2428 3408 2741 3473 possidetur,
2771 3405 2859 3473 qui
2901 3413 3231 3470 peccatorum
3267 3400 3605 3452 multitudine
3647 3395 3927 3463 premitur,
3954 3402 4013 3445 et

2430 3509 2619 3553 czetera
2659 3498 2899 3566 legantur
2927 3494 2982 3548 in
3010 3494 3205 3562 quibus
3250 3491 3675 3558 uniuscujusque
3714 3484 4014 3555 passionis,

2430 3589 2729 3660 pnesertitn
2756 3600 2883 3639 vero
2914 3585 3026 3645 irae,
3062 3584 3457 3638 deformitatem
3496 3581 3729 3632 maxime
3761 3575 4014 3643 depingit

2430 3694 2484 3736 et
2509 3683 2822 3735 detestatur.
2850 3677 2967 3730 Alia
2992 3676 3156 3730 etiam
3186 3674 3447 3727 virtutum
3478 3671 3704 3724 aliarum
3736 3668 3932 3721 indicia
3964 3668 4014 3719 si

2432 3790 2538 3827 oon
2584 3786 2861 3839 expressa,
2906 3781 3053 3822 certe
3098 3766 3415 3820 adumbrata
3459 3762 3636 3830 quivis
3679 3761 3842 3813 etiam
3892 3759 4019 3811 sine

2432 3881 2548 3920 mea
2579 3866 2681 3918 hac
2720 3861 3123 3917 enumeratione
3157 3857 3573 3917 anituadvertet,
3620 3868 3741 3924 qua:
3786 3851 4015 3921 quidem

2433 3958 2500 4012 iis
2536 3956 2817 4023 praditum
2852 3952 3015 4020 hujus
3049 3959 3324 4003 auctorem
3360 3948 3539 4017 operis
3574 3947 3835 3999 indicant.
3872 3943 4015 3997 Illud

2435 4063 2561 4103 vero
2589 4048 2758 4101 solum
2786 4046 2854 4100 ad
2884 4046 2998 4099 hzec
3028 4054 3210 4097 nostra
3246 4042 3597 4110 conjectanea
3634 4036 4015 4106 consignanda

2434 4142 2589 4194 nobis
2626 4139 2793 4198 deest,
2842 4152 2987 4191 mors
3030 4138 3151 4187 vitae
3194 4135 3562 4200 doctrinaeque
3606 4141 4013 4191 consentanea,

2436 4234 2502 4287 de
2530 4245 2634 4299 qua
2666 4230 2921 4297 quoniam
2958 4227 3010 4280 in
3048 4224 3358 4293 perturbata
3394 4223 3481 4275 illa
3518 4222 3705 4274 incidit
3742 4230 4018 4285 tempora,

2436 4324 2568 4377 certi
2602 4322 2871 4389 quidpiam
2906 4333 2970 4373 ex
3004 4318 3246 4372 historiis
3279 4315 3361 4370 vel
3398 4313 3775 4367 traditionibus
3808 4310 4019 4364 habere

2432 4428 2540 4465 non
2572 4412 2864 4479 potuimus.
2895 4409 2961 4462 Et
2988 4410 3113 4476 quid
3145 4408 3337 4461 mirum
3374 4406 3479 4459 hoc
3510 4405 3701 4457 deesse
3735 4402 3787 4454 in
3822 4413 4021 4455 nostro

2432 4502 2782 4569 'l'heOphane,
2827 4516 2947 4555 cum
2996 4499 3113 4566 ejus
3158 4499 3283 4552 vitae
3330 4506 3657 4565 postremam
3708 4502 3921 4562 partem
3957 4504 4021 4545 et

2433 4607 2661 4651 mortem
2708 4596 2996 4649 obscurum
3046 4589 3319 4658 exceperit
3368 4589 3646 4650 saeculum,
3697 4594 3756 4637 ut
3798 4584 3910 4652 jam
3955 4585 4014 4635 in

2434 4688 2696 4755 prooemio
2725 4686 2790 4739 ad
2819 4686 3047 4737 lectores
3072 4680 3349 4743 admonui,
3378 4694 3487 4745 quo
3515 4678 3714 4732 seculo
3746 4689 3917 4744 usque
3942 4676 4017 4727 ad

2432 4776 2763 4831 Clementem
2799 4772 2840 4825 ll
2874 4782 3023 4839 pont.
3067 4772 3228 4822 etiam
3272 4778 3419 4837 gesta
3470 4764 3779 4833 pontificum
3826 4763 3875 4813 in
3909 4761 4021 4814 ob-

2436 4882 2597 4922 sruro
2619 4867 2934 4932 incertoque
2958 4872 3104 4923 sunt,
3132 4875 3252 4914 cum
3285 4870 3599 4926 perpetuum
3631 4871 3737 4909 non
3774 4853 4023 4906 habeant

2437 4959 2779 5026 scriptorem,
2810 4966 2864 5009 et
2894 4952 3148 5019 majorem
3180 4965 3400 5004 suorum
3433 4949 3756 5013 scriptorum
3798 4953 4017 5010 partem

2438 5047 2737 5109 amiserint,
2763 5058 3001 5113 tempora
3026 5046 3159 5097 adeo
3182 5043 3412 5095 obscura
3436 5049 3488 5091 et
3516 5039 3720 5091 incerta
3751 5035 4021 5097 habeant,

2438 5154 2496 5196 ut
2529 5153 2700 5209 neque
2734 5152 2842 5207 quo
2881 5151 3142 5205 tempore,
3175 5148 3347 5202 neque
3380 5147 3488 5201 quo
3523 5130 3666 5193 loco,
3700 5141 3873 5197 neque
3906 5143 4022 5196 quo

2438 5236 2626 5288 ordine
2654 5235 2832 5296 aliqua
2863 5233 3227 5284 Romanorum
3258 5226 3572 5295 pontiﬁcum
3604 5224 3821 5277 nomina
3857 5236 4025 5289 repe.

2442 5329 2651 5380 riuntur
2682 5325 2814 5379 satis
2858 5324 3060 5391 liqueat
3092 5339 3107 5375 :
3140 5320 3285 5390 quod
3331 5318 3576 5386 deplorat
3605 5313 3931 5370 Ciacconius
3964 5313 4023 5366 in

2448 5418 2583 5470 Vitis
2627 5418 2935 5484 pontiﬁcum
2996 5414 3248 5469 editionis
3303 5424 3588 5482 postremae
3636 5411 3688 5463 in
3740 5408 3862 5461 Vita
3916 5406 4021 5461 Ni-

2437 5510 2573 5563 colai
2602 5510 2642 5571 I,
2668 5508 2755 5575 qui
2781 5522 2845 5561 eo
2870 5516 3111 5576 tempore
3136 5503 3321 5559 Roma:
3350 5503 3491 5558 sedit
3514 5518 3625 5571 quo
3652 5499 4026 5568 Theophanes

2442 5612 2625 5654 noster
2665 5599 2893 5653 vivebat.
