4172 6432
190 400 261 461 li?
1133 396 1530 457 FRANCISCI
1573 395 1834 457 SCORSI
1877 394 2307 457 PROOEMIUM
2349 393 2472 458 ill.

584 602 3347 620 _W.#*‘

1033 793 1816 910 PROOEMIUM
1906 793 2565 909 TERTIUM

1552 1040 2021 1107 ΕΙΣΔΓΩῘΊΚΟΝ,

179 1216 601 1275 (ΙΗΧΊΊΝΕΝΞ
661 1217 762 1275 EA
820 1214 1002 1286 Οἱ]Ᾰί
1047 1214 1153 1272 AD
1211 1200 1744 1271 SCRIPTIONEM
1826 1210 2215 1272 AUCTORIS
2260 1213 2360 1273 ET
2406 1211 2932 1273 INTERPRETIS
2980 1212 3421 1272 SPliC'I'ANT.

176 1512 195 1575 ξ
222 1508 251 1562 l.
287 1507 552 1560 Det-trime
574 1508 813 1561 utilitas:
838 1506 1104 1561 metitodtts
1131 1515 1175 1559 ct
1203 1507 1474 1559 character
1498 1505 1729 1561 dicendi.

235 1598 281 1649 lu
309 1600 502 1660 quavis
545 1599 790 1650 oratione
831 1597 939 1647 duo
974 1601 1150 1648 inesse
1187 1606 1235 1646 ct
1267 1598 1543 1647 observari
1583 1598 1740 1648 docet

178 1686 248 1737 Ib.
282 1688 414 1751 ΠρΓὶ
455 1685 566 1753 τῆς
600 1686 921 1751 ποιητικῆς
963 1688 1279 1740 .-\ri~tott|o‘s
1324 1688 1422 1757 τὴν
1457 1687 1722 1750 διάνοιαν,

177 1780 248 1825 γιί
294 1779 349 1829 τὸ
380 1775 535 1846 ἦθος.
604 1779 663 1832 Et
695 1781 908 1847 quidem
937 1775 1066 1848 ἦθος
1096 1781 1164 1830 ita
1198 1780 1405 1839 deiin‘t,
1477 1782 1543 1831 Ὀ
1595 1780 1747 1848 δηλοῖ

174 1870 587 1936 τὴνπροίρεπιν
617 1871 871 1936 ὁπςῖἀζτις
904 1874 959 1923 ὲν
987 1866 1068 1933 οἷς
1096 1872 1195 1923 οὺχ
1218 1872 1332 1924 ἔστι
1361 1871 1519 1941 δῆλον
1545 1872 1577 1943 ἦ
1611 1889 1742 1942 προ-

172 1963 406 2025 αιρεῖται,
434 1961 467 2027 ἢ
506 1961 700 2029 φεύγει
726 1965 752 2013 ὁ
780 1962 972 2028 λέγων.
1007 1964 1207 2032 Διόπερ
1242 1964 1341 2015 οὐκ
1365 1965 1581 2031 ἔχουσιν
1604 1961 1738 2035 ἦθος

172 2052 281 2103 Em:
336 2053 449 2105 τῶν
512 2054 688 2121 λόγων
717 2072 729 2086 ι
777 2055 892 2109 Mos
923 2066 1019 2115 est,
1057 2057 1145 2122 qui
1171 2059 1401 2109 ostendit
1435 2056 1740 2111 eleuioncm

173 2150 259 2197 :ire
289 2148 539 2213 nﬂ'ectum
573 2148 741 2199 animi
771 2148 941 2211 qualis
972 2151 1060 2206 sit,
1089 2148 1140 2199 in
1182 2148 1250 2200 iis
1286 2148 1437 2201 rebus
1465 2148 1528 2201 de
1555 2150 1741 2215 quibus

174 2256 258 2289 non
295 2249 365 2292 est
413 2238 788 2307 manifestum,
832 2256 899 2291 an
948 2256 1008 2293 ea
1060 2253 1430 2309 prosequa'ur,
1462 2256 1533 2293 an
1577 2240 1746 2311 fugiat

169 2338 241 2399 qui
280 2337 425 2387 dicit.
491 2334 643 2390 Unde
694 2339 993 2405 aliquorum
1045 2340 1313 2391 orationes
1364 2351 1585 2393 morum
1644 2357 1745 2394 non

170 2439 272 2479 sunt
303 2430 598 2489 ;A-.iv'.v.1v
641 2444 767 2483 vero
811 2431 922 2482 ita:
979 2430 1067 2481 Ἐν
1108 2425 1190 2493 οἷς
1238 2431 1654 2484 ὰποδεικνύουσί
1696 2448 1748 2485 τι

168 2522 230 2583 ὡς
289 2522 466 2581 ἐςτιν,
511 2523 653 2592 ἢὼς
710 2524 811 2575 οὐκ
862 2522 1097 2591 ἔστιν,ἦ
1150 2525 1381 2577 καθά).ου
1415 2542 1467 2576 τι
1508 2525 1746 2592 dmoni-

170 2630 373 2665 νενταε·
420 2612 701 2667 Sententia
758 2630 875 2666 νει-ο
926 2626 1037 2672 cst,
1089 2616 1141 2667 iu
1204 2615 1396 2684 quibus
1467 2618 1746 2669 osteudrnt

174 2706 459 2771 φιίάιεὶαηι,
493 2708 635 2775 quod
662 2708 751 2771 sit,
787 2707 865 2758 rei
894 2722 993 2757 non
1026 2709 1091 2759 sit
1116 2745 1129 2767 ,
1160 2707 1237 2759 rel
1266 2709 1507 2761 universe
1543 2708 1745 2778 aliquid

168 2797 431 2862 deﬁniunt.
493 2798 628 2851 Cum
689 2799 853 2867 igitur
915 2800 1196 2865 superiore
1240 2798 1513 2854 Prommio
1565 2816 1745 2855 morcs

171 2890 378 2941 dicentis
428 2905 499 2943 ex
574 2889 858 2956 ipsiusmet
916 2890 1163 2940 oratione
1224 2890 1482 2957 expiscati
1534 2891 1745 2954 simus,

174 2994 591 3034 Censmttnnettm
634 2988 752 3044 est,
791 2989 851 3035 ut
902 2981 1002 3034 hoc
1047 2982 1351 3047 pnesertim
1404 2983 1745 3052 paragrapho

164 3076 273 3141 quid
319 3076 433 3141 ipse
470 3076 705 3134 sentiat,
739 3073 841 3127 hoc
871 3083 954 3127 est
996 3075 1296 3127 doctrinam
1317 3112 1333 3137 ,
1362 3074 1592 3143 quadam
1616 3088 1746 3144 syn-

164 3170 264 3230 (νμςί
327 3179 730 3234 proponamus.
768 3165 844 3218 Ae
896 3166 1129 3233 primum
1165 3166 1380 3231 quidem
1418 3165 1542 3218 illud
1576 3180 1740 3233 gene-

167 3260 309 3310 ratim
366 3261 597 3319 diram,
636 3259 753 3326 ejus
788 3258 1089 3311 doctrinam
1148 3269 1309 3323 atque
1353 3259 1652 3312 sententias
1683 3268 1739 3311 nt

169 3350 211 3399 in
263 3351 520 3416 plurimis
572 3365 697 3402 cum
760 3359 1000 3402 \‘t‘lll'lllll
1051 3348 1269 3401 Patrum
1322 3359 1743 3418 sanctorumque

166 3440 311 3493 dictis
363 3440 737 3507 Scnsibusque
789 3454 1123 3507 congruere;
1160 3453 1364 3507 eosque
1407 3440 1520 3508 ipse
1564 3455 1622 3495 se
1652 3456 1740 3495 se-

166 3532 286 3583 ctari
330 3535 669 3600 proﬁtetur;
700 3544 754 3586 et
788 3535 1109 3600 quandoque
1139 3534 1355 3602 quidem
1398 3535 1617 3603 proprio
1650 3550 1742 3589 eos

160 3623 373 3687 appellat
422 3628 672 3685 nomine,
694 3624 983 3692 aliquando
1004 3625 1740 3685 describitautonomastice:

157 3716 276 3767 duos
323 3716 376 3768 in
435 3718 638 3784 primis
684 3715 1020 3785 Gregorios,
1075 3717 1474 3771 Nazianzenttm
1525 3728 1577 3772 et
1613 3718 1745 3788 Nys-

158 3823 330 3859 senum
357 3847 371 3868 ,
410 3821 529 3861 tum
567 3808 850 3879 Cyrillum,
874 3810 1151 3873 Basiliam,
1180 3808 1238 3863 8.
1276 3809 1565 3864 Maximum
1598 3826 1745 3864 mar-

163 3908 358 3966 tyrem;
419 3917 665 3966 quorum
721 3918 827 3954 tton
897 3904 1056 3955 nodo
1103 3902 1457 3972 Theophanes
1509 3905 1744 3957 auctori-

163 3992 348 4042 tatibus
399 3992 610 4053 utitur,
644 3991 739 4043 sed
784 4008 971 4045 versus
1005 3994 1169 4045 etiam
1220 4003 1273 4046 et
1312 3994 1459 4048 locos
1507 3994 1747 4061 integros

157 4077 423 4143 tlrccrpil;
476 4081 633 4147 quod
686 4088 739 4131 et
791 4080 1129 4147 antiquiores
1183 4081 1299 4145 ipso
1344 4083 1659 4151 scriptores,
1692 4093 1746 4137 et

156 4174 473 4232 posteriores
542 4170 830 4223 faetitasse
858 4172 1243 4238 comperimus.
1287 4172 1347 4226 8.
1383 4173 1747 4230 Damascenus

159 4256 204 4308 in
237 4260 385 4315 libris
447 4261 530 4315 De
587 4262 886 4315 orthodoxa
920 4264 1064 4330 ﬁde,
1112 4272 1166 4317 ct
1218 4266 1440 4334 reliquis
1467 4305 1481 4322 .
1526 4268 1691 4321 multa
1718 4282 1747 4321 a

158 4348 363 4415 Basilio,
405 4353 696 4423 Gregorio
744 4352 1090 4410 Nazianzeno
1136 4358 1365 4427 aliisque
1392 4358 1631 4427 ejusdem
1660 4375 1745 4413 or-

156 4443 281 4497 dinis
340 4444 617 4498 Patriluus
661 4446 889 4501 libenter
945 4459 1239 4512 corrogat,
1287 4457 1449 4518 atque
1508 4451 1749 4520 integros

162 4548 290 4600 sa-po
349 4550 543 4590 textus
614 4546 668 4591 et
723 4548 864 4593 totas
913 4540 1078 4593 etiam
1134 4541 1381 4607 periodos
1446 4539 1747 4597 mutuatur.

150 4627 271 4694 Quid
311 4634 376 4687 de
400 4632 851 4702 Tlteopltylacto,
884 4635 1197 4707 Eutltymio,
1226 4637 1564 4693 (Ecnmenio
1593 4640 1746 4694 dixe-

151 4724 257 4787 rim,
301 4728 392 4793 qui
435 4726 500 4779 S.
542 4726 925 4796 Cbrysostomi
984 4743 1088 4781 non
1139 4731 1297 4782 modo
1330 4739 1386 4782 ut
1422 4740 1746 4794 sectatores,

157 4818 239 4868 sed
269 4819 439 4871 etiam
496 4820 898 4882 epitomatores
930 4820 1044 4872 noti
1080 4830 1243 4885 sunt;
1291 4836 1519 4889 quorum
1567 4832 1744 4877 tamen

155 4907 198 4959 iu
226 4908 277 4963 Sy
315 4909 684 4980 Scripturam
714 4913 1105 4966 commentaria
1152 4914 1205 4966 in
1238 4916 1412 4981 pretio
1461 4915 1744 4972 habentur.

151 5000 367 5057 Sanctus
401 5003 769 5065 Ambrosinus,
808 5013 859 5055 ttt
897 5004 963 5059 de
1011 5002 1220 5058 Latinis
1267 5006 1472 5074 aliquid
1509 5016 1744 5087 tangam.

155 5102 201 5141 ut
242 5104 436 5147 ani-tor
488 5104 587 5147 est
628 5092 819 5146 Sixtus
851 5091 1146 5153 Senensis,
1179 5108 1343 5160 Opera
1391 5110 1487 5149 sua
1528 5113 1593 5150 ex
1625 5097 1746 5151 Ori-

154 5199 304 5247 gene.
343 5186 567 5239 Basilio
619 5184 851 5251 aliisque
888 5182 1092 5239 Grarcis
1121 5185 1379 5241 Patribus
1413 5188 1746 5255 compilavit.

157 5276 485 5335 Venerabilis
523 5278 680 5333 Beda
728 5293 794 5332 ex
850 5276 909 5332 S.
941 5278 1225 5347 Augustini
1274 5280 1431 5335 dictis
1477 5280 1751 5347 etiamli-

161 5371 268 5424 bros
319 5371 615 5440 implevit.
657 5370 835 5436 Atque
865 5368 919 5421 hi
951 5370 1165 5437 quidem
1216 5371 1533 5438 posterioris
1566 5372 1747 5426 surculi

156 5458 324 5517 Patres
378 5464 653 5533 priorum
699 5461 1000 5514 imitatores
1040 5460 1141 5515 hoc
1186 5462 1301 5530 ipso
1334 5463 1476 5532 quod
1513 5473 1746 5518 veterem

163 5556 455 5608 doctrinam
499 5551 799 5606 subsecuti
848 5551 1142 5623 sunt,jure
1179 5552 1489 5619 laudantur;
1541 5570 1664 5608 nam
1696 5566 1748 5609 et

168 5646 257 5701 iiiis
300 5647 684 5703 subscribere
714 5643 816 5714 ipsi
848 5644 945 5697 visi
982 5654 1109 5698 sunt
1134 5685 1150 5709 ,
1198 5655 1251 5699 et
1284 5645 1523 5715 pluribus
1553 5646 1747 5701 suma-

161 5740 246 5809 siis
277 5742 600 5797 doctrinam
642 5737 970 5792 catholicam
1016 5738 1335 5807 approbare.
1370 5738 1487 5806 Quo
1528 5741 1749 5796 nomine

165 5846 205 5884 ct
237 5836 447 5904 quidem
487 5831 710 5888 merito
739 5830 901 5886 etiam
926 5827 1310 5901 Theophanem
1335 5841 1577 5887 nostrum
1610 5833 1749 5918 inter

1832 1521 1924 1560 eos
1955 1506 2139 1560 Patres
2182 1504 2308 1560 noni
2345 1504 2529 1559 smeuli
2560 1518 2875 1558 annmwra:
2916 1504 3229 1556 Dominicus
3262 1504 3406 1555 (ira-

1840 1600 1960 1651 vina
1993 1607 2127 1652 tom.
2147 1598 2213 1653 111
2239 1596 2639 1651 Catholicarum
2668 1594 3141 1657 Prmsrriptionunt
3175 1596 3425 1647 udrersus

1843 1692 2010 1745 nostri
2041 1692 2285 1760 temporis
2316 1693 2609 1751 luereticos,
2650 1706 2705 1758 p.
2745 1691 2794 1748 ‘l,
2827 1706 2856 1757 ᾳ
2880 1692 2914 1739 ιί
2949 1706 3012 1741 cx
3046 1706 3178 1741 auro
3214 1703 3424 1754 ttpos'o-

1847 1781 2066 1835 Iicornm
2103 1781 2325 1835 Patrum
2375 1791 2523 1834 scuta
2558 1796 2721 1831 aurea
2764 1780 3093 1840 Iabricarunt
3126 1787 3173 1830 ct
3220 1782 3268 1828 in
3301 1787 3429 1829 (cnt-

1848 1876 1991 1941 piunt
2032 1875 2240 1927 Domini
2279 1874 2599 1934 intulerunt,
2636 1882 2690 1925 ut
2739 1874 2789 1923 in
2832 1888 2889 1925 ea
2926 1873 3068 1924 mille
3101 1873 3268 1941 clynei
3299 1888 3429 1939 pen-

1848 1968 2028 2021 derent
2056 2009 2070 2030 ,
2121 1969 2289 2020 omnis
2323 1975 2600 2019 arnmtura
2650 1965 2889 2033 fortium.
2927 1966 3031 2019 Sed
3071 1978 3124 2017 ut
3173 1966 3346 2033 aliqua
3378 1966 3427 2014 in

1858 2073 2067 2111 summa
2106 2058 2495 2127 perstringam,
2548 2056 2687 2110 nulla
2742 2056 2853 2110 fere
2904 2068 2981 2109 est
3022 2072 3084 2109 ex
3142 2057 3423 2109 duodecim

1857 2150 1964 2204 illis
2017 2150 2297 2203 catholicis
2347 2150 2704 2211 vet'itntibus,
2755 2164 2890 2217 quae
2944 2151 3201 2201 adversus
3250 2148 3429 2199 Calvi-

1860 2243 2029 2297 nistas
2060 2259 2123 2297 ex
2174 2243 2456 2313 Scriptura
2491 2249 2546 2295 ct
2598 2239 2698 2295 SS.
2750 2241 3040 2303 Patribus,
3090 2252 3144 2295 et
3196 2241 3433 2309 antiqu's

1862 2335 2224 2405 Scriptoribns
2254 2338 2539 2387 conlirmat
2566 2332 2899 2391 Gualterius.
2929 2332 3202 2386 socii-tatis
3233 2342 3433 2383 nostra!

1861 2430 2096 2496 scrip'or
2130 2426 2547 2487 eruditissimus,
2588 2426 2640 2479 in
2676 2441 2768 2479 sua
2798 2424 3176 2493 Cbrouologia,
3203 2438 3430 2491 quorum

1858 2518 2167 2572 testimonia
2203 2516 2271 2570 ab
2302 2517 2404 2569 hoc
2446 2514 2780 2583 Theophane
2815 2517 2922 2582 peti
2972 2532 3075 2567 uuu
3111 2515 3348 2581 possint,
3382 2520 3437 2565 et

1858 2610 1911 2663 in
1964 2626 2121 2664 suum
2167 2610 2424 2664 smculnm
2458 2607 2677 2673 conjici.
2729 2606 2801 2662 De
2857 2618 3200 2661 sacrosancto
3256 2606 3433 2659 missae

1866 2702 2133 2755 sacrilicio
2154 2741 2167 2761 ,
2202 2702 2267 2755 de
2296 2682 2500 2755 honoi'e
2532 2710 2583 2754 et
2619 2700 2960 2753 invocatione
2990 2710 3339 2759 sanctorum,
3366 2696 3435 2750 de

1862 2793 2181 2846 adoratione
2210 2792 2507 2862 imaginum
2531 2834 2546 2854 ,
2580 2806 2639 2845 ae
2683 2791 2954 2861 prrecipue
2998 2801 3200 2845 sanctm
3234 2788 3434 2851 crucis,

1853 2886 1921 2937 de
1949 2886 2121 2939 libero
2148 2886 2400 2945 arbitrio.
2427 2887 2491 2939 de
2536 2886 2639 2939 [ide
2673 2900 2793 2937 cum
2844 2884 2996 2937 benis
3020 2885 3276 2952 operibus
3307 2897 3438 2934 con-

1847 2976 2427 3048 iungenda,deiisdent
2455 2978 2731 3045 operibus,
2765 2991 2884 3047 qua:
2914 2976 3085 3044 gratia
3104 2976 3278 3027 divina
3301 2976 3430 3030 sub-

1856 3070 1980 3123 nixa
2030 3070 2199 3123 vitam
2247 3078 2623 3137 promerentur
2670 3080 2929 3122 aeternam
2955 3110 2970 3131 ,
3000 3069 3065 3121 de
3093 3067 3300 3137 jejunio
3336 3084 3427 3122 ec-

1850 3162 2181 3228 clesiastico,
2226 3162 2526 3232 prtesertim
2574 3162 2632 3217 8.
2665 3162 3123 3230 Quadragesimte.
3158 3163 3221 3215 de
3253 3161 3431 3229 pumi-

1851 3257 2031 3311 tentia:
2055 3265 2420 3319 sacramento,
2436 3265 2489 3310 et
2511 3253 2851 3310 confessione
2874 3252 3158 3308 auriculari
3182 3292 3196 3313 ,
3227 3253 3293 3305 de
3315 3250 3436 3305 1³τὶ-

1843 3358 1991 3401 matu
2017 3346 2073 3400 8.
2090 3346 2232 3400 Petri
2254 3356 2306 3401 et
2328 3346 2583 3399 Romanae
2608 3344 2878 3405 Ecclesire.
2900 3347 2962 3399 de
2979 3344 3222 3410 ejusdem
3247 3354 3436 3397 aucto-

1848 3434 2009 3494 ritate
2055 3440 2107 3494 in
2156 3441 2269 3495 suis
2299 3440 2687 3502 decisionibns,
2721 3442 2785 3491 de
2829 3440 2932 3500 bis,
2964 3440 3197 3501 inquam.
3240 3439 3292 3490 in
3327 3438 3427 3491 hoc

1844 3547 2010 3601 opere
2039 3532 2124 3585 vel
2182 3536 2420 3600 integras
2470 3531 2721 3587 houtiiias
2751 3533 2916 3586 habes
2942 3570 2957 3591 ,
3001 3540 3059 3583 ut
3089 3533 3151 3583 de
3179 3529 3216 3583 S
3264 3528 3435 3585 Cruce

1850 3626 2073 3693 (homil.
2130 3627 2227 3693 tv),
2282 3635 2337 3679 et
2400 3624 2504 3679 SS.
2560 3623 2885 3694 Imaginibus
2936 3624 3145 3691 (ltotuil.
3188 3626 3302 3692 ιλ),
3352 3630 3434 3677 vel

1849 3721 2072 3783 illustria
2102 3721 2216 3773 loca
2252 3735 2350 3787 pro
2380 3735 2435 3773 re
2473 3731 2633 3783 nata;
2667 3720 3003 3787 plurimaque
3035 3718 3101 3772 de
3133 3731 3428 3788 postremo.

1849 3810 2103 3863 nimirum
2137 3811 2203 3861 de
2237 3811 2470 3879 primatu
2505 3809 2561 3863 S.
2596 3809 2760 3871 l’etri,
2811 3824 2873 3862 ac
2920 3810 3221 3874 praesertim
3254 3809 3430 3861 Itomi~

1847 3900 1973 3955 liam
2016 3906 2078 3955 de
2125 3899 2224 3957 SS.
2263 3901 2419 3956 Petro
2461 3914 2503 3953 et
2534 3900 2703 3955 Puttlo
2770 3902 2979 3969 (ltontil.
3018 3903 3135 3969 Lv),
3171 3917 3288 3967 qua!
3342 3916 3439 3955 nos

1847 3992 2158 4045 testimonia
2220 3992 2331 4045 suis
2378 3991 2509 4045 locis
2565 3992 2749 4044 omnia
2808 3993 3164 4044 observamus
3214 4002 3267 4044 et
3315 3990 3436 4043 illu-

1846 4096 2107 4139 stramus.
2145 4085 2406 4138 Prceterea
2440 4082 2696 4138 adversus
2744 4084 3082 4153 antiquiores
3128 4083 3434 4137 hmreticos.

1846 4176 2054 4238 Arium,
2084 4174 2477 4236 Macedoniam,
2508 4174 2856 4236 Eunomium,
2902 4174 3236 4239 Nestorium,
3269 4174 3438 4246 Enty-

1848 4269 2056 4323 ehctem
2086 4268 2310 4337 ejusque
2336 4278 2635 4327 sectatores
2657 4267 2976 4335 Aeephalos,
3009 4278 3061 4320 et
3110 4268 3397 4322 Armenios
3422 4286 3435 4326 ι

1850 4360 2151 4429 pra:sertim
2219 4373 2349 4413 vero
2404 4359 2667 4413 adversus
2724 4358 3107 4429 intpiiss'unum
3159 4357 3431 4413 lulianum

1856 4453 2174 4522 Apostatam
2228 4453 2389 4505 etiam
2468 4453 2792 4505 nominatim
2848 4468 2989 4519 stepe
3055 4454 3330 4506 invehitur
3382 4464 3431 4504 rt

1863 4545 2007 4598 acuit
2041 4544 2258 4613 stylum,
2288 4557 2585 4611 eorumque
2616 4542 2856 4596 confodit
2891 4558 3128 4602 errores,
3155 4554 3209 4599 et
3238 4544 3439 4597 doctri-

1862 4651 1985 4688 nam
2018 4634 2346 4689 catholicam
2392 4642 2724 4688 contutatnr.
2776 4633 2925 4699 Quod
2978 4646 3155 4689 autem
3202 4635 3264 4686 ad
3301 4634 3437 4689 duos

1855 4726 2165 4783 Graecorum
2239 4741 2452 4782 errores
2504 4726 2615 4797 jam
2699 4727 2749 4781 in
2824 4728 3058 4781 concilio
3125 4727 3438 4782 Florentino

1857 4820 2139 4875 damnatos
2185 4819 2252 4874 de
2306 4820 2651 4887 proressione
2700 4818 2934 4887 Spiritus
2981 4820 3149 4872 sancti
3198 4835 3225 4873 a
3277 4819 3439 4874 Patre

1855 4920 1909 4963 et
1940 4910 2095 4975 Filio,
2140 4918 2194 4965 et
2226 4911 2293 4965 de
2327 4912 2629 4965 animorum
2667 4923 2789 4965 ante
2821 4913 2958 4965 (lieni
2984 4912 3170 4981 judicii
3201 4912 3429 4967 beatitu-

1860 5002 2007 5066 dine,
2046 5002 2174 5056 uiltil
2221 5013 2303 5056 est
2352 5001 2403 5054 in
2456 5002 2541 5055 his
2593 5002 2830 5056 hotuilits
2888 5002 3235 5071 Theophanis
3295 5006 3435 5070 quod

1860 5096 1980 5149 illos
2022 5096 2308 5151 mauifeSIe
2338 5097 2614 5151 contineat
2640 5136 2653 5158 ,
2686 5111 2860 5165 neque
2904 5096 3044 5163 quod
3097 5097 3162 5148 ad
3208 5096 3438 5153 tuendos

1858 5202 2072 5241 errores
2112 5186 2227 5240 illos
2254 5187 2445 5242 deduci
2480 5196 2664 5255 aperte
2708 5188 2914 5255 possit:
2948 5188 3077 5257 quin
3116 5188 3278 5242 etiam
3310 5200 3439 5245 sunt

1859 5280 1999 5333 dicta
2038 5277 2295 5331 noonnlla
2332 5292 2395 5332 ex
2436 5278 2629 5333 uuihus
2673 5277 2937 5332 catholica
2962 5280 3207 5347 dogmata
3240 5279 3441 5333 confir-

1860 5371 1995 5423 mari
2034 5370 2272 5439 possint,
2309 5370 2450 5438 quod
2500 5385 2598 5423 nos
2644 5369 2861 5438 longius
2917 5370 3349 5425 demoustramus
3384 5374 3437 5425 in

1862 5465 2006 5518 notis
2031 5464 2094 5517 ad
2126 5464 2213 5516 illa
2249 5463 2364 5518 loca
2419 5464 2469 5516 in
2518 5463 2714 5531 quibus
2765 5462 2976 5528 aliquod
3011 5462 3154 5515 circa
3196 5463 3308 5516 lure
3343 5468 3440 5516 du-

1869 5557 2010 5609 bium
2040 5572 2104 5610 ex
2157 5558 2315 5609 modo
2362 5556 2610 5624 loquendi
2664 5555 3008 5624 'l‘hcopltauis
3039 5570 3132 5623 pro
3163 5555 3265 5610 illis
3299 5563 3438 5609 tem-

1861 5648 2117 5717 poribus,
2157 5648 2353 5714 quibus
2400 5648 2577 5702 adltuc
2632 5648 2848 5701 deﬁnita
2897 5658 2952 5700 et
3002 5647 3267 5715 explicata
3329 5662 3437 5702 non

1858 5751 2034 5807 erant,
2060 5741 2225 5808 possit
2245 5756 2552 5796 oeturrcrc.
2587 5740 2699 5795 iam
2728 5740 2870 5809 quod
2902 5740 2964 5793 ad
2988 5741 3221 5809 privatos
3244 5756 3435 5794 sensus

1862 5834 1915 5889 in
1968 5833 2289 5904 cxplicando
2320 5832 2614 5905 Evangrlio
2656 5843 2861 5903 spectat
2888 5870 2903 5898 ,
2939 5842 3064 5887 sunt
3113 5831 3184 5885 illi
3210 5832 3431 5901 quidem
