4172 6432
694 335 795 397 119

692 464 797 502 1ιοη
827 462 951 501 raro
997 447 1293 515 litterales,
1340 450 1430 503 sed
1485 452 1803 519 plerumque
1850 453 2086 522 mystici,
2136 452 2260 503 alle—

691 540 895 603 go-riei,
951 540 1303 609 trepologici,
1357 544 1640 611 anagugici
1679 559 1707 596 a
1761 546 1938 598 verbis
1986 546 2262 614 Evangelii

688 640 994 689 eruuntur,
1051 645 1186 696 quos
1235 633 1299 682 ad
1349 631 1718 686 informandos
1775 636 2112 701 potissimum
2165 636 2265 703 piis

694 721 938 775 moribus
965 731 1017 773 ct
1045 719 1353 775 Christiana
1384 724 1713 789 perfectione
1748 724 2021 780 auditores
2052 740 2263 779 accom-

696 813 898 864 modat.
956 811 1129 865 Erunt
1180 813 1342 881 igitur
1380 816 1429 868 hi
1477 825 1529 868 et
1573 816 1745 869 sacris
1792 818 2263 871 concionatoribus

688 903 865 967 utiles,
901 917 1037 971 quos
1072 904 1297 959 alfcraut
1329 909 1393 958 ad
1430 906 1702 975 populum,
1743 918 1793 959 et
1825 909 2043 977 privatae
2070 910 2263 978 cuique

687 995 955 1062 spirituali
988 998 1177 1051 anima:
1210 1000 1422 1051 utilitati
1461 1002 1875 1054 accommodati.
1910 1001 1965 1055 Si
2003 1003 2093 1069 qui
2130 1016 2260 1056 vero

688 1086 801 1153 (qui
836 1090 1050 1156 quidem
1090 1090 1376 1143 admodum
1408 1093 1558 1160 pauci
1592 1097 1739 1161 sunt)
1774 1094 2075 1161 singulares
2105 1095 2261 1162 hujus

689 1182 930 1234 auctoris
966 1197 1160 1237 sensus
1187 1184 1487 1238 admirandi
1538 1187 1714 1252 potius
1746 1202 1904 1255 quam
1940 1188 2257 1255 recipiendi,

682 1279 817 1329 ctiu
878 1278 1149 1345 publicum
1206 1294 1307 1331 nou
1362 1278 1630 1333 referendi
1689 1282 1988 1346 videantur,
2040 1299 2067 1335 a
2105 1285 2260 1337 nobis

686 1369 737 1419 in
797 1371 938 1421 notis
993 1370 1519 1433 animadvertuntur,
1575 1383 1630 1423 ut
1683 1388 1747 1425 ne
1801 1384 2001 1428 temere
2047 1385 2099 1429 et
2147 1376 2259 1427 sine

685 1459 893 1513 delectu
929 1461 991 1512 iis
1026 1462 1295 1529 quispiam
1334 1473 1537 1515 utatur.
1576 1462 1941 1519 Concionandi
1977 1467 2259 1521 methodus

688 1551 800 1602 hinc
833 1561 915 1603 est
946 1552 1017 1603 illi
1056 1551 1339 1607 familiaris
1368 1556 1722 1622 :promadum
1762 1556 1923 1611 breve
1956 1560 2255 1626 praemittit,

682 1646 907 1709 petitum
941 1645 1023 1697 vel
1062 1646 1130 1697 ab
1165 1645 1278 1712 ipso
1312 1660 1630 1715 argumento
1670 1660 1725 1703 et
1753 1653 2057 1720 evangelica
2088 1654 2258 1707 histo-

685 1736 799 1786 ria:
836 1735 913 1788 \el
951 1735 1093 1803 quod
1132 1751 1239 1791 non
1281 1753 1400 1790 raro
1455 1755 1482 1791 a
1514 1740 1651 1803 loco,
1689 1752 1948 1809 tempore,
1982 1746 2264 1798 eventibus

682 1828 1275 1899 circumstantibusque
1325 1834 1524 1897 rebus;
1580 1845 1634 1886 et
1683 1850 1850 1903 usque
1898 1838 2030 1888 adeo
2077 1846 2158 1889 est
2190 1834 2263 1889 illi

684 1920 980 1987 legitimum
1034 1924 1107 1975 uti
1152 1926 1458 1991 protentio,
1508 1936 1565 1979 ut
1614 1928 1666 1980 in
1716 1928 1931 1981 humilia
1966 1930 2029 1982 de
2077 1930 2265 1983 Sama-

689 2016 871 2067 ritana
927 2014 1138 2084 (homil.
1197 2024 1466 2084 xxxviii),
1516 2035 1636 2071 cum
1702 2033 1894 2087 prteter
1945 2037 2145 2074 morem
2198 2024 2264 2075 ah

694 2106 811 2173 ipsa
845 2122 899 2159 re
930 2115 983 2159 et
1013 2107 1237 2160 historia
1275 2110 1435 2162 vellet
1480 2110 1683 2175 ordiri,
1732 2122 2067 2180 prmoccupet
2113 2112 2264 2165 audi-

691 2212 867 2249 torum
921 2198 1380 2265 exspectationem
1435 2209 1488 2253 et
1550 2202 1998 2271 ἀπροοιμιάστως
2050 2214 2265 2258 moueat

685 2292 787 2344 sibi
828 2291 1217 2359 incipiendum.
1262 2290 1464 2347 Deinde
1496 2294 1737 2348 recitatis
1781 2295 2040 2364 evangelii
2082 2311 2148 2350 eo
2180 2296 2267 2351 die

688 2387 923 2455 prali-cti
979 2387 1167 2455 primis
1196 2388 1376 2441 verbis
1396 2426 1411 2451 ,
1446 2403 1606 2455 quam
1634 2403 1754 2441 cum
1800 2388 1960 2443 rebus
1992 2404 2019 2442 a
2049 2388 2267 2442 Christe

684 2491 811 2531 ante
858 2480 1022 2547 gestis
1051 2490 1105 2532 et
1157 2482 1426 2534 enarratis
1476 2484 1542 2536 ab
1573 2481 1916 2552 evangelistis
1961 2496 2023 2536 ea
2073 2497 2270 2537 conse-

684 2573 961 2625 cutionem
994 2572 1274 2635 habeant,
1310 2574 1493 2642 utique
1527 2575 1875 2640 cohaereant,
1910 2577 2065 2644 quasi
2095 2578 2267 2630 altero

687 2665 950 2727 exordio,
981 2665 1061 2717 vel
1095 2666 1273 2735 ponus
1301 2667 1637 2736 expositione
1680 2668 1990 2723 summatim
2035 2683 2176 2738 saepe
2201 2670 2271 2723 ob

686 2758 871 2811 oculos
903 2762 1052 2828 ponit
1082 2777 1095 2823 ;
1134 2769 1246 2813 tum
1282 2760 1346 2812 ad
1385 2761 1499 2827 ipsa
1526 2761 1690 2814 verba
1738 2762 2069 2817 enucleanda
2115 2778 2269 2817 acceo

685 2851 799 2915 dit,
848 2851 1079 2919 quibus,
1119 2863 1177 2905 ut
1222 2853 1371 2915 dixi,
1426 2853 1648 2907 litterali
1698 2864 1753 2908 et
1800 2855 2058 2909 historico
2106 2869 2265 2910 sensu

696 2943 964 3011 explicato
996 2946 1228 2998 libenter
1259 2946 1323 2999 ad
1360 2947 1616 3016 mysticos
1645 2957 1697 3000 et
1726 2948 1956 3001 morales
1984 2949 2261 3014 dilabitur,

687 3049 892 3103 eosque
922 3045 974 3090 et
1024 3036 1075 3088 in
1108 3036 1228 3104 ipso
1259 3036 1489 3090 decursu
1537 3038 1806 3091 sermonis
1839 3038 2176 3108 perspergit,
2210 3049 2266 3093 et

689 3128 995 3193 praesertim
1036 3128 1090 3181 in
1135 3129 1442 3197 perorando
1493 3138 1659 3182 totam
1707 3128 1988 3183 historiam
2030 3145 2267 3201 evange-

689 3220 849 3273 licam
890 3235 983 3274 seu
1035 3220 1201 3274 vitam
1241 3221 1384 3275 illius
1430 3223 1606 3277 sancti
1660 3222 1812 3289 cujus
1845 3221 1984 3277 festo
2011 3223 2099 3277 die
2127 3223 2270 3277 dicta

688 3313 936 3374 homilia.
979 3315 1166 3382 paucis
1197 3316 1321 3369 item
1356 3316 1703 3384 perstrictam
1737 3316 1805 3370 ad
1833 3316 2144 3387 allegoriam
2176 3330 2270 3371 seu

689 3407 1049 3475 tropologiam
1099 3407 1375 3462 subtiliter
1424 3424 1529 3462 non
1564 3408 1743 3463 minus
1769 3425 1931 3479 quam
1964 3408 2187 3473 utiliter,
2220 3418 2285 3463 et‘

693 3500 781 3566 pie
816 3499 973 3567 juxta
1030 3510 1194 3570 atque
1243 3501 1522 3570 ingeniose
1572 3502 1871 3557 transfert:
1908 3502 1959 3557 in
1991 3517 2101 3572 quo
2144 3503 2278 3557 nihil

694 3592 838 3645 aliud
869 3595 1204 3661 propositum
1237 3594 1400 3647 habet
1422 3635 1437 3659 ,
1468 3608 1630 3663 quam
1672 3595 1865 3662 juvare
1892 3606 1946 3650 et
1993 3596 2279 3651 instituere

696 3701 917 3738 suorum
973 3688 1283 3742 auditorum
1329 3689 1561 3742 animos.
1615 3688 1769 3754 Quod
1822 3692 1939 3760 ejus
1988 3692 2279 3747 coasilium

696 3777 881 3833 minus
937 3780 1311 3834 consideranti
1362 3781 1555 3836 lectori
1611 3782 1793 3852 aliqua
1843 3783 2074 3839 fortasse
2127 3786 2284 3854 longe

692 3871 857 3935 petita
882 3912 896 3933 ,
947 3883 1000 3924 et
1054 3889 1157 3925 non
1194 3882 1303 3926 tam
1339 3885 1656 3928 emunctum
1695 3876 1958 3931 doctrinae
1999 3877 2083 3931 lac
2121 3892 2282 3947 quam

691 3964 917 4032 sanguis
955 3963 1168 4019 elicitos
1216 3965 1390 4020 videri
1440 3968 1661 4035 poterit.
1712 3966 2067 4038 Etymologie
2101 3970 2286 4023 itidem

691 4066 744 4110 et
773 4058 1193 4125 supputationes
1223 4074 1577 4113 numerorum
1609 4061 1837 4116 subtiles
1866 4062 2091 4116 nimium
2116 4103 2130 4127 ,
2165 4078 2293 4117 sen-

698 4166 869 4217 saque
924 4151 1094 4204 abiis
1141 4153 1189 4204 vi
1244 4162 1433 4205 exorta
1490 4153 1668 4221 potius
1723 4163 1777 4206 et
1827 4156 2073 4222 precario
2124 4158 2290 4223 petita

693 4256 854 4304 quam
909 4254 1101 4309 sponte
1154 4253 1278 4295 nata
1322 4245 1584 4296 censebit.
1642 4243 1747 4297 Sed
1803 4245 2067 4311 ejusmodi
2116 4246 2283 4301 multa

695 4344 915 4395 quoque
948 4329 999 4381 in
1040 4329 1159 4383 aliis
1188 4328 1437 4385 Patribtts
1488 4341 1599 4386 tum
1645 4332 1881 4396 Graecis,
1920 4346 2031 4390 tum
2074 4335 2283 4392 Latinis

696 4421 1120 4489 deprehenderit
1156 4425 1246 4491 qui
1278 4425 1505 4493 legerit;
1555 4441 1677 4495 qum
1702 4442 1831 4482 sane
1863 4442 1967 4483 non
2012 4444 2133 4483 cum
2171 4443 2283 4485 sto-

698 4516 894 4568 macho
930 4516 1248 4584 rejicienda,
1281 4518 1378 4571 sed
1410 4533 1529 4572 cum
1579 4534 1645 4574 eo
1678 4521 1893 4588 pietatis
1928 4537 2090 4577 sensu
2143 4524 2283 4577 reci-

698 4608 891 4672 pienda
956 4624 1077 4662 cum
1129 4625 1235 4678 quo
1285 4610 1465 4673 dicta,
1520 4620 1575 4665 et
1625 4614 1700 4665 uti
1760 4628 1787 4665 a
1852 4615 1936 4681 pia
1993 4625 2173 4669 mente
2219 4631 2283 4671 ac

700 4710 920 4767 pectore
988 4702 1197 4755 eo-lesti
1239 4704 1517 4773 sapientia:
1551 4704 1755 4759 imbuto
1786 4705 2024 4774 profecta
2052 4747 2066 4771 ,
2117 4723 2281 4763 vene-

702 4794 873 4847 randa
916 4804 1061 4848 sunt.
1107 4794 1295 4864 Neque
1336 4810 1465 4849 vero
1509 4798 1736 4865 sapienti
1784 4814 1853 4853 ac
1894 4800 2042 4868 justo
2102 4815 2282 4855 rerum

702 4886 1045 4948 mstiinatori,
1086 4901 1207 4953 quae
1242 4890 1307 4939 ab
1342 4889 1580 4958 antiquis
1615 4889 1865 4944 Patrihus
1898 4892 2093 4945 tradita
2138 4901 2284 4955 sunt,

710 4992 835 5028 cum
877 4979 1115 5031 nondum
1152 4978 1459 5035 Christiana
1510 4982 1754 5036 doctrina
1804 4997 1868 5037 eo
1917 4983 2285 5053 amplitudinis

707 5070 1089 5141 claritatisqne
1139 5084 1501 5140 processerat,
1528 5090 1591 5129 ea
1641 5092 1705 5130 ex
1753 5088 1936 5131 nostro
1977 5078 2287 5130 :evodime-

704 5165 882 5217 tienda
930 5183 943 5219 :
982 5182 1088 5235 quo
1120 5183 1287 5223 aureo
1315 5185 1445 5224 sane
1498 5172 1743 5225 videmus
1794 5172 2058 5239 explicata
2107 5174 2285 5226 omnia

701 5265 755 5308 et
791 5256 1061 5311 illustrata
1085 5298 1099 5322 ,
1134 5273 1257 5313 cum
1292 5270 1344 5314 et
1400 5262 1450 5315 in
1493 5263 1851 5317 scholasticas
1891 5263 2288 5332 disputationes

706 5351 937 5405 deducta
971 5392 986 5415 ,
1040 5362 1092 5405 et
1134 5355 1443 5423 exagitata,
1481 5365 1535 5408 et
1588 5356 1639 5408 in
1692 5356 1866 5411 sacris
1910 5357 2285 5421 concionibus,

706 5456 935 5509 quarmn
964 5443 1278 5499 Christiano
1310 5446 1504 5515 populo
1541 5449 1708 5502 multo
1754 5450 1925 5518 major
1960 5466 2103 5505 nunc
2131 5450 2287 5519 copia

708 5542 807 5594 cst,
844 5535 1157 5603 pervulgata
1204 5546 1257 5590 et
1282 5537 1566 5592 decantata
1600 5540 1745 5600 sint.
1792 5550 1921 5595 tunc
1966 5552 2122 5595 erant
2177 5542 2288 5610 ple-

710 5640 886 5693 rmqtie
912 5629 962 5680 in
984 5628 1185 5696 majore
1212 5631 1381 5697 pretio
1409 5641 1461 5685 et
1492 5634 1641 5701 quasi
1663 5635 1958 5703 peregrina:
1988 5634 2287 5699 sementim,

712 5736 829 5782 qua:
879 5736 1020 5775 nunc
1055 5724 1197 5775 domi
1231 5734 1533 5779 nascuntur
1557 5767 1570 5784 ,
1608 5738 1661 5776 ut
1705 5728 2027 5780 assiduitate
2060 5728 2175 5797 ipsa
2208 5730 2290 5781 di-

710 5814 861 5867 (‘cndi
906 5828 1007 5870 non
1042 5817 1173 5872 tanti
1224 5830 1367 5874 sunt.
1406 5819 1509 5875 Sed
1544 5820 1614 5874 illi
1668 5822 1816 5876 rudia
1852 5820 2204 5880 fundamenta
2238 5835 2291 5880 et

1678 342 2078 401 FRANCISCI
2121 342 2384 400 SCORSI
2430 342 2857 401 PROOEMIUM
2902 341 3016 401 ΙΙΙ.

3862 345 3965 404 1‘20

2378 452 2566 503 rudera
2598 451 2713 520 ipsa
2736 450 3005 515 jecerunt,
3042 468 3139 504 nos
3187 466 3350 521 super
3378 468 3440 506 ea
3469 454 3759 522 quadratos
3786 470 3961 521 expu-

2374 543 2610 611 litosque
2660 543 2905 611 lapides,
2962 545 3248 597 Corinthia
3306 546 3566 613 leniaque
3632 559 3958 600 ornamenta

2372 636 2769 703 coronidesque
2822 634 3304 689 exwditicavimus.
3343 634 3397 689 Id
3446 635 3611 689 etiam
3665 650 3731 687 ex
3782 634 3958 687 forma

2368 736 2425 779 et
2452 726 2777 780 charactere
2805 726 3016 780 dicendi
3043 726 3279 794 judicari
3308 737 3503 794 potest,
3531 741 3693 795 quam
3726 727 3960 794 simplex

2368 818 2458 871 ille
2504 818 2796 887 nativoque
2834 818 3017 873 colore
3063 818 3314 886 cultuque
3367 818 3605 882 decens,
3636 834 3796 888 quam
3846 833 3959 871 nun

2369 910 2579 963 iueatus
2648 918 2701 963 et
2755 909 3094 978 phaleratus.
3147 910 3255 965 Sed
3310 912 3461 965 illum
3516 913 3567 964 in
3610 911 3963 979 ,TheOphane

2371 1016 2575 1055 morem
2625 1004 2908 1070 antiquum
2957 1002 3082 1056 licet
3137 1003 3583 1056 animadvertere.
3638 1001 3819 1057 Genus
3866 1002 3951 1053 di-

2366 1092 2522 1146 cendi
2557 1092 2607 1144 in
2642 1092 2741 1144 hoc
2769 1101 2983 1146 oratore
3020 1092 3281 1161 liquidum
3312 1102 3395 1146 est
3429 1105 3483 1146 et
3517 1102 3712 1159 sponte
3744 1092 3954 1155 fusum,

2374 1191 2429 1235 et
2462 1197 2582 1235 cum
2618 1182 2840 1237 lenitate
2866 1183 3096 1251 quadam
3130 1184 3382 1252 mquabili
3414 1184 3706 1253 proﬂuens,
3732 1185 3966 1237 omnino

2366 1275 2523 1344 quale
2586 1275 3037 1344 ἀπροοιμιάστως
3068 1279 3241 1329 decet.
3300 1274 3439 1330 Sunt
3487 1277 3631 1331 enim
3680 1279 3761 1330 ha:
3802 1277 3964 1330 dida-

2364 1374 2517 1425 cticze
2574 1387 2709 1440 quas
2740 1370 2805 1423 ad
2854 1372 3155 1423 ducendum
3186 1381 3239 1423 et
3278 1372 3650 1425 instruendum
3700 1372 3961 1441 populum

2372 1461 2547 1513 bonus
2593 1475 2656 1513 ac
2719 1460 2837 1527 pius
2876 1461 3167 1529 episcopus
3216 1460 3441 1527 habuit,
3491 1477 3597 1515 non
3645 1471 3823 1515 tamen
3860 1476 3962 1529 pec

2365 1552 2580 1604 destres
2629 1560 2684 1605 et
2723 1550 2995 1617 induerat,
3034 1566 3132 1605 nec
3164 1552 3476 1607 dissoluta:
3518 1567 3617 1606 nec
3650 1553 3792 1606 enim
3830 1568 3960 1617 gra-

2370 1646 2572 1705 vitate.
2638 1644 3005 1697 concinnitate
3056 1655 3435 1713 concentuque
3491 1656 3959 1707 numerorum,et

2370 1736 2599 1789 modicis
2664 1736 2921 1789 oratoriis
2970 1737 3244 1790 coloribus
3313 1746 3537 1799 carent,
3586 1739 3681 1791 sed
3737 1747 3854 1805 Quae
3902 1736 3963 1789 in

2371 1842 2604 1897 corpore
2644 1830 2784 1882 bene
2812 1844 2841 1882 a
2884 1838 3077 1883 natura
3124 1830 3424 1883 constituto
3460 1828 3645 1881 inuata
3673 1867 3688 1889 ,
3735 1842 3843 1881 non
3876 1829 3964 1879 in-

2369 1925 2566 1987 ducta,
2627 1936 2795 1975 succo
2848 1921 3220 1990 sanguineque
3283 1922 3397 1990 ipso
3459 1920 3819 1981 exsisteutia,
3854 1935 3965 1972 non

2372 2017 2641 2071 accercita
2672 2025 2764 2069 aut
2806 2016 3102 2069 adventitia
3131 2029 3255 2069 esse
3292 2016 3597 2067 videantur.
3632 2013 3743 2066 Nec
3773 2012 3968 2080 ﬁguris

2370 2123 2463 2162 seu
2498 2110 2790 2162 luminibus
2811 2124 2991 2163 rerum
3020 2118 3189 2161 caret.
3218 2107 3389 2161 Habet
3419 2108 3709 2176 aliquando
3727 2107 3963 2175 σωροὺς,

2370 2200 2615 2255 cumulos
2647 2202 2935 2255 verborum
2982 2210 3035 2254 et
3076 2216 3281 2255 rerum.
3326 2200 3752 2270 Παρονομασίας
3792 2207 3965 2259 amat,

2368 2305 2422 2347 ct
2463 2292 2735 2355 ἰσόκωλα,
2772 2302 2824 2345 et
2863 2291 3245 2361 ὁμοιοτέλευτα
3272 2333 3286 2356 ,
3325 2301 3379 2346 et
3420 2292 3805 2361 ὁμοιόπτωτα,
3837 2306 3967 2357 qua:

2373 2404 2400 2440 a
2442 2386 2649 2439 Latinis
2706 2385 2890 2453 figurae
2945 2387 3240 2450 dicuntur,
3281 2388 3689 2446 attiterationes,
3735 2385 3972 2435 membra

2370 2477 2527 2544 paria
2556 2516 2570 2539 ,
2630 2474 2876 2528 similiter
2915 2475 3207 2527 desinentia
3274 2476 3621 2543 similiterque
3677 2472 3971 2533 cadentia;

2374 2568 2467 2620 sed
2514 2566 2660 2619 nulla
2713 2584 2770 2620 re
2816 2567 2989 2634 magis
3036 2567 3296 2620 delectari
3335 2567 3551 2619 videtur
3583 2580 3744 2633 quam
3776 2563 3974 2616 simili-

2375 2656 2559 2710 tudine
2582 2696 2597 2721 ,
2630 2656 2772 2723 quod
2814 2655 3123 2709 ornamenti
3157 2669 3329 2723 genus
3382 2655 3579 2723 ingenii
3629 2662 3747 2713 est,
3780 2663 3833 2705 et
3861 2652 3971 2703 titi-

2374 2746 2545 2801 litatis
2581 2747 2649 2799 ad
2699 2757 2916 2816 captum
2974 2746 3127 2801 rudis
3175 2747 3345 2816 plebis
3395 2747 3629 2800 eximiae.
3665 2745 3975 2814 Perspcrgit

2372 2842 2538 2894 etiam
2565 2840 2732 2902 sales.
2775 2842 2871 2895 sed
2902 2856 3024 2893 cum
3052 2840 3163 2895 sale
3192 2855 3258 2894 ex
3295 2840 3539 2895 historiis
3575 2848 3815 2893 veterum
3842 2879 3856 2903 ,
3900 2853 3973 2891 ex

2375 2934 2575 2989 fabulis
2606 2944 2661 2989 et
2704 2936 2992 2988 sententiis
3038 2942 3325 3001 poetarum
3372 2948 3655 2988 sacrorum
3701 2943 3753 2985 et
3785 2930 3975 2999 profa-

2370 3041 2587 3090 norum,
2629 3039 2695 3079 ex
2744 3025 3027 3079 dialectico
3071 3027 3227 3090 item,
3255 3025 3680 3089 mathematico,
3732 3024 3976 3091 philoso-

2372 3120 2532 3188 phico
2569 3117 2984 3186 theologicoque
3031 3130 3171 3185 penu
3235 3131 3341 3170 non
3407 3132 3608 3185 paucas
3653 3117 3973 3179 doctrinas;

2378 3212 2451 3265 ita
2491 3220 2549 3265 ut
2576 3210 2660 3264 bis
2686 3211 2940 3265 onmibus
2976 3208 3186 3265 artibus
3213 3219 3266 3264 et
3303 3210 3569 3264 doctrinis
3594 3249 3609 3275 ,
3638 3220 3690 3262 et
3741 3210 3977 3263 lectione

2380 3306 2711 3371 scriptorum
2758 3312 3001 3357 veterum
3054 3303 3354 3355 instructus
3399 3304 3646 3371 apprime
3678 3302 3923 3355 videatur
3956 3321 3973 3356 :

2379 3409 2439 3451 ea
2482 3409 2663 3451 tamen
2718 3411 2784 3451 ac
2815 3395 3113 3464 praesertim
3166 3395 3444 3448 doctrinas
3473 3402 3763 3459 externas,
3796 3405 3851 3447 et
3879 3410 3977 3448 co-
4064 3464 4069 3469 '

2395 3493 2535 3548 tores
2570 3494 2844 3548 oratorios
2872 3507 2970 3561 pro
2998 3507 3057 3546 re
3084 3506 3149 3545 ac
3186 3503 3430 3558 tempore
3462 3489 3702 3553 adhibet,
3735 3504 3833 3542 nec
3854 3490 3981 3543 sino

2383 3590 2831 3657 praemunitione,
2915 3588 3074 3656 idque
3122 3603 3220 3656 pro
3264 3596 3536 3655 potestate
3587 3587 3767 3654 potius
3812 3601 3977 3653 quam

2385 3696 2485 3749 pro
2534 3681 2813 3749 voluptate
2870 3695 2933 3736 ac
2982 3682 3261 3745 vanitate;
3302 3693 3400 3733 nec
3454 3694 3517 3733 ea
3576 3690 3687 3731 toto
3739 3680 3982 3748 thylaeo,

2390 3783 2448 3827 ut
2509 3773 2750 3837 dicitur,
2804 3771 3115 3836 cﬁ‘undere,
3187 3772 3279 3825 sed
3347 3786 3508 3839 parca
3569 3786 3728 3824 manu
3785 3785 3981 3837 prose-

2392 3867 2603 3921 minare
2642 3866 2875 3920 videtur.
2922 3865 3039 3919 Non
3092 3876 3293 3918 temere
3330 3865 3494 3933 igitur
3541 3864 3851 3931 σοφώτατος
3880 3867 3981 3917 καὶ

2395 3956 2837 4027 ρητορικώτατος
2869 3971 2899 4011 a
2942 3958 3075 4021 suis,
3107 3958 3195 4025 qui
3222 3970 3503 4011 sermones
3537 3955 3679 4022 ejus,
3707 3966 3764 4008 ut
3799 3966 3981 4025 poste-

2400 4050 2550 4103 ritati
2623 4048 2935 4114 traderent,
2990 4049 3430 4117 descripserunt,
3483 4062 3689 4117 suoque
3736 4050 3979 4103 auctoris

2400 4141 2620 4194 nomine
2687 4140 3118 4207 inscripserunt,
3183 4138 3484 4208 appellatus
3552 4149 3657 4193 est.
3714 4138 3980 4193 Claudam

2394 4232 2652 4286 brevibus
2688 4241 2859 4285 totam
2909 4231 3052 4284 hanc
3095 4228 3533 4283 dissertationem
3561 4270 3576 4293 ,
3621 4239 3676 4283 et
3711 4230 3982 4299 judicium

2396 4343 2576 4381 meum
2631 4327 2806 4381 tribus
2861 4324 3047 4379 verbis
3110 4324 3417 4394 explicabo.
3474 4321 3615 4377 Visa:
3667 4332 3791 4376 sunt
3846 4323 3982 4377 mihi

2393 4420 2631 4474 homilite
2696 4417 2859 4486 hujus
2906 4416 3159 4473 Ceramei
3225 4414 3671 4469 Tauromenitani
3736 4416 3981 4486 episcopi

2392 4514 2495 4583 pia:
2549 4550 2564 4575 ,
2635 4512 2809 4565 docta:
2867 4520 2922 4562 et
2990 4507 3311 4577 elegantes.
3378 4520 3542 4576 atque
3607 4508 3742 4560 adeo
3806 4508 3986 4576 digna:

2390 4622 2511 4677 quae
2548 4608 2615 4661 ad
2665 4618 2960 4660 commune
3014 4604 3362 4658 commodum
3421 4613 3474 4657 et
3526 4602 3881 4671 proferantur
3931 4612 3988 4657 et

2388 4702 2757 4772 perlegantur.

2393 4862 2421 4935 ᾗ
2458 4861 2523 4917 ll.
2557 4862 2718 4915 Ratio
2753 4879 2875 4935 mss.
2917 4864 3067 4915 codd.
3101 4878 3165 4915 ex
3193 4864 3386 4928 quibus
3416 4872 3580 4915 erith
3614 4864 3844 4916 humilia
3877 4880 3895 4916 :
3931 4872 3983 4916 et

2617 4934 2854 4986 nonnulli
2888 4949 3071 4986 earum
3102 4935 3396 5001 superiores
3429 4935 3759 5001 interpretes.

2465 5072 2532 5127 Ut
2560 5087 2667 5140 qua
2696 5071 2798 5125 fide
2819 5086 2883 5125 ex
2914 5085 3048 5124 mss.
3088 5070 3187 5125 has
3219 5070 3472 5124 homilias
3498 5069 3726 5138 publica:
3752 5068 3981 5122 utilitati

2392 5164 2651 5235 legendas
2695 5163 2981 5227 ediderim,
3017 5172 3355 5233 compertum
3389 5165 3479 5225 sit.
3514 5171 3567 5217 et
3597 5176 3705 5231 quo
3734 5164 3985 5231 exemplo

2406 5259 2693 5313 doctorum
2745 5258 3024 5312 hominum
3060 5257 3110 5311 id
3146 5256 3487 5325 perfecerim,
3533 5255 3675 5326 quod
3724 5255 3796 5309 illi
3827 5256 3984 5311 ince-

2393 5361 2631 5423 ptarunt,
2684 5350 2963 5419 expediam
2998 5350 3233 5403 breviter
3256 5350 3358 5403 hoc
3405 5351 3669 5418 procemio
3701 5364 3716 5401 :
3750 5360 3862 5402 tum
3914 5350 3983 5404 de

2395 5462 2549 5508 mss.,
2583 5455 2694 5497 tum
2725 5442 2794 5497 de
2820 5444 2885 5497 iis
2911 5442 3001 5512 qui
3032 5454 3159 5496 ante
3189 5457 3273 5494 me
3303 5442 3516 5512 aliquas
3549 5457 3613 5496 ex
3649 5442 3730 5497 his
3766 5456 3982 5496 sermo-

2395 5538 2553 5595 nibus
2577 5537 2762 5591 Latine
2786 5536 3042 5603 preloque
3065 5549 3351 5604 expressas
3370 5534 3715 5603 evulgarunt.
3738 5535 3981 5588 Primam

2399 5633 2524 5687 huic
2558 5628 2873 5699 Theophani
2923 5628 3094 5683 lucent
3127 5628 3326 5689 attulit,
3358 5638 3616 5696 quantum
3648 5642 3747 5695 ego
3782 5630 3987 5695 putat's

2399 5722 2647 5777 omnibus
2702 5734 3031 5789 cognoscere
3076 5720 3245 5789 potui,
3302 5718 3629 5774 Francisws
3678 5718 3983 5773 Turrianus

2398 5838 2426 5878 c
2449 5821 2706 5877 societate
2732 5816 2878 5875 Jesu.
2906 5815 3002 5874 llic
3028 5817 3082 5875 in
3128 5831 3227 5874 sua
3267 5815 3588 5887 hoplotheca
3617 5830 3718 5870 ms.
3742 5814 3983 5870 codicem
