4172 6432
184 366 271 434 121

184 489 373 539 barum
406 484 752 539 homiliarum
792 482 1134 552 Theophanis
1165 482 1409 535 Ceramei
1448 482 1657 544 habuit,
1688 495 1752 531 ex

180 591 280 645 qua
334 579 707 631 testiinomum
761 577 983 644 protulit
1032 584 1223 627 contra
1271 573 1755 641 Magdeburgenses

182 668 593 722 Ceuturiatorcs
617 668 685 721 de
713 668 946 731 primatu
979 667 1036 719 ὃ.
1069 666 1209 719 Petri
1248 666 1587 731 Romanique
1628 680 1758 731 potr—

184 760 360 812 tiﬁcis.
423 759 499 812 Ex
561 762 661 812 hac
716 759 903 811 eadem
973 757 1290 825 ltoplotheca
1360 757 1634 807 homiliam
1695 757 1757 805 de

182 848 279 902 SS.
324 850 647 917 imaginibus
682 860 958 915 acceptam
999 858 1128 903 tom.
1175 846 1245 897 IX
1286 847 1572 899 Annalium
1617 846 1757 896 inse-

183 941 287 990 ruit
311 939 611 992 cardinalis
644 939 923 1002 Baronius,
960 939 1027 991 ab
1063 940 1176 1003 ipso
1212 935 1483 990 Turriano
1512 936 1755 988 Latinam

184 1032 400 1096 iactam,
428 1044 484 1085 et
513 1050 542 1085 a
568 1032 771 1086 Jacoho
814 1031 1107 1086 Sirmundo
1149 1033 1353 1099 aliquot
1397 1032 1528 1084 locis
1586 1029 1758 1098 perfe-

182 1133 321 1176 ctam
348 1141 363 1188 ;
396 1125 553 1190 cujus
583 1125 768 1178 itidem
791 1126 1149 1177 testimonium
1178 1126 1442 1191 integrum
1463 1123 1758 1175 referemus

180 1230 279 1268 suo
311 1215 455 1289 loco.
505 1216 678 1279 Quam
715 1215 959 1267 eamdem
1012 1216 1286 1269 homiliam
1318 1211 1552 1267 Jacobus
1596 1212 1758 1265 Gret-

178 1322 332 1359 serus
364 1318 499 1358 tom.
558 1305 597 1357 ll
631 1304 702 1357 De
733 1321 884 1357 crure
915 1305 1163 1359 secundat
1184 1304 1458 1364 editionis.
1488 1315 1544 1357 ut
1572 1312 1756 1355 aucta-

181 1402 319 1450 riunt
350 1398 560 1450 addidit
593 1410 713 1463 post
745 1398 1020 1450 hontiliam
1054 1396 1307 1449 Germani
1342 1396 1679 1463 patriarchae,
1706 1405 1759 1446 et

182 1491 324 1543 unde
370 1505 489 1543 eam
539 1490 815 1551 habuerit,
860 1498 915 1543 et
963 1504 1067 1557 qua
1114 1489 1438 1543 auctoritate
1486 1496 1759 1556 permotus

182 1583 436 1643 ediderit,
476 1581 561 1633 his
598 1580 777 1633 verbis
816 1588 1042 1632 testatur
1067 1580 1130 1632 ad
1166 1596 1275 1632 rem
1316 1579 1549 1631 maxime
1590 1580 1758 1646 perti-

180 1676 439 1727 nentibus
471 1692 481 1723 ι
511 1671 659 1725 Inter
688 1674 823 1724 alias
848 1673 1065 1725 scltedas
1094 1673 1366 1725 litterarii:
1395 1672 1760 1737 suppellectilis

182 1762 463 1814 [δηιηείιεὶ
510 1762 782 1825 Turriani,
830 1779 958 1827 quas
989 1774 1111 1814 ante
1155 1763 1351 1829 aliquot
1385 1779 1551 1815 annos
1586 1763 1651 1814 ad
1683 1778 1762 1814 me

180 1858 321 1907 misit
354 1852 416 1905 R.
456 1854 517 1907 Ρ.
550 1855 808 1905 Antonius
856 1850 1187 1914 Possevinus,
1215 1853 1379 1917 reperi
1416 1855 1550 1903 hanc
1592 1853 1758 1904 Itami-

180 1949 305 1997 liarn
338 1964 368 1996 a
408 1945 666 1996 Turriano
700 1960 923 2000 versam.
954 1955 1002 1995 et
1048 1944 1263 2010 propria
1295 1960 1455 1995 manu
1491 1946 1760 2011 scriptam,

180 2055 339 2105 quam
371 2038 571 2088 diutius
604 2037 765 2087 latere
818 2036 981 2099 uului,
1034 2046 1140 2087 tum
1187 2047 1393 2102 propter
1446 2034 1764 2086 Turiianunt

182 2131 740 2184 cirum-doctissimum
770 2138 878 2178 tum
897 2138 1105 2195 propter
1122 2141 1479 2196 argumentum
1496 2130 1628 2195 quod
1648 2141 1763 2176 cum

181 2223 402 2276 homilia
455 2219 704 2276 Germani
759 2237 975 2289 prorsus
1023 2221 1299 2273 concinens
1362 2220 1548 2270 merito
1597 2218 1765 2269 eidem

183 2318 505 2369 anitectitur.
540 2315 663 2369 ﬂare
693 2313 1013 2377 Gretserus;
1048 2328 1115 2367 ex
1158 2313 1356 2381 quibus
1400 2313 1548 2364 vides
1581 2309 1767 2377 quanti

186 2413 303 2464 haec
354 2410 581 2476 antiqua
633 2408 731 2460 SS.
773 2405 993 2459 Patrum
1032 2414 1379 2460 monumenta
1428 2421 1457 2457 a
1488 2402 1766 2456 litteratis-

186 2504 343 2557 simis
382 2503 509 2554 viris
540 2503 897 2554 (Eililneltltll'.
942 2499 1086 2553 ldem
1140 2496 1424 2549 Gretserus
1456 2505 1586 2546 tom.
1619 2495 1660 2546 Il
1699 2491 1770 2544 De

186 2611 341 2647 cruce
392 2596 527 2646 duas
580 2592 831 2645 humilius
894 2588 1241 2656 Theotihanis
1291 2586 1532 2639 (leratnei
1583 2582 1768 2637 Grarce

187 2685 352 2737 simul
385 2692 439 2734 et
471 2683 660 2735 Latine
688 2696 752 2733 ex
786 2696 883 2734 sua
919 2680 1367 2747 interpretatione
1400 2677 1584 2730 edidit.
1623 2674 1772 2730 Unde

188 2792 284 2829 cas
334 2776 591 2827 habuerit
640 2789 743 2827 non
796 2782 1043 2825 testatum
1099 2770 1307 2837 reliquit
1357 2770 1411 2822 in
1464 2768 1627 2828 notis,
1678 2768 1770 2821 sed

188 2868 447 2936 equidem
485 2882 547 2919 ex
584 2867 766 2920 codice
796 2863 1059 2933 Margunii
1090 2876 1306 2923 censeo,
1336 2860 1491 2927 cujus
1520 2860 1590 2911 ibi
1626 2874 1773 2911 men-

192 2964 400 3013 tionem
445 2960 573 3011 iacit
604 2975 667 3011 ex
705 2959 991 3011 ocmsione
1026 2956 1270 3008 locorum
1317 2963 1692 3021 corruptorum
1719 2963 1771 3004 et

190 3058 260 3104 ab
306 3070 376 3105 eo
422 3053 852 3105 eruendatoruui.
904 3048 1021 3100 iam
1074 3060 1200 3100 vero
1235 3061 1300 3100 ex
1350 3045 1494 3099 notis
1534 3046 1771 3108 ejusdem

192 3141 436 3193 Gretseri
476 3140 741 3208 intelliges
778 3140 874 3191 bas
910 3137 1155 3189 Itomilias
1194 3152 1323 3189 mss.
1359 3136 1564 3189 servari
1603 3132 1774 3187 Vene—

194 3238 305 3289 tiis.
355 3233 448 3288 Sic
496 3235 636 3285 enim
702 3231 958 3299 ipse:De
1007 3228 1311 3297 Theophane
1371 3227 1620 3281 Cerameo
1670 3229 1779 3279 Iure

196 3326 445 3394 Epitome
492 3324 825 3377 Bibliotheca
876 3320 1215 3376 Gesnerianae
1266 3336 1284 3372 :
1332 3321 1640 3386 Θεοφάνους
1686 3318 1778 3371 τοῦ

198 3419 507 3492 Κεραμέως
552 3416 760 3486 ὁμιλίαι
805 3416 881 3475 εἰς
932 3413 1244 3479 Εὑαγγέλια
1290 3411 1397 3464 τῶν
1445 3410 1776 3479 Κυριακῶν.

198 3516 296 3566 καὶ
327 3515 408 3573 εἰς
457 3512 607 3569 τινὰς
662 3508 877 3575 ἑορτάς.
920 3504 1310 3570 Manuscriptus
1349 3506 1477 3557 liber
1533 3502 1778 3555 Venetiis.

202 3607 347 3658 Idem
382 3603 610 3655 habetur
640 3600 690 3651 itt
724 3598 1052 3651 Bibliotheca
1079 3597 1178 3648 SS.
1204 3595 1419 3647 Patrum
1453 3593 1649 3650 saeculo
1696 3608 1780 3656 ix;

197 3696 294 3750 sed
340 3710 463 3749 cum
504 3693 641 3761 apud
682 3706 765 3744 me
816 3690 1096 3758 Epitotnen
1127 3689 1516 3741 Gesnerianatn
1552 3702 1653 3738 non
1688 3686 1784 3738 ha-

200 3795 409 3852 berem,
436 3786 684 3841 consului
713 3799 830 3837 eam
861 3797 981 3852 qua:
1010 3782 1240 3835 habetur
1266 3797 1318 3832 ιιι
1348 3780 1593 3834 bibliotlt.
1628 3778 1778 3831 Dom.

201 3881 393 3935 Aloisii
437 3878 511 3930 La
548 3875 767 3938 Farina,
794 3872 1012 3927 baronis
1058 3870 1469 3939 Asprt-Montis,
1500 3879 1552 3921 et
1588 3882 1787 3937 genere

203 3985 255 4024 ct
292 3972 473 4023 studio
501 3968 821 4019 eruditionis
853 3965 1065 4027 nobilis,
1090 3966 1153 4016 de
1179 3964 1330 4030 cujus
1357 3963 1525 4015 fratre
1552 3961 1613 4013 D.
1646 3960 1786 4012 Mur-

204 4065 320 4114 tiuo
351 4075 515 4123 supra
555 4060 777 4111 meutini
809 4058 1041 4111 l‘roozm.
1073 4056 1118 4108 ι.
1148 4054 1341 4122 lli-peri
1394 4064 1576 4105 autent
1625 4053 1675 4104 iu
1724 4068 1786 4103 ea

204 4156 445 4221 epitome
501 4169 607 4204 nou
649 4154 824 4204 solum
872 4151 1055 4202 Graeca
1114 4150 1273 4201 verba
1329 4162 1451 4214 quae
1501 4147 1787 4199 Gretserus

209 4247 444 4300 tidcliter
494 4246 693 4308 rettdit,
727 4244 821 4296 sed
854 4253 903 4293 et
936 4243 1095 4293 aliam
1129 4248 1328 4303 notam,
1358 4255 1422 4292 ex
1452 4254 1552 4305 qua
1582 4238 1788 4291 Gesne-

210 4358 303 4393 rus
352 4339 540 4393 eodem
592 4350 775 4390 errore
824 4350 931 4403 quo
980 4333 1196 4395 ueteri,
1261 4332 1327 4387 de
1380 4332 1574 4399 quibus
1626 4345 1787 4399 supra

212 4434 450 4486 l’roaaui.
477 4430 546 4495 ll,
572 4442 824 4498 tauquam
858 4428 1097 4480 diversos
1128 4425 1276 4493 ponit
1316 4424 1697 4492 TheOphanctn
1744 4431 1797 4475 ct

210 4524 563 4591 Gregorium,
605 4521 793 4573 ambos
842 4518 1155 4581 Ceratneos,
1213 4518 1400 4570 ambos
1450 4514 1795 4569 'l'auromeuii

210 4615 685 4683 archiepiscopos;
718 4611 812 4664 sed
845 4611 985 4662 hunc
1031 4623 1215 4661 eorum
1245 4609 1333 4675 qui
1385 4616 1508 4659 ante
1542 4622 1627 4659 me
1655 4608 1790 4660 scri-

212 4725 394 4777 pserc,
428 4722 666 4760 errorem
713 4703 824 4771 jam
872 4703 1047 4755 detexi
1080 4714 1305 4769 proottn.
1351 4698 1439 4753 illo
1464 4700 1528 4764 ll,
1565 4698 1591 4769 §
1621 4715 1675 4751 ιι.
1710 4700 1800 4752 Sic

215 4804 378 4869 igitur
415 4801 692 4853 Gesnertts
726 4816 739 4849 :
775 4797 1011 4865 Gregorii
1058 4794 1514 4847 Tauromenitana
1548 4792 1796 4847 Ecclesia:

215 4892 594 4956 archiepiscopi
643 4887 959 4949 Siciliensis,
1009 4885 1244 4939 Gerantei
1294 4887 1440 4949 dicti,
1484 4886 1711 4937 homiliai
1744 4887 1797 4937 in

219 4984 533 5051 Evangelia.
566 4994 612 5034 et
645 4983 766 5033 alite
795 4981 1175 5049 quinquaginta
1210 4989 1401 5044 septem
1434 4977 1801 5044 manuscripta:

216 5088 426 5128 ιιειαιιι
480 5078 534 5127 in
575 5074 811 5126 bibliotli.
854 5071 1051 5125 ltuliw.
1101 5070 1207 5125 llas
1253 5070 1499 5124 homilias
1545 5068 1802 5139 Gregorio

223 5170 517 5236 ittsCtiplnS
548 5167 766 5220 Ci'Sdelll
799 5181 917 5220 esse
958 5175 1119 5232 atque
1162 5163 1259 5216 has
1300 5177 1437 5226 quas
1480 5176 1579 5215 nos
1614 5163 1802 5214 damus

222 5263 326 5315 sub
363 5261 585 5315 nomine
626 5258 994 5327 Theophanis,
1040 5255 1151 5324 jam
1196 5265 1471 5310 ostensum
1516 5265 1600 5309 est
1640 5266 1802 5320 supra

225 5356 500 5408 Procemio
551 5352 631 5418 ll,
682 5350 710 5422 §
765 5368 825 5405 ιι.
882 5351 1056 5420 Atque
1108 5350 1301 5402 harum
1356 5347 1803 5401 bibliothecarum

227 5446 595 5514 ceguitionem
644 5458 711 5497 ex
757 5442 1029 5510 impressis
1081 5445 1344 5494 hactenus
1391 5436 1545 5492 libris
1598 5436 1805 5505 accepi.

225 5542 345 5598 1am
373 5556 505 5596 vero
535 5556 631 5595 eas
656 5540 819 5594 etiam
866 5536 1134 5592 asservari
1164 5536 1217 5589 in
1250 5533 1422 5588 tribus
1462 5532 1649 5587 Gallia:
1679 5530 1811 5585 iusi-

228 5635 426 5704 gnibus
453 5628 822 5693 bibliothecis,
844 5628 1059 5697 scripsit
1087 5627 1151 5681 ad
1182 5640 1267 5681 me
1292 5624 1358 5680 de
1384 5624 1486 5679 hac
1513 5638 1569 5677 re
1592 5630 1811 5692 rogatus

1185 366 1580 428 FRANCISCI
1624 365 1883 423 SCOllSl
1930 364 2355 426 PROOEMIUM
2403 366 2507 425 ιιι.

3330 360 3427 424 122

1859 480 1917 533 Ρ.
1964 478 2194 534 Jthobus
2240 482 2588 539 Sirmundus.
2634 493 2742 533 soc.
2779 476 2928 539 Iesu,
2970 486 3024 530 et
3061 489 3124 529 ex
3173 480 3425 531 omnibus

1858 573 2120 624 iudiculos
2176 588 2332 624 manu
2368 588 2458 624 sua
2495 571 2726 637 scriptos
2764 571 2954 623 itident
2993 568 3313 629 transmisit,
3361 586 3427 623 ex

1857 663 2053 729 quibus
2084 663 2432 728 intelligerent
2468 676 2714 730 quietiam
2766 660 2895 711 mihi
2944 660 3210 720 deessent,
3243 672 3307 709 ex
3344 658 3429 707 lti-

1858 754 2121 807 hliotheea
2159 754 2345 820 Regia,
2372 768 2437 806 ex
2478 771 2536 805 ea
2580 767 2695 821 qute
2741 749 3166 803 Folientinorum
3213 749 3269 800 S.
3303 746 3431 798 Ber-

1860 848 2009 899 nardi
2043 846 2452 906 monachorum,
2483 855 2533 898 et
2565 861 2627 897 ex
2665 860 2725 898 ea
2758 861 2875 913 qurc
2906 853 2987 896 est
3018 841 3225 907 collegii
3256 841 3431 891 socie-

1860 940 1985 991 tatis
2033 937 2158 991 Jesu
2213 938 2570 998 Parisiensis,
2637 952 2754 1003 qua:
2801 936 2927 986 olim
2993 933 3091 983 fuit
3141 932 3429 984 cardinalis

1859 1028 2069 1080 Joiosae.
2133 1028 2394 1079 Praeterea
2454 1030 2505 1079 in
2563 1025 2721 1093 Regia
2783 1026 3038 1077 Biblioth.
3098 1022 3323 1089 llispan.
3380 1021 3430 1069 in

1862 1119 2191 1170 monasterio
2240 1114 2298 1168 S.
2334 1115 2607 1167 Laurentii
2656 1115 2799 1182 quod
2840 1113 3166 1164 Est-urialmu
3222 1119 3431 1168 vocant,

1860 1208 2160 1276 Γρηγορίου
2197 1208 2496 1259 ἐπισκόπου
2533 1208 2630 1273 τῆς
2674 1205 2925 1263 Σικελίας
2955 1202 3164 1270 ὁμιλίαι
3198 1202 3305 1253 ἀπὸ
3339 1200 3432 1252 τοῦ

1861 1299 2261 1369 ἀρχιτελώνου,
2294 1311 2345 1351 et
2388 1316 2436 1349 ιιι
2471 1300 2576 1349 alio
2611 1298 2794 1348 codice
2836 1313 2847 1347 :
2896 1294 3137 1361 ὐμιλίαι
3176 1293 3268 1342 τοῦ
3312 1292 3432 1343 ὅλου

1859 1391 2131 1443 ἐνιαυτοῦ.
2166 1390 2401 1458 GregOrii
2446 1390 2602 1452 episc.
2651 1387 2844 1439 Sicilia:
2879 1386 3111 1436 homiliw
3141 1401 3173 1434 α
3204 1386 3435 1447 principe

1861 1486 2253 1551 publicanorum
2306 1481 2583 1540 incltoata',
2630 1479 2855 1529 homilia:
2905 1478 3061 1527 totius
3096 1478 3241 1525 anni.
3290 1474 3435 1537 Quas

1863 1593 1993 1631 sane
2029 1579 2240 1627 easdem
2277 1588 2396 1625 esse
2433 1586 2589 1638 atque
2628 1570 2725 1623 has
2756 1585 2892 1636 quas
2926 1568 3238 1631 evulgamus
3277 1565 3433 1615 [idem

1865 1668 1989 1723 fecit
2022 1668 2082 1720 ί).
2129 1665 2402 1718 Marianos
2435 1662 2819 1728 Vulguaruera,
2855 1657 3291 1715 Panormitanus,
3325 1670 3431 1706 non

1866 1758 2034 1827 magis
2061 1770 2256 1824 genere
2282 1768 2439 1821 quam
2468 1753 2766 1803 litterarum
2795 1746 3106 1800 Graecarum
3134 1743 3437 1795 eruditione

1865 1853 2078 1908 cliti-us;
2132 1846 2217 1899 cui
2268 1844 2479 1897 Madriti
2533 1843 2581 1893 iu
2636 1841 2781 1907 regia
2832 1836 3061 1903 Philippi
3113 1832 3177 1886 IV
3225 1834 3435 1900 degenti

1869 1946 2137 2008 negotium
2176 1940 2227 1990 iit
2266 1938 2367 1991 hac
2401 1950 2454 1987 re
2491 1933 2753 1985 litteraria
2786 1930 2929 1989 dedi,
2961 1936 3015 1979 ut
3047 1930 3112 1979 de
3155 1927 3238 1979 his
3270 1925 3438 1977 homi-

1871 2035 1955 2086 liis
1990 2033 2163 2097 deque
2194 2040 2414 2081 auctore
2458 2028 2830 2091 cognosceret,
2864 2030 2917 2072 et
2944 2035 3006 2072 ex
3049 2019 3221 2070 indice
3254 2031 3439 2069 earum

1868 2141 2000 2195 quas
2035 2124 2173 2191 apud
2211 2122 2293 2174 me
2329 2119 2616 2178 habebam,
2649 2117 2712 2166 ad
2753 2116 2922 2181 ipsum
2961 2107 3281 2161 transtniSso
3307 2121 3440 2157 con-

1871 2221 2032 2273 ferret
2071 2223 2409 2284 argumenta,
2451 2206 2853 2275 insrriptioucs,
2889 2216 2935 2255 et
2979 2205 3147 2271 prima
3182 2200 3444 2265 cujusque

1871 2316 2064 2371 verba;
2111 2310 2306 2378 quibus
2344 2305 2557 2358 collatis
2598 2301 2812 2355 easdem
2851 2312 2972 2350 esse
3007 2294 3272 2359 comperit
3310 2307 3446 2356 quas

1871 2410 2007 2473 apud
2054 2418 2139 2455 me
2174 2414 2293 2453 esse
2336 2397 2688 2464 intelligebat.
2742 2395 2915 2459 Atque
2945 2389 3130 2441 cadent
3168 2385 3221 2437 iu
3256 2384 3448 2437 biblio-

1874 2500 2031 2552 theca
2087 2496 2152 2548 ad
2202 2493 2443 2547 codicem
2501 2490 2813 2556 adjunctuut
2871 2482 3073 2550 reperit
3125 2476 3446 2545 opusculum

1871 2592 2146 2659 sutgulare
2176 2586 2468 2656 quoddam,
2500 2580 2642 2647 quod
2681 2582 2731 2629 ιιι
2764 2578 2886 2629 aliis
2925 2573 3263 2626 bibliozhecis
3296 2584 3446 2633 repe-

1875 2684 1967 2739 riri
1998 2680 2231 2734 nondum
2266 2676 2474 2742 accepi,
2508 2670 2733 2736 Λεξικὸν
2761 2668 2868 2720 τῶν
2896 2663 3129 2733 ὁμιλιῶν
3159 2664 3272 2715 sive
3297 2660 3453 2713 Glos-

1874 2777 2076 2830 sarium
2134 2784 2323 2824 vocutn
2376 2764 2730 2833 Singularium
2770 2770 2824 2813 et
2868 2757 3161 2810 dillictlium
3213 2753 3452 2805 auctoris

1876 2884 1998 2923 cum
2043 2879 2229 2918 earum
2266 2858 2663 2926 explicatione;
2699 2853 2853 2917 cujus
2887 2864 2987 2917 ego
3030 2846 3181 2899 lexici
3230 2858 3454 2911 apogra-

1880 2958 2064 3023 phum,
2111 2966 2254 3011 cum,
2295 2945 2533 2998 adhibita
2570 2941 2856 2993 multorum
2909 2939 3207 2989 amicorum
3249 2941 3301 2985 et
3362 2931 3455 2983 lit-

1879 3021 2172 3097 teratorum
2221 3036 2501 3091 hominum
2556 3030 2935 3100 ope,taudem
2989 3024 3263 3093 diligentia
3317 3021 3459 3075 Lau-

1878 3136 2037 3191 rentii
2084 3132 2304 3193 Cocchi,
2338 3128 2438 3180 viri
2473 3126 2669 3181 eruditi
2700 3133 2753 3178 et
2794 3123 2847 3175 itt
2894 3126 3157 3188 apparatu
3207 3114 3458 3168 Historia:

1882 3228 1939 3281 S.
1980 3223 2233 3279 Demetrii
2276 3220 2531 3288 martyris
2577 3213 2985 3276 studiosissimi,
3026 3218 3216 3265 nactus
3258 3221 3458 3269 essent,

1882 3320 1947 3373 ad
1984 3317 2188 3371 calcem
2230 3314 2390 3382 hujus
2422 3311 2599 3380 operis
2632 3305 3046 3376 itnprituendutn
3079 3302 3257 3355 curavi
3295 3299 3371 3369 (a)
3406 3304 3463 3350 ut

1882 3420 2124 3468 exstaret
2174 3411 2338 3461 etiam
2382 3407 2481 3460 hoc
2521 3403 2884 3457 testimoniqu
2917 3408 2971 3452 et
2999 3396 3281 3463 vestigium
3325 3391 3461 3445 anti-

1886 3505 2128 3575 quitatis.
2162 3501 2267 3556 Sed
2313 3500 2378 3553 de
2404 3514 2466 3551 eo
2497 3496 2642 3565 plura
2700 3495 2788 3547 illo
2840 3493 2891 3545 in
2936 3491 3075 3544 loco.
3112 3487 3166 3540 lu
3212 3485 3463 3539 Vaticana

1884 3595 2217 3650 Bibliotheca
2279 3592 2384 3642 duo
2431 3594 2556 3641 sunt
2607 3586 2823 3637 codices
2869 3582 3061 3635 harum
3119 3577 3464 3631 homiliarum

1886 3688 2081 3757 quibus
2133 3683 2335 3737 indices
2371 3680 2437 3732 ad
2483 3694 2567 3732 me
2607 3690 2716 3731 tres
2746 3691 2850 3744 qua
2887 3674 3094 3735 (ἂι-λικε,
3134 3685 3240 3740 qua
3278 3668 3467 3720 Latine

1887 3781 2208 3841 amicorum,
2243 3790 2303 3829 ac
2343 3773 2643 3843 praesertim
2680 3772 2823 3822 dom.
2860 3765 3201 3821 Constantini
3244 3760 3465 3816 Caetani

1889 3869 2122 3932 abbatis,
2149 3881 2311 3934 opera
2344 3862 2749 3933 diligentissime
2774 3858 3089 3928 persevipti,
3126 3864 3251 3909 sunt
3282 3853 3467 3918 missi;

1894 3958 1945 4009 in
1975 3958 2149 4009 altero
2173 3956 2356 4008 codice
2382 3955 2582 4007 eadem
2615 3950 2852 4003 homiliae
2882 3948 3099 4002 nomine
3126 3944 3473 4009 Tlteooitanis

1891 4050 2170 4109 Geratnei,
2217 4048 2266 4099 in
2317 4044 2483 4097 altero
2536 4042 2777 4110 Gregorii
2839 4039 3213 4100 continentur;
3274 4035 3475 4088 inscri-

1892 4145 2103 4211 ptiones
2154 4150 2279 4193 sunt
2337 4136 2638 4204 hujusmodi
2679 4153 2691 4186 :
2739 4133 2790 4185 in
2843 4147 2949 4185 uno
2998 4129 3115 4183 cod.
3143 4128 3473 4194 Θεοφάνους,

1896 4236 1989 4287 τοῦ
2038 4234 2269 4300 ἐπίκλην
2314 4229 2661 4299 Κεραμέως,
2710 4224 3141 4297 ἀρχιεπισκόπου
3192 4222 3477 4288 Ταυρομε-

1900 4330 2046 4389 vela;
2094 4326 2191 4393 τῆς
2230 4323 2502 4383 Σικελίας,
2555 4320 2762 4388 ὁμιλίαι
2810 4320 2863 4370 al
2914 4316 3176 4383 κυριακαὶ
3218 4312 3311 4364 τοῦ
3356 4312 3478 4363 ὅλου

1900 4423 2131 4491 χρόνου;
2179 4419 2232 4470 ιιι
2264 4418 2434 4469 altero
2467 4434 2479 4467 :
2517 4412 2623 4464 Ταῦ
2672 4412 3115 4478 μακαριωτάτου,
3162 4404 3481 4473 σοφωτάτου

1898 4532 1957 4565 τε
2000 4513 2097 4565 καὶ
2162 4507 2602 4580 “rapacissimo
2643 4505 2833 4575 κυρίου
2877 4501 3183 4571 Γρηγορίου
3227 4503 3482 4567 ἀρχιεπι-

1902 4604 2102 4655 σκότεου
2158 4598 2563 4666 Ταυρομενείας
2608 4595 2706 4661 τῆς
2758 4592 3008 4655 Σικελίας
3040 4632 3053 4654 ,
3109 4589 3203 4642 τοῦ
3252 4588 3485 4655 ἐπίκλην

1904 4692 2232 4763 Κεραμέως.
2271 4690 2403 4755 Quae
2438 4692 2541 4740 duo
2583 4687 2825 4747 timuiita,
2872 4684 3166 4752 Gregorius
3207 4694 3262 4732 et
3301 4679 3485 4731 Theo-

1905 4790 2131 4859 phaues,
2166 4786 2325 4837 unius
2368 4796 2486 4836 esse
2519 4780 2757 4833 aut-toris
2809 4788 2972 4846 patet.
3012 4776 3137 4828 lude
3182 4781 3486 4841 sequuntur

1908 4879 2141 4933 humilia:
2193 4876 2401 4937 ordine,
2467 4872 2521 4925 itt
2582 4869 2736 4936 cujus
2801 4867 2948 4920 calce
3018 4866 3329 4932 designatus
3388 4876 3486 4912 an-

1908 4987 2009 5025 nus
2064 4969 2239 5030 1448,
2310 4966 2450 5019 unde
2510 4963 2805 5031 antiquitas
2876 4957 3081 5012 codicis
3152 4953 3488 5020 intelligitur.

1909 5063 2185 5116 Postremo
2224 5058 2282 5125 lf.
2333 5055 2595 5111 Octavius
2641 5054 2935 5114 (laetantis,
2990 5064 3103 5102 soc.
3146 5044 3294 5105 Jcsu,
3335 5042 3490 5110 cujus

1908 5156 2087 5211 studio
2133 5168 2194 5206 ac
2232 5151 2401 5206 labori
2454 5150 2555 5203 hoc
2604 5156 2847 5200 nostrum
2895 5156 3029 5209 opus
3078 5148 3357 5207 acceptum
3408 5144 3491 5188 est

1910 5245 2277 5306 referendum,
2302 5257 2421 5294 cum
2445 5256 2563 5308 qua:
2586 5238 2652 5291 ad
2678 5235 3011 5289 condendam
3036 5241 3092 5285 et
3116 5227 3487 5282 illustrandum

1913 5347 2225 5394 sanctorum
2262 5332 2569 5386 Siculorum
2607 5327 2886 5381 historiam
2917 5323 3159 5376 lacerent
3187 5315 3491 5386 diligentis-

1912 5432 2047 5485 sime
2097 5428 2429 5496 perquireret
2473 5431 2527 5476 et
2569 5428 2873 5491 appararet,
2907 5415 3100 5469 harum
3137 5411 3485 5465 homiliarum

1912 5521 2239 5589 exetuplaria
2313 5516 2666 5572 describenda
2736 5511 2963 5567 curavit.
3033 5508 3100 5562 Et
3153 5505 3367 5575 quidem
3422 5515 3492 5554 ex

1916 5616 2124 5671 duobus
2156 5612 2451 5677 codicibus,
2489 5618 2546 5665 ιιι
2586 5609 2699 5679 ipse
2732 5608 2785 5662 in
2836 5601 3159 5661 adversariis
3194 5599 3331 5661 suis,
3354 5607 3494 5665 quas

295 5818 364 5879 κα)
400 5814 585 5868 Nullibi
612 5821 777 5865 tamen
800 5817 1064 5875 comparet.
1092 5809 1160 5862 Cf.
1192 5822 1337 5874 supra
1369 5807 1463 5857 col.
1492 5804 1572 5855 ll.
1596 5801 1732 5853 Eotr.
1758 5800 1907 5850 l‘nu.
