4172 6432
674 350 775 414 123

675 462 814 531 apud
863 476 950 515 me
996 474 1281 521 conservo.
1321 468 1573 513 testatum
1626 460 1863 524 reliquit.
1901 458 2074 512 altero
2110 455 2262 509 Vati-

673 567 833 617 cano,
866 552 1034 606 altero
1069 550 1264 604 Melelii
1299 550 1650 603 Atheniensis
1693 549 1945 603 monachi
1982 564 2046 601 ex
2082 555 2265 601 monte

677 628 903 707 Sancto,
934 642 1137 697 familia
1170 642 1228 696 S.
1259 641 1465 705 Basilii,
1497 642 1584 709 qui
1616 658 1679 694 ex
1709 642 1929 694 Oriente
1958 640 2261 693 Messanam

675 738 931 806 appulsus
986 736 1167 804 ibique
1218 735 1455 788 ctenobii
1508 734 1566 787 S.
1618 732 1926 786 CatliarLua:
1980 731 2265 799 prirl'ectus

677 832 873 884 libi-uin
914 829 1102 883 harum
1138 828 1480 881 homiliariim
1519 840 1679 879 manu
1713 835 1997 881 exaratum
2033 824 2105 879 illi
2143 840 2264 893 per-

675 924 908 991 henigue
956 922 1413 983 cmunniiiicavit;
1453 920 1504 972 in
1541 936 1605 973 eo
1640 936 1768 971 vero
1813 921 1993 987 plures
2028 918 2267 973 homilite

680 1026 789 1066 tum
823 1013 1192 1083 Theophanis.
1227 1024 1339 1066 tuin
1374 1012 1607 1080 liliilippi
1637 1012 1927 1065 Ceramitar.
1960 1011 2266 1064 nominibus

684 1105 955 1174 inscriptae
1013 1107 1450 1165 continebantur,
1500 1104 1563 1157 de
1616 1118 1720 1172 qua
1779 1113 1958 1156 tamen
2009 1102 2269 1155 varietate

680 1198 958 1249 nominum
990 1198 1345 1262 diser-ptatum
1370 1211 1398 1249 a
1426 1197 1578 1249 nobis
1603 1210 1664 1248 ac
1688 1195 1970 1247 delinitum
1995 1204 2078 1247 est
2100 1208 2266 1264 supra

680 1287 918 1341 l‘rowin.
947 1288 1011 1347 ll.
1040 1287 1065 1357 ᾗ
1094 1304 1160 1351 ii;
1192 1297 1241 1339 cl
1266 1289 1483 1358 quidem
1526 1291 1720 1343 librum
1751 1288 1898 1341 illum
1925 1285 2266 1340 Meletianuiu

678 1392 742 1429 cx
776 1376 1111 1447 autographa
1149 1378 1315 1429 fuisse
1349 1378 1678 1443 exscriptum
1704 1416 1718 1439 ,
1751 1377 1893 1446 quod
1926 1375 2054 1428 oliui
2090 1390 2269 1428 asser—

680 1468 907 1520 vabatur
952 1467 1003 1517 iu
1040 1468 1371 1521 monasterio
1404 1466 1505 1520 SS.
1553 1468 1693 1520 l'etri
1731 1478 1785 1520 et
1817 1466 1968 1520 Pauli
2004 1474 2070 1519 tte
2106 1466 2268 1529 Itala;

679 1558 773 1611 sed
811 1568 991 1610 tamen
1043 1558 1092 1611 id
1143 1557 1537 1626 autographuin
1591 1559 1751 1612 hodie
1792 1575 1899 1611 non
1951 1570 2186 1613 exSIare.
2218 1556 2271 1610 ιιι

682 1650 1072 1702 monasterium
1122 1648 1521 1703 Basilianorum
1570 1659 1651 1702 est
1695 1653 1835 1702 inter
1883 1648 2188 1702 Messanam
2214 1656 2275 1701 et

681 1739 1103 1794 Tauromenium
1158 1742 1321 1794 situm
1369 1758 1381 1794 :
1425 1743 1488 1793 ad
1538 1741 1683 1810 quod
1736 1752 1945 1795 certum
1999 1740 2271 1794 hominem

680 1834 827 1894 misi.
879 1836 967 1903 qui
1019 1834 1082 1888 de
1120 1849 1185 1888 eo
1229 1834 1545 1904 diligentius
1600 1837 1849 1888 notitiam
1900 1835 2138 1903 aliquam
2175 1846 2272 1887 seu

683 1928 1033 1981 traditionem
1067 1929 1399 1996 exquireret,
1430 1944 1529 1981 nee
1563 1929 1857 1995 quidquam
1893 1942 1919 1977 a
1952 1927 2138 1995 paucis
2171 1925 2274 1979 illis

683 2018 967 2075 inuitat-his
1000 2021 1088 2087 qui
1129 2022 1200 2074 ibi
1241 2022 1424 2075 vivunt
1466 2022 1591 2075 sciri
1642 2021 1834 2087 potuit.
1876 2018 2139 2073 lioiiiilias
2176 2033 2273 2069 aii-

683 2122 789 2165 teiu
824 2112 887 2165 de
940 2113 1357 2175 llesurrecti‘one.
1394 2121 1447 2168 et
1478 2114 1611 2167 alias
1645 2114 1825 2183 plures
1856 2113 1919 2166 de
1964 2113 2166 2166 sanctis
2207 2125 2273 2165 ex

687 2201 946 2257 Vaticano
982 2204 1170 2259 codice
1205 2204 1315 2275 jam
1359 2206 1485 2259 ante
1534 2204 1839 2274 descriptas
1893 2212 1945 2257 et
1990 2204 2039 2257 iu
2085 2202 2273 2257 eodem

682 2296 850 2351 fuisse
888 2297 1047 2363 libro,
1086 2300 1179 2354 sed
1225 2316 1329 2352 non
1370 2300 1491 2353 inde
1540 2300 1918 2367 transcriptas,
1970 2313 2036 2351 ne
2083 2310 2275 2361 super-

682 2404 979 2444 v;icaneiiiu
1029 2406 1185 2459 OpllS,
1234 2402 1286 2445 et
1342 2392 1585 2459 impensa
1645 2391 1813 2445 tiei'et.
1856 2388 2058 2444 Horum
2114 2389 2278 2459 igitur

684 2484 1077 2551 exemplarium
1109 2485 1336 2538 alterum
1368 2485 1456 2539 hic
1488 2484 1737 2539 Panormi
1772 2484 2021 2538 relictum
2050 2492 2103 2536 et
2136 2483 2278 2537 inter

685 2577 949 2646 reliquam
1010 2577 1334 2631 litterariam
1392 2578 1816 2646 suppellectilem
1853 2579 1905 2630 in
1945 2590 2119 2630 morie
2172 2586 2278 2628 tra-

683 2670 853 2722 ditum
884 2670 984 2723 sibi
1014 2669 1073 2722 P.
1102 2669 1357 2724 Alimisus
1384 2671 1657 2725 Caetauus
1684 2670 1799 2739 ejus
1832 2668 1999 2724 frater
2024 2678 2281 2739 spectatae

697 2763 975 2827 religionis
1024 2765 1126 2824 vir.
1162 2774 1215 2818 et
1260 2765 1478 2830 pietatis
1510 2779 1573 2819 ac
1606 2765 1768 2819 studii
1803 2765 1854 2819 in
1887 2776 2105 2819 sanctos
2137 2764 2281 2818 viros

686 2858 886 2912 Siciliae
937 2858 1133 2919 haeres,
1184 2859 1250 2911 ad
1301 2870 1385 2911 me
1438 2858 1630 2914 detulit
1680 2875 1695 2913 :
1745 2858 1980 2913 viderem
2028 2873 2094 2911 an
2144 2856 2283 2912 foret

684 2966 863 3015 operte
901 2952 1136 3018 pretium
1165 2950 1455 3004 Latinitate
1492 2965 1554 3005 ac
1586 2951 1705 3005 luce
1734 2951 1968 3014 donare;
2003 2959 2057 3005 et
2092 2951 2135 3005 si
2163 2963 2281 3004 tan-

685 3054 796 3094 tum
819 3042 1081 3102 laborem.
1110 3051 1208 3097 ete
1237 3043 1449 3096 diurnis
1486 3043 1625 3097 meis
1643 3043 2093 3112 occupationibus
2117 3043 2278 3111 spatii

686 3148 899 3197 possem
956 3134 1292 3203 impendere.
1338 3134 1613 3204 negotium
1668 3134 2025 3203 susciperem.
2072 3132 2283 3189 Placuit

686 3226 1031 3280 suliseesivas
1089 3226 1279 3280 saltem
1342 3225 1505 3282 horas
1561 3241 1625 3281 ex
1679 3228 1997 3296 quotidiana
2051 3242 2281 3281 munere

687 3333 968 3387 pensitfl"e
1001 3318 1282 3373 suﬂ'iirari.
1328 3319 1568 3374 Alterum
1601 3334 1728 3374 vero
1762 3320 1901 3374 idem
1933 3318 1995 3373 Β.
2028 3318 2086 3372 P.
2120 3318 2279 3371 Oeta-

687 3412 831 3472 viue,
864 3421 919 3463 ut
952 3412 1041 3480 qui
1078 3412 1313 3465 maxime
1346 3422 1593 3479 cuperet.
1624 3420 1677 3465 et
1712 3427 1879 3466 unum
1918 3412 2020 3467 hoc
2054 3413 2283 3478 agitaret

685 3505 891 3567 animo,
942 3516 998 3556 ut
1040 3505 1125 3558 lite
1176 3504 1414 3558 homilire
1471 3507 1686 3559 tandem
1730 3506 1904 3560 lucem
1955 3506 2280 3574 aspicerent,

687 3611 808 3661 nam
856 3598 956 3651 sibi
1014 3597 1134 3651 luce
1172 3598 1508 3667 dignissiinm
1563 3599 1907 3662 videbantur,
1972 3598 2116 3651 unde
2173 3613 2281 3654 non

688 3706 911 3759 parvum
942 3692 1243 3747 Siciliensis
1270 3693 1511 3747 Ecclesia
1541 3693 1883 3758 splendorem
1913 3702 2060 3747 esset
2091 3707 2281 3760 accep-

690 3795 848 3841 tura.
901 3782 1050 3838 misit
1098 3784 1149 3837 in
1199 3784 1402 3839 Gallias
1455 3785 1519 3839 ad
1574 3783 1833 3839 Jacohum
1891 3782 2281 3850 Sirmiindtim,

689 3892 802 3930 soc.
829 3873 979 3941 Jesii,
1003 3878 1160 3946 cujus
1183 3893 1346 3946 opera
1374 3878 1537 3931 inulta
1563 3889 1721 3946 atque
1746 3879 2003 3945 praeclara
2032 3879 2081 3931 iu
2110 3878 2280 3932 lucem

693 3965 920 4033 prolata,
958 3977 1192 4034 quantus
1230 3968 1310 4019 vir
1352 3968 1439 4030 sit,
1486 3968 1603 4021 sine
1648 3983 1760 4019 mea
1799 3969 2049 4021 oratione
2094 3984 2189 4035 per
2224 3982 2282 4020 se

694 4060 948 4127 quamvis
995 4062 1154 4113 tacita
1201 4060 1514 4127 przedicaut,
1549 4075 1659 4129 quo
1703 4057 1885 4111 Roma:
1920 4056 1979 4113 P.
2028 4058 2284 4115 Octavius

696 4156 873 4206 luerat
920 4152 1261 4206 familiariter
1312 4169 1459 4212 usus.
1510 4163 1568 4206 ut
1617 4154 1696 4208 vel
1738 4153 1852 4222 ipse
1899 4159 2155 4213 vi-iteret,
2200 4153 2283 4207 vel

691 4247 949 4301 vertenda
984 4246 1174 4301 Latine
1199 4255 1435 4300 curaret.
1466 4246 1512 4299 ls
1541 4246 1787 4312 lampada
1820 4246 2045 4300 tradidit
2072 4244 2131 4298 P.
2160 4243 2285 4297 Dio-

692 4340 850 4408 nysio
894 4337 1136 4400 Petavio.
1172 4338 1452 4393 societatis
1479 4346 1694 4400 nostras,
1719 4340 1809 4406 qui
1839 4354 1950 4391 rem
1976 4354 2283 4408 aggressus,

693 4432 948 4498 primani,
977 4430 1057 4491 ei;
1082 4429 1182 4498 τὴν
1208 4429 1382 4499 ἀρχὴν
1404 4430 1501 4499 τῆς
1543 4427 1820 4492 Ἰ-ιδίκτου,
1848 4428 2094 4483 Latinam
2125 4429 2281 4494 fecit;

693 4535 875 4593 postea
905 4526 1065 4577 taedio
1094 4514 1297 4588 victus,
1319 4533 1411 4577 aut
1440 4524 1643 4578 codicis
1673 4539 1833 4594 quem
1867 4522 2059 4577 habuit
2088 4524 2287 4580 obscu-

694 4613 873 4677 ritate,
906 4631 931 4663 a
964 4623 1144 4681 coepto
1190 4612 1418 4673 ileStitit,
1450 4620 1503 4666 et
1548 4612 1647 4665 sibi
1680 4624 1963 4665 externum
2007 4613 2284 4668 hominem

692 4707 1006 4775 subrogavit
1033 4706 1125 4775 qui
1157 4720 1261 4759 non
1294 4706 1451 4759 modo
1481 4719 1591 4758 rein
1620 4720 1728 4757 non
1758 4714 1841 4758 est
1864 4720 2043 4768 orsus,
2071 4706 2164 4759 sed
2194 4707 2283 4759 vix

692 4802 907 4854 tandem
960 4800 1088 4854 illud
1129 4799 1405 4867 exemplar
1452 4800 1707 4853 restituit.
1742 4798 1848 4853 Sed
1897 4798 1955 4852 Ρ.
1996 4797 2285 4869 Dionysius

693 4907 759 4945 ne
798 4891 1103 4944 lucubratio
1132 4906 1225 4942 sua
1274 4890 1360 4944 illi
1414 4894 1637 4959 periret,
1673 4890 1952 4944 homiliam
1987 4891 2131 4944 illini
2181 4894 2285 4945 sub

695 4985 914 5037 nomine
956 4982 1200 5052 Gregorii
1241 4983 1413 5036 edidit
1457 4981 1642 5037 (ΖΙ-ιιιςο
1677 4994 1729 5036 et
1778 4982 1967 5038 Latine
2018 4998 2121 5037 una
2158 4996 2282 5037 euut

694 5076 919 5129 historia
971 5075 1256 5143 Nicephori
1304 5075 1628 5145 patriarchae
1660 5075 2282 5144 Constantinopolitani;

693 5185 815 5239 qua:
856 5170 1074 5237 quidem
1124 5172 1193 5221 ita
1228 5186 1286 5225 se
1316 5170 1517 5225 habere
1562 5179 1673 5223 tum
1703 5172 1768 5222 ad
1799 5186 1882 5223 me
1922 5171 2139 5238 scripsit
2168 5170 2285 5238 epi-

696 5265 831 5317 stola
870 5279 965 5318 Sua
1007 5262 1063 5317 Ρ.
1102 5262 1447 5323 Siriniintlus.
1486 5272 1599 5317 tum
1634 5263 1745 5332 ipse
1777 5264 1838 5319 P.
1875 5263 2161 5334 Dionysius
2196 5266 2285 5320 lit-

699 5362 831 5415 teris
862 5370 913 5413 et
954 5362 1226 5412 memoria.-
1268 5362 1501 5429 prodidit
1534 5361 1582 5413 in
1616 5376 1713 5414 suo
1751 5361 1838 5413 illo
1876 5361 2072 5424 libello,
2111 5364 2196 5414 ubi
2232 5364 2282 5416 in

695 5456 839 5509 uotis
862 5455 1258 5525 cln'ouologicis
1283 5471 1401 5509 eum
1424 5456 1486 5509 de
1506 5455 1800 5511 indictione
1826 5457 1953 5525 agit.
1978 5456 2053 5508 sic
2075 5457 2283 5511 svribi':

697 5550 853 5614 Quod
892 5552 1171 5617 posterius,
1209 5558 1265 5601 iit
1296 5550 1431 5602 alios
1468 5551 1728 5614 amittant,
1773 5549 2056 5619 Gregorius
2102 5552 2285 5619 Κερα-

700 5645 857 5711 μεὺς,
913 5641 1393 5696 Tauromenitana:
1442 5644 1888 5709 arclticpi'scopns.
1939 5643 2136 5695 indicat
2192 5647 2287 5695 lio-

700 5738 845 5789 milia
883 5740 961 5798 ετς
1013 5736 1109 5804 τὴν
1169 5737 1342 5806 ἀρχὴν
1382 5736 1481 5804 τῆς
1530 5737 1811 5798 Ὶνόίκτου,
1857 5737 1975 5805 ἦτοι
2016 5734 2109 5786 τοῦ
2167 5736 2287 5786 νέου

703 5834 887 5897 ἔτους,
920 5849 1078 5902 quam
1127 5850 1217 5887 nos
1274 5849 1375 5885 una
1425 5848 1539 5885 cum
1596 5832 1716 5884 aliis
1768 5830 2006 5898 [laribus
2059 5828 2290 5896 ejusdtm

1640 343 2041 406 FRANCISCI
2086 338 2356 401 SCORSI
2400 339 2832 403 PRO(E.\I|UM
2874 344 2990 403 Ill.

3858 342 3961 407 124

2371 455 2639 519 δενὶριυιὲε
2666 459 2894 509 nondum
2920 458 3179 526 evulgatis
3206 458 3497 524 accepimus
3522 475 3551 510 η
3578 457 3639 510 R.
3668 457 3731 511 P.
3756 458 3962 512 Iacobo

2369 543 2680 603 Sirniundo.
2728 548 2833 599 riro
2881 550 3203 613 pereriulito,
3236 550 3327 617 qui
3356 551 3479 616 quia
3528 550 3709 602 crebra
3741 567 3771 601 a
3807 550 3962 603 nobis

2366 649 2548 687 earum
2592 638 2868 689 editionem
2919 638 3150 705 ﬂagitat,
3184 648 3237 689 iit
3280 642 3326 691 ei
3360 640 3538 705 aliqua
3593 657 3658 693 ea:
3694 651 3842 704 parte
3870 657 3967 691 sa-

2369 726 2557 792 tisﬁat,
2584 727 2715 779 reliit
2743 731 3001 793 specimen
3026 731 3290 795 quoddam
3319 731 3665 784 indictionum
3690 733 3965 784 occasione

2367 818 2739 885 prwiiii’simus.
2783 818 2908 873 Il.ee
2950 820 3267 891 Dionysius.
3320 821 3431 891 Ego
3479 824 3645 892 igitur
3687 839 3825 891 opus
3862 840 3962 892 ag-

2370 924 2617 978 gressus,
2644 927 2766 965 cum
2798 913 2963 967 unico
2991 913 3084 967 illo
3112 928 3235 968 meo
3263 915 3561 983 exemplari
3603 932 3707 968 non
3743 930 3962 984 possein

2369 1016 2490 1058 esse
2520 1014 2833 1069 contentus,
2873 1022 2975 1063 nec
3020 1008 3154 1063 satis
3192 1007 3486 1062 lectoribus
3517 1024 3628 1062 uno
3673 1010 3763 1061 illo
3806 1010 3967 1063 testi.

2373 1098 2559 1152 nionio
2612 1098 2733 1152 lidei
2804 1114 2901 1154 nec
2956 1101 3298 1155 auctoritatis
3355 1102 3507 1171 eperi
3564 1101 3742 1156 facere
3803 1116 3967 1168 posse

2374 1191 2651 1255 viderem,
2704 1190 2771 1245 ad
2818 1203 3024 1245 certain
3075 1194 3524 1263 exploratainque
3570 1194 3639 1248 de
3689 1195 3751 1246 iis
3800 1194 3967 1247 tidem

2374 1284 2677 1336 habendam
2714 1284 2956 1337 animum
2988 1284 3187 1354 adjeci.
3223 1285 3286 1337 Et
3320 1288 3555 1354 primum
3593 1289 3809 1341 easdem
3845 1288 3897 1341 ill
3943 1305 3970 1342 s

2371 1387 2495 1426 esse
2541 1372 2795 1427 homilias
2824 1388 2945 1442 quae
2985 1374 3332 1445 TheOphanis
3364 1378 3633 1437 Ceraiuci,
3669 1378 3971 1432 Taurome-

2375 1466 2543 1518 nitaui
2580 1466 2861 1531 antistitis,
2892 1481 2920 1518 a
2953 1468 3253 1535 majoribus
3296 1478 3478 1522 essent
3511 1470 3673 1523 dit-tae
3708 1484 3973 1537 rect'ptae-

2374 1574 2511 1624 que.
2564 1560 2803 1627 comperi
2852 1576 2918 1614 ex
2972 1560 3086 1629 ipsa
3138 1562 3528 1627 inscriptione,
3580 1563 3837 1615 nimirum
3885 1566 3973 1626 si;

2374 1650 2440 1703 τὰ
2473 1651 2771 1719 εὐαγγέλια
2808 1653 3083 1722 Κυριακὰ,
3123 1655 3217 1706 καὶ
3260 1656 3454 1724 ἑορτὰς
3494 1656 3587 1707 τοῦ
3628 1656 3750 1707 ὀλνιυ
3786 1658 3975 1707 ἐνιαυ-

2373 1744 2485 1797 τοῦ.
2508 1745 2659 1810 Quod
2679 1760 2812 1801 saue
2831 1756 3045 1801 constat
3062 1763 3126 1802 ex
3145 1749 3394 1801 omnibus
3418 1750 3741 1803 testimoniis
3761 1766 3879 1819 quae
3902 1751 3975 1806 de

2377 1836 2477 1890 hoc
2508 1847 2730 1892 auctore
2760 1853 3045 1908 coogerain
3084 1839 3246 1894 infra.
3286 1842 3487 1895 Deinde
3520 1856 3642 1895 cum
3685 1843 3975 1910 impressis

2378 1933 2518 2001 apud
2555 1932 2896 1997 Gi-etserum,
2937 1934 3254 1998 Barouiiim,
3291 1936 3611 2007 Dionysium
3650 1954 3797 1991 ineas
3831 1953 3969 1992 mss.

2310 2096 2313 2099 η
2377 2024 2602 2089 contuli,
2648 2034 2700 2079 ct
2746 2028 2964 2095 quidem
3000 2039 3257 2082 constare
3292 2044 3486 2083 sensus
3519 2040 3571 2083 et
3607 2032 3773 2085 verba
3819 2031 3969 2096 vidi;

2376 2119 2627 2188 quamvis
2667 2118 2871 2189 aliquot
2920 2119 3224 2191 fragmenta
3275 2124 3357 2176 Vel
3404 2127 3457 2178 in
3502 2139 3622 2177 meo
3664 2125 3970 2195 exemplari

2377 2210 2463 2263 vel
2518 2211 2569 2264 in
2623 2212 2906 2280 impressis
2959 2215 3249 2280 deessent,
3310 2218 3453 2287 quod
3508 2218 3828 2287 scriptorum
3885 2220 3972 2273 vel

2378 2303 2533 2372 culpa
2564 2303 2646 2359 vel
2676 2316 2862 2361 errore
2900 2305 3099 2362 factum
3134 2322 3255 2364 esse
3294 2310 3534 2378 potuisse
3571 2312 3973 2366 animadverte.

2380 2397 2539 2463 bam;
2576 2407 2631 2451 et
2664 2414 2729 2452 ex
2765 2400 2977 2455 duabus
3021 2417 3183 2455 unam
3230 2402 3498 2475 integram
3537 2419 3697 2472 puSse
3735 2405 3977 2471 restitui,

2380 2489 2446 2545 de
2506 2489 2727 2561 reliquis
2775 2508 2900 2547 vero
2951 2498 3213 2551 continuo
3269 2497 3481 2553 litteras
3536 2499 3602 2552 ad
3656 2501 3863 2553 amicos
3917 2511 3977 2554 et

2381 2582 2629 2636 eruditos
2666 2583 2787 2637 misi
2825 2584 3074 2650 Romam,
3106 2588 3162 2640 in
3196 2587 3422 2649 Gallias.
3460 2591 3510 2642 in
3549 2589 3882 2659 Hispaniam,
3917 2592 3974 2645 in

2381 2672 2770 2743 Germaniam,
2832 2662 2930 2742 ut,
2987 2678 3283 2746 exploratis
3335 2681 3715 2746 bibliothetis,
3770 2686 3835 2734 de
3889 2682 3981 2736 his

2383 2765 2626 2821 liOtniliis
2652 2782 2739 2823 me
2761 2769 3047 2823 certiorem
3078 2770 3345 2825 lacerent.
3374 2771 3434 2823 Et
3465 2774 3681 2842 quidem
3712 2789 3771 2826 ex
3800 2774 3977 2826 Gallia

2384 2856 2442 2911 P.
2468 2857 2792 2915 Sirinundos
2814 2875 2920 2915 non
2945 2860 3106 2915 modo
3128 2862 3331 2918 indices
3350 2879 3413 2918 ex
3440 2866 3607 2919 tribus
3632 2866 3979 2921 bibliothecis

2384 2964 2522 3017 quas
2563 2950 2696 3016 dixi,
2731 2952 2824 3007 sed
2852 2963 2905 3008 et
2935 2969 3099 3008 unam
3149 2969 3312 3008 manu
3354 2971 3449 3009 sua
3491 2958 3876 3025 transcriptaiu
3913 2963 3981 3013 de

2383 3038 2485 3095 SS.
2537 3042 2790 3108 apostolis
2839 3042 2996 3098 Petro
3029 3055 3076 3098 et
3113 3042 3308 3109 Paulo,
3355 3056 3408 3099 et
3457 3047 3661 3115 aliquot
3712 3050 3979 3115 proteniia

2386 3133 2598 3188 illarum
2634 3151 2752 3204 quae
2798 3137 2933 3192 mihi
2981 3146 3127 3193 tunc.
3146 3140 3369 3194 deerant
3407 3140 3489 3193 vel
3538 3142 3744 3195 incerta
3780 3154 3932 3195 erant
3964 3162 3979 3203 ;

2387 3241 2450 3281 ac
2479 3239 2735 3298 praeterea
2768 3246 2891 3301 quas
2916 3232 3233 3288 humanitas
3260 3235 3312 3287 in
3342 3244 3491 3288 tanto
3526 3236 3643 3289 viro
3662 3247 3715 3289 ct
3740 3239 3982 3290 studium

2386 3320 2703 3387 perﬁciendi
2737 3322 2916 3391 operis
2953 3322 3152 3390 inerat,
3198 3324 3381 3377 studio
3411 3340 3472 3378 ac
3506 3325 3790 3395 diligentia
3822 3342 3987 3380 recn-

2386 3412 2597 3481 peravit
2629 3413 2907 3483 exemplar
2933 3414 3064 3469 illud
3092 3416 3234 3485 quod
3264 3416 3374 3484 jam
3407 3416 3667 3471 amissum
3696 3420 3989 3472 existima-

2388 3502 2565 3567 batur,
2596 3512 2651 3557 et
2679 3504 2743 3558 ad
2778 3518 2864 3559 me
2901 3506 3208 3560 transmisit
3232 3521 3297 3561 ex
3328 3505 3501 3560 Gallia
3547 3508 3837 3561 incolume.
3872 3507 3990 3562 llue

2384 3595 2636 3663 quamvis
2666 3594 2866 3649 nullum
2900 3595 3180 3663 praeferret
3213 3600 3450 3653 auctoris
3480 3599 3720 3665 titulum,
3748 3600 3989 3656 fortasse

2385 3687 2515 3757 quia
2541 3688 2713 3757 prima
2739 3689 2947 3759 pagella
2971 3690 3027 3744 in
3053 3690 3252 3744 multas
3280 3706 3473 3745 manus
3496 3702 3548 3746 et
3573 3693 3686 3747 loca
3719 3696 3989 3750 translata

2389 3796 2453 3835 ac
2487 3781 2682 3834 detrita
2713 3780 3015 3846 interierat,
3047 3792 3228 3838 tamen
3260 3784 3465 3839 contuli
3495 3800 3618 3840 cum
3650 3801 3770 3840 meo
3794 3802 3989 3841 exem-

2388 3874 2548 3944 plari,
2581 3884 2638 3927 nt
2672 3890 2792 3928 cum
2839 3876 3060 3931 easdem
3106 3892 3229 3932 esse
3267 3877 3519 3931 homilias
3568 3880 3988 3947 comperissem,

2389 3967 2744 4021 coulirmatus
2782 3969 2951 4036 magis
2983 3970 3033 4021 in
3080 3970 3181 4024 [ide
3223 3971 3614 4037 exemplarium
3648 3987 3767 4026 sum
3802 3988 3816 4025 :
3853 3976 3993 4040 quin

2388 4070 2441 4114 et
2470 4061 2712 4115 lucratus
2737 4077 2799 4115 ex
2829 4075 2894 4114 eo
2929 4061 3127 4117 multas
3158 4063 3407 4118 homilias
3438 4080 3556 4133 qua:
3590 4064 3643 4116 in
3678 4080 3795 4119 ineo
3822 4066 3990 4119 dees-

2388 4163 2532 4219 sent,
2578 4162 2631 4207 et
2673 4153 2785 4208 loca
2836 4154 3069 4222 plurima
3119 4170 3239 4225 qua:
3291 4156 3341 4209 in
3400 4173 3518 4211 nu-o
3570 4158 3754 4212 itidem
3804 4172 3994 4214 esSent

2389 4247 2683 4310 intercisa,
2742 4246 3080 4315 depravata,
3141 4249 3430 4303 obscurata
3497 4265 3653 4319 posse
3708 4252 3991 4319 suppleri,

2389 4339 2709 4403 emendari.
2768 4340 3031 4394 illustrari
3072 4340 3176 4394 vidi
3220 4351 3320 4395 :et
3373 4358 3494 4397 cum
3546 4342 3597 4396 in
3651 4344 3741 4397 illo
3793 4360 3994 4400 sensus

2388 4440 2573 4486 essent
2619 4430 2814 4501 integri
2858 4432 3029 4500 magis
3071 4440 3123 4485 et
3168 4433 3307 4500 pleni
3340 4448 3501 4499 quam
3535 4434 3587 4486 in
3620 4450 3758 4499 meo,
3797 4436 3846 4487 in
3886 4437 3992 4490 line

2389 4534 2571 4578 autem
2613 4523 2883 4592 scriptura
2926 4523 3039 4592 ipsa
3074 4524 3187 4578 sive
3218 4524 3609 4593 orthographia
3646 4527 3997 4582 emeutlatior

2388 4622 2441 4667 et
2476 4611 2677 4665 clarior
2706 4626 2866 4679 quam
2901 4611 2953 4664 in
2989 4611 3102 4675 illo,
3134 4627 3198 4665 ex
3236 4621 3470 4681 utraque
3508 4614 3651 4683 quod
3690 4624 3809 4667 erat
3844 4615 3997 4671 lace-

2389 4720 2506 4759 rum
2548 4702 2902 4771 mutilumque
2933 4702 3093 4757 refeci
3143 4714 3307 4773 atque
3340 4707 3562 4769 sanari,
3605 4708 3747 4775 quod
3794 4707 3995 4777 depra-

2390 4808 2571 4849 vatum
2621 4796 2858 4861 correxi,
2915 4798 3056 4862 quod
3114 4799 3409 4851 obscurum
3466 4798 3768 4860 illustrari;
3823 4812 3995 4869 atquc

2389 4890 2459 4943 ita
2533 4891 2773 4957 integras
2844 4888 3223 4958 perfectasque
3283 4889 3538 4943 homilias
3598 4892 3994 4948 describendas

2388 4981 2733 5052 edendasqiie
2765 4982 2973 5035 curavi.
3012 4982 3236 5036 Addidit
3275 4994 3531 5051 pra-terea
3568 4982 3624 5036 P.
3660 4983 3696 5035 S
3724 4987 3991 5041 i-iniinilus

2388 5077 2744 5143 exscripsisse
2769 5092 2826 5131 se
2850 5075 3035 5129 Romae
3057 5091 3123 5130 ex
3149 5078 3375 5143 antiquo
3403 5077 3696 5144 exemplari
3731 5078 3987 5133 undecim

2391 5169 2641 5223 homilias
2671 5170 2751 5233 εἰς
2781 5170 2849 5221 τὰ
2880 5168 3103 5232 ὲωθινὰ.
3139 5184 3275 5238 quas
3307 5168 3528 5225 easdem
3575 5172 3735 5224 etiam
3782 5174 3988 5239 reperi,

2394 5263 2501 5317 Deo
2536 5268 2684 5331 operl
2740 5262 3041 5330 aspirante.
3082 5262 3135 5315 in
3188 5264 3558 5316 mentimentis
3595 5279 3621 5315 a
3662 5264 3718 5317 l’.
3757 5264 3991 5319 Octavio

2393 5358 2595 5411 relictis
2620 5365 2671 5411 et
2700 5358 2831 5410 mihi
2866 5357 3100 5412 traditis.
3135 5353 3208 5408 Ex
3242 5357 3438 5423 quibus
3468 5356 3681 5411 collatis
3710 5373 3827 5411 cum
3859 5360 3989 5414 aliis

2393 5449 2616 5503 totidem
2671 5449 2775 5503 mei
2825 5448 3155 5517 exemplaris
3209 5462 3310 5500 non
3362 5464 3547 5515 parum
3600 5448 3731 5502 lueis
3762 5464 3823 5501 ae
3859 5449 3987 5504 fidei

2394 5542 2600 5611 accepi.
2659 5541 2827 5594 Roma
2890 5556 2999 5594 non
3059 5541 3232 5593 solum
3295 5538 3684 5592 conferendum
3752 5540 3989 5594 indicem

2395 5647 2837 5707 argumentorum
2870 5648 2923 5690 et
2970 5636 3365 5705 principiorum
3413 5641 3625 5696 curavi,
3658 5636 3747 5688 sed
3778 5636 3995 5688 exScri-

2395 5732 2599 5785 ιιι-μάθε
2646 5730 2810 5784 etiam
2865 5728 3151 5798 plurimas,
3207 5737 3317 5779 tnui
3370 5742 3508 5793 quas
3554 5742 3659 5781 non
3704 5728 3987 5790 haberem,

2403 5836 2517 5880 tum
2572 5839 2759 5879 earum
2824 5838 2959 5895 quas
3026 5822 3304 5879 haberem.
3360 5819 3425 5875 Et
3478 5820 3695 5891 quidem
3750 5821 3880 5875 duas
3933 5836 3992 5881 ct
