4172 6432
226 336 325 401 125

220 455 409 520 viginti
447 455 689 524 integras
733 456 949 526 accepi;
1001 458 1198 526 quibus
1242 459 1285 511 si
1333 457 1497 510 addas
1543 453 1795 508 undecim

216 554 295 612 ei;
322 550 391 602 τὰ
422 550 622 602 ἑωθινὰ
648 559 702 605 et
736 551 871 606 alias
899 565 1001 604 non
1032 564 1229 617 paucas
1258 551 1327 605 de
1349 550 1573 610 sanctis,
1603 548 1646 601 si
1682 560 1789 600 non

216 658 430 706 omnes,
473 654 623 697 certe
656 643 943 697 maximam
986 651 1191 710 partem
1220 641 1565 696 homiliarum
1588 655 1617 693 e
1649 637 1800 690 Vati-

217 754 349 790 cana
418 737 744 792 bibliotheca
809 737 1155 805 depromptas
1221 734 1396 804 possis
1456 745 1794 802 agnoscere;

216 832 420 900 quibus
455 847 576 885 cum
621 830 951 886 conveniant
988 843 1065 883 ea:
1098 842 1216 896 quae
1249 828 1298 880 in
1341 836 1571 892 utroque
1613 838 1801 877 exem-

218 925 353 990 plari
391 935 503 977 tum
536 925 948 985 Panormitano,
984 931 1092 974 tum
1128 920 1406 974 Gallicauo
1438 917 1536 986 (sic
1568 932 1629 970 ea
1666 928 1796 965 t'Ot'O

216 1018 585 1086 distinguendi
648 1017 867 1086 gratia),
929 1017 995 1069 de
1053 1017 1267 1069 caeteris
1332 1013 1475 1066 idem
1529 1010 1793 1079 judicium

216 1112 457 1178 prudens
504 1111 684 1165 facere
733 1113 943 1177 possis;
983 1117 1038 1164 et
1077 1123 1268 1162 omnes
1313 1106 1533 1176 perinde
1572 1106 1794 1168 habere,

217 1218 279 1256 ac
303 1203 349 1255 si
380 1218 571 1256 omnes
595 1203 814 1256 omnino
841 1203 1050 1256 collatae
1079 1200 1326 1263 fuissent,
1355 1210 1406 1252 et
1430 1214 1494 1252 ex
1523 1197 1794 1250 Vaticana:

215 1295 565 1348 bibliorheca:
605 1294 706 1347 ﬁde
732 1308 763 1346 a
794 1310 877 1347 nte
913 1294 1187 1346 traductas
1228 1291 1638 1360 publicatasque
1667 1302 1793 1340 cen—

213 1400 357 1439 sere.
387 1384 523 1437 Illud
551 1384 712 1438 etiam
746 1385 1043 1439 monuerim
1073 1383 1136 1434 ad
1166 1381 1591 1436 conﬁrmandam
1628 1378 1791 1446 hujus

210 1481 395 1547 aperis
445 1478 626 1539 ﬁdem,
687 1492 790 1531 una
835 1486 1060 1546 excepta
1106 1476 1349 1539 homilia,
1401 1474 1465 1526 de
1498 1473 1792 1541 legisperiio

211 1575 573 1641 interrogante
613 1571 893 1625 Dominum
928 1568 1138 1641 (homil.
1187 1570 1285 1637 XI),
1321 1567 1557 1637 reliquas
1599 1579 1791 1619 omnes

212 1679 277 1717 ex
307 1666 523 1718 duobus
561 1666 847 1731 tribusque
880 1662 1283 1732 exemplaribus
1320 1662 1461 1715 inter
1490 1676 1545 1713 se
1575 1658 1788 1713 collatis

210 1771 238 1809 a
270 1771 357 1810 nte
390 1756 640 1825 proferri.
675 1757 825 1823 Quod
868 1758 918 1810 in
964 1756 1297 1824 singularum
1348 1757 1488 1809 notis
1535 1751 1788 1808 animad-

212 1860 464 1917 vertant;
501 1852 588 1905 ubi
622 1851 829 1905 etiamsi
864 1851 991 1920 quid
1025 1850 1180 1903 lectio
1210 1849 1401 1911 variet,
1434 1849 1477 1903 si
1511 1849 1637 1917 quid
1668 1862 1783 1901 mea

208 1947 528 2016 cetnjectura
562 1956 869 2001 correctum
908 1947 1325 2012 restitutumque
1358 1944 1451 2008 sit,
1484 1943 1525 1997 si
1562 1942 1689 2010 quid
1721 1955 1786 1996 ex

209 2040 467 2093 omnibus
522 2039 847 2093 lectionibus
902 2040 1104 2091 rectius
1169 2036 1418 2091 videatur
1464 2044 1517 2089 et
1569 2032 1784 2097 verius,

208 2135 351 2203 quod
395 2143 577 2188 tamen
614 2134 686 2187 sit
717 2131 949 2200 alicujus
991 2130 1268 2194 momenti,
1307 2126 1627 2184 admonebo.

640 2246 669 2320 ᾗ
708 2247 792 2303 lll.
829 2248 973 2303 Ordo
1006 2245 1365 2302 Iaontiliarum.

278 2367 398 2420 Non
431 2377 515 2421 est
546 2364 652 2419 alia
687 2365 854 2419 series
894 2364 1083 2418 barum
1124 2363 1491 2428 homiliarum,
1526 2375 1688 2430 quam
1720 2375 1784 2414 ea

210 2474 315 2526 qua
353 2468 488 2513 sunt
536 2458 813 2528 evangelia
857 2472 952 2526 per
990 2458 1106 2511 dies
1158 2457 1464 2511 Dominicos
1515 2454 1787 2520 testesque

210 2559 524 2604 sanctorum
552 2565 645 2616 per
667 2564 867 2603 annum
890 2548 1203 2604 Graecorum
1242 2550 1347 2600 ritu
1388 2547 1611 2615 digesta.
1641 2545 1787 2600 Cou-

208 2650 316 2696 stat
344 2654 526 2697 autem
566 2657 672 2695 non
706 2642 879 2696 solum
914 2642 978 2694 ὲκ
1012 2641 1105 2693 τοῦ
1133 2638 1652 2711 Εὑαγγελισταρῑου,
1683 2640 1786 2693 hoc

210 2748 310 2799 est,
344 2737 487 2789 libro
517 2751 627 2805 quo
665 2736 934 2801 evangelia
980 2735 1245 2802 descripta
1278 2741 1405 2788 sunt
1444 2733 1494 2786 in
1528 2731 1785 2796 Liturgiis

212 2829 517 2892 tecitanda,
550 2844 647 2883 nec
684 2844 750 2881 ex
777 2827 994 2881 Blenmis
1016 2826 1212 2889 solum,
1267 2826 1320 2878 in
1362 2825 1558 2892 quibus
1597 2837 1784 2892 preces

207 2930 261 2972 et
290 2917 474 2988 hymni
502 2926 811 2971 sanctorum
835 2930 933 2985 per
957 2928 1167 2967 menses
1196 2913 1464 2982 dispositi,
1503 2912 1594 2965 sed
1621 2910 1783 2963 etiam

209 3027 270 3063 ex
324 3019 519 3064 nostro
550 3006 882 3075 Theophane
941 3008 992 3061 in
1046 3005 1265 3060 homilia
1321 3004 1479 3072 cujus
1525 3004 1781 3057 initium:

219 3100 549 3169 Ἐπειδήπερ
602 3098 778 3168 ἀρχὴν
827 3097 1042 3167 εἰλήφει
1072 3100 1314 3166 σήμερον
1348 3095 1551 3164 (ltomil.
1582 3094 1655 3158 v),
1675 3107 1783 3162 quo

207 3192 396 3245 ordine
431 3192 715 3259 evangelia
748 3191 1038 3244 distributa
1075 3190 1204 3243 sint.
1233 3188 1491 3240 lnchoant
1520 3187 1663 3239 enim
1687 3201 1783 3237 an-

210 3301 334 3337 num
365 3285 801 3339 ecclesiasticum
833 3301 860 3336 a
893 3281 1230 3350 Septembri;
1269 3290 1322 3333 et
1355 3280 1631 3335 Dominira
1651 3285 1782 3345 ‘post

208 3378 605 3431 Esaltationem
660 3387 862 3431 sanctze
893 3376 1071 3430 crucis
1116 3390 1182 3429 ex
1219 3376 1277 3428 S.
1311 3373 1449 3427 Luca
1484 3372 1659 3439 legere
1696 3372 1780 3424 in-

205 3471 437 3538 cipiunt,
475 3484 649 3535 usque
672 3469 737 3521 ad
765 3467 1280 3537 Quadragesimam:
1311 3481 1417 3535 quo
1448 3475 1687 3532 tempore
1708 3478 1773 3516 ex

205 3564 385 3617 Marco
412 3576 583 3631 usque
616 3562 679 3614 ad
707 3559 944 3620 Pascha;
973 3560 1099 3611 hinc
1120 3572 1291 3624 usque
1322 3557 1387 3611 ad
1420 3556 1775 3609 Peutecosten

207 3672 269 3707 es
326 3654 578 3707 Joanne:
612 3652 806 3704 exinde
836 3664 900 3703 ex
934 3648 989 3702 S.
1021 3646 1293 3711 Mutthzeo,
1326 3662 1432 3715 quo
1458 3646 1642 3699 orbem
1680 3661 1779 3697 an-

205 3760 367 3798 nuum
423 3742 682 3797 claudunt
717 3742 768 3795 in
817 3741 1078 3809 Augusto.
1125 3738 1278 3803 Quod
1310 3738 1477 3793 etiam
1513 3739 1566 3790 in
1597 3738 1780 3791 codice

208 3842 469 3894 Vaticano
502 3848 626 3908 post
657 3839 933 3891 homiliam
972 3836 1045 3889 De
1074 3845 1258 3889 sancto
1290 3833 1500 3887 Joanne
1532 3832 1777 3903 Baptista

208 3933 422 4002 (hontil.
453 3932 566 4000 ιιι)
590 3945 709 3998 quae
731 3930 937 3996 incipit,
965 3928 1158 3989 Καλῶς
1194 3928 1508 3997 ἐφήρμοσεν
1539 3928 1572 3995 ἠ
1603 3926 1775 3991 τάξις,

209 4026 532 4077 adnotatum
566 4031 651 4075 est
687 4022 771 4074 his
796 4022 996 4082 verbis,
1020 4021 1222 4073 ’ἰστέον
1260 4021 1341 4071 ὅτι
1370 4018 1474 4081 ἕως
1501 4010 1603 4071 ὧδε
1639 4017 1779 4085 πλη-

203 4116 390 4185 ροῦται
406 4116 469 4168 τὸ
496 4115 814 4185 μηνο).όγιον
842 4113 948 4166 ἀπὺ
962 4112 1055 4165 τοῦ
1076 4113 1245 4163 Σεπτε
1256 4110 1329 4180 μϐ
1336 4113 1454 4180 ρίου
1475 4111 1776 4181 ἀρχόμενον

199 4211 358 4260 οἱονεὶ
399 4210 497 4259 καὶ
544 4208 606 4258 τὸ
661 4206 815 4267 τέλος
858 4206 950 4257 τοῦ
1001 4204 1314 4272 Αὐγούστου
1375 4204 1773 4273 τελειούμενον.

202 4299 513 4360 Sciendum,
544 4303 683 4365 quod
716 4300 801 4350 hic
822 4298 1012 4350 desinit
1051 4297 1400 4365 ntenologium
1427 4312 1457 4347 a
1487 4294 1775 4365 Septembri

199 4394 453 4459 incipiens
491 4400 540 4445 et
594 4392 648 4443 in
700 4391 806 4457 ﬁne
848 4390 1074 4460 Augusti
1112 4389 1445 4457 completum.
1476 4389 1653 4461 Atque
1688 4388 1775 4441 hic

198 4487 333 4538 ordo
366 4486 689 4552 plerumque
722 4491 932 4536 constat
962 4482 1012 4535 iu
1037 4482 1287 4535 omnibus
1326 4481 1604 4535 codicibus
1638 4494 1770 4534 mss.

198 4580 287 4642 qui
334 4590 526 4628 omnes
561 4574 822 4642 incipiunt
869 4574 934 4626 ab
962 4572 1181 4627 homilia
1217 4573 1299 4635 εἰς
1346 4572 1446 4641 τὴν
1489 4572 1771 4637 Ἰνδικτον,

198 4668 316 4737 ἤτοι
352 4666 532 4736 ἀρχὴν
563 4664 657 4718 τοῦ
681 4668 804 4719 νέου
843 4663 1021 4729 ἔτους,
1062 4680 1181 4733 qua:
1208 4674 1293 4719 est
1320 4665 1389 4719 de
1422 4678 1607 4718 mense
1636 4664 1771 4731 Sep-

202 4758 420 4819 tembri,
468 4768 524 4810 et
562 4757 836 4818 desinunt,
894 4757 1035 4824 quod
1090 4757 1155 4808 ad
1203 4756 1481 4824 evangelia
1531 4756 1773 4825 κυριακά

200 4849 394 4901 attinet
416 4886 435 4911 ,
486 4849 539 4899 in
573 4860 691 4899 eam
726 4860 848 4911 qua:
879 4844 1050 4898 estde
1077 4845 1235 4896 divite
1270 4845 1628 4912 interrogante
1663 4842 1771 4893 Do-

197 4941 397 4991 minum
440 4936 650 5006 (ltomil.
680 4934 843 5004 xcv);
874 4935 1018 5005 quod
1056 4949 1185 4989 vero
1225 4937 1291 4986 ad
1340 4935 1504 4999 festa,
1552 4935 1601 4986 in
1649 4947 1768 4987 eam

196 5048 316 5100 qua:
349 5039 437 5085 est
465 5032 529 5082 de
559 5029 618 5084 S.
648 5028 878 5083 Joannis
906 5028 1162 5097 Baptista:
1185 5027 1534 5081 decollatione
1556 5029 1765 5097 (ltomil.

197 5127 331 5189 tu),
368 5124 425 5175 in
465 5121 619 5189 cujus
653 5123 915 5189 protentio
952 5123 1066 5190 ipse
1107 5121 1465 5189 Theophanes
1506 5121 1634 5174 illud
1669 5120 1768 5174 ad-

200 5217 379 5277 vertit,
420 5222 567 5266 recte
600 5213 653 5265 in
686 5214 805 5281 ipso
835 5212 892 5267 8.
921 5213 1263 5267 Ρηοουηοτθ
1298 5212 1433 5265 ﬁniri
1467 5226 1691 5276 annum,
1716 5219 1770 5265 et

195 5306 392 5358 exinde
442 5318 638 5356 novum
694 5304 961 5369 inchoari,
1017 5305 1160 5372 quod
1207 5305 1320 5371 ipse
1364 5302 1528 5358 fuerit
1558 5306 1768 5357 medius

195 5398 333 5450 inter
386 5405 627 5448 veterem
672 5394 842 5464 legem
877 5406 933 5449 et
976 5410 1193 5449 novam.
1232 5394 1383 5450 Hunc
1411 5398 1655 5450 ordinem
1687 5398 1763 5451 ri-

195 5500 422 5558 tumque
448 5489 851 5558 evangeliorum
879 5492 1042 5544 etiam
1070 5492 1307 5545 retinere
1339 5492 1390 5543 in
1427 5499 1611 5543 nostro
1632 5491 1767 5543 libro

195 5584 371 5638 visum
421 5596 661 5650 equum,
718 5582 973 5636 nimirum
1030 5592 1091 5637 ut
1138 5584 1444 5652 antiquitati
1496 5582 1670 5637 Patris
1714 5592 1769 5638 et

192 5673 436 5725 codicum
474 5671 781 5725 auctoritati
820 5683 876 5725 ct
908 5670 1098 5726 Grzeco
1124 5673 1289 5725 veteri
1327 5673 1453 5725 ritui
1487 5672 1636 5727 locus
1668 5675 1764 5727 da-

194 5775 338 5817 retur
360 5780 514 5819 suus.
541 5763 673 5818 Nam
694 5764 909 5820 etiamsi
944 5767 1009 5820 ad
1033 5764 1288 5820 Romana:
1309 5765 1562 5821 Ecclesiae
1596 5768 1756 5823 ritum

1200 340 1605 403 FRANCISCI
1643 337 1912 398 SCORSI
1950 340 2383 411 PROCEMIUM
2418 352 2530 415 ΙΙΙ.

3374 358 3478 426 1‘26

1905 461 2335 535 positionemque
2395 469 2799 540 evangeliorum
2846 473 2896 527 in
2955 487 3019 530 ea
3079 474 3332 530 usitatam
3379 494 3476 533 eas

1906 554 2162 609 ordinare
2196 559 2576 627 voluissemus,
2608 579 2706 619 nec
2726 579 2915 620 omnes
2944 582 3224 623 sermones
3249 568 3471 636 esplere

1905 646 2212 702 Doutinicos
2237 649 2510 720 festosque
2540 656 2838 720 potuissent
2867 658 3003 721 dies,
3028 668 3081 713 et
3105 659 3295 727 aliqua:
3316 666 3471 711 extra

1902 739 2209 793 Dominicas
2228 739 2503 810 festosque
2524 747 2705 814 vagari
2730 746 3062 801 debuissent.
3085 747 3156 803 Ut
3178 750 3319 804 cuitu
3344 764 3466 803 cum

1900 838 2087 883 nostro
2140 832 2245 884 ritu
2302 834 2629 888 conveniant
2683 836 2883 906 aliqua,
2945 838 3093 907 plura
3142 839 3468 906 discrepent,

1901 932 2080 974 tamen
2113 937 2289 991 neque
2329 926 2558 979 multum
2589 927 2853 983 interesse
2881 932 2947 982 ad
2974 931 3261 984 utilitatem
3301 930 3469 984 lecto-

1897 1030 2015 1068 rum
2046 1014 2215 1068 visum
2269 1025 2353 1069 est
2402 1032 2568 1072 suone
2620 1033 2685 1071 an
2728 1030 2911 1075 nostro
2949 1022 3349 1076 collocarentur
3375 1037 3471 1074 or-

1897 1106 2042 1171 dine,
2104 1121 2225 1159 cum
2293 1107 2430 1161 satis
2484 1109 2532 1162 ei
2590 1110 2899 1163 consultum
2947 1121 3087 1164 esset
3142 1112 3185 1166 si
3236 1112 3467 1165 iudicem

1894 1199 2223 1267 peculiarem
2250 1201 2649 1268 evangeliorum
2680 1202 2938 1256 Romanae
2980 1202 3231 1257 Ecclesia:
3263 1203 3471 1257 dest-ri:

1896 1288 2169 1349 heremus,
2222 1292 2274 1340 in
2326 1290 2523 1355 quibus
2569 1292 2724 1357 hujus
2770 1290 2943 1345 Patris
2989 1294 3259 1360 expositio
3299 1292 3469 1359 possit

1895 1378 2101 1433 haberi.
2160 1378 2538 1435 Verumtamen
2590 1382 2751 1435 etiam
2796 1383 3055 1447 optimum
3102 1382 3247 1435 far-tu
3292 1382 3465 1435 visum

1890 1479 1994 1533 est,
2038 1480 2094 1522 ut
2124 1471 2376 1526 homilias
2403 1472 2454 1525 in
2487 1470 2762 1542 evangelia
2796 1472 3142 1526 Dominicalia
3184 1473 3467 1542 disjunge-

1892 1577 2071 1616 remus
2113 1562 2182 1616 ab
2234 1564 2299 1616 iis
2341 1578 2459 1631 quae
2497 1573 2623 1618 sunt
2704 1564 2753 1617 in
2806 1562 2946 1619 festa
3035 1577 3368 1627 sanctorum,
3410 1574 3468 1617 ttt

1891 1662 2242 1721 utrarumque
2308 1654 2601 1706 ἀκολουθία
2656 1658 2990 1709 commodior
3048 1666 3103 1708 et
3161 1656 3460 1709 evidentior

1891 1750 2054 1797 esset.
2112 1743 2430 1812 Quanquam
2468 1744 2613 1798 enim
2656 1744 2890 1798 homiliae
2928 1746 2978 1797 in
3023 1745 3299 1814 evangelia
3331 1758 3460 1798 san.

1890 1845 2100 1891 ctorum
2141 1838 2252 1889 sint
2296 1834 2593 1902 interjecta:
2628 1834 2922 1890 Dominicis
2968 1835 3196 1902 diebus,
3249 1849 3463 1890 servato

1890 1931 2078 1984 eodem
2105 1929 2229 1982 anni
2264 1929 2518 1990 decursu,
2555 1936 2732 1983 tamen
2761 1929 2970 1981 variant
2997 1928 3223 1982 miriﬁce
3250 1928 3465 1982 codices

1892 2023 1944 2075 in
1979 2022 2063 2075 his
2091 2021 2230 2075 inter
2256 2034 2314 2073 se
2340 2019 2680 2083 ordinaudis,
2706 2028 2764 2071 ut
2798 2019 2849 2072 in
2885 2018 3005 2072 aliis
3044 2017 3143 2071 alia
3172 2017 3459 2086 praecedat,

1890 2116 1999 2170 alia
2035 2114 2417 2182 subsequatur.
2451 2111 2633 2179 Quare
2663 2127 2782 2166 cum
2809 2126 2981 2180 neque
3009 2122 3192 2164 certus
3218 2125 3282 2163 ex
3315 2109 3465 2164 codi-

1888 2209 2042 2263 cibus
2078 2207 2238 2261 statui
2273 2206 2445 2275 possit
2478 2204 2633 2269 ordo,
2679 2218 2777 2259 nec
2821 2212 2968 2258 esset
3021 2201 3207 2270 religio
3247 2201 3462 2256 illormu

1886 2302 2135 2357 deserere
2166 2298 2511 2363 ἀκολουθίαν,
2546 2297 2703 2349 modo
2733 2294 3011 2349 commoda
3038 2294 3214 2362 aliqua
3244 2303 3297 2348 ct
3322 2310 3458 2348 cou-

1884 2404 2147 2448 sentanea
2181 2392 2577 2454 institueretur,
2606 2390 2673 2441 ab
2705 2387 2890 2449 alteris
2918 2387 3121 2440 alteros
3151 2386 3464 2456 discerpere

1886 2486 2057 2540 satius
2104 2484 2388 2545 duximus,
2434 2489 2489 2535 et
2533 2481 2683 2547 quasi
2729 2478 3021 2531 secundum
3055 2484 3256 2530 tomum
3285 2485 3339 2530 et
3366 2492 3464 2531 no-

1886 2589 2011 2627 vum
2045 2572 2256 2625 initium
2290 2568 2478 2625 facere
2503 2571 2569 2622 ab
2611 2566 2830 2620 humilia
2876 2565 2941 2618 de
2976 2577 3163 2619 sancto
3199 2564 3461 2620 Demetrio

1884 2665 2096 2733 (homil.
2130 2664 2297 2732 xLVI).
2326 2662 2648 2730 Quanquam
2677 2659 2765 2712 illa
2798 2673 2920 2727 qua:
2948 2668 3032 2712 est
3071 2661 3127 2712 in
3162 2659 3291 2711 anni
3313 2659 3463 2721 prin-

1884 2759 2100 2827 cipium,
2156 2772 2278 2810 cum
2333 2756 2403 2809 sit
2449 2764 2611 2822 caput
2658 2769 2762 2807 non
2807 2754 2982 2809 solum
3032 2752 3316 2813 festorum,
3366 2750 3459 2803 sed

1884 2850 2046 2905 etiam
2080 2848 2507 2909 Dominicarum,
2530 2846 2887 2914 stabilemque
2919 2846 3100 2898 sedent
3126 2843 3178 2896 in
3202 2842 3458 2897 omnibus

1884 2941 2160 2996 codicibus
2192 2940 2407 3004 habeat,
2448 2939 2625 3008 primo
2676 2938 2857 2991 itidem
2907 2936 3024 2990 loco
3061 2935 3364 3004 posuimus.
3397 2941 3456 2986 ttt

1881 3038 2120 3091 oumium
2167 3035 2394 3088 chorum
2442 3034 2691 3096 duceret;
2738 3040 2999 3100 praeterea
3047 3027 3322 3081 homiliam
3358 3040 3456 3079 seu

1880 3130 2058 3197 potius
2080 3125 2380 3181 orationem
2399 3126 2452 3178 in
2484 3124 2865 3178 EIaltationem
2887 3130 3080 3174 sanctae
3104 3117 3310 3173 Crucis.
3338 3129 3457 3183 qua:

1881 3232 2012 3271 sane
2035 3217 2100 3270 de
2123 3218 2262 3271 festo
2289 3224 2389 3279 est,
2409 3230 2529 3269 cum
2554 3224 2757 3267 certam
2792 3211 2971 3265 itidem
2992 3210 3235 3263 videatur
3260 3207 3457 3260 habere

1879 3308 2064 3363 sedem
2104 3309 2155 3362 in
2215 3306 2492 3361 codicibus
2526 3306 2777 3359 omnibus
2813 3314 2931 3371 post
2964 3300 3290 3355 Dontiuicam
3318 3310 3454 3366 pra:-

1879 3402 2159 3454 cedentem
2213 3399 2314 3452 hoc
2370 3397 2586 3462 festum,
2646 3407 2701 3451 et
2753 3411 2862 3464 quo
2906 3394 3077 3447 ambae
3108 3390 3341 3445 homilie
3385 3389 3453 3442 ad

1883 3492 1939 3545 S.
1978 3505 2195 3545 crucem
2225 3489 2556 3557 pertinentes
2598 3502 2657 3541 se
2703 3486 2933 3539 invicem
2967 3489 3451 3550 consequerentur,

1881 3599 1997 3638 eam
2052 3597 2170 3650 quae
2205 3583 2269 3635 de
2318 3580 2456 3635 festo
2502 3589 2587 3633 est
2616 3577 2974 3631 adnexuimus
3013 3575 3059 3628 ei
3102 3588 3222 3642 quae
3252 3579 3337 3625 est
3385 3570 3452 3622 de

1884 3676 2196 3739 Dominica;
2256 3672 2493 3740 reliquas
2542 3685 2732 3724 omnes
2774 3666 3148 3736 seposuimus,
3213 3671 3271 3716 ut
3316 3658 3449 3714 dixi.

1880 3766 2126 3821 Humilia:
2160 3766 2239 3825 εἰς
2260 3764 2327 3816 τὰ
2352 3762 2573 3824 ἑωθινὰ,
2608 3760 2709 3813 hoc
2733 3765 2841 3819 est,
2890 3758 2943 3809 in
2964 3754 3205 3808 undecim
3230 3749 3451 3803 matuti-

1879 3858 2023 3911 nalia
2055 3854 2349 3924 evangelia,
2399 3851 2645 3919 quamvis
2696 3849 2838 3902 inter
2882 3844 3243 3901 Dominicalcs
3267 3855 3453 3896 recen-

1876 3950 1983 4003 seri
2018 3948 2260 4019 possint,
2322 3954 2503 3999 tamen
2552 3951 2837 4012 postremae
2889 3939 3130 3995 omnium
3182 3937 3235 3990 in
3291 3936 3451 3991 codd.

1877 4041 2275 4094 describuntur.
2307 4036 2374 4090 lis
2408 4043 2633 4088 utuntur
2665 4032 2837 4087 Graeci
2868 4046 2972 4083 non
3014 4030 3064 4082 iu
3097 4027 3358 4095 Liturgia,
3392 4035 3452 4078 ut

1876 4131 2117 4196 caeteris,
2149 4131 2241 4183 sed
2282 4129 2333 4181 in
2377 4125 2567 4181 Olllcio
2614 4124 2919 4185 matutino,
2975 4123 3077 4174 hoc
3128 4121 3350 4182 ordine,
3393 4126 3453 4170 ut

1876 4220 2115 4287 singulas
2142 4218 2368 4287 singulis
2414 4214 2712 4269 Dominicis
2755 4214 3015 4276 recitent,
3068 4211 3390 4279 incipientes
3420 4222 3450 4260 a

1878 4313 2055 4383 primo
2088 4326 2259 4380 usque
2312 4310 2379 4362 ad
2428 4309 2771 4361 undecimum
2817 4321 2830 4357 :
2875 4304 3073 4372 quibus
3123 4301 3353 4370 expletis
3400 4301 3453 4359 in

1877 4409 2061 4471 orbem
2093 4407 2342 4471 redeunt,
2374 4414 2537 4467 atque
2584 4403 2653 4456 ita
2690 4415 3015 4469 unoquoque
3054 4397 3334 4452 Dominico
3368 4396 3455 4447 die

1880 4517 2041 4555 unum
2082 4516 2150 4553 ex
2199 4498 2281 4553 his
2333 4497 2629 4566 evangeliis
2664 4496 2868 4565 legunt,
2915 4504 3075 4563 prout
3118 4491 3327 4546 incidit.
3364 4488 3455 4544 Εω

1880 4595 2043 4663 igitur
2078 4592 2311 4647 homilite
2347 4605 2471 4645 cum
2520 4604 2686 4642 unum
2722 4588 3039 4643 contineant
3073 4593 3450 4653 argumentum

1878 4685 2318 4739 Resurrectionis
2353 4682 2581 4743 Christi,
2632 4688 2753 4748 post
2793 4679 3069 4733 homiliam
3102 4677 3165 4729 de
3192 4674 3453 4729 Passione

1876 4776 2148 4831 collocare
2190 4775 2361 4827 visum
2421 4783 2501 4826 est
2537 4781 2783 4836 rectum,
2840 4771 2941 4825 hac
2985 4769 3098 4836 ipsa
3138 4769 3203 4821 de
3250 4781 3449 4829 causa,

1877 4867 2001 4936 quia
2031 4867 2097 4920 de
2121 4862 2537 4918 Resurrectione
2569 4870 2731 4923 sunt;
2765 4874 2900 4927 quas
2932 4858 3128 4911 deinde
3169 4855 3451 4909 commode

1875 4963 2287 5025 consequuntur
2319 4950 2553 5006 homilia:
2583 4952 2646 5003 de
2680 4950 3004 5003 Ascensione
3058 4957 3113 5001 et
3160 4948 3223 4998 tle
3260 4945 3450 4999 Pente-

1874 5060 2037 5114 coste,
2070 5059 2375 5116 quanquam
2418 5044 2559 5095 inter
2587 5042 2688 5095 has
2723 5050 2775 5094 et
2808 5056 2900 5095 eas
2946 5042 3010 5093 de
3052 5040 3449 5093 Resurrectiaue
3515 5025 3519 5029 ’

1875 5138 2207 5191 intercurrat
2261 5132 2481 5187 homilia
2536 5133 2601 5184 de
2652 5128 3030 5194 Samaritana,
3087 5144 3208 5197 quae
3254 5139 3335 5183 est
3380 5143 3447 5181 ex

1872 5226 2160 5297 Evangelia
2218 5225 2280 5278 8.
2322 5222 2569 5283 Joannis,
2624 5231 2677 5276 et
2736 5220 3010 5275 Detuittica
3066 5231 3187 5287 post
3237 5220 3445 5273 Pascha

1872 5319 2091 5387 legitur.
2153 5316 2230 5368 Ad
2284 5314 2418 5377 lucc,
2472 5312 2688 5366 hontilia
2748 5314 2811 5364 de
2874 5312 3182 5364 Ascensicne
3234 5310 3444 5362 Domini

1874 5408 2012 5461 idem
2067 5407 2229 5459 habet
2277 5401 2615 5471 evangeliqu
2666 5410 2825 5469 atque
2870 5414 2932 5453 ea
2978 5413 3096 5466 qu:e
3146 5398 3201 5450 in
3241 5410 3441 5451 sextum

1870 5492 2217 5555 matutinum,
2246 5505 2366 5558 qua:
2401 5503 2565 5541 causa
2600 5500 2682 5542 est
2723 5504 2820 5541 cur
2853 5504 2882 5541 a
2924 5502 3149 5542 numero
3190 5488 3440 5540 undecim

1873 5581 2348 5640 homiliarumhmc
2369 5579 2530 5643 absit,
2559 5588 2767 5633 servata
2796 5588 2975 5632 tamen
3009 5580 3060 5633 iu
3086 5577 3438 5647 sequentibus
3493 5605 3496 5609 ~

1872 5676 2079 5730 numeri
2114 5674 2351 5735 ratione;
2388 5680 2442 5724 at
2474 5671 2596 5739 quia
2630 5669 2716 5723 illa
2751 5670 3073 5737 procemium
3098 5670 3341 5723 continuet
3373 5671 3438 5721 de

1875 5768 2012 5821 testo
2040 5765 2127 5822 die
2157 5763 2523 5829 Ascensionis,
2557 5762 2746 5817 eodem
2783 5762 2971 5818 ordine
3006 5762 3314 5818 collocanda
3336 5760 3435 5815 fuit
