4172 6432
728 313 827 377 127

726 439 833 490 quo
860 422 1120 476 Ascenslo
1147 419 1404 489 pnecedit
1434 417 1815 472 Pentecosten.
1864 418 1998 471 Illud
2027 428 2297 487 postremo

726 516 779 567 in
810 515 911 567 hoc
946 514 1281 581 paragrapho
1324 508 1658 563 admonitum
1697 508 1947 562 lecwrem
1980 508 2161 572 velim,
2202 523 2300 561 ne-

724 619 827 672 que
854 620 1043 657 omnes
1076 602 1322 655 homilias
1349 615 1484 667 quas
1522 600 1791 653 edidimus
1833 599 1982 666 (sunt
2010 612 2185 651 autem
2216 600 2297 652 ille

724 712 856 763 quas
889 710 985 761 pro
1024 694 1204 746 studio
1245 691 1631 759 diligentiaque
1667 701 1845 743 noetra
1881 700 1935 743 et
1985 690 2295 755 adjumento

724 788 1021 839 amicorum
1054 784 1229 837 adhuc
1259 783 1524 844 adhibito,
1557 781 1792 849 reperire
1817 784 2085 847 potuimus
2121 782 2173 834 in
2212 782 2293 834 bi-

726 877 1043 936 bliothecis,
1098 876 1378 943 sem-ginta
1430 872 1564 941 dure)
1616 872 2028 927 Dmninimtliunl
2083 871 2291 925 dierum

725 983 1007 1020 numerum
1036 977 1089 1020 et
1111 967 1283 1018 locum
1308 963 1546 1031 explere,
1566 964 1723 1015 sicuti
1759 978 1929 1029 neque
1951 972 2289 1025 sanctorum;

724 1060 816 1111 sed
846 1059 1041 1111 multas
1074 1059 1261 1108 deesse
1304 1053 1648 1107 manifestum
1692 1063 1791 1107 est.
1852 1052 1914 1105 Et
1949 1053 2162 1120 quidem
2193 1054 2290 1104 ho-

725 1153 885 1205 miliu:
929 1151 978 1203 in
1024 1149 1079 1202 S.
1112 1148 1270 1202 Lucae
1308 1149 1584 1213 evangelia
1626 1148 1874 1198 videnlur
1914 1162 2035 1200 esse
2081 1146 2291 1201 ca'teris

724 1242 925 1307 plures,
958 1255 1263 1309 quanquam
1298 1239 1518 1291 hontilia
1552 1240 1602 1289 in
1635 1239 1922 1290 secundum
1961 1237 2288 1290 Dominicam

720 1347 840 1398 qua:
884 1341 987 1388 est,
1038 1328 1229 1391 Καθὼς
1261 1328 1443 1381 θέλετε
1482 1329 1567 1381 ἵνα
1596 1326 1821 1379 ποιῶσιν
1854 1329 2004 1395 ἡμῖν,
2043 1339 2171 1389 etc.,
2224 1344 2287 1380 ex

718 1439 837 1490 cap.
872 1438 923 1476 vt
963 1422 1021 1475 S.
1056 1420 1215 1475 Luca:
1248 1431 1305 1475 ut
1341 1422 1555 1487 ponitur
1603 1420 1654 1473 in
1696 1420 2139 1487 Evangelistario,
2176 1421 2292 1474 sine

719 1518 879 1567 dubio
904 1518 1073 1569 deest.
1118 1516 1179 1568 Et
1211 1530 1278 1567 ne
1314 1516 1377 1567 de
1410 1514 1633 1581 singulis
1662 1528 1882 1566 examen
1913 1513 2174 1567 habeatur
2198 1514 2293 1567 ad-

720 1608 1003 1669 amnssim,
1038 1606 1179 1671 quod
1218 1606 1436 1672 lOngnm
1459 1614 1621 1665 esset,
1656 1619 1827 1671 neque
1860 1605 1989 1654 lauti
2016 1616 2121 1666 est,
2143 1616 2291 1659 certe

720 1698 769 1747 in
806 1696 1043 1748 homiliis
1074 1711 1140 1748 ex
1189 1694 1247 1749 S.
1290 1694 1519 1757 Joanne,
1551 1710 1667 1761 qua:
1702 1706 1819 1761 pust
1853 1693 2055 1747 Pascha
2098 1695 2288 1763 legun-

720 1799 826 1847 tur,
866 1788 1041 1840 solnm
1079 1802 1141 1839 ea
1178 1795 1424 1853 superest
1459 1800 1579 1851 qua:
1626 1795 1709 1838 est
1748 1786 1809 1837 de
1838 1784 2204 1850 Samaritana,
2234 1795 2288 1840 et

715 1895 779 1929 ex
813 1878 1048 1931 homiliis
1075 1878 1127 1930 iu
1161 1877 1441 1945 evangelia
1477 1876 1533 1930 S.
1564 1875 1823 1941 Maltlnei,
1853 1892 1972 1946 quae
2003 1891 2120 1947 post
2151 1878 2288 1933 Pen-

718 1980 958 2024 tecosten
1010 1971 1191 2039 plures
1244 1981 1402 2031 sunt,
1462 1985 1645 2038 paucae
1713 1970 1999 2022 admodum
2051 1982 2283 2026 exstant.

720 2063 1017 2116 Factunme
1054 2063 1103 2115 id
1152 2065 1222 2115 sit
1266 2065 1391 2131 quia
1433 2064 1593 2116 dicta:
1625 2077 1728 2115 non
1772 2070 1896 2115 sunt
1947 2062 2031 2115 vel
2072 2071 2287 2129 propter

722 2155 925 2207 astatis
958 2155 1184 2218 calores,
1220 2154 1301 2208 vel
1333 2164 1550 2222 propter
1584 2155 1880 2207 absentiam
1917 2156 2187 2222 episcopi:
2219 2171 2285 2208 an

715 2246 842 2311 quia
898 2246 1056 2297 dit-lae
1102 2245 1314 2310 quidem
1349 2282 1363 2305 ,
1434 2260 1539 2296 non
1620 2253 1794 2296 tamen
1853 2244 2166 2312 exscripta},
2204 2246 2285 2299 vel

715 2335 999 2403 ClSt'I‘ipltc
1048 2334 1326 2403 profecto,
1393 2337 1485 2389 sed
1538 2335 1877 2403 interierint,
1935 2336 2017 2391 vel
2084 2337 2286 2393 lateant

715 2428 890 2478 adiun-
925 2428 975 2478 in
1010 2427 1185 2494 aliqua
1222 2428 1544 2481 bibliotheca
1581 2444 1755 2497 neque
1793 2429 1857 2481 ad
1888 2440 2129 2482 nostram
2162 2446 2286 2498 per-

715 2518 965 2569 venerint
996 2518 1265 2577 notitiam,
1306 2532 1409 2570 non
1456 2518 1626 2571 habeo
1677 2530 1882 2572 certum
1914 2521 2053 2589 quod
2085 2522 2282 2575 dicam.

720 2609 982 2661 llomilias
1022 2612 1073 2661 in
1113 2609 1195 2661 lll-l
1237 2613 1416 2671 verba,
1453 2610 1685 2664 Lucerna
1718 2616 1951 2679 corporis
1978 2624 2055 2667 est
2102 2617 2284 2670 Oculus

714 2711 768 2753 et
796 2700 849 2752 in
888 2700 1090 2767 reliqua
1137 2702 1365 2768 ejusdem
1398 2703 1671 2770 euangelii,
1721 2704 1773 2756 in
1811 2702 2116 2759 Dominicas
2162 2716 2282 2775 post

715 2791 1070 2845 l’enteeosteu
1107 2791 1381 2859 conjicere
1411 2794 1582 2846 visum
1615 2800 1696 2869 est
1734 2808 1853 2845 cum
1894 2793 2001 2848 sint
2029 2810 2092 2848 ex
2120 2811 2283 2849 evan-

715 2883 855 2950 gelio
896 2882 955 2935 S.
990 2882 1245 2945 Manlian,
1287 2884 1385 2937 etsi
1424 2885 1476 2936 in
1520 2883 1697 2937 multis
1736 2883 1895 2938 codd.
1946 2886 2283 2952 reperiantur

717 2973 857 3025 inter
886 2988 981 3025 eas
1013 2988 1130 3041 qua:
1158 2985 1283 3028 sunt
1313 2974 1365 3027 in
1396 2972 1458 3027 D.
1489 2972 1711 3027 Lucam.
1746 2974 1874 3038 Sed,
1910 2983 1967 3027 ut
1992 2975 2124 3040 dixi,
2160 2991 2281 3029 cum

718 3074 930 3117 constet
955 3064 1089 3116 ordo
1135 3062 1261 3116 anni
1309 3078 1417 3130 quo
1462 3065 1819 3133 disponuntur
1845 3067 2144 3135 evangelia,
2178 3083 2282 3122 non

718 3164 898 3207 tmnen
928 3154 1260 3223 singulorum
1290 3154 1530 3219 Εὐταξέα
1558 3155 1610 3209 in
1646 3156 1805 3211 codd.
1830 3167 2051 3225 apparet
2078 3176 2092 3211 :
2122 3173 2287 3226 quare

716 3253 861 3298 recta
900 3246 1108 3298 ratione
1140 3245 1470 3314 arbitrioque
1502 3256 1686 3299 nostro
1716 3248 1797 3299 usi
1829 3262 2047 3315 sumus;
2087 3250 2187 3303 nisi
2213 3251 2283 3315 si,

715 3336 856 3403 quod
886 3347 1061 3390 tamen
1090 3351 1174 3389 me
1210 3337 1358 3401 latet,
1404 3338 1547 3403 quod
1578 3339 1628 3390 in
1675 3339 1985 3393 Graecorum
2018 3342 2121 3394 ritu
2155 3358 2286 3394 usu-

712 3440 820 3494 que
868 3426 935 3479 sit
991 3426 1222 3494 positqu
1275 3427 1704 3498 μυστικώτερον.
1731 3428 1881 3494 Quod
1929 3438 2107 3487 tamen
2156 3433 2285 3487 mihi

716 3514 962 3583 religioni
995 3533 1100 3569 non
1132 3515 1290 3579 duco,
1320 3532 1466 3580 cum,
1500 3527 1557 3571 ut
1588 3520 1723 3582 dixi,
1768 3522 1902 3574 ordo
1937 3522 2024 3577 hic
2076 3540 2179 3577 non
2216 3526 2288 3577 sit

717 3623 781 3659 ex
819 3607 977 3661 rebus
1010 3610 1186 3676 magni
1221 3612 1496 3667 momenti.
1534 3610 1778 3664 doctrina
1826 3612 1997 3665 solum
2045 3624 2099 3668 et
2126 3631 2287 3668 exan-

718 3694 978 3759 gehorum
1039 3696 1327 3764 explicatio
1384 3700 1501 3752 usui
1560 3699 1628 3751 sit
1680 3710 1732 3753 et
1786 3703 1961 3771 magni
2019 3702 2284 3757 facienda.

716 3783 999 3839 llomiliatn
1052 3789 1133 3851 εἰς
1184 3788 1274 3840 τὸν
1330 3794 1632 3859 γενόμενον
1678 3793 1892 3861 αὐχμὸν
1937 3810 2058 3848 cum
2115 3810 2288 3863 neque

718 3879 884 3943 dicm,
921 3896 1098 3949 neque
1126 3891 1337 3950 tempus
1360 3887 1485 3938 anni
1514 3895 1718 3939 certum
1751 3887 1968 3948 habt-at,
2002 3888 2052 3939 in
2079 3899 2287 3956 postre-

722 3985 866 4021 mum
916 3971 1223 4036 redegimus
1276 3974 1472 4039 locum,
1515 3984 1567 4028 et
1613 3977 1790 4044 potius
1838 3988 1989 4029 extra
2041 3979 2284 4031 ordinem

715 4074 877 4125 quam
922 4060 973 4113 iu
1004 4063 1194 4115 ordine
1245 4067 1604 4131 reposuimus.
1637 4067 1813 4135 Atque
1860 4068 1971 4121 haec
2017 4079 2288 4137 utcunque

719 4152 784 4202 de
819 4152 959 4204 serie
990 4153 1334 4207 homiliarmn
1372 4157 1625 4221 praedicta
1665 4156 1794 4220 siut,
1846 4172 2004 4225 quam
2036 4168 2195 4226 prout
2234 4159 2287 4212 in

722 4251 907 4295 nostro
933 4242 1035 4296 hoe
1062 4243 1200 4297 libro
1228 4259 1287 4298 se
1324 4245 1540 4311 habeat,
1569 4248 1916 4316 subjiciemus
1942 4252 2011 4305 ob
2042 4250 2247 4307 oculos.

1101 4378 1129 4447 ς
1171 4378 1261 4433 ιν.
1300 4379 1458 4434 Ratio
1498 4382 1908 4451 interpretandi.

792 4508 961 4574 Quam
996 4510 1212 4566 difficile
1243 4523 1298 4568 et
1334 4530 1619 4583 operosum
1658 4520 1926 4587 negotium
1960 4521 2033 4575 sit
2070 4537 2136 4576 ex
2183 4539 2287 4577 una

717 4598 899 4667 lingua
934 4602 984 4653 in
1020 4604 1177 4655 aliam
1216 4616 1457 4658 veterum
1510 4608 1708 4674 scripta
1752 4612 2049 4677 traducere,
2091 4615 2137 4668 is
2170 4630 2287 4667 om-

722 4693 869 4742 nium
909 4693 1110 4759 optime
1143 4696 1292 4749 novit
1318 4698 1405 4763 qui
1442 4698 1744 4764 huiusmodi
1781 4704 2053 4770 negotium
2093 4715 2289 4759 tractat

720 4791 773 4834 et
807 4783 906 4836 hoc
936 4799 1122 4837 saxum
1167 4798 1360 4841 versat.
1398 4787 1472 4841 Ex
1514 4790 1712 4858 quibus
1756 4793 2001 4847 omnibus
2052 4794 2289 4850 luculen-

720 4874 963 4927 tissimus
1004 4877 1154 4930 testis
1186 4878 1277 4939 sit,
1324 4889 1505 4946 utpote
1548 4882 1937 4938 scientissimus
1986 4886 2287 4953 linguarum

720 4966 993 5032 omnium,
1023 4967 1395 5039 Hieronymus,
1434 4973 1525 5040 qui
1554 4981 1607 5025 et
1636 4989 1701 5026 ex
1731 4972 1954 5029 Hebraeo
1977 4992 2128 5030 sacra
2175 4994 2290 5031 mo-

724 5070 1010 5121 numenta,
1064 5068 1116 5113 et
1165 5075 1230 5114 ex
1284 5061 1470 5117 Graeco
1526 5065 1752 5117 aliorum
1808 5067 1970 5121 multa
2028 5068 2285 5123 tratluxit.

726 5146 941 5215 Difficile
990 5160 1102 5213 est,
1156 5151 1329 5217 inquit
1368 5154 1453 5205 ille
1488 5155 1538 5205 in
1605 5154 1925 5210 Praefatione
1970 5159 2033 5209 ad
2068 5157 2285 5211 Eusebii

724 5238 1053 5303 Chronicon,
1085 5244 1285 5297 alienas
1318 5246 1521 5298 litteras
1551 5248 1922 5314 insequentem,
1969 5265 2069 5301 non
2095 5248 2290 5302 alicubi

725 5334 992 5396 excidere;
1022 5346 1068 5387 et
1088 5338 1340 5401 arduum,
1361 5352 1411 5391 ut
1437 5357 1552 5405 qua'
1579 5342 1632 5392 in
1660 5342 1766 5394 alia
1794 5341 1974 5409 lingua
2001 5343 2125 5395 bene
2145 5344 2291 5395 dicta

724 5435 870 5486 sunt,
912 5428 1147 5481 eumdem
1197 5428 1433 5481 decorent
1478 5434 1529 5484 in
1575 5432 1922 5485 tramiatione
1965 5443 2288 5486 conservent.

730 5512 769 5566 S
792 5514 1095 5582 gniﬁcatum
1126 5530 1200 5571 est
1235 5522 1435 5587 aliquid
1468 5524 1621 5573 unius
1652 5524 1791 5575 verbi
1822 5527 2162 5591 proprietate,
2189 5542 2291 5578 non

725 5606 889 5658 habeo
930 5624 1094 5660 meum
1128 5615 1264 5678 quod
1296 5614 1347 5664 id
1380 5613 1601 5678 e/ferat;
1666 5623 1713 5666 et
1744 5617 1866 5666 dum
1889 5632 2066 5683 quwro
2087 5618 2293 5683 explere

730 5701 1059 5767 uiuentium,
1091 5702 1246 5774 longo
1278 5705 1476 5759 ambitu
1512 5709 1595 5761 ria;
1634 5708 1797 5762 brevis
1840 5710 1932 5762 ria’
1972 5712 2138 5775 spatia
2172 5726 2293 5763 con-

1689 305 2084 366 FRANCESCI
2124 304 2387 364 SCORSI
2422 305 2851 364 PROLEMIUM
2891 307 3001 367 III.

3877 306 3985 365 128

2402 430 2573 466 sumo.
2601 419 2866 468 Accedunt
2906 417 3305 486 hyperbatornm
3343 417 3644 484 anfractus.
3699 418 3985 469 dissimili-

2400 504 2608 557 tudines
2628 522 2865 567 casuum,
2887 510 3160 560 varietates
3178 509 3466 576 ﬁgurarum
3488 525 3505 571 ;
3524 510 3690 574 ipsum
3711 522 3980 575 postremo

2399 611 2572 657 suum,
2618 606 2687 660 et,
2736 605 2791 647 ut
2839 598 2913 647 ita
2948 598 3143 663 dicant,
3187 599 3522 651 vernaculum
3555 600 3748 667 lingua:
3784 616 3977 667 genus.

2400 684 2460 739 Si
2488 688 2555 738 ad
2605 690 2810 740 verbum
2857 688 3191 754 interpretor,
3248 691 3471 742 absurde
3516 701 3761 751 resonat;
3807 690 3851 741 si
3905 690 3974 741 ob

2398 776 2755 829 necessitatem
2786 777 2987 845 aliquid
3024 780 3075 831 in
3106 779 3290 831 ordine
3317 780 3389 831 vel
3430 780 3483 831 in
3529 796 3765 832 sermone
3794 792 3976 831 muta-

2396 882 2535 926 vero,
2578 867 2644 918 ab
2693 869 2988 937 interpretis
3038 872 3251 923 videbor
3296 871 3460 938 officio
3508 872 3794 923 recessisse.
3843 870 3974 923 llzec

2396 956 2454 1011 S.
2497 958 2880 1031 Hieronymus,
2911 964 3109 1031 quibus
3138 962 3269 1020 nihil
3302 973 3475 1030 potest
3505 962 3713 1030 planius
3742 963 3820 1014 vel
3852 962 3972 1027 ple-

2396 1049 2516 1102 nius
2544 1049 2609 1103 de
2638 1051 3026 1119 interpretandi
3065 1052 3629 1118 dil'licnltatibusdici;
3677 1053 3805 1121 quin
3845 1054 3970 1120 ipse

2396 1138 2603 1195 Tullius
2625 1143 2905 1210 eloquendi
2933 1146 3344 1207 disertissimus,
3370 1145 3454 1198 cui
3476 1146 3665 1196 mirum
3691 1155 3770 1197 est
3798 1148 3965 1197 verba

2394 1234 2581 1287 deesse
2629 1235 2867 1303 potuisse
2899 1251 2914 1289 :
2944 1252 3067 1289 cum
3102 1237 3215 1304 ipse
3242 1237 3284 1287 si
3321 1238 3443 1305 quis
3482 1237 3619 1289 alius
3654 1252 3966 1290 sermonem

2392 1328 2623 1392 patrium
2657 1328 2930 1392 ditaverit,
2976 1343 3153 1382 nonne
3184 1330 3338 1397 inops
3372 1344 3491 1382 esse
3525 1330 3626 1381 sibi
3660 1330 3868 1381 videtur
3908 1331 3964 1381 in

2391 1418 2742 1481 exprimenda
2780 1419 2827 1470 vi
2862 1429 2915 1471 et
2957 1423 3175 1487 euergia
3220 1420 3527 1473 Graecarum
3561 1421 3787 1473 vocum?
3828 1422 3963 1472 Nam

2392 1522 2512 1574 qua:
2548 1507 2715 1561 Stoici
2749 1510 3076 1579 προηγμένα
3109 1520 3161 1565 et
3205 1512 3668 1581 ἀποπροηγμένα,
3733 1513 3842 1565 hare
3872 1513 3967 1565 ille

2391 1598 2675 1664 aliquando
2692 1612 2979 1669 prwgmata
3002 1610 3053 1654 et
3072 1614 3485 1671 apopra'gmata,
3510 1604 3799 1670 aliquando
3824 1618 3969 1669 pm:-

2389 1690 2561 1751 posita
2584 1690 2664 1742 vel
2689 1694 2957 1758 pra'cipua
2981 1704 3035 1744 et
3070 1693 3280 1760 rejecta,
3316 1710 3697 1763 nonnunquam
3722 1708 3970 1761 promota

2389 1787 2441 1831 et
2473 1790 2668 1833 remota
2701 1783 2883 1848 vertit;
2918 1795 2974 1837 ut
3002 1785 3156 1838 initio
3186 1786 3278 1838 lib.
3312 1803 3367 1839 lll
3400 1786 3472 1839 De
3500 1787 3692 1854 ﬁnibus
3726 1789 3824 1841 sub
3853 1790 3969 1840 Ca-

2395 1870 2538 1921 tonis
2564 1886 2788 1936 persona
2813 1890 2825 1925 :
2853 1873 3107 1941 Equidem
3128 1875 3267 1928 soleo
3289 1877 3619 1945 etiam,quod
3645 1896 3744 1929 uno
3765 1877 3967 1943 Gra'ri,

2388 1961 2433 2012 si
2467 1960 2623 2014 aliter
2650 1979 2750 2015 non
2778 1980 3010 2033 possunt,
3041 1968 3176 2019 idem
3208 1970 3444 2034 pluribus
3480 1971 3647 2022 verbis
3673 1985 3971 2037 exponere;

2389 2060 2435 2102 et
2468 2061 2639 2105 tamen
2660 2066 2784 2120 puto
2809 2055 3020 2109 concedi
3040 2061 3189 2110 nobis
3220 2070 3479 2126 oportere,
3510 2070 3562 2111 ut
3598 2058 3777 2113 (ἐναεεο
3808 2063 3971 2115 verba

2390 2151 2622 2205 utamur,
2668 2147 2713 2197 si
2741 2149 2949 2215 quando
2976 2150 3147 2203 minus
3176 2163 3416 2205 Occurrat
3458 2154 3722 2217 Latinum,
3770 2172 3831 2206 ne
3865 2156 3970 2207 hoc

2388 2234 2641 2301 ephippiis
2673 2248 2721 2289 et
2754 2240 3114 2305 acratophoris
3153 2243 3328 2309 potius
3374 2260 3530 2312 quam
3571 2246 3879 2312 pttvgntenis
3912 2257 3969 2297 et

2386 2330 2794 2397 apopra'gmenis
2841 2333 3173 2397 concedatur,
3232 2351 3528 2403 quanquam
3582 2335 3689 2387 hara
3740 2338 3958 2403 quidem

2388 2421 2672 2488 przrposita
2712 2430 2848 2473 recte
2876 2431 2925 2473 et
2971 2424 3167 2489 rejecta
3211 2423 3385 2477 dicere
3428 2424 3623 2478 licebit.
3686 2426 3749 2477 Et
3799 2427 3969 2492 paulo

2387 2519 2507 2579 post
2559 2512 2609 2563 in
2660 2513 2847 2565 eodem
2886 2513 3021 2566 libro
3058 2515 3123 2566 de
3176 2514 3367 2567 iisdem
3418 2516 3660 2583 IOl'Illt'llS,
3713 2514 3815 2567 Sed
3864 2534 3965 2579 ea,

2386 2605 2582 2674 inquit,
2623 2624 2739 2674 quia
2786 2611 3071 2661 secundum
3123 2610 3294 2662 locum
3328 2611 3558 2663 obtinent
3611 2613 3966 2681 προηγμένα,

2384 2698 2441 2750 id
2467 2708 2540 2751 est
2575 2700 2832 2767 producta
2866 2700 3227 2763 nominantur,
3258 2718 3372 2769 quas
3402 2702 3477 2754 vel
3512 2704 3585 2755 ita
3620 2704 3966 2770 appellemus,

2385 2790 2441 2842 id
2466 2791 2564 2843 erit
2596 2791 2805 2843 uerbum
2832 2808 2858 2842 ε
2896 2792 3071 2858 verba,
3126 2792 3202 2845 vel
3233 2804 3477 2862 promota
3518 2804 3566 2847 et
3602 2806 3825 2859 remota,
3879 2798 3969 2849 vel

2386 2888 2443 2930 ut
2474 2878 2673 2931 dudum
2709 2880 2973 2945 diximus,
3017 2882 3326 2949 pra2p0sita,
3373 2882 3450 2935 vel
3478 2885 3743 2951 praecipua
3775 2894 3820 2937 et
3864 2886 3968 2937 illa

2388 2970 2608 3039 rejecta.
2671 2969 2796 3025 llazc
2863 2970 3092 3026 Tullius.
3160 2973 3289 3038 Qum
3341 2974 3570 3027 duorum
3625 2989 3964 3026 summorum

2388 3063 2625 3117 virorum
2658 3066 2962 3118 testimonia
3000 3078 3065 3118 eo
3106 3067 3404 3133 producere
3446 3066 3611 3129 volui,
3658 3068 3785 3119 utsi
3818 3068 3965 3121 idem

2388 3153 2519 3205 mihi
2576 3154 2630 3207 in
2686 3156 2789 3211 hac
2838 3156 3279 3224 interpretatione
3337 3158 3614 3212 condenda
3668 3160 3970 3227 contigisse

2390 3243 2585 3312 fatear,
2636 3248 2753 3301 sine
2796 3251 2996 3313 pudore
3044 3248 3286 3303 conlileri
3333 3265 3567 3317 possem.
3614 3251 3792 3315 Quare
3832 3267 3963 3305 eum

2388 3351 2561 3391 essem
2598 3338 2737 3391 inter
2774 3339 2892 3393 illos
2924 3340 3055 3394 duos
3094 3341 3285 3394 modos
3334 3357 3426 3395 seu
3459 3342 3635 3410 potius
3689 3341 3821 3395 ﬁnes
3864 3357 3967 3395 8t-

2391 3439 2591 3484 tremos
2630 3431 2971 3493 interclusus.
3012 3434 3064 3486 in
3112 3448 3335 3502 quorum
3364 3434 3682 3488 alterutrum
3716 3439 3757 3489 si
3789 3435 3965 3488 decli-

2390 3538 2596 3587 narem,
2628 3524 2679 3576 in
2716 3525 2900 3577 vitium
2931 3524 3281 3594 impingerem
3310 3541 3325 3579 :
3358 3525 3611 3579 nimirum
3644 3538 3701 3579 ut
3730 3527 3808 3579 Vel
3840 3542 3969 3579 ver-

2389 3613 2514 3666 bum
2570 3629 2633 3666 ex
2676 3614 2837 3667 verbo
2895 3615 3173 3668 redderem
3211 3614 3419 3679 Grieca,
3472 3615 3648 3670 Laliui
3695 3619 3969 3673 scrunmis

2391 3702 2585 3757 decore
2624 3704 2963 3770 posthabito;
3032 3706 3113 3757 vel
3158 3722 3374 3760 sensum
3421 3707 3592 3761 solum
3636 3719 3960 3775 spectarem,

2391 3793 2530 3845 nulla
2568 3793 2879 3848 Graecarum
2935 3811 3127 3849 vocum
3188 3797 3362 3851 habita
3422 3799 3666 3861 ratione,
3728 3815 3965 3868 quorum

2390 3885 2709 3939 alterutrum
2748 3886 2964 3942 facilius
3002 3898 3055 3943 et
3086 3889 3376 3957 proclivius
3418 3890 3654 3943 futurum
3689 3903 3827 3955 erat,
3868 3908 3965 3946 se-

2390 3988 2546 4033 cutus
2591 3994 2709 4035 sum
2761 3980 2866 4035 tale
2917 3990 3425 4050 temperamentum,
3463 3993 3522 4036 ut
3569 3998 3667 4038 nec
3714 3985 3851 4038 facta
3892 3988 3963 4039 ad

2390 4069 2612 4123 verbum
2666 4074 2920 4127 evaderet
2967 4073 3145 4141 inepta
3202 4075 3517 4140 translatio;
3553 4086 3605 4129 et
3654 4087 3827 4131 tamen
3884 4078 3966 4130 ita

2390 4174 2586 4215 sensus
2619 4160 2806 4214 Latina
2841 4163 3020 4229 phrasi
3051 4178 3141 4216 seu
3190 4164 3373 4231 potius
3419 4166 3787 4235 complexione
3822 4182 3963 4219 con-

2391 4265 2683 4317 verterem,
2716 4264 2771 4305 ut
2801 4255 2979 4307 verbis
3011 4256 3174 4307 etiam
3206 4256 3431 4322 singulis
3467 4258 3643 4325 quoad
3701 4258 3817 4326 ejus
3842 4260 3964 4313 ﬁeri

2392 4355 2595 4412 posset,
2625 4346 2787 4398 verba
2824 4347 3232 4413 responderent.
3273 4347 3328 4400 lu
3364 4362 3470 4416 quo
3494 4350 3739 4417 equidem
3770 4349 3962 4404 elabo-

2390 4449 2541 4487 rasse
2578 4436 2705 4487 mihi
2740 4437 2958 4499 videor;
3003 4448 3182 4489 utrum
3214 4438 3315 4489 sim
3365 4452 3648 4492 assecutus
3692 4439 3779 4492 alii
3807 4440 3963 4506 judi-

2393 4536 2539 4580 cent.
2574 4526 2706 4579 lllud
2744 4526 2988 4592 proiecto
3019 4542 3199 4581 verum
3244 4528 3469 4581 dixerim
3508 4530 3792 4583 nonnullas
3831 4545 3966 4583 sen-

2396 4618 2613 4680 tentias,
2635 4621 2680 4670 si
2713 4633 2831 4671 meo
2856 4620 3035 4681 modo,
3055 4630 3106 4671 et
3138 4636 3306 4683 more,
3326 4629 3381 4673 et
3406 4634 3471 4672 eo
3490 4622 3755 4673 sermonis
3783 4620 3964 4675 Latini

2394 4709 2555 4777 stylo,
2592 4709 2676 4761 cui
2708 4724 2824 4762 sum
2858 4720 3133 4771 assuetus,
3158 4711 3433 4778 explicare
3463 4710 3723 4774 licuisset,
3746 4713 3970 4779 elegan-

2394 4801 2501 4853 tius
2541 4810 2597 4854 et
2647 4800 2964 4855 concinnius
3016 4815 3109 4854 eas
3147 4800 3322 4854 efferri
3368 4802 3642 4869 potuisse;
3691 4804 3783 4856 sed
3834 4804 3968 4870 quia

2394 4890 2708 4956 interpretis
2738 4887 2913 4941 oliicio
2965 4890 3177 4958 ﬁdeque
3217 4891 3488 4957 obligatus
3536 4892 3666 4943 mihi
3716 4893 3966 4955 videbar,

2394 4996 2488 5034 eas
2522 4995 2628 5032 non
2679 4989 2739 5031 ut
2784 4980 3093 5042 voluissem,
3144 4981 3234 5033 sed
3284 4991 3342 5033 ut
3387 4982 3692 5034 debuissem
3737 4979 3967 5035 Latinas

2395 5071 2607 5125 fecisse.
2645 5070 2786 5137 Quin
2827 5072 2992 5125 etiam
3028 5071 3155 5124 illud
3188 5086 3411 5125 servare
3442 5071 3608 5134 volui,
3648 5083 3705 5124 ut
3741 5071 3854 5124 lucc
3884 5073 3969 5124 in-

2400 5166 2762 5229 terpretatio,
2818 5164 3253 5232 quandoquidem
3315 5180 3375 5218 ea
3440 5178 3635 5217 usuros
3683 5164 3968 5217 crederem

2398 5256 2562 5307 etiam
2602 5269 2700 5321 pro
2756 5264 3009 5324 suggestu
3050 5270 3239 5309 sacros
3292 5264 3573 5318 oratores,
3626 5268 3730 5305 non
3789 5254 3860 5305 ita
3910 5254 3967 5308 in

2397 5345 2674 5397 Ciceronis
2709 5356 2889 5413 partes
2947 5347 3222 5411 transiret,
3259 5356 3372 5399 uta
3410 5346 3668 5413 religione
3712 5346 3965 5397 discede-

2402 5444 2509 5496 ret;
2545 5446 2597 5489 et
2620 5437 2745 5489 dum
2780 5437 2940 5490 nitnis
2967 5439 3134 5491 videri
3164 5439 3319 5506 cupio
3339 5437 3749 5499 Ciceronianus,
3783 5438 3969 5489 ιιιὶιηιε

2398 5528 2741 5583 Christianus
2760 5531 2994 5585 viderer.
3017 5530 3071 5585 Si
3098 5531 3263 5585 dictio
3290 5530 3504 5599 aliquod
3530 5528 3968 5582 ecclesiasticum

2400 5629 2633 5687 saperet,
2668 5620 2716 5673 id
2750 5621 2876 5674 tnibi
2912 5622 3051 5675 laudi
3090 5624 3268 5691 potius
3308 5636 3467 5688 quam
3514 5622 3643 5676 vitio
3690 5620 3973 5675 aseriben—

2404 5713 2530 5767 dum
2567 5711 2717 5768 duxi.
2748 5712 2932 5783 Itaque
2960 5729 3080 5769 cum
3112 5713 3297 5768 multis
3323 5711 3421 5767 SS.
3455 5711 3702 5769 Patlibus
3730 5710 3971 5774 Latinis,
