4172 6432
735 348 827 407 151

719 453 977 521 temporis
1016 454 1145 508 orbe
1174 453 1441 517 confecto,
1489 454 1961 508 Resurrectionem
2014 456 2128 508 fore
2177 472 2297 524 spe-

720 558 925 609 ramus,
962 547 1014 597 in
1046 559 1148 611 qua
1175 545 1452 599 hominum
1482 562 1649 613 genus
1687 548 1856 599 instar
1906 546 2183 614 cujusdam
2217 557 2298 600 ta-

718 637 993 689 bernaculi
1025 650 1119 703 per
1170 636 1628 690 immortalitatem
1658 639 1998 692 excitandum
2051 648 2173 693 est:
2210 640 2298 692 ubi

720 729 927 781 scilicet
989 729 1310 782 immortalis
1391 732 1603 783 animus
1667 731 1903 797 corpori,
1967 730 2109 798 quod
2186 730 2296 797 jam

720 818 1041 880 dimttxerat,
1100 819 1293 871 iterum
1347 822 1728 888 conjungetur,
1784 821 1848 872 ad
1880 836 2002 874 eum
2056 823 2295 884 modum,

719 923 848 976 quo,
882 910 975 976 qui
1011 910 1142 964 festa
1177 910 1545 977 celebrabant,
1578 928 1639 965 ea
1669 913 1895 978 virgulta
1918 926 2034 979 quae
2059 912 2296 979 abjicere

1931 348 2421 407 THEUPIIANIS
2459 347 2800 407 CEPAMEI

3884 340 3997 400 152

2398 458 2663 511 ἀθανάτου
2688 458 2869 526 ψυχῆς
2904 456 3195 523 ἑνωοεὶσης
3221 455 3297 524 τῷ
3320 455 3709 525 διαρρεὓσαντι
3740 453 3988 520 σώματι,

2398 548 2473 607 ὡς
2509 548 2575 597 τὰ
2610 545 3045 615 τυλλοῤῥοοῦντα
3081 549 3188 596 τῶν
3222 562 3406 609 φυτων
3464 543 3603 610 μετὰ
3637 542 3746 593 τῶν
3789 543 3990 593 asto:-

2399 636 2531 699 λῶν,
2563 637 2611 686 οἱ
2646 635 2999 704 ἑορτάζοντες
3044 635 3405 703 ἁνεμίγνυον⁹
3460 628 3614 699 οἶμαι
3667 631 3775 699 γὰρ
3807 631 3990 695 ἔγωγε

2400 728 2535 795 πρὸς
2562 726 2719 778 τοῦτο
2748 727 2970 795 βλέπειν
3006 727 3098 778 καὶ
3146 726 3241 777 τοῦ
3303 724 3585 786 σαλπίζειν
3622 725 3652 791 ἡ
3710 723 3993 779 κέλευσις.

2405 836 2421 867 ι
2468 820 2555 869 Ἐν
2579 818 2687 887 γὰρ
2723 822 2786 885 τῇ
2830 818 3033 887 ἐσχάτη
3065 818 3249 887 ἡμέρᾳ
3287 815 3559 881 σαλπίσει,
3607 816 3763 883 φησὶ,
3792 815 3885 865 καὶ
3935 812 3994 863 οι

2398 913 2585 979 νεκροὶ
2610 913 3031 981 ἀναστήσονται.
3077 930 3094 962 ι

717 1002 891 1055 solent
924 1002 1067 1065 folia,
1106 1018 1227 1055 cum
1272 1020 1485 1073 semper
1534 1003 1909 1058 frondentibus
1964 1006 2409 1057 commiscebant.
2480 1004 2656 1071 Atque
2717 1019 2815 1074 ego
2886 1003 3136 1072 equidem
3189 1003 3376 1057 eodem
3441 1010 3689 1072 Spectare
3750 999 3995 1051 arbitror

718 1099 967 1150 tztbarttm
1034 1098 1270 1151 sonitum
1313 1100 1711 1168 prmscriptum,
1782 1096 2047 1164 siquidem

716 1200 963 1253 surgent.
1020 1208 1036 1240 t

789 1278 856 1328 At
911 1277 1055 1328 enim
1108 1276 1371 1329 dubitabit
1404 1275 1631 1329 fortasse
1677 1276 1969 1345 qniSpiam,
2008 1278 2134 1343 quid
2166 1292 2293 1331 cau-

715 1382 788 1418 sm
846 1367 1061 1419 tandem
1120 1368 1210 1431 sit,
1252 1382 1351 1421 ettr
1404 1369 1605 1422 mensis
1660 1369 1758 1421 iste
1812 1369 2073 1430 delectus,
2110 1378 2168 1422 ut
2220 1378 2295 1423 tot

715 1460 981 1528 imagines
1051 1459 1267 1517 ferret?
1328 1461 1596 1515 Nimirum
1659 1463 1800 1528 quod
1861 1461 1924 1512 ad
1993 1461 2293 1515 futurorum

718 1550 1171 1618 significationem
1226 1560 1367 1603 esset
1421 1550 1781 1619 aptissimus:
1824 1564 1928 1604 non
1964 1552 2124 1603 modo
2172 1552 2293 1618 quia

722 1644 988 1708 septimus
1049 1655 1186 1695 esta
1254 1641 1442 1706 Nisan,
1507 1654 1566 1696 ut
1631 1659 1789 1712 Supra
1857 1646 2110 1697 indicavit
2170 1658 2295 1697 ora-

720 1734 793 1787 tio
843 1745 1052 1799 nostra,
1102 1736 1193 1789 sed
1240 1745 1498 1804 praeterea
1554 1735 1694 1805 quod
1747 1751 1866 1805 quae
1916 1735 2098 1806 fruges
2126 1751 2295 1792 verno

721 1835 966 1895 tempore
1034 1829 1450 1895 germinarunt,
1528 1826 1734 1882 mensis
1807 1828 1905 1881 iste
1973 1830 2290 1897 corrumpit.

721 1918 839 1971 Scis
911 1929 1087 1972 autem
1158 1920 1382 1973 omnino
1450 1919 1612 1972 vitam
1662 1920 1825 1973 illam
1890 1935 2050 1988 quam
2110 1936 2296 1989 exspe-

725 2020 958 2071 clanius,
1036 2009 1197 2062 linem
1271 2010 1334 2063 iis
1402 2009 1700 2079 imponere,
1768 2024 1885 2076 quae
1951 2024 2015 2061 ex
2085 2018 2297 2063 creata-

721 2117 837 2153 rnm
906 2117 1084 2155 rerum
1156 2102 1470 2155 conditione
1534 2116 1626 2169 per
1684 2112 1835 2155 ortus
1927 2109 1980 2154 et
2046 2100 2298 2153 interitus

723 2195 1157 2249 vicissitudinem
1218 2195 1635 2265 progignuntur.
1710 2193 1931 2249 Accedit
1994 2194 2157 2248 etiam
2229 2194 2293 2247 il-

720 2289 834 2351 lud,
891 2290 1033 2358 quod
1091 2289 1168 2343 sol
1229 2289 1431 2343 zodiaci
1491 2286 1598 2357 (i8
1655 2287 1921 2355 sphmram
1973 2300 2296 2356 percurrens

718 2375 1089 2426 duodecimam
1144 2376 1471 2442 portionem,
1520 2390 1679 2442 quam
1754 2376 1942 2431 libram
2008 2380 2300 2449 appellant,

720 2468 825 2519 hoc
878 2480 1062 2519 mense
1118 2466 1386 2535 pervadit.
1447 2465 1562 2533 Quo
1619 2467 1853 2523 fortasse
1900 2470 2065 2525 divini
2112 2473 2299 2541 judicii

719 2574 764 2612 ιιξ
789 2560 950 2623 iuitas
989 2558 1075 2610 ilia
1111 2559 1378 2626 signatur,
1413 2574 1515 2625 qtta
1551 2574 1644 2613 sua
1690 2561 1884 2624 cnique
1916 2564 2107 2618 merita
2150 2564 2303 2631 justo

723 2651 962 2715 pondere
997 2650 1389 2719 rependentur.
1424 2647 1890 2715 Quemadmodum
1942 2669 2069 2708 vero
2102 2657 2303 2710 mensis

724 2750 825 2799 iste
866 2745 1115 2813 princeps
1142 2744 1356 2811 quidem
1395 2744 1534 2813 apud
1569 2760 1666 2799 nos
1710 2757 1811 2809 est,
1855 2749 2142 2817 septimum
2175 2764 2303 2804 vero

720 2837 859 2905 apud
910 2835 1167 2891 Hebraeos
1223 2836 1431 2891 obtinet
1484 2837 1686 2904 locum,
1724 2849 1885 2909 atque
1942 2841 1991 2893 in
2054 2842 2301 2896 eumdem

718 2940 822 2984 ista
855 2931 1203 2994 conveniunt,
1238 2930 1316 2984 sic
1364 2940 1418 2983 et
1466 2932 1865 3000 corruptionem
1924 2932 2215 2997 fructibus,
2247 2944 2301 2988 et

717 3021 861 3075 idem
894 3022 1175 3076 vindemiae
1212 3022 1425 3075 initium
1472 3021 1647 3077 affert.
1682 3023 1834 3090 Quod
1867 3040 1999 3079 sane
2052 3026 2116 3079 ad
2152 3026 2301 3080 hunc

2145 1097 2459 1162 novissimo,
2507 1098 2703 1166 inquit,
2774 1098 2862 1151 die.

2926 1116 2938 1150 :
2999 1116 3017 1149 ι
3057 1096 3207 1151 Tuba
3240 1106 3418 1162 canet,
3487 1104 3541 1151 et
3603 1092 3835 1148 mortui“
3897 1107 3990 1143 rc-

2480 1284 2615 1351 Φαίη
2642 1281 2686 1335 δ’
2730 1281 2794 1334 ἄν
2851 1299 2933 1343 τις
2963 1283 3093 1343 ῐσως
3140 1279 3435 1348 ὲπαπορῶν
3460 1296 3473 1308 ·
3538 1277 3634 1331 καὶ
3665 1278 3788 1328 ὅτου
3822 1275 3993 1343 χάριν

2410 1369 2562 1437 οὗτος
2600 1377 2626 1426 6
2666 1375 2768 1444 μὴν
2816 1375 3120 1445 προεκρίθη
3173 1374 3442 1434 τοσαύτας
3492 1372 3679 1439 φέρειν
3726 1370 3989 1431 εἰκόνας;

2405 1464 2489 1515 ὅτι
2516 1481 2597 1515 τοι
2634 1466 2723 1518 καὶ
2762 1465 2904 1532 μάλα
2929 1464 3379 1532 πρεπωδέστατος
3405 1455 3561 1523 οὗτος
3585 1462 3721 1531 πρὸς
3751 1462 3806 1513 τὸ
3842 1460 3993 1511 εἰκό-

2404 1570 2570 1620 νισμα
2602 1569 2613 1581 ·
2644 1554 2704 1604 οὐ
2742 1554 2901 1621 μόνον
2934 1555 3016 1605 ὅτι
3054 1552 3279 1618 ἕϐδομός
3309 1554 3455 1603 ἐστιν
3484 1550 3590 1602 ἀπὸ
3621 1551 3715 1601 τοῦ
3748 1549 3986 1608 Νισσὶν,

2401 1645 2473 1705 ὡς
2505 1647 2533 1697 6
2580 1644 2739 1710 λόγος
2771 1644 3076 1709 ἀπέδειξεν,
3130 1644 3243 1696 ἀλλ’
3278 1644 3357 1696 ὅτι
3393 1644 3485 1695 καὶ
3518 1642 3704 1710 φθίσις
3737 1642 3852 1693 ἐστὶ
3878 1642 3994 1692 τῶν

2404 1739 2545 1789 κατὰ
2574 1738 2633 1789 τὸ
2664 1737 2762 1804 ἔαρ
2812 1735 3236 1803 βλαστησάντων
3268 1735 3516 1800 καρπῶν.
3569 1733 3726 1792 Νοεῖς
3757 1733 3811 1784 δὲ
3852 1732 3995 1783 παν-

2402 1848 2529 1891 τως,
2560 1831 2641 1882 ὅτι
2674 1830 2763 1881 καὶ
2796 1830 2827 1897 ἡ
2862 1828 3287 1897 προσδοκωμένη
3323 1827 3438 1893 ζωὴ
3470 1827 3619 1894 λῆξίς
3643 1828 3759 1878 ἐστι
3783 1824 3893 1876 τῶν
3929 1826 3993 1876 ὲν

2403 1922 2636 1987 γενέσει,
2666 1921 2757 1972 καὶ
2792 1918 2969 1989 φθορᾷ
2995 1918 3420 1987 βλαστησάντων
3454 1919 3595 1969 κατὰ
3624 1916 3721 1984 τὴν
3755 1916 3994 1974 κτίσῑως

2402 2012 2643 2077 γένεσιν.
2706 2011 2849 2080 Πρὸς
2902 2010 3113 2071 τούτοις
3149 2011 3227 2070 δὲ,
3286 2010 3366 2061 ὅτι
3419 2009 3511 2060 καὶ
3574 2008 3673 2075 τὴν
3712 2006 3998 2071 ζωδιακὴν

2408 2105 2645 2172 σφαῖραν
2691 2102 2999 2155 διιππεύων
3058 2103 3085 2152 6
3135 2103 3289 2170 ἥλιος
3326 2099 3466 2152 κατὰ
3496 2100 3588 2150 τὸν
3623 2098 3764 2166 μῆνα
3798 2096 3996 2147 τοῦτον

2402 2198 2480 2257 εἰς
2501 2195 2559 2246 τὸ
2580 2194 2879 2247 δωδέκατον
2903 2193 3093 2264 μόριον
3122 2192 3355 2259 γίνεται,
3384 2190 3411 2241 ὃ
3445 2187 3609 2255 ζυγὸν
3638 2186 3993 2257 ὀνομάζουσι’

2406 2287 2762 2358 σημαίνοντος
2824 2287 2966 2357 τάχα
3015 2287 3110 2339 τοῦ
3175 2287 3524 2353 πράγματος,
3575 2285 3641 2334 τὸ
3688 2279 3829 2333 κατὰ
3892 2279 3997 2347 τὴν

2410 2382 2702 2452 ῑσόρῤοπον
2742 2379 2959 2449 ἐκείνην
3004 2380 3097 2433 τοῦ
3150 2380 3287 2432 Θεοῦ
3325 2380 3531 2446 κρεσιν,
3564 2377 3664 2443 τῆς
3689 2373 3996 2428 ἀνταποδό-

2406 2492 2543 2535 σεως
2600 2475 2830 2527 δίκαιον.
2884 2476 3097 2543 Ὠσπερ
3132 2474 3189 2526 δὲ
3241 2476 3269 2526 6
3301 2474 3463 2534 ait-:6;
3512 2467 3664 2533 οὗτος
3705 2470 3830 2537 μὴν,
3866 2467 3997 2519 καϐ*

2415 2567 2698 2637 Ἐϐραίους
2742 2568 2840 2637 μέν
2872 2570 3019 2619 ἐστιν
3059 2566 3308 2635 ἕϐδομος·
3340 2565 3553 2634 πρῶτος
3592 2563 3648 2615 δὲ
3691 2561 3812 2613 καθ’
3843 2562 3995 2627 ἡμᾶς

2403 2664 2431 2714 6
2463 2662 2626 2724 αὐτὸς
2656 2662 2731 2714 ὢν
2766 2662 3054 2731 ἀμφότερα
3079 2677 3093 2691 ·
3126 2658 3271 2712 οὕτω
3300 2660 3363 2728 δὴ
3399 2658 3488 2710 καὶ
3529 2656 3713 2723 φθίσις
3739 2654 3855 2706 ἐστὶ
3880 2653 3995 2704 τῶν

2404 2753 2657 2821 καρπῶν,
2713 2754 2805 2806 καὶ
2864 2754 3005 2821 ἀρχὴ
3036 2753 3130 2805 τοῦ
3167 2751 3451 2821 τριγητοῦ.
3506 2748 3679 2801 Τοῦτο
3725 2746 3995 2799 νοούντων

2406 2842 2583 2911 ἡμῶν,
2605 2842 2677 2901 ὡς
2711 2842 2807 2894 καὶ
2836 2844 2861 2895 6
2893 2841 3121 2909 ἕϐδομος
3154 2835 3311 2905 οὗτος
3361 2839 3497 2892 αἰὼν
3523 2839 3677 2899 τέλος
3717 2840 3815 2905 μέν
3846 2839 3992 2899 ἐστι,

2407 2936 2499 2987 καὶ
2526 2936 2861 2996 κατάστασις
2901 2936 3172 3001 γενέσεως
3210 2935 3304 3011 καὶ
3357 2933 3595 3001 φθορᾶς·
3632 2930 3776 2999 ἀρχὴ
3808 2930 3865 2981 δὲ
3894 2928 3991 2980 τοῦ

2403 3027 2596 3095 νοητοῦ
2641 3025 2936 3096 τρυγητοῦ.
2990 3026 3309 3094 Διαδέχεται
3354 3025 3411 3077 δὲ
3465 3025 3609 3092 ἡμᾶς
3655 3025 3686 3090 ὴ
3726 3020 3993 3089 μέλλουσα

721 3130 820 3169 nos
851 3115 1234 3169 transierimus
1264 3115 1622 3181 intellectum,
1668 3116 2033 3185 septenarium
2097 3120 2301 3173 scilicet

2409 3120 2593 3188 ἐκείνη
2647 3120 2839 3189 ληνόςθ
2879 3119 2973 3170 καὶ
3001 3118 3191 3188 ὥσπερ
3227 3116 3482 3176 ἐνταῦθα,
3520 3115 3694 3182 εἰμὲν
3738 3112 3991 3179 εὐγενὴς,

721 3208 821 3263 hoc
882 3207 1135 3262 sa‘culum
1184 3209 1609 3278 generationem,
1661 3211 2170 3280 corruptionemque
2223 3211 2300 3266 si-

794 3322 857 3377 ⁸1
892 3323 1020 3377 Cor.
1069 3338 1159 3386 xv,
1214 3323 1301 3377 5‘2.

2410 3214 2507 3265 καὶ
2541 3212 2740 3275 ὡραῖος
2799 3215 2825 3265 6
2874 3211 3068 3282 βῦτρυς
3101 3210 3291 3281 ὲντεθῇ
3343 3210 3465 3272 ταῖς
3494 3209 3695 3279 ληνοῖς,
3731 3208 3861 3278 ἡδὺς
3896 3206 3994 3258 καὶ

1962 3417 2287 3479 Francisci
2323 3421 2529 3481 Scorsi
2578 3427 2765 3481 notae.

724 3576 939 3614 σταται.
977 3557 1315 3621 Septenarius
1366 3574 1480 3611 rem
1530 3574 1775 3612 numerus
1821 3559 1976 3611 etiam
2026 3558 2302 3613 Salomoni

720 3630 907 3695 ἐνίει-(υ
960 3638 1165 3680 natura:
1212 3628 1305 3687 (ita
1360 3631 1517 3681 vertit
1564 3629 1679 3690 eius
1722 3630 1984 3683 orationis
2036 3631 2303 3697 interpres

722 3699 1047 3752 Ft'attciscus
1079 3698 1259 3750 Zinus.
1298 3714 1393 3763 ego
1422 3701 1481 3751 τδ
1519 3699 1731 3766 λήξεως
1770 3701 1994 3763 reqionis
2029 3702 2301 3770 verterint)

720 3787 907 3827 atrum.
938 3772 1075 3837 quod
1104 3786 1193 3833 per
1218 3770 1533 3833 septitnanas
1562 3772 1615 3822 itt
1642 3771 1972 3823 semetipsum
2004 3771 2303 3834 revolvitur,

721 3850 767 3892 et
801 3841 853 3892 in
889 3844 1064 3892 orbem
1100 3840 1255 3901 t'edit,
1284 3841 1582 3906 siqniﬁcare
1624 3850 1805 3904 potest.
1842 3840 2075 3894 Sanctus
2105 3840 2306 3906 Grego-

721 3912 835 3962 l'itl‘
874 3911 1049 3976 Magn.
1101 3910 1248 3962 hom.
1284 3910 1350 3961 53
1400 3913 1454 3962 in
1507 3908 1731 3973 Evaua:
1769 3910 1906 3973 Quia
1937 3912 2070 3962 enim
2115 3922 2307 3973 septem

720 3981 902 4033 diebus
930 3996 1078 4032 omne
1106 3989 1307 4040 tempus
1333 3981 1810 4042 comprehenditur,
1846 3994 1981 4033 recte
2012 3982 2306 4048 septenario

721 4067 938 4103 numero
990 4050 1303 4103 universitas
1361 4052 1688 4118 designatur.
1741 4049 1918 4103 Tertia
1973 4052 2129 4106 ratio.
2186 4052 2306 4108 auia

720 4132 926 4184 septem
962 4130 1314 4172 numerantur
1344 4131 1529 4173 aetates
1560 4122 1772 4181 nntndi;
1809 4123 1949 4174 unde
1979 4131 2166 4173 octava
2204 4120 2308 4173 Re-

725 4192 1087 4245 surrcctinnis
1118 4190 1233 4241 dies
1274 4202 1508 4243 mternns
1540 4191 1752 4243 dicitur.
1782 4189 1852 4243 Ita
1908 4202 2157 4243 numerat
2204 4190 2310 4241 Dl-

720 4277 915 4322 tnase.,
966 4262 1056 4313 lilt.
1104 4276 1137 4313 tt
1188 4260 1259 4311 De
1311 4260 1413 4321 ﬁde
1457 4262 1619 4317 ortlt.,
1666 4262 1815 4327 eapl
1860 4280 1869 4313 :
1907 4262 2169 4325 Λέγονται
2206 4260 2303 4327 μὲν

719 4327 814 4384 οὖν
844 4332 982 4383 ἑπτὰ
1015 4332 1211 4391 αἰῶνες
1242 4329 1333 4382 τοῦ
1366 4330 1570 4396 κόσμου
1603 4332 1817 4382 τούτου·
1858 4331 2024 4396 ἤγουν
2065 4330 2173 4383 ἀπὸ
2204 4331 2302 4396 τῆς

721 4401 952 4470 οὖρανοῦ
985 4404 1077 4453 καὶ
1124 4401 1330 4467 κόσμου
1364 4401 1594 4462 κτίσεως
1630 4402 1793 4468 μέχρι
1834 4401 1933 4464 τῆς
1976 4402 2160 4467 κοινῆς
2195 4400 2302 4452 τῶν

721 4471 1027 4537 ἀνθρώπιον
1079 4470 1388 4533 συντελείας
1423 4487 1480 4521 τε
1527 4472 1619 4522 καὶ
1661 4470 2032 4525 ἀναστάσεως.
2079 4471 2132 4522 Id
2174 4478 2252 4521 est
2286 4488 2299 4523 :

721 4543 988 4596 Dicuntur
1034 4544 1191 4593 etiam
1236 4550 1423 4603 septeni
1457 4541 1652 4593 stccula
1688 4543 1871 4594 mundi
1903 4542 2059 4608 hujus
2105 4557 2136 4592 a
2167 4541 2302 4602 caeli,

721 4626 767 4666 et
805 4624 961 4665 terrte
987 4612 1217 4663 videlicet
1247 4612 1511 4663 Creatione
1542 4628 1703 4677 usque
1757 4613 1825 4663 ad
1860 4627 2183 4663 communem
2220 4612 2311 4661 lto-

723 4685 919 4735 iniuum
948 4682 1453 4733 consummationem
1486 4695 1531 4734 et
1576 4683 2037 4733 resuscitationem.
2067 4681 2129 4732 Et
2153 4682 2310 4746 paulo

724 4765 865 4817 post.
900 4751 1124 4817 Ὄγδοος
1148 4751 1202 4802 δὲ
1230 4750 1364 4803 αἰὼν
1393 4753 1421 4802 6
1456 4752 1689 4817 μέλλων,
1719 4751 1969 4803 Octavum
2004 4762 2175 4802 autem
2207 4766 2307 4802 stc-

722 4823 897 4875 cnlunt
933 4822 1168 4889 futurum
1206 4832 1299 4873 est.
1338 4820 1407 4873 Ita
1449 4822 1674 4873 Uatttasc
1722 4834 1775 4873 at
1812 4838 1940 4875 vero
1969 4822 2035 4874 ab
2065 4821 2184 4873 aliis
2212 4836 2305 4873 sex

724 4902 1083 4945 numerantur
1116 4902 1322 4951 aetates,
1364 4908 1391 4942 a
1427 4890 1567 4945 Beda
1600 4890 1651 4941 itt
1685 4889 1879 4945 Chron.
1914 4892 1976 4944 de
2018 4908 2108 4943 sea:
2139 4901 2305 4951 αἰαι..

722 4964 791 5013 ab
820 4964 1002 5016 Adone
1037 4959 1325 5014 Viennensi
1361 4963 1485 5015 item
1524 4963 1575 5013 itt
1605 4960 1800 5015 Chron.
1851 4962 1986 5015 Sunt
2030 4973 2207 5014 autem
2242 4961 2308 5014 ab

723 5033 931 5085 Adamo
957 5047 1128 5097 usque
1153 5033 1215 5085 ad
1252 5031 1507 5087 Noemuen
1532 5049 1545 5095 ;
1574 5050 1598 5082 a
1628 5031 1827 5085 Noento
1849 5047 2019 5099 usque
2044 5032 2108 5084 ad
2139 5033 2307 5083 Abra-

725 5104 976 5165 itamum;
1008 5104 1073 5155 ab
1104 5105 1203 5156 boc
1238 5118 1403 5168 usque
1450 5104 1514 5154 ad
1563 5103 1853 5167 Dat-idem;
1887 5104 2010 5155 hinc
2051 5117 2219 5169 usque
2243 5103 2307 5154 ad

726 5176 1258 5243 transtttgrationetn
1318 5174 1496 5240 populi
1558 5174 1609 5226 itt
1668 5173 2031 5241 Babylonem;
2088 5174 2155 5225 ab
2210 5174 2309 5225 ltac

726 5260 898 5310 usque
927 5247 990 5295 ad
1018 5244 1218 5295 (lltristi
1244 5248 1579 5307 adventum;
1611 5260 1674 5297 ex
1702 5260 1809 5312 quo
1832 5245 1939 5310 jam
1967 5253 2114 5296 Sexta
2150 5259 2306 5310 pera-

726 5327 868 5381 gttur
891 5326 1040 5367 a-tas.
1070 5314 1173 5366 Sed
1205 5313 1377 5367 facilis
1403 5325 1484 5367 est
1515 5316 1701 5366 ltorttm
1736 5314 1951 5367 Patrum
1974 5314 2304 5375 conciliatio,

726 5387 769 5438 si
809 5385 874 5435 alt
903 5386 1209 5439 Abraltatno
1235 5401 1404 5451 usque
1442 5388 1505 5437 ad
1542 5384 1740 5437 Mnsem
1777 5400 2038 5437 annorum
2074 5385 2305 5452 spatium

725 5456 1066 5524 illlel'jet'llltll
1101 5457 1311 5508 tertiam
1344 5456 1639 5509 constituas
1665 5466 1897 5519 tctatctn,
1933 5471 1996 5508 ex
2026 5470 2126 5522 qua
2159 5455 2309 5506 dein-

726 5542 853 5593 ceps
900 5537 1047 5579 sexta
1083 5542 1247 5593 usque
1277 5527 1341 5578 ad
1373 5526 1671 5586 Christum,
1705 5538 1758 5580 et
1808 5526 1875 5578 ab
1913 5525 2029 5590 ipso
2076 5526 2304 5592 septima

728 5598 1119 5651 recensebitttt-.
1151 5598 1307 5650 Certe
1355 5598 1466 5649 ltzec
1498 5608 1765 5664 postrema
1815 5597 2131 5649 numerandi
2170 5594 2306 5648 ratio

723 5667 937 5737 videtur
984 5675 1201 5734 accepta
1251 5669 1300 5719 itt
1355 5666 1738 5737 Martyroloaio
1790 5667 2049 5728 Romano,
2088 5666 2175 5718 ttbi
2212 5682 2303 5737 vttt

727 5738 852 5791 Kal.
888 5736 1111 5792 Januar.
1160 5737 1353 5808 legitur
1399 5736 1609 5793 veniisse
1636 5738 1911 5791 Christum
1941 5747 2087 5808 sexta
2123 5736 2303 5808 mundi

726 5819 906 5878 actate,
940 5820 993 5863 et
1021 5806 1437 5879 consequentiUs
1462 5809 1584 5865 huic
1612 5810 1786 5865 ordini
1814 5823 1987 5864 acvunt
2018 5806 2143 5862 illud
2178 5806 2308 5862 Bea-

2413 3570 2589 3614 torttm
2632 3571 2819 3616 octava
2855 3561 3048 3615 dicitur
3078 3562 3441 3616 communiter
3495 3576 3521 3613 a
3577 3559 3672 3613 SS.
3716 3558 3992 3614 Patrihns.

2415 3632 2703 3684 Enimvero
2740 3632 2877 3684 Beda
2916 3634 3029 3699 ipse
3070 3634 3374 3697 septimam.
3409 3632 3489 3685 vel
3537 3643 3781 3684 octavam
3825 3630 3995 3692 quieti

2412 3704 2643 3765 vit-eque,
2690 3702 2894 3756 caelesti
2929 3702 3142 3756 tribuit:
3180 3704 3254 3755 sic
3299 3705 3441 3755 enim
3492 3702 3681 3767 incipit
3731 3699 3994 3760 libellum,

2414 3787 2507 3825 seu
2540 3771 2733 3826 Chron.
2764 3775 2825 3825 de
2855 3788 2945 3825 sea:
2978 3772 3161 3825 mundi
3208 3774 3473 3836 tetatibus,
3520 3786 3583 3824 ac
3631 3770 3875 3835 Septima,
3909 3770 3994 3823 vel

2413 3854 2602 3894 oetava
2633 3844 2851 3907 quietis,
2887 3844 3111 3910 vitasque
3157 3844 3420 3904 caelestis,
3474 3853 3576 3895 etc.
3628 3841 3731 3893 Sed
3782 3842 3891 3906 ipse
3936 3854 3999 3893 se

2407 3913 2642 3979 explicat
2670 3913 2759 3967 |:b.
2792 3912 2863 3965 De
2892 3909 3046 3975 temp.
3074 3922 3202 3973 τας..
3229 3928 3346 3979 c'tp.
3378 3913 3429 3972 8,
3457 3913 3543 3965 ubi
3572 3912 3637 3964 de
3659 3909 3996 3979 hebdomada

2408 3978 2627 4035 attalum
2665 3984 2844 4035 saeculi
2892 3985 3021 4049 agit,
3054 3992 3107 4035 et
3155 3978 3396 4051 singulas
3434 3983 3614 4034 mutuli
3646 3989 3833 4034 attates
3878 3978 3996 4051 sin-

2408 4052 2543 4112 gulis
2581 4053 2793 4116 diebus,
2824 4054 3018 4120 quibus
3066 4063 3149 4107 est
3194 4050 3440 4105 conditus
3490 4053 3652 4112 orbis,
3688 4050 3985 4112 componit.

2414 4120 2532 4175 Vult
2559 4134 2736 4175 autent
2770 4124 3051 4190 septimam
3075 4134 3290 4175 attatem
3318 4138 3437 4176 esse
3466 4123 3699 4189 quietem
3720 4121 3990 4187 jttStorum

2408 4206 2531 4243 cum
2566 4193 2808 4245 emeritis
2836 4193 2956 4245 vita:
2986 4193 3270 4260 stipendiis
3296 4206 3522 4259 corpora
3555 4192 3641 4244 hic
3676 4190 3994 4260 deponunt;

2409 4273 2654 4315 Octavam
2690 4278 2811 4315 Cltllt
2845 4263 3037 4314 iterum
3064 4259 3129 4315 ea
3170 4272 3465 4316 resuntent.
3510 4261 3769 4325 Septima,
3798 4259 3997 4323 inquit,

2412 4341 2565 4386 a‘late
2588 4335 2857 4401 jttstorum
2890 4334 3081 4386 anima:
3107 4344 3217 4396 post
3245 4333 3467 4400 optimos
3502 4332 3661 4396 hujus
3698 4329 4001 4401 ιοὶιτιξ-ιαὺοο

2410 4418 2512 4464 res,
2543 4398 2600 4454 in
2624 4403 2729 4453 alia
2759 4406 2863 4453 vita
2903 4416 3149 4470 perpetuo
3185 4398 3529 4470 requiescunt,
3571 4416 3686 4468 qua
3719 4398 3867 4451 nulla
3898 4416 4003 4451 un-

2411 4488 2565 4539 quam
2602 4473 2821 4523 tristitia
2858 4472 3226 4533 ntnculabitur,
3245 4474 3335 4525 sed
3357 4472 3558 4536 majore
3582 4472 3799 4539 insuper
3818 4485 4000 4522 resur-

2416 4538 2668 4595 tectionis
2680 4542 2851 4609 gloria
2868 4542 3249 4595 cumulabitur.
3270 4542 3396 4595 Ila't:
3410 4554 3536 4594 tetas
3551 4538 3845 4591 hominibus
3873 4552 4001 4591 tunc

2414 4615 2585 4676 coepit.
2622 4613 2831 4678 quando
2883 4615 3082 4674 primus
3133 4624 3336 4681 martyr
3372 4612 3497 4664 Abel
3533 4625 3745 4676 corpore
3790 4608 4001 4681 quidem

2414 4684 2692 4740 tutttulum,
2728 4684 2916 4749 spiritu
2960 4694 3136 4734 autem
3183 4680 3473 4735 Subbatuttt
3516 4691 3774 4748 perpetua:
3808 4680 4001 4746 quie:is

2412 4753 2662 4813 intravit;
2718 4752 3017 4820 perﬁcietur
3066 4762 3263 4811 autem,
3317 4754 3525 4818 quando
3564 4751 3778 4811 receptis
3817 4753 4001 4820 sancti

2412 4824 2718 4885 corporibus
2765 4824 2818 4874 in
2856 4836 2992 4875 terra
3022 4840 3118 4875 sua
3150 4825 3384 4885 duplicia
3418 4820 3777 4886 possidebunt,
3806 4819 4000 4871 la'titia

2412 4894 2725 4955 sempiterna
2758 4894 2854 4946 erit
2879 4894 2976 4953 eis,
3004 4903 3050 4945 et
3082 4896 3195 4959 ipsa
3230 4894 3445 4946 Octava.
3482 4892 3555 4944 Ita
3596 4891 3732 4941 Beda
3762 4890 4002 4957 explica-

2412 4971 2515 5015 ttts.
2573 4963 2792 5015 [temutn
2845 4974 3067 5015 sanctus
3118 4965 3445 5030 Augustinus
3493 4961 3790 5013 acutiorem
3838 4960 3999 5012 aliam

2414 5034 2674 5085 rationem
2711 5034 2982 5096 insinuat;
3030 5036 3395 5099 scptettarium
3443 5033 3653 5085 scilicet
3686 5045 3999 5089 numerum,

2410 5104 2534 5167 quia
2566 5118 2627 5155 ex
2663 5113 2772 5155 tom
2806 5106 3010 5170 impare
3040 5105 3297 5165 ternario,
3330 5113 3384 5157 et
3409 5113 3519 5153 toto
3548 5102 3751 5169 impate
3777 5110 4003 5170 quater-

2413 5176 2562 5224 natio
2613 5168 2928 5234 conficitur;
2984 5174 3103 5225 ideo
3151 5188 3291 5241 sa-pe
3343 5188 3438 5239 pro
3488 5168 3741 5241 universo
3796 5168 3998 5241 accipi.

2412 5242 2550 5308 Lege
2572 5256 2826 5306 praeterea
2856 5245 2905 5295 itt
2934 5244 3072 5296 hanc
3096 5260 3206 5296 rem
3228 5238 3377 5311 plura
3408 5244 3473 5295 ad
3510 5242 3657 5295 hom.
3681 5240 3772 5301 60,
3805 5251 3916 5311 not.
3941 5238 3998 5301 2,

2411 5326 2459 5364 et
2507 5316 2677 5380 ipsum
2712 5312 3092 5383 Theophanem
3131 5314 3197 5366 ad
3234 5310 3393 5367 'ltont.
3422 5330 3540 5379 LIII,
3574 5313 3625 5365 id
3676 5310 4002 5380 mysterium

2410 5385 2792 5450 explit-atttettt.

2482 5455 2593 5522 (l8)
2642 5453 2879 5508 Zodiaci.
2922 5452 3035 5507 Non
3074 5453 3337 5507 absimilis
3380 5468 3570 5505 sensus
3618 5451 3683 5503 ad
3733 5451 3998 5519 pietatem

2412 5525 2739 5577 incitandum
2775 5526 2841 5579 ab
2877 5525 3065 5585 ldiota,
3093 5528 3156 5577 de
3191 5539 3295 5590 quo
3326 5540 3510 5592 supra,
3542 5532 3651 5577 not.
3691 5523 3738 5585 Ι,
3776 5524 3825 5573 itt
3857 5535 4003 5572 (201;-

2414 5596 2757 5662 tcmplationc
2792 5596 3000 5661 septimi
3044 5594 3245 5648 mensis
3278 5595 3487 5649 elicitur
3517 5611 3531 5649 :
3567 5593 3631 5646 In
3677 5592 4003 5662 Septembri,

2413 5660 2607 5732 inquit,
2639 5665 2716 5716 sol
2747 5676 2822 5718 est
2856 5660 2909 5719 in
2956 5666 3102 5733 signo
3146 5665 3340 5729 Librae,
3367 5667 3433 5717 ad
3458 5664 3863 5735 designandum,
3894 5660 4010 5713 Do-

2412 5738 2568 5796 mine,
2603 5738 2723 5804 quia
2755 5737 2928 5790 omnia
2961 5736 3099 5792 dona
3131 5747 3224 5791 tua
3267 5737 3319 5791 in
3360 5735 3456 5791 hac
3492 5740 3597 5790 vita
3625 5744 3748 5789 sunt
3782 5749 4009 5788 mensu-

2422 5819 2540 5861 t'ata
2572 5819 2615 5862 et
2647 5808 2863 5863 librata.
