4172 6432
766 377 858 440 iiii

759 588 878 641 qua:
928 573 1251 642 peccaverit,
1307 572 1419 638 ipsa
1470 570 1767 632 morietur;
1829 580 1884 622 et
1946 583 2049 622 non
2106 568 2336 636 accipiet

758 668 899 720 lilius
931 667 1267 731 iniquitatem
1296 660 1563 731 patris“?
1594 679 1609 711 ι
1648 660 2024 730 Conjectemus
2051 661 2210 728 igitur
2269 676 2331 713 ex

761 757 862 810 hoc
895 756 1010 807 loco
1035 753 1357 807 altissimum
1380 753 1570 819 dogma
1603 750 1654 803 in
1684 750 1972 819 Evangelio
2005 750 2166 802 tradi.
2199 749 2331 803 Cum

757 848 900 903 enim
939 846 1106 913 aliqui
1140 842 1561 898 abnminabilem
1596 845 1779 906 vitam,
1826 850 1877 893 et
1935 840 2046 895 Deo
2100 842 2330 895 invisam

756 943 984 1001 ducum,
1019 940 1104 1001 iis,
1164 936 1313 1004 quasi
1376 934 1583 1005 ﬂagella
1636 934 2101 995 charissimoruni.
2157 932 2331 987 morbi

756 1042 1073 1096 mortesque
1104 1025 1447 1093 inﬂignntnr.
1479 1025 1660 1093 Neque
1691 1025 1791 1078 hoc
1818 1026 1934 1077 sine
1966 1025 2327 1093 providentia,

755 1138 818 1177 ac
848 1124 963 1175 sine
991 1121 1195 1187 judicio
1237 1130 1385 1171 certo
1421 1117 1708 1185 contingit.
1758 1116 1866 1170 Sed
1931 1117 2183 1184 quoniam
2249 1117 2332 1169 fu-

757 1227 932 1266 turum
963 1221 1100 1273 erat,
1134 1222 1189 1265 ιιι
1231 1211 1322 1263 lilii
1368 1209 1758 1262 aziiiularentur
1794 1217 2077 1277 parentum
2128 1209 2332 1277 impro-

757 1307 1003 1367 bitatem,
1040 1305 1383 1372 ipsi-quoque
1412 1318 1505 1371 per
1542 1306 1755 1354 morbos
1812 1316 1873 1354 ac
1907 1308 2134 1354 mortem
2162 1317 2191 1354 a
2220 1317 2331 1355 nia-

757 1396 868 1447 litia
898 1404 1235 1453 coercentur,
1272 1406 1323 1447 et
1357 1407 1635 1461 parentum
1686 1394 1977 1445 obstinatio
2037 1394 2329 1447 emollitur.

760 1486 1166 1547 VerUmtanien,
1201 1485 1340 1550 qnotl
1375 1501 1589 1537 servum
1618 1495 1725 1535 tota
1754 1500 1874 1536 cum
1925 1484 2085 1537 domo
2144 1484 2332 1536 venire

749 1581 929 1648 jussit,
973 1582 1037 1630 ad
1065 1588 1327 1629 terrorem
1363 1578 1732 1630 incntienduni
1771 1580 1818 1629 id
1845 1575 1993 1641 fecit,
2023 1586 2074 1629 et
2137 1577 2209 1628 ttti
2264 1577 2328 1629 ad

757 1676 1019 1739 lat'rytnus
1097 1669 1638 1734 obsecrationemque
1690 1671 1931 1720 traheret
2006 1666 2329 1721 debitorem.

756 1760 862 1811 I-Ltsi
894 1760 1034 1811 enim
1088 1758 1260 1824 ipsum
1306 1758 1535 1808 vendere
1568 1758 1850 1823 cogitavit,
1903 1770 1965 1809 ac
2004 1754 2113 1822 jam
2170 1756 2326 1825 quasi

756 1854 983 1903 traditus
1016 1858 1283 1909 erat,non
1331 1859 1508 1899 tamen
1566 1848 1676 1898 vult
1706 1858 1934 1899 mortem
1991 1850 2325 1915 peccatoris,
2363 1831 2404 1886 Β

755 1944 846 1995 μιν]
876 1942 1284 1993 conversionem
1320 1942 1535 2008 quaerit,
1571 1950 1623 1991 et
1676 1939 1869 2005 recipit
1932 1939 2331 2007 pwniteutiant.

755 2035 811 2089 li.
849 2050 1033 2088 aecum
1068 2034 1280 2102 quidem
1335 2033 1606 2085 minatum
1673 2032 1934 2094 intendit;
1989 2034 2083 2085 sed
2125 2031 2336 2085 inhibet

755 2145 925 2193 |Hl°i|il3
957 2130 1204 2197 sagittam
1237 2129 1299 2180 iis
1332 2127 1571 2194 quidem,
1601 2126 1688 2192 qtti
1727 2141 1848 2178 CUIII
1906 2126 2218 2184 ceciderint.
2281 2132 2334 2178 et

757 2211 1020 2273 viilnerati
1065 2219 1288 2282 fuerint,
1331 2220 1396 2272 ad
1436 2220 1670 2272 rctuedia
1730 2226 1906 2271 tamen
1961 2217 2274 2287 confugiunt
2315 2234 2330 2271 :

752 2315 938 2368 vendit
979 2329 1105 2367 vero
1164 2328 1309 2377 eum,
1365 2312 1452 2379 qui
1482 2314 1711 2365 salutem
1744 2312 2016 2381 desperat,
2044 2320 2099 2365 et
2153 2310 2334 2364 renuit

752 2407 1143 2463 correctionem
1186 2423 1199 2458 :
1245 2404 1681 2474 quandoquidem
1738 2402 1909 2467 servi,
1954 2410 2008 2457 et
2066 2402 2334 2467 omnium,

753 2517 872 2570 qua:
916 2500 1143 2553 habebat
1173 2499 1425 2557 venditio,
1462 2497 1751 2549 multorum
1792 2494 2055 2549 bonorum
2081 2494 2336 2563 privatio-

754 2609 874 2648 nem
901 2602 953 2646 et
983 2592 1321 2645 aversionem
1352 2598 1381 2642 a
1414 2589 1519 2641 Deo
1557 2587 1851 2657 signiﬁcat.

829 2704 846 2737 ι
892 2683 1185 2738 Procidens
1211 2691 1387 2735 autem
1427 2696 1619 2735 servus
1668 2682 1860 2734 orabat.
1930 2692 2052 2733 eum
2100 2678 2333 2733 dicens:

756 2777 1077 2831 Patientiam
1133 2775 1269 2828 habe
1300 2777 1353 2827 in
1396 2788 1503 2836 me,
1537 2782 1588 2827 et
1616 2773 1800 2826 omnia
1855 2772 2079 2827 reddam
2150 2772 2265 2826 tibi.
2311 2791 2329 2824 ι

756 2870 894 2935 Quid
927 2870 1088 2938 igitur
1111 2868 1336 2922 servus?
1372 2867 1477 2921 Pro
1498 2866 1741 2935 pecunia:
1765 2864 2036 2920 solutione
2067 2865 2337 2934 supplica-

757 2959 1164 3021 tionemollert,
1204 2969 1256 3012 et
1299 2958 1584 3012 Dominum
1624 2958 1897 3022 obsecrat,
1947 2964 2006 3009 ut
2062 2958 2337 3026 patienter

755 3053 913 3106 lerat.
974 3050 1072 3105 llic
1114 3067 1242 3105 vero
1291 3052 1379 3105 ubi
1432 3064 1647 3104 servum
1702 3050 1769 3103 ad
1812 3050 1975 3119 pedes
2034 3050 2334 3120 abjectuin,

755 3158 809 3198 et
857 3147 1038 3197 ouilos
1090 3146 1366 3197 madentes
1450 3141 1704 3210 lacrymis
1773 3142 1928 3203 vidit,
1985 3141 2226 3199 clemens
2278 3152 2334 3197 et

754 3238 912 3291 facile
958 3237 1215 3305 placabile
1272 3237 1512 3290 ostendit
1561 3234 1867 3304 ingenium;
1910 3250 2009 3289 nec
2071 3248 2330 3305 quantam

758 3345 951 3382 servus
989 3330 1235 3395 rogabat,
1268 3330 1362 3379 sed
1425 3338 1680 3394 quantam
1718 3327 1834 3394 ejus
1892 3327 2196 3397 benignitas
2238 3344 2334 3382 ca-

756 3424 956 3489 pit-bal,
1003 3434 1228 3490 gratiam
1261 3420 1409 3472 fecit.
1444 3416 1615 3473 Omne
1659 3419 1803 3471 enim
1832 3420 2072 3475 obmrato
2095 3422 2334 3475 debitum

757 3525 926 3582 gratis
952 3517 1148 3573 dnnat;
1185 3520 1238 3562 ct
1264 3510 1422 3562 simul
1454 3524 1565 3562 suae
1596 3508 1948 3578 benignitatis
1975 3510 2090 3579 ipse
2136 3512 2337 3564 inuata:

757 3607 976 3673 pelagus
1008 3604 1331 3654 immensum
1362 3601 1597 3654 ostendit
1631 3614 1645 3653 :
1676 3601 1837 3654 simul
1871 3603 2062 3655 edocet
2086 3616 2331 3665 servum,

756 3709 816 3748 ιιι
848 3694 1195 3763 pet-cantibus
1227 3694 1499 3746 condonet
1543 3706 1605 3745 ea
1658 3706 1776 3761 qua:
1804 3693 1903 3747 sibi
1942 3693 2158 3747 fuerant
2206 3709 2331 3748 eon-

755 3791 973 3842 donata.
1008 3787 1155 3839 Adeo
1189 3784 1387 3837 bonum
1420 3784 1680 3838 habemus
1709 3783 2020 3849 Dominum,
2047 3789 2181 3841 adeo
2208 3802 2333 3840 eum

753 3878 1101 3948 ειινιιιιοςιιίυ,
1141 3887 1192 3931 et
1262 3892 1368 3929 una
1416 3876 1651 3946 lacryma
1702 3875 1921 3932 ﬂectere
1982 3880 2141 3944 solet,
2201 3882 2335 3934 adeo

754 3989 880 4043 erga
913 3973 1267 4041 pteniteutem
1295 3986 1353 4025 se
1382 3970 1692 4025 muniﬁcum
1726 3972 1928 4041 praebet
1958 3982 2015 4026 ut
2066 3973 2333 4041 postulata

752 4076 969 4136 superet
1001 4066 1177 4119 donis.
1216 4063 1491 4119 Mauasses
1524 4074 1602 4117 tot
1665 4063 1961 4118 sceleribus
2021 4077 2333 4134 coopertus,

751 4171 807 4215 et
847 4168 1229 4228 pringiavatus,
1256 4158 1341 4211 vix
1373 4172 1670 4212 conversus
1728 4157 2101 4211 remissionem
2158 4158 2334 4212 solum

755 4269 784 4304 a
824 4250 931 4304 Deo
962 4251 1136 4318 petiit,
1166 4249 1353 4303 dicens
1384 4265 1397 4301 :
1455 4249 1569 4320 (59)
1599 4247 1860 4303 Miserere
1899 4249 2054 4313 mihi,
2082 4248 2332 4315 Domine,

752 4343 1049 4401 miserere;
1109 4352 1163 4394 et
1223 4342 1433 4394 veniam
1470 4342 1798 4411 impetravit,
1850 4352 1901 4395 et
1961 4343 2031 4396 ab
2090 4344 2336 4397 hostibus

752 4433 1015 4484 liberatus
1048 4440 1151 4491 est,
1185 4440 1238 4484 et
1267 4444 1488 4498 regnum
1525 4445 1715 4484 rursus
1737 4431 1971 4485 obtinuit
2007 4434 2076 4484 ".
2114 4433 2212 4501 ιι
2244 4434 2334 4487 Ille

1932 373 2343 435 THEOPHAN
2360 375 2427 435 [S
2467 374 2828 437 CERAMEI.

760 487 850 538 ubi
901 482 1194 537 honestas?
1257 480 1344 534 ubi
1410 477 1656 534 Ezechiel
1709 476 1989 534 clamans:
2043 497 2060 531 ι
2119 478 2332 540 Anima,

2444 496 2631 541 καιονς
2660 480 2761 530 ποῦ
2792 480 2852 531 τὸ
2889 479 3138 543 εὐσεϐἐς;

3908 378 4012 445 168

3191 479 3293 534 ποῦ
3328 479 3383 534 τδ
3420 482 3587 543 ὅσιον,
3620 483 3725 536 ποῦ
3755 484 4016 555 Ἰεζεκιηλ

2436 572 2464 623 6
2495 572 2652 639 βοῶν,
2678 572 2756 622 ὅτι
2800 590 2818 621 ι
2849 572 3009 641 Ψυχὴ
3043 573 3436 640 ἁμαρτάνουσα
3468 574 3605 643 αὑτὴ
3638 576 4012 636 ἀποθανεῖται,

2438 664 2533 715 καί
2569 665 2627 714 οὐ
2661 663 2890 731 λήψεται
2916 665 3013 733 τὴν
3056 666 3149 717 τοῦ
3184 668 3389 735 πατρὸς
3418 668 3695 736 ἁμαρτίαν
3728 669 3755 719 6
3791 669 3848 731 ἐξ
3873 671 4017 720 ἐκεί-

2436 773 2526 809 νου
2560 758 2888 825 γενόμενος;
2933 777 2951 808 ι
2992 759 3391 827 Στοχαζὼμεθα
3433 761 3636 823 τοίνυν,
3669 760 3743 822 ὡς
3772 760 3862 812 διὰ
3889 764 4015 814 τοᾷ-

2434 868 2542 903 τωι
2575 851 2753 919 δόγμα
2778 850 2891 904 τῶν
2928 852 3276 920 ὑψηλοτέρων
3301 851 3545 904 διδάσκει
3568 852 3625 904 το
3658 852 4013 919 Εὑαγγέλιον.

2435 940 2700 1009 Βδελυρόν
2737 944 2844 1012 γὰρ
2879 943 2992 1012 βίον
3034 946 3328 1013 μετιόντων
3374 946 3538 996 τινῶν
3561 985 3575 1003 ,
3608 949 3700 998 καὶ
3743 962 4016 996 κατεστυ-

2434 1037 2689 1103 γημένων
2734 1036 2853 1106 Θεῷ
2912 1038 3207 1102 ἐπάγονται
3260 1033 3345 1090 οἷά
3372 1054 3514 1097 τινες
3571 1041 3833 1106 μάστιγες
3864 1039 4017 1090 νόσοι

2433 1128 2540 1180 τῶν
2571 1128 2868 1194 φιλτάτων,
2903 1133 2994 1183 καὶ
3036 1129 3279 1189 θάνατοι,
3313 1132 3413 1182 οὐκ
3467 1132 3845 1199 ἀπρονοήτως,
3886 1132 4013 1183 οὐδὲ

2439 1219 2544 1290 μὴν
2576 1222 2756 1289 ἁκριτί
2778 1237 2792 1252 ⁸
2821 1223 2935 1275 ἀλλ’
2960 1222 3147 1289 ἐπειδὴ
3172 1222 3397 1289 ἔμελλον
3422 1225 3513 1274 καὶ
3544 1222 3730 1282 παῖδες
3765 1223 4016 1291 ζηλῶσαι

2435 1312 2533 1381 τὴν
2561 1312 2671 1362 τῶν
2726 1314 2983 1382 πατέρων
3021 1314 3354 1382 φαυλότητα,
3416 1315 3571 1365 αὐτοί
3611 1331 3667 1366 τε
3694 1316 3779 1365 διὰ
3817 1316 4016 1373 νόσων,

2436 1406 2468 1470 ἢ
2502 1404 2743 1457 θανάτων
2799 1403 2899 1472 τῆς
2960 1406 3158 1468 κακίας
3191 1408 3658 1474 ἁναχαιτίζονται,
3715 1407 3807 1458 καὶ
3839 1407 3869 1473 ή
3907 1409 4019 1458 τῶν

2435 1498 2701 1548 τεκόντων
2728 1496 3035 1565 σκληρότης
3068 1488 3580 1567 καταμαλάτσεται.
3615 1499 3759 1568 Πλὴν
3794 1498 3928 1551 ἀλλὰ
3956 1500 4019 1549 τὸ

2438 1585 2695 1639 κελεῦσαι
2722 1587 2941 1639 πανοικὶ
2964 1586 3054 1638 τὸν
3081 1589 3302 1657 οἰκέτην
3335 1590 3611 1657 πραθῆναι
3644 1591 3916 1659 φοϐητρον
3947 1586 4020 1659 ἦν

2435 1675 2593 1727 ἕλκον
2625 1678 2714 1727 τὸν
2749 1676 3033 1744 ὑπόχρεων
3062 1679 3140 1737 εἰς
3172 1677 3403 1744 δάκρυα,
3441 1679 3534 1730 καὶ
3562 1680 3932 1747 παράκλησιν·
3966 1684 4016 1731 εξ

2435 1768 2544 1835 γὰρ
2584 1769 2833 1837 διενοήθη
2880 1770 3153 1837 πιπρᾶσαι
3184 1769 3371 1833 αὑτὸν,
3406 1773 3496 1821 καὶ
3522 1772 3752 1822 ἀπέδοτο
3774 1771 3861 1826 ἂν.
3898 1773 4019 1824 ἀλλ’

2433 1860 2494 1910 οὐ
2530 1858 2780 1927 βούλεται
2804 1861 2893 1913 τὸν
2927 1860 3154 1914 θάνατον
3182 1860 3275 1912 τοῦ
3309 1862 3666 1929 ἁμαρτωλοῦ,
3692 1863 3825 1915 ἀλλὰ
3858 1864 4024 1932 ζητεῖ

2434 1955 2532 2021 τὴν
2583 1952 2940 2020 ἐπιστροφὴν,
2980 1956 3072 2004 καὶ
3103 1952 3383 2021 ἐκδέχεται
3431 1953 3530 2021 τὴν
3561 1954 3871 2020 μετάνοιαν.
3909 1956 4021 2006 Καὶ

2434 2045 2599 2096 τείνει
2637 2043 2734 2113 μὲν
2770 2044 2831 2095 τὸ
2855 2044 3008 2110 τόξον
3038 2044 3136 2114 τῆς
3164 2046 3416 2114 ἀπειλῆς,
3454 2046 3641 2114 ἐπέχει
3681 2048 3736 2097 δὲ
3774 2050 3833 2099 τὸ
3862 2047 4021 2116 βέλος

2437 2138 2533 2204 τῆς
2564 2136 2835 2205 τιμωρίας
2878 2137 2989 2197 τοῖς
3018 2137 3093 2205 μὴ
3128 2137 3409 2207 ἀνήκεστα
3463 2138 3753 2188 πταίουσι·
3804 2140 4022 2206 πιπρά-

2439 2247 2558 2283 σκει
2579 2230 2634 2283 δὲ
2658 2232 2749 2283 τὸν
2778 2229 3222 2299 ἀπεγνωσμένον,
3250 2232 3343 2282 καὶ
3368 2228 3699 2300 ἀδιόρθωτον
3720 2245 3735 2260 ο
3768 2230 3799 2299 ή
3822 2230 4023 2299 γάρτοι

2437 2321 2705 2391 λεγομένη
2733 2320 2829 2374 τοῦ
2864 2322 3079 2375 οίκὲτου
3117 2322 3254 2392 μετὰ
3282 2322 3388 2375 τῶν
3413 2321 3579 2375 αὑτοῦ
3614 2322 4025 2392 ἁπεμπώλησις

2437 2417 2545 2467 τῶν
2579 2415 2791 2468 πολλῶν
2815 2415 3036 2482 ἀγαθῶν
3072 2414 3331 2485 σημαίνει
3360 2415 3459 2485 τὴν
3491 2416 3771 2485 στέρησιν,
3801 2415 3898 2469 καὶ
3920 2416 4026 2485 τὴν

2440 2506 2551 2563 ἀπὸ
2581 2506 2718 2560 Θεοῦ
2750 2506 2907 2561 ὰλλοτ
2920 2508 3128 2577 ρίωσιν.

2515 2707 2534 2740 ι
2572 2689 2760 2742 Πεσὼν
2811 2682 2904 2741 οὖν
2956 2689 2984 2741 6
3014 2686 3203 2749 δοῦλος
3236 2687 3567 2757 προσεκύνει
3625 2688 3773 2759 αὑτῷ
3802 2689 3985 2756 λέγων

2440 2783 2885 2853 Μακροθύμησον
2918 2781 3005 2834 ἐπ’
3040 2783 3190 2851 ἐμοὶ,
3224 2783 3322 2833 καὶ
3352 2784 3536 2835 πάντα
3573 2800 3655 2835 σοι
3695 2782 4024 2835 ἀποδώσων

2439 2875 2502 2927 Τί
2524 2874 2617 2927 οὖν
2646 2875 2673 2926 6
2695 2876 2947 2945 οἱκέτης;
2995 2875 3141 2928 Ἀντὶ
3165 2875 3264 2943 τῆς
3293 2874 3402 2927 τῶν
3429 2876 3731 2943 χρημάτων
3758 2876 4031 2935 ὲκτίσεως

2438 2964 2536 3035 τὴν
2574 2966 2857 3035 ἱκετηρίαν
2907 2965 3276 3032 προϐάλλεται
3327 2965 3757 3035 μακροθυμήσαι
3799 2966 3894 3016 τὸν
3941 2965 4034 3016 δε-

2443 3058 2649 3124 σπότην
2702 3056 3020 3109 ἀντιϐολῶν.
3068 3056 3126 3106 '0
3182 3055 3236 3106 δὲ
3266 3056 3403 3122 ὁμοῦ
3454 3072 3514 3107 τε
3542 3052 3649 3106 οἶδε
3687 3057 3775 3106 τὸν
3800 3056 4031 3121 οἰκέτην

2442 3147 2880 3217 προσπίπτοντα,
2937 3147 3030 3199 καί⁵
3088 3147 3215 3210 τοὺς
3270 3147 3584 3215 ὀφθαλμοὺς
3634 3148 3744 3207 τοῖς
3786 3146 4033 3213 δάκρυσι

2441 3243 2729 3308 τέγγοντα,
2757 3241 2853 3292 καὶ
2882 3239 2980 3309 τὴν
3004 3239 3160 3291 ἵλεων
3187 3239 3350 3307 φύσιν
3377 3238 3732 3291 ἐνδείκνυται.
3759 3238 3871 3304 Οὐχ
3898 3240 4033 3288 ὅσον

2441 3335 2468 3386 6
2508 3333 2794 3401 ὑπόχρεως
2824 3332 3059 3400 ἐζήτησε
3086 3330 3414 3399 παρασχὼν,
3441 3330 3559 3381 ἀλλ’
3591 3332 3714 3381 ὅσον
3735 3330 3936 3398 ἐχώρει
3968 3331 4036 3380 τὸ

2441 3425 2657 3476 ἐκείνου
2694 3423 3102 3491 φιλάνθρωπον.
3132 3422 3315 3474 ’Ἄπαν
3340 3421 3449 3489 γὰρ
3479 3420 3539 3472 τὸ
3567 3420 3725 3489 χρέος
3756 3420 3833 3489 τῷ
3854 3422 4041 3471 (msu-

2440 3521 2584 3589 θύνῳ
2618 3518 2930 3588 χαρίζεται,
2989 3518 3152 3581 αὐτός
3186 3534 3245 3568 τε
3286 3516 3507 3577 δεικνὺς
3534 3519 3631 3584 τῆς
3663 3516 3867 3577 οἰκείας
3900 3519 4037 3581 φιλ-

2440 3612 2757 3682 ανθρωπίας
2806 3610 2868 3662 τὸ
2932 3609 3161 3679 ἄπειρον
3210 3608 3483 3675 πέλαγος·
3546 3608 3640 3658 καὶ
3680 3609 3769 3658 τὸν
3798 3609 4033 3674 οἰκέτην

2439 3704 2728 3763 διδάσκων,
2777 3701 2844 3754 δι’
2872 3695 2946 3754 ὧν
2973 3701 3327 3770 συνεχωρήθη
3376 3703 3488 3761 τοῖς
3516 3701 3773 3751 πταίουσι
3804 3717 4033 3768 συγχω-

2443 3796 2557 3863 ρεῖν
2579 3809 2592 3822 ·
2623 3790 2867 3845 τοιοῦτον
2894 3791 3092 3859 ἔχομεν
3122 3789 3330 3857 ἀγαθὸν
3364 3789 3645 3858 Δεσπότην
3672 3804 3685 3816 ·
3719 3789 3893 3849 οὕτως
3929 3790 4040 3840 αὑ-

2438 3885 2530 3937 τὸν
2578 3884 2812 3953 ἐπικλᾷν
2845 3878 2986 3935 οἶδεν
3020 3881 3293 3952 ἱκετηρία,
3325 3881 3417 3934 καὶ
3448 3881 3687 3951 δάκρυον
3708 3896 3721 3909 ·
3758 3879 3903 3932 οὕτω
3948 3882 4041 3950 τῷ

2445 3973 2807 4045 μετανοοῦντι
2843 3972 3125 4043 φιλίτιμος
3165 3974 3396 4039 γίνεται,
3439 3971 3513 4033 ὡς
3543 3974 3609 4041 τῇ
3643 3971 3823 4039 δωρεᾷ
3852 3971 4042 4039 ὑπερ-

2441 4068 2649 4121 σαίνειν
2679 4068 2777 4136 τὴν
2806 4069 3041 4136 αῐτησιν.
3091 4066 3150 4119 Ὀ
3182 4064 3481 4133 Μανασσῆς
3510 4064 3784 4125 τοσούτοις
3814 4079 4041 4133 πεφορ-

2440 4160 2693 4228 τισμένος
2725 4160 3061 4227 ἐγκλήμασι,
3084 4158 3238 4227 μόλις
3263 4156 3615 4226 περισταθεῖς
3637 4158 3820 4209 ἄνεσιν
3852 4160 4040 4226 μόνην

2441 4250 2645 4321 ᾔτησεν
2668 4248 2904 4302 ὲκΘεοῦ.
2932 4250 3093 4309 Ἀνες
3130 4264 3243 4317 μοι,
3282 4246 3477 4314 Κύριε,
3510 4245 3705 4312 λέγων,
3733 4244 3857 4305 ἄνες
3892 4262 3991 4312 μοι
4017 4262 4036 4275 ·

2442 4344 2538 4395 καὶ
2570 4340 2922 4411 συγχώρησιν
2953 4340 3188 4409 εἰλήφει,
3220 4340 3313 4391 καὶ
3344 4338 3453 4390 τῶν
3491 4337 3703 4407 ἐχθρῶν
3746 4336 4029 4406 ὲρῤὑσθη,

2442 4434 2536 4485 καὶ
2593 4434 2687 4501 τῆς
2741 4431 3017 4501 βασιλείας
3075 4428 3231 4491 αὖθις
3268 4430 3491 4496 γέγονεν
3522 4428 3823 4496 ἐγκρατής.
3867 4424 3930 4477 Ὀ
3965 4426 4036 4478 δὲ

752 4534 932 4574 autem
962 4531 1191 4574 exactor
1247 4520 1590 4589 vectigalium
1647 4522 1987 4588 publicanus,
2048 4536 2177 4577 cum
2230 4526 2332 4578 sibi

2438 4526 2732 4597 φορολόγος
2764 4528 2973 4587 ἐκεῖνος
3006 4522 3247 4593 τελώνης
3277 4522 3505 4591 ἰλασμδν
3528 4521 3781 4589 αἰτήσας,
3812 4520 4042 4571 δικαιο-

754 4617 1043 4683 propitium
1100 4614 1272 4668 Deum
1331 4622 1598 4684 rogasset,
1668 4616 1932 4684 justitiam
2007 4629 2331 4673 consecutus

749 4719 833 4761 est
865 4708 929 4760 ”.
965 4708 1052 4760 Ille
1077 4718 1374 4761 nocturnus
1411 4708 1695 4763 insidiator
1746 4718 1799 4762 et
1831 4710 1992 4773 latro,
2018 4708 2126 4777 jam
2178 4721 2331 4764 actus

750 4799 803 4854 in
832 4814 1047 4852 crucem
1078 4810 1131 4853 et
1186 4811 1484 4853 extremam
1547 4816 1711 4867 agens
1765 4803 2024 4868 animam,
2076 4818 2198 4856 cum
2244 4806 2326 4857 Stti

755 4892 1071 4945 memoriam
1100 4890 1271 4945 solum
1297 4904 1550 4959 precatus
1579 4901 1743 4958 esset,
1792 4894 2103 4962 paradisum
2159 4903 2328 4948 totum

756 4986 966 5054 accepit
991 4986 1058 5040 ’⁵.
1101 4985 1166 5040 Et
1215 4986 1638 5051 adolescentem,
1687 4987 1776 5056 qui
1818 5000 1849 5039 a
1898 4997 2119 5056 paterna
2171 4987 2332 5042 domo

751 5079 1008 5133 recedens
1033 5090 1223 5148 sponte
1257 5095 1315 5135 se
1381 5080 1655 5150 abjecerat
1715 5081 1780 5133 ad
1836 5081 2095 5149 pecudum
2142 5081 2330 5146 vitam,

750 5180 1027 5240 rogantem
1076 5172 1442 5240 postmodum,
1504 5183 1561 5226 ut
1611 5172 1662 5226 in
1718 5173 2175 5227 mercenariorum
2227 5188 2328 5227 nu-

820 5302 859 5334 ²¹
897 5301 1097 5357 Ezech.
1142 5318 1297 5369 xvnt,
1328 5302 1383 5367 4,
1410 5301 1503 5357 20.

1600 5302 1644 5333 "
1674 5300 1718 5356 ll
1748 5301 1925 5357 Paral.
1952 5319 2143 5369 xmn,
2174 5305 2258 5369 18,
2293 5304 2379 5359 l9.

2426 4618 2609 4686 ,σύνης
2668 4616 2937 4683 ἐπέτυχεν
2957 4627 2971 4642 ·
3000 4618 3028 4668 6
3077 4613 3391 4680 νυκτιλόχος
3420 4610 3620 4681 λῃστὴς
3652 4608 4040 4661 ἀνασκολοπι-

2442 4712 2609 4775 σθεὶς,
2643 4710 2737 4761 καὶ
2764 4708 2863 4779 ήδη
2894 4708 3071 4761 πνέων
3096 4707 3164 4758 τὰ
3194 4705 3418 4773 ἔσχατα,
3446 4704 3667 4773 μνήμην
3701 4702 3871 4770 μόνην
3924 4702 4041 4771 ζη-

2440 4804 2633 4871 τήσας,
2672 4802 2797 4854 ὅλον
2827 4800 3039 4867 εἰλήφει
3063 4797 3422 4868 παράδεισον.
3462 4797 3570 4848 Καὶ
3604 4798 3790 4862 νεανίᾳ
3818 4810 4041 4861 πατρι-

2443 4893 2545 4961 κῆς
2574 4892 2765 4954 ἑστίας
2821 4891 3324 4960 ἀποσκιρτήσαντι,
3355 4888 3449 4940 καὶ
3500 4886 3636 4956 πρὸς
3663 4885 3755 4937 τὸν
3782 4886 4041 4955 χοιρωδη

2438 4984 2555 5051 βίον
2592 4983 3030 5054 αὐτομολήσαντι
3065 4983 3121 5033 ὲν
3154 4982 3310 5051 μέρει
3345 4978 3633 5048 μισθωτῶν
3662 4976 3906 5040 ἀξιοῦντι
3945 4993 4005 5028 τε

2436 5077 2657 5146 τάχθαι,
2700 5076 2991 5145 χαρίζεται
3050 5074 3149 5143 τὴν
3207 5071 3435 5143 πρώτην
3496 5070 3801 5137 εὐγένειαν,
3864 5070 3966 5119 καὶ
4002 5074 4041 5122 ὁ

2438 5171 2630 5242 παρὼν
2686 5171 2904 5238 οἰκέτης
2966 5165 3353 5239 μακροθυμίαν
3413 5166 3581 5234 μόνην
3644 5164 3863 5233 ᾐτήκει,
3926 5168 4037 5216 καὶ

2458 5304 2503 5337 ³³
2540 5303 2669 5359 Luc.
2700 5318 2851 5370 xvnl,
2885 5303 2971 5359 Η.
3052 5301 3096 5332 ³⁵
3132 5299 3269 5356 Luc.
3302 5315 3461 5362 mit,
3484 5299 3572 5354 45.

1986 5422 2309 5485 Francisci
2346 5422 2553 5485 Scorsi
2590 5431 2776 5485 noue.

801 5521 913 5590 (39)
935 5520 1195 5577 Miserere.
1212 5521 1821 5591 Quamvispcenitentie
1841 5521 2104 5579 Manassis
2129 5527 2332 5580 mentio

751 5594 837 5645 liat
860 5607 1155 5661 capaxxun
1176 5593 1429 5660 Paralip.,
1446 5597 1622 5648 oratio
1637 5604 1814 5647 tamen
1841 5594 1948 5656 illa,
1966 5610 2083 5662 quae
2097 5598 2329 5651 circum-

747 5663 942 5723 l‘ertnr.
989 5678 1095 5715 non
1137 5678 1218 5717 est
1256 5680 1316 5719 ex
1354 5665 1649 5718 Canoniris
1696 5664 1885 5729 libris;
1922 5676 2101 5720 exstat
2147 5678 2324 5721 tamen

752 5736 946 5801 rejecta
986 5734 1039 5786 iu
1073 5735 1273 5802 calcem
1322 5733 1642 5798 B.bliorum,
1684 5749 1749 5787 eo
1786 5737 1929 5802 quod
1971 5750 2001 5788 a
2051 5738 2325 5793 nonnullis

748 5802 1001 5858 Panibus
1036 5820 1099 5857 cx
1141 5819 1202 5859 ea
1237 5804 1376 5859 sumi
1410 5807 1610 5861 dictum
1647 5804 1866 5874 aliquod
1896 5807 2112 5863 soleat:
2145 5823 2322 5881 quau-

2439 5541 2600 5592 quam
2642 5540 2812 5592 neque
2860 5538 3020 5576 verna
3067 5523 3201 5583 haec,
3236 5535 3353 5591 qum
3378 5520 3736 5592 Theophanes
3771 5518 3933 5574 allert
3971 5523 4036 5576 in

2437 5590 2690 5649 Miserere
2725 5590 2873 5659 inihi,
2914 5593 3153 5654 lluntine,
3201 5590 3479 5653 miserere,
3528 5590 3621 5643 Sed
3645 5603 3793 5644 terte
3814 5592 4036 5648 similia

2433 5678 2561 5720 sunt
2613 5668 2717 5730 iis,
2775 5681 2895 5736 quae
2954 5667 3024 5717 ibi
3083 5665 3355 5736 dicuntur.
3409 5671 3468 5736 ut
3517 5672 3791 5736 noi_i_ta‘m
3851 5668 4039 5718 verba

2432 5738 2585 5804 ipsa,
2631 5730 2809 5806 quani
2840 5750 3058 5791 sensum
3095 5750 3159 5789 ex
3205 5734 3290 5787 illa
3323 5734 3573 5801 esi-iperc
3606 5731 3694 5785 hic
3726 5730 3889 5785 Pater
3929 5750 4035 5790 vo-

2430 5809 2610 5863 luerit.
