4172 6432
134 404 225 469 169

1508 398 1829 458 HOMILIA
1876 395 1957 455 ll.

3253 381 3359 450 ιτο

129 517 327 578 παντὸς
350 515 444 568 τοῦ
473 516 671 587 χρέους
714 515 931 583 δέχεται
973 513 1072 583 τὴν
1119 510 1484 581 συγχώρησιν.
1540 510 1705 580 Ὁρᾷς

1839 519 1960 560 rtero
1992 512 2323 567 censeretur,
2370 519 2400 556 ιι
2434 503 2713 571 pristinam
2738 502 2902 572 gratis
2929 503 3159 557 restituit
3203 510 3385 559 ttultI-.

128 614 431 677 οἱκτιρμων
476 613 708 676 ἄπειρον
733 607 971 671 πέλαγος
997 621 1009 633 ο
1046 621 1131 664 τις
1173 600 1315 654 οὕτω
1346 600 1705 664 νωθέστατος,

128 697 222 752 καὶ
256 700 406 766 πέρα
444 697 543 750 τοῦ
574 696 814 760 δέοντος,
852 695 925 759 ὡς
957 694 1031 764 μὴ
1072 693 1208 764 πρὸς
1238 691 1482 743 τοιοῦτον
1508 690 1711 743 Δεσπό-

130 808 226 858 την
249 790 489 860 δραμεῖν
516 786 829 855 κραιπνοῖς,
860 785 886 836 ὃ
907 784 1146 850 λέγεται,
1176 782 1291 842 τοῖς
1323 780 1585 844 ποοὶ,κᾶν
1608 796 1710 847 μυ-

132 882 275 952 ρίαις
331 880 553 949 κηλίσιν
599 877 890 947 ἁμαρτιῶν
924 872 1325 936 καταστίζοιτο,
1355 871 1461 923 κᾶν
1495 869 1711 928 παλλοῖς

129 973 421 1030 ταλάντοις
450 966 739 1038 ἁμαρτιῶν
764 966 1091 1035 βαρύνοντος
1120 964 1407 1032 Θαρσεῖτε,
1444 964 1557 1013 ὅσοι
1587 959 1711 1011 κατ’

130 1065 228 1134 ἐμὲ
261 1062 517 1133 ῥᾴθυμον
548 1060 697 1130 ζωὴν
747 1056 1037 1113 ὲσιὼσατε,
1078 1055 1257 1107 Μόνον
1295 1055 1369 1123 μὴ
1406 1052 1495 1103 τὸν
1520 1049 1716 1119 ἀχάρι-

133 1173 254 1208 στον
276 1153 475 1207 τοῦτον
507 1152 788 1222 δραπέτην
822 1146 1184 1217 ζηλώσωμεν,
1230 1146 1289 1208 ὃς
1321 1142 1499 1211 τυχὼν
1526 1140 1715 1194 τοσού-

131 1265 223 1298 του
274 1248 476 1316 χρέους
514 1247 764 1313 ἀφέσεως
797 1243 855 1294 ὲν
905 1240 1064 1303 ἰδίαις
1095 1238 1394 1309 ἁφραδίαις
1429 1234 1528 1305 τὴν
1557 1235 1717 1306 χάριν

130 1338 441 1393 ἀπιίιλεσεν.

1810 595 2039 649 litatem.
2078 594 2143 647 Et
2179 593 2265 646 hic
2286 594 2467 647 itidem
2488 608 2676 648 servus
2696 593 2999 661 patientiam
3027 594 3181 647 modo
3207 611 3355 663 roga-

1808 692 1981 752 verat,
2019 694 2074 740 et
2100 686 2261 737 totius
2282 683 2443 737 debiti
2468 683 2837 738 remissionem
2896 685 3143 738 obtinuit.
3197 683 3358 738 Vides

1809 774 2217 829 miserationum
2248 772 2466 841 pelagus
2495 775 2872 827 inexhaustum
2904 790 2915 825 :
2949 776 3066 842 quis
3114 784 3218 827 tam
3274 789 3363 827 se-

1810 868 1948 936 gnis,
1976 875 2030 922 et
2057 866 2193 920 ultra
2225 880 2387 935 quam
2414 876 2658 933 oporteat
2696 866 2938 928 timidus,
2965 868 3053 935 qui
3095 868 3158 919 ad
3207 866 3366 920 talem

1812 958 2099 1013 Dominum
2138 957 2412 1013 velocibus
2458 956 2591 1025 (40),
2627 968 2685 1011 ιιι
2717 960 2936 1023 dicitur,
2989 959 3210 1027 pedibus
3264 975 3369 1013 non

1813 1055 2080 1111 accurrat,
2123 1048 2333 1102 etiamsi
2364 1051 2547 1103 decem
2598 1049 2829 1104 millilms
2864 1060 3205 1117 peccatorum
3238 1051 3377 1102 notis

1820 1140 2058 1203 inustus,
2097 1148 2153 1192 et
2176 1138 2361 1191 multis
2413 1140 2572 1192 etiam
2630 1138 2888 1191 scelerum
2943 1138 3264 1207 ponderibus
3312 1139 3383 1192 sit

1818 1228 2150 1299 oppressus?
2186 1226 2454 1282 Confidite
2478 1236 2742 1295 quotquot
2766 1226 2922 1280 sicuti
2976 1237 3031 1280 et
3078 1242 3176 1297 ego
3211 1227 3385 1281 disso-

1817 1326 1984 1377 lutam
2025 1323 2189 1377 vitam
2227 1322 2434 1393 egistis.
2474 1320 2632 1374 Modo
2663 1319 2932 1389 ingratum
2969 1320 3113 1375 hune
3167 1335 3381 1373 servum

130 1446 197 1484 ne
262 1432 564 1493 imitemur,
602 1426 693 1495 qui
764 1434 873 1479 tam
919 1424 1141 1495 grandis
1192 1422 1432 1491 pecuniae
1492 1419 1685 1475 debitae
1725 1415 2038 1474 remissione
2104 1424 2342 1483 accepta,
2374 1414 2442 1466 ob
2513 1422 2778 1467 suammet
2840 1411 3122 1465 stultitiam
3162 1412 3387 1481 gratiam

198 1521 391 1576 rdidit.

127 1536 391 1592 perdunt.

201 1636 221 1667 ι
253 1612 535 1678 Ἐξελθὼν
580 1615 609 1666 ό
636 1611 824 1675 δοῦλος
854 1612 1062 1672 ἐκεῖνος
1124 1600 1284 1677 εὗρεν
1338 1605 1436 1658 ἕνα
1466 1603 1574 1655 τῶν
1602 1616 1727 1651 συν-

126 1708 335 1761 δούλων
382 1704 574 1769 αὑτοῦ,
634 1703 693 1767 ὃς
724 1701 959 1771 ὠφειλεν
997 1700 1150 1769 αύτῷ
1203 1699 1402 1752 ἑκατὸν
1447 1692 1724 1764 δηνάρια“

1906 1614 1925 1646 ι
1983 1596 2245 1664 Egressus
2293 1603 2469 1648 autem
2514 1609 2703 1647 servus
2744 1595 2828 1647 ille
2878 1596 3078 1648 invenit
3115 1611 3278 1649 unum
3325 1597 3394 1651 de

1828 1687 2104 1741 conservis
2138 1686 2249 1741 suis
2270 1726 2284 1750 ,
2313 1687 2402 1755 qui
2437 1685 2665 1740 debebat
2691 1686 2739 1738 ei
2770 1693 2985 1739 centum
3015 1685 3264 1740 denarios
3294 1702 3308 1738 :
3341 1698 3397 1739 et

128 1803 218 1852 καί
259 1799 557 1868 κρατήσας
591 1794 756 1849 αὐτὸν
797 1793 990 1861 ἐπνιγε
1021 1791 1231 1860 λέγων·
1281 1787 1507 1849 Ἀπόδος
1533 1802 1625 1855 μοι
1676 1784 1727 1835 εί

1839 1788 2018 1835 tenens
2055 1776 2350 1832 sulfocabat
2383 1791 2503 1830 eum
2539 1777 2745 1839 dicens,
2777 1774 2962 1830 Redde
2990 1777 3339 1846 quoddebes.
3374 1796 3394 1829 ι

125 1908 175 1943 τι
201 1889 472 1958 ὀφείλεις.
509 1905 528 1938 ι
565 1886 696 1939 Δέον
726 1885 1037 1955 παρασχεῖν
1068 1880 1148 1951 τῷ
1169 1878 1448 1949 ὁμοδούλῳ
1484 1873 1719 1947 μερικῆς

128 1987 375 2053 χάριτος,
402 1978 474 2053 ἧς
497 1982 708 2043 ἐκεῖνος
729 1980 811 2041 είς
840 1977 1004 2048 κόρον
1027 1974 1337 2045 ἀπήλαυσε,
1364 1972 1484 2025 δέον
1517 1967 1722 2037 εὐγνώ-

129 2092 266 2143 μονα
306 2072 575 2145 γενάσθαι
603 2070 739 2139 πρὸς
769 2068 862 2121 τὸν
907 2067 1217 2138 ὁμόδουλον,
1249 2064 1283 2135 ἢ
1330 2063 1602 2132 όμότυχον
1632 2074 1646 2088 ·
1693 2059 1723 2109 ό
1792 2118 1803 2126 ⁹

126 2168 203 2228 δὲ,
244 2164 395 2217 κατὰ
420 2163 486 2216 ττ
506 2160 824 2230 λεγόμενον,
856 2160 950 2231 ἅμ’
982 2157 1235 2228 ὴλέηται,
1267 2155 1361 2207 καὶ
1386 2151 1653 2221 τέθνηκεν
1686 2149 1720 2218 ἡ

129 2261 290 2329 χάρις
316 2275 333 2289 ο
365 2260 493 2311 κατ’
524 2255 696 2324 αὐτὴν
724 2254 835 2322 γὰρ
870 2255 971 2321 τὴν
995 2250 1146 2321 ὥραν
1176 2250 1205 2302 ό
1238 2248 1475 2308 δείλαιος
1497 2245 1590 2298 τὸν
1629 2244 1727 2298 αύ-

130 2351 219 2401 τδν
244 2345 427 2418 ἦγχεν
484 2345 777 2414 ὑπόχρεων
827 2340 1086 2409 οὐδεμίαν
1113 2340 1299 2393 ἄνεσιν
1325 2334 1722 2408 παρεχόμενος,

130 2440 311 2491 καίτοι
344 2437 446 2489 καὶ
492 2437 521 2488 ὁ
556 2432 843 2495 σύνδουλος
867 2434 979 2493 τοῖς
1007 2431 1190 2491 αὐτοῖς
1216 2429 1491 2497 ἐχρήσατο
1519 2426 1721 2493 λόγοις,

131 2525 210 2591 οἷς
244 2528 416 2590 αύτδς
448 2527 588 2596 πρὸς
635 2526 727 2577 τὸν
761 2522 985 2593 βασιλέα
1042 2523 1349 2591 ἐχρήσατο·
1378 2518 1492 2572 ἀλλ’
1534 2519 1596 2569 οὐ
1627 2518 1724 2586 τῆς

136 2622 253 2689 ἴσης
301 2618 507 2685 ἐκείνῳ
561 2614 832 2682 τετύχηκε
868 2612 1116 2680 χάριτος,
1171 2608 1362 2678 ἐπειδὴ
1396 2608 1494 2677 οὐχ
1525 2606 1728 2675 ὁμοίων

133 2712 442 2778 ἀμφότεροι
473 2704 797 2759 δανειστῶν.
831 2701 1024 2765 Καλῶς
1062 2702 1119 2754 δὲ
1147 2702 1173 2753 ό
1208 2701 1369 2768 λόγος
1419 2700 1727 2772 προσέθηκε

136 2800 231 2851 καὶ
255 2800 317 2850 τὸ
347 2795 642 2861 Ἐξελθὼν,
668 2797 973 2864 ἐμφαίνων,
1001 2795 1075 2856 ὡς
1116 2792 1341 2862 ιξῆλθεν
1373 2791 1480 2844 ἀπὸ
1513 2791 1725 2844 δικαίου

137 2888 233 2939 xz".
276 2886 615 2957 πρέποντος.

213 3088 233 3119 ι
272 3066 507 3126 ’ἰδόντες
528 3064 585 3117 δὲ
612 3063 663 3116 οί
695 3061 973 3115 σύνδουλοι
1000 3062 1167 3115 αὐτοῦ
1197 3063 1266 3115 τὰ
1300 3062 1569 3131 γενόμενα
1603 3060 1725 3114 ὲλυ-

1824 1868 2062 1940 Ᾰίίίιιιιιιη
2088 1868 2287 1934 fuerat,
2311 1878 2369 1923 ut
2390 1884 2509 1924 eam
2536 1882 2794 1922 conservo
2820 1870 3049 1938 gratiam
3078 1871 3401 1939 impertiret,

1822 1977 1985 2032 quam
2013 1961 2129 2029 ipse
2160 1959 2371 2015 abunde
2399 1968 2746 2029 perceperat;
2782 1975 2990 2029 :equum
3024 1969 3081 2014 ut
3111 1961 3399 2030 benignum

1825 2067 1883 2105 se
1911 2066 2040 2120 erga
2068 2065 2189 2105 eum
2222 2051 2503 2120 praeberet,
2534 2050 2625 2120 qui
2657 2049 2711 2102 in
2740 2051 2924 2104 eadem
2965 2059 3107 2104 esset
3145 2051 3404 2106 servitute

1826 2154 1986 2213 atque
2012 2142 2255 2207 fortuna;
2289 2151 2527 2196 attamen
2556 2140 2716 2194 simul
2749 2155 2811 2194 ac
2837 2141 3262 2197 misericordiam
3290 2142 3406 2212 (41)

1825 2242 2154 2289 consecutus
2184 2242 2287 2297 est,
2323 2231 2485 2299 periit
2520 2230 2594 2285 illi
2628 2229 2825 2302 gratia,
2860 2239 2920 2284 ut
2950 2230 3181 2298 dicitur;
3215 2233 3405 2288 eadem

1833 2330 1981 2383 enim
2012 2328 2143 2381 bora
2179 2326 2364 2381 infelix
2397 2325 2483 2380 ille
2510 2325 2805 2381 debitorem
2834 2328 3068 2396 angebat
3093 2342 3249 2382 suum
3277 2328 3412 2384 nihil

1828 2419 2051 2473 omnino
2080 2420 2359 2474 remittens
2390 2434 2403 2471 :
2440 2428 2494 2472 et
2517 2416 2760 2486 profecto
2789 2418 2973 2472 eadem
3004 2419 3246 2473 oratione
3270 2422 3411 2489 apud

1832 2508 1980 2561 illum
2017 2520 2311 2561 conservus
2339 2521 2469 2561 usus
2500 2516 2601 2569 est,
2632 2521 2736 2576 qua
2774 2508 2863 2562 ille
2896 2509 3036 2577 apud
3084 2524 3287 2581 regem,
3316 2513 3411 2567 sed

1831 2612 1941 2652 non
1990 2598 2234 2651 eamdem
2285 2606 2499 2661 tamen,
2552 2606 2715 2665 atque
2769 2595 2858 2651 ille
2904 2597 3131 2665 gratiam
3183 2608 3410 2665 nactus;

1832 2687 2268 2758 quandoquidem
2298 2703 2403 2741 non
2432 2687 2638 2743 similes
2666 2688 2825 2742 ambo
2853 2688 3029 2742 sortiti
3056 2687 3271 2743 fuerant
3296 2704 3416 2746 cre-

1832 2781 2055 2833 ditores.
2095 2779 2160 2833 Et
2201 2789 2351 2835 recte
2392 2794 2523 2834 sane
2567 2794 2745 2835 sermo
2781 2779 3125 2850 evangelicus
3166 2782 3419 2849 apposuit

1830 2871 1981 2936 illttd,
2008 2870 2293 2942 Egressus,
2319 2882 2377 2925 ut
2401 2871 2655 2925 nimirum
2683 2873 2991 2926 ostenderet
3036 2884 3159 2925 eum
3191 2872 3417 2942 justitite

1830 2971 1883 3015 et
1914 2962 2184 3031 a-quitatis
2214 2963 2348 3017 lines
2377 2976 2675 3031 egressum.

1911 3070 1929 3103 ι
1970 3051 2226 3109 Videntes
2254 3063 2434 3106 autem
2464 3054 2605 3106 servi
2639 3053 2775 3122 ejus,
2806 3067 2926 3121 qua:
2957 3054 3178 3120 fiebant,
3206 3056 3417 3111 contri-

144 3158 421 3224 πήδησαν,
445 3156 544 3208 καὶ
577 3154 825 3215 ἐλθόντες
854 3154 1197 3224 διεσάφησαν
1231 3153 1308 3222 τῷ
1337 3153 1514 3222 κυρίῳ
1550 3151 1731 3205 αὐτῶν

1839 3138 1959 3192 Stati
1987 3148 2111 3193 sunt
2130 3138 2314 3205 valtle;
2341 3148 2395 3193 et
2419 3149 2701 3202 venerunt,
2730 3150 2781 3192 et
2807 3151 3166 3197 narraverunt
3191 3142 3421 3199 Domino

143 3250 207 3299 τά
238 3250 538 3315 γενόμενα.
584 3264 601 3294 ι
642 3244 1024 3297 Μυσάττονται
1051 3242 1244 3295 τοῦτον
1272 3246 1373 3311 τῆς
1403 3242 1732 3312 ἀγρσότητος

142 3343 187 3390 οἱ
237 3338 603 3406 μισοπόνηροι
683 3332 978 3386 σύνδουλοι.
1040 3332 1334 3401 Ἀγγελους
1389 3332 1445 3385 δὲ
1511 3333 1734 3395 τούτους

148 3434 418 3499 προσήκει
441 3429 584 3479 νοεῖν
615 3424 936 3486 συνδούλους
960 3426 1099 3477 κατὰ
1129 3425 1220 3475 τὸν
1242 3424 1341 3493 τῆς
1372 3423 1733 3495 δημιουργίας

145 3522 303 3586 λόγον
324 3519 704 3588 ὑπάρχοντας,
730 3518 825 3568 καὶ
857 3516 967 3567 τῶν
992 3513 1243 3586 πράξεων
1274 3516 1433 3585 ἡμῶν
1465 3514 1733 3584 τηρητάς.

148 3612 364 3677 Ὠσπερ
391 3610 450 3662 δὲ
480 3610 623 3679 χαρὰ
652 3609 861 3674 γίνεται
895 3609 951 3659 ἐν
975 3608 1051 3675 τῷ
1073 3606 1288 3676 ούρανῷ
1324 3610 1414 3658 ἐπὶ
1448 3606 1527 3658 ἑνὶ
1554 3607 1739 3677 ἁμαρο

148 3702 308 3771 τιυὶ-ᾦ
344 3698 745 3771 .μετανοοῦντι,
786 3698 963 3760 οὕτως
1000 3699 1063 3749 ἐκ
1123 3696 1218 3749 τοῦ
1271 3696 1519 3749 ἐναντίου
1552 3696 1738 3748 λυπεῖ-

152 3794 275 3845 σθαι
313 3792 541 3859 λέγεται
570 3790 782 3859 σφόδρα
813 3788 881 3841 τὰ
921 3787 1289 3858 καθαρώτατα
1323 3787 1611 3857 πνεύματα
1651 3787 1736 3856 ἐφ’

150 3888 285 3954 ἡμῖν
314 3884 726 3953 ἁμαρτάνουσι.
764 3880 877 3935 Καὶ
902 3881 966 3952 δὴ
1010 3883 1104 3933 καί
1144 3879 1222 3949 τῷ
1253 3880 1488 3949 δεσπότῃ
1520 3880 1619 3949 τὴν
1644 3878 1737 3931 τοῦ

150 3979 299 4047 ἁμνή
310 3992 475 4043 pavo;
499 3974 760 4043 ὠμότητα
784 3972 1185 4042 μεμηνύκασιν,
1208 3971 1305 4039 οὐχ
1333 3972 1409 4032 ὡς
1429 3970 1739 4036 ἀγνοοῦντι,

149 4064 290 4116 ἀλλὰ
320 4062 540 4116 Ξικαίαν
580 4060 1025 4129 ἐπιδεικνύμενοι
1050 4060 1427 4128 ἀγανάκτησιν
1461 4060 1606 4111 κατὰ
1642 4058 1739 4111 τοῦ

153 4159 230 4225 μὴ
261 4160 614 4225 τηρῇσαντος
651 4153 784 4222 πρὸς
812 4153 905 4205 τὸν
924 4153 1199 4221 ὁμόφυλον
1225 4154 1285 4204 τὸ
1315 4150 1661 4220 φιλάλληλον.

228 4438 249 4470 ι
293 4419 433 4471 Τότε
487 4415 1009 4487 προσκαλεσάμενος
1047 4418 1213 4469 αὑτὸν
1263 4420 1291 4469 ό
1337 4418 1523 4487 κύριος
1576 4416 1742 4470 αὑτοῦ

1840 3246 1941 3285 suo
1978 3232 2191 3293 omnia,
2220 3245 2341 3299 qua:
2380 3230 2522 3285 facta
2563 3230 2794 3286 fuerant.
2835 3250 2853 3281 ι
2895 3232 3233 3288 Aversantur
3278 3234 3422 3290 hunc

1837 3330 2059 3391 propter
2129 3336 2344 3377 morum
2415 3322 2761 3377 acerbitatem
2835 3326 3082 3379 conservi
3154 3327 3419 3382 malorum

1840 3427 2049 3468 osores.
2078 3413 2135 3466 In
2167 3414 2257 3467 his
2283 3427 2412 3467 vero
2443 3412 2661 3480 angelos
2709 3428 2805 3483 par
2850 3424 2934 3470 est
2979 3415 3300 3486 intelligere,
3328 3418 3420 3487 qtti

1844 3504 2052 3558 ratione
2075 3504 2377 3558 creationis
2405 3505 2653 3558 conservi
2685 3517 2833 3571 sunt,
2861 3516 2919 3561 et
2948 3505 3090 3561 facta
3124 3512 3423 3563 observant

1842 3605 2024 3650 nostra
2056 3612 2069 3649 :
2107 3609 2170 3649 ac
2197 3594 2357 3650 sicuti
2398 3615 2415 3647 ι
2454 3596 2705 3665 gaudium
2739 3606 2821 3649 est
2871 3596 2925 3650 in
2959 3598 3098 3652 coelo
3130 3612 3291 3668 super
3316 3614 3427 3653 uno

1842 3695 2128 3757 peccatore
2158 3690 2531 3757 paenitentiam
2565 3701 2758 3758 agente
2780 3690 2847 3754 ",
2880 3711 2899 3743 ι
2939 3693 3010 3745 ita
3042 3692 3205 3746 etiam
3230 3678 3423 3748 contra

1847 3779 2197 3848 peccantibus
2242 3779 2430 3844 nobis,
2480 3781 2641 3834 iidem
2692 3782 2969 3849 purissimi
3016 3783 3238 3851 spiritus
3282 3784 3423 3840 allici

1845 3882 2081 3923 mmrore
2127 3870 2402 3926 dicuntur.
2436 3871 2577 3938 Quin
2623 3873 2783 3927 etiam
2834 3875 3102 3930 diritatem
3151 3876 3270 3947 ejus
3320 3878 3425 3947 12

1846 3961 2053 4030 accepti
2091 3961 2338 4017 beneficii
2379 3964 2717 4020 immemoris
2750 3964 2975 4021 domino
3024 3970 3424 4034 renuntiarunt,

1847 4066 1951 4107 non
1993 4051 2135 4121 quod
2184 4053 2273 4107 ille
2323 4056 2539 4111 nescius
2587 4056 2706 4125 ejus
2752 4068 2926 4121 esset,
2960 4058 3053 4113 sed
3098 4059 3174 4113 uti
3221 4059 3424 4129 justam
3480 4068 3486 4072 '

1847 4143 2270 4213 indignationem
2306 4157 2620 4216 conceptam
2651 4150 2914 4204 adversus
2943 4165 3062 4205 eum
3099 4151 3429 4218 indicarent,

1849 4236 1940 4303 qui
1978 4236 2147 4291 mutui
2185 4238 2389 4294 amoris
2424 4239 2592 4308 legent
2630 4255 2754 4309 erga
2794 4241 3102 4309 popularem
3133 4256 3289 4297 suum
3320 4258 3428 4298 non

1848 4327 2209 4383 observasset.

1935 4439 1953 4471 ι
1998 4421 2151 4477 Tunc
2188 4424 2394 4478 vocavit
2430 4422 2576 4477 illum
2611 4423 2864 4479 dominus
2899 4440 3049 4492 suus,
3100 4433 3155 4480 et
3187 4426 3261 4479 ait
3297 4425 3371 4481 illi
3411 4446 3425 4482 :

153 4512 306 4579 λέγει
335 4508 510 4577 αὐτῷ·
533 4508 695 4561 Δοῦλε
719 4508 945 4579 πονηρὲ,
970 4510 1151 4561 πᾶσαν
1177 4508 1275 4577 τὴν
1292 4509 1515 4579 ὀφειλὴν
1534 4509 1731 4578 ἐκείνης

1858 4514 2025 4569 Serve
2063 4528 2312 4582 nequam,
2352 4527 2510 4567 omne
2538 4511 2772 4567 debitum
2814 4514 2991 4567 dimisi
3036 4514 3148 4577 tibi,
3175 4514 3428 4584 quoniam

154 4602 355 4671 ἀφῆκα
414 4618 520 4664 σοι,
577 4602 700 4653 ἐπεὶ
749 4599 1127 4672 παρεκάλεσάς
1161 4618 1227 4671 με
1252 4618 1264 4629 ·
1296 4601 1396 4653 οὐκ
1426 4600 1535 4653 ἔδει
1561 4604 1656 4655 καὶ
1690 4603 1749 4655 σὲ

154 4692 388 4760 ἐλεῆσαι
435 4689 529 4742 τὸν
564 4688 856 4742 σύνδουλόν
912 4706 1006 4743 σου
1034 4690 1111 4753 ὡς
1147 4689 1300 4759 κάγώ
1347 4707 1405 4743 σε
1435 4690 1675 4761 ἡλέησας
1726 4712 1744 4743 ι

156 4783 367 4834 Σκόπει
404 4798 498 4849 μοι
530 4778 762 4832 ἐνταῦθα
794 4779 888 4831 τοῦ
926 4780 1191 4849 βασιλέως
1226 4781 1635 4853 φιλανθρωπίας
1673 4784 1749 4836 δι-

157 4874 470 4941 καιοσύνην
510 4873 826 4943 ἰσόρροπον.
855 4873 967 4926 Καὶ
1001 4872 1210 4942 ταύτην
1242 4874 1343 4925 οὐκ
1392 4875 1600 4944 ἀκριτὶ,
1631 4874 1747 4931 ἀλλ’

159 4966 395 5032 ἀγαγὼν
453 4964 550 5017 ἐπὶ
603 4963 851 5034 βήματος
903 4963 994 5015 τὸν
1033 4964 1355 5031 μαστιγίαν,
1408 4968 1502 5018 καὶ
1554 4966 1745 5020 τοῦτον

156 5058 420 5127 ἐλέγξας,
447 5057 545 5110 καὶ
572 5056 982 5125 ἀναπολόγητον
1019 5056 1292 5128 δεδειχὼς,
1320 5060 1411 5111 καὶ
1439 5058 1747 5122 δικαιωθείς

158 5153 215 5203 ἐν
243 5152 366 5210 τοῖς
416 5149 599 5216 λόγοις
634 5148 827 5210 αὐτοῦ,
860 5149 955 5199 καὶ
979 5148 1211 5216 νικήσας
1242 5149 1300 5199 ἐν
1322 5148 1398 5217 τῷ
1442 5148 1747 5218 κρίνεσοαι,

156 5240 400 5317 ᾗερησιν
443 5253 470 5291 ο
526 5239 709 5304 Δαὸὶδ,
743 5239 999 5307 ἐπιφέρει
1058 5238 1154 5309 τὴν
1199 5238 1418 5291 δικαίαν
1449 5240 1744 5307 ἀπόφασιν.

232 5379 282 5408 ’⁵
309 5346 446 5430 Luc.
476 5388 564 5436 xv,
592 5372 681 5426 10.
760 5372 806 5403 ³⁸
830 5372 970 5427 Psal.
999 5390 1050 5437 L,
1074 5374 1130 5433 9.

1853 4606 2051 4674 rogasti
2100 4620 2185 4659 me
2231 4622 2244 4657 :
2299 4619 2477 4659 nonne
2524 4618 2651 4673 ergo
2694 4605 2929 4673 oportuit
2975 4616 3032 4659 et
3074 4614 3125 4659 te
3185 4606 3429 4660 misereri

1852 4696 2096 4749 conservi
2132 4694 2231 4759 tui,
2265 4704 2321 4748 ttt
2349 4709 2447 4764 ego
2481 4694 2553 4746 tui
2588 4694 2846 4749 misertus
2880 4694 3036 4749 sum?
3070 4713 3089 4745 ι
3132 4694 3428 4750 Considera

1851 4785 1939 4840 hic
1994 4785 2124 4839 mihi
2186 4788 2328 4856 regis
2382 4785 2645 4853 justitiam
2708 4799 2770 4838 ex
2835 4799 2988 4853 aequo
3046 4786 3430 4840 misericordia:

1854 4880 2259 4948 respondentem
2297 4887 2456 4945 atque
2501 4877 2775 4932 libratam.
2824 4876 2974 4931 Hanc
3005 4879 3139 4932 adeo
3174 4893 3278 4932 non
3313 4878 3430 4933 sine

1850 4969 2056 5038 judicio
2085 4978 2320 5031 exercet,
2354 4968 2447 5040 sed
2479 4968 2831 5022 verberonem
2869 4968 3018 5022 illum
3054 4969 3107 5021 in
3134 4973 3222 5037 jus
3253 4979 3427 5033 vocat,

1858 5071 1911 5115 et
1952 5062 2123 5130 ipsum
2170 5061 2367 5129 arguit,
2399 5067 2453 5116 et
2492 5060 2693 5114 nullam
2735 5061 2953 5115 obtendi
3002 5076 3158 5127 passo
3200 5076 3429 5116 excusa-

1861 5156 2056 5208 ti0nem
2089 5154 2358 5219 ostendit;
2397 5164 2448 5208 et
2477 5154 2805 5224 justiﬁcatus
2837 5153 2890 5208 in
2921 5155 3262 5209 sermonibus
3294 5156 3429 5220 suis,

1860 5254 1913 5298 et
1940 5247 2158 5299 vincens
2186 5245 2239 5299 in
2265 5244 2574 5312 iudicando,
2602 5254 2658 5298 ut
2689 5245 2926 5314 loquitur
2951 5244 3119 5299 David
3136 5246 3201 5310 ",
3225 5246 3426 5316 justam

1408 5470 1727 5532 Francisci
1762 5472 1972 5532 Scorsi
2013 5480 2196 5534 notae.

234 5593 353 5665 (40)
400 5590 705 5668 velocibus.
726 5592 929 5668 Allutlit
956 5596 1020 5668 ad
1061 5595 1187 5648 illttd
1216 5594 1581 5662 Homericum,
1610 5598 1749 5668 quod

160 5668 215 5721 in
254 5664 635 5735 proverbhyrr
663 5665 875 5718 videtur
902 5666 1115 5730 abiisse,
1145 5670 1459 5735 κραιπνοῖσι
1504 5664 1744 5721 πόδεσσι.

160 5733 331 5821 uta},
350 5754 407 5805 χ.
741 5734 1103 5821 δ’..ὲπόρουσί
1127 5733 1253 5788 ποσὶ
1300 5743 1612 5821 κραιπνοῖσι
1650 5756 1747 5791 πε-

166 5805 398 5873 ποιθώς,
430 5815 484 5859 ct
517 5805 644 5856 alibi
681 5805 818 5856 ιιοσὶ
846 5809 1158 5873 κραιπνοῖσι
1187 5805 1495 5875 μετασπών.

492 5898 769 5961 Panos.
819 5900 937 5963 Gn.
990 5902 1274 5965 CXXX“.

1932 5601 1979 5667 (4
1994 5601 2041 5668 l)
2080 5600 2522 5654 Misericordiam.

1933 5666 2061 5739 ‘Ap.’
2092 5669 2341 5740 ἡλέηται,
2361 5669 2478 5739 ἅμα
2510 5668 2771 5737 τέθνηκεν
2801 5670 2833 5736 ἡ
2864 5666 3044 5737 χάρις.

1857 5734 2351 5809 ὃθιιοέἰιιείηίεκοιν
2380 5734 2447 5794 ex
2476 5734 2670 5793 vetere
2709 5734 2895 5806 poeta,
2918 5734 3027 5807 quo
3060 5750 3208 5809 quasi
3229 5734 3442 5809 adagio

1862 5814 2027 5866 utitur
2078 5806 2287 5878 auctor,
2334 5823 2454 5865 cum
2505 5809 2798 5879 praemittat
2831 5806 2975 5863 κατὰ
3012 5809 3074 5860 τὸ
3113 5806 3441 5877 λεγόμενον.

3002 5900 3039 5962 6
