4208 6438
714 418 819 479 223

1913 412 2414 473 THEOPHANIS
2454 414 2799 474 CERAMEI

3882 412 3991 475 924

717 542 909 585 mater.
940 530 1269 585 Gravitatem
1306 528 1636 583 calamitatis
1674 529 1855 595 vides;
1889 538 1943 584 et
1969 544 2077 597 quo
2110 529 2302 582 verbo-

2407 527 2541 597 ὁρᾷς
2572 528 2630 579 τὸ
2671 527 2838 598 βάρος
2872 528 2973 595 τῆς
3006 529 3329 598 συμφορᾶςς
3367 528 3483 591 πῶς
3516 530 3574 581 ὲν
3610 528 3811 595 ὀλίγοις
3844 532 3871 581 6
3904 531 3995 582 λό-

715 639 835 675 t-um
876 623 1194 689 cutttpeudio
1229 638 1339 673 rem
1368 622 1730 675 miserabilem
1764 621 1965 689 tragice
2001 633 2303 687 reprmsen-

724 715 881 765 tavit.
913 713 1050 777 Quid
1085 712 1229 764 enim
1264 711 1409 763 aliud
1446 712 1548 765 diei
1581 710 1881 772 existimas,
1914 724 2073 777 quam
2107 708 2303 760 nullam

718 805 1174 873 procreandorum
1208 805 1503 857 liberorum
1537 820 1685 869 spent
1722 805 1983 870 reliquam
2007 816 2150 861 esse,
2187 815 2305 869 quae

716 898 898 951 amissi
928 897 1018 949 filii
1049 896 1398 950 acerbitatem
1431 896 1681 965 mitigare
1705 896 1928 962 posset?
1957 892 2128 946 Vidua
2158 894 2301 946 enim

716 990 911 1041 mulier
959 1000 1098 1042 erat.
1138 989 1252 1041 Non
1310 988 1559 1050 habebat,
1615 988 1667 1040 in
1720 1004 1879 1054 quem
1931 986 2167 1039 defuncti
2214 986 2301 1037 lilii

715 1081 834 1133 loco
858 1090 1196 1134 converteret
1220 1080 1442 1145 oculos;
1477 1080 1704 1147 unigena
1736 1080 1933 1146 quippe
1962 1087 2099 1130 erat.
2126 1077 2305 1141 Quan-

717 1183 829 1225 ttttn
868 1188 995 1227 vero
1048 1175 1097 1224 in
1144 1173 1246 1224 hoc
1281 1172 1350 1224 sit
1404 1172 1551 1235 mali,
1596 1171 1853 1239 intelliget
1911 1170 2068 1222 facile
2113 1169 2203 1237 qui
2238 1170 2304 1221 ab

716 1266 950 1319 humana
985 1274 1175 1314 natura
1208 1279 1313 1315 non
1348 1263 1745 1331 peregrinatur.
1786 1263 1838 1314 In
1865 1277 1929 1313 eo
1980 1262 2093 1316 solo
2122 1260 2303 1315 fuerat

716 1355 931 1408 dolores
963 1364 1148 1420 partus
1194 1367 1450 1422 experta;
1499 1356 1620 1407 huic
1656 1356 1752 1406 Sllll
1800 1355 2100 1423 praebuerat
2135 1372 2302 1407 mam-

717 1463 869 1510 mas;
917 1447 1061 1500 solus
1112 1462 1350 1500 mensam
1398 1447 1753 1508 exbilarabat,
1801 1448 1946 1499 solus
1997 1457 2114 1499 erat
2158 1448 2301 1499 domi

716 1538 915 1591 laetitia:
964 1553 1157 1605 svges;
1208 1539 1320 1591 sive
1374 1538 1599 1601 ludicra,
1651 1539 1761 1590 sive
1811 1538 1950 1592 seria
1998 1550 2201 1605 ageret,
2251 1549 2305 1592 et

718 1630 1131 1696 quibuscnttque
1177 1628 1657 1681 exercitationibus
1706 1630 1854 1681 daret
1900 1644 2153 1695 operam;
2191 1632 2305 1683 sive

717 1722 771 1773 itt
816 1720 958 1784 foro,
998 1721 1113 1774 sive
1146 1723 1195 1772 in
1236 1721 1511 1788 palaestra,
1536 1722 1648 1771 sive
1699 1720 1749 1771 itt
1788 1720 2071 1787 mqualiutn
2106 1724 2302 1772 corona

715 1814 1152 1878 conspicetetur;
1181 1814 1440 1879 quidquid
1469 1810 1657 1863 matris
1676 1811 1843 1863 oculis
1866 1811 2023 1864 dulce
2046 1814 2302 1863 charum-

716 1919 824 1969 que
855 1916 1033 1969 pos~et
1079 1919 1385 1964 oet-nrrere,
1421 1904 1470 1955 in
1503 1918 1565 1955 eo
1599 1904 1717 1956 solo
1746 1904 1979 1970 positum
2012 1915 2149 1956 erat.
2180 1902 2296 1955 Jam
2340 1881 2376 1935 Β

717 1996 972 2047 ducendae
996 1996 1177 2047 uxoris
1208 2005 1475 2058 maturus,
1529 1997 1691 2048 totius
1715 1996 1925 2062 generis
1962 1996 2126 2062 stirps
2159 1996 2304 2062 ejus-

717 2102 820 2152 que
862 2086 1189 2154 propagandi
1230 2102 1433 2147 ramus,
1470 2098 1521 2137 et
1571 2086 1959 2138 adminiculum
2009 2086 2305 2139 senectutis

716 2190 855 2230 erat.
887 2176 990 2231 Sed
1024 2178 1198 2230 astatis
1232 2177 1662 2230 additamentum
1697 2177 1840 2231 aliud
1875 2179 2171 2230 lamentum
2199 2186 2301 2230 est.

716 2270 853 2322 Cum
886 2272 1027 2322 enim
1058 2270 1453 2322 adolescentem
1488 2270 1644 2331 dixit,
1684 2271 1870 2322 florem
1900 2273 2075 2322 artatis
2123 2285 2303 2322 emar—

718 2361 897 2413 ruisse
925 2361 1219 2414 denotavit.
1258 2361 1357 2413 (lui
1404 2362 1618 2429 quidem
1657 2365 1827 2429 prima
1875 2362 2068 2430 lanugo
2112 2364 2304 2416 vestie-

716 2463 802 2505 l‘nl
839 2467 1025 2519 genas,
1064 2456 1299 2507 nondum
1331 2457 1395 2507 ad
1424 2455 1623 2521 justam
1661 2455 1838 2508 barba:
1874 2456 2117 2525 magnitu
2144 2458 2317 2509 tinem-

717 2558 895 2609 aucta,
934 2556 986 2597 et
1016 2547 1065 2597 in
1094 2548 1245 2613 genis
1281 2548 1443 2599 etiam
1495 2556 1621 2600 tunc
1650 2548 2052 2614 pulchritudine
2090 2550 2307 2601 interlu-

719 2648 897 2688 cente.
934 2635 992 2689 In
1036 2654 1221 2690 amore
1278 2655 1339 2689 ae
1374 2639 1645 2690 desiderio
1694 2641 1933 2691 omnium
1988 2654 2119 2706 puer
2165 2650 2302 2693 erat.

717 2727 963 2795 lnnupt.e
998 2728 1119 2778 talis
1155 2728 1341 2796 Sponsi
1397 2728 1745 2794 eoiijugiuut;
1801 2729 2059 2795 conjuges
2109 2731 2300 2798 progi-

715 2831 880 2882 gnere
920 2815 1055 2867 tales
1087 2816 1222 2869 filios
1251 2818 1386 2869 voris
1415 2818 1705 2884 optabant;
1742 2833 1899 2869 senes
1934 2818 2055 2871 huic
2090 2820 2303 2871 adoles-

715 2907 883 2969 renti,
913 2918 967 2959 ut
1002 2908 1216 2974 proprio
1249 2909 1375 2967 lilio,
1415 2908 1723 2960 studebant.
1762 2906 1930 2961 Vidua
1971 2925 2099 2962 vero
2132 2919 2306 2963 mater

715 2999 997 3063 complexu
1031 3012 1088 3051 se
1118 2998 1227 3051 lilio
1258 2999 1543 3066 itnplicans
1587 3001 1879 3054 identidem
1910 3001 2219 3065 lzctabatur,
2252 3013 2303 3055 el

716 3105 780 3140 ex
812 3090 969 3142 labiis
999 3089 1209 3155 liorem,
1259 3094 1509 3142 ruborem
1541 3107 1604 3143 ex
1636 3092 1807 3159 genis,
1857 3093 2063 3147 osculis
2113 3095 2303 3146 decer-

2408 632 2503 684 γος
2533 617 2594 667 τὸ
2632 618 2803 679 πάθος
2855 617 3288 687 ἐξετραγῴδησε.
3326 618 3392 669 Τί
3445 618 3552 687 γάρ
3593 620 3709 671 ἐστι
3733 620 3793 669 τὸ
3839 620 3997 686 λεγό-

2411 726 2571 776 μενον
2597 724 2611 771 ;
2639 709 2752 761 Οὐκ
2785 705 2852 778 ἦν
2885 710 3054 777 αὐτῆς
3090 711 3435 771 παιδοποιΐας
3471 710 3628 771 ἐλπὶς
3657 712 3755 778 τὴν
3787 714 3881 761 ἐπὶ
3918 713 3997 778 τῷ

2406 801 2713 853 ὲκλείποντι
2776 803 3066 869 συμφορὰν
3144 804 3736 873 θεραπεύουσαοχήρα
3803 807 3911 874 γὰρ
3965 807 3996 874 ἠ

2407 891 2548 958 γυνή
2577 905 2590 919 ⁸
2621 892 2722 941 οὐκ
2754 888 2867 959 εἶχε
2894 892 3030 960 πρὸς
3055 892 3245 959 ἕτερον
3274 896 3393 945 ἀντὶ
3415 894 3510 945 τοῦ
3560 899 3997 959 κατοιχουμένου

2409 979 2629 1049 βλέπειν
2656 999 2669 1011 ο
2706 986 3001 1050 μονογενὴς
3059 985 3167 1051 γὰρ
3216 986 3243 1035 6
3302 986 3479 1045 τόκος.
3518 987 3685 1037 Ὀσον
3723 987 3778 1037 δὲ
3809 988 3868 1037 τὸ
3904 987 3999 1037 ἐπὶ

2404 1069 2594 1121 τούτου
2631 1070 2821 1131 κακὸν,
2858 1071 3040 1139 ῥᾴδιον
3097 1072 3328 1124 συνιδεῖν
3369 1072 3444 1141 τῷ
3493 1075 3566 1143 μὴ
3611 1076 3997 1145 ὰποξενομένῳ

2406 1160 2505 1225 τῆς
2538 1159 2775 1223 φύσεως.
2809 1161 2987 1211 Μόνον
3019 1162 3075 1212 ὲν
3095 1160 3284 1213 ὠδῖσιν
3316 1165 3523 1215 ἐκεῖνον
3576 1165 3861 1233 ἐγνώρισε,
3899 1168 3999 1233 μό-

2408 1269 2496 1304 νον
2518 1255 2641 1314 ταῖς
2666 1253 2860 1319 θηλαῖς
2891 1254 3085 1307 τοῦτον
3118 1255 3482 1326 ἐτιθηνίσατο,
3510 1259 3662 1322 μόνος
3702 1261 3836 1328 αὖτῇ
3866 1277 3999 1327 ‘9’"

2404 1341 2541 1407 δρᾶν
2593 1342 2769 1393 ἐποίει
2814 1342 2912 1411 τὴν
2963 1344 3266 1412 τράπεζαν,
3316 1346 3477 1415 μόνος
3510 1342 3578 1409 ἦν
3608 1348 3707 1411 τῆς
3733 1351 3871 1401 κατὰ
3902 1351 3999 1401 τὸν

2405 1428 2554 1482 οἶκον
2590 1432 2951 1501 φαιδρότητος
2988 1437 3019 1503 ἡ
3057 1435 3335 1499 ὑπόθεσις,
3367 1435 3603 1499 παίζων.
3653 1440 3996 1501 σπουδάζων,

2404 1522 2770 1591 ἀσκούμενος,
2830 1524 3259 1594 φαιδρυνόμενος
3282 1528 3339 1578 ὲν
3382 1528 3655 1598 προόδοις,
3694 1532 3749 1581 ἐν
3797 1531 3999 1584 παλαί-

2408 1632 2621 1684 στραις,
2650 1617 2707 1667 ὲν
2736 1617 3019 1685 συλλόγοις
3051 1620 3320 1688 νεότητος.
3369 1622 3484 1672 Πᾶν
3527 1622 3610 1674 ὅτι
3656 1624 3859 1692 μητρὸς
3893 1602 3999 1691 699.-

2407 1708 2631 1772 θαλμοῖς
2684 1708 2860 1773 γλυκύ
2922 1726 3002 1769 τε.
3063 1710 3159 1762 καὶ
3195 1712 3395 1779 τίμιον,
3448 1714 3610 1780 μόνος
3661 1716 3868 1776 ἐκεῖνος
3900 1711 3995 1768 ἦν.

2411 1802 2549 1869 Ἤδη
2576 1800 2670 1853 τοῦ
2695 1800 2878 1869 γάμου
2935 1802 3034 1869 τὴν
3068 1801 3219 1871 ὥραν
3255 1803 3424 1869 ἄγων,
3458 1807 3485 1856 ὀ
3516 1805 3610 1857 τοῦ
3670 1807 3860 1870 γένους
3897 1808 3999 1876 ὅρ-

2408 1894 2540 1961 πηξ,
2576 1896 2603 1945 6
2637 1894 2735 1962 τῆς
2761 1894 3012 1963 διαδοχῆς
3036 1894 3252 1957 κλάδος,
3291 1897 3322 1965 ἡ
3350 1895 3628 1965 βακτηρία
3659 1896 3754 1948 τοῦ
3784 1899 3997 1965 γήρως.

2420 1985 2582 2037 Ἀλλὰ
2610 1986 2703 2038 καὶ
2756 1986 2855 2054 τῆς
2887 1986 3108 2055 ἡλικίας
3145 1987 3436 2053 προσθήκη
3479 1987 3637 2049 ἄλλος
3672 1987 3891 2055 θρῆνος.
3938 1988 3999 2037 '0

2407 2079 2514 2146 γὰρ
2540 2079 2759 2128 νεανίαν
2793 2077 2987 2139 εἰπὼν,
3016 2077 3078 2129 τὸ
3108 2078 3267 2138 ἄνθος
3308 2074 3426 2129 εἶπε
3474 2080 3574 2145 τῆς
3619 2082 3999 2149 μαρανθείσης

2408 2170 2577 2237 ὥρας.
2616 2170 2776 2237 ’Ἄρτι
2831 2172 2943 2230 τοῖς
3000 2170 3194 2229 ἰούλοις
3226 2171 3653 2239 ὑποχλοὰζοντα,
3695 2171 3848 2224 οὔπω
3898 2174 3999 2225 τοῦ

2410 2262 2671 2329 πώγωνος
2723 2264 2810 2315 διὰ
2851 2264 3049 2333 βάθους
3082 2266 3599 2331 ὑποπιμπλάμενον,
3634 2265 3712 2318 ἔτι
3757 2271 3833 2333 τῳ
3862 2268 4001 2319 κάλ-

2407 2354 2488 2406 λει
2522 2356 2630 2407 τῶν
2680 2356 2924 2427 παρειῶν
2975 2356 3367 2410 άποστίὸονττ.
3410 2359 3710 2426 Ἐράσῖιιος
3766 2355 3857 2429 ἦν,
3897 2363 4000 2413 καὶ

2411 2447 2755 2515 ποθούμενος
2812 2451 2978 2502 πᾶσιν
3029 2450 3057 2501 6
3090 2452 3239 2511 παῖς.
3281 2452 3345 2501 Αἱ
3380 2450 3642 2520 παρθένοι
3690 2452 4002 2521 ἐπηύχοντο

2414 2538 2660 2590 τοιούτου
2688 2542 2926 2607 νυμφίου
2959 2540 3215 2607 γενέσθαι
3239 2542 3509 2608 ὁμέζυγες
3534 2558 3546 2571 ·
3587 2543 3640 2593 αἱ
3680 2542 3783 2593 ὑπὸ
3808 2543 4000 2611 ζυγὸν,

2413 2630 2692 2693 τοιούτους
2728 2632 2875 2700 ἔχειν
2908 2633 3079 2694 υίούς.
3116 2635 3178 2685 Οἱ
3215 2634 3471 2700 γέροντες
3498 2634 3573 2699 τῷ
3611 2635 3795 2704 νεανίᾳ
3823 2651 4002 2701 προσ·

2410 2728 2572 2793 εἶχον,
2631 2726 2704 2777 ὼε
2753 2727 2939 2797 οἰκείῳ
2980 2729 3152 2780 παιδί.
3196 2728 3258 2781 'H
3308 2730 3363 2781 δὲ
3398 2732 3544 2798 χήρα
3587 2732 3770 2799 μήτηρ
3804 2731 4000 2801 ἔχαιρε

2410 2817 2616 2885 Οαμινὰ
2648 2819 3094 2889 περιπλεκομένη
3125 2820 3203 2889 τῷ
3238 2822 3361 2889 υἱῷ,
3394 2823 3489 2874 καλ.
3524 2822 3753 2890 φιλοῦσα
3799 2824 3877 2893 τῷ
3902 2826 4001 2875 ἐπὶ

2408 2910 2502 2961 τοῦ
2546 2911 2757 2978 χείλους
2790 2912 2951 2975 ἄνθος
2977 2913 3070 2964 καὶ
3100 2913 3199 2982 τῆς
3228 2918 3464 2983 παρειᾶς
3500 2917 3558 2968 τὸ
3588 2918 3865 2985 ἐρύθημα,
3899 2920 4001 2969 καὶ

2407 3004 2531 3062 τοὺς
2568 3002 2901 3071 βοστρύχους
2935 3005 3065 3056 ποτὲ
3096 3005 3194 3073 μὲν
3219 3005 3623 3069 ἀναπλέκουσα,
3660 3009 3789 3060 ποτὲ
3810 3008 3867 3060 δὲ
3890 3010 3993 3059 ἀν-

2411 3096 2535 3145 εῖσα
2565 3096 2686 3154 ταῖς
2709 3093 2911 3161 αὔραις
2961 3096 3361 3162 περισοϐολεῖν.
3394 3098 3549 3167 Τάχα
3592 3116 3693 3149 που
3735 3101 3766 3167 ἡ
3803 3100 3998 3163 ἀθλία,

716 3181 896 3246 pebat.
942 3181 1233 3233 Cincinnos
1289 3185 1444 3233 tundo
1481 3182 1742 3249 illigabat,
1780 3188 1936 3234 modo
1988 3184 2302 3250 quatiendos

2408 3188 2504 3238 καὶ
2560 3186 2781 3254 νύμφην
2834 3189 3065 3253 ἀγαγεῖν
3110 3189 3450 3257 ἐφαντάζετο
3479 3190 3555 3257 τῷ
3590 3190 3740 3258 καλῴ
3781 3191 3994 3262 νεανίᾳ,

718 3270 1033 3322 remittebat
1062 3272 1230 3333 auris,
1267 3283 1318 3322 et
1354 3272 1602 3324 fortassis
1631 3272 1792 3324 etiam
1829 3272 2013 3325 infelix
2060 3272 2300 3326 fonnoso

710 3359 893 3426 juveni
936 3377 1190 3429 sponsam
1243 3366 1575 3431 despondere
1624 3367 1915 3432 cogitabat,
1982 3366 2299 3417 etcircum-

716 3451 982 3517 spiciebat
1016 3454 1252 3521 virgines
1284 3470 1346 3507 ex
1382 3458 1576 3521 quibus
1616 3457 2119 3523 prazstantissimam
2152 3458 2300 3527 lege—

716 3554 833 3596 ret:
861 3553 911 3596 el
936 3545 1193 3597 corollam
1223 3546 1321 3611 (9),
1345 3559 1393 3598 et
1422 3547 1744 3612 thalamum,
1766 3545 2298 3618 et3hbymena-utn

718 3637 1043 3690 εωηιιιὶίιὺδι.
1066 3636 1206 3703 Quin
1243 3640 1404 3691 etiam
1438 3640 1480 3691 si
1511 3640 1639 3707 quid
1668 3641 1716 3692 in
1747 3655 2002 3693 sermone
2029 3642 2298 3693 communi

718 3726 941 3779 dubium
975 3728 1329 3797 jurejurando
1381 3731 1812 3783 confirmandum
1870 3732 2167 3793 accideret,
2206 3748 2302 3799 per

719 3827 885 3882 caput
915 3818 1044 3871 illud
1080 3817 1315 3887 jurahai.
1350 3819 1427 3873 lta
1463 3819 1612 3873 fruar
1662 3822 1822 3873 unico
1871 3830 1997 3874 nato
2036 3835 2177 3884 meo,
2226 3822 2301 3873 sic

718 3910 841 3977 ejus
870 3926 1125 3965 coronam
1157 3914 1390 3965 osculari
1432 3915 1609 3973 detur,
1643 3914 1721 3966 sic
1742 3914 1859 3980 ejus
1884 3914 2023 3967 filios
2051 3919 2298 3976 educent,

722 4004 794 4055 ita
838 4005 979 4057 inter
1032 4004 1147 4070 ejus
1200 4021 1391 4057 manus
1423 4004 1533 4073 (l0)
1566 4005 1957 4073 jucundissime
2006 4006 2299 4073 exspirem.

719 4098 897 4163 Atque
925 4096 996 4148 ita
1026 4107 1196 4149 mater
1218 4096 1388 4148 Solum
1414 4097 1653 4164 spirabat
1685 4097 1850 4148 filium
1876 4116 1889 4151 :
1938 4098 2099 4165 idque
2129 4100 2299 4151 solum

722 4187 957 4239 habebat
988 4187 1110 4239 vita:
1149 4187 1424 4241 solatium.
1461 4188 1531 4239 At
1572 4202 1699 4239 vero
1738 4186 2007 4241 horrenda
2059 4204 2205 4242 mors
2242 4189 2306 4241 il-

721 4280 831 4331 lum
867 4279 1147 4343 invadens,
1194 4294 1318 4345 spes
1356 4281 1606 4333 meliores
1636 4279 1902 4349 prazcidit,
1936 4280 1985 4332 in
2027 4280 2139 4347 ipsa
2167 4283 2302 4333 ado-

720 4374 977 4428 lescentia
998 4392 1120 4427 eum
1140 4390 1170 4429 e
1189 4377 1298 4427 vita
1324 4376 1660 4444 praaripiens.
1689 4375 1862 4429 Grave
1888 4390 2049 4443 porro
2072 4374 2303 4442 parenti,

719 4483 783 4519 ac
812 4469 971 4537 plane
1018 4468 1280 4535 tragicum
1343 4467 1699 4519 infortunium
1754 4467 1959 4520 illatum
2014 4478 2115 4521 est.
2179 4464 2302 4530 Quo

2406 3279 2498 3329 xz‘:
2550 3277 2647 3339 τὰς
2710 3278 3017 3345 παρθένους
3077 3284 3439 3347 περιεσκόπει
3497 3282 3834 3350 ἑκλεγομένη
3894 3285 3999 3351 τὴν

2406 3370 2720 3436 κρείττονα,
2774 3369 2870 3421 καὶ
2926 3371 3018 3421 τὸν
3067 3371 3335 3437 στέφανον
3368 3374 3727 3440 ὀνειροπόλει,
3768 3375 3861 3425 καὶ
3892 3376 4000 3443 τὴν

2406 3460 2677 3523 παστάδα,
2731 3460 2825 3512 καὶ
2893 3461 2985 3513 τὸν
3037 3462 3318 3527 ὑμέναιον.
3350 3461 3534 3517 Ἦπου
3578 3466 3671 3517 καὶ
3709 3466 3871 3534 ὅρκος
3925 3462 4001 3535 ἦν

2404 3554 2540 3621 αὐτῇ
2593 3554 2650 3603 ὲν
2702 3554 2813 3611 τοῖς
2844 3552 2953 3603 τῶν
3004 3552 3179 3619 λόγων
3207 3555 3537 3623 ἀμφιϐόλοις
3574 3559 3603 3609 6
3631 3560 3783 3619 παῖς,
3819 3557 4000 3610 οὕτως

2403 3641 2639 3710 ὀναίμην
2670 3642 2763 3693 τοῦ
2799 3642 3124 3707 μονογενοῦς
3162 3662 3261 3711 μου
3314 3645 3452 3707 υίοῦ,
3476 3646 3621 3699 οὕτω
3646 3648 3737 3700 τὸν
3775 3649 3996 3700 ἐκείνου

2408 3736 2705 3801 φιλήσαιμι
2744 3734 3034 3801 στέφανον.
3078 3735 3225 3787 οὕτω
3249 3737 3454 3789 παίδων
3485 3740 3694 3790 ἐκείνου
3730 3741 4000 3809 γενοίμην

2405 3826 2631 3894 τροφὸς,
2682 3824 2826 3876 οὕτω
2887 3829 3006 3887 ταῖς
3027 3827 3121 3878 τοῦ
3153 3827 3270 3880 υἱοῦ
3296 3831 3487 3899 χερσὶν
3521 3832 3690 3897 ἡδέως
3716 3834 3999 3902 ἐναποψύ-

2406 3916 2583 3980 ξαιμι.
2641 3914 2783 3966 Ἀλλ’
2816 3915 2849 3983 ἡ
2877 3914 2976 3982 μὲν
3017 3917 3202 3985 μήτηρ
3225 3917 3399 3978 οὕτως
3442 3920 3667 3972 άνέπνει
3713 3922 3871 3987 μόνον
3906 3940 4004 3990 μυ-

2403 4005 2617 4073 νονουχὶ
2647 4005 2738 4057 τὸν
2767 4006 2959 4071 παῖδα,
2995 4008 3055 4057 τὸ
3091 4006 3264 4073 γλυκὺ
3302 4009 3438 4078 αὐτῇ
3468 4011 3834 4079 παραμύθιον.
3867 4013 4001 4067 Ὀδὲ

2404 4098 2565 4164 φόνος
2588 4096 2843 4166 ῥαγδαῖος
2874 4097 3174 4161 ἐπιπεσὼν,
3206 4099 3530 4152 ἐπισκόπτει
3558 4102 3658 4163 τὰς
3694 4105 3999 4171 χρηστοτέ-

2408 4208 2510 4259 ρας
2541 4189 2766 4251 ἐλπίδας
2791 4190 3118 4259 ἀναρπάσας
3153 4192 3316 4242 αὐτδν
3341 4192 3442 4260 τῆς
3481 4191 3627 4261 ζωῆς
3672 4195 3731 4244 ὲν
3764 4196 3899 4264 αὐτῇ
3928 4200 4000 4266 τῇ

2407 4282 2646 4352 νεότητι.
2696 4282 2848 4348 Βαρὺ
2901 4282 2957 4333 δέ
3011 4300 3063 4333 τι
3100 4283 3193 4334 καὶ
3236 4284 3504 4353 τραγικὸν
3530 4286 3703 4347 πάθος
3726 4290 3791 4356 τῇ
3824 4289 4002 4357 μητρὶ

2409 4374 2734 4443 συνηνέχθη.
2765 4373 2901 4426 Τίνα
2927 4375 3034 4443 γὰρ
3061 4372 3241 4442 ψυχὴν
3295 4376 3591 4444 ἐσχηκέναι
3616 4378 3867 4447 νομίζετε
3895 4381 4003 4447 τὴν

2406 4466 2650 4518 δειλαίαν
2675 4466 2897 4535 ἐκείνην
2928 4466 3164 4535 μητέρα,
3198 4468 3245 4519 εί
3285 4470 3423 4530 τέως
3452 4464 3564 4538 εἶχε
3618 4470 3816 4540 ψυχὴν,
3852 4472 4001 4539 δρῶ-

718 4556 861 4607 euitn
905 4558 1090 4609 animo
1141 4556 1307 4609 fuisse
1357 4557 1687 4610 existimatis
1737 4572 2096 4610 aerumnosam
2155 4556 2298 4608 illaut

2410 4575 2509 4609 σαν
2553 4557 3017 4629 ψυχορραγοῦντα
3074 4558 3164 4610 τὸν
3222 4558 3499 4626 φίλτατον,
3534 4562 3630 4613 καὶ
3662 4563 3730 4614 τὰ
3788 4565 4001 4631 Eax-na

719 4656 970 4707 matrem,
1001 4648 1044 4699 si
1081 4656 1257 4699 tamen
1291 4648 1468 4699 anima
1504 4648 1555 4699 in
1589 4663 1649 4699 ea
1680 4648 1970 4711 residebat,
2007 4664 2127 4701 cum
2151 4649 2299 4700 vide-

724 4745 802 4789 ret.
838 4739 1218 4792 cltarissimuut
1263 4750 1447 4791 natum
1487 4740 1595 4807 jam
1633 4740 1991 4800 deficientem,
2025 4750 2080 4792 et
2116 4749 2299 4793 extre-

720 4844 835 4880 mos
865 4830 1093 4882 cientem
1119 4830 1361 4895 spiritus,
1394 4841 1447 4883 et
1483 4830 1566 4883 \ix
1591 4846 1843 4898 suprema
1869 4832 2027 4883 matri
2054 4833 2302 4884 mandata

720 4919 832 4989 (tt)
873 4920 1345 4976 committentem?
1390 4922 1505 4987 Qua
1538 4923 1786 4977 oratione
1836 4923 2159 4987 describam,
2197 4937 2303 4991 quo

2410 4648 2667 4709 πνέοντα,
2730 4649 2827 4699 καὶ
2862 4647 3016 4715 μόλις
3059 4646 3476 4717 ὲπισκήπτοντα
3507 4652 3572 4718 τῇ
3605 4650 3778 4719 μητρὶ
3808 4654 3877 4705 τὰ
3904 4670 3999 4705 τε-

2409 4739 2658 4800 λευταῖα,
2711 4740 2805 4791 καὶ
2870 4739 3447 4808 συντακτήριαςῐιῶς
3513 4745 3859 4810 παραστήσω
3918 4745 4003 4814 τῷ

2409 4832 2552 4901 λόγῳ
2582 4833 2729 4894 ὅπως
2752 4833 2779 4884 δ
2814 4832 2911 4900 μὲν
2950 4832 3069 4893 νέος
3098 4830 3176 4901 τῷ
3209 4832 3428 4901 σφοδρῷ
3450 4833 3671 4903 πυρετῷ
3696 4837 3837 4887 κατᾶ
3859 4836 3998 4905 βραο

2410 4926 2478 4994 χὺ
2515 4923 2867 4993 ἐμαραίνετο,
2968 4923 3024 4976 δὲ
3058 4922 3239 4993 μήτηρ
3263 4925 3571 4994 παρίστατο
3603 4925 3882 4996 περιδεὴς,
3902 4928 4001 4979 καὶ

1958 5074 2278 5135 Francisci
2313 5078 2522 5138 Scorsi
2562 5084 2749 5137 notat.

794 5200 871 5263 (9)
903 5199 969 5252 Et
1004 5200 1273 5252 corollam.
1296 5201 1523 5251 Corollrc
1551 5200 1880 5253 mentionem
1904 5200 2079 5265 injicit
2108 5210 2297 5254 auctor

721 5287 783 5325 ex
821 5286 968 5322 more
1009 5272 1221 5334 rituque
1265 5270 1573 5323 Grmcornm
1606 5271 1699 5337 qui
1762 5272 2169 5322 matrimonium
2209 5286 2296 5322 so-

723 5344 902 5393 lemne
927 5355 1049 5392 cum
1103 5340 1312 5403 ineunt,
1350 5340 1598 5391 coronari
1648 5340 1844 5392 solent.
1881 5339 1933 5391 ln
1971 5339 2297 5405 l'Zuchologio

722 5413 961 5477 ipsorum
986 5413 1137 5473 longa
1169 5421 1251 5461 est
1273 5409 1567 5462 ἀκολουθία
1594 5408 1687 5461 τοῦ
1715 5410 2162 5477 στεφανώματος.
2198 5415 2298 5461 hoc

722 5491 800 5534 est
846 5480 995 5539 ordo,
1046 5496 1135 5530 seu
1175 5481 1310 5532 ritus
1364 5479 1722 5532 coronationis
1767 5481 1944 5547 sponsi
1990 5490 2036 5532 et
2072 5496 2297 5547 sponsa'.

796 5572 905 5638 (l0)
952 5569 1035 5640 lita
1072 5572 1207 5623 inter
1248 5573 1360 5640 ejus
1394 5589 1599 5625 manus.
1661 5572 2008 5625 Notissimum
2063 5582 2293 5624 malrum

722 5654 925 5693 votum.
962 5639 1152 5692 Seuec.
1180 5639 1450 5694 Consolat.
1481 5642 1546 5693 ad
1576 5642 1831 5702 Helviam.
1864 5658 1983 5709 cap.
2016 5644 2082 5695 16
2113 5661 2123 5695 :
2160 5641 2293 5694 Deos

726 5728 837 5767 ore.
869 5712 1138 5774 Contingat
1164 5714 1299 5763 hunc
1353 5714 1497 5764 nobis
1536 5715 1725 5765 habere
1750 5713 2104 5777 superstitem.
2145 5714 2294 5764 Alter

728 5783 921 5832 ὅρμον.
948 5780 1133 5833 Contr.
1162 5796 1189 5829 v
1219 5796 1232 5832 :
1260 5780 1345 5832 Ita
1372 5783 1496 5833 mihi
1525 5784 1802 5844 superstite
1824 5782 1935 5847 ﬁlio
1960 5782 2091 5833 mori
2114 5780 2289 5836 liceat.

729 5850 851 5904 bule
878 5854 1092 5916 querela
1130 5851 1178 5904 in
1212 5852 1379 5905 veteri
1409 5852 1767 5921 inscriptione
1797 5852 2055 5907 solemnis
2099 5869 2112 5905 :

2513 5203 2693 5268 Quadi?
2715 5202 2888 5254 decuit
2932 5210 3110 5253 mttunt
3162 5202 3303 5266 putri
3344 5213 3596 5254 ora’stnre
3652 5205 3883 5271 sepulto,

2625 5272 2735 5324 Hoc
2770 5282 2954 5324 contra
2979 5281 3105 5323 nato
3144 5274 3390 5338 praestitit
3418 5273 3527 5339 ipse
3558 5289 3774 5338 parcus.

2480 5364 2590 5431 (ll)
2628 5361 2885 5425 Suprema
2935 5362 3097 5413 matri
3141 5362 3417 5415 mandata.
3478 5362 3550 5414 Ita
3598 5364 3994 5430 interpretatus

2408 5448 2526 5485 sunt
2568 5448 2750 5485 vocem
2786 5433 3205 5500 συντακτήριον,
3240 5433 3472 5499 primum
3506 5432 3723 5492 quidem
3761 5448 3825 5485 ex
3853 5451 3991 5487 con-

2405 5503 2639 5570 jectura,
2691 5502 2887 5553 deinde
2925 5518 3047 5553 eum
3089 5504 3155 5553 ad
3205 5514 3360 5553 notas
3411 5503 3573 5554 hasce
3624 5501 3994 5557 elaborandas

2410 5571 2629 5625 Patrum
2669 5572 2897 5624 aliorum
2929 5572 3153 5636 scripta,
3202 5579 3257 5624 et
3286 5572 3642 5638 interpretum
3677 5581 3833 5624 notas
3869 5590 3996 5637 per-

2405 5643 2742 5704 volutaretn,
2815 5642 3126 5695 mulirmari
3188 5641 3692 5703 interpretationem
3767 5656 3992 5701 meam.

2404 5726 2632 5777 eamque
2667 5725 2852 5764 vocem
2891 5723 3051 5763 sensu
3079 5726 3106 5761 a
3136 5726 3222 5763 me
3254 5710 3466 5763 reddito
3504 5725 3533 5761 a
3570 5709 3774 5763 Graecis
3810 5710 3993 5764 Patri-

2407 5783 2505 5833 bus
2539 5793 2850 5848 usurpatam
2882 5780 3156 5843 comperi;
3207 5796 3330 5833 nam
3367 5778 3504 5846 apud
3557 5778 3811 5847 profanos
3850 5781 3992 5835 scri-

2403 5860 2586 5920 ptorcs
2628 5852 2784 5919 hujus
2823 5850 3066 5905 vocabuli
3094 5852 3399 5921 exemplum
3434 5849 3657 5905 nullunt.
3701 5851 3755 5904 Id
3787 5852 3986 5905 obser—
