4208 6438
773 338 878 400 243

1946 346 2439 405 THEOPHANIS
2477 348 2819 408 CER:i.\l-E[

3927 352 4039 413 244

782 453 882 515 sol,
914 450 1007 520 qni
1053 451 1421 521 Spiritualibus
1460 452 1859 521 oﬂicitplantis,
1896 471 2016 509 cum
2058 459 2255 509 Italicas
2284 472 2347 509 ex

2470 465 2563 517 τῶν
2596 464 2949 517 ἀναϐάσεων’
2992 482 3009 515 ι
3051 465 3297 534 Ἡμέρας
3349 468 3377 520 ό
3432 467 3581 535 ἥλιος
3628 468 3689 519 οὐ
3735 469 4042 533 συγκαύσει

782 542 996 594 cantico
1021 542 1277 611 graduum
1305 556 1319 593 :
1357 560 1375 592 ι
1409 540 1509 595 Ρει·
1536 543 1673 597 diem
1709 545 1787 598 sol
1819 561 1920 598 non
1948 557 2065 599 uret
2100 557 2150 599 te
2172 546 2268 609 “,3
2301 556 2355 600 et

781 647 844 684 cx
885 633 1092 702 Sponsa
1120 635 1455 687 canticorum
1488 650 1504 687 :
1546 653 1561 685 ι
1601 635 1775 690 Nolite
1803 638 2055 703 aspicere
2089 652 2191 701 me,
2229 640 2352 705 quia

781 737 881 790 ego
911 723 1189 791 dcnigrata
1226 739 1379 786 sum,
1410 724 1537 791 quia
1568 726 1814 794 despexit
1866 742 1949 779 me
1996 728 2075 780 sol
2122 726 2188 780 ⁸⁸.
2222 746 2240 778 ι
2280 728 2353 779 lta

781 814 869 880 qui
897 817 1199 869 contrarios
1248 830 1311 871 ac
1355 818 1435 871 sol
1474 817 1695 887 justitia:
1729 816 1853 870 facit
1885 816 2130 878 affectus,
2163 819 2356 872 illumi-

778 906 942 960 nandi
981 909 1195 977 quidem
1228 908 1431 963 virtute
1467 919 1638 972 caret,
1677 926 1849 979 neque
1878 926 2009 965 sane
2042 911 2219 964 vitalis
2247 920 2350 975 cst,

782 998 877 1048 scd
906 1009 1041 1051 αιειυ
1068 1002 1272 1067 peccati
1314 1000 1560 1054 immisso
1585 999 1835 1069 denigrat
1870 1012 1923 1057 et
1947 1004 2202 1056 exsiccal.
2233 999 2355 1056 ldco

777 1104 1005 1158 magnus
1038 1088 1203 1143 Isaias
1238 1088 1472 1142 fidelium
1503 1091 1677 1159 capita
1714 1092 2046 1145 umbraculis
2072 1092 2251 1160 operit
2277 1092 2348 1156 ”,

776 1190 835 1233 ut
877 1194 937 1233 ca
993 1184 1058 1234 ab
1092 1182 1286 1236 ardore
1329 1182 1459 1237 solis
1506 1182 1729 1248 hujusce
1765 1184 2031 1253 nigrorent
2068 1183 2356 1237 inducente

773 1272 1047 1327 defendat.

853 1387 871 1418 ι
916 1369 978 1422 lit
1013 1370 1157 1422 aliud
1221 1371 1419 1423 cecidit
1462 1371 1600 1425 inter
1626 1372 1844 1441 spinas;
1873 1382 1925 1425 et
1964 1372 2122 1426 simul
2156 1384 2357 1427 cxortzc

779 1460 947 1528 spinae
1013 1460 1415 1517 sull'ocaverunt
1473 1464 1621 1518 illttd.
1674 1484 1690 1515 ›
1726 1464 1992 1519 Fortassis
2050 1465 2353 1534 ltujnsntoufi

775 1554 957 1619 spinas
984 1566 1102 1620 pOSt
1133 1554 1293 1621 primi
1328 1556 1568 1623 parentis
1598 1556 1849 1608 delictum
1886 1568 2029 1608 terra
2079 1557 2351 1621 produxit,

775 1644 952 1696 divina
988 1643 1061 1696 illi
1106 1659 1237 1697 voce
1291 1645 1684 1698 denuntiante:
1729 1664 1746 1695 ι
1788 1645 1985 1713 Spinas
2028 1654 2082 1697 et.
2128 1645 2355 1699 tribulos

775 1736 1101 1799 germinabit
1155 1737 1273 1789 tibi.
1313 1755 1331 1786 ι
1392 1738 1466 1790 1Ιή
1498 1738 1640 1791 enim
1698 1739 1889 1791 Adami
1941 1754 2159 1793 carnem
2201 1738 2349 1792 Scri-

775 1835 929 1892 ptura
968 1834 1164 1880 terram
1206 1828 1457 1895 appellat,
1502 1829 1791 1882 multarum
1846 1830 2122 1897 spinarum
2171 1843 2199 1881 a
2233 1829 2355 1897 qui—

774 1918 874 1969 bus
910 1918 1200 1979 laceratur,
1240 1921 1443 1973 aculeis
1476 1921 1729 1974 obsilatn.
1780 1921 1925 1986 Quas
1978 1922 2129 1975 nobis
2175 1924 2358 1990 spinas

777 2014 1004 2074 invexit,
1035 2013 1117 2067 ltei
1151 2013 1309 2077 mihi,
1356 2014 1464 2077 ille,
1502 2016 1590 2081 qui
1636 2013 1793 2067 bonis
1830 2014 2071 2083 frugibus
2106 2030 2361 2083 superse-

779 2104 1005 2157 tninavit
1034 2106 1332 2159 adulterina
1382 2104 1615 2167 zizania,
1659 2104 1815 2157 sicuti
1863 2104 1915 2158 in
1950 2105 2051 2158 alia
2102 2106 2357 2174 parabola

775 2193 1107 2247 declaratum
1138 2192 1389 2249 est.Nam
1423 2195 1496 2249 ibi
1525 2196 1684 2249 etiam
1716 2195 1914 2250 bonum
1949 2212 2132 2251 semen
2162 2195 2355 2249 Pater-

779 2284 1020 2341 familias
1048 2288 1360 2355 seminavit,
1390 2299 1444 2343 at
1478 2304 1604 2343 vero
1634 2290 1891 2345 inimicus
1930 2301 2139 2359 tempus
2171 2292 2361 2345 obser-

773 2394 910 2435 vans
938 2396 1043 2451 quo
1091 2382 1341 2437 homines
1380 2399 1572 2437 somno
1604 2393 1943 2449 tenerentur,
2000 2386 2138 2437 bono
2171 2383 2361 2437 semini

778 2474 1040 2542 inspersit
1070 2476 1277 2539 inutile,
1307 2487 1468 2545 atque
1500 2481 1551 2529 in
1582 2477 1818 2532 medium
1868 2475 2107 2530 triticum
2157 2475 2363 2529 zizania

778 2565 986 2633 injecit,
1017 2581 1133 2635 qua:
1160 2566 1247 2620 hic
1273 2569 1457 2636 spinas
1486 2570 1717 2623 vocavit.
1741 2569 2022 2623 Cobmrent
2056 2568 2196 2621 cnim
2225 2568 2364 2620 inter

779 2668 839 2708 se
891 2670 1060 2709 sacra:
1103 2656 1385 2725 Sripturaz,
1417 2668 1471 2711 et
1518 2659 1765 2713 sensibus
1812 2658 1999 2712 iisdem
2029 2666 2358 2727 coogrnnnt,

777 2746 1025 2816 quamvis
1057 2745 1366 2816 discrepent
1398 2749 1608 2814 verbis;
1641 2763 1740 2817 per
1775 2748 1960 2817 spinas
1995 2747 2176 2813 itaque
2200 2787 2214 2807 ,
2246 2762 2365 2815 qua:

777 2850 962 2891 semen
993 2836 1273 2905 spiritnale
1312 2836 1597 2903 sull‘ocant,
1632 2837 1959 2908 intelligatur
1988 2846 2364 2893 sexcentorum

777 2927 1044 2980 malorum
1077 2925 1273 2981 referta
1326 2928 1561 2998 farrago,
1603 2944 1723 2998 quae
1756 2930 1823 2983 ab
1878 2930 1955 2982 ira
1994 2940 2049 2983 et
2101 2928 2365 2997 concupi-

780 3019 987 3073 scentia
1015 3018 1314 3088 pullulant;
1342 3022 1755 3085 sollicitudines,
1781 3022 2126 3092 cupiditates,
2163 3022 2361 3083 luctus.

2460 575 2517 609 σε
2542 572 2555 589 ’
2594 575 2612 607 ι
2662 558 2757 608 καὶ
2791 558 2852 609 ἐκ
2875 557 2972 625 τῆς
3008 560 3229 627 νύμφης
3252 559 3349 612 τοῦ
3385 559 3665 627 ’ᾼσματος
3688 577 3701 589 ·
3735 578 3752 611 ι
3787 562 3877 628 Μὴ
3915 561 4041 628 βλέο

2455 648 2593 717 ψητέ
2619 664 2706 716 με,
2739 648 2822 699 ὅτι
2860 647 3292 718 μεμελανωμένη
3329 650 3465 716 εἰμί,
3502 652 3582 703 ὅτι
3623 651 3934 720 παρέόλεψέ
3968 669 4039 719 με

2455 742 2482 791 ὀ
2512 739 2679 807 ἣλιος.
2718 756 2735 787 ι
2772 735 2956 799 Οὕτως
2982 738 3009 788 6
3039 737 3298 789 τάναντία
3340 738 3432 790 τοῦ
3463 740 3809 807 δικαιοσύνης
3846 738 4037 791 Ἠλίου

2454 827 2922 898 διαπραττόμενος
2973 828 3202 896 ἄμοιρος
3260 828 3357 897 μὲν
3407 828 3501 881 τοῦ
3554 828 3805 893 φωτίζειν
3860 831 4038 890 ἐστὶν,

2456 915 2656 983 ἥκιστα
2688 915 2741 966 δὲ
2767 908 2874 966 οἶδε
2909 916 3218 981 ζωογονεῖν,
3255 916 3497 985 μελαίνει
3552 916 3607 969 δὲ
3666 917 3757 968 καὶ
3787 918 4039 985 ξηραίνει

2456 1008 2554 1074 τῆς
2618 1005 2891 1075 ἁμαρτίας
2952 1008 3176 1074 ἐπάγων
3245 1008 3338 1059 τὸν
3390 1009 3671 1061 καύσωνα.
3731 1010 3827 1060 Διά
3874 1009 4043 1060 τοῦτο

2466 1098 2693 1160 ἸΙσαῖας
2724 1103 2750 1150 6
2784 1097 2957 1166 μέγας
2986 1099 3249 1160 σκιαδίοις
3272 1099 3633 1151 ἐπικαλύπτει
3675 1100 3771 1161 τὰς
3797 1099 3905 1151 τῶν
3942 1116 4043 1149 πι-

2460 1192 2599 1245 στῶν
2626 1193 2800 1259 κεφαλ
2812 1192 2869 1254 Ξις
2895 1193 3342 1262 ἀποκρουομένας
3378 1193 3471 1246 τού
3498 1192 3741 1245 τοιούτου
3763 1192 3914 1263 ἡλίου
3938 1194 4044 1263 τὴν

2461 1282 2691 1351 μελανοῠ
2702 1298 2799 1333 σαν
2836 1299 2905 1333 πυ
2917 1283 3210 1352 ράκτωσιν.

2538 1394 2552 1425 ι
2588 1374 2752 1425 Ἀλλο
2770 1374 2825 1425 δὲ
2862 1374 3055 1425 ἔπεσεν
3086 1375 3175 1425 ἐπὶ
3214 1362 3311 1435 τάς
3351 1374 3613 1437 ἀκάνθας,
3641 1376 3735 1426 καὶ
3773 1374 4045 1441 συμφυεῖ-

2462 1486 2548 1519 σαι
2608 1469 2658 1517 αἱ
2716 1465 2952 1519 ἄκανθαι
2988 1465 3296 1529 ἀπέπνιξαν
3351 1464 3502 1517 αὑτό.
3546 1484 3563 1516 ι
3601 1463 3753 1531 Τάχα
3780 1464 4045 1525 τοιαύτας

2459 1558 2700 1618 ἀκάνθας
2736 1555 3069 1623 ἐϐλάστησεν
3096 1556 3127 1623 ἡ
3152 1554 3246 1622 γῆ,
3281 1555 3419 1623 μετά
3449 1555 3547 1623 τὴν
3586 1554 3677 1605 τοῦ
3706 1556 4042 1621 πρωτοπὶά-

2461 1670 2589 1703 στου
2646 1648 2982 1719 παράϐασιν,
3031 1647 3465 1717 ἀποφηναμένης
3501 1646 3602 1713 τῆς
3636 1646 3783 1707 θείας
3818 1647 4003 1713 φωνῆς
4028 1662 4045 1674 ·

2466 1763 2484 1793 ι
2528 1742 2791 1803 Ἀκάνθας
2826 1741 2917 1792 καὶ
2960 1738 3241 1806 τριϐόλους
3272 1739 3524 1791 ἀνατελεῖ
3557 1756 3637 1789 σοι
3670 1741 3702 1807 ἡ
3729 1740 3818 1804 γῆ.
3862 1759 3878 1789 ι
3919 1740 4046 1790 Κά-

2460 1838 2607 1888 κεῖσε
2642 1832 2749 1902 γὰρ
2800 1834 2903 1901 γῆν
2940 1832 3039 1900 μὲν
3090 1832 3191 1901 τὴν
3248 1831 3426 1899 σάρκα
3479 1832 3652 1900 Ἀδὰμ
3689 1830 3978 1900 ὠνόμασεν
4011 1832 4047 1898 ἡ

2459 1928 2648 1995 Γραφὴ
2697 1926 2905 1977 πολλῶν
2955 1924 3209 1978 ἀκανθῶν
3245 1926 3683 1992 περισπαρεῖσαν
3716 1926 3837 1983 ταῖς
3892 1924 4048 1989 ἀμυ-

2459 2022 2602 2089 χαῖς,
2663 2016 2727 2080 ἃς
2764 2018 2895 2085 ἡμῖν
2945 2017 3337 2086 προεξένησεν,
3375 2017 3544 2083 οἴμοι.
3600 2016 3625 2067 ό
3661 2014 3727 2066 τὰ
3772 2014 3901 2066 νόθα
3930 2017 4050 2075 τοῖς

2461 2110 2749 2180 τροφίμοις
2771 2108 3100 2176 ἐπισπείρας
3134 2107 3370 2171 ζιζάνια,
3412 2106 3592 2168 καθὼς
3644 2107 3807 2175 ἐτέρα
3860 2123 4051 2174 παρα-

2462 2202 2593 2271 ϐολὴ
2612 2200 2931 2269 διεσάφησε.
2956 2200 3195 2253 Κάκεῖσε
3223 2200 3330 2267 γάρ
3359 2199 3580 2268 ἔσπειρε
3606 2198 3665 2251 τὸ
3689 2198 3850 2251 καλὸν
3876 2197 4053 2268 σπέρ-

2466 2310 2542 2363 μα
2568 2294 2595 2346 6
2632 2292 3021 2361 οἰκοδεσπότης
3044 2305 3056 2319 ’
3094 2291 3457 2352 καθεύδοντας
3479 2290 3536 2343 δὲ
3559 2292 3683 2353 τους
3716 2290 4049 2360 ἀνθρώπους

2463 2387 2491 2437 6
2546 2385 2738 2454 ἐχθρὸς
2788 2383 3153 2449 ἐπιφυλάξας,
3210 2382 3494 2450 ἐνέσπειρε
3556 2382 3634 2452 τῷ
3682 2382 3934 2451 τροφίμῳ
3987 2382 4054 2433 τὸ

2464 2480 2757 2547 ἄχρηστον,
2817 2475 2964 2544 αὒτῷ
3012 2474 3089 2543 τῷ
3127 2474 3259 2542 σίτῳ
3306 2475 3447 2526 κατά
3480 2474 3540 2525 τὸ
3585 2474 3748 2542 μέσον
3774 2474 3950 2533 ἐνθεὶς
3985 2473 4053 2524 τδ

2468 2567 2728 2631 ζιζάνιον,
2755 2567 2891 2635 ὅπερ
2923 2565 3154 2617 ἐνταῦθα
3186 2564 3429 2626 ἀκάνθας
3476 2564 3757 2617 ἐκάλεσεν.
3799 2564 4055 2632 Ἐξέχον-

2468 2677 2559 2713 ται
2590 2660 2692 2729 γὰρ
2726 2654 2983 2727 ἀλλήλαις
3015 2658 3069 2710 αί
3113 2656 3249 2710 θεῖαι
3305 2658 3504 2725 φωναὶ,
3559 2657 3652 2710 καὶ
3699 2658 3816 2718 ταῖς
3851 2658 4052 2720 αὐταῖς

2467 2752 2701 2813 ἐννοίαις
2730 2751 3093 2820 συνείρονται,
3130 2750 3232 2801 κᾶν
3257 2753 3365 2811 τοῖς
3395 2750 3603 2819 ῥήμασι
3628 2750 4053 2805 διαλλάσσωσιν.

2468 2840 2595 2899 Εἶεν
2630 2844 2675 2897 δ’
2717 2845 2782 2898 ἀν
2834 2844 2929 2897 καὶ
2959 2841 3193 2896 ἄκανθαι
3243 2844 3299 2896 αἱ
3328 2842 3420 2894 τὸν
3444 2843 3631 2910 νοητὸν
3665 2845 3866 2912 σπόρον
3905 2861 4055 2911 συμ-

2469 2935 2761 3002 πνίγουσαι
2809 2936 2837 2987 6
2880 2932 2987 2987 ἀπὸ
3017 2933 3112 2985 τοῦ
3150 2932 3325 3001 θυμοῦ
3382 2933 3477 2985 καὶ
3509 2935 3609 3003 τῆς
3643 2932 3938 3001 ἐπιθυμίας
3965 2950 4057 2985 τι-

2470 3028 2735 3094 κτόμενος
2780 3023 3157 3097 μυριοπληθὺς
3184 3022 3293 3075 τῶν
3338 3022 3522 3075 κακῶν
3561 3023 3848 3092 συρφετὸς,
3884 3040 4058 3091 φρον-

780 3110 1138 3177 calamitates,
1195 3111 1303 3183 43
1341 3128 1569 3181 quaeque
1608 3130 1670 3167 ex
1708 3114 1791 3167 bis
1841 3114 2005 3167 multa
2051 3115 2360 3182 passionum

2470 3121 2632 3182 τίδες,
2679 3119 2962 3188 μέριμναι,
3019 3116 3208 3181 λύπαι,
3248 3115 3561 3184 ἐπιθυμίαι,
3596 3115 3791 3183 πένθη,
3829 3133 4057 3182 συμφο-

782 3216 977 3270 genera
1017 3204 1288 3266 oriuntur,
1322 3220 1417 3274 per
1446 3220 1580 3274 quas
1622 3205 1776 3260 bonze
1814 3207 2093 3269 actiones,
2145 3206 2352 3260 etiamsi

784 3295 933 3347 nasci
968 3298 1017 3348 in
1059 3297 1241 3350 anima
1277 3298 1575 3362 coeperint,
1613 3300 1973 3352 maturitatem
2026 3309 2203 3351 tamen
2252 3314 2355 3350 non

785 3398 1167 3453 assequuntur,
1206 3404 1377 3457 neque
1428 3391 1493 3443 ad
1543 3390 1816 3457 profectus
1857 3391 2192 3443 altitudinem
2232 3404 2357 3458 pcr-

783 3480 1024 3533 veniunt.

861 3590 880 3624 ι
932 3573 996 3627 Et
1038 3575 1178 3630 aliud
1226 3578 1422 3632 cecidit
1463 3579 1513 3631 in
1568 3589 1767 3633 terram
1817 3580 2049 3643 bonam,
2083 3588 2136 3632 et
2180 3588 2358 3632 ortum

785 3665 914 3720 fecit
957 3665 1190 3723 fructum
1240 3671 1571 3740 centuplum.
1611 3690 1628 3721 ι
1678 3672 1865 3735 Vides,
1899 3681 1955 3725 ut
1994 3671 2133 3726 idem
2178 3685 2361 3725 semen

787 3758 856 3810 ab
906 3760 1091 3813 eodem
1144 3775 1392 3831 sparsum
1440 3763 1675 3833 agricola
1724 3780 1827 3818 non
1878 3764 2125 3817 eumdem
2177 3761 2367 3815 aﬂerat

792 3849 1063 3904 fructum?
1099 3850 1239 3918 Quid
1278 3855 1475 3925 igitur?
1510 3856 1668 3927 culpa
1709 3858 1808 3910 IIOC
1844 3856 2045 3910 factum
2086 3853 2368 3923 agricolae?

791 3943 913 4009 quis
944 3958 1072 3997 vero
1099 3959 1163 3999 eo
1188 3947 1554 4016 perversitatis
1592 3947 1938 4016 procedet,ttt
1966 3949 2059 4001 bas
2080 3947 2366 4017 cogitatio-

795 4051 890 4090 ncs
922 4038 1196 4102 admittat,
1226 4051 1386 4107 atque
1421 4041 1534 4093 bare
1564 4040 1920 4109 blaterct(3)?
1950 4040 2054 4093 Sed
2079 4040 2153 4092 nti
2184 4040 2369 4093 eadem

797 4144 933 4196 aqua
974 4129 1023 4182 in
1066 4146 1228 4183 unum
1297 4132 1544 4200 idemque
1580 4142 1790 4201 pratum
1832 4131 2010 4185 infusa
2047 4131 2142 4184 alit
2175 4144 2370 4198 genera

794 4222 1010 4276 diversa
1058 4223 1399 4291 plantarum,
1443 4232 1498 4277 et
1547 4224 1627 4277 vis
1672 4225 1888 4292 quidem
1938 4238 2042 4277 una
2098 4231 2210 4287 est,
2257 4238 2375 4289 qme

797 4313 1010 4383 singula
1062 4314 1233 4383 rigat,
1281 4325 1336 4368 at
1385 4330 1604 4379 eorum,
1650 4331 1767 4384 qua:
1818 4316 2117 4383 irrigantttr
2159 4313 2373 4382 propria

802 4405 1065 4473 cujusque
1100 4407 1367 4471 conditio,
1403 4408 1454 4461 in
1486 4409 1728 4462 diversas
1761 4408 2049 4476 qualitates
2084 4415 2378 4459 commutat

2463 3215 2575 3283 ραῖ,
2619 3212 2711 3264 καὶ
2762 3212 2830 3263 τά
2880 3212 2944 3261 ἐκ
2982 3209 3186 3261 τούτων
3217 3207 3534 3276 πολύτροπα
3566 3207 3736 3275 πάθη,
3786 3207 3853 3259 δι’
3886 3202 3964 3259 ὧν
3996 3209 4058 3260 αἱ

2462 3301 2662 3367 ἀγαθαὶ
2702 3298 2951 3369 πράξεις,
2988 3297 3089 3349 κᾶν
3141 3295 3412 3367 ἄρξωνται
3440 3295 3669 3363 φύεσθαι
3704 3297 3761 3347 ἐν
3784 3299 3847 3365 τῇ
3879 3297 4056 3365 ψυχῇ,

2466 3394 2892 3460 ἀτελεσφόρητοι
2925 3390 3171 3460 μένουσι,
3228 3388 3322 3440 καλ⁸
3359 3388 3433 3449 είς
3468 3384 3601 3454 ὕψος
3656 3387 3942 3455 προκοπῆς
3985 3387 4051 3440 οὔ

2463 3484 2848 3555 προϐαίνουσι.

2538 3596 2556 3627 ι
2591 3577 2703 3630 Καὶ
2732 3576 2922 3645 ἕτερον
2950 3572 3145 3627 ἔπεσεν
3175 3572 3269 3625 ἐπὶ
3308 3573 3408 3642 τὴν
3438 3570 3543 3641 γῆν
3570 3572 3667 3641 τὴν
3698 3569 3927 3639 ἀγαθὴν,
3950 3569 4063 3622 καὶ

2466 3671 2599 3740 φυὲν
2646 3668 2870 3734 ἐποίησε
2935 3666 3148 3734 καρπὸν
3203 3664 3763 3717 ἐκατονταπλασὲονα.
3818 3681 3835 3713 ι
3886 3661 4063 3729 Ὁρᾷς

2465 3764 2559 3816 τὸν
2593 3761 2761 3814 αὐτὸν
2787 3758 2987 3827 σπόρον
3012 3757 3119 3809 ὑπὸ
3159 3756 3251 3807 τοῦ
3283 3754 3446 3807 αὑτοῦ
3486 3754 3843 3821 σκιδνάμενον
3873 3769 4063 3821 γεωρ-

2470 3855 2591 3923 γοῦ,
2626 3854 2717 3905 καὶ
2754 3854 2827 3921 μὴ
2853 3852 2951 3920 τὴν
2977 3849 3145 3916 αὐτὴν
3175 3847 3557 3917 καρποφορῐαν
3599 3844 4013 3898 ἐπιδεικνύοντα
4042 3860 4062 3907 ;

2471 3948 2535 4001 Τί
2582 3940 2675 3998 οὖν
2704 3961 2717 4008 ;
2752 3944 2907 4010 παρά
2940 3941 3038 4009 τὴν
3089 3939 3272 3991 αἰτίαν
3301 3935 3477 3990 ταῦτα
3516 3937 3609 3989 τοῦ
3644 3934 3927 4005 γεωργοῦς
3960 3936 4069 3987 καὶ

2470 4042 2553 4102 τίς
2582 4038 2645 4091 ἀν
2686 4038 2764 4098 είς
2794 4033 2954 4087 τοῦτο
3004 4032 3241 4099 προήκει
3293 4031 3615 4096 σκαιότητος
3664 4024 4068 4097 λογισμῶν,ὠς

2472 4130 2729 4197 τοιαύτην
2755 4124 3025 4194 φλυαρίαν
3062 4120 3242 4190 ἐαυτῷ
3278 4119 3720 4191 παραδέξασθαι;

2475 4240 2582 4293 περ
2611 4221 2671 4274 τὸ
2720 4219 2852 4272 αὐτὸ
2881 4216 3025 4284 ὕδωρ
3066 4217 3123 4266 ἐν
3157 4215 3240 4266 ἐνὶ
3289 4211 3522 4281 χειμῶνι
3550 4210 3833 4279 χεόμενον,
3867 4207 4071 4277 διαφό-

2480 4332 2606 4384 ρους
2638 4312 2782 4373 ίδέας
2802 4307 2912 4363 τῶν
2941 4305 3231 4377 φυομένων
3265 4304 3454 4375 τρέφει
3478 4320 3491 4333 ⁸
3538 4302 3633 4355 καὶ
3664 4304 3696 4371 ἡ
3734 4302 3831 4370 μέν
3861 4300 4068 4353 ὑπονο-

2478 4410 2702 4470 τίζονσα
2725 4402 2785 4455 τὸ
2811 4400 2933 4458 καθ’
2965 4400 3198 4451 ἕκαστον
3219 4395 3446 4463 δύναμις
3482 4396 3578 4463 μία
3611 4393 3779 4458 ἐστὶν,
3813 4393 3845 4461 ἡ
3869 4392 3925 4443 δὲ
3949 4391 4070 4443 τῶν

798 4496 1078 4550 humorem
1106 4515 1119 4551 :
1148 4499 1333 4553 eadem
1358 4498 1502 4553 enim
1527 4514 1664 4568 aqua
1690 4501 1743 4553 in
1770 4500 2037 4553 absinthio
2064 4499 2367 4554 amarescit.

2479 4497 2783 4569 δεχομένων
2816 4492 3013 4560 ἰδιότης
3044 4491 3121 4550 είς
3149 4486 3443 4556 διαφόρους
3472 4485 3532 4537 τὸ
3584 4484 3749 4553 ὑγρδν
3787 4482 4072 4550 μεταϐάλ-

798 4594 851 4636 et
890 4587 941 4638 in
980 4588 1231 4640 vitiosum
1271 4602 1490 4641 succum
1531 4588 1581 4641 iu
1621 4589 1740 4641 faba
1780 4588 2115 4642 convertitur
2152 4586 2292 4656 (55),
2324 4596 2375 4637 ct

798 4678 1037 4730 rubescit
1068 4680 1282 4745 quidem
1313 4680 1363 4733 in
1401 4696 1551 4742 rosa,
1585 4683 1635 4733 in
1670 4680 1781 4732 lilio
1808 4695 1936 4733 vero
1970 4680 2264 4741 candescit,
2323 4689 2376 4731 ct

799 4768 886 4821 ltic
916 4770 1130 4837 quidem
1165 4772 1362 4835 caleﬁt,
1394 4772 1462 4825 ibi
1499 4788 1624 4825 vero
1653 4772 1877 4842 frigent;
1908 4783 1957 4824 et
1988 4781 2118 4839 qnot
2151 4772 2199 4822 in
2236 4782 2375 4823 terra

798 4860 982 4915 videre
1024 4873 1107 4916 est
1148 4864 1216 4917 ab
1256 4880 1361 4918 uno
1406 4866 1705 4934 eodemque
1750 4866 1975 4917 humore
2020 4865 2375 4932 germinantia

870 4994 917 5025 “
944 4994 1086 5050 Psal.
1117 5012 1242 5061 cxx,
1279 4997 1332 5052 6.
1411 4998 1455 5031 ⁸⁸
1484 4998 1642 5053 Cant.
1678 5015 1711 5058 ι.
1746 4998 1798 5052 6.

2481 4588 2559 4647 λει
2591 4584 2884 4652 ποιότητας
2906 4598 2918 4611 ·
2953 4580 3013 4633 τὸ
3051 4579 3159 4647 γὰρ
3195 4576 3325 4629 αὐτὸ
3355 4574 3498 4644 ὕδωρ
3530 4576 3589 4626 ἐν
3625 4574 3724 4644 μὲν
3752 4576 3813 4641 τῇ
3850 4573 4071 4643 senos)

2487 4676 2860 4745 πικραίνεται,
2894 4672 2973 4731 είς
3011 4666 3337 4739 φθοροποιὶν
3364 4664 3418 4719 δὲ
3451 4665 3625 4734 χυμὸν
3668 4666 3723 4715 ἐν
3750 4665 3824 4731 τῷ
3866 4663 4074 4732 κυάμῳ

2490 4771 2834 4841 μεθίσταται,
2871 4764 2965 4818 καὶ
2995 4762 3374 4834 ἐρυθραίνεται
3413 4759 3512 4827 μὲν
3544 4760 3601 4809 ἐν
3624 4758 3701 4827 τῷ
3734 4758 3894 4828 ῥόδῳ,
3927 4759 3985 4808 ἐν
4012 4757 4075 4809 δὲ

2486 4860 2562 4930 τῷ
2594 4858 2765 4929 κρίνῳ
2796 4853 3163 4917 λευκαίνεται,
3201 4851 3294 4905 καὶ
3322 4848 3381 4901 τὸ
3417 4847 3515 4919 μὲν
3539 4847 3984 4916 ἐνθερμαίνεται,
4015 4848 4078 4899 τὸ

1882 5000 1926 5030 ⁸⁸
1958 4998 2060 5053 lsa.
2100 5016 2172 5062 tv,
2204 5001 2267 5063 6;
2301 5012 2426 5061 xxv,
2460 4996 2514 5050 Δ.

2053 5114 2371 5176 Francisci
2405 5113 2614 5175 Scorsi
2650 5118 2835 5172 notae.

873 5211 988 5281 (34)
1030 5213 1198 5284 Atque
1234 5217 1339 5267 Itmc
1391 5217 1630 5270 blateret.
1679 5219 1768 5279 Ὠς
1823 5215 2077 5285 τοιαύτης
2112 5215 2385 5284 φλυαρίαν

804 5283 985 5357 ἐαυτῴ
1010 5283 1445 5357 παραδέξασθαι,
1480 5288 1572 5341 Itas
1608 5305 1772 5356 nugas
1806 5288 1859 5340 in
1895 5304 1947 5340 se
1990 5283 2226 5357 recipiat,
2256 5283 2385 5338 sint-

805 5356 1018 5424 pliciter
1041 5356 1344 5419 vertissent,
1367 5361 1460 5411 sed
1495 5360 1738 5425 pluribus
1770 5358 1989 5411 indulsi.
2021 5358 2081 5410 (Σ.
2120 5356 2178 5409 ν.
2213 5356 2382 5409 habet

802 5426 1120 5498 τερθρείαν,
1142 5428 1282 5498 quod
1305 5428 1441 5481 idem
1460 5443 1523 5481 ac
1546 5428 1801 5498 φλυαρία,
1838 5430 2031 5481 usitata
2066 5441 2168 5481 vox
2200 5442 2226 5477 a
2251 5427 2386 5480 Gre-

805 5498 958 5560 gorio
1002 5496 1160 5565 Nyss.
1205 5497 1299 5550 lib.
1340 5498 1413 5552 De
1446 5500 1627 5552 anima
1661 5496 1709 5552 et
1746 5498 1991 5562 Restat,
2058 5508 2113 5552 et
2148 5519 2177 5549 κ
2214 5498 2389 5566 Chry-

804 5576 1067 5624 δοειοηιο.

878 5639 991 5707 (55)
1038 5641 1099 5692 In
1131 5640 1254 5706 faba
1304 5644 1643 5696 convertitur.
1705 5638 1826 5692 llmc
1858 5640 2016 5693 verba
2064 5640 2143 5699 εἰς
2194 5638 2389 5706 φθορο-

808 5709 966 5781 ⁸ποιὸν
998 5710 1053 5764 δὲ
1080 5713 1257 5781 χυμὸν
1286 5713 1344 5764 ἐν
1374 5712 1451 5781 τῷ
1502 5714 1700 5781 κυάμῳ
1742 5711 2062 5779 μεθίσταται
2104 5710 2295 5761 desunt
2336 5709 2388 5760 in

810 5776 869 5834 Ρ.
900 5780 1004 5849 C.;
1059 5776 1433 5852 setl'sitpplevi
1459 5798 1523 5839 ex
1574 5776 1903 5847 \‘L,'ctsanc
1929 5781 2233 5835 necessaria
2263 5787 2388 5833 sunt

2498 5214 2561 5265 ad
2594 5214 2822 5266 alteram
2858 5218 3063 5278 partem
3097 5206 3452 5278 Oppositiunis
3478 5202 3996 5278 signantl_atn,_sicut
4025 5207 4079 5260 in

2498 5283 2710 5336 duabus
2765 5275 3417 5348 seqttentibttchxemplis
3464 5290 3653 5348 auctor
3688 5275 3793 5348 duo
3830 5276 3974 5348 inter
4022 5293 4084 5331 se

2498 5351 2789 5409 committit
2818 5344 3097 5403 ἀντίθετα.
3125 5346 3294 5400 Porro
3322 5344 3472 5409 quod
3506 5345 3627 5398 faba
3658 5344 3780 5395 mali
3806 5346 3876 5397 sit
3902 5350 4083 5413 succi,

2494 5424 2712 5478 hebetet
2738 5436 2957 5482 sensus,
2980 5429 3033 5471 ct
3056 5419 3320 5471 insomnia
3353 5416 3657 5468 turbulenta
3698 5414 3941 5475 inducat,
3974 5432 4082 5470 uua

2489 5503 2592 5557 est,
2632 5492 2804 5545 Plinio
2845 5491 2893 5543 id
2928 5498 3227 5544 asserente.
3281 5497 3334 5539 et
3387 5487 3590 5553 φυσικὴ
3629 5499 3811 5557 causa,
3868 5502 3971 5539 cur
4013 5491 4085 5540 ab

2489 5555 2795 5631 Pythagora
2853 5560 2972 5631 ejus
3007 5560 3467 5631 ususdamnatus
3516 5570 3581 5631 eo
3623 5555 3803 5631 edicto
3830 5557 4089 5624 κυάμων

2490 5623 2790 5703 ἀπέχεσθαι
2818 5646 2831 5660 ·
2940 5629 3075 5703 [abis
3111 5628 3499 5703 abstinendum.
3538 5623 3641 5678 Sed
3680 5636 3731 5676 et
3757 5627 3939 5691 plures
3964 5623 4091 5680 alia:

2491 5698 2789 5757 afferuntur
2839 5698 2956 5765 ejus
3002 5699 3129 5751 dicti
3172 5698 3432 5755 rationes,
3486 5711 3621 5762 quas
3680 5709 4088 5752 commemorat

2494 5774 2660 5830 Lilius
2688 5770 2943 5827 Giraldus
2973 5768 3024 5823 in
3056 5768 3279 5838 Pytliag.
3311 5766 3590 5835 symbolis.
