4208 6438
745 383 852 451 ΞΗ

1926 389 2420 451 TIIEOPHANIS
2455 389 2797 448 CERAMEI

3911 390 4026 452 αδδ

741 503 979 555 divinam
1018 502 1396 571 cognationem
1439 503 1658 556 reducat
1695 520 1708 556 :
1749 501 2024 555 inﬁrmum
2063 511 2240 554 autem
2279 500 2330 552 in

2441 499 2564 559 τῶν,
2593 500 2685 552 καὶ
2712 499 2800 551 τὸν
2816 498 3233 563 ἀποξενωθέντα
3257 499 3355 570 τῆς
3380 500 3492 554 ἄνω
3518 501 3776 569 πατρίδος
3801 501 4030 569 ἐπάγων

742 592 845 644 ﬁde
875 602 1138 655 assumat.
1168 603 1221 645 et
1248 593 1299 645 in
1338 595 1539 661 peccati
1574 595 1850 661 ergastulo
1880 593 2143 646 inclusum
2174 593 2332 657 visat,

743 697 870 740 tunc
925 701 1056 739 sane
1109 688 1507 753 sexagesimum
1565 686 1761 739 dicitur
1817 685 2051 738 fructum
2115 682 2329 736 afferre.

741 777 1028 830 Admirare
1080 776 1247 844 igitur
1286 777 1632 843 agricultoris
1679 775 1884 829 Domini
1933 783 1986 827 et
2033 784 2191 828 terra:
2239 788 2332 827 (ο-

747 869 918 922 leudm
955 869 1243 930 rationem,
1270 881 1322 923 et
1355 871 1766 939 benignitatem.
1795 880 1846 921 et
1876 870 2200 937 obstupesce
2227 883 2332 936 quo

741 969 901 1028 pacto
933 975 1037 1013 non
1071 961 1317 1014 eamdem
1350 961 1417 1013 ab
1444 961 1694 1013 omnibus
1722 976 2032 1012 mensuram
2063 959 2330 1012 fructuum

742 1053 958 1121 exigat;
1004 1052 1096 1105 sed
1143 1064 1194 1105 et
1231 1068 1351 1104 cum
1396 1054 1484 1119 qui
1531 1054 1752 1105 multum
1797 1052 2052 1112 reddidit.
2084 1061 2329 1114 coronat,

743 1152 799 1197 et
827 1159 948 1197 eum
980 1146 1072 1213 qui
1105 1161 1316 1211 parum,
1351 1161 1455 1198 non
1488 1145 1859 1198 aversatur.ld
1889 1154 2065 1197 autem
2096 1144 2335 1198 ostendit

743 1235 989 1303 apertius
1044 1235 1099 1288 in
1150 1234 1330 1287 divina
1377 1235 1631 1302 parabola
1679 1235 2081 1303 operariorum,
2126 1235 2178 1286 in
2229 1246 2333 1302 qua

744 1327 923 1392 primo
949 1325 1132 1379 itidem
1169 1341 1232 1379 ac
1262 1327 1556 1381 novissimo
1582 1340 1788 1380 merces
1816 1325 2020 1379 denarii
2050 1327 2225 1378 datur.

826 1643 842 1673 ι
898 1620 1306 1690 lnterrogabant
1347 1631 1528 1676 autem
1573 1637 1695 1677 eum
1740 1623 1988 1692 discipuli
2035 1624 2182 1691 ejus.
2216 1639 2334 1688 qua:

745 1725 894 1770 esset
941 1716 1053 1768 haec
1103 1713 1381 1781 parabola.
1425 1733 1442 1763 ι
1503 1714 1756 1780 Discipuli
1806 1729 1926 1768 cum
1976 1714 2336 1768 multitudinis

749 1807 1136 1860 benevolentes
1172 1814 1382 1869 essent.
1416 1815 1469 1859 et
1503 1806 1771 1860 dictorum
1808 1808 2054 1861 viderent
2084 1807 2332 1861 obscuri-
2368 1844 2410 1899 Β

748 1905 943 1957 tatem,
980 1910 1041 1948 ea
1097 1895 1430 1948 sciscitando
1477 1896 1686 1949 discere
1725 1897 2030 1955 studebant.
2071 1905 2127 1948 nt
2169 1897 2332 1950 etiam

751 1987 923 2039 turba:
956 1999 1140 2038 eorum
1179 1985 1595 2052 esplicationem
1633 1987 1961 2054 acciperent.
1997 1985 2135 2051 Quid
2172 1985 2336 2055 igitur

749 2077 1035 2131 Salvator?
1082 2095 1100 2125 ι
1150 2071 1316 2130 Vobis
1360 2079 1543 2129 datum
1590 2087 1669 2131 est
1715 2093 1874 2132 nosse
1922 2079 2176 2147 mysteria
2220 2079 2335 2142 Dei,

749 2169 963 2222 caeteris
987 2178 1164 2221 autem
1194 2167 1248 2221 in
1273 2169 1563 2234 parabolis.
1612 2187 1628 2219 ι
1685 2169 1816 2222 Cum
1851 2189 1868 2221 ι
1903 2171 2084 2222 datum
2132 2188 2149 2221 ι
2185 2170 2335 2231 dicit,

751 2261 950 2314 donum
983 2275 1102 2315 esse
1137 2275 1247 2313 rem
1283 2275 1400 2314 eam
1440 2259 1709 2324 ostendit;
1749 2261 1848 2314 hoc
1881 2271 2060 2314 autem
2094 2260 2334 2313 divinum

753 2353 951 2405 donum
1013 2367 1119 2404 non
1178 2366 1370 2407 omnes
1430 2352 1679 2422 accipere
1734 2362 1979 2420 possunt.
2031 2351 2132 2404 Alii
2193 2351 2335 2405 enim

752 2444 930 2499 adhuc
981 2445 1214 2500 infantes
1265 2446 1318 2498 in
1366 2444 1467 2498 lide
1514 2455 1672 2511 sunt;
1723 2445 1812 2499 alii
1859 2461 1985 2501 vero
2033 2446 2337 2500 hebetiores

753 2537 916 2590 animi
945 2552 1137 2590 sensus
1169 2538 1392 2602 habent;
1428 2553 1528 2591 nee
1553 2539 1685 2592 satis
1713 2538 1891 2592 idonei
1923 2539 1988 2592 ad
2020 2539 2335 2593 obscuriora

754 2629 1011 2698 mysteria
1075 2630 1343 2682 audienda
1399 2628 1508 2700 45
1569 2631 1765 2699 quibus
1828 2632 1978 2701 quasi
2041 2629 2338 2685 infantibus

751 2721 1103 2788 parabolicus
1156 2724 1597 2776 accommodatus
1647 2730 1726 2775 est
1775 2737 1984 2787 sermo,
2024 2721 2127 2776 Vos
2179 2737 2334 2788 vero.

753 2812 965 2881 inquit.
997 2813 1085 2880 qui
1130 2812 1306 2866 studio
1344 2813 1496 2864 valde
1532 2813 1788 2867 laudabili
1826 2815 2018 2884 dignos
2053 2814 2337 2869 altioribus

754 2921 852 2961 vos
885 2906 1197 2960 reddidistis
1226 2944 1242 2968 .
1279 2920 1396 2973 quae
1421 2909 1590 2975 magis
1634 2906 1908 2961 recondita
1940 2916 2094 2972 sunt,
2130 2909 2338 2962 discere

755 2999 1004 3067 potestis.
1051 2996 1244 3051 Subdit
1275 3013 1436 3067 porro
1477 2999 1850 3067 propheticum
1900 2999 2030 3054 illttd
2069 3000 2271 3054 dictum
2319 3019 2334 3055 :

763 3107 782 3140 ι
818 3089 892 3145 Ut
923 3090 1167 3143 videntes
1196 3106 1300 3142 non
1331 3090 1568 3156 videant,
1599 3101 1652 3146 et
1685 3091 1965 3147 audientes
1993 3107 2100 3146 non
2134 3093 2335 3148 intelli-

2440 592 2577 660 πρδς
2611 591 2708 661 τὴν
2754 591 2903 644 θείαν
2939 592 3286 658 συγγένειαν,
3348 593 3440 646 τον
3471 594 3528 646 δὲ
3576 592 3913 648 ἀσθενοῦντα
3957 599 4027 665 τῇ

2439 685 2621 737 πίστει
2659 684 3248 753 προσλαμϐανόμενος,
3279 687 3375 737 καὶ
3419 687 3513 738 τὸν
3543 685 3936 739 κατάκλειστον
3968 690 4032 738 ἐν

2437 776 2733 846 ἁμαρτίαις
2793 776 3284 844 ἐπισκεπτόμενος,
3337 776 3457 829 τότε
3498 779 3713 844 λέγεται
3755 781 4034 846 γεωργεῖν

2434 873 2503 925 τά
2536 873 2820 940 ἐξήκοντα.
2881 869 3181 938 Ἀγάσοητι
3213 864 3311 922 οὖν
3342 870 3435 922 τοῦ
3467 869 3718 937 γεωργοῦ
3751 871 4028 922 Δεσπότου

2435 963 2531 1031 τὴν
2569 961 2847 1030 γεωργίαν
2901 977 2961 1012 τε
3015 959 3108 1010 καὶ
3140 958 3578 1028 φιλανθρωπίαν,
3618 960 3712 1011 καὶ
3740 960 4034 1011 καταπλάο

2435 1053 2587 1122 γτιθι,
2622 1051 2738 1114 πῶς
2796 1053 2857 1104 οὐ
2908 1051 2986 1120 τῷ
3034 1052 3184 1121 αὑτῷ
3229 1053 3414 1120 μέτρῳ
3463 1054 3712 1115 ἃπαντας
3777 1056 4029 1116 ἀπαιτεῖ,

2436 1146 2572 1197 ἀλλὰ
2612 1142 2704 1196 καὶ
2741 1143 2832 1194 τὸν
2857 1142 3028 1195 πολλὰ
3061 1145 3572 1211 καρποφορήσαντα
3621 1147 3900 1212 στεφανοῖ,
3933 1148 4031 1197 καὶ

2434 1237 2525 1288 τὸν
2555 1236 2711 1303 ὀλίγα
2751 1235 2850 1288 οὐκ
2889 1232 3317 1304 ἀποστρέφεται.
3361 1234 3738 1287 Διαλευκαίνει
3784 1235 3840 1287 δὲ
3867 1237 4033 1287 τοῦτο

2435 1329 2776 1396 τρανώτερον
2809 1329 2864 1378 ὲν
2898 1328 2964 1394 τῇ
3000 1325 3107 1376 τῶν
3136 1325 3382 1392 ἐργατῶν
3409 1325 3677 1395 θεολέκτῳ
3711 1327 4027 1395 παραϐολῇ,

2437 1417 2528 1470 καὶ
2560 1417 2637 1486 τῷ
2679 1418 2880 1485 πρώτῳ
2933 1417 3028 1469 καὶ
3089 1417 3166 1487 τῷ
3202 1416 3414 1487 ἐσχάτῳ
3470 1416 3774 1487 παρασχὼν
3803 1417 3896 1471 τοῦ
3941 1437 4036 1487 μι-

2441 1509 2568 1562 σθοῦ
2598 1510 2655 1562 τὸ
2682 1510 2960 1580 δηνάριον.

2514 1635 2532 1666 ι
2587 1616 2919 1685 Ἐπηρώτων
2942 1617 2995 1669 δὲ
3029 1616 3192 1669 αὐτον
3221 1619 3269 1668 οἱ
3308 1615 3573 1686 μαθηταὶ,
3611 1617 3695 1678 τίς
3722 1618 3807 1683 εἴη
3847 1617 3878 1685 ἡ
3917 1634 4030 1668 1:1-

2441 1707 2638 1776 ραεολὴ
2668 1706 2829 1777 αὕτη.
2861 1728 2878 1759 ι
2918 1708 3300 1778 Φιλοστόργως
3326 1708 3542 1777 ἔχοντες
3573 1708 3706 1776 πρὸς
3730 1707 3793 1759 τὸ
3817 1708 4032 1775 πλῆθος

2439 1801 2485 1852 oi
2519 1800 2786 1869 μαθηταὶ,
2823 1799 2915 1852 καὶ
2952 1799 3189 1868 ὁρῶντες
3250 1801 3345 1869 τὴν
3377 1799 3486 1852 τῶν
3535 1799 3840 1868 λεχθέντων
3885 1801 4034 1852 ἀσα-

2441 1906 2619 1957 φειαν,
2677 1889 3099 1956 φιλοπευστοῦσι
3153 1891 3222 1942 τα
3255 1889 3560 1958 λαληθέντα
3619 1888 3833 1958 μαθεῖν,
3859 1889 3934 1950 ὼς
3961 1889 4035 1942 ἂν

2442 1981 2538 2032 καὶ
2564 1981 2611 2032 οἱ
2647 1979 2793 2050 ὄχλοι
2826 1980 3041 2048 μάθωσι
3068 1979 3165 2051 τὴν
3194 1981 3375 2034 αὐτῶν
3405 1982 3759 2049 διασάφησιν.
3788 1981 3852 2033 Τί
3879 1978 3973 2034 οὖν
4003 1983 4036 2034 ὁ

2445 2070 2675 2139 Σωτήρ;
2746 2091 2762 2121 ι
2812 2071 2974 2141 Ὑμῖν
3026 2071 3236 2125 δέδοται
3294 2074 3591 2140 γνῶναιτὰ
3627 2076 3901 2143 μυστήρια
3933 2075 4033 2127 τοῦ

2441 2161 2600 2224 Θεοῦ,
2657 2165 2771 2226 τοίς
2812 2163 2868 2215 δὲ
2928 2162 3139 2228 λοιποῖς
3192 2166 3251 2217 ὲν
3309 2166 3672 2236 παραϐολαῖς.
3734 2186 3750 2218 ι
3821 2166 4033 2230 Εἰπὼν,

2446 2274 2463 2305 ι
2498 2254 2738 2319 Δέδοται,
2783 2274 2800 2306 ›
2830 2255 3108 2309 δείκνυσιν
3141 2258 3223 2309 ὅτι
3251 2258 3432 2328 δωρεὰ
3477 2259 3538 2310 τὸ
3572 2260 3806 2328 πρᾶγμά
3843 2260 3992 2311 ἐστιν
4016 2275 4034 2290 ο

2441 2348 2575 2400 ἀλλὰ
2600 2347 2805 2418 ταύτην
2832 2351 2933 2418 τὴν
2959 2348 3112 2402 θείαν
3133 2351 3276 2403 δόσιν
3310 2352 3370 2403 οὐ
3406 2353 3605 2414 πάντες
3647 2352 3902 2405 δύνανται
3933 2353 4034 2404 λα-

2441 2442 2576 2497 ϐεῖν.
2610 2444 2673 2495 Οἱ
2709 2444 2809 2513 μὲν
2842 2448 2951 2516 γὰρ
2980 2447 3042 2514 τῇ
3089 2445 3274 2497 πίστει
3341 2445 3421 2498 ἔτι
3465 2446 3821 2514 νηπιάζονσιν
3847 2462 3863 2476 ο
3889 2447 3936 2496 οἱ
3972 2445 4034 2497 δὲ

2441 2535 2727 2606 παχύτερα
2761 2536 2988 2604 φέρουσι
3026 2538 3094 2590 τά
3155 2538 3254 2606 τῆς
3303 2537 3482 2608 ψυχῆς
3538 2538 3891 2607 αἰσθητήρια,
3926 2540 4036 2590 οὐκ

2441 2628 2760 2697 ἐπιτηδείως
2822 2628 3039 2698 ἔχοντες
3103 2629 3240 2699 πρὸς
3297 2630 3393 2699 τὴν
3443 2631 3551 2682 τῶν
3605 2633 4035 2700 μυστικωτέρων

2442 2720 2728 2789 ἀκρόασιν,
2751 2713 2833 2782 οἷς
2875 2720 3128 2792 καθάπερ
3154 2722 3372 2791 νηπίοις
3393 2723 3419 2774 ὁ
3441 2722 3809 2791 παραδολικὸς
3851 2722 4035 2791 ἁρμό-

2444 2828 2526 2864 σει
2553 2812 2728 2879 λὸγος.
2771 2813 2969 2882 ’Υμεῖς
3008 2813 3085 2876 δὲ,
3114 2815 3302 2882 φησὶν,
3335 2815 3385 2866 οί
3427 2815 3635 2884 σπουδῇ
3672 2815 3814 2884 μάλα
3845 2815 4039 2866 καλλί-

2443 2921 2544 2976 στῃ
2599 2905 2785 2969 ἀξίους
2843 2907 3074 2968 ἑαυτοὺς
3110 2906 3220 2958 τῶν
3270 2906 3622 2977 ὑψηλοτέρων
3676 2909 4032 2976 ποιήσαντες,

2440 2997 2667 3050 δύνασθε
2702 2997 2766 3050 ἂν
2793 2997 2986 3066 μαθεῖν
3020 2999 3114 3050 καὶ
3168 2997 3236 3050 τὰ
3263 2998 3677 3068 μυστικώτερα;
3723 3000 3952 3064 Ἐπάγει
3974 2997 4034 3051 δὲ

2443 3088 2500 3140 τὸ
2535 3090 2872 3157 προφητικὸν
2923 3090 3103 3140 έκεῖνο
3163 3089 3361 3160 ῥητόν·
3417 3108 3435 3140 ι
3474 3090 3592 3141 Ἵνα
3625 3089 3916 3158 βλέποντες
3954 3091 4033 3158 μὴ

754 3182 970 3250 gant”.
1007 3200 1026 3232 ι
1070 3183 1202 3236 Cum
1244 3183 1386 3236 enim
1430 3199 1459 3236 a
1502 3181 1612 3237 Deo
1655 3184 1882 3239 facultas
1921 3185 2025 3240 illis
2067 3187 2335 3256 impertita

2445 3180 2706 3250 βλέπωσι,
2739 3181 2830 3232 καὶ
2862 3181 3158 3242 ἀκούοντες
3199 3181 3273 3249 μὴ
3311 3181 3557 3233 συνιῶσι.
3598 3201 3614 3231 ι
3641 3181 3900 3248 Δοθείσης
3919 3183 4035 3250 γὰρ

754 3271 846 3330 sit.
878 3286 982 3340 qua
1019 3281 1241 3342 possent
1271 3276 1475 3341 Optima
1505 3288 1729 3344 quaeque
1761 3275 2006 3346 seligere,
2039 3277 2179 3346 quod
2214 3293 2340 3345 pra-

757 3362 837 3415 κίε
873 3364 1068 3417 studiis
1103 3374 1310 3418 mentes
1348 3380 1532 3418 eorum
1578 3367 1846 3422 hebetata
1889 3370 2031 3428 sint.
2065 3369 2341 3424 audientes

754 3470 941 3521 sensu,
971 3455 1150 3508 animo
1186 3471 1289 3509 non
1329 3457 1653 3526 intelligunt.
1679 3471 1737 3513 et
1765 3460 2039 3530 corporeis
2072 3461 2333 3526 videntes,

753 3549 950 3601 anima:
979 3549 1170 3602 oculos
1198 3551 1478 3604 claudunt.
1511 3550 1777 3605 Particula
1809 3568 1956 3617 vero.
1985 3565 2041 3606 ut
2074 3555 2210 3624 (59),
2239 3557 2341 3609 hoc

755 3638 874 3693 loco
907 3655 1011 3692 non
1043 3655 1265 3694 causam
1297 3641 1588 3710 signiﬁcat,
1618 3642 1712 3697 scd
1743 3655 2017 3700 eventum.
2045 3645 2159 3700 Non
2195 3648 2337 3701 enim

755 3732 875 3786 ideo
919 3732 970 3784 in
1021 3733 1292 3800 parabolis
1331 3735 1675 3801 loquebatur,
1709 3746 1766 3791 ut
1804 3752 1870 3792 ne
1908 3739 2172 3802 viderent,
2207 3755 2341 3795 neve

754 3825 1035 3887 audirent;
1071 3825 1162 3878 sed
1197 3825 1321 3894 quia
1350 3827 1418 3878 ob
1447 3842 1632 3880 eorum
1669 3831 1962 3896 nequitiam
1996 3832 2067 3884 ita
2101 3830 2338 3886 futurum

752 3924 894 3982 erat,
925 3923 981 3968 nt
1015 3918 1298 3974 eveniret:
1335 3927 1391 3970 ut
1425 3918 1470 3973 si
1513 3921 1634 3987 quis
1674 3921 1847 3975 oculis
1885 3923 2023 3976 male
2063 3922 2337 3987 allectum,

752 4017 806 4062 et
841 4009 1250 4070 cmcueientem.
1281 4011 1479 4079 diuque
1513 4026 1578 4064 eo
1615 4012 1804 4066 morbo
1841 4013 2179 4068 laborantem
2221 4016 2341 4070 ideo

754 4102 807 4152 in
837 4101 966 4154 solis
998 4102 1340 4170 splendorem
1373 4104 1624 4155 ohtnrnm
1655 4103 1910 4160 detixisse
1943 4107 2105 4166 dicat.
2137 4118 2192 4159 ut
2223 4107 2342 4174 plus

751 4194 1028 4260 acciperet
1069 4196 1404 4249 detrimenti.
1452 4195 1643 4251 Postea
1694 4208 1748 4252 ut
1797 4199 2013 4253 doceret
2060 4215 2169 4254 non
2221 4216 2341 4254 esse

750 4284 1077 4352 simpliciter
1110 4286 1455 4354 accipienda,
1488 4302 1607 4350 quae
1644 4289 1988 4351 dicebautur.
2021 4292 2114 4342 sed
2149 4306 2246 4359 per
2277 4306 2340 4345 ea

749 4376 818 4431 ad
852 4376 1160 4432 subtiliores
1193 4393 1388 4433 sensus
1417 4380 1730 4448 erigendam
1767 4390 2024 4445 mentem,
2046 4382 2337 4451 adjunxit:

755 4488 774 4519 ε
812 4468 914 4535 Qui
953 4471 1114 4524 habet
1144 4486 1302 4524 aures
1329 4472 1581 4525 audiendi
1618 4472 1823 4526 audiat.
1865 4491 1884 4523 ι
1924 4472 2037 4529 Hoc
2069 4484 2153 4529 est
2188 4491 2202 4527 :
2237 4473 2338 4540 Qui

2444 3273 2625 3334 αὐτοῖς
2653 3271 2936 3341 δυνάμεως
2964 3272 3026 3324 ὲκ
3055 3271 3190 3324 Θεοῦ
3251 3274 3332 3334 εἰς
3357 3273 3417 3324 τὸ
3449 3272 3709 3325 δύνασθαι
3744 3274 3810 3325 τὰ
3847 3273 4036 3340 λῷστα

2444 3361 2793 3425 ἐκλέξασθαι,
2823 3363 2914 3415 διὰ
2945 3363 3006 3414 τὸ
3056 3365 3400 3433 παχυνθῆναι
3435 3364 3618 3416 αὐτῶν
3659 3367 3753 3426 τὰς
3787 3366 4034 3428 διανοίας

2442 3457 2551 3516 τοῖ;
2593 3455 2816 3524 φαύλοις
2844 3457 3270 3526 ἐπιτηδεύμασιν
3318 3457 3606 3517 ἀκούοντες
3636 3457 3931 3526 αἰσθητῶς,
3964 3458 4028 3510 οὐ

2446 3548 2689 3600 συνιοῦσι
2727 3550 2782 3601 δὲ
2847 3550 3078 3620 νοητῶς,
3134 3552 3228 3603 καὶ
3281 3551 3517 3620 ὁρῶντες
3551 3553 3662 3613 τοῖς
3695 3550 4037 3619 σωματικοῖς

2443 3640 2740 3708 ὀφθαλμοῖς
2797 3641 2926 3703 τοὺς
2994 3642 3094 3709 τῆς
3124 3641 3304 3711 ψυχῆς
3361 3643 3660 3710 ἐπιμύωσι.
3695 3642 3768 3695 Τὸ
3793 3644 3869 3704 δὲ,
3905 3644 4033 3708 ἵνα,

2443 3732 2680 3785 ἐνταῦθα
2737 3733 2836 3784 οὑκ
2869 3733 3250 3799 αἰτιολογικῶς
3283 3735 3522 3804 εἴρηται,
3571 3735 3686 3788 ἀλλ’
3711 3739 3772 3789 ἐκ
3805 3738 3900 3802 τῆς
3935 3738 4025 3788 ἐκ·

2445 3823 2676 3886 ϐάσεως.
2705 3826 2778 3876 Οὐ
2821 3826 2930 3892 γάρ
2960 3827 3046 3878 διὰ
3075 3827 3233 3878 τοῦτο
3263 3828 3320 3878 ὲν
3346 3828 3684 3897 παραϐολαῖς
3715 3829 3912 3889 ἐλάλει,
3945 3828 4036 3881 ἵνα

2449 3918 2585 3986 μήτε
2655 3915 2919 3984 βλέπωσι,
2985 3918 3126 3985 μήτε
3188 3917 3486 3977 ἀκούωσιν,
3552 3919 3667 3970 ἀλλ’
3705 3921 3786 3971 ὅτι
3855 3920 4034 3983 οὕτως

2445 4009 2622 4078 ἀπέϐη
2660 4009 2911 4076 γενέσθαι
2942 4009 3030 4061 δια
3054 4011 3153 4079 τὴν
3186 4011 3414 4062 ἐκείνων
3452 4012 3767 4063 κακόνοιαν.
3818 4013 4037 4082 ’Ὠσπερ

2445 4101 2510 4153 ἂν
2547 4100 2601 4152 εἴ
2630 4119 2713 4162 τις
2745 4103 2835 4153 τὸν
2871 4102 2967 4162 τὰς
3007 4101 3157 4171 ὄψεις
3199 4101 3600 4172 βεϐλαμμένον,
3625 4103 3722 4154 καὶ
3750 4103 4038 4172 ἁμελυὼτ-

2444 4212 2631 4256 τοντα,
2671 4195 2764 4248 καὶ
2795 4193 2956 4247 πλέον
2989 4195 3083 4247 τοῦ
3119 4194 3329 4257 πάθους
3358 4196 3726 4264 ἐπιστάμενον
3755 4196 3916 4265 ἐρεῖς,
3946 4197 4036 4248 δτι

2443 4287 2531 4338 διὰ
2563 4286 2725 4339 τοῦτο
2776 4287 3056 4353 ἐνητένισε
3106 4287 3243 4354 πρὸς
3281 4287 3348 4338 τὰ
3387 4287 3589 4357 ήλιακὰ
3624 4287 4038 4354 σελαγίσματα,

2444 4379 2532 4431 ἴνα
2560 4379 2783 4430 πλείονα
2817 4378 2916 4446 τὴν
2941 4378 3188 4431 κάκωσιν
3208 4377 3452 4448 δέξηται.
3490 4373 3624 4430 Εἶτα
3652 4379 3924 4431 διδάσκων
3953 4380 4036 4448 μὴ

2445 4471 2634 4535 ἁπλῶς
2691 4471 2759 4523 τὰ
2813 4469 3083 4539 λεγόμενα
3131 4471 3410 4534 δέξασθαι,
3461 4471 3600 4524 ἀλλὰ
3638 4471 3707 4523 δι’
3733 4471 3912 4523 αὐτῶν
3951 4472 4037 4534 είς

749 4561 1110 4631 spiritualiter
1143 4563 1516 4617 ratiocinando
1551 4565 1653 4619 scit
1685 4565 1877 4619 altiora
1912 4565 2186 4635 colligere.
2221 4578 2275 4621 et
2306 4582 2335 4620 a

2448 4563 2761 4634 ἱσχνοτὲρας
2819 4561 3032 4623 ἐννοίας
3077 4563 3402 4630 ἀνάγεσθαι,
3443 4564 3672 4629 ἐπάγει·
3709 4583 3726 4613 ‹
3774 4562 3834 4616 Ὀ
3890 4562 4036 4633 ἔχων

751 4652 1104 4708 sensibilibus
1139 4657 1523 4710 transcendere
1557 4657 1622 4709 ad
1661 4673 1745 4719 ea,
1777 4673 1894 4724 qua:
1929 4673 2023 4726 per
2055 4657 2337 4726 parabolas

750 4746 894 4798 dicta
957 4753 1102 4798 sunt.
1162 4743 1276 4797 Non
1335 4745 1478 4798 enim
1535 4745 1732 4800 sullicit
1787 4748 1852 4799 ad
1905 4747 2135 4801 salutem
2195 4751 2336 4802 nuda

750 4835 1077 4890 auscultatio
1120 4837 1486 4901 monitorum,
1523 4837 1625 4889 nisi
1671 4836 2126 4889 anscultationem
2173 4851 2334 4905 opera

747 4930 1100 4982 comitentur.
1159 4928 1279 4982 llzcc
1341 4929 1504 4997 igitur
1559 4930 1826 4993 scientes,
1872 4928 2212 4992 charissimi,
2267 4945 2337 4984 ne

748 5020 1067 5088 simpliciter
1095 5029 1148 5076 et
1199 5028 1405 5074 temere
1438 5021 1694 5073 doctrina:
1723 5022 2070 5074 sermonibus
2098 5022 2340 5089 prmhea-

751 5129 872 5166 mus
906 5128 1083 5175 aures.
1116 5123 1172 5167 ut
1203 5114 1369 5167 verba
1409 5115 1625 5181 quidem
1663 5114 2013 5183 accipiamus.
2043 5114 2174 5167 nihil
2207 5128 2336 5167 vero

745 5220 814 5259 ex
847 5207 1044 5261 auditis
1075 5207 1375 5261 referamus
1405 5206 1641 5272 fructus;
1679 5208 1814 5262 adeo
1847 5217 1902 5260 ut
1963 5217 2102 5259 terra
2136 5206 2338 5261 sterdis

824 5368 870 5399 ’°
896 5366 1000 5421 Isa.
1030 5379 1105 5430 vt.
1131 5363 1186 5418 9.

2448 4653 2566 4707 ὦτα
2619 4655 2860 4718 ἀκούειν,
2897 4654 3166 4715 ἀκουέτω.
3209 4674 3227 4705 ι
3263 4657 3567 4718 τουτέστιν,
3607 4657 3635 4707 ὸ
3665 4655 3821 4718 είδὼς
3861 4673 4044 4707 πνευι

2454 4749 2701 4817 ματικῶς
2731 4749 2797 4801 τα
2822 4746 3134 4817 ὑψηλότερα
3170 4746 3612 4815 συλλογίζεσθαι,
3654 4747 3748 4799 καὶ
3778 4747 4038 4816 ἀποθρώ-

2445 4859 2596 4894 σκειν
2648 4841 2759 4894 ἀπὸ
2809 4840 3290 4908 τῶνφαινομένων
3346 4841 3481 4908 πρὸς
3513 4841 3581 4913 τα
3643 4838 4034 4908 παραϐολικῶς

2442 4933 2731 5001 λεγόμενα.
2789 4931 2864 4983 Οὐ
2921 4931 3030 4998 γὰρ
3077 4931 3239 4997 ἀρκεῖ
3273 4931 3411 4998 πρὸς
3441 4929 3502 4979 τὸ
3556 4924 3804 4992 σωθῆναι
3841 4927 4030 4993 γυμνὴ

2442 5022 2548 5074 τῶν
2580 5020 2956 5090 παραινέσεων
2997 5020 3028 5089 ή
3062 5019 3347 5088 ἀκρόασις,
3390 5018 3464 5088 μὴ
3509 5018 3707 5088 ἔχουσα
3740 5016 3920 5069 ὁπαδά
3962 5017 4035 5070 τὰ

2443 5115 2580 5185 ἔργα
2607 5116 2703 5182 τῆς
2733 5115 3073 5184 ἀκροάσεως.
3099 5112 3268 5165 Ταῦτ’
3301 5111 3393 5164 οὖν
3430 5129 3454 5163 ε
3481 5113 3652 5173 δότες,
3683 5109 3924 5177 ἀδελφοὶ,
3952 5111 4031 5178 μὴ

2440 5212 2552 5268 τοῖς
2591 5206 2770 5272 λόγοις
2821 5205 2919 5272 τῆς
2957 5203 3306 5266 διδασκαλίας
3359 5203 3550 5265 ἁπλῶς
3603 5201 3700 5254 καὶ
3766 5201 3890 5270 είκῆ
3931 5199 4032 5261 τὰς

2007 5454 2330 5515 Francisei
2358 5453 2568 5515 Scorsi
2596 5461 2782 5515 notae.

821 5591 937 5660 ('59)
983 5589 1434 5667 Particnlagero,
1473 5598 1550 5642 ut.
1612 5585 1726 5639 Non
1757 5601 1977 5667 causam
2003 5587 2334 5667 anteceden-

751 5657 882 5724 tem.
913 5657 1005 5717 Scd
1032 5657 1306 5721 eventnui.
1339 5672 1395 5715 et
1418 5657 1864 5724 consequentiam
1898 5657 2198 5720 signiﬁcari
2239 5672 2334 5720 per

751 5733 1100 5802 particulam,
1121 5743 1177 5786 ut
1209 5732 1450 5802 pluribus
1485 5733 1534 5783 in
1556 5730 1688 5782 locis
1713 5726 2126 5802 Ενηιιευιιοτιιιιι
2161 5727 2332 5802 adno-

754 5797 832 5858 tat
868 5797 1220 5859 doctissimus
1251 5801 1609 5860 Maltlonatus,
1642 5807 1693 5848 et
1721 5811 1839 5866 post
1872 5813 1995 5850 eum
2026 5797 2329 5850 scientissi-

753 5889 872 5930 mus
924 5890 1203 5932 sacrarum
1256 5872 1582 5927 Litterarum
1631 5867 1920 5924 Cornelius
1954 5884 1980 5920 a
2021 5866 2222 5937 Lapide
2274 5870 2326 5923 in

2442 5587 2632 5640 (Zanon
2667 5587 2731 5639 ad
2788 5584 3064 5654 Evangelii
3112 5583 3540 5656 Comtngntaria.
3604 5579 3740 5633 Vide
3777 5591 3940 5646 porro
3974 5587 4032 5656 nt

2440 5660 2744 5711 libertatem
2781 5652 2993 5709 arbitr—ii
3049 5665 3268 5708 tueatur
3313 5652 3672 5717 Theophanes
3725 5660 3913 5702 noster
3977 5652 4028 5698 in

2440 5729 2774 5796 explicandis
2810 5727 2962 5780 Isaia:
2999 5726 3216 5796 verbis;
3257 5721 3326 5776 Ut
3373 5722 3606 5776 videntes
3643 5736 3744 5774 non
3796 5718 4033 5781 ride-int,

2436 5795 2568 5865 etc}.
2594 5808 2777 5854 contra
2823 5807 3105 5864 novantes,
3129 5795 3222 5866 qui
3251 5809 3369 5851 eam
3398 5803 3670 5848 evertunt.
