4208 6438
213 423 320 484 957

1598 428 1924 487 IIOMILIA
1968 428 2136 487 VIII.

3373 442 3482 504 258

210 540 350 591 me
378 538 482 609 τὴν
513 539 727 610 ἀγαθὴν
764 540 1097 595 κατάστασιν
1133 542 1231 610 τῆς
1268 540 1473 611 ψυχῆς,
1517 544 1575 593 ἐν
1617 536 1781 613 ᾖτοὺε

1903 555 2063 607 quau.
2102 554 2385 608 speramus
2424 541 2812 608 ha-reditatem,
2849 554 2970 613 post
3025 547 3222 599 multos
3271 548 3486 605 labores

206 629 461 693 δικαίους
516 632 791 685 ἀναπαύει
841 635 869 685 ὁ
916 634 1109 699 Λόγος,
1166 633 1368 685 κόλπον
1442 633 1798 701 Ἀδραμιαῖον

207 721 496 789 ὠνόμασε.
538 724 764 791 Πρῶτος
795 726 904 794 γὰρ
943 721 1093 787 οὗτος
1142 727 1170 777 ό
1201 726 1549 794 πατριάρχης
1590 724 1677 776 διὰ
1707 728 1798 777 πί-

208 828 384 874 στεως
412 814 515 880 τῆς
541 813 907 883 ἐλπιζομένης
949 815 1251 884 εύκληρίας
1289 816 1429 884 μετὰ
1458 816 1556 884 τὴν
1597 815 1797 886 πολλὴν

204 906 587 957 κακοπάθειαν
617 908 794 978 ἔτυχε.
838 908 947 976 Τὴν
984 908 1115 974 γοῦν
1147 907 1255 959 τῶν
1292 910 1622 977 ἀμετρήτων
1658 910 1795 975 ἁγα-

204 996 316 1047 θῶν
344 996 579 1064 ἔνδειξιν
608 1000 688 1070 τῷ
712 999 805 1053 τοῦ
831 1001 1036 1053 κόλπου
1062 999 1418 1070 διασημαίνει
1447 1001 1677 1066 ὀνόματι
1703 1042 1716 1061 ,

204 1088 413 1152 πάντες
459 1091 531 1141 δι’
578 1092 781 1159 ἀρετῆς
832 1092 926 1145 τὸν
968 1093 1219 1161 παρόντα
1260 1092 1606 1154 διαπλέοντες
1655 1092 1789 1161 βίον,

200 1180 333 1233 ὅταν
376 1183 636 1235 ἐντεῦθεν
674 1184 997 1255 ἁπάρωσιν,
1026 1185 1102 1247 ὡς
1135 1188 1193 1236 ἐν
1221 1184 1476 1253 ἀκλύστῳ
1496 1185 1671 1252 λιμένι
1695 1186 1793 1247 τὰς

200 1275 385 1343 ψυχὰς
420 1276 831 1345 ἐνορμίζονται.
864 1276 1079 1329 Γένοιτο
1118 1277 1164 1329 δ’
1214 1278 1281 1330 ἂν
1322 1280 1455 1347 ἡμῖν
1499 1278 1791 1331 ἀκόλουθον

204 1367 437 1418 κακεῖνο
462 1370 838 1436 ὲπαπορῆσαι,
865 1368 1053 1437 ἐπειδὴ
1082 1368 1236 1421 οὐδὲν
1271 1369 1379 1421 τῶν
1406 1370 1790 1439 άπροαιρέτων

204 1459 446 1526 ὑπάρχει
483 1461 853 1529 μακαριστὸν,
888 1460 1007 1522 πῶς
1046 1464 1072 1513 ό
1102 1460 1354 1533 Λάζαρος
1386 1463 1657 1524 ἀκουσίως
1688 1480 1790 1514 πε-

201 1551 434 1616 νίμενος
475 1549 578 1618 τῆς
635 1553 917 1622 μακαρίας
971 1554 1165 1620 ἔτυχεν
1204 1553 1600 1619 άπολαύσεως;
1650 1552 1789 1604 Οὔτε

202 1640 309 1709 γὰρ
345 1642 414 1693 ἂν
448 1644 547 1695 καὶ
579 1642 779 1704 πάντες
806 1644 855 1695 οί
881 1644 1170 1713 πενόμενοι
1202 1645 1310 1697 τῶν
1341 1646 1470 1697 ἴσων
1495 1644 1645 1713 αὐτῷ
1668 1645 1790 1698 τεύο

201 1733 382 1795 ξονται
434 1735 707 1802 άμοιδῶν.
758 1738 945 1805 Φαμὲν
1006 1732 1120 1800 οὖν,
1166 1738 1240 1798 ὡς
1287 1736 1656 1806 ἐπαινουμένη
1691 1738 1788 1804 μὲν

198 1824 348 1875 ἐστιν
417 1826 600 1877 ἔνδεια
660 1828 693 1894 ἡ
744 1827 1014 1890 ἑκούσιος,
1053 1830 1117 1895 ἧν
1158 1828 1455 1897 μακαρίζει
1490 1830 1519 1878 ό
1560 1827 1784 1895 Κύριοςο

1906 641 2237 687 consecutus
2272 643 2373 686 est.
2413 634 2593 702 Itaque
2636 635 3026 691 itnmvnsorum
3076 638 3339 692 bonorum
3385 643 3483 693 dc-

1904 723 2222 776 monstratio
2250 724 2417 776 lsiuus
2464 725 2818 791 appellatione
2849 728 3178 793 continetur,
3210 731 3275 782 ad
3321 747 3479 796 quem

1901 828 2110 876 omnes,
2147 815 2233 882 qtti
2290 816 2410 866 vita:
2463 814 2619 881 hujus
2670 817 3066 884 navigationem
3116 838 3235 873 eum
3284 824 3484 878 vit-tute

1899 904 2211 971 coniiciunt,
2248 916 2530 973 postquam
2568 905 2690 958 hine
2718 909 3015 970 solverunt,
3055 911 3198 962 velut
3225 914 3290 968 ad
3325 926 3480 967 tran-

1898 999 2120 1067 quillum
2164 1008 2373 1066 portum
2428 999 2636 1051 animas
2688 1000 2983 1066 appellunt.
3041 1002 3477 1059 Consentaneum

1899 1106 2025 1141 vero
2057 1090 2210 1141 nobis
2239 1100 2318 1141 est
2354 1089 2476 1139 illud
2506 1092 2668 1141 etiam
2703 1106 2967 1155 tiltttl‘et‘t',
3004 1109 3125 1145 cum
3161 1094 3291 1147 nihil
3325 1096 3479 1148 invo-

1896 1178 2185 1230 luutarimu
2237 1178 2564 1230 beatitudine
2615 1179 2833 1247 dignum
2867 1180 2957 1241 sit,
3010 1181 3102 1247 qui
3141 1182 3336 1235 factum
3372 1196 3477 1251 est,

1897 1282 1952 1325 ιιι
1982 1269 2238 1333 Lazarus,
2269 1272 2359 1339 qui
2400 1271 2600 1325 invitus
2647 1282 2961 1339 paupertate
2997 1275 3318 1342 angebatur,
3351 1280 3478 1330 hea-

1897 1364 2177 1417 titudiuem
2222 1372 2647 1428 consequeretur
2679 1363 2830 1430 (5|)?
2856 1360 3045 1431 Neque
3078 1367 3222 1417 enim
3269 1382 3475 1433 omnes,

1890 1453 1980 1521 qui
2013 1463 2254 1522 egestate
2290 1452 2559 1513 laborant,
2599 1465 2780 1517 parem
2813 1467 2933 1504 cum
2968 1454 3056 1506 illo
3085 1457 3478 1508 remuneratio-

1893 1560 2014 1599 nem
2070 1545 2344 1610 accepturi
2400 1554 2542 1597 sunt.
2599 1543 2784 1611 Itaque
2836 1543 3067 1600 dicimus
3118 1547 3475 1602 voluntariam

1891 1637 2107 1703 quidem
2150 1646 2517 1704 paupertatem
2564 1652 2681 1688 csse
2717 1634 2872 1688 laude
2904 1636 3144 1703 dignam,
3177 1654 3337 1704 quam
3370 1640 3411 1692 Ι)
3447 1666 3477 1681 -

1894 1728 2071 1781 minus
2105 1728 2316 1781 beatam
2346 1727 2634 1795 prmdicat;
2664 1736 2842 1780 tamen
2872 1730 3108 1795 prudens
3144 1730 3281 1781 ratio
3309 1732 3471 1783 etiam

1892 1824 2117 1875 invitum
2154 1822 2349 1873 bonum
2384 1821 2449 1872 ad
2483 1821 2730 1873 virtutem
2770 1824 3062 1876 transferre
3097 1835 3290 1891 potest,
3324 1842 3475 1881 com-

199 1916 338 1984 πλὴν
363 1915 485 1967 ἀλλ’
516 1920 544 1968 ό
573 1917 820 1985 ἐχέφρων
858 1919 1113 1987 λογισμὸς
1135 1917 1340 1971 δύναιτ’
1364 1919 1431 1971 ἂν
1458 1921 1781 1987 μεταγαγεῖν

1894 1913 2169 1968 miscendo
2214 1914 2573 1965 voluntariam
2630 1913 2970 1966 tolerantiam
3037 1930 3158 1968 cum
3205 1933 3330 1969 casu
3375 1919 3471 1986 qui

198 2011 277 2067 εἰς
306 2008 521 2078 ἀρετὴν
564 2009 661 2062 καὶ
710 2010 770 2061 τὺ
822 2010 1081 2063 ἀκούσιον
1127 2010 1357 2076 ἀγαθὸν,
1395 2011 1494 2079 τὴν
1533 2011 1785 2063 ἑκούσιον

199 2102 489 2170 ὑπομονὴν
543 2101 623 2170 τῷ
672 2101 949 2170 συμϐάντι
987 2101 1232 2170 ἀκουσίῳ
1273 2103 1781 2169 συγκερασάμενος.

196 2192 393 2245 Πολλοὶ
427 2194 531 2261 μὲν
556 2194 666 2263 γὰρ
696 2194 905 2262 πτωχοὶ
932 2195 997 2262 τῇ
1026 2193 1337 2262 περιουσία,
1382 2193 1782 2245 πλεονεκτικῶς

194 2300 347 2335 τατοι
402 2283 464 2336 δὲ
516 2286 583 2353 τῇ
641 2285 964 2355 προαιρέσει
1022 2285 1409 2355 τυγχάνουσιν,
1463 2278 1545 2346 οἷς
1610 2284 1785 2347 οὐδεὶς

194 2376 388 2430 ἔπεστι
438 2376 541 2445 τῆς
591 2375 802 2437 ἐνδείας
849 2375 1039 2445 μισθός
1070 2392 1084 2405 °
1125 2377 1221 2428 καὶ
1272 2376 1439 2428 πόθεν
1479 2378 1566 2438 ἂν,
1624 2378 1782 2445 φησὶ,

192 2469 480 2539 γνώριμος
509 2469 778 2538 γένοιτοῆ
816 2469 907 2522 τοῦ
941 2469 1199 2539 Λαζάρου
1225 2471 1581 2540 προαίρεσις;
1629 2471 1783 2523 οὐδὲν

192 2563 301 2630 γάρ
345 2564 481 2631 περὶ
516 2564 724 2615 τούτων
756 2565 783 2614 ὁ
818 2562 975 2629 λόγος
1012 2564 1144 2631 ἡμῖν
1190 2562 1438 2631 ἔσήμανε
1472 2579 1485 2593 ο
1525 2565 1620 2615 καὶ
1679 2562 1787 2631 μὴν

195 2655 253 2716 ἐξ
279 2654 470 2707 αὐτῶν
508 2655 620 2707 τῶν
658 2655 1053 2722 Εὑαγγελικῶν
1103 2654 1368 2724 ῥημάτων
1410 2653 1571 2706 τοῦτο
1604 2653 1786 2723 ῥᾴδιον

197 2743 459 2799 συνιδεῖν.
488 2743 719 2797 Ἐλκεσι
748 2746 859 2814 γὰρ
895 2745 992 2797 καὶ
1024 2746 1356 2814 γυμνητείᾳ,
1388 2744 1483 2795 καὶ
1511 2742 1654 2812 λιμῷ
1704 2760 1785 2795 τε·

195 2836 579 2904 τρυχωμένος,
607 2838 702 2889 καὶ
733 2836 831 2890 τοῦ
860 2838 1117 2890 πλουσίου
1144 2836 1246 2906 τὴν
1272 2834 1485 2905 τρυφὴν
1509 2833 1778 2904 ὁσημέραι

198 2928 361 2994 ἐρῶν,
386 2927 516 2982 οὔτε
548 2930 645 2999 τῆς
673 2929 872 2998 βύσσου
928 2931 1021 2983 καὶ
1051 2930 1149 2999 τῆς
1183 2929 1468 2998 πορφύρας
1505 2930 1561 2980 ὲν
1590 2930 1782 2979 ἐπιθυ-

1889 2015 2075 2058 contra
2099 2002 2427 2056 voluntatem
2461 2004 2684 2069 accidit;
2724 2003 2873 2057 multi
2906 2003 3049 2056 enim
3083 2016 3207 2057 sunt
3243 2007 3469 2061 fortunis

1891 2110 2173 2164 pauperes,
2207 2096 2294 2161 qui
2331 2094 2491 2149 iidem
2525 2096 2792 2149 voluntate
2836 2098 3063 2149 habendi
3107 2106 3234 2151 sunt
3263 2100 3467 2153 avidis-

1885 2189 2029 2251 simi,
2054 2202 2189 2256 quos
2219 2186 2359 2240 nulla
2386 2196 2562 2240 manet
2591 2189 2917 2256 paupertatis
2945 2204 3171 2244 merces.
3208 2192 3271 2243 Ει
3301 2193 3472 2245 ιιιιιΙιι

1888 2297 2043 2345 nam,
2091 2281 2266 2348 inquit
2318 2279 2425 2343 ille,
2480 2290 2693 2333 constat
2755 2278 2944 2333 Lazari
2994 2282 3274 2336 voluntas?
3325 2283 3467 2339 Nihil

1883 2373 2025 2428 enim
2060 2371 2126 2425 de
2157 2373 2257 2424 hac
2291 2371 2443 2425 nobis
2466 2371 2807 2441 evangelicus
2837 2387 3014 2426 sermo
3042 2374 3331 2441 signiﬁcat.
3358 2376 3465 2429 Sed

1886 2475 2062 2519 tamen
2090 2480 2152 2518 ex
2186 2464 2315 2532 ipsis
2342 2462 2615 2532 Evangelii
2646 2465 2824 2518 verbis
2854 2463 3012 2518 facile
3042 2465 3092 2518 id
3128 2466 3467 2535 intelligitur,

1887 2559 2009 2626 quia
2042 2572 2163 2611 cttm
2208 2556 2494 2617 ulceribus.
2534 2555 2798 2618 nuditate,
2828 2570 2890 2609 ac
2924 2558 3061 2610 {ante
3096 2556 3467 2622 amictaretur,

1887 2656 1939 2701 et
1971 2648 2149 2701 divitis
2199 2647 2378 2699 luxum
2412 2646 2650 2713 quotidie
2688 2646 2914 2709 videret,
2949 2660 3120 2715 neque
3156 2650 3377 2715 hyssum
3411 2657 3466 2701 et

1889 2753 2176 2806 purpuram
2202 2738 2530 2805 ccucupivit,
2556 2750 2729 2805 neque
2751 2737 2990 2790 ciborum
3023 2739 3267 2792 varietati
3295 2740 3470 2794 inhia.

1892 2833 2031 2883 visse
2086 2831 2316 2889 videtur,
2365 2830 2456 2881 sctl
2492 2830 2557 2880 de
2591 2828 2745 2880 micis
2791 2828 3051 2881 duntaxat
3097 2832 3463 2884 necrssarium

1892 2934 2100 2977 natura:
2132 2923 2368 2974 debitum
2402 2919 2610 2973 solvere
2640 2920 2909 2988 cupiebat.

200 3026 298 3093 pf;
326 3027 572 3089 ἐγένετο,
602 3025 725 3077 οὔτε
768 3026 895 3096 περὶ
919 3027 1015 3096 τὴν
1043 3025 1315 3078 ποικιλίαν
1370 3025 1479 3076 τῶν
1507 3024 1823 3093 ἐδεσμάτων
1863 3021 2113 3091 φαίνεται
2149 3018 2595 3088 λιχνευσάμενος,
2662 3016 2777 3071 ἀλλ’
2810 3020 2874 3071 ἐκ
2917 3019 3030 3071 τῶν
3061 3019 3260 3089 ψιχίων
3306 3022 3468 3091 μόνον

201 3114 470 3182 ἐπεθύμει
497 3115 683 3167 δοῦναι
706 3117 768 3167 τ’)
798 3118 1099 3185 ἀναγκαῖον
1130 3116 1224 3185 τῆς
1277 3114 1490 3183 φύσεως
1528 3113 1772 3182 ὀφλημαο

275 3225 293 3256 ι
355 3207 623 3261 Ἀπέθ;.νε
673 3211 727 3262 δὲ
783 3212 878 3261 καὶ⁸
935 3213 963 3263 ό
1019 3209 1299 3272 πλούσιος,
1353 3210 1448 3262 καὶ
1495 3208 1692 3274 ἐτάφη.
1754 3225 1772 3256 ι
1808 3211 1850 3268 C

205 3300 399 3369 ’ῼχετο
432 3302 527 3353 καὶ
557 3300 809 3354 διόλωλεν
840 3304 867 3354 ὁ
898 3302 1149 3371 λαμπρός
1180 3319 1239 3353 τε
1272 3303 1367 3352 καὶ
1412 3299 1772 3368 ἁϐροδίαιτος,

200 3392 228 3441 ὁ
276 3392 333 3441 ὲν
380 3389 570 3459 βύσσῳ
623 3392 720 3443 καὶ
775 3390 1034 3463 πορφύρᾳ
1084 3390 1480 3459 ὼραῐζόμενος,
1525 3392 1552 3442 ὁ
1583 3390 1777 3442 ἐσθίων

196 3482 421 3550 ἐρίφους
472 3483 536 3533 ὲκ
591 3483 886 3551 ποιμνίων,
917 3488 1010 3536 καί
1046 3483 1318 3553 μοσχάρια
1351 3484 1415 3535 ὲκ
1452 3484 1620 3551 μέσου
1653 3481 1778 3550 βουο

196 3574 395 3626 κολίων
452 3575 757 3644 γαλαθηνά.
799 3576 982 3629 Ταῦτα
1030 3576 1087 3628 δὲ
1138 3577 1208 3627 τὰ
1257 3576 1574 3647 προφητικά
1603 3592 1616 3605 ·
1649 3592 1667 3625 ι
1718 3576 1777 3627 Ὀ

196 3667 371 3719 πίνων
418 3668 515 3719 τὸν
559 3667 907 3737 διῡλισμένον
952 3663 1118 3731 οἶνον,
1170 3670 1265 3720 καὶ
1301 3668 1370 3720 τὰ
1405 3666 1595 3738 πρῶτα
1630 3669 1776 3739 μύρα

194 3759 511 3827 χριόμενος.
565 3777 585 3809 ι
641 3759 842 3811 Σκόπει
872 3760 963 3824 δὲ,
1006 3758 1082 3822 ὡς
1116 3760 1209 3811 ἐπὶ
1249 3758 1349 3829 μὲν
1380 3759 1473 3811 τοῦ
1509 3759 1775 3829 πένητος,

194 3853 295 3902 οὐκ
317 3850 572 3921 ἐμνήσθη
593 3851 794 3920 ταφῆς,
821 3853 911 3903 ἐπὶ
949 3852 1004 3905 δὲ
1031 3851 1125 3905 τοῦ
1152 3851 1410 3904 πλουσίου
1445 3852 1540 3905 καὶ
1572 3852 1776 3922 ταύτην

195 3945 553 4012 συντέταχεν,
608 3944 919 4006 ἀκολούθως
964 3944 1125 3996 τοῦτο
1175 3944 1369 3995 ποιῶν.
1419 3945 1493 3996 Τὸ
1534 3944 1634 4013 μὲν
1666 3947 1773 4014 γὰρ

194 4033 449 4104 Λάζαρον
485 4036 635 4096 εἰκὸς
662 4035 973 4103 ἀκηδέστως
1011 4034 1238 4103 ῥιφῆναί
1281 4051 1382 4087 που
1413 4035 1641 4102 ἄταφον.
1674 4035 1768 4098 Τίς

191 4131 301 4195 γαρ
325 4127 394 4178 ἂν
429 4127 826 4197 προσηκούσης
860 4126 1013 4187 ὁσίας
1048 4126 1272 4194 ᾑξίωσε,
1294 4126 1385 4177 τὸν
1416 4126 1552 4195 μηδὲ
1577 4125 1774 4194 ψιχίων

188 4219 341 4281 ἄξιον
368 4218 777 4287 νομιζόμενονς
818 4218 906 4285 Τῴ
935 4215 1178 4286 πλουσίῳ
1212 4217 1398 4269 πολλοὶ
1449 4218 1548 4287 μὲν
1590 4219 1639 4269 οἱ
1681 4219 1775 4270 ἐπὶ

185 4314 252 4380 τῇ
290 4311 504 4379 ἐκςιορᾷ
536 4308 1044 4379 προπομπεύοντες,
1079 4309 1269 4360 πολλαὶ
1298 4308 1355 4361 δὲ
1387 4308 1651 4378 θρηνῳδοὶ
1676 4311 1773 4370 τὰς

186 4408 442 4469 matura;
477 4402 858 4453 ὲπιτείνουσαι
890 4416 902 4429 ·
930 4402 1135 4471 λάρναξ
1176 4402 1232 4453 δὲ
1280 4401 1371 4451 τὸν
1419 4401 1611 4468 νεκρὸν
1649 4403 1773 4452 ἑπι-

189 4496 541 4563 κρύπτουσα,
570 4495 664 4545 καὶ
698 4498 728 4562 ἠ
759 4493 952 4562 κηδεία
986 4493 1238 4563 λαμπρά,
1275 4495 1367 4544 καὶ
1397 4493 1458 4542 τὸ
1487 4492 1581 4543 τοι]
1606 4493 1771 4544 Actth

1960 3220 1977 3252 ι
2018 3199 2260 3253 Mortuus
2294 3207 2372 3251 est
2413 3207 2588 3251 autem
2637 3205 2690 3250 et
2725 3195 2897 3258 dives.
2929 3206 2985 3250 et
3023 3196 3265 3265 sepultus
3300 3212 3403 3255 est.
3442 3220 3460 3253 ι

1885 3288 2128 3341 Excessit
2147 3301 2176 3339 e
2198 3288 2323 3349 vita,
2342 3299 2389 3338 et
2422 3287 2620 3338 interiit
2643 3284 2954 3351 Splendidus
2981 3285 3085 3351 ille,
3105 3296 3158 3340 et
3175 3289 3464 3359 ιΙεΙὶι-αιιιε,

1881 3388 1934 3434 et
1965 3382 2123 3448 bysso
2154 3388 2207 3431 et
2230 3393 2462 3446 purpura
2485 3376 2923 3444 conspiciendus,
2948 3377 3038 3446 qui
3093 3398 3111 3430 ι
3141 3384 3464 3438 comedebat

1882 3474 2063 3525 haedos
2107 3470 2173 3523 de
2218 3483 2400 3539 grege,
2434 3481 2489 3521 et
2524 3470 2785 3522 lactentes
2835 3470 3029 3524 vitulus
3073 3473 3136 3525 de
3170 3474 3286 3526 med
3310 3490 3341 3527 ο
3372 3492 3461 3528 at-

1882 3574 2209 3616 mentorum.
2262 3581 2280 3612 ι
2330 3561 2455 3615 llaec
2511 3570 2685 3615 autem
2744 3563 2901 3616 verba
2953 3566 3227 3631 propheta:
3280 3578 3401 3620 sunt
3444 3587 3459 3622 :

1887 3673 1905 3705 ι
1935 3655 2035 3720 Qui
2066 3655 2282 3709 bibebat
2306 3658 2485 3709 viumu
2513 3656 2852 3719 defaecatum,
2874 3666 2927 3709 et
2962 3660 3247 3726 unguentis
3276 3662 3463 3725 primis

1880 3748 2179 3817 ungebatur
2210 3746 2253 3801 δ.
2295 3765 2313 3798 ι
2366 3748 2658 3802 Considera
2711 3759 2915 3813 autem,
2946 3765 3067 3803 eum
3103 3751 3168 3804 de
3215 3755 3393 3807 tuendi
3430 3769 3463 3808 ο

1881 3836 2210 3906 loqueretur,
2264 3837 2462 3890 nullam
2518 3837 2809 3905 sepultura:
2864 3840 3054 3893 fecisse
3107 3843 3460 3909 mentionem,

1879 3945 2000 3985 cum
2034 3944 2159 3982 vero
2193 3930 2257 3983 de
2302 3930 2491 3995 divite,
2539 3944 2656 3983 eam
2692 3930 2872 3983 statim
2920 3932 3253 4000 adjuuxisse.
3304 3935 3458 3999 Quo]

1878 4033 2241 4091 congruenter
2290 4022 2415 4076 fecit
2464 4039 2477 4075 :
2532 4024 2820 4076 verisimile
2872 4024 3016 4076 enim
3064 4034 3148 4077 est
3195 4024 3456 4079 Lazarum

1872 4118 2031 4184 justis
2054 4115 2258 4169 funeris
2282 4118 2543 4179 caruisse,
2563 4130 2722 4183 atque
2747 4116 3065 4183 insepultum
3090 4117 3266 4183 aliquo
3285 4117 3459 4173 fuisse

1877 4209 2172 4276 projectum
2196 4222 2213 4260 :
2237 4208 2359 4273 quis
2394 4206 2536 4260 enim
2580 4222 2701 4258 eum
2746 4209 3014 4273 supremis
3051 4210 3345 4263 honoribus
3373 4212 3459 4264 di-

1876 4310 2130 4371 gnaretur
2148 4298 2257 4368 50
2297 4301 2389 4367 qui
2414 4315 2479 4351 ne
2500 4300 2655 4353 micis
2678 4302 2893 4365 quidem
2912 4303 3099 4368 dignus
3126 4302 3460 4357 habebatur?

1878 4389 2069 4444 Divitis
2121 4406 2247 4443 vero
2300 4386 2462 4441 funus
2511 4388 2663 4440 tnulti
2716 4392 3187 4458 prosequebantur
3222 4410 3236 4445 :
3274 4394 3459 4449 multa:

1881 4489 2044 4540 etiam
2077 4491 2302 4540 aderant
2334 4485 2559 4553 praeﬁca:
2592 4502 2709 4547 qua:
2743 4486 2946 4539 luctum
2986 4490 3175 4541 naeniis
3203 4491 3454 4544 intende-

186 4586 640 4655 ἐνιπληρούμενιν
672 4599 687 4613 ·
738 4603 757 4634 ι
798 4585 862 4637 Οἱ
904 4584 1064 4651 τάφοι
1125 4584 1305 4636 αὐτῶν
1374 4584 1545 4635 οίκίαι
1587 4584 1769 4635 αὐτῶν

1887 4590 2025 4633 aaut.
2064 4579 2294 4632 Loculus
2331 4593 2478 4639 vero,
2510 4593 2616 4646 quo
2650 4580 2927 4632 conditum
2963 4580 3192 4634 cadaver
3234 4590 3372 4643 erat,
3403 4590 3459 4635 et

186 4680 265 4739 εἰς
296 4679 389 4729 τὸν
417 4677 613 4730 αἰῶνα.
649 4694 669 4729 ι

265 4876 285 4908 ι
327 4858 440 4909 Καὶ
480 4858 539 4907 ὲν
582 4856 657 4925 τῷ
691 4857 793 4928 ᾄδῃ
841 4856 1053 4926 ἐπάρας
1083 4859 1211 4920 τοὺς
1251 4856 1563 4927 ὀφθαλμοὺς
1603 4856 1768 4931 αὑτοῦ

186 4950 458 5016 ὑπάρχων
494 4948 553 4998 ἐν
586 4947 866 5015 βασάνοις,
897 4948 998 5017 ὁρᾷ
1028 4947 1117 4999 τὸν
1151 4947 1401 5017 ’Λόραὰμ
1428 4948 1535 5000 ἀπὸ
1564 4947 1771 5016 μακρό-

185 5042 300 5105 θεν,
355 5040 455 5092 καὶ
511 5042 764 5110 Λάζαρον
824 5042 882 5092 ὲν
939 5043 1051 5103 τοῖς
1104 5041 1323 5101 κόλποις
1354 5040 1638 5111 Ἀϐραάμ,
1682 5041 1772 5092 καὶ

255 5174 278 5201 ⁸
303 5172 473 5225 Amos
498 5184 574 5234 vi,
594 5168 649 5222 ι.
725 5169 746 5199 ⁸
768 5166 913 5222 Psal.
947 5184 1136 5231 sum,
1164 5168 1249 5223 12.

1876 4687 2064 4741 p0mpa
2095 4669 2297 4724 funeris
2327 4669 2625 4736 splendida,
2648 4680 2701 4721 et
2730 4671 2857 4723 illud
2891 4669 3057 4724 David
3090 4672 3453 4739 implebatur:

1878 4784 1896 4816 ι
1933 4762 2191 4828 Sepulcra
2240 4776 2429 4815 eorum
2474 4762 2667 4814 dooms
2702 4762 2912 4815 illorum
2966 4762 3018 4815 iu
3061 4774 3321 4816 mternum
3353 4764 3395 4817 ⁸.
3432 4781 3452 4815 ι

1951 4872 1969 4903 ι
1997 4854 2063 4908 Ει
2102 4855 2152 4905 iu
2192 4851 2401 4905 inferno
2426 4851 2643 4905 elevans
2676 4853 2863 4906 oculos
2885 4868 3033 4917 suos,
3061 4868 3185 4907 cum
3222 4864 3367 4907 esset
3404 4855 3455 4905 in

1880 4946 2183 5007 tormentis,
2218 4943 2347 4997 vidit
2382 4945 2655 4997 Abraham
2710 4962 2735 4995 ιι
2786 4945 2960 5014 longe,
3009 4957 3062 4997 et
3097 4945 3360 4999 Lazarum
3403 4946 3455 4999 iu

1879 5040 1996 5092 sinu
2024 5039 2155 5107 ejus,
2176 5045 2225 5089 et
2257 5035 2498 5090 clamans
2513 5036 2681 5090 dixit:
2706 5037 3005 5104 Abraham,
3047 5040 3304 5092 miserere
3328 5040 3453 5104 mei,

1426 5258 1749 5323 Francisci
1785 5257 1997 5322 Scorsi
2034 5263 2221 5320 notat.

187 5363 349 5434 tingit
370 5360 737 5431 Theophanes
760 5371 963 5427 noster,
987 5377 1108 5415 cum
1138 5363 1213 5416 ait
1240 5364 1384 5418 hunc
1400 5366 1770 5434 patriarcham

188 5451 430 5503 prunum
485 5435 611 5487 ﬁdei
666 5447 778 5487 suae
822 5436 1024 5503 imerito
1073 5447 1346 5502 speratam
1394 5435 1769 5490 hereditatem

188 5502 357 5559 lnisx
390 5514 773 5575 consecutum.
822 5502 1136 5575 liberiorem
1176 5506 1335 5575 hujus
1373 5506 1473 5575 loci
1509 5508 1770 5574 explana-

188 5582 392 5629 tionem
443 5575 490 5627 si
526 5573 828 5647 desideras,
874 5576 957 5627 adi
1004 5573 1323 5644 Gregorium
1371 5573 1669 5647 Nysseuum
1716 5578 1767 5630 in

187 5649 421 5714 dialogo,
455 5660 554 5700 seu
599 5644 739 5698 libro
779 5644 854 5697 De
892 5648 1070 5697 anima
1104 5658 1151 5697 et
1193 5644 1587 5700 resurrectione.

258 5718 373 5783 (51)
417 5716 809 5769 beatitudinem
860 5725 1280 5782 consequeretur.
1328 5718 1483 5784 Quod
1524 5718 1764 5773 Lazarus

191 5786 273 5839 hic
308 5788 590 5841 mendicus
611 5786 751 5839 alius
775 5787 869 5845 sit,
903 5797 1063 5854 atque
1117 5786 1205 5840 ille
1246 5802 1406 5856 quem
1446 5786 1696 5843 Chrisms
1734 5805 1765 5843 e

189 5861 411 5913 mortuis
446 5866 730 5914 revocant
766 5866 1023 5911 constans
1067 5867 1147 5912 cst
1188 5860 1429 5913 omnimu
1480 5869 1758 5915 auctorum

1881 5364 2099 5429 Opinio:
2139 5362 2246 5417 imo
2266 5372 2319 5415 et
2341 5378 2457 5417 eam
2487 5364 2654 5419 totius
2694 5364 2946 5421 Ecclesiae
2983 5372 3306 5425 sententiam
3330 5387 3453 5428 esse

1878 5433 2216 5507 Malelouatus
2245 5447 2425 5488 noster
2450 5434 2701 5499 aﬂirmat,
2743 5439 2939 5506 quipoe
2965 5455 3086 5507 qua:
3112 5442 3250 5495 duos
3284 5443 3450 5497 faciat

1878 5506 2130 5567 Lazaros,
2173 5514 2225 5556 et
2278 5508 2503 5575 utrique
2544 5507 2743 5559 cultum
2798 5506 3077 5573 exhibeat,
3122 5520 3178 5566 et
3234 5513 3450 5566 dediCet

1876 5577 2069 5650 templa
2109 5593 2122 5628 :
2156 5575 2296 5645 quod
2347 5585 2622 5650 unumest
2654 5592 2717 5629 ex
2756 5585 3111 5650 argumentis,
3166 5598 3273 5649 quo
3313 5598 3447 5650 pro-

1874 5647 2031 5699 batur
2056 5654 2195 5714 quod
2231 5660 2389 5713 snpra
2417 5647 2673 5707 diximus,
2712 5662 2766 5703 n.
2802 5650 2854 5709 6.
2894 5647 3345 5705 Itistoriaurltattc
3377 5668 3445 5707 cx

1871 5728 2023 5790 parte
2054 5719 2399 5790 censeudam,
2433 5734 2537 5769 noti
2560 5732 2619 5785 pa
2632 5719 2867 5790 rabolam
2897 5727 3085 5790 totam.
3114 5720 3241 5774 Vide
3265 5722 3441 5790 ipsum

1870 5787 2232 5841 Maldonatum
2272 5787 2324 5839 in
2372 5802 2496 5855 cap.
2548 5803 2634 5841 xu
2695 5785 2877 5845 Lucae.
2919 5788 3063 5844 Idem
3108 5785 3443 5848 ltahct'Coro

1867 5860 2042 5916 nclius
2075 5874 2103 5913 a
2131 5858 2329 5928 Lapide
2350 5859 2457 5913 hic.
