4208 6438
746 404 846 466 983

1960 405 2455 467 ΤΠΕΟΡΙΙᾹΝΙΞ
2498 406 2833 465 CERAMEI

3894 396 4017 458 284

738 531 1097 591 congruenter
1130 522 1277 577 facit.
1340 521 1786 588 Quandoquidem
1850 523 2045 575 mortis
2102 520 2167 572 ad
2223 531 2317 571 nos

2442 519 2577 586 ιτοῦ
2637 520 2869 571 θανάτου
2927 517 3280 586 παρείσδυσις
3311 516 3374 567 ὲκ
3420 514 3513 583 τῆς
3541 511 3813 582 παρθένου
3851 510 4008 570 Εὔας

737 618 913 670 aditus
966 614 1086 669 Eva;
1147 614 1371 683 virginis
1424 614 1557 665 vitio
1611 613 1910 681 patefactus
1968 622 2069 667 est.
2129 608 2322 663 Verum

738 718 923 774 aperto
954 722 1107 761 sacro
1135 705 1343 767 codice,
1385 706 1544 757 verba
1581 705 1690 771 ipsa
1724 704 2005 757 audiamus
2041 705 2105 756 ".

813 817 830 848 ι
881 799 935 850 ln
994 797 1083 849 illo
1145 806 1411 863 tempore,
1477 796 1638 849 homo
1702 796 1922 864 quidam
1980 796 2211 849 accessit
2259 796 2322 847 ad

740 886 937 948 losum,
987 886 1070 939 cui
1122 900 1315 938 nomen
1371 884 1566 949 Jairus,
1604 895 1658 939 et
1690 885 1803 954 ipse
1850 887 2101 953 princeps
2144 885 2320 957 Syna-

738 994 906 1045 gngm,
960 987 1013 1031 et
1062 975 1257 1030 cecidit
1302 978 1365 1029 ad
1418 977 1581 1044 pedes
1628 975 1756 1030 Jesu
1801 991 1996 1044 rogans
2047 992 2169 1030 cum
2198 1018 2211 1042 ,
2264 988 2320 1032 ut

738 1073 964 1123 intraret
1016 1072 1066 1123 in
1115 1071 1331 1123 domum
1384 1069 1536 1137 ejus;
1600 1070 1724 1139 qttia
1781 1070 1935 1123 unica
1981 1068 2087 1122 tilia
2129 1081 2245 1123 erat
2274 1071 2321 1124 ei

738 1162 851 1215 fere
910 1178 1168 1216 annorum
1236 1162 1557 1226 duodecim;
1620 1172 1675 1215 et
1733 1162 1845 1216 ha:c
1904 1163 2253 1216 moriebatur.
2298 1182 2314 1213 ι

739 1255 1093 1306 Admirationi
1147 1253 1278 1306 mihi
1338 1264 1423 1307 est
1471 1254 1521 1306 in
1576 1256 1688 1321 ipso
1734 1254 2105 1321 explicationis
2148 1254 2321 1317 initio,

739 1359 941 1413 quanto
997 1346 1297 1407 intervallo,
1331 1348 1437 1415 jam
1490 1347 1611 1399 inde
1642 1362 1668 1397 a
1703 1347 1966 1414 principio
1994 1384 2007 1407 ,
2058 1348 2148 1414 qui
2186 1347 2324 1400 inter

738 1442 981 1493 ethnicos
1022 1440 1179 1493 [idem
1212 1455 1520 1508 suscipere,
1560 1438 1777 1494 Judmos
1806 1442 2155 1494 ιιιιιεὶνρτὶιιι.
2192 1441 2321 1494 Nam

740 1534 983 1584 Centurio
1034 1533 1249 1600 quidem
1284 1533 1369 1584 ille
1424 1542 1701 1600 tantopere
1755 1533 2081 1596 conﬁdebat,
2115 1545 2166 1586 ut
2202 1548 2324 1585 cre-

742 1625 888 1674 dct'el
934 1638 1091 1688 posse
1147 1622 1479 1674 SaIVatoretn
1524 1623 1683 1673 etiam
1723 1624 1998 1675 absentem
2045 1628 2323 1689 aegrotanti

743 1730 909 1776 puero
959 1714 1318 1767 valetudinem
1378 1715 1542 1766 verbo
1600 1715 1908 1777 restituere,
1942 1727 1995 1767 et
2042 1725 2329 1783 propterea

742 1807 995 1857 det-bat:
1037 1806 1177 1857 «Dic
1233 1804 1422 1867 verbo,
1468 1812 1520 1855 et
1570 1808 1849 1859 sanabitur
1904 1822 2035 1873 puer
2094 1820 2264 1858 meus.
2304 1825 2320 1855 ι

746 1897 839 1950 ilic
873 1912 999 1949 vero
1032 1898 1280 1966 princeps
1314 1897 1610 1967 Syuagogre
1646 1897 1825 1951 Jairus
1859 1897 2143 1950 Dominum
2177 1908 2329 1962 rogat

746 1999 797 2039 nt
827 1988 1045 2039 domutn
1086 1990 1439 2053 ingrediatur,
1472 1991 1789 2042 existimans
1820 2002 1941 2040 eum
1977 1988 2077 2039 alia
2120 1988 2327 2038 ratione

747 2078 972 2129 salutem
1018 2075 1208 2144 puclla:
1260 2076 1452 2131 θαι-ιτς
1484 2092 1586 2128 non
1623 2092 1797 2145 posse.
1832 2075 1957 2128 Erat
2008 2077 2149 2130 enim
2181 2074 2329 2131 Jairo

750 2169 853 2220 lilia
890 2168 1060 2221 forma
1096 2169 1342 2236 ius'gnis,
1375 2183 1494 2237 qua:
1525 2168 2007 2221 incontaminatum
2039 2168 2327 2234 virginita-

746 2262 815 2313 tis
858 2260 1042 2313 ﬂorcm
1106 2270 1359 2329 tanquant
1420 2260 1589 2313 'caliee
1640 2258 1902 2313 inclusmn
1962 2260 2330 2327 intactumque

745 2356 1018 2405 servabat.
1058 2351 1219 2404 Multa
1272 2352 1455 2421 paucis
1509 2354 1824 2421 complexus
1856 2362 1937 2405 est
1976 2352 2327 2420 evangelista,

748 2446 1183 2498 lamentationem
1243 2445 1553 2497 narratione
1611 2454 1819 2498 texens.
1862 2462 1879 2494 ι
1916 2443 2102 2506 Unica,
2137 2445 2329 2513 inquit,

747 2546 863 2590 erat
902 2537 1093 2604 puclla.
1129 2557 1144 2587 ι
1190 2538 1348 2591 Vides
1384 2538 1707 2590 calamitatis
1738 2540 2079 2604 gravitatem,
2116 2548 2167 2587 ut
2198 2553 2332 2604 pau-

750 2627 827 2680 cis
882 2628 965 2679 ltie
1009 2641 1188 2679 sermo
1240 2642 1425 2679 casum
1484 2627 1682 2694 tragice
1736 2627 2173 2693 repraesentari”
2206 2628 2333 2694 quid

751 2719 893 2770 enim
952 2718 1205 2771 indicavit
1259 2718 1343 2771 his
1395 2719 1611 2772 verbis?
1664 2717 1777 2770 Non
1830 2728 1963 2779 erat,
1999 2734 2059 2771 ea
2098 2729 2332 2781 mortua,

754 2812 932 2876 proles
984 2810 1087 2862 alia
1139 2809 1204 2863 ad
1254 2825 1414 2875 quam
1470 2820 1721 2878 parentes
1758 2810 1943 2863 oculos
1995 2820 2333 2873 convertere,

749 2911 804 2955 et
848 2900 1115 2970 lacrymas
1169 2902 1422 2956 cohibere
1482 2914 1734 2970 possent;
1791 2912 1905 2955 erat
1950 2903 2095 2955 enim
2150 2912 2337 2971 partus

754 2992 1004 3061 unigena.
1070 2992 1150 3045 Ad
1216 2992 1317 3044 hoc
1383 2993 1612 3061 puellam
1691 2994 1997 3047 duodenum
2070 3009 2333 3047 annorum

752 3095 964 3143 notans,
1032 3084 1483 3152 iucundissimum
1527 3087 1763 3139 ostendit
1833 3097 2046 3155 tempus
2119 3088 2331 3151 atatis;

2434 610 2671 677 ἐγένετο.
2723 609 2881 663 Ἀλλά
2937 610 3037 678 τὴν
3089 610 3241 677 ίερὰν
3302 606 3485 659 δέλτον
3543 603 3961 666 ἀναπτύξαντες
3991 638 4011 663 ,

2433 700 2616 753 αὐτῶν
2642 701 2753 754 τῶν
2783 700 3045 770 ῥημάτων
3076 699 3419 765 ἀκούσωμεν.

2509 811 2527 842 ι
2563 791 2652 861 Τῷ
2694 792 2871 863 καιρῷ
2917 793 3111 861 ἐκείνῳ
3156 790 3442 859 ἄνθρωπός
3491 806 3574 849 τις
3610 784 3883 856 προσῆλθε
3923 784 4011 853 τῷ

2445 882 2645 952 Ἰησοῦ,
2703 883 2928 953 ὀνόματι
2994 886 3253 955 Ἰάειρος,
3299 885 3392 937 καὶ
3442 884 3604 946 αὐτὸς
3665 884 3847 951 ἄρχων
3898 883 4011 944 τῆς

2432 974 2790 1044 Συναγωγῆς,
2817 977 2910 1028 καὶ
2948 975 3128 1029 πεσὼν
3158 976 3309 1045 παρά
3336 977 3464 1038 τοὺς
3490 975 3656 1038 πόδας
3677 973 3770 1026 τοῦ
3795 972 4009 1039 Ἰησοῦ,

2432 1066 2736 1134 παρεκάλει
2775 1067 2939 1120 αὐτὸν
2975 1067 3239 1120 είσελθεῖν
3286 1069 3365 1129 εἰς
3398 1066 3490 1119 τὸν
3522 1061 3670 1119 οἶκον
3700 1064 3891 1125 αὐτοῦ,
3918 1065 4008 1115 ὅτι

2433 1159 2725 1228 θυγάτριον
2754 1161 3041 1228 μονογενὲς
3064 1160 3139 1229 τῷ
3169 1160 3339 1229 αὐτῷ,
3376 1158 3451 1221 ὼς
3478 1159 3615 1212 ὲτῶν
3648 1157 3877 1219 δώδεκα,
3907 1157 4008 1208 καὶ

2432 1250 2571 1322 αὕτη
2599 1250 2962 1320 ἀπέθνησκεν.
3012 1270 3029 1302 ι
3070 1252 3300 1303 Ἔπεστί
3343 1267 3433 1319 μοι
3473 1250 3754 1318 θαυμάσαι
3829 1249 4007 1316 ἀρχο-

2436 1343 2580 1411 μένῳ
2639 1343 2738 1411 τῆς
2798 1344 3134 1413 ἐξηγήσεως,
3185 1345 3307 1396 ὅσον
3375 1344 3613 1414 ἀρχῆθεν
3655 1343 3704 1394 οί
3736 1343 3793 1404 ἐξ
3827 1340 4007 1392 ἐθνῶν

2435 1436 2859 1496 πεπιστευκότες
2879 1437 3008 1499 τοὺς
3028 1436 3308 1497 Ἰουδαίους
3332 1437 3784 1503 ὑπερηκόντισαν.
3815 1433 3874 1484 Ὀ
3902 1434 4007 1499 μὲν

2434 1528 2542 1597 γὰρ
2566 1528 2962 1598 ἑκατόνταρχος
2985 1530 3189 1590 ἐκεῖνος
3210 1527 3381 1587 οὕτως
3406 1526 3763 1595 ἐτεθαρρήκει
3784 1522 4010 1575 πιστεύ-

2437 1637 2556 1683 σας,
2589 1620 2664 1681 ὡς
2702 1622 2792 1671 καὶ
2820 1619 2976 1672 ἀπὼν
3012 1621 3040 1671 ό
3070 1620 3259 1687 Σωτὴρ
3295 1619 3394 1671 οὐκ
3436 1619 3691 1669 ἀδυνατεῖ
3719 1617 3810 1668 τὸν
3836 1615 4003 1667 d302-

2436 1711 2625 1761 νεῦντα
2681 1710 2846 1763 παῖδα
2902 1709 2978 1779 τῷ
3031 1709 3171 1777 λόγῳ
3206 1708 3493 1761 ἰάσασθαι·
3541 1708 3619 1759 διὸ
3655 1708 3749 1760 καὶ
3781 1706 4005 1770 ἐλεγενο

2442 1823 2458 1853 ι
2507 1802 2637 1855 Εἰπὲ
2697 1802 2861 1872 λόγῳ,
2914 1802 3012 1855 καὶ
3067 1802 3349 1871 ἰαθήσεται
3401 1800 3429 1851 6
3459 1802 3589 1861 παῖς
3621 1818 3742 1867 μου.
3784 1818 3802 1850 ι
3848 1798 3905 1849 Ὀ
3944 1797 4007 1848 δὲ

2370 1869 2409 1923 Β
2440 1894 2626 1961 παρὼν
2675 1894 3003 1961 Συναγωγῆς
3066 1894 3249 1963 ἄρχων
3274 1892 3499 1961 Ἰάειρος
3551 1892 3683 1944 εἰσω
3710 1891 3806 1958 τῆς
3829 1889 4009 1949 οἰκίας

2432 1988 2696 2039 εἰσελθεῖν
2763 1988 2855 2038 τὸν
2911 1986 3180 2053 δεσπότην
3235 1983 3567 2053 παρακαλεῖ,
3629 1984 3871 2050 οίόμενος
3928 1979 4010 2049 μὴ

2432 2080 2606 2143 ἄλλως
2642 2079 2904 2133 δύνασθαι
2935 2082 2999 2149 τῇ
3048 2078 3199 2130 παιδὶ
3230 2077 3327 2145 τὴν
3347 2077 3645 2145 θεραπείαν
3677 2076 4005 2143 ἐπαγαγεῖν.

2431 2170 2538 2226 Ἦν
2570 2174 2678 2243 γάρ
2708 2174 2785 2243 τῷ
2819 2174 3035 2241 Ἰαείρῳ
3078 2171 3372 2240 θυγάτριον
3414 2172 3558 2240 μάλα
3603 2171 3790 2236 καλὸν,
3824 2170 3882 2221 τὸ
3905 2170 4010 2234 τῆς

2434 2266 2733 2335 παρθενίᾶς
2793 2267 2950 2328 ἄνθος
2984 2268 3250 2337 ἄχραντον
3302 2265 3565 2333 φέρουσα,
3596 2263 3671 2324 ὡς
3706 2264 3763 2316 ὲν
3808 2261 4014 2313 κάλυκι

2432 2359 2763 2427 τηρούμενον
2782 2359 3018 2414 ἄθικτον.
3046 2361 3218 2413 Πολλά
3240 2362 3297 2412 ὲν
3319 2359 3519 2425 ὀλίγοις
3540 2356 3567 2407 6
3588 2353 4007 2422 εὐαγγελιστὴς,

2434 2451 2720 2519 περιέλαὸε
2753 2452 2945 2519 θρῆνον
2974 2453 3179 2519 ύςιάνας
3202 2451 3587 2520 τῷδιηγήματι
3609 2464 3621 2476 ·
3655 2446 4011 2514 «μονογενὴς.

2436 2546 2625 2610 φησὶν,
2681 2544 2925 2612 ὑπῆρχεν
2954 2546 3159 2611 ἡπαῖς.
3195 2562 3212 2593 ι
3253 2542 3418 2611 Ὁρᾷς
3449 2542 3507 2594 τὸ
3542 2540 3705 2608 βάρος
3738 2538 3834 2603 τῆς
3868 2554 4016 2602 συμ-

2437 2639 2632 2702 φορᾶς,
2697 2636 2768 2696 ὡς
2823 2636 2880 2687 ὲν
2911 2635 3111 2701 ὀλίγοις
3146 2638 3173 2687 6
3215 2635 3371 2701 λόγος
3410 2633 3472 2684 τὸ
3501 2631 3669 2691 πάθος
3699 2626 4014 2697 ὲξετραγῴ·

2436 2726 2599 2797 δησες
2634 2728 2686 2779 τί
2711 2728 2817 2795 γὰρ
2850 2719 3146 2788 ano-3m;
3181 2726 3451 2795 ἐδήλωσεν
3480 2742 3493 2789 ;
3532 2725 3646 2776 Οὐκ
3681 2718 3748 2792 ἦν
3791 2722 4017 2789 ἐκείνης

2438 2818 2706 2885 θανούσης
2735 2822 2815 2881 είς
2838 2821 3025 2888 ἕτερον
3050 2820 3175 2881 τοὺς
3203 2821 3379 2885 γονεῖς
3404 2816 3611 2869 ἀπιδεῖν
3636 2815 3868 2876 παιδίον,
3915 2813 4017 2863 καὶ

2439 2911 2709 2979 στῆσαιτὺ
2736 2910 2968 2981 δάκρυον
2989 2926 3001 2938 ’
3036 2909 3325 2992 μονογενὴς
3352 2908 3458 2977 γὰρ
3483 2910 3510 2959 6
3532 2908 3687 2968 τόκος
3706 2923 3719 2935 ·
3755 2904 3890 2957 ἀλλὰ
3916 2904 4015 2955 καὶ

2437 3002 2497 3055 τι
2527 3003 2833 3070 δωδεκαετῆ
2862 3002 2959 3071 τὴν
2998 3004 3159 3053 παῖδα
3185 3003 3379 3058 εἰπεῖν,
3405 2999 3535 3051 αὐτὸ
3566 2998 3627 3049 τὸ
3655 2997 3752 3063 τῆς
3792 2995 4018 3065 ἡλικίας

2439 3095 2695 3163 ἐμφαίνει
2752 3096 2811 3145 τὸ
2844 3093 3238 3162 χαριέστατονο
3281 3094 3369 3145 ὅτε
3413 3091 3504 3143 τὸν
3545 3090 3801 3158 ύμέιαιον
3837 3088 3891 3138 αἱ
3920 3088 4016 3137 κό-

755 3178 973 3242 quando
1034 3175 1287 3228 nimirum
1351 3176 1541 3244 puella:
1596 3178 1931 3247 hymenazum
1985 3178 2242 3247 cogitant,
2284 3191 2336 3232 et

2444 3203 2531 3253 ραι
2561 3183 2958 3251 φαντάζονται·
2986 3186 3077 3237 καὶ
3122 3183 3354 3252 νυμφίον
3387 3183 3607 3251 ὡραῖον,
3642 3182 3731 3231 καὶ
3764 3178 4017 3229 παστάδα

755 3262 1049 3317 formosum
1092 3279 1372 3332 Sponsum,
1408 3276 1459 3317 et
1493 3265 1757 3333 genialem
1812 3266 2127 3319 thalamum.
2161 3266 2336 3319 Multa:

755 3355 915 3409 etiam
953 3357 1015 3408 de
1043 3354 1228 3409 fortine
1277 3356 1589 3423 prmstantia
1639 3358 2024 3412 contendentes
2068 3358 2338 3426 pigmenta

756 3446 819 3498 ad
851 3446 1144 3499 naturalem
1180 3447 1634 3514 pulchritudinem
1681 3448 1999 3517 sdjungunt,
2036 3459 2092 3500 ut
2122 3450 2339 3503 intuen-

759 3540 899 3591 tibus
946 3537 1195 3591 formosa:
1238 3540 1538 3593 \‘itlcattlttr.
1575 3539 1641 3592 Εἰ
1664 3540 1897 3594 fortasse
1943 3542 2160 3595 domum
2200 3542 2341 3595 illius

759 3632 908 3683 multi
966 3632 1112 3698 proci
1164 3630 1613 3701 frequentabant;
1667 3645 1720 3688 et
1761 3644 1875 3687 erat
1907 3635 2047 3687 inter
2077 3650 2168 3688 eos
2204 3650 2339 3687 eon-

759 3726 925 3777 tentio
951 3726 1191 3792 qttzednm
1231 3726 1457 3789 ingenua
1490 3726 1599 3795 59
1627 3728 1748 3795 quis
1773 3726 1993 3795 reliquis
2017 3737 2343 3796 pratoptatus

756 3815 1019 3882 virginem
1074 3817 1123 3867 in
1184 3817 1589 3870 matrimonium
1666 3819 1907 3872 duceret.
1969 3820 2031 3871 Et
2090 3822 2344 3887 pronuba:

762 3906 998 3959 vicissim
1062 3908 1437 3972 succedentes,
1501 3916 1661 3975 atque
1710 3911 1811 3961 alia
1865 3910 2029 3963 alium
2086 3926 2342 3978 sponsum

762 3998 1009 4050 lauliius
1071 3997 1323 4063 eiiciens,
1386 4000 1696 4067 conjugium
1751 4002 1991 4069 urgebat.
2040 4000 2142 4055 Sel
2194 4019 2343 4071 spem

760 4089 827 4143 de
853 4090 1026 4157 pu-dla
1076 4100 1389 4159 conceptam
1423 4091 1622 4158 excipit
1663 4096 1883 4147 morbus
1926 4095 2157 4146 loturam
2189 4093 2347 4162 paulo

763 4191 880 4249 post
909 4193 1134 4235 mortem
1174 4184 1468 4237 intentans.
1512 4182 1671 4237 Venit
1716 4185 1880 4253 igitur
1913 4200 2105 4253 part-ns
2147 4188 2348 4239 arenti-

764 4272 865 4325 bus
900 4288 1007 4340 prre
1040 4272 1124 4324 illa
1161 4287 1399 4326 aerumna
1458 4273 1777 4339 visceribus,
1819 4283 1873 4328 et
1914 4276 2123 4330 ardenti
2185 4276 2349 4329 corde

766 4365 1134 4430 precationem
1190 4362 1453 4418 Salvatori
1512 4366 1782 4434 proponit.
1825 4366 2037 4436 Accipit
2081 4367 2351 4436 supplica-

769 4457 970 4509 tionem
1022 4457 1067 4509 is
1112 4456 1203 4524 qui
1254 4456 1481 4510 salutem
1532 4457 1732 4512 mundo
1770 4458 1992 4512 daturus
2039 4459 2346 4515 advenerat.

2442 3276 2736 3345 γαμήλιον,
2769 3275 2966 3328 πολλαὶ
2994 3275 3050 3328 δὲ
3082 3276 3176 3328 καὶ
3219 3276 3347 3343 περὶ
3375 3274 3605 3333 κάλλους
3640 3270 3920 3340 ὲρίζουσαι
3946 3271 4017 3336 τῇ

2446 3368 2649 3435 φυσικῇ
2688 3365 2806 3436 ὥρᾳ.
2836 3365 2932 3417 καὶ
2977 3364 3312 3433 κομμωτικά
3344 3380 3468 3414 τινα
3501 3360 3911 3430 προστιθέασιν,
3940 3358 4019 3418 ὠς

2442 3458 2507 3508 ἂν
2558 3461 2665 3519 τοῖς
2728 3456 2927 3526 ὁρῶσιν
2981 3455 3188 3523 ὀφθῶσι
3222 3455 3405 3508 καλαί.
3438 3454 3593 3520 Τάχα
3626 3470 3729 3503 που
3764 3452 3855 3515 καὶ
3882 3466 4021 3517 μνη-

2446 3548 2643 3617 στῆρες
2691 3548 2922 3615 ἐφοίτων
2979 3547 3188 3613 πολλοὶ,
3224 3547 3317 3599 καὶ
3348 3545 3552 3615 ἆμιλλα
3580 3540 3648 3614 ἦν
3682 3542 3893 3601 τούτοις
3916 3542 4021 3592 οὐκ

2445 3643 2697 3710 ἀγεννὴς,
2761 3642 2843 3703 τίς
2909 3640 2975 3694 ἂν
3007 3640 3331 3711 προκριθεὶς
3363 3640 3575 3702 γένοιτο
3612 3638 3707 3705 τῆς
3742 3634 4021 3703 παρθένου

2446 3733 2586 3800 ἁνήρ
2609 3750 2623 3763 ·
2649 3732 2744 3783 καὶ
2806 3732 3211 3801 προμνήστριαι
3266 3728 3568 3798 ἀμοιϐαδὸν
3597 3725 3886 3782 εἰσιοῦσαι,
3923 3722 4022 3773 καὶ

2447 3825 2581 3893 ἄλλη
2639 3824 2798 3877 ἀλλον
2846 3823 3079 3891 νυμφίον
3124 3822 3216 3874 ἐπὶ
3258 3820 3400 3891 μέγα
3442 3819 3733 3886 ἐξαίρουσα
3770 3816 3829 3866 τὸ
3859 3814 4024 3881 κῆδος

2448 3916 2728 3969 ἔσπευδεν.
2758 3915 2919 3969 Ἀλλὰ
2979 3914 3077 3977 τὰς
3133 3916 3225 3967 ἐπὶ
3282 3915 3347 3982 τῇ
3383 3912 3523 3980 κόρῃ
3551 3908 3773 3970 ἐλπίδας
3805 3908 3835 3974 ὴ
3868 3907 4024 3967 νόσος

2447 4009 2755 4076 διαδέχεται
2782 4006 3083 4061 ἀπειλοῦσα
3108 4006 3199 4058 τὸν
3232 4005 3347 4075 μετ’
3382 4004 3564 4069 ὀλίγον
3592 4000 3816 4052 ἔσεσθαι
3857 3998 4029 4050 θάνα-

2448 4118 2559 4153 τον.
2598 4100 2768 4152 Ἴεται
2824 4094 2919 4153 οὖν
2978 4102 3006 4152 6
3068 4099 3250 4167 πατὴρ
3315 4098 3384 4148 τὰ
3438 4095 3723 4161 σπλάγχνα
3754 4091 3831 4159 τῷ
3860 4091 4029 4142 πάθει

2448 4194 2818 4265 φρυγόμενος,
2853 4193 2948 4245 καὶ
2995 4190 3192 4259 ζεούσῃ
3237 4188 3437 4258 καρδίᾳ
3483 4186 3778 4255 προσάγων
3807 4183 3885 4249 τῷ
3912 4183 4032 4234 Σω-

2448 4285 2576 4353 τῆρι
2642 4282 2742 4352 τὴν
2803 4282 3011 4350 δέησιν.
3042 4280 3269 4349 Δέχεται
3328 4278 3429 4347 τὴν
3478 4277 3692 4328 ἱκεσίαν
3730 4277 3758 4325 6
3785 4274 3880 4326 ἐπὶ
3915 4290 4030 4325 σω-

2449 4376 2645 4446 τηρίαν
2695 4373 2787 4427 τοῦ
2854 4373 3061 4441 κόσμου
3116 4370 3575 4439 παραγενόμενος.
3606 4368 3792 4435 Ἔργῳ
3824 4381 3885 4431 γε
3921 4367 4034 4433 μὴν

2450 4466 2545 4519 τοῦ
2600 4463 3052 4536 ἀρχισυναγώγου
3096 4464 3196 4529 τὴν
3249 4460 3509 4513 ἀπιστίαν
3550 4455 4034 4525 ἐπανορθούμενος

768 4549 969 4604 Verum
1003 4558 1061 4601 ut
1090 4564 1255 4618 Opere
1303 4549 1418 4619 ipso
1469 4550 1729 4620 principis
1768 4550 2064 4621 Synagogae
2102 4552 2336 4606 diuiden-

2454 4560 2637 4613 δίδωσι
2676 4557 2873 4627 σχολὴν
2901 4555 3080 4623 ἑαυτῷ
3128 4552 3268 4607 κατά
3299 4553 3394 4619 τὴν
3430 4551 3546 4603 ὁδὸν
3581 4550 3676 4617 τῆς
3704 4547 4037 4617 αἰμορῤοού-

766 4642 897 4694 tiam
954 4643 1287 4703 emendaret,
1338 4639 1570 4709 spatium
1611 4640 1713 4695 sibi
1755 4642 1808 4696 in
1856 4642 2049 4696 itinere
2098 4643 2351 4711 sumpsit,

768 4734 1106 4788 curationem
1145 4733 1406 4799 mulieris,
1448 4748 1568 4802 quae
1596 4733 1834 4789 ﬂuxione
1878 4735 2158 4801 sanguinis
2203 4734 2354 4789 labo-

773 4825 943 4887 rabat,
996 4838 1103 4891 quo
1158 4823 1330 4892 magis
1383 4824 1715 4893 inopinatum
1744 4834 1797 4879 et
1847 4823 2166 4880 admirabile
2202 4824 2355 4879 ﬁeret

776 4916 1091 4970 miraculum
1134 4914 1319 4984 puella:
1345 4930 1375 4968 a
1402 4925 1666 4983 potestate
1696 4917 1883 4972 mortis
1908 4926 2132 4986 ereptae.

852 5028 870 5061 ι
918 5008 980 5064 Ει
1006 5010 1252 5075 contigit,
1285 5008 1407 5062 dum
1442 5009 1582 5071 iret,
1610 5023 1641 5061 a
1676 5009 1849 5063 turbis
1871 5011 2352 5080 eomprimebatur;

776 5111 831 5156 et
861 5101 1053 5154 mulier
1083 5101 1327 5169 quaedam
1364 5112 1484 5155 erat
1510 5101 1563 5155 in
1596 5100 1740 5155 ﬂuxu
1784 5104 2068 5173 sanguinis
2097 5104 2165 5158 ab
2196 5105 2355 5159 annis

780 5193 1085 5257 duodecim,
1126 5208 1243 5260 qua:
1286 5194 1337 5246 in
1372 5193 1611 5249 medicos
1640 5203 1958 5263 erogaverat
1984 5210 2199 5251 onmem
2233 5197 2360 5251 sub-

781 5288 1031 5339 stantiam
1064 5299 1243 5351 suatn,
1274 5300 1371 5340 nec
1399 5286 1465 5338 ab
1496 5285 1607 5340 ullo
1634 5286 1808 5355 potuit
1853 5291 2055 5341 curari.
2094 5306 2113 5340 ι
2167 5287 2363 5343 Consi-

783 5380 907 5431 dera
941 5387 1140 5447 quanta
1168 5377 1313 5432 illum
1336 5375 1615 5431 hominum
1641 5379 1795 5433 turba
1823 5391 2267 5449 prosequeretor,
2303 5389 2362 5434 ut

786 5470 948 5521 etiam
980 5469 1268 5523 coarctatis
1299 5468 1552 5537 compitis
1582 5468 1733 5523 illum
1780 5470 2241 5539 comprimerent:
2277 5472 2361 5525 in-

789 5571 873 5616 ter
920 5576 1053 5630 quas
1100 5571 1214 5615 erat
1274 5562 1626 5628 muliercula,
1688 5578 1850 5632 quam
1904 5562 2044 5617 male
2088 5563 2364 5631 sanguinis

792 5655 971 5709 ﬂuxus
1011 5654 1273 5721 habebat;
1304 5669 1424 5726 quae
1454 5670 1510 5711 re
1537 5657 1686 5711 omni
1717 5656 2012 5712 domestica
2048 5656 2102 5710 in
2128 5658 2364 5711 medicos

873 5839 916 5869 '°
948 5840 1075 5895 Luc.
1106 5857 1220 5904 vttt,
1251 5842 1311 5895 41
1350 5854 1501 5906 seqq.

2456 4670 2555 4722 σης
2576 4653 2675 4721 τὴν
2732 4652 2899 4713 ῐασιν,
2937 4651 3012 4711 ὡς
3071 4648 3137 4699 ἂν
3169 4646 3255 4697 ἐπ’
3290 4644 3470 4704 ἀδείας
3501 4642 3595 4694 τοῦ
3638 4641 3871 4693 θανάτου
3929 4640 4035 4708 τῆς

2455 4747 2624 4815 κόρης
2678 4742 3220 4811 κατακρατήσαντος,
3262 4737 3488 4805 γένηται
3542 4734 3602 4786 τὸ
3629 4733 3813 4801 θαῦμα
3850 4748 4034 4802 παρα-

2452 4836 2632 4901 δοξότε
2643 4852 2757 4906 ρον.

2532 5029 2551 5063 ι
2589 5010 2680 5063 Ἐν
2730 5008 2787 5061 δὲ
2833 5006 2913 5077 τῷ
2973 5005 3208 5073 ὑπάγειν
3247 5002 3435 5065 αὐτὸν,
3464 5003 3512 5054 οἰ
3543 5001 3693 5070 ὄχλοι
3719 5000 4036 5054 συνέθλιδον

2457 5103 2619 5157 αὐτόν
2640 5118 2655 5133 ·
2686 5101 2780 5154 καὶ
2836 5097 2973 5169 γυνὴ
3036 5094 3171 5151 οὖσα
3203 5096 3263 5148 ὲν
3298 5094 3450 5165 ῥύσει
3499 5094 3731 5161 αἵματος
3763 5092 3869 5144 ἀπὸ
3895 5092 4037 5144 ἐτῶν

2456 5193 2687 5257 δώδεκα,
2724 5192 2850 5260 ἥτις
2882 5190 3087 5260 ίατροῖς
3114 5184 3589 5257 προσαναλώσασα
3618 5184 3737 5235 ὅλον
3767 5182 3858 5234 τὸν
3896 5181 4035 5250 βίον,

2456 5288 2557 5341 οὐκ
2595 5287 2782 5356 ἴσχυεν
2837 5283 2933 5338 ἀπ’
2961 5282 3180 5344 οὐδενὸς
3226 5277 3653 5347 θεραπευθῆναι.
3689 5295 3709 5329 ι
3742 5276 3944 5327 Σκόπει
3980 5275 4038 5327 δὲ

2462 5381 2585 5445 ὅσος
2615 5378 2772 5449 ὖχλος
2813 5376 3138 5447 παρείπετο,
3172 5373 3246 5437 ὡς
3276 5372 3371 5425 καὶ
3394 5370 3603 5424 θλίϐειν
3628 5368 3790 5422 αὐτὸν
3816 5384 4040 5420 στενου-

2470 5472 2647 5543 μένων
2669 5470 2778 5525 τῶν
2806 5468 3034 5537 ἀγυιῶν.
3087 5468 3174 5521 Ἑν
3200 5461 3281 5529 οἷς
3308 5460 3377 5534 ἦν
3413 5463 3509 5518 καὶ
3550 5462 3773 5531 γύναιον
3805 5460 4041 5529 αἵματος

2468 5564 2714 5634 ἀμέτρου
2767 5560 3158 5631 κεκακωμένον
3209 5557 3373 5628 φορᾷ,
3405 5556 3440 5626 ἦ
3494 5555 3563 5609 τά
3603 5553 3879 5624 προσόντα
3928 5551 4041 5613 τοῖς

2472 5655 2680 5727 ἰατροῖς
2734 5649 3085 5718 ἀναλώσασα,
3144 5649 3240 5704 καὶ
3292 5646 3482 5716 κέρδος
3517 5642 3796 5714 εὑραμένη
3832 5638 4038 5710 μηδέν·
