4208 6438
772 394 879 455 299

1912 366 2404 430 THEOPHANIS
2444 363 2783 425 CERAMEI

3921 364 4031 426 300

768 516 890 559 51H“
921 505 1233 567 vergentem
1260 500 1559 548 sarctnam,
1590 495 1845 537 carneum
1868 494 2082 547 Inquam
2105 490 2344 537 saccum,

2460 464 2609 526 τοῦτο
2638 471 2733 525 καὶ
2767 470 2951 541 βρῖθον
2982 469 3234 537 ἐφόλκιον
3265 468 3356 523 τὶν
3390 471 3645 540 σάρκινον
3678 470 3931 536 θύλακον,
3966 474 4031 526 δν

769 608 933 665 quem
971 591 1049 645 uti
1087 587 1365 657 pellice-ain
1399 578 1638 634 tunicam
1672 573 1787 646 (89)
1840 582 1959 641 poSt
1998 571 2208 640 lapsum
2260 570 2345 622 in-

767 661 1211 746 duiintts,oliunc,
1244 678 1487 743 inquam,
1525 684 1719 723 rursus
1754 683 1849 736 per
1872 673 2098 718 mortem
2129 661 2347 730 deponi-

769 790 886 828 mus
906 788 920 836 ;
938 769 1043 840 67
1072 778 1128 821 et
1156 767 1244 819 ille
1259 764 1471 832 quidem
1504 755 1869 826 corrumpitur
1888 767 2214 822 unoquoque
2238 753 2350 806 ele-

770 877 954 921 mento
998 859 1233 917 naturali
1269 855 1503 925 quadam
1543 853 1593 906 vi
1628 852 1680 905 in
1712 858 1910 904 statuat
1960 845 2237 916 proprium
2267 859 2349 899 re-

767 959 1018 1021 labente;
1074 953 1290 1007 animus
1336 960 1469 1001 vero
1514 948 1758 999 remanet
1812 937 2160 1003 immortalis,
2192 936 2349 1005 (quo-

768 1048 932 1104 modo
960 1047 1102 1100 enim
1132 1039 1460 1096 dissolvatur
1477 1033 1704 1103 simplex
1727 1030 1870 1102 quod
1892 1039 1997 1095 est,
2020 1040 2074 1086 et
2099 1030 2269 1099 partis
2294 1037 2349 1083 et

771 1132 1179 1205 compositionis
1232 1121 1699 1201 e_xpers?)veluti
1760 1136 1829 1176 ex
1904 1118 2126 1174 dimidia
2192 1126 2348 1186 parte

771 1236 1018 1285 mortuus
1050 1225 1213 1278 homo
1242 1217 1533 1275 semivivus
1562 1214 1762 1269 dicitur
1786 1227 1906 1268 esse
1935 1210 2247 1267 derelictus.

848 1339 866 1369 ι
900 1317 1111 1372 Accidit
1140 1322 1340 1373 autem,
1374 1316 1430 1361 ut
1463 1305 1720 1361 sacerdos
1747 1306 1960 1374 quidam
2000 1303 2351 1357 descenderet

768 1412 957 1467 eadem
1016 1408 1136 1471 via;
1186 1413 1237 1458 et
1281 1402 1400 1455 viso
1449 1400 1567 1462 illo,
1622 1396 1881 1467 praeteriit
1929 1412 1943 1447 :
1999 1394 2252 1448 similiter
2297 1403 2354 1447 et

770 1504 957 1558 Levita
987 1513 1108 1554 cum
1127 1506 1271 1551 esset
1300 1508 1463 1551 secus
1494 1492 1697 1554 lacum,
1730 1498 1781 1542 et
1810 1488 2017 1542 videret
2045 1502 2193 1551 eum,
2231 1498 2349 1554 per-

773 1595 1008 1651 transiit.
1040 1610 1059 1643 »
1092 1591 1262 1659 Igitur
1290 1587 1381 1657 qui
1418 1587 1469 1640 iu
1504 1584 1742 1639 latrones
1777 1582 2040 1636 inciderat
2075 1592 2178 1635 tam
2213 1581 2351 1634 male

770 1689 988 1745 habitus
1019 1694 1072 1741 et
1105 1683 1417 1735 vulneratus
1441 1676 1660 1747 jacebat
1690 1676 1742 1728 in
1776 1676 1883 1739 via,
1911 1689 2005 1740 per
2035 1689 2193 1741 quam
2226 1688 2351 1725 casu

769 1781 973 1836 factum
1024 1790 1144 1832 esse
1192 1774 1268 1826 ait
1316 1779 1374 1824 ut
1418 1770 1677 1825 sacerdos
1728 1768 1987 1819 transiret
2037 1764 2154 1832 qui,
2206 1764 2347 1816 nulla

2449 567 2523 628 ὡς
2546 566 2869 635 δερμάτινον
2890 563 3094 633 χιτῶνα
3117 561 3255 631 μετά
3270 564 3369 631 τὴν
3398 563 3603 616 πτῶσιν
3630 565 4026 631 ὲνεδυσάμεθα,

2448 659 2637 712 τοῦτον
2667 658 2828 710 πάλιν
2877 656 2964 708 διὰ
2991 656 3221 709 θανάτου
3263 655 3663 725 ἀποτιθέμεθα,
3703 656 3888 709 καὶτὸ
3925 656 4034 725 μὲν

2450 751 2757 819 φθείρεται,
2786 748 2919 818 ὁλκῇ
2956 765 3063 799 τινι
3095 750 3301 818 φυσικῇ
3350 749 3584 801 ἑκάστου
3621 750 3887 815 στοιχείου
3920 765 4033 800 παι

2448 840 2867 910 λινὸρομοῦντος
2890 840 2969 902 εἰς
2994 836 3054 890 τὸ
3080 838 3232 902 ἴδιον,
3275 840 3306 907 η
3336 836 3392 889 δὲ
3429 837 3574 909 ψυχὴ
3608 839 3855 907 τηρεῖται
3889 837 4032 889 ἀθά-

2449 949 2631 996 νατος,
2669 931 2827 1002 (πῶς
2854 931 2963 1002 γὰρ
2996 931 3062 985 ἂν
3122 928 3218 983 καὶ⁵
3250 929 3529 998 διαλυθείη
3580 930 3639 983 τὸ
3669 929 3899 991 ἁπλοῦν,
3931 931 4032 981 καὶ

2449 1022 2679 1093 ἀμερὲς,
2706 1023 2803 1074 καὶ
2828 1022 3120 1076 ἀσύνθετον
3141 1025 3179 1093 ;)
3208 1026 3282 1085 ὡς
3303 1024 3361 1089 ἐξ
3389 1023 3644 1092 ἡμισείας
3664 1022 4031 1091 ἀποθνήσκων

2450 1120 2477 1171 ὁ
2505 1116 2801 1184 ἄνθρωπος
2830 1116 3076 1187 ἡμιθανῆ
3096 1115 3526 1184 καταλελεῖφθαι
3563 1115 3811 1183 λέγεται.

2528 1320 2546 1353 ι
2586 1298 2747 1354 Κατὰ
2798 1297 3107 1365 συγκυρίαν
3154 1299 3335 1367 ἱερεύς
3383 1315 3469 1360 τις
3518 1300 3842 1352 κατέϐαινεν
3869 1303 3926 1351 ὲν
3957 1303 4028 1371 τῇ

2450 1392 2555 1461 ὁδῷ
2589 1392 2801 1461 ἐκείνῃ,
2854 1392 2946 1444 καὶ
2984 1387 3109 1441 ἰδὼν
3138 1391 3300 1442 αὑτὸν
3331 1391 3741 1460 ἀντιπαρῆλθεν
3776 1408 3789 1422 ·
3822 1392 4032 1461 ὁμοίως

2453 1487 2550 1538 καὶ
2589 1486 2822 1555 Λευῖτης
2870 1482 3163 1552 γενόμενος
3211 1486 3354 1535 κατά
3398 1485 3490 1537 τὸν
3519 1485 3705 1545 τόπον,
3755 1488 3848 1537 καὶ
3903 1484 4031 1537 ἰδὼν

2452 1579 2637 1641 αὐτὸν,
2671 1575 3101 1645 ἀντιπαρῆλθεν.
3150 1597 3166 1626 ι
3207 1576 3265 1628 ’0
3299 1578 3397 1646 μὲν
3424 1578 3516 1630 οὖν
3547 1581 3658 1640 τοῖς
3689 1578 4032 1641 λωποδύταις

2455 1670 2799 1737 περιπεσὼν,
2825 1668 2970 1722 οὕτω
2998 1667 3264 1731 διατεθεὶς
3298 1669 3477 1723 ἔκειτο
3498 1674 3844 1740 τραυματίας
3875 1674 3931 1723 ἐν
3963 1677 4031 1743 τῇ

2454 1760 2580 1827 ὀδῷ,
2644 1759 2765 1812 καθ’
2804 1760 2871 1830 ἢν
2908 1760 3133 1830 συνέϐη,
3176 1762 3359 1831 φησὶν,
3408 1763 3559 1829 ίερέα
3602 1762 3935 1831 διέρχεσθα.,
3973 1764 4033 1826 ὃς

771 1871 1005 1928 hominis
1032 1868 1179 1922 illius
1218 1864 1401 1918 miseri
1444 1860 1626 1914 habita
1668 1856 1896 1920 ratione,
1933 1866 2351 1925 praetergressus

2460 1826 2774 1921 ἀκηδέστως
2803 1826 2895 1901 τὸν
2922 1826 3309 1920 κεκακωμένον
3343 1826 4033 1923 παραδραμὼν-*ἀντιπαρ-

769 1974 872 2021 cst.
912 1963 1016 2018 Sed
1067 1961 1252 2014 Levita
1285 1972 1407 2011 cum
1440 1953 1626 2008 eodem
1678 1951 1939 2014 venisset,
1964 1948 2145 2003 itidem
2179 1958 2237 2001 ut
2263 1963 2352 2000 sa-

771 2061 966 2116 cerdos
999 2054 1143 2109 nulla
1193 2051 1329 2119 t'jllS,
1385 2046 1475 2115 qui
1513 2053 1621 2098 tam
1663 2044 1803 2096 male
1853 2050 2107 2110 acceptus
2154 2039 2346 2101 fuerat,

776 2148 1144 2207 misericordia
1199 2152 1373 2195 tactus
1419 2147 1522 2193 cst.
1574 2132 1855 2203 lntelligis,
1906 2142 1965 2186 ut
2015 2131 2223 2199 opinor,
2257 2144 2351 2197 per

776 2247 914 2297 viam
950 2237 1239 2308 significari
1276 2236 1413 2287 hanc
1451 2231 1615 2284 vitam
1650 2229 1703 2282 in
1743 2224 1971 2280 transitu
2008 2233 2349 2286 versantem;

776 2352 870 2403 per
900 2336 1231 2387 sacerdotem
1270 2342 1399 2379 vero
1428 2325 1622 2393 legem,
1654 2334 1774 2389 qua!
1803 2316 2161 2371 sacerdotium
2194 2328 2349 2371 orna-

776 2431 889 2492 vit;
924 2441 1015 2495 pcr
1051 2423 1295 2477 Levitam
1331 2432 1456 2469 vero
1489 2413 1869 2483 pr0phetarum
1894 2416 2118 2471 caatum,
2154 2406 2244 2475 qui
2271 2403 2353 2460 vel

773 2532 984 2587 parum,
1019 2513 1103 2568 vel
1135 2510 1263 2564 nihil
1295 2514 1501 2561 natura?
1532 2504 1781 2557 humanae
1802 2498 2047 2570 opitulati
2080 2498 2350 2553 abierunt.

773 2584 1066 2664 Considera
1101 2615 1261 2671 porro
1299 2596 1653 2653 subtilitatem
1694 2590 2004 2644 verborum.
2045 2584 2161 2641 Non
2210 2586 2353 2640 enim

774 2702 931 2763 dixit,
966 2697 1092 2750 Viso
1140 2706 1204 2745 eo
1248 2686 1496 2758 παρῆλθε
1535 2682 1672 2755 (90),
1697 2682 1800 2736 hoc
1839 2690 1923 2735 est
1954 2679 2229 2745 prwterit't,
2264 2680 2355 2732 sed

777 2784 1174 2857 ἀντιπαρῆλθε,
1234 2781 1336 2834 hoc
1385 2787 1471 2832 est
1519 2784 1702 2829 contra
1756 2770 2035 2839 pra’trriit.
2074 2768 2212 2834 Quid
2258 2769 2359 2822 hoc

776 2878 1071 2949 signiﬁcari
1107 2872 1315 2930 voluit?
1342 2865 1791 2937 Quandoquidem
1823 2864 1993 2932 legem
2025 2863 2187 2916 homo
2218 2875 2356 2928 prm-

777 2971 943 3034 teriit,
991 2981 1094 3020 non
1148 2964 1354 3031 integre
1404 2956 1551 3011 illam
1583 2964 1830 3015 servans,
1861 2950 1945 3005 lex
1989 2949 2136 3002 illum
2170 2959 2357 3002 contra

780 3060 1058 3133 praeteriit,
1083 3072 1146 3111 ac
1176 3056 1294 3109 sine
1324 3048 1526 3105 auxilio
1546 3042 1849 3114 dereliquit,
1879 3041 2056 3097 ethoc
2085 3050 2186 3106 est,
2214 3040 2358 3109 quod

2452 1941 2605 2010 ἦλθε.
2679 1939 2844 1993 Ἀλλά
2884 1943 2980 1993 καὶ
3008 1942 3243 2009 Λευῖτης
3282 1944 3340 1994 ὲν
3386 1942 3465 2013 τῷ
3517 1943 3691 2011 τόπῳ,
3738 1944 4033 2012 γενόμενος

2454 2035 2551 2102 τὴν
2596 2032 2719 2102 ίσην
2772 2032 3107 2101 ἀναλγησίαν
3147 2033 3239 2102 τῷ
3262 2035 3399 2104 ἱερεῖ
3453 2036 3585 2105 περὶ
3627 2036 3718 2087 τὸν
3776 2039 4036 2106 πονήρως

2453 2124 2645 2193 ἔχοντα
2702 2124 3029 2188 ἐνεδείξατο.
3087 2122 3245 2187 Νοεῐς
3306 2124 3381 2188 δὲ,
3426 2122 3601 2195 οἶμαι,
3660 2126 3746 2178 διὰ
3781 2127 3881 2195 μὲν
3934 2129 4037 2195 τῆς

2452 2212 2573 2264 ὁδοῦ
2606 2212 2707 2281 τὴν
2740 2214 3042 2283 παροδικὴν
3076 2215 3280 2283 ταύτην
3313 2215 3459 2285 ζωήν
3484 2232 3497 2245 ·
3520 2218 3606 2269 διὰ
3633 2218 3685 2268 δὲ
3721 2217 3813 2268 τοῦ
3843 2218 4036 2285 ἱερέως

2452 2308 2544 2360 τὸν
2578 2306 2743 2375 νόμον
2772 2346 2787 2370 ,
2819 2307 2912 2359 τὸν
2941 2306 3041 2377 τὴν
3074 2308 3365 2379 ίεροσύνην
3404 2312 3760 2379 κοσμήσαντα.
3790 2327 3801 2338 ·
3832 2311 3920 2361 διὰ
3972 2311 4031 2362 δὲ

2454 2400 2551 2453 τοῦ
2579 2400 2805 2453 Λευΐτου
2838 2399 2947 2451 τῶν
2993 2406 3291 2470 προφητῶν
3312 2403 3412 2469 τὴν
3432 2406 3726 2472 ὁμήγυριν,
3752 2404 3798 2455 οἳ
3835 2406 4035 2471 μίκρὰ,

2456 2492 2489 2561 ἦ
2521 2491 2678 2544 οὐδὲν
2707 2491 2808 2560 τὴν
2838 2491 3001 2558 φύσιν
3022 2492 3132 2544 τῶν
3158 2492 3463 2562 ἀνθρώπων
3482 2495 3776 2564 όνήσαντες
3808 2496 4033 2563 ᾤχοντο.

2458 2584 2664 2637 Σκόπει
2700 2584 2756 2635 δὲ
2794 2583 3013 2637 καὶτοῦ
3047 2584 3294 2654 ῥήματος
3321 2584 3420 2655 τὴν
3459 2585 3747 2657 ἀκρίϐειαν
3782 2602 3796 2615 ο
3830 2588 3891 2637 οὐ
3928 2589 4038 2655 γὰρ

2457 2670 2614 2729 εἶπεν
2638 2692 2654 2707 ·
2679 2675 2847 2728 Εἰδὼν
2870 2676 3032 2728 αὐτὸν
3052 2676 3350 2746 παρῆλθεν,
3371 2677 3512 2745 ἀλλ’,
3535 2696 3552 2727 ι
3578 2678 3999 2747 Ἀντιπαρῆλθε.
4016 2698 4033 2727 ι

2460 2770 2524 2822 Τί
2562 2768 2651 2821 διὰ
2685 2768 2845 2821 τοῦτο
2874 2768 3089 2839 δηλῶν;
3126 2770 3224 2832 Ὠς
3256 2770 3447 2841 ἐπειδὴ
3480 2772 3725 2841 παρῆλθε
3755 2772 3845 2823 τὸν
3875 2772 4040 2839 νόμον

2460 2863 2487 2912 ὁ
2515 2860 2809 2932 ἄνθρωπος
2845 2863 2919 2931 μὴ
2956 2862 3204 2932 τηρήσας
3242 2862 3405 2914 αὐτὸν
3447 2864 3649 2929 ὑγιῶς,
3706 2863 4043 2931 ἀντιπαρῆλι

2460 2951 2553 3002 θεν
2584 2952 2611 3002 ὁ
2645 2952 2809 3018 νόμος
2834 2951 3019 3015 αὑτὸν,
3054 2952 3371 3003 καταλιπὼν
3403 2951 3729 3021 ἀϐοήθητον.
3749 2955 3859 3005 Καὶ
3880 2952 4039 3003 τοῦτό

2461 3041 2611 3092 ἐστιν
2642 3040 2669 3091 ὅ
2698 3058 2863 3109 φησιν
2893 3044 2920 3093 δ
2951 3042 3084 3104 Θεὸς
3115 3042 3204 3095 διὰ
3245 3043 3427 3111 Ὢσηέ·
3471 3061 3489 3093 t
3544 3043 3841 3097 Ἐπελάθου
3866 3044 4039 3113 νόμου

777 3171 872 3227 per
902 3153 1093 3209 Oseam
1135 3146 1271 3202 dixit
1301 3146 1441 3197 Deus
1469 3158 1481 3194 :
1525 3158 1543 3191 ι
1577 3137 1753 3194 Oblita
1794 3151 1853 3190 es
1892 3136 2025 3205 legis
2055 3135 2147 3189 Dei
2182 3136 2278 3198 tui,
2305 3142 2354 3185 et

2462 3135 2599 3188 Θεοῦ
2634 3152 2749 3199 σου,
2786 3134 3156 3205 ὲπιλαθοῦμαί
3186 3153 3279 3187 σου
3306 3136 3479 3204 κάγώ.
3517 3155 3533 3186 ι

779 3266 877 3317 ego
905 3245 1191 3297 obliviscar
1219 3239 1289 3291 ltti
1321 3234 1385 3287 ’⁸.
1431 3250 1449 3282 ›

858 3358 874 3389 ‹
933 3334 1312 3389 Samaritanus
1355 3332 1531 3377 autem
1577 3319 1795 3389 quidam
1840 3317 1944 3371 iter
1978 3315 2180 3370 faciens
2215 3314 2359 3369 venit

780 3445 940 3486 secus
958 3440 1078 3481 eum
1102 3441 1115 3477 :
1142 3432 1196 3477 et
1223 3419 1412 3473 videns
1440 3429 1561 3467 eum
1601 3406 1973 3464 misericordia
2000 3416 2178 3459 motus
2201 3415 2303 3460 cst.
2331 3423 2350 3456 ›

791 3522 946 3576 Venit
964 3517 1129 3587 igitur
1155 3513 1295 3582 ejus,
1326 3508 1416 3577 qui
1445 3504 1583 3559 male
1604 3508 1859 3569 acceptus
1881 3498 2056 3551 fuerat
2078 3496 2359 3559 Dominus,

710 3616 720 3627 '
786 3586 997 3666 naturae
1021 3607 1276 3660 misertus
1309 3609 1413 3661 est,
1453 3594 1608 3662 cujus
1650 3599 1769 3647 erat
1811 3603 2041 3660 parens;
2083 3586 2364 3641 condoluit

786 3706 985 3775 quibus
1020 3697 1192 3754 modis
1222 3695 1403 3749 dolere
1434 3688 1585 3744 novit
1618 3686 1728 3745 illa,
1760 3698 1882 3753 quae
1916 3681 2254 3750 passionibus
2280 3690 2362 3733 est

787 3769 978 3853 vacua,
1016 3785 1570 3859 praestantissimaque
1598 3785 1810 3837 natura,
1835 3783 1887 3826 et
1921 3771 2092 3824 factus
2123 3779 2204 3823 est
2223 3769 2363 3837 quod

786 3894 905 3941 erat
938 3882 1046 3943 ille,
1079 3878 1171 3948 qui
1220 3874 1525 3945 patiebatur
1554 3870 1758 3937 absque
1802 3873 2144 3932 peccatorum
2176 3861 2363 3929 plagis,

786 3990 839 4031 et
876 3985 1100 4028 vocatur
1135 3967 1533 4022 Samaritanus.
1590 3960 1841 4013 nimirum
1894 3955 2204 4010 custodiens
2254 3952 2364 4019 (91)

794 4070 1076 4135 utriusque
1111 4072 1316 4115 natura:
1353 4057 1621 4117 notiones,
1670 4065 1896 4105 manens
1941 4049 1990 4104 id
2040 4049 2181 4116 quod
2230 4056 2367 4109 enat,

792 4161 969 4213 factus
1001 4152 1141 4224 quod
1176 4166 1281 4205 non
1317 4158 1453 4201 erat.

869 4270 887 4300 ι
929 4248 992 4302 Et
1024 4243 1351 4313 appropians
1390 4237 1624 4306 alligavit
1656 4233 1877 4286 vulnera
1912 4231 2044 4298 eius,
2082 4230 2367 4283 infundens

791 4343 967 4397 oleum
995 4349 1047 4391 et
1066 4338 1267 4387 vinum.
1296 4351 1312 4383 ι
1341 4330 1491 4399 Ligat
1516 4326 1806 4395 impietatis
1832 4324 2068 4392 plagam,
2099 4322 2367 4374 vim-tilum

793 4429 1008 4500 pietatis
1052 4423 1321 4492 injiciens.
1377 4420 1573 4486 l’urgat
1620 4414 2047 4481 intemperantia:
2078 4413 2250 4475 ult-us,
2286 4416 2369 4463 itt-

2539 3338 2557 3369 ι
2590 3317 2911 3387 Σαμαρίτης
2946 3317 3003 3369 δέ
3048 3335 3132 3379 τις
3160 3317 3363 3369 ὁδεύων
3400 3317 3531 3387 ἦλθε
3577 3317 3695 3369 κατ’
3724 3318 3909 3378 αὑτὸν,
3944 3321 4043 3369 καὶ

2464 3410 2586 3465 ίδὼν
2612 3409 2778 3462 αὑτὸν
2810 3407 3272 3478 ἐσπλαγχνίσθη.»
3298 3410 3555 3478 Ἔρχεται
3587 3408 3680 3462 οὖν
3705 3412 3732 3462 ό
3761 3411 4042 3477 Δεσπότης

2461 3504 2555 3557 τοῦ
2586 3503 2914 3573 πάσχοντος,
2950 3500 3183 3570 ᾤκτειρε
3222 3501 3323 3569 τὴν
3354 3502 3517 3568 φύσιν
3542 3542 3555 3565 ,
3592 3497 3658 3572 ἧς
3688 3503 3901 3571 ὑπῆρχε
3936 3518 4044 3553 πα-

2462 3595 2589 3665 τὴρ,
2641 3594 2983 3663 συνήλγησεν
3011 3588 3093 3654 οἷς
3115 3587 3221 3643 οἶδε
3252 3593 3471 3660 τρόποις
3498 3592 3683 3658 ἀλγεῖν
3713 3594 3813 3642 οὐκ
3844 3592 4044 3660 ἔχουσα

2467 3686 2640 3748 πάθος
2670 3688 2701 3755 ὴ
2740 3685 3056 3751 πανάγαθος
3090 3685 3276 3751 φύσις,
3312 3684 3407 3735 καὶ
3437 3683 3670 3751 γίνεται,
3705 3684 3843 3752 ὅπερ
3873 3687 3899 3735 ὁ
3939 3684 4045 3734 πά-

2469 3796 2634 3849 σχων,
2666 3781 2839 3849 χωρὶς
2877 3778 2989 3830 τῶν
3016 3780 3114 3846 τῆς
3139 3777 3415 3846 ἁμαρτίας
3446 3776 3691 3845 πληγῶν,
3733 3778 3830 3827 καὶ
3861 3776 4050 3827 καλεῖ-

2467 3887 2558 3923 ται
2594 3867 2978 3937 Σαμαρείτης,
3031 3867 3200 3936 ῆγουν
3237 3866 3475 3933 φυλάξας
3518 3867 3783 3935 ἑκατέρας
3829 3865 4047 3931 φύσεως

2468 3962 2536 4013 τὰ
2575 3960 2939 4030 γνωρίσματα
2978 3974 2993 3986 ⁸
3030 3958 3222 4027 μείνας
3280 3958 3415 4024 ὅπερ
3459 3952 3564 4028 ἦν,
3607 3957 3700 4008 καὶ
3751 3958 4048 4024 γενόμενος

2470 4055 2608 4122 ὅπερ
2644 4055 2743 4103 οὐκ
2782 4047 2870 4119 ἦν.

2549 4246 2566 4278 ι
2616 4228 2729 4281 Καὶ
2772 4222 3089 4295 προσελθὼν
3119 4220 3389 4291 κατέδησε
3424 4219 3493 4272 τά
3524 4218 3819 4289 τραύματα
3848 4217 4049 4277 αὑτοῦ.

2472 4322 2710 4389 ἐπιχέων
2732 4319 2913 4371 ἔλαιον
2936 4320 3030 4368 καὶ
3057 4312 3219 4367 οἶνον.
3259 4333 3277 4365 ι
3306 4315 3507 4381 Δεσμεί
3545 4311 3643 4380 τῆς
3673 4310 3931 4371 ἀσεϐείας
3953 4310 4052 4376 τὴν

2476 4414 2712 4482 πληγὴν,
2742 4411 2951 4471 ἐπιθεὶς
2978 4409 3068 4460 τὸν
3095 4408 3193 4475 τῆς
3225 4406 3505 4466 εὐσεϐείας
3529 4405 3747 4471 δεσμόν.
3781 4403 4053 4469 Καθαίρει

796 4535 1056 4592 spergcns
1091 4515 1396 4569 sobrietatis
1426 4512 1629 4571 vinum,
1673 4507 1810 4575 quod
1870 4506 2225 4572 rcstringrndi
2266 4506 2349 4556 vin

2477 4511 2574 4575 τῆς
2612 4502 2911 4563 ἀκολασίας
2946 4501 3006 4552 τὸ
3046 4499 3226 4563 ἕλκος,
3272 4499 3363 4549 τὸν
3384 4495 3675 4548 στυπτικὸν
3711 4494 3806 4560 τῆς
3848 4511 4055 4562 σωφρσ.

799 4614 981 4667 habet.
1013 4607 1268 4660 Avaritia:
1299 4603 1591 4669 appetitum
1636 4595 1894 4661 abstergit
1938 4594 2114 4646 oleum
2166 4593 2376 4645 miscri-

800 4704 1000 4759 cordiae
1033 4697 1335 4752 infundens.
1377 4694 1447 4743 ita
1492 4704 1585 4758 per
1636 4696 1897 4755 pra‘cepta
1948 4686 2097 4750 quasi
2135 4700 2228 4752 ιιι-ι·
2259 4688 2373 4735 vin-

799 4796 941 4857 cula,
979 4792 1199 4843 vulnera
1226 4779 1574 4852 colligat,“
1613 4789 1664 4831 et
1686 4792 1779 4845 per
1803 4773 2136 4842 disciplinain
2167 4786 2378 4828 coercet

806 4884 1223 4953 improbitatem,
1246 4887 1297 4931 et
1325 4875 1475 4942 parvi
1498 4872 1658 4924 animi
1687 4869 1933 4920 timorem
1958 4880 2052 4931 spe
2074 4864 2375 4918 futurorum

807 4980 965 5032 tollit.
1010 4976 1204 5027 Vinum
1249 4970 1391 5022 enim
1429 4958 1857 5028 constringendi,
1898 4957 2073 5009 oleum
2111 4955 2377 5010 ltilarandi

875 5118 918 5148 ²⁸
954 5114 1092 5167 Osce
1128 5124 1201 5171 τι,
1231 5109 1282 5160 ὓ.

2478 4600 2645 4667 σύνης
2675 4594 2974 4659 ὲπιστάξας
3019 4588 3183 4643 οἶνον.
3229 4590 3573 4657 Ἀποσμήχει
3604 4588 3701 4653 τῆς
3737 4585 4051 4647 πλεονεξίας

2474 4692 2571 4758 τὴν
2602 4689 2805 4758 ὄρεξιν,
2848 4687 2940 4754 τῆς
2968 4681 3343 4750 ἐλεημοσύνης
3370 4680 3562 4747 ὲκχέας
3590 4677 3651 4728 τὸ
3680 4675 3878 4728 ἔλαιον.
3897 4674 4054 4726 Οὕτω

2474 4781 2565 4834 διὰ
2590 4780 2698 4830 τῶν
2729 4776 2959 4831 ὲντολών
3002 4772 3297 4839 συσφίγγει
3345 4771 3412 4822 τὰ
3459 4768 3768 4839 τραύματα,
3820 4768 3915 4818 καὶ
3966 4766 4054 4815 δια

2476 4874 2572 4941 τῆς
2603 4868 2960 4930 διδασκαλίας
2993 4864 3283 4931 ὲπιστύφει
3304 4863 3401 4930 τὴν
3420 4858 3710 4927 πονηρίαν,
3734 4861 3824 4907 καὶ
3846 4856 4054 4907 λεαίνει

2474 4965 2565 5017 τὸν
2595 4961 2931 5033 μικρόψυχον
2954 4960 3020 5027 τῇ
3044 4956 3151 5009 τῶν
3180 4952 3483 5024 μελλόντων
3510 4948 3689 5002 ἑλπίδι
3714 4965 3729 4978 ⁸
3757 4947 4051 5007 στυπτικὺς

2035 5190 2353 5251 Francisci
2390 5188 2599 5253 Scorsi
2632 5196 2817 5248 notae.

876 5342 987 5410 (89)
1024 5336 1112 5390 Uti
1138 5334 1427 5410 pgiliccant
1448 5329 1700 5409 tunicam:
1734 5325 1806 5410 _lta
1834 5334 2058 5410 uterque
2084 5320 2377 5410 Gregorius

806 5394 1065 5468 Na‘aia'nz.
1088 5394 1149 5460 et.
1171 5405 1328 5474 Nyss.
1360 5399 2098 5474 allegoriceinterpretantur
2123 5394 2378 5460 pelliceas

808 5463 1040 5543 tunicas,
1074 5463 1443 5545 quas'Genes.
1472 5463 1541 5523 in
1579 5470 1753 5545 induit
1786 5464 1926 5518 Deus
1952 5463 2162 5545 primos
2184 5477 2380 5545 paren-

809 5535 1050 5608 tes.Scd
1085 5535 1138 5601 et
1182 5547 1294 5599 loca
1353 5546 1544 5596 horum
1600 5536 1843 5597 Patrum,
1898 5539 1962 5587 ad
2012 5546 2130 5599 qua:
2161 5535 2373 5608 videtur

808 5606 1046 5677 alludere
1077 5632 1264 5671 eorum
1292 5614 1493 5667 assecla
1521 5608 1902 5675 Theophanes,
1941 5614 1995 5657 et
2044 5617 2153 5655 retu
2200 5606 2371 5669 ipsam

810 5701 1116 5747 adnotatant
1146 5688 1263 5741 vide
1290 5684 1506 5737 humilia
1538 5678 1627 5731 24.

906 5742 1015 5830 (90)
1080 5757 1197 5811 Viso
1241 5773 1304 5830 reo
1358 5751 1691 5830 ξταρῆλᾷεις.
1746 5744 1869 5826 11ηὶο
1902 5743 2047 5830 verbi
2099 5742 2371 5830 ἀντιπαρ-

809 5812 949 5907 ἧλοὲ
971 5812 1286 5887 observatio
1356 5812 1532 5879 locum
1580 5819 1739 5873 habet
1788 5818 1842 5869 in
1884 5814 2117 5869 editione
2162 5812 2373 5879 Grmca,

2479 5322 2569 5375 ubi
2604 5335 2708 5374 non
2743 5317 3017 5387 παρῆλθε,
3048 5320 3141 5369 sed
3174 5311 3551 5387 ἀντιπαρῆλθε
3604 5310 3798 5387 legitur
3819 5324 3919 5387 pro
3945 5325 4054 5378 quo

2479 5393 2533 5444 in
2587 5400 2769 5444 nostra
2829 5380 3161 5455 simpliciter
3220 5380 3469 5455 habetur,
3531 5382 3808 5455 praeteriit.
3845 5380 4058 5455 "Quare

2478 5463 2640 5515 etiam
2672 5462 2723 5513 in
2753 5474 2868 5511 mea
2914 5448 3159 5511 versione
3201 5453 3443 5520 interieci
3491 5451 3653 5504 verba
3690 5451 3801 5517 ipsa
3837 5448 4057 5520 Graeca,

2486 5531 2759 5599 inquibus
2793 5530 2872 5582 vis
2908 5527 3190 5599 sententia:
3217 5519 3655 5599 auctorisposita
3679 5531 3806 5599 est,
3836 5530 3890 5572 et
3921 5519 4059 5599 abs-

2483 5589 2595 5670 que
2636 5600 2741 5651 illis
2781 5598 3054 5670 evanescit
3090 5614 3101 5647 :
3142 5596 3284 5664 quod
3331 5610 3382 5645 tn
3431 5596 3551 5649 aliis
3599 5591 3868 5645 similibus
3919 5589 4062 5643 locis

2485 5669 2694 5724 videbis
2717 5686 2744 5722 a
2778 5682 2861 5720 me
2890 5669 3216 5719 factitatum.

2502 5810 2505 5811 ν
2554 5742 2664 5808 (91)
2705 5738 3035 5811 Custodiens.
3075 5736 3267 5811 Notum
3304 5742 3386 5785 est
3438 5731 3843 5809 Samaritanum
3882 5729 4060 5799 signi-

2487 5800 2656 5865 ﬁcare.
2687 5808 2969 5864 custodem
2995 5823 3059 5862 ex
3097 5806 3279 5860 radice
3316 5800 3482 5861 1m.
