4208 6438
776 370 878 431 303
1986 354 2475 417 THEOPHANIS
2513 356 2705 416 CERA
2720 358 2854 416 MEI

3933 353 4049 417 304

774 482 1150 553 unusquisque
1183 475 1454 548 propriam
1491 472 1793 530 mercedem
1829 472 2057 541 accipiet
2098 471 2164 525 ³⁸.
2200 468 2348 525 Felix

2458 473 2688 532 ἕκαστος
2736 473 2829 524 τὸν
2881 473 3010 526 ἴδιον
3061 472 3255 542 μισθὸν
3306 472 3558 543 λήψεται.
3604 472 3895 543 Μακάριος
3936 474 4047 542 μὲν

773 576 939 647 igitur
984 572 1073 626 ille
1099 572 1309 633 doctor,
1342 567 1431 637 qui
1461 564 1721 619 doctrinae
1745 563 1995 618 denarios
2036 562 2347 633 adaugebit,

774 669 1033 724 nimirum
1084 677 1206 717 cum
1255 658 1421 715 veluti
1467 657 1535 711 de
1573 673 1635 713 re
1678 671 1774 712 sua
1824 655 2120 711 domestica
2160 669 2349 708 sanum

774 764 1020 823 verbum,
1059 765 1114 812 et
1142 756 1306 809 vitam
1347 753 1461 825 69
1487 752 1653 807 verbo
1691 758 2108 803 consentaneam
2145 750 2353 817 impen-

771 852 927 908 derit.
958 848 1207 904 lnlelices
1236 859 1364 899 vero
1395 859 1584 900 omnes
1627 856 1691 895 ac
1718 840 2054 895 miserabiles
2081 839 2255 909 juxta,
2289 853 2354 893 ac

769 957 869 1011 ego
900 954 1041 1006 sum,
1070 936 1161 1006 qui
1197 933 1430 988 inaniter
1474 932 1525 984 in
1566 944 1694 983 aere
1726 936 2153 999 perstrepentes,
2194 925 2349 994 quasi

769 1049 842 1089 ωε
864 1045 1062 1087 sonans
1090 1036 1184 1084 aut
1204 1024 1507 1098 cymbalum
1528 1022 1789 1087 tinniens,
1812 1020 2087 1074 dimidium
2116 1016 2354 1073 efﬁciunt

769 1126 951 1195 operis
989 1123 1139 1185 boni,
1169 1131 1224 1176 et
1253 1120 1369 1189 ejus
1413 1116 1553 1187 quod
1590 1113 1934 1185 praestantius
1967 1122 2070 1178 est,
2104 1120 2354 1183 expertes

772 1226 1018 1272 manent.
1048 1212 1306 1268 Parabola
1334 1211 1497 1282 igitur
1515 1210 1789 1264 hominem
1810 1207 2040 1277 lapsum,
2064 1214 2117 1260 et
2142 1203 2353 1259 Domini

772 1326 899 1380 erga
967 1323 1066 1362 nos
1121 1304 1550 1360 misericordiam
1610 1300 2025 1355 demonstravit.
2084 1296 2357 1354 Describit

770 1403 935 1457 etiam
988 1398 1238 1453 fortassis
1284 1408 1339 1451 et
1390 1410 1499 1460 me,
1552 1403 1609 1448 et
1646 1408 1834 1448 omnes
1865 1392 2071 1447 similes
2098 1391 2226 1458 mei,
2262 1391 2353 1460 qui

770 1507 921 1545 suam
958 1489 1236 1559 ueglignut
1268 1487 1516 1542 salutem.
1551 1484 1665 1553 Ego
1695 1483 1838 1537 enim
1875 1482 1963 1537 ille
2009 1499 2153 1547 sum,
2200 1482 2289 1552 qui
2322 1495 2353 1534 τι

766 1585 989 1637 civitate
1017 1581 1279 1634 virtutum
1308 1577 1473 1631 veluti
1508 1574 1575 1629 ab
1606 1574 1902 1629 Jerusalem
1931 1574 2350 1638 exterminatus,

768 1687 824 1729 et
862 1674 915 1727 in
964 1681 1246 1740 peccatum
1289 1668 1442 1739 quasi
1496 1668 1550 1722 in
1595 1664 1813 1721 Jericbo
1858 1680 1975 1719 mea
2011 1673 2203 1735 sponte
2230 1678 2355 1733 pro—

766 1776 995 1828 tractus,
1042 1772 1097 1818 et
1142 1764 1196 1815 in
1247 1760 1461 1831 publica
1514 1758 1741 1829 hujusce
1790 1757 1913 1812 vita:
1956 1756 2127 1811 viain
2179 1756 2353 1811 malas

2458 565 2553 618 οὖν
2578 566 2607 616 ὁ
2636 564 2980 627 διδάσκαλος,
3017 566 3075 628 ὃς
3109 566 3411 637 ὲκαυξήσει
3439 566 3511 618 τὰ
3547 566 3646 635 τῆς
3687 564 4045 626 διδασκαλίας

2457 653 2690 723 δηνάρια
2714 695 2728 715 ,
2759 655 2971 707 οἴκοθεν
3004 657 3472 725 προσδαπανήσας
3517 656 3676 721 λόγον
3703 654 3861 725 ὀρθὸν
3885 696 3901 719 ,
3942 656 4047 707 καὶ

2460 747 2577 816 βίον
2610 746 2689 815 τῷ
2726 746 2870 816 λόγῳ
2935 748 3253 801 ἀκόλουθον.
3314 748 3525 800 Ἀθλιοι
3571 748 3628 799 δὲ
3675 748 3723 799 οί
3770 747 3885 799 κατ’
3936 747 4046 814 ὲμέ

2456 840 2658 902 πάντες
2697 843 2791 893 καὶ
2824 840 3047 893 δείλαιοι
3082 840 3405 910 ὲνηχοῦντες
3444 842 3525 905 είς
3571 842 3711 911 ἀέρα
3741 841 3827 893 διὰ
3873 840 4046 901 xcvi“;

2456 932 2533 995 ὡς
2562 932 2761 1001 χαλκὸς
2792 933 2963 1002 ἠχῶν,
3014 934 3047 1004 ἢ
3094 935 3473 1005 περικτυποῦν
3503 935 3789 1003 τύμπανον
3820 933 3876 997 ἐξ
3908 936 4046 1001 ἡμι-

2459 1025 2609 1088 σείας
2631 1024 2691 1077 τὸ
2715 1024 2881 1079 καλὸν
2912 1026 3331 1096 κατορθοῦντες,
3353 1027 3446 1081 καὶ
3480 1028 3736 1096 μένοντες
3768 1027 4043 1090 ἐλλειπεῖς

2456 1114 2549 1171 τοῦ
2594 1116 2887 1185 βελτίονος.
2949 1118 3010 1171 Ἦ
3044 1117 3146 1188 μὲν
3198 1114 3294 1172 οὖν
3336 1119 3628 1189 παραϐολὴ
3660 1119 3760 1189 τὴν
3791 1119 3900 1171 τῶν
3941 1119 4046 1170 ἀν-

2458 1208 2694 1279 θρώπων
2722 1209 3021 1272 ἔκπτωσιν,
3048 1210 3141 1262 καὶ
3172 1209 3233 1262 τὸ
3276 1210 3357 1273 είς
3397 1212 3543 1279 ἡμᾶς
3574 1209 3668 1261 τοῦ
3710 1209 3848 1262 Θεοῦ
3890 1210 4047 1270 ἔλεος

2459 1298 2798 1363 ἐπεδείξατο.
2859 1298 3206 1369 ’Υπογράφει
3257 1299 3316 1352 δὲ
3374 1301 3515 1370 τάχα
3572 1300 3718 1369 κάμὲ
3776 1301 3872 1353 καὶ¹
3910 1300 4047 1361 τοὺς

2461 1388 2592 1451 ῐσως
2629 1389 2755 1458 ἐμοὶ
2782 1389 2880 1458 τῆς
2917 1389 3069 1457 σφῶν
3098 1390 3373 1460 σωτηρίας
3407 1391 3874 1461 ὁλιγωρήσαντας.
3896 1388 4047 1455 Ἐγὼ

2457 1480 2567 1550 γάρ
2606 1481 2724 1548 εἰμι
2751 1482 2778 1533 ὀ
2804 1479 3057 1549 καθάπερ
3088 1481 3148 1545 ἐξ
3188 1482 3549 1551 Ἰερουσαλὴμ
3572 1483 3673 1551 τῆς
3694 1482 3803 1533 τῶν
3827 1482 4047 1549 ἀρετῶν

2459 1573 2670 1636 πόλεως
2701 1573 3169 1645 ἐξοστρακισθεὶς,
3202 1577 3295 1628 καὶ
3321 1576 3458 1645 πρὸς
3488 1577 3589 1643 τὴν
3616 1575 3717 1643 τῆς
3760 1575 4044 1643 ἁμαρτίας

2470 1662 2684 1734 Ἰεριχὼ
2722 1665 3047 1733 αὐτομόλως
3093 1664 3420 1733 ὑποσυρεὶς,
3462 1664 3648 1725 καὶηὲν
3674 1667 3740 1734 τῇ
3778 1664 4046 1733 λεωφόρῳ

2459 1757 2556 1827 τῆς
2597 1755 2764 1825 ζωῆς,
2803 1756 2879 1819 ὡς
2920 1756 3258 1819 λωποδύταις
3302 1757 3596 1809 ὑποπεσὼν
3649 1759 3757 1819 τοῖς
3796 1757 4045 1824 ἐμαυτοῦ

766 1872 915 1912 meas
958 1856 1333 1925 cogitationes,
1386 1853 1533 1909 velut
1577 1853 1629 1907 in
1684 1851 1921 1907 latrones
1974 1851 2284 1915 incurrens,
2321 1865 2351 1903 a

2459 1822 2717 1915 πονηροῖς
2758 1846 3064 1916 λογισμοῖς,
3101 1846 3193 1915 ὑφ’
3225 1840 3300 1899 ὧν
3332 1848 3701 1916 γυμνωσθεὶς,
3733 1822 3900 1916 οἴμοι,
3935 1849 4044 1915 τῆς

767 1950 983 2019 quibus,
1020 1949 1103 2001 ltei
1142 1946 1308 2000 mihi!
1341 1947 1581 2001 honestae
1612 1942 1736 1997 vitae
1763 1942 2073 1998 actionibus
2097 1956 2127 1996 a
2151 1941 2353 1996 virtute

768 2040 1031 2107 profectis
1053 2048 1249 2093 exutus
1271 2036 1497 2107 apparui
1523 2036 1719 2100 nudus,
1746 2044 1799 2089 et
1830 2034 2027 2089 multas
2056 2048 2085 2088 a
2115 2034 2354 2102 peccatis

772 2135 981 2186 inustas
1016 2147 1125 2200 prae
1153 2145 1239 2185 me
1272 2131 1471 2183 vibices
1500 2127 1701 2183 ferens.
1733 2127 1799 2181 Et
1825 2126 2039 2196 quidem
2068 2127 2353 2182 semimor-

772 2237 893 2279 tuus
918 2224 1199 2278 dimidium
1234 2223 1337 2277 mei
1364 2221 1583 2287 retinui,
1620 2220 1732 2275 sola
1767 2235 1865 2290 spe
1896 2218 2156 2274 incolumi
2187 2218 2351 2274 comi-

771 2326 939 2369 tatus.
996 2313 1267 2368 Sacerdos
1320 2326 1453 2367 vero
1532 2323 1586 2366 et
1626 2310 1809 2365 Levita
1852 2326 1937 2363 ine
1980 2308 2351 2379 praetergressi

769 2418 917 2461 sunt.
980 2404 1113 2459 Nam
1168 2415 1224 2459 et
1268 2407 1465 2472 scripta
1513 2404 1597 2457 lex
1648 2412 1701 2456 et
1758 2403 2020 2457 naturalis
2062 2402 2132 2457 ob
2178 2416 2353 2457 meam

769 2497 1193 2554 iuobedientiam
1245 2495 1574 2565 imperfecta:
1623 2504 2020 2549 remanserunt.
2072 2494 2179 2549 Sed
2227 2495 2355 2550 ades

769 2593 905 2660 ipse,
933 2604 966 2643 o
987 2588 1257 2655 Salvator,
1283 2598 1333 2641 et
1366 2594 1708 2657 praestantem
1732 2587 1874 2640 illam
1901 2587 2351 2655 compositionem

769 2679 874 2732 olei
958 2689 1011 2733 ct
1066 2678 1175 2732 vini
1234 2680 1657 2733 misericorditer
1712 2677 1837 2731 mibi
1886 2677 2118 2744 instilla;
2165 2687 2222 2731 et
2258 2690 2355 2746 per

771 2771 1091 2841 patientiam
1144 2786 1230 2825 me
1283 2772 1594 2841 corrigens,
1654 2782 1705 2825 et
1766 2787 1860 2841 per
1920 2771 2353 2827 misericordiam

772 2865 1089 2927 instruens,
1146 2859 1355 2931 flagella
1412 2876 1498 2915 me
1550 2863 1845 2932 angoribus
1907 2873 2125 2932 propter
2177 2876 2353 2916 meam

773 2957 1194 3020 contumaciam,
1229 2962 1283 3008 et
1319 2963 1537 3022 propter
1574 2953 1999 3009 imbecillitatem
2044 2966 2132 3008 tua
2168 2954 2353 3023 longa-

773 3047 1016 3101 nituitale
1084 3044 1191 3099 mei
1248 3044 1529 3099 miserere.
1601 3043 1766 3099 lnduc
1833 3060 1920 3101 me
1978 3046 2030 3099 in
2091 3046 2351 3100 virtutum

2456 1935 2794 2005 εὐσχήμονος
2866 1934 3071 2004 βιωεῆς
3145 1935 3403 2005 πράξεων
3466 1937 3745 2007 ὲναρέτων
3813 1938 4043 2007 ὠρὰθην

2456 2030 2691 2101 γυμνὸς,
2717 2030 2919 2093 πολλὰς
2946 2030 3233 2101 ἁμαρτιῶν
3266 2033 3661 2103 ἐπιφερόμενος
3695 2032 4040 2101 σμώδιγγας.

2466 2124 2774 2194 Ἦμιθανὴς
2803 2124 2860 2177 δὲ
2885 2124 3087 2192 γέγονα
3112 2126 3207 2177 καὶ
3238 2125 3534 2195 ἡμίτομος,
3568 2128 3738 2195 μόνην
3762 2127 3858 2194 τὴν
3882 2126 4041 2176 ἐλπί-

2454 2217 2522 2272 δα
2576 2216 2765 2283 ζῶσαν
2809 2218 3269 2289 περιφερόμενος.
3317 2221 3523 2288 ’ἱερεὺς
3573 2220 3629 2272 δὲ
3675 2222 3770 2272 καὶ
3800 2220 4043 2287 Δευῖτης

2456 2312 2835 2383 ἁντιπαρῆλθέ
2880 2329 2947 2381 με
2975 2329 2989 2343 ·
3024 2313 3119 2365 καὶ
3153 2315 3181 2364 ὁ
3217 2313 3445 2380 φυσικὸς
3479 2314 3589 2381 γὰρ
3625 2314 3785 2381 νόμος
3810 2352 3825 2373 ,
3873 2315 3970 2364 καὶ
4010 2314 4042 2363 ὁ

2456 2408 2705 2476 γραπτὸς
2738 2406 2799 2469 ἐξ
2828 2406 2968 2475 ἐμῆς
3004 2406 3291 2468 ἀπειθείας
3322 2407 3636 2467 ἀσυντελεῖς
3662 2406 4037 2472 ἐγεγόνεισαν.

2468 2498 2632 2551 Ἀλλὰ
2662 2498 2893 2567 πάρεσο,
2914 2498 3099 2566 Σῶτερ
3128 2497 3310 2561 αὐτὸς,
3339 2499 3437 2569 τὴν
3468 2497 3638 2567 καλὴν
3669 2496 3953 2563 συζυγίαν,
3978 2496 4043 2547 τὸ

2458 2573 2641 2641 ἔλαιον
2670 2589 2767 2641 καὶ
2801 2590 2892 2640 τὸν
2918 2583 3062 2640 οἶνον
3094 2587 3399 2657 συμπαθῶς
3434 2586 3742 2648 ἐπιστάζων
3779 2602 3891 2654 μοι,
3927 2601 4041 2652 μα-

2457 2679 2749 2750 κροθύμως
2774 2680 3033 2749 ἐλέγχων,
3068 2681 3160 2732 καὶ
3207 2681 3325 2749 μετ’
3373 2682 3558 2739 ἐλέους
3622 2679 3892 2731 παιδεύω-ο
3942 2694 4037 2744 με,

2461 2772 2744 2841 μαστίσων
2771 2773 2884 2833 τοῖς
2916 2775 3246 2840 πειρασμοῖς
3278 2771 3367 2824 διὰ
3394 2771 3494 2841 τὴν
3525 2772 3832 2831 ἀπείθειαν,
3867 2770 4041 2821 ἐλεῶν

2458 2868 2523 2936 τῇ
2559 2864 2916 2935 μακροθυμίᾳ
2949 2866 3035 2918 διὰ
3064 2866 3162 2933 τὴν
3192 2864 3503 2928 ἀσθένειαν,
3538 2864 3802 2930 είσάγαγὲ
3846 2880 3910 2931 με
3955 2863 4040 2924 εἰς

2456 2958 2517 3010 τὸ
2546 2957 2654 3010 τῶν
2685 2958 2897 3025 ἀρετῶν
2930 2958 3270 3026 πανδοχεῖον.
3297 2957 3572 3009 Ἐντειλον
3605 2956 3681 3025 τῷ
3708 2954 4040 3023 φυλαττοντξ

2462 3064 2528 3117 με
2563 3046 2703 3117 ἁγίῳ
2733 3048 2953 3117 ἀγγέλῳ
3004 3047 3406 3118 ἐπιμεληθῆναι
3452 3048 3555 3116 τῆς
3594 3047 3873 3115 σωτηρίας
3910 3064 4037 3113 μου,

772 3135 1169 3201 diversorium;
1204 3135 1435 3204 praecipe
1463 3143 1654 3189 sancto
1684 3135 1874 3205 angelo
1896 3151 2016 3189 meo
2036 3138 2270 3199 custodi,
2297 3145 2353 3190 ut

2460 3139 2555 3191 καὶ
2586 3140 2661 3201 ὡς
2694 3140 2788 3192 δύο
2813 3140 3047 3210 δηνάρια
3076 3140 3386 3210 χορηγῆσαί
3424 3156 3513 3208 μοι
3576 3140 3674 3205 τὴν
3718 3140 3795 3200 είς
3844 3138 3900 3189 σε
3944 3140 4043 3187 καὶ

772 3242 950 3281 meam
976 3226 1207 3281 salutem
1246 3234 1436 3291 curet;
1466 3235 1521 3279 et
1554 3225 1719 3280 veluti
1747 3230 1884 3281 duos
1931 3228 2185 3282 denarios
2228 3242 2329 3293 sup

769 3319 973 3389 peditet
996 3320 1049 3373 in
1074 3317 1243 3373 Deum
1296 3328 1351 3373 et
1384 3319 1687 3386 proximum
1715 3320 2061 3374 cliaritatem.
2094 3320 2173 3372 Tu
2208 3321 2353 3376 enim

770 3426 831 3465 es
852 3411 943 3478 qui
970 3409 1311 3465 inﬁrmitates
1339 3420 1558 3465 nostras
1580 3412 1807 3478 curasti,
1830 3420 1883 3467 et
1910 3412 2017 3467 tuis
2040 3413 2355 3469 vulneribus

770 3504 996 3557 uulnera
1051 3510 1237 3556 nostra
1294 3502 1597 3558 medicatus
1650 3518 1728 3569 es,
1787 3506 1880 3574 qui
1925 3520 2046 3558 cum
2099 3505 2258 3561 Patre
2300 3516 2354 3561 et

772 3594 975 3662 Spiritu
1028 3592 1376 3661 glorilicaris,
1432 3592 1517 3647 cui
1566 3592 1792 3648 debetur
1842 3596 2019 3649 omnis
2073 3596 2246 3650 honor
2295 3597 2350 3649 in

771 3685 988 3741 saecula.
1020 3684 1215 3740 Amen.

1337 3798 1618 3853 liOMILIA
1661 3799 1771 3853 XII.

844 3894 922 3949 De
960 3893 1203 3957 muliere,
1234 3908 1353 3963 qua:
1385 3891 1609 3945 habebat
1648 3895 1895 3962 spiritum
1933 3895 2278 3961 inﬁrmitatis.

852 3987 984 4041 Fuci
1020 4003 1085 4042 ex
1112 4002 1270 4055 apum
1303 4001 1499 4055 genere
1535 3985 1648 4056 (94)
1678 3999 1803 4041 sunt
1831 3988 2005 4058 ignavi
2030 3999 2083 4042 et
2110 3992 2348 4053 inutiles,

772 4083 865 4151 qui
900 4080 988 4133 ubi
1039 4081 1222 4133 vident
1270 4093 1402 4148 apes
1447 4079 1515 4132 ab
1546 4080 1851 4134 alvearibus
1892 4083 2169 4136 avulantes
2210 4094 2265 4137 et
2298 4085 2350 4135 in

774 4184 925 4243 prata
966 4172 1236 4241 profectas
1273 4170 1410 4241 (95),
1433 4172 1691 4240 quidquid
1725 4182 1808 4227 est
1843 4183 2006 4227 tenue
2053 4186 2107 4227 et
2141 4176 2354 4245 lanugi-

776 4280 965 4319 uusum
995 4264 1286 4317 decussum
1315 4278 1344 4316 e
1381 4263 1553 4316 media
1600 4262 1791 4317 ﬂorum
1830 4280 1984 4319 coma
2025 4268 2353 4335 decerpere,

772 4372 839 4410 ex
873 4370 979 4423 quo
1010 4355 1206 4408 deinde
1256 4354 1428 4407 mellis
1463 4355 1799 4409 dulcedinem
1850 4356 1903 4410 in
1932 4372 2054 4411 cera
2097 4362 2304 4428 lingunt
2335 4377 2349 4413 :

778 4461 926 4513 tunc,
949 4448 1056 4517 70
1087 4448 1328 4515 inquam,
1358 4448 1409 4499 lii
1439 4448 1726 4513 latronum,
1759 4464 1854 4502 seu
1889 4451 2065 4518 potius
2094 4450 2272 4503 furum
2298 4453 2351 4505 in

2462 3231 2557 3283 τὸν
2585 3232 2817 3299 πλησίον
2846 3234 3089 3302 ἀγάπην.
3127 3232 3199 3283 Σὺ
3236 3231 3344 3299 γὰρ
3372 3232 3401 3282 ὁ
3432 3234 3531 3293 τὰς
3559 3230 3847 3289 ἀσθενείας
3881 3228 4043 3296 ἡμῶν

2464 3322 2835 3393 θεραπεύσας,
2871 3324 3064 3377 καὶτὰ
3100 3322 3391 3393 τραύματα
3426 3324 3541 3385 τοῖς
3575 3324 3688 3383 σοῖς
3722 3320 4042 3390 τραύμασιν

2466 3417 2783 3485 ἰασάμενος,
2807 3418 2837 3469 ὁ
2865 3416 2963 3469 σὺν
2996 3416 3172 3486 Πατρὶ
3203 3415 3300 3468 καὶ
3342 3414 3624 3483 Ιινεύματι
3658 3412 4042 3481 δοξαζόμενος,

2462 3501 2506 3576 ᾧ
2531 3511 2736 3581 πρέπει
2761 3512 2911 3563 πᾶσα
2940 3508 3075 3581 τιμὴ
3103 3512 3183 3572 εἰς
3212 3511 3338 3572 τοὺς
3371 3508 3599 3573 αἰῶνας,
3642 3509 3839 3577 Ἀμήν.

3064 3806 3313 3859 ΟΜΙΛΙᾹ
3342 3806 3441 3857 ΙΒ’.

2638 3899 2776 3965 Περὶ
2812 3896 2922 3963 τῆς
2960 3896 3230 3965 ἐχούσης
3260 3896 3496 3964 πνεῦμα
3524 3896 3863 3959 ἀσθενείας.

2537 3990 2601 4041 υί
2630 3992 2874 4060 κηφῆνες
2920 3984 3058 4050 εἶδός
3104 3990 3221 4040 ἐστι
3275 3989 3581 4058 μελλισσῶν
3625 3988 3793 4056 ἀργόν
3833 4005 3891 4040 τε
3944 3990 4041 4040 καὶ

2462 4082 2756 4153 ἄχρηστον.
2790 4076 2950 4135 Οὗτοι
2992 4080 3126 4149 γοῦν
3165 4082 3404 4150 ὁπηνίκα
3458 4082 3556 4143 τὰς
3605 4081 3864 4149 μελίσσας
3909 4080 4039 4132 θεα-

2463 4189 2650 4227 σαιντο
2674 4174 2779 4227 τῶν
2794 4173 3035 4244 σίμϐλων
3055 4174 3461 4242 ἀφιπταμένας,
3491 4173 3581 4225 καὶ
3609 4172 3740 4241 πρὸς
3765 4172 4043 4240 λειμῶνας

2461 4268 2772 4338 χωρούσας,
2826 4270 2919 4319 καὶ
2964 4266 3309 4337 δρεπομένας
3340 4266 3451 4316 τῶν
3488 4265 3695 4317 ἀνθέων
3727 4264 3787 4314 τὸ
3819 4262 4039 4321 λεπτῶν.

2460 4362 2555 4413 καὶ
2592 4361 2824 4430 χνοῶδες
2871 4360 2968 4430 τῆς
2998 4361 3055 4412 ὲν
3087 4363 3153 4430 τῇ
3199 4360 3349 4428 μέσῳ
3384 4358 3557 4427 κόμης
3594 4355 3933 4425 ἐκτιναχθὲν,
3979 4358 4037 4421 ἐξ

2460 4450 2521 4508 οὗ
2552 4454 2992 4524 κηροπλαστοῦσι
3030 4452 3123 4505 τοῦ
3158 4452 3374 4522 μέλιτος
3404 4456 3501 4519 τὴν
3528 4450 3860 4518 γλυκύτητα,
3884 4465 4037 4516 τηνι-

776 4555 985 4594 morem
1023 4540 1343 4605 insilientes,
1395 4548 1450 4594 et
1490 4540 1542 4593 in
1585 4540 1766 4595 alveos
1814 4542 2134 4599 invadentes
2172 4544 2352 4600 elabo-

2462 4519 2644 4601 καῦτα
2676 4547 2727 4599 οἱ
2757 4547 3004 4616 κηφῆνες
3034 4519 3190 4596 οὗτοί
3214 4544 3544 4613 λῃστρικῶς,
3576 4541 3777 4610 μᾶλλον
3800 4540 3855 4592 δὲ
3880 4540 4039 4609 δίκην

776 4645 953 4686 ratum
978 4646 1114 4701 Opus
1132 4630 1431 4684 clanculum
1459 4634 1624 4686 edunt
1643 4632 1779 4701 (96);
1804 4634 1891 4687 ubi
1916 4648 2044 4687 vero
2065 4636 2354 4691 redeuntes

774 4722 1017 4776 sentiuz-t
1038 4736 1187 4790 apes,
1208 4722 1605 4775 irremeabilem
1628 4733 1914 4791 capessunt
1934 4723 2136 4795 fugam,
2158 4727 2355 4797 quippe

849 4842 895 4873 ³⁰
934 4841 949 4895 Ι
992 4838 1118 4892 Cur.
1162 4853 1245 4899 tu,
1286 4837 1341 4892 8.

2461 4639 2712 4695 κλεπτῶν
2775 4638 3227 4708 εἰσπηδήσαντες,
3277 4635 3370 4687 καὶ
3410 4636 3547 4703 πρὸς
3591 4636 3659 4687 τὰ
3702 4631 3903 4701 σίμϐλα
3933 4650 4044 4702 χω-

2465 4733 2730 4805 ρήσαντες
2786 4728 2895 4781 τῶν
2956 4726 3223 4797 μελιττῶι
3283 4725 3383 4794 τὴν
3421 4724 3694 4793 γεωργίαν
3750 4723 4042 4794 ἁρπαλέως

2016 4928 2337 4992 Francisci
2370 4932 2580 4993 Seorsi
2613 4941 2800 4995 notte.

852 5038 968 5106 (94)
1012 5034 1147 5087 Fuci
1186 5047 1250 5086 ex
1303 5046 1464 5106 a,_;um
1504 5044 1708 5106 genere.
1769 5028 2077 5095 Scriptores
2139 5031 2363 5099 apiaria:

783 5110 860 5162 rei
906 5100 1159 5175 κηφῆνας
1190 5101 1396 5175 ἀργούς
1427 5104 1575 5175 lucos
1595 5100 1808 5167 ignavos
1844 5108 2056 5175 vocant,
2091 5115 2193 5175 qua
2220 5116 2359 5175 Δνοερ

780 5183 946 5233 utitur
965 5170 1118 5230 hoste
1128 5190 1166 5237 r,
1178 5170 1341 5226 et'nos
1356 5172 1545 5223 Latina
1565 5170 2007 5237 interpretatione
2020 5170 2358 5225 cuncinimus

783 5249 1078 5318 Virgilianu
1102 5244 1326 5297 carmini
1374 5239 1559 5310 Georg.
1592 5254 1641 5292 tv
1669 5248 1720 5292 et
1762 5238 1988 5291 Afueid.
2020 5255 2056 5304 ι,
2091 5241 2181 5293 ttbi
2214 5241 2355 5293 idem

780 5323 1039 5388 repetitur
1070 5330 1253 5388 versus
1278 5332 1290 5366 :

886 5388 1136 5458 Ignavum
1172 5384 1317 5458 [usos
1354 5398 1505 5458 pecus
1540 5398 1571 5458 a
1604 5380 1925 5458 pra'sepibns
1958 5394 2155 5436 arcent.

781 5453 949 5513 Arisi.
988 5468 1137 5511 Vocat
1177 5455 1413 5523 νωθροὺς
1470 5454 1835 5521 θιὰκέντρους
1868 5467 2045 5523 segnes
2076 5463 2131 5507 et
2171 5453 2356 5507 aculeo

780 5546 980 5595 cassos,
1001 5528 1068 5579 ob
1096 5541 1257 5594 quam
1282 5526 1663 5595 proprietatem
1694 5533 1838 5577 recte
1867 5536 2049 5578 noster
2069 5526 2154 5577 llic
2182 5526 2257 5577 ait
2277 5526 2359 5587 είς

779 5602 991 5669 ἄμυναν
1022 5597 1193 5648 ἐλθεῖν
1244 5595 1303 5646 οὐ
1330 5594 1709 5669 δύνασθαιςαιί
1733 5610 1786 5647 se
1820 5595 2198 5663 defendendum
2232 5610 2357 5669 cgn-

780 5664 924 5738 gredi
958 5684 1061 5721 non
1095 5682 1243 5734 passe
1262 5683 1281 5731 ;
1320 5665 1547 5734 ideoque
1588 5667 1657 5719 ab
1692 5680 1853 5735 apum
1889 5681 2122 5720 occursu
2159 5664 2351 5733 profu-

732 5758 747 5772 ⁸
781 5756 927 5794 aere.

780 5764 966 5881 “((3:3)
1008 5808 1073 5863 In
1099 5816 1253 5878 prata
1282 5806 1566 5876 profectas.
1591 5805 1791 5864 Desunt
1818 5806 1929 5861 lure
1969 5811 2133 5863 verba
2166 5811 2219 5863 iu
2249 5823 2359 5863 uno

2469 5032 2609 5105 cod.
2642 5036 2737 5088 καὶ
2771 5036 2909 5104 πρδς
2958 5035 3229 5105 λειμῶνας
3259 5033 3582 5103 χωρούσας;
3618 5034 3827 5096 reddidi
3857 5043 4036 5092 tamen

2468 5119 2535 5157 ex
2672 5116 2729 5176 et
2750 5102 2838 5173 G.,
2870 5109 2924 5159 in
2951 5102 3149 5176 quibus
3173 5121 3235 5157 ea
3274 5102 3545 5176 leguntur.

2538 5173 2653 5245 (96)
2698 5173 3011 5229 Clanculum
3051 5178 3231 5229 edunt.
3279 5175 3408 5228 Fuci
3458 5173 3704 5245 quamvis
3747 5174 4041 5232 conﬁciant

2466 5243 2642 5310 favos,
2672 5247 2985 5316 perﬁciendi
3018 5256 3195 5299 tamen
3244 5247 3419 5299 mellis
3471 5244 3727 5297 facultate
3769 5261 3877 5316 non
3918 5249 4037 5315 pol-

2464 5316 2576 5371 lent
2602 5332 2616 5383 ;
2647 5314 2828 5383 sed,nt
2855 5318 3174 5370 Aristoreles
3204 5320 3299 5378 ait,
3322 5323 3612 5369 vescuntur
3637 5324 3749 5367 tum
3776 5314 3901 5382 ipsi,
3920 5314 4037 5370 ium

2466 5388 2707 5454 ipsorum
2744 5387 2872 5455 pnlli
2910 5388 3065 5441 melle
3086 5390 3229 5455 quod
3262 5401 3391 5454 apes
3417 5384 3770 5438 elaborarint.
3804 5386 3862 5438 Id
3895 5390 4039 5455 quod

2464 5458 2671 5511 diserte
2704 5456 2970 5511 Hesiodus
3004 5459 3055 5510 in
3086 5456 3402 5527 'l'lieOgouia
3434 5470 3449 5508 :

2476 5552 2558 5603 Ὀῑ
2591 5550 2647 5601 δ’
2671 5548 2890 5603 ἔντοσθε
2926 5548 3177 5619 μένοντες
3207 5551 3297 5601 ὲπὶ
3328 5548 3530 5617 ρεφέας
3569 5546 3710 5601 κατὰ
3737 5545 4002 5619 σίμϐλους

2478 5621 2785 5689 Ἀλλότριον
2818 5618 3064 5689 κάματον
3100 5619 3367 5688 σφετέρην
3405 5619 3486 5681 είς
3516 5619 3741 5688 γαστέρ’
3767 5618 4042 5687 ἀμῶνται.

2464 5716 2530 5769 At
2560 5714 2639 5768 illi
2668 5716 2813 5768 intus
2846 5726 3207 5783 permanentes
3236 5712 3494 5779 cooperti:
3533 5713 3586 5765 in
3615 5712 3861 5768 alveariis

2468 5788 2707 5840 Alienum
2738 5788 2970 5840 laborent
3002 5801 3151 5838 suum
3192 5786 3245 5836 in
3280 5793 3504 5837 ventrem
3535 5791 3755 5837 metunt.
