4208 6438
145 367 248 432 325

1530 371 1857 435 HOMILIA
1894 374 2066 434 XUI.

3301 381 3409 446 326

144 486 242 538 καὶ
267 484 353 546 εἰς
380 483 475 536 τὸν
505 485 759 554 οὐράνιον
779 488 1044 558 νυμφῶνα
1062 486 1520 557 εἰσοικισάμενος.
1547 485 1720 555 Τούτιι.

1838 484 2134 537 concilians
2163 482 2378 539 dicebat
2408 501 2422 538 :
2461 504 2480 538 ι
2517 485 2787 558 Despondi
2832 492 2977 547 enim
3022 506 3120 548 vos
3168 497 3257 549 uni
3293 510 3409 553 viro

139 578 218 647 τῷ
252 577 424 647 γάμῳ
481 577 694 641 Παῦλος
749 582 777 632 6
833 578 1203 649 νυμφαγωγὸς
1260 580 1549 631 συνάπτων
1598 579 1725 641 τοὺς

144 672 405 738 μαθητάς
449 669 669 737 ἔλεγενο
742 689 761 721 ι
810 670 1179 740 Ἦρμοσάμην
1245 672 1389 741 ὑμᾶς
1442 671 1523 724 ἑνὶ
1573 671 1726 742 ἀνδρὶ

142 762 421 831 παρθένον
442 763 619 831 ἁγνὴν
648 764 1002 833 παραστῆσαι
1028 762 1107 832 τῷ
1141 764 1384 833 Χριστῷ.
1422 780 1441 814 ι
1474 764 1726 833 Νυμφίον

140 854 196 907 δὲ
217 855 316 905 τὸν
345 854 627 924 Δεσπότην
653 856 893 925 Χριστὸν
942 856 1039 909 καὶ
1080 856 1335 926 Ἰωάννης
1362 859 1389 908 6
1426 856 1596 924 μέγας
1624 857 1725 927 κήο

143 946 242 1014 ρυξ
270 946 565 1014 ὠνόμασεν
591 962 602 973 ·
645 964 665 999 ι
708 948 768 1000 '0
816 946 954 1015 ἔχων
998 947 1126 1015 γὰρ,
1160 948 1327 1016 φησὶ,
1378 948 1477 1017 τὴν
1508 950 1726 1017 νύμφην

136 1040 381 1106 νυμφίος
412 1042 582 1102 ἐστὶν,
635 1041 663 1089 6
693 1039 749 1091 δὲ
778 1039 931 1105 φίλος
971 1038 1067 1091 τοῦ
1090 1039 1327 1106 νυμφίου
1364 1042 1506 1109 χαρᾷ
1542 1041 1724 1109 χαίρει

137 1132 359 1185 ἀκούων
396 1132 496 1200 τὴν
511 1132 696 1200 φωνὴν
717 1134 810 1183 τοῦ
840 1133 1101 1201 νυμφίου.
1132 1150 1149 1181 ι
1192 1132 1359 1202 Ὀρᾷς
1386 1134 1461 1195 ῶς
1490 1135 1516 1185 6
1546 1134 1725 1200 γάμος

135 1228 287 1277 ἐστὶν
322 1228 359 1294 ἡ
386 1225 528 1291 πρὸς
561 1227 710 1294 ἡμᾶς
756 1227 851 1277 τοῦ
902 1224 1038 1276 Θεοῦ
1070 1223 1244 1292 Λόγου
1294 1226 1597 1293 οἰκονομία,
1631 1226 1723 1277 καὶ

132 1321 385 1388 appr-1:0;
421 1317 687 1381 κένωσις;
726 1318 908 1386 Γάμος
938 1317 994 1367 δὲ
1050 1317 1269 1385 λέγεται
1317 1318 1405 1369 διὰ
1437 1320 1526 1368 τὸν
1586 1316 1723 1387 πρὸς

134 1409 283 1475 ἡμᾶς
316 1408 415 1460 τοῦ
472 1408 606 1461 Θεοῦ
657 1408 844 1471 πόθον,
898 1415 989 1461 καὶ
1047 1410 1137 1464 διὰ
1195 1410 1295 1478 τὴν
1328 1410 1594 1476 ἁρμονίαν
1629 1408 1722 1460 καὶ

135 1500 467 1568 συνάφειαν.
508 1502 733 1563 Δεῖπνος
788 1499 843 1553 δὲ
897 1502 924 1553 6
955 1502 1142 1565 αὐτὸς,
1191 1502 1273 1553 ὅτι
1309 1503 1401 1553 ἐπὶ
1423 1500 1565 1552 τέλει
1615 1498 1722 1551 τῶν

132 1590 353 1641 αἰώνων
377 1590 619 1655 ἐγένετο,
650 1590 841 1660 ῶσπερ
868 1593 895 1642 6
928 1592 1147 1653 δεῖπνος
1169 1592 1262 1642 ἐπὶ
1287 1591 1429 1641 τέλει
1457 1591 1557 1658 τῆς
1587 1588 1724 1658 ἡμέ-

132 1696 233 1747 ρας
267 1677 629 1747 προτίθεται·
669 1698 687 1729 t
729 1682 855 1732 Ὅτε
891 1682 999 1746 γὰρ
1034 1676 1166 1742 ἦλθε
1193 1681 1252 1731 τὸ
1298 1682 1574 1749 πλήρωμα
1626 1676 1721 1729 τοῦ

132 1768 353 1836 χρόνον,
378 1769 547 1836 φησιν
576 1771 604 1820 6
636 1768 978 1834 Ἀπόστολος,
1009 1770 1385 1835 ἐξαπέστειλεν
1429 1772 1456 1820 6
1480 1768 1608 1829 Θεὸς
1631 1768 1721 1820 τὸν

1844 577 2108 645 virginem
2144 586 2350 632 castam
2400 581 2657 636 exhibere
2703 582 2920 639 Christo
2961 586 3028 639 “.
3070 605 3089 637 ι
3138 586 3404 655 Sponsum

1828 682 1963 722 vero
2009 668 2290 724 Dominum
2324 687 2549 740 magnus
2596 676 2759 728 etiam
2815 676 2904 731 ille
2948 693 3123 746 prmo
3171 680 3408 734 Joannes

1830 759 2139 827 appellavit.
2173 762 2263 815 Ait
2288 763 2433 816 enim
2467 779 2480 815 :
2516 781 2533 813 t
2569 763 2667 828 Qui
2702 767 2862 821 habet
2894 783 3146 836 sponsam
3175 787 3408 839 spenstts

1828 862 1955 904 est:
1990 852 2196 905 amicus
2241 865 2420 909 autem
2472 859 2654 923 sponsi
2693 861 2889 927 gaudio
2942 862 3141 929 gaudet
3187 874 3406 929 propter

1831 957 2014 997 vocem
2033 945 2215 1012 sponsi
2232 944 2297 999 ⁸³.
2326 945 2515 1001 tVides
2536 958 2592 1001 ttt
2611 951 2755 1001 t'crhi
2779 949 2868 1005 Dei
2889 955 3191 1005 (Bt‘OllOtllia
3210 962 3262 1006 et
3280 955 3412 1008 inel-

1828 1036 2007 1091 l'abtlis
2026 1038 2321 1093 exinanitto
2343 1040 2450 1109 78
2472 1044 2669 1109 nuptiae
2690 1042 2834 1095 sint?
2855 1043 3061 1113 Nuptiae
3081 1062 3205 1099 vero
3223 1048 3409 1101 thetin-

1829 1138 1916 1183 lur
1942 1139 2162 1199 propter
2190 1131 2281 1185 Dei
2316 1133 2366 1183 in
2393 1148 2487 1184 tms
2510 1149 2749 1187 umorem
2781 1143 2834 1187 et
2865 1137 3320 1203 conjntn-tionem,
3351 1150 3405 1192 et

1827 1222 2283 1290 propinquitatem
2328 1224 2607 1276 nobiscum
2642 1227 2849 1279 initam.
2884 1225 3049 1280 Canta
3097 1245 3254 1296 porro
3302 1247 3407 1285 ea:-

1825 1316 1946 1366 dem
1996 1313 2333 1381 appellantur
2379 1317 2595 1383 ιιιιιιιιαι,
2640 1319 2783 1383 quod
2836 1317 2886 1369 itt
2940 1318 3044 1369 line
3089 1319 3404 1372 stt-culorum

1825 1416 2058 1473 peractae
2102 1417 2251 1469 sunt,
2282 1407 2437 1461 sicuti
2483 1422 2638 1461 canna
2688 1412 2736 1460 in
2784 1410 2889 1463 line
2918 1411 3022 1463 dici
3070 1412 3359 1479 apponitur
3389 1428 3407 1465 :

1832 1515 1853 1549 ι
1896 1496 1996 1553 Ubi
2040 1498 2183 1551 enim
2234 1500 2377 1551 venit
2419 1500 2697 1566 plenitudo
2743 1503 3019 1565 temporis,
3055 1502 3228 1569 impnt
3261 1504 3407 1570 Apo-

1826 1588 2016 1653 stolus,
2052 1592 2197 1645 misit
2228 1591 2366 1644 Deus
2406 1591 2596 1645 Filium
2647 1608 2803 1646 suum
2836 1592 2902 1645 “.
2942 1612 2961 1643 ι
2998 1594 3209 1661 VeSperi
3241 1598 3403 1647 etiam

1827 1682 2108 1752 mysticam
2145 1682 2419 1737 instruens
2465 1697 2677 1737 coenam
2725 1684 3000 1746 Dominus,
3040 1684 3317 1752 disetpulis
3347 1700 3406 1739 se

1826 1771 1973 1827 dedit
1996 1773 2046 1825 in
2070 1774 2246 1825 cibum
2275 1788 2288 1824 :
2313 1782 2364 1827 et
2388 1775 2488 1827 hoc
2516 1788 2609 1840 per
2629 1775 2857 1842 antigma
2890 1774 3173 1830 insinuans
3196 1775 3405 1844 Moyses

132 1859 262 1913 1‘56v
293 1860 492 1914 αὐτοῦ.
526 1879 545 1910 ι
619 1861 708 1913 Ἐν
736 1862 945 1933 ἑσπέρα
967 1864 1024 1916 δὲ
1072 1864 1166 1917 καὶ
1196 1864 1286 1917 τὸν
1316 1862 1578 1932 μυστικὸν
1619 1861 1720 1914 δεῖ·

1828 1866 2058 1935 vesperi,
2087 1876 2141 1919 et
2173 1868 2238 1918 ad
2273 1864 2525 1919 lucernas
2553 1867 2865 1919 manducari
2896 1866 3101 1920 Pascha
3126 1869 3403 1935 praecepit.

134 1970 264 2005 πιιον
301 1952 608 2021 ἑτοιμάσας
632 1957 658 2006 6
688 1955 915 2025 Κύριος,
971 1957 1141 2010 ἐδίδου
1178 1959 1255 2017 είς
1291 1954 1497 2025 βρῶσιν
1532 1954 1720 2007 ἑαυτὸν

132 2047 243 2107 τοῖς
275 2046 581 2114 μαθηταῖς.
619 2049 731 2100 Καὶ
760 2048 919 2102 τοῦτο
969 2050 1215 2118 Μωῦσῆς
1256 2048 1628 2117 αἰνιττόμενος
1660 2051 1718 2101 ἐν

133 2140 364 2208 ἑσπέρᾳ,
402 2139 498 2190 καὶ
526 2141 629 2191 ὑπὸ
654 2140 869 2210 λύχνοις
894 2142 1099 2194 ἐσθίειν
1124 2141 1183 2195 τὸ
1223 2144 1411 2211 Πάσχα
1445 2144 1715 2213 προσέτα-

1824 1957 2043 2027 Vesperi
2090 1959 2233 2011 enim
2281 1960 2465 2022 etiam,
2502 1960 2590 2026 qui
2625 1974 2722 2027 pro
2758 1958 2911 2011 nobis
2945 1961 3251 2013 immolatus
3297 1969 3401 2021 est,

1820 2052 2259 2107 interfectoribus
2294 2054 2405 2107 suis
2454 2063 2537 2107 est
2577 2053 2823 2107 traditus.
2858 2053 3024 2106 Canta
3073 2052 3237 2118 igitur
3270 2066 3403 2105 con-

1820 2154 2075 2212 gruenter
2109 2144 2322 2197 vocatio
2362 2143 2430 2196 ad
2473 2143 2747 2196 Christum
2789 2145 3049 2212 appellata
3082 2151 3188 2197 est.

132 2234 236 2297 ξεν.
283 2233 373 2283 Ἐν
406 2233 622 2303 ἑσπέρᾳ
666 2236 774 2303 γάρ
810 2236 903 2285 καὶ
956 2238 984 2285 ὁ
1016 2237 1156 2306 ὑπὲρ
1212 2237 1368 2305 ἡμῶν
1430 2236 1614 2297 τυθεὶς
1672 2235 1783 2297 τοῖς
1822 2236 2103 2302 φονευταῖς
2160 2233 2499 2303 παρεδίδοτο.
2563 2236 2789 2297 Δεῖπνος
2848 2231 2941 2288 οῦν
2996 2234 3222 2296 εἰκότως
3265 2235 3295 2303 ὴ
3347 2235 3407 2289 ἐν

132 2326 355 2396 Χριστῷ
392 2326 592 2394 κλῆσις
624 2326 965 2397 ὠνόμασται.

212 2422 325 2474 Καὶ
354 2422 651 2475 ἀπέστειλε
676 2423 767 2475 τὶν
798 2423 986 2477 δοῦλον
1016 2424 1183 2478 αὑτοῦ
1214 2429 1278 2495 τῇ
1321 2426 1437 2497 ὥρᾳ
1473 2426 1567 2477 τοῦ
1612 2425 1720 2475 δεί-

137 2531 268 2565 πνου
304 2516 491 2566 εἰπεῖν
544 2517 659 2576 τοῖς
708 2515 1073 2585 κεκλημένοις
1128 2516 1421 2585 ἔρχεσθαι,
1475 2518 1557 2567 ὅτι
1618 2515 1719 2584 ἥδη

138 2606 328 2674 ἕτοιμά
390 2608 511 2658 ἐστι
554 2607 756 2661 πάντα.
795 2627 814 2658 ι
855 2609 1027 2662 Αὐτὸν
1061 2612 1266 2661 ἐκεῖνον
1299 2608 1591 2662 ἀπέστειλε
1630 2606 1721 2658 τὸν

137 2697 491 2765 Πρωτότοκον
526 2699 621 2749 καὶ
650 2700 951 2767 Μονογενῑγ
982 2700 1120 2751 ἀλλὰ
1142 2698 1321 2751 δοῦλον
1352 2699 1565 2750 ἁκούων
1611 2715 1720 2765 μη-

134 2790 219 2840 δέν
239 2806 293 2839 τι
320 2789 503 2860 πάθῃς
546 2790 884 2858 μικρόψυχον
926 2790 1144 2860 γραώδη
1195 2795 1569 2859 σκηπτόμενος
1610 2790 1719 2841 δεί-

136 2897 305 2947 ματα,
328 2879 585 2942 ὲκὸεδιὼς
622 2882 698 2950 μὴ
729 2882 836 2949 ἄρα
860 2899 912 2933 τι
934 2882 1083 2950 πάθῃ
1113 2884 1146 2946 ἡ
1177 2882 1297 2933 θεία
1333 2882 1494 2950 φύσις
1527 2883 1590 2933 ὲκ
1621 2882 1715 2932 τοῦ

133 2972 317 3024 δοῦλον
375 2971 653 3040 κληθῆναι
714 2973 807 3024 τὸν
855 2972 977 3024 καθ’
1014 2974 1162 3041 ἡμᾶς
1199 2974 1393 3024 ἑαυτὸν
1448 2972 1718 3041 σχηματί-

136 3081 322 3127 σαντα,
363 3066 463 3115 καὶ
506 3067 564 3116 ὲν
597 3066 665 3133 τῇ
716 3064 812 3115 τοῦ
848 3063 1039 3115 δούλου
1076 3068 1260 3135 μορφῇ
1298 3068 1394 3133 τὴν
1446 3066 1709 3133 αἰσχύνην

130 3156 226 3225 τὴν
287 3156 574 3224 ἡμετέραν
665 3156 1151 3226 περιϐαλλόμενον.
1208 3157 1533 3209 Δεδούλευκε
1597 3156 1708 3225 γάρ

133 3248 344 3314 άληθῶς
387 3248 477 3297 ἵνα
512 3247 856 3315 ἐλευθερώσῃ
896 3249 1018 3307 τοὺς
1068 3248 1295 3306 ἑαυτοὺς
1332 3247 1409 3315 τῷ
1454 3250 1707 3315 τυράννῳ

131 3338 677 3398 καταδουλώσαντας.
714 3338 899 3398 Οὕτως
932 3333 1024 3389 οῦν
1057 3337 1305 3399 ἅπαντας
1337 3341 1414 3399 εἰς
1449 3338 1540 3388 τὸν
1583 3355 1706 3407 νοη-

128 3433 211 3479 τίν
256 3429 452 3480 τοῦτον
501 3429 715 3481 δεῖπνον
767 3429 941 3489 καλεῖ,
983 3431 1079 3482 καὶ
1136 3428 1235 3498 βοᾷ
1282 3431 1704 3494 κατασαλπίζων

130 3530 219 3581 τας
250 3522 450 3583 ἀκοάς·
493 3539 512 3571 ι
557 3522 724 3574 Δεῦτε
756 3522 895 3592 πρός
936 3539 1029 3591 με,
1062 3524 1266 3584 πάντες
1295 3526 1347 3573 οἱ
1382 3522 1702 3587 κοπιῶντες,

129 3616 216 3664 καὶ
248 3616 699 3682 πεφορτισμένοι,
729 3614 882 3680 κάγὼ
905 3614 1208 3667 ἀναπαύσω
1234 3615 1401 3683 ὑμᾶς.
1433 3614 1704 3683 »Ἕτοιμα

128 3702 178 3752 δὲ
204 3700 343 3754 εἶναι
378 3704 561 3755 πάντα
591 3704 777 3772 φησίν·
813 3705 1126 3773 έξήπλωται
1183 3706 1240 3757 δὲ
1269 3707 1437 3757 πᾶσιν
1472 3706 1703 3773 ἑτοίμως

130 3794 181 3843 τὸ
221 3797 497 3863 κήρυγμα
538 3794 827 3863 ἐτοιμάζον
868 3797 981 3859 τοῖς
1020 3796 1382 3865 κεκλημένοις
1415 3798 1701 3865 ἁμαρτιῶν

127 3885 402 3947 ἀπόθεσιν,
438 3885 748 3954 Πνεύματος
776 3887 935 3952 ἁγίου
969 3887 1208 3955 μέθεξιν,
1247 3887 1517 3950 υἱοθεσίας
1563 3888 1703 3957 λαμ-

128 3978 390 4045 πρότητα,
422 3977 669 4046 οὐρανῶν
706 3976 985 4045 βασιλείας
1010 3979 1336 4032 ἀπόλαυσιν.
1383 3980 1525 4033 Ἀλλ’
1554 3984 1601 4033 oi
1631 3983 1697 4051 τῇ

126 4070 302 4137 ἀπάτη
324 4070 681 4137 ἐνισχυμένοι
705 4068 957 4139 καθάπερ
983 4070 1098 4139 ίξῴ,
1127 4073 1269 4139 σφᾶς
1297 4073 1499 4135 αὐτοὺς
1567 4074 1705 4126 άπο-

130 4162 439 4225 ττεροῦντες
459 4161 559 4228 τῆς
576 4160 685 4211 τῶν
714 4161 936 4225 ἀγαθῶν
969 4162 1200 4231 μετοχῆς
1230 4164 1575 4235 ἁπηνῄναντο
1601 4166 1700 4233 τὴν

124 4256 209 4301 τσο
239 4252 389 4304 θεζου
416 4252 636 4303 δείπνου
665 4252 989 4305 ἀπόλαυσιν.

195 4361 213 4394 ι
272 4342 550 4410 Ἤρξαντο
570 4342 697 4414 γὰρ,
739 4345 1060 4414 φησ“ιν,άπὸ
1112 4349 1241 4416 μιᾶς
1313 4350 1696 4418 παραιτεῖσθαι

130 4436 337 4495 πάντες.
403 4433 469 4485 ’0
498 4434 711 4503 πρῶτος
743 4430 916 4486 εἶπεν·
958 4437 1150 4506 Ἀγρὸν
1173 4438 1445 4507 ἠγόρασα,
1471 4444 1564 4492 καὶ
1587 4440 1696 4511 ἔχω

126 4530 363 4596 ἀνάγκην
388 4528 647 4592 ἐξελθεῖν,
682 4529 776 4579 καὶ
814 4529 941 4582 ἰδεῖν
972 4531 1157 4594 αὑτὸν,
1191 4534 1378 4600 ἐρωτῶ
1401 4551 1482 4597 σε,
1517 4535 1606 4605 ἔχε
1627 4554 1696 4606 με

126 4621 525 4691 παρῃτημένον.
558 4623 667 4674 Καὶ
696 4622 879 4689 ἕτερος
917 4618 1058 4674 εἴπεο
1082 4624 1260 4695 Ζεύγη
1292 4625 1428 4693 βοῶν
1457 4626 1703 4697 ἠγόρασα

128 4715 299 4775 πέντε,
324 4714 421 4763 καὶ
441 4712 749 4781 πορεύομαι
782 4714 1075 4782 δοκιμάσαι
1096 4716 1255 4781 αὐτὰ,
1281 4718 1470 4786 ἐρωτῶ
1496 4735 1577 4782 σε,
1609 4720 1700 4789 ἔχε

128 4821 184 4871 με
206 4805 621 4876 παρῃτημένον.
642 4806 750 4858 Καὶ
767 4806 951 4876 ἕτερος
968 4802 1110 4859 εἷπε⁴
1128 4809 1583 4880 Γυναῖκαέγημα,
1605 4813 1698 4865 καὶ

124 4898 175 4944 οὐ
200 4897 443 4965 δύναμαι
476 4897 675 4950 ἐλθεῖν.
708 4916 727 4949 t
754 4898 913 4968 Τρεῖς
943 4901 1083 4952 εἰσιν
1112 4900 1161 4952 ot
1186 4901 1278 4955 τὸν
1297 4904 1474 4971 γάμον
1499 4920 1697 4974 παραι-

125 4989 438 5057 τησάμενοι*
470 4994 499 5042 6
527 4992 620 5044 τὸν
650 4993 821 5063 ἀγρὸν
850 4993 1163 5063 ἠγορακὼς,
1213 4997 1307 5050 καὶ
1343 5000 1373 5051 ὁ
1407 4998 1473 5051 τὰ
1523 5000 1694 5070 ζεύγη

125 5081 223 5133 τῶν
252 5081 396 5151 βοῶν
426 5083 804 5156 ὠνησάμενος,
835 5088 930 5140 καὶ
955 5089 982 5140 6
1012 5089 1077 5159 τῇ
1105 5090 1327 5157 γυναικὶ
1351 5091 1689 5163 συζευχθείς.

218 5220 264 5251 δ’
296 5219 341 5273 ll
370 5221 500 5276 Cor.
534 5237 611 5288 xi,
641 5224 693 5278 2.
773 5223 819 5256 ⁸³
846 5225 1003 5282 Joan.
1037 5244 1115 5294 ιιι,
1149 5230 1203 5285 9.
1278 5232 1326 5264 “
1350 5232 1528 5289 Galat.
1565 5252 1635 5304 tv,
1667 5238 1720 5293 4.

1897 2441 1913 2473 ι
1957 2424 2021 2475 Et
2058 2423 2204 2474 misit
2240 2422 2369 2474 hora
2403 2436 2572 2475 ciente
2606 2436 2821 2475 servum
2851 2437 3005 2474 suum
3043 2422 3224 2474 dicere
3264 2420 3401 2473 invi'

1824 2514 1969 2575 tatis,
1999 2524 2057 2566 ut
2089 2513 2353 2573 venirent,
2384 2514 2508 2581 quia
2552 2512 2662 2581 jam
2712 2524 2897 2582 parata
2950 2522 3074 2564 sunt
3123 2512 3325 2564 omnia.
3376 2530 3397 2562 ι

1820 2606 1970 2659 Illum
2020 2608 2191 2673 ipsum
2256 2602 2680 2673 Primogenitntn
2728 2614 2783 2656 et
2832 2602 3175 2669 Unigenitnm
3222 2602 3402 2665 misit;

1819 2700 1908 2753 sed
1935 2713 2149 2752 servum
2184 2712 2305 2751 cum
2340 2697 2512 2757 audis,
2550 2712 2615 2747 ne
2642 2694 2835 2762 pusillo
2868 2694 3048 2747 animo
3079 2702 3399 2747 consterne-

1818 2793 1916 2854 ris,
1952 2789 2112 2842 anilia
2149 2787 2392 2856 qumdam
2440 2790 2642 2854 [ingens
2678 2785 2770 2839 tibi
2827 2784 3295 2849 terriculamenta,
3332 2799 3397 2837 ac

1818 2882 2116 2935 formidans
2150 2895 2217 2933 ne
2248 2879 2376 2946 quid
2422 2879 2547 2931 mali
2597 2878 2778 2931 divina
2829 2888 3022 2931 natura
3062 2880 3301 2947 patiatur
3329 2892 3397 2931 ex

1814 2989 1880 3025 eo
1927 2973 2067 3041 quod
2113 2985 2304 3023 servus
2347 2978 2571 3022 vocetur
2622 2967 2762 3038 (25),
2798 2971 2888 3037 qni
2940 2969 3180 3022 habitum
3218 2968 3395 3022 induit

1816 3074 2080 3129 nostrum,
2112 3072 2167 3117 et
2194 3063 2247 3114 in
2278 3060 2448 3113 forma
2484 3060 2624 3113 servi
2658 3068 2901 3112 nostrum
2934 3059 3033 3113 sibi
3060 3058 3396 3125 circutnjecit

1816 3154 2186 3222 cpprobrinm.
2219 3152 2445 3205 Servum
2472 3151 2615 3202 enim
2642 3166 2765 3203 vere
2797 3165 2856 3203 se
2886 3148 3031 3213 fecit,
3062 3160 3121 3202 ut
3150 3150 3200 3202 in
3228 3149 3393 3202 liber-

1815 3256 1977 3299 tatem
2010 3253 2278 3297 assereret
2307 3257 2423 3304 eos,
2459 3243 2550 3310 qui
2600 3257 2657 3294 se
2708 3251 2937 3310 tyranno
2985 3242 3036 3294 itt
3074 3242 3391 3295 servitutem

1813 3339 2150 3389 addixeram.
2187 3334 2278 3388 Sic
2328 3335 2489 3401 igitur
2533 3348 2723 3387 omnes
2777 3334 2843 3386 ad
2882 3334 3215 3402 Spiritnalem
3252 3334 3391 3386 hanc

1810 3444 2020 3482 comam
2053 3438 2231 3490 vocat,
2260 3438 2312 3480 et
2335 3427 2489 3495 quasi
2519 3429 2641 3479 tuba
2672 3425 2872 3480 feriens
2899 3441 3055 3479 aures
3083 3443 3095 3478 :
3129 3444 3146 3475 ι
3180 3423 3387 3489 Venite,

1810 3521 2004 3588 inquit,
2031 3520 2095 3570 ad
2134 3534 2217 3571 me
2240 3532 2453 3581 omnes,
2502 3519 2592 3587 qni
2628 3517 2884 3571 laboratis
2916 3527 2969 3571 et
2999 3519 3203 3570 onerati
3237 3518 3388 3575 estis.

1807 3620 1861 3665 et
1885 3626 1982 3676 ego
2008 3610 2242 3663 reﬁciam
2265 3626 2358 3662 vos
2377 3611 2443 3660 ”.
2468 3629 2486 3661 ι
2507 3640 2566 3649 --
2593 3629 2610 3661 t
2637 3611 2828 3664 Parata
2851 3627 2978 3665 vero
2995 3613 3174 3665 omnia
3222 3630 3239 3661 ι
3262 3613 3391 3665 dicit

1806 3716 1958 3765 esse;
1998 3702 2260 3768 explicata
2294 3703 2436 3755 enim
2471 3712 2524 3755 et
2570 3712 2757 3771 parata
2799 3712 2883 3757 cst
2914 3704 3163 3757 onmibus
3210 3703 3387 3756 Evam-

1805 3792 1928 3859 gelii
1958 3792 2294 3859 pratdicatio,
2327 3793 2378 3845 in
2417 3801 2665 3860 promptu
2701 3806 2822 3847 esse
2854 3794 3112 3846 nuntians
3140 3803 3390 3861 peccato-

1805 3897 1924 3935 rum
1973 3883 2392 3949 depositionem,
2433 3884 2865 3937 communionem
2916 3888 3092 3938 saneti
3128 3885 3385 3951 Spiritus,

1805 3973 2141 4028 nobilitatem
2174 3973 2479 4042 adoptionis
2512 3975 2765 4037 liliorum,
2799 3974 3035 4029 cmlestis
3069 3975 3213 4044 regni
3252 3974 3387 4027 frui-

1804 4085 2028 4139 tionem.
2085 4086 2191 4139 Sed
2240 4087 2331 4154 qui
2386 4085 2669 4141 fallacibus
2724 4090 2883 4142 rebus
2933 4100 3186 4156 tanquam
3244 4091 3386 4143 risco

1804 4176 2170 4241 inhaerebant,
2226 4190 2284 4229 se
2338 4177 2483 4244 ipsos
2540 4181 2730 4230 horum
2785 4180 3046 4233 bonorum
3105 4184 3383 4236 consortio

1804 4268 2076 4332 privantes
2107 4266 2301 4320 divina:
2342 4281 2511 4321 ciente
2547 4268 2766 4323 delicias
2796 4272 3165 4338 repudiarunt.

1876 4374 2379 4443 «Cmperuntenim,
2413 4376 2604 4443 inquit,
2635 4377 2699 4429 ad
2732 4393 2893 4430 ttntnn
2921 4394 3106 4433 onmes
3133 4396 3190 4434 se
3220 4396 3383 4435 exet.-

1728 4486 1771 4541 ο
1800 4480 1941 4521 sare.
1982 4464 2195 4519 Primus
2224 4466 2363 4519 dixit
2397 4482 2409 4519 :
2438 4469 2639 4534 Agrum
2690 4470 2817 4532 emi,
2863 4478 2917 4521 et
2949 4486 3169 4525 necesse
3206 4473 3378 4527 habeo

1803 4559 1973 4625 exire,
2010 4568 2063 4611 et
2113 4558 2294 4611 videre
2340 4558 2487 4610 illum
2540 4576 2553 4612 :
2587 4574 2716 4629 rogo
2748 4569 2820 4625 te,
2859 4562 2993 4615 habe
3029 4579 3115 4617 me
3147 4580 3376 4620 excusa-

1811 4658 1943 4701 tum.
1980 4650 2046 4703 Et
2073 4649 2210 4702 alius
2236 4650 2371 4703 dixit
2404 4668 2418 4704 :
2448 4648 2579 4721 Juga
2610 4652 2769 4706 boum
2804 4654 2907 4707 emi
2940 4656 3201 4726 quinque,
3230 4671 3281 4713 et
3314 4677 3379 4713 eo

1799 4741 2028 4808 probare
2060 4740 2176 4803 illa;
2222 4755 2351 4809 rogo
2386 4750 2459 4805 te,
2498 4740 2633 4797 habe
2665 4760 2749 4797 tne
2777 4756 3113 4801 excusatmn.
3142 4748 3209 4802 Et
3238 4750 3376 4805 alius

1798 4828 1974 4883 dixit:
2015 4829 2244 4884 Uxorem
2272 4830 2418 4891 duxi,
2455 4838 2510 4884 et
2545 4831 2664 4885 ideo
2703 4848 2812 4887 non
2856 4851 3071 4904 possunt
3106 4841 3306 4893 venire.
3347 4860 3365 4891 ι

1795 4918 1931 4972 Tres
1956 4927 2082 4972 sunt
2113 4921 2200 4985 qui
2236 4920 2454 4987 nuptias
2489 4921 2871 4988 repudiarunt:
2908 4926 3000 4993 qui
3032 4939 3239 4992 agrum,
3277 4931 3369 4996 qui

1789 5006 1915 5078 iuga
1950 5009 2112 5063 boum
2151 5018 2377 5073 emerat,
2429 5020 2485 5065 et
2532 5012 2623 5081 qui
2672 5028 2730 5067 se
2781 5016 2934 5068 uxori
2987 5018 3365 5086 conjunxerat.

1797 5101 1965 5154 Datur
1996 5101 2154 5171 igitur
2186 5115 2281 5169 per
2311 5102 2423 5157 inec
2463 5102 2785 5173 intelligere,
2822 5113 2933 5162 tres
2968 5107 3245 5163 hominum
3278 5126 3366 5165 or-

1798 5237 1843 5272 "
1879 5237 2071 5293 Matth.
2108 5255 2183 5305 ιιι,
2221 5240 2312 5295 38.

1344 5350 1663 5413 Francisci
1697 5354 1907 5415 Scorsi
1944 5362 2129 5416 notaa.

187 5438 489 5511 (Ξῦλριιοά
508 5456 694 5511 servus
716 5453 942 5499 vocetur.
977 5443 1227 5501 Cltristus
1249 5448 1407 5503 homo
1425 5462 1476 5503 et
1497 5467 1686 5505 servus

124 5509 479 5565 est’et‘Ftlius.
496 5510 699 5568 Servus
721 5520 1018 5568 secundum
1046 5516 1336 5572 humanam
1359 5533 1610 5575 naturam
1632 5524 1684 5576 in

124 5595 173 5634 se
201 5584 339 5635 nude
373 5595 673 5655 spectatam
705 5600 719 5648 ;
759 5584 946 5650 Filius,
976 5597 1241 5655 quatenus
1272 5594 1457 5644 eadem
1494 5604 1685 5647 natura

128 5669 169 5719 in
209 5653 476 5719 hypostasi
544 5652 664 5706 Filii
724 5652 1010 5712 subsistit}
1042 5674 1154 5710 vere
1172 5661 1415 5713 cnim/tit:
1438 5661 1590 5715 homo
1613 5672 1687 5716 est

126 5716 288 5801 ξςιιέᾱέ
304 5721 425 5775 Dei.
477 5721 761 5777 Cornelius
798 5726 849 5779 in
887 5742 1088 5801 captu
1116 5728 1306 5801 _Epist.
1335 5731 1681 5801 ad'i'llilippi.

128 5790 229 5853 Quo
280 5807 405 5848 rere
467 5808 627 5847 sensu
687 5807 908 5864 negetur
937 5790 968 5851 ti
1003 5798 1059 5851 S.
1107 5790 1313 5855 Joanne
1346 5816 1463 5871 cap.
1501 5790 1691 5868 ιιιῖ,ἰιι

1786 5455 2068 5524 aliquoties
2108 5476 2136 5510 ει
2178 5456 2276 5513 SS.
2315 5458 2584 5528 Patribus,
2619 5461 2892 5519 Christum
2948 5482 3069 5522 esse
3117 5484 3357 5522 servum.

1786 5529 2013 5609 explicat
2038 5529 2231 5609 ibidem
2265 5531 2552 5609 Cornelius
2574 5548 2778 5590 noster.
2836 5538 2933 5589 lltc
2973 5541 3145 5606 primo
3189 5542 3361 5607 expii'

1786 5608 1909 5650 cato
1963 5612 2123 5651 sensu
2188 5604 2623 5676 interpretandus
2664 5618 2764 5668 est,
2820 5621 2873 5659 ut
2936 5604 3360 5676 ipseetiatn'di‘

1788 5679 1931 5791 Ellum
1979 5683 2133 5722 suum
2192 5672 2579 5740 interpretatur
2624 5689 2688 5730 ex
2745 5679 2854 5744 jam
2903 5672 3069 5732 cii-ato
3122 5680 3241 5733 loco
3289 5689 3357 5734 ad

1850 5754 1887 5791 ιι
1915 5753 2021 5791 mn.
2050 5753 2110 5791 ιι.

1850 5753 2021 5807 nnpp.
2050 5753 2110 5793 ιι.
