4208 6438
196 379 291 442 36]

1574 360 1897 422 HOMILIA
1936 357 2069 419 XVI

3336 357 3440 421 362

200 512 221 542 τ
259 491 404 544 Ὀσα
431 484 687 556 ηὐξάμην
719 476 986 534 ἀποδώσω
1018 492 1100 529 σοι
1126 493 1137 506 ·
1178 492 1195 525 ι
1248 474 1341 528 καὶ
1388 475 1516 544 περὶ
1555 470 1769 541 Ἰεφθάε
1801 522 1807 534 Α

1923 469 2024 523 uod
2092 466 2372 537 fugitivum
2446 463 2767 535 Pmphetam
2813 464 3094 517 audiamus
3168 462 3430 518 dicentem

200 583 462 640 θῦσαντος
495 577 593 645 τὴν
618 574 808 636 παῖδα,
838 569 1056 643 φησὶνή
1090 567 1301 638 Γραφὴ,
1329 567 1405 631 ὡς
1437 564 1652 619 ἐτέλεσε
1675 562 1771 635 τὴν

1879 559 2030 614 Deo:
2068 575 2085 608 ι
2118 556 2461 623 Quaecunque
2510 555 2653 619 vovi,
2681 552 2901 607 reddam
2956 552 3051 606 tibi
3083 552 3148 616 ⁷⁸,
3198 571 3215 603 ι
3272 562 3325 607 et
3373 557 3436 609 de

198 671 368 740 εὐχὴν
390 643 583 721 aurati.
656 662 820 716 Ἀλλά
858 662 913 714 τί
948 659 1086 729 πρὸς
1140 658 1407 726 ἀλλήλους
1462 653 1773 716 ἀπειδόντες

1923 651 2071 716 aphte
2124 644 2464 702 sacriﬁcante
2508 647 2669 700 ﬁliam
2738 659 2909 699 sacrae
2974 643 3190 697 Littera:
3262 646 3439 721 dicunt

390 753 775 811 συνεστείλατε
802 751 900 811 τάς
929 747 1135 819 όφρῦς;
1165 745 1354 816 Οἶμαι,
1385 744 1484 815 τὴν
1528 743 1770 814 ἱστορίαν

1923 740 2096 804 icisse,
2127 740 2263 792 sicut
2299 746 2519 792 voverat
2549 738 2614 790 ⁷⁷.
2646 738 2750 791 Sed
2816 734 2944 805 quid
2971 738 3104 789 alter
3131 738 3191 787 ad
3221 736 3445 789 alterum

199 853 417 904 ἐοίκατε
447 846 669 917 ἀγνοεῖν
691 862 702 875 ·
733 843 851 898 ἀλλ’
872 842 922 894 εί
976 838 1071 894 καὶ
1122 837 1399 908 πάρεργος
1430 839 1462 907 ή
1494 836 1775 905 ἀφήγησις

197 942 333 1012 πρὸς
364 940 469 1009 τὴν
497 930 873 1007 προκειμένην
901 930 1181 996 ὑπόθεσιν,
1210 928 1360 996 ὅμως
1397 924 1674 996 ἐπιτεμὼν
1702 923 1779 993 τῷ

196 1033 339 1102 λόγῳ
364 1030 435 1084 τά
474 1029 701 1082 πλείονα
723 1022 1087 1095 ἐπιτροχάδην
1134 1019 1338 1091 ταύτην
1368 1019 1503 1090 ὑμῖν
1525 1017 1780 1087 διηγήσο-

196 1140 315 1189 μαι.

275 1298 490 1367 Ἰεφθάε
522 1293 591 1367 ἧν
637 1292 979 1362 Γαλααδίτης
1011 1290 1175 1360 ἀνὴρ,
1223 1287 1547 1357 ἀποτεχθεὶς
1594 1284 1695 1356 μέν
1724 1284 1785 1350 ἐξ

198 1391 472 1459 ἐταιρίδος
502 1387 734 1458 μητρὸς,
771 1382 1004 1453 εὐσεϐὴς
1042 1381 1100 1434 δέ
1136 1380 1231 1433 καὶ
1263 1378 1434 1441 πολὺς
1463 1375 1563 1446 τὴν
1591 1374 1781 1447 .ίσχύν.

197 1480 367 1546 Οὗτος
400 1482 601 1554 κριτὴς
634 1477 879 1547 κατέστη
932 1473 1135 1536 παντὸς
1161 1472 1259 1525 τοῦ
1293 1471 1427 1527 λαοῦ
1450 1484 1462 1500 ·
1524 1485 1785 1541 κατετρο-

199 1577 367 1629 mito
392 1577 452 1627 δὲ
482 1573 605 1625 τότε
628 1571 719 1624 τὸν
746 1567 969 1640 Ἰσραὴλ
1013 1562 1242 1637 ’Δμμὼν
1269 1565 1297 1617 ό
1326 1563 1625 1633 ἀλλόφυλος
1652 1578 1665 1592 ·
1693 1558 1790 1613 καὶ

196 1670 261 1722 τὰ
292 1668 394 1737 μὲν
421 1666 532 1718 τῶν
562 1663 835 1734 Ἐϐραίων
859 1656 930 1732 ἦν
961 1660 1019 1713 ἐν
1056 1656 1229 1728 στενῷ
1280 1655 1477 1727 κομιδῇ
1508 1671 1523 1686 ο
1552 1654 1580 1707 6
1604 1652 1663 1706 δέ
1692 1651 1786 1706 ἀλ-

1882 846 1984 889 ora
2011 832 2343 893 obvertistis,
2370 838 2424 884 et
2459 831 2746 898 supercilia
2793 829 3181 882 contraxistis?
3243 828 3418 897 signiﬁ

1882 926 2039 990 catis,
2077 933 2135 977 ut
2171 924 2428 988 arbitror,
2464 922 2742 978 historiam
2786 907 3073 992 ignorare;
3116 921 3207 973 sed
3260 936 3450 986 quam-

1885 1018 1967 1072 vis
1992 1016 2112 1084 ejus
2143 1017 2381 1071 narratio
2415 1032 2520 1069 non
2549 1015 2816 1085 pertineat
2854 1016 2917 1067 a-l
2972 1014 3304 1083 prnpnsitnm
3367 1028 3453 1064 ar-

1883 1117 2216 1179 gumentum,
2283 1118 2461 1162 tamen
2538 1106 2920 1173 compendium
2984 1106 3162 1159 verbis
3230 1104 3453 1168 faciens,

1885 1202 2089 1257 cursim
2120 1214 2239 1255 eam
2261 1199 2414 1252 vobis
2450 1214 2737 1269 exponam.

1956 1293 2150 1365 Jephte
2172 1294 2252 1347 vir
2279 1290 2585 1347 Galaadites
2621 1292 2719 1344 fuit
2759 1298 2855 1345 :ct
2897 1304 3200 1359 quanquam
3241 1307 3303 1345 ex
3348 1306 3458 1345 ma-

1891 1396 1972 1441 tre
2004 1386 2288 1439 meretrice
2316 1395 2493 1451 natus,
2538 1383 2731 1451 pietate
2794 1393 2973 1438 tamen
3030 1393 3083 1436 et
3142 1384 3457 1437 fortitudine

1888 1474 2198 1548 prmstabat.
2226 1473 2506 1545 Hicjudex
2538 1475 2628 1528 toti
2661 1474 2858 1544 populo
2892 1483 3139 1545 praeerat.
3180 1474 3347 1530 Porro
3367 1490 3461 1543 per

1893 1568 1945 1623 id
1971 1578 2179 1637 tempus
2209 1566 2441 1621 Ammon
2468 1567 2777 1636 alienigena
2819 1569 3108 1637 subegerat
3161 1565 3415 1621 lsraelctn
3444 1582 3457 1619 :

1894 1667 2054 1730 atque
2089 1644 2141 1713 in
2171 1674 2395 1729 magnas
2417 1660 2694 1727 angustias
2726 1658 2955 1712 deducta
2986 1674 3072 1712 res
3108 1659 3459 1712 Hebraeorum

197 1758 429 1827 λόφυλος
457 1754 623 1825 ᾔρετο
652 1755 719 1823 τῇ
754 1751 903 1823 νίκῃ,
941 1749 1035 1803 καὶ
1084 1748 1402 1817 ὺπέροφρυς
1434 1742 1525 1816 ἦν.
1572 1745 1630 1799 '0
1657 1742 1788 1813 γοῦν

1923 1758 2031 1804 rat.
2063 1748 2374 1818 Alienigena
2402 1763 2528 1802 vero
2566 1748 2653 1801 ille
2676 1748 2897 1802 victoria
2950 1747 3123 1803 elatus
3171 1749 3465 1803 insolesecv

209 1816 426 1918 Ἰεφθάε
463 1816 719 1915 στρατὸν*
743 1816 1077 1911 συναγείρας
1134 1816 1313 1907 ἁδρὸν
1344 1836 1787 1905 καταστρατηγεῖ

1923 1848 2004 1895 αι.
2046 1839 2238 1911 Jepltte
2287 1841 2449 1911 igitur
2482 1854 2707 1909 magnas
2764 1842 2945 1909 c0pias
3002 1854 3223 1895 coaetas
3277 1853 3461 1894 contra

198 1942 288 1994 τὸν
316 1938 618 1993 ἀντίπαλον
639 1953 653 1967 ο
688 1934 829 1989 ἀλλά
858 1933 998 2003 πρὸς
1027 1931 1128 2001 τὴν
1159 1928 1466 2001 παράταξιν
1514 1928 1671 1995 ἐξιὼν
1701 1931 1791 1981 εὑ·

200 2033 302 2103 χὴν
328 2030 541 2101 ηὕξατο
568 2029 649 2096 τῷ
692 2026 837 2098 Θεῷ,
870 2025 931 2079 οὐ
963 2024 1105 2079 πάνυ
1145 2023 1237 2076 τὸν
1266 2022 1426 2091 λόγον
1456 2020 1794 2092 περισκεψά-

209 2140 394 2193 μενος,
428 2121 529 2186 ὡς,
561 2120 611 2171 εί
643 2118 855 2186 γένοιτο
904 2115 1013 2169 τῶν
1060 2113 1273 2185 ἐχθρῶν
1300 2112 1597 2183 ἐγκρατὴς,
1633 2112 1690 2163 ἐν
1714 2111 1793 2181 τῷ

206 2212 583 2281 ὐπονοστῆσαι
611 2211 719 2264 ἀπὸ
749 2209 846 2261 τοῦ
908 2206 1152 2278 πολέμου
1187 2204 1281 2259 τὸν
1316 2203 1586 2275 πρότερον
1645 2202 1794 2269 ἐξελ-

206 2306 367 2359 θόντα
391 2306 490 2375 τῆς
518 2304 719 2366 οἰκίας,
748 2303 846 2356 καὶ
878 2302 1292 2370 συναντήσαντα
1319 2296 1694 2350 ὁλοκαυτῶσαι
1715 2294 1793 2367 τῷ

206 2400 307 2467 τῆς
333 2398 491 2465 νίκης
518 2396 680 2466 αἰτίῳ
719 2394 861 2464 Θεῷ.
896 2392 1163 2446 Ἦττάται
1202 2386 1295 2444 οὖν
1320 2390 1348 2442 ὁ
1387 2388 1635 2460 ’Δμμὼν,
1663 2405 1796 2459 κρα-

205 2495 292 2544 τεῖ
318 2494 347 2545 ό
390 2491 631 2561 Ἰσραὴλ,
665 2489 761 2541 καὶ
782 2491 909 2548 τοὺς
935 2484 1272 2555 ἀλλοφύλους
1302 2482 1579 2545 διοδεύσας
1613 2479 1800 2549 ληῖζε-

205 2600 319 2646 ται,
353 2584 450 2637 καὶ
486 2584 514 2636 ὁ
541 2580 850 2652 στρατηγὸς
878 2577 1129 2631 ἐπάνεισι
1167 2577 1235 2647 τῇ
1273 2575 1401 2645 νίκῃ
1438 2575 1531 2627 καὶ
1571 2573 1683 2636 τοῖς
1705 2570 1800 2626 λα-

208 2678 409 2746 φύροις
446 2715 463 2738 ,
522 2675 599 2738 ὡς
663 2672 830 2735 εἰκὸς,
869 2669 1362 2740 λαμπρυνάμενος.
1422 2666 1594 2734 Καλή
1645 2664 1799 2730 πόλις

205 2764 673 2837 εὐαγγελισθείσα
690 2764 746 2816 τὸ
761 2762 1024 2831 τρόπαιον
1046 2760 1275 2829 διεχεῖτο
1298 2759 1447 2811 πᾶσα
1468 2756 1606 2824 πρὸς
1628 2754 1802 2809 ἀπαν-

208 2860 333 2928 τὴν,
370 2858 515 2928 μετὰ
548 2854 752 2925 χορῶν,
784 2852 879 2905 καὶ
904 2850 1205 2921 τυμπάνων
1243 2848 1334 2901 τὸν
1364 2846 1675 2918 στρατηγὸν
1707 2848 1801 2899 ἐκ·

211 2946 537 3009 θειάζουσα.
561 2942 635 2996 Τὸ
669 2941 713 2994 δ’
752 2938 1006 2992 ἐντεῦθεν
1047 2938 1161 3009 ἔχει
1209 2954 1268 2990 τι
1304 2936 1629 3005 σκυθρωπὸν
1662 2937 1697 3006 ὴ
1720 2935 1803 2989 δι-

210 3040 434 3108 ἡγησις.
482 3034 793 3101 Θυγάτριον
852 3026 921 3100 ἦν
978 3030 1059 3099 τῷ
1124 3028 1338 3098 Ἰεφθάε
1375 3028 1685 3098 μονογενὲς,
1712 3029 1807 3083 καὶ

1895 1932 2110 1989 hostem
2140 1934 2306 1993 ducit.
2346 1948 2405 1985 ac
2448 1947 2765 2002 progressus
2792 1932 2844 1985 in
2881 1935 3049 1986 aciem
3086 1943 3268 1985 votum
3322 1936 3465 1986 vovit

1896 2023 2027 2087 Deo,
2068 2038 2171 2077 non
2197 2024 2327 2076 satis
2360 2025 2519 2075 verba
2549 2022 2900 2077 considerans
2926 2022 3062 2093 (71),
3120 2024 3165 2077 si
3231 2025 3464 2077 hostium

1898 2120 2183 2187 potiretur,
2224 2117 2535 2186 quicunque
2579 2120 2787 2187 primus
2842 2132 3093 2185 egressus
3149 2117 3307 2172 domo
3366 2119 3465 2171 sibi

1898 2230 1927 2270 e
1955 2214 2095 2270 bello
2129 2224 2423 2269 revertenti
2451 2215 2766 2283 procederet
2791 2214 3027 2281 obviam,
3060 2230 3183 2271 eum
3229 2214 3471 2269 victoria:

1900 2306 2110 2360 auctori
2137 2306 2244 2360 Deo
2277 2306 2330 2359 in
2361 2304 2737 2360 holocaustum
2767 2320 2793 2358 a
2827 2319 2885 2360 se
2930 2304 3289 2360 offerendum.
3346 2303 3470 2360 Vin-

1901 2398 2038 2451 citur
2070 2411 2198 2467 ergo
2224 2399 2474 2463 Ammon,
2530 2404 2691 2465 atque
2730 2394 2899 2451 Israel
2944 2405 3166 2451 strenue
3213 2412 3325 2451 rcm
3385 2412 3475 2465 ge—

1900 2503 2047 2553 rens,
2072 2504 2135 2544 ac
2156 2502 2490 2560 persequens
2518 2487 2725 2558 praedas
2751 2492 2858 2558 agit
2887 2506 2899 2542 :
2943 2496 2995 2542 et
3020 2489 3124 2542 dux
3168 2488 3394 2543 victoria
3424 2502 3475 2543 et

1903 2580 2113 2651 Spoliis,
2142 2588 2199 2635 ut
2236 2596 2334 2651 par
2363 2591 2503 2644 erat,
2530 2580 2857 2649 conspicuus
2890 2580 3049 2635 redit.
3084 2584 3160 2635 Ac
3198 2581 3385 2635 civitas
3413 2582 3477 2635 de

1902 2677 2178 2747 triumpho
2215 2678 2412 2732 certior
2449 2676 2587 2731 facta
2614 2672 2781 2730 eﬂ‘usa
2803 2683 2887 2728 est
2937 2676 3114 2728 omnis
3183 2674 3233 2727 in
3285 2688 3478 2729 occur-

1911 2783 2053 2833 sum,
2081 2768 2263 2823 choris
2312 2781 2377 2823 ac
2433 2766 2702 2838 tympanis
2751 2765 2941 2821 ducem
2993 2767 3059 2819 ad
3128 2764 3320 2820 cmlum
3374 2765 3481 2819 tol-

1911 2860 2054 2915 lens.
2119 2860 2390 2926 Caeterum
2455 2859 2661 2929 reliqua
2715 2858 2956 2912 narratio
3025 2858 3266 2912 continet
3329 2858 3481 2912 triste

1909 2952 2161 3021 quiddam
2199 2951 2465 3009 :ﬁliolam
2493 2949 2688 3021 Iephte
2726 2950 2966 3015 unicam,
3020 2958 3076 3005 et
3132 2947 3314 3019 specie
3351 2949 3484 3003 insi-

1907 3055 2093 3112 gnem,
2120 3056 2185 3097 ac
2215 3042 2418 3113 nuptiis
2441 3040 2551 3111 jam
2584 3050 2852 3095 maturam
2879 3040 3132 3095 habebat.
3160 3040 3215 3095 ln
3240 3041 3351 3112 ipsa
3374 3056 3483 3095 una

215 3128 361 3195 μάλα
390 3124 589 3187 καλὸν,
619 3123 723 3191 ἠδη
754 3120 852 3173 τοῦ
873 3121 1053 3190 γάμου
1071 3119 1168 3189 τὴν
1185 3118 1335 3190 ῶραν
1356 3119 1500 3189 ἕχον.
1531 3116 1801 3191 Ἐπ⁹αὐτῇ

1923 3148 2035 3203 spes
2061 3149 2187 3191 suas
2214 3135 2453 3205 agitabat
2479 3143 2651 3205 pater,
2680 3148 2841 3203 quam
2878 3143 2932 3189 et
2958 3149 3127 3198 genus
3164 3144 3490 3203 propagatu~

212 3218 270 3271 ἃ
308 3218 459 3287 μόνῃ
497 3217 526 3266 ό
564 3212 750 3283 πατὴρ
778 3212 877 3274 τὰς
900 3211 1125 3273 ἐλπίδας
1147 3211 1410 3273 ἐσάλευε,
1440 3208 1688 3279 διάδοχον
1712 3210 1804 3264 τοῦ

1923 3241 2046 3289 ram,
2072 3234 2124 3281 et
2150 3226 2521 3281 hatretlitalem
2548 3224 2800 3280 inituram
2833 3226 3123 3295 cogitabat.
3156 3224 3219 3280 Et
3242 3224 3490 3280 fortassis

215 3308 436 3373 γένους,
474 3304 572 3358 καὶ
616 3303 957 3373 κληρονόμον
1011 3300 1223 3369 ταύτην
1273 3300 1419 3364 ἕξειν
1470 3301 1805 3369 ἡγούμενος.

215 3401 356 3469 τάχα
388 3416 497 3451 που
523 3399 621 3451 καὶ
650 3398 731 3458 είς
761 3395 822 3447 τὸ
856 3394 1000 3462 ἱερὸν
1026 3392 1374 3462 προσφοιτῶν
1403 3392 1512 3445 ἀπὺ
1551 3395 1651 3463 τῆς
1680 3407 1832 3445 παι-τ

214 3493 303 3553 δὺς
336 3493 631 3560 ἀπήρχετο
652 3486 761 3539 τῶν
793 3485 992 3554 ιὺχῶν.
1027 3485 1178 3555 Αὕτη
1209 3485 1304 3537 τοῦ
1342 3484 1541 3553 φῦντος
1579 3485 1812 3553 εὐαγγε-

216 3584 470 3637 λισθείσα
504 3584 575 3634 τά
598 3581 861 3650 τρόπαια,
886 3581 980 3632 καὶ
998 3581 1173 3649 χαρᾶς
1198 3578 1634 3645 ὑποπλησθεῖσα,
1659 3578 1812 3641 ἐξαν-

221 3678 436 3740 ίσταται
472 3674 623 3742 μάλα
654 3672 894 3741 γοργῶς.
926 3673 1019 3724 καὶ
1043 3658 1569 3738 νυμφικῶςέαυτὴν
1593 3650 1810 3740 κοσμήέ

220 3785 387 3828 σασα,
420 3767 595 3829 ἔξεισι
624 3763 720 3817 τοῦ
752 3764 1021 3833 θαλάμου,
1048 3763 1269 3815 πάντων
1323 3762 1449 3823 τοὺς
1498 3760 1814 3832 ὀφθαλμοὺς

219 3859 297 3929 τῷ
328 3857 529 3909 κάλλει
560 3852 927 3922 ἐπισπωμένη
966 3851 1100 3920 πρὸς
1127 3850 1351 3918 ἐαυτήν.
1397 3848 1812 3917 Ἐπιταχύνασα

221 3948 315 4004 οὖν
342 3949 450 4017 τὴν
486 3945 721 4015 πορείαν
743 3944 939 4016 πρώτη
964 3943 1041 4012 τῷ
1072 3942 1244 4013 πατρὶ
1260 3941 1542 4011 δυστυχῶς
1569 3942 1811 4009 ἀπαντᾷ,

222 4046 316 4097 καὶ
339 4042 727 4113 περιϐαλοῦσα
766 4041 858 4093 τὸν
890 4039 1094 4107 αὐχένα
1122 4039 1243 4107 μετ’
1277 4038 1486 4103 αἰδοῦς,
1521 4039 1617 4091 καὶ
1642 4038 1812 4091 πόθου

224 4135 435 4206 θερμοῦ
464 4133 860 4203 κατησπάζετο
901 4130 1300 4202 χαριστηρίους
1338 4131 1563 4199 ἀφιεῖσα
1603 4130 1814 4199 φωνάς.

224 4229 367 4297 Πρὸς
396 4226 579 4279 ταῦτα
601 4226 854 4291 όἸεφθάε
876 4222 1165 4291 ἀνῴμωξε,
1192 4224 1314 4287 καὶ,
1348 4221 1533 4291 orum.
1552 4221 1816 4293 θύγατερ,

224 4317 408 4379 εἶπεν,
475 4319 563 4370 ὅτι
629 4333 688 4369 σε
753 4314 1088 4368 καταθύσειν
1118 4314 1381 4385 ηὐξάμην
1434 4314 1578 4383 Θεῷ.
1643 4314 1815 4379 Είδέ,

1909 3318 1975 3369 ad
2012 3316 2269 3386 templum
2316 3331 2437 3371 cum
2490 3316 2807 3383 ventitaret,
2853 3325 2977 3371 vota
3043 3317 3423 3409 auspicabatur
3458 3332 3489 3370 a

1912 3406 2041 3462 filia.
2080 3408 2203 3462 lla-c
2233 3408 2299 3462 de
2321 3408 2560 3476 parentis
2591 3407 2808 3477 tropaeis
2849 3405 3026 3460 ianum
3075 3405 3326 3460 nuntium
3369 3422 3491 3461 cum

1916 3500 2234 3568 accepisset,
2284 3499 2479 3570 gaudio
2520 3498 2757 3554 delibuta
2808 3498 3062 3553 ocissime
3135 3498 3367 3568 prosilit,
3438 3508 3493 3553 et

1911 3607 2124 3662 sponsa
2154 3592 2257 3647 ritu
2294 3600 2549 3647 exornata
2587 3607 2617 3647 e
2667 3592 2910 3646 thalamo
2930 3591 3205 3662 egreditur
3250 3592 3492 3647 omnium

1916 3689 1967 3738 in
1994 3699 2052 3739 se
2084 3685 2153 3737 ob
2186 3684 2643 3751 pulchritudinem
2670 3684 2860 3739 oculos
2889 3694 3132 3739 vertens.
3171 3686 3343 3756 Igitur
3391 3686 3496 3741 iter

1918 3774 2231 3829 accclerans
2262 3772 2503 3828 Omnium
2540 3773 2714 3842 prima
2745 3774 2957 3844 parenti
2994 3773 3279 3832 infeliciter
3307 3790 3497 3830 occur-

1920 3868 2099 3931 rit;el
2141 3879 2263 3918 cum
2316 3865 2624 3919 reverentia
2681 3862 3038 3936 ﬂagrantique
3100 3864 3295 3921 affectu
3353 3866 3492 3922 collo

1916 3958 2030 4025 ejus
2060 3956 2345 4025 implicito,
2366 3956 2738 4026 gratulationis
2763 3958 2925 4012 verba
2970 3948 3227 4014 emittens
3286 3959 3497 4016 salvere

1912 4050 2156 4123 jubebat.
2198 4048 2278 4101 Ad
2311 4050 2423 4102 hac
2450 4047 2642 4117 Jepbte
2668 4044 2928 4118 ingemuit
2948 4060 3079 4115 γει,
3108 4048 3205 4103 "ei
3233 4050 3383 4115 mihi,
3414 4051 3497 4103 in-

1918 4144 2054 4212 quit,
2088 4140 2215 4201 filia.
2257 4140 2401 4208 quod
2441 4138 2549 4195 Deo
2568 4146 2621 4195 te
2650 4140 2772 4195 vovi
2803 4139 3208 4194 immnlandam.
3242 4140 3346 4195 Sed
3372 4141 3494 4196 ltei!

1924 4234 2048 4286 audi
2084 4231 2310 4299 virginis
2356 4230 2604 4299 ingenua:
2635 4245 2846 4291 vocem,
2877 4238 2931 4284 et
2992 4231 3231 4299 pulchra:
3272 4247 3498 4300 genero-

1924 4336 2013 4376 sos
2038 4321 2257 4390 spiritus
2282 4312 2567 4376 considera
2583 4319 2876 4391 paululum.
2904 4314 3015 4390 96
3037 4320 3216 4395 Primo
3249 4335 3359 4375 rem
3390 4329 3498 4374 tam

223 4413 466 4466 ἄκουσον
501 4407 762 4476 εὐγενοῦς
819 4407 1091 4478 παρθένου
1150 4407 1371 4477 φωνῆς’
1408 4405 1523 4460 ἀλλ’
1578 4406 1807 4460 ἐνταῦθα

1925 4411 2257 4481 inopinatam
2279 4411 2504 4465 audiens
2538 4424 2774 4465 maerore
2806 4420 2947 4464 tacta
2984 4419 3069 4465 est
3107 4427 3121 4464 :
3156 4422 3277 4481 pest
3314 4427 3373 4466 se
3418 4412 3504 4481 ip-

228 4504 430 4555 σκόπει
488 4516 584 4570 μοι
616 4497 839 4566 εὐγενὲς
875 4477 1135 4565 φρόνημα
1175 4496 1449 4567 παρθένου
1480 4497 1672 4567 καλῆς.
1708 4498 1807 4552 Μι-

1926 4519 2040 4559 sam
2075 4503 2310 4572 collegit,
2356 4512 2436 4569 et,
2485 4501 2630 4558 omni
2662 4517 2692 4557 a
2715 4518 2776 4559 se
2810 4503 3299 4566 excusso.timore,
3337 4510 3505 4558 totam

226 4593 361 4662 κρὸν
396 4590 855 4657 ἐπιστυγνάσασα
873 4588 952 4658 τῷ
977 4587 1276 4658 παραλόγῳ
1296 4587 1396 4657 τῆς
1422 4588 1593 4657 ἀκοῆς
1620 4588 1821 4643 ἀνέλα-

228 4685 323 4736 δεν
353 4681 580 4753 ἑαυτὴν,
605 4680 705 4734 καὶ
722 4682 908 4733 πᾶσαν
930 4678 1135 4732 δειλίαν
1151 4679 1212 4745 ἐξ
1227 4680 1429 4751 ἑαυτῆς
1454 4678 1819 4748 ὲκὸάλλουσα,

228 4780 323 4843 ὅλη
356 4777 457 4831 τοῦ
491 4774 770 4845 πατρικοῦ
815 4774 1122 4847 θελήματος
1158 4761 1392 4843 γίνεται.
1455 4774 1738 4846 ’Δγχουσα
1765 4776 1823 4830 δέ

230 4872 295 4923 τὰ
324 4871 547 4943 δάκρυα
600 4868 709 4920 τῶν
747 4866 1047 4935 ὀφθαλμῶν
1107 4866 1497 4936 ἐπιγενόμενα,
1530 4862 1618 4918 οἷα
1650 4867 1708 4920 δέ
1738 4884 1825 4931 τις

1927 4612 1987 4653 se
2041 4597 2281 4668 parentis
2330 4598 2596 4652 voluntati
2677 4595 2943 4667 permisit.
3024 4595 3319 4667 Lacrymas
3375 4611 3506 4651 vero

1927 4705 1993 4745 ex
2041 4692 2213 4747 oculis
2275 4692 2577 4761 reprimens
2634 4691 2744 4761 jam
2787 4700 3164 4761 erumpentes;
3226 4700 3280 4746 et
3329 4691 3506 4761 qualis

1929 4790 2362 4852 vernotempore
2389 4782 2615 4837 luscinia
2658 4781 2773 4853 (72)
2815 4781 3028 4853 lugubri
3078 4782 3350 4837 cantilena
3400 4782 3508 4837 ‘de-

1930 4874 2147 4943 plorans
2183 4874 2391 4945 placide
2415 4883 2623 4942 patrem
2668 4883 2750 4930 est
2794 4875 3032 4931 allocuta
3066 4891 3080 4929 :
3132 4874 3311 4941 Pater,
3350 4875 3394 4930 si
3453 4875 3509 4930 in

230 4963 452 5035 είαρινὴ
499 4959 682 5032 ἀηδὼν
736 4960 939 5013 αἴλινον
971 4958 1254 5030 μυρομένη
1284 4958 1451 5030 ᾠδὴν,
1484 4958 1668 5031 ἡρέμα
1712 4978 1807 5013 non

1930 4978 2110 5018 meum
2160 4975 2323 5036 caput
2376 4980 2437 5020 os
2480 4976 2630 5019 tuum
2682 4965 2916 5022 Domino
2969 4968 3256 5037 aperuisti,
3312 4967 3514 5037 perﬁce

231 5057 445 5125 ἔφασκε
503 5054 585 5122 τῷ
649 5051 1099 5123 πατρίἠΠάτερ,
1133 5052 1182 5103 εί
1218 5052 1278 5104 ἐν
1318 5050 1445 5122 ἐμοὶ
1495 5050 1715 5121 ἡνοιξας
1766 5050 1828 5105 τὸ

299 5175 347 5206 ’⁸
371 5171 528 5229 lanae
555 5185 656 5237 stt,
682 5168 769 5223 lo.
857 5168 903 5201 "
924 5166 1052 5225 Jud.
1087 5183 1199 5233 ut,
1238 5167 1333 5225 39.

1930 5056 2200 5125 quomodo
2230 5067 2414 5113 votum
2443 5056 2773 5128 nuncupasti
2804 5065 2980 5111 tuum.
3032 5054 3157 5125 Quo
3204 5068 3365 5129 pacto
3426 5055 3508 5112 af-

1481 5237 1810 5302 Francisci
1848 5239 2061 5305 Scorsi
2089 5248 2278 5303 notas.

304 5368 423 5433 (τι)
467 5362 594 5417 Non
640 5364 769 5416 satis
821 5362 976 5433 verba
1030 5360 1392 5433 considerans.
1445 5358 1821 5433 Temerarinm

238 5430 413 5511 igitur
440 5434 858 5511 Jeplitevotum
898 5431 1092 5511 fuisse
1118 5436 1199 5486 bis
1250 5432 1429 5511 verbis
1466 5430 1708 5511 insinuat
1739 5434 1827 5486 hac

240 5501 425 5573 Fater,
448 5501 750 5574 etquidem
778 5518 923 5570 vere,
950 5502 1095 5573 quod
1116 5502 1358 5574 ostendit
1383 5501 1616 5574 §uarius
1642 5514 1827 5555 noster

244 5597 372 5636 tvm.
412 5572 468 5634 ill
508 5572 582 5630 De
630 5576 905 5645 religione,
953 5572 1046 5628 liti.
1081 5588 1142 5636 tt,
1187 5588 1308 5641 cap.
1344 5572 1433 5636 l0,
1478 5573 1569 5627 ubi
1615 5575 1681 5645 de
1726 5574 1829 5627 hoc

242 5652 498 5707 subtilius
524 5642 746 5717 quaerit.
769 5647 1008 5717 Habetnr
1036 5646 1091 5717 id
1122 5646 1290 5697 etiam
1318 5659 1381 5697 es
1411 5652 1602 5697 sancto
1632 5642 1826 5698 Hiero-

244 5738 427 5795 nymo,
460 5714 561 5795 hb.
593 5734 609 5795 ι
638 5718 838 5795 Contra
869 5714 1208 5795 laciniatim»
1233 5754 1271 5795 ._
1300 5730 1489 5795 parum
1518 5725 1681 5795 ante
1713 5729 1827 5795 tne-

244 5785 419 5859 diuut,‘
438 5792 534 5848 ubi
560 5792 637 5845 ait
657 5788 986 5857 reprehendi
1008 5788 1225 5842 solitum
1248 5785 1443 5854 Jephte
1480 5789 1549 5842 ab
1588 5786 1830 5844 Hebraeis

624 5885 903 5946 Pamon.
938 5882 1056 5947 Gn.
1098 5880 1412 5959 CXXXII.
1492 5902 1498 5907 ·

1932 5363 2040 5416 voti
2079 5360 2353 5415 temerarii
2391 5378 2404 5413 :
2436 5361 2573 5415 Nam
2600 5363 2646 5416 si
2671 5362 2843 5427 canis,
2865 5358 3147 5430 inquiunt.
3176 5360 3516 5425 occurrisset,

1932 5434 1984 5512 si.
2007 5433 2225 5512 asinus,_
2255 5434 2643 5512 quidnfaceren
2669 5444 2723 5488 et
2748 5427 3025 5512 subjungit
3052 5447 3066 5484 :
3094 5427 3176 5512 επ
3196 5445 3298 5512 quo
3334 5433 3516 5485 volunt
3592 5472 3595 5473 ν

1932 5504 2326 5570 dispensatione
2362 5500 2456 5557 Dei
2490 5502 2716 5573 factum,
2740 5515 2795 5556 ut
2829 5500 2918 5572 qui
2946 5500 3252 5573 imperfecte
3278 5514 3515 5573 uouerat,

1933 5588 2163 5627 errorem
2200 5576 2299 5627 vati
2332 5577 2383 5629 in
2417 5571 2540 5642 filice
2569 5589 2732 5627 morte
2775 5571 3012 5627 sentiret.
3051 5571 3178 5625 Haec
3210 5586 3275 5624 ex
3329 5572 3519 5625 Hiero-

1936 5659 2117 5714 nytno.
2151 5644 2293 5698 ldetn
2328 5648 2488 5714 igitur
2522 5647 2604 5699 'de
2650 5647 2751 5699 hoc
2799 5656 2922 5697 voto
2956 5646 3124 5697 sentit
3160 5642 3245 5695 hic
3303 5656 3519 5708 auctor,

1933 5731 2058 5770 cum
2090 5731 2212 5769 eum
2246 5732 2350 5771 non
2380 5728 2513 5773 sats
2546 5722 2706 5771 verba
2746 5715 3048 5784 dispexisse
3079 5714 3229 5765 dicit.

2006 5786 2123 5859 (72)
2152 5784 2321 5843 Verno
2346 5798 2444 5843 tem
2456 5804 2577 5853 pore
2596 5788 2839 5839 luscinia.
2872 5786 3002 5841 Vide
3026 5785 3270 5851 ltom.vt,
3290 5796 3402 5839 not.
3430 5786 3515 5839 ιι.

3048 5877 3123 5935 12
