4208 6438
763 424 866 486 367

1970 422 2465 484 TIIEOPHANIS
2507 422 2849 483 CERAMEI

3920 417 4025 485 368

758 535 1109 590 vantissimus
1138 534 1265 603 legis
1295 544 1434 589 esset
1472 533 1494 585 ?
1521 532 1774 587 Videmus
1805 549 1929 589 vero
1962 537 2123 587 etiam
2152 550 2335 588 terum-

2459 552 2557 603 μεν
2596 534 2651 585 δὲ
2684 535 2776 586 καὶ
2823 535 2915 586 τὸν
2972 533 3241 586 πολύτλαν
3277 549 3483 586 εκεινον
3517 534 3638 586 Ἰὼϐ
3674 535 3730 587 ὲν
3767 538 3833 604 τῇ
3889 536 4025 603 πρδς

758 644 948 681 nosnin
1002 628 1149 680 illum
1215 624 1314 678 Job
1368 626 1417 678 in
1454 626 1813 693 disputatione
1839 642 1957 679 cntn
1994 626 2335 697 regibus(79)

761 719 968 783 habita,
1008 720 1175 771 inulta
1224 717 1541 785 gloriantem
1585 732 1688 770 non
1722 717 2049 785 vituperari;
2093 719 2179 771 hic
2213 732 2338 769 vero

757 809 1062 862 damnatur.
1114 807 1278 877 Cujus
1332 810 1405 861 rei
1456 810 1571 861 hate
1620 807 1753 860 ratio
1786 818 1887 869 est,
1930 808 2071 876 quod
2120 818 2339 861 sanctus

760 899 975 966 quidem
1024 907 1076 950 et
1108 898 1290 967 justus
1334 896 1433 951 Job
1476 914 1597 952 cum
1658 909 1803 952 recte
1841 898 2007 951 tnnlta
2054 899 2333 966 gessisset,

758 1005 985 1060 qumque
1025 988 1135 1045 Deo
1179 1000 1419 1059 accepta,
1471 1002 1523 1046 et
1561 991 1663 1061 ipsi
1700 990 1880 1060 gloria
1918 988 2155 1054 fuerant,
2200 1008 2337 1045 nun-

670 1142 671 1145 η
757 1098 916 1151 quam
955 1084 1100 1137 visus
1144 1093 1225 1137 est
1267 1099 1328 1136 ea
1364 1086 1599 1151 gloriose
1651 1085 1968 1151 prmdicare,
2004 1086 2094 1137 sed
2132 1099 2335 1155 prazro-

759 1176 971 1246 gativas
1013 1191 1139 1229 suas
1183 1177 1422 1229 occultas
1457 1177 1663 1230 habuit.
1702 1175 1835 1231 Cum
1881 1192 2025 1241 vero,
2058 1179 2146 1245 qui
2193 1178 2337 1231 vide-

755 1268 956 1321 bantur
984 1266 1163 1331 amici,
1210 1268 1549 1322 inimicorum
1579 1270 1628 1321 in
1657 1270 1874 1323 modum
1919 1269 1991 1321 illi
2033 1271 2334 1339 exprobra-

754 1358 906 1418 bant,
938 1368 991 1411 et
1030 1358 1147 1412 sine
1192 1358 1296 1411 ulla
1336 1358 1707 1412 misericordia
1757 1359 2235 1413 ealumniabantnr
2265 1359 2334 1423 5°,

755 1450 1078 1503 arundinem
1122 1459 1434 1521 quassatam
1474 1450 1899 1520 eonfringentes,
1951 1461 2004 1503 et
2049 1454 2336 1505 semimor-

758 1550 904 1591 tuunt
962 1540 1303 1594 sermonibus
1520 1542 1632 1593 suis
1689 1541 2065 1605 dilacerantes,
2125 1557 2189 1595 ex
2246 1541 2336 1594 illo

755 1632 1163 1686 criminationes
1194 1633 1569 1686 strenuissime
1604 1631 1851 1685 refellere
1884 1634 2112 1700 occepit,
2152 1644 2205 1684 et
2234 1633 2334 1685 im-

755 1735 1045 1790 poi-timum
1102 1739 1287 1779 eorum
1342 1725 1597 1792 impetum
1647 1723 2009 1793 reprehendit,
2052 1720 2121 1776 ita
2172 1733 2250 1787 ut,
2291 1724 2336 1776 si

754 1832 856 1880 qua
894 1817 944 1868 iu
982 1815 1265 1883 gloriando
1297 1815 1518 1869 suberat
1553 1815 1732 1884 culpa,
1760 1815 1877 1885 ejus
1912 1816 2131 1869 obnoxii
2166 1819 2335 1885 mag's

2441 626 2566 687 τοὺς
2596 622 2838 691 βασιλεῖς
2866 621 3124 689 διαλέξει,
3162 625 3247 676 ὃτι
3291 622 3463 676 πολλὰ
3506 624 4022 694 καυχησάμενος-οὐ

2444 714 2861 782 κατακρίνεται,
2892 709 3049 775 οὗτος
3078 715 3134 767 δὲ
3192 715 3576 769 ὑπευθύνεται.
3620 716 3837 787 Ἐπειδὴ
3868 718 3897 769 6
3925 718 4027 786 μὲν

2442 803 2597 871 ἅγιος
2647 804 2739 856 καὶ
2771 803 2979 867 δίκαιος
3023 804 3172 869 Ἰὼϐ,
3217 806 3285 858 τά
3320 806 3516 858 εὐκλεῆ
3556 807 3649 859 καί
3695 808 3816 877 Θεῷ
3867 809 4028 862 ἀνδα-

2442 910 2601 945 νοντα
2653 892 2954 962 κατορθῶν,
3006 894 3262 947 οὐδέποτε
3297 897 3548 963 φαίνεται
3576 899 4023 967 καυχησάμενος.

2442 984 2557 1036 ἀλλ’
2611 983 2849 1051 ἔκρυπτε
2890 985 2959 1036 τὰ
2998 987 3173 1037 οἰκεῖα
3212 987 3701 1056 πλεονεκτήματα·
3748 991 3938 1059 ἐπειδὴ
3968 978 4027 1043 δέ

2442 1077 2490 1127 οἱ
2526 1075 2816 1139 δοκοῦντες
2848 1077 2992 1144 φίλοι
3022 1078 3301 1142 ὠνείδιζον
3328 1080 3743 1149 ἑχθροπρεπῶς,
3776 1084 3871 1135 καὶ
3895 1100 4028 1133 κατ-

2442 1170 2678 1237 ηγόρουν
2715 1170 3059 1237 ἀσυμπαθῶς
3095 1170 3343 1240 κάλαμον
3380 1175 3848 1243 συντετριμμένον
3887 1192 4025 1228 κατ-

2441 1261 2759 1329 εαγνύντες,
2816 1264 2911 1315 καὶ
2958 1262 3232 1332 ἡμιθνῆτα
3296 1266 3409 1327 τοῖς
3465 1265 3644 1332 λόγοις
3697 1266 4025 1330 αἰκίζοντες,

2440 1356 2562 1407 τότε
2595 1353 2783 1406 λοιπὸν
2801 1353 3095 1408 ἀποδύεται
3128 1356 3197 1407 τά
3218 1355 3386 1426 ὲγκλή
3398 1374 3542 1425 ματα
3566 1357 3708 1426 μάλα
3732 1358 4025 1426 γενναίως,

2441 1444 2535 1496 καὶ
2562 1444 2658 1514 τὴν
2684 1444 2917 1513 ἄκαιρον
2953 1446 3132 1498 αὐτῶν
3155 1447 3366 1517 ὲλέγχει
3400 1451 3741 1519 καταφορὰν,
3772 1450 3934 1511 ὥστε,
3977 1452 4031 1503 εἰ

2440 1553 2525 1597 τις
2552 1536 2701 1589 αἰτία
2732 1539 2833 1604 τῆς
2857 1539 3204 1606 καυχήσεως,
3245 1539 3421 1608 ἔνοχοι
3457 1541 3661 1607 μᾶλλον
3693 1544 3739 1593 οἱ
3776 1542 3850 1611 μὴ
3880 1543 4029 1594 δεόν-

2438 1644 2546 1688 τως
2583 1629 3087 1697 κατηγορήσαντες.
3133 1631 3189 1683 Ὀ
3221 1631 3521 1700 Φαρισαῖος
3542 1633 3619 1695 δὲ,
3658 1633 3883 1701 μηδενὸς
3907 1635 4031 1703 ἐρε-

2442 1719 2707 1784 θίζοντος,
2750 1721 3209 1791 ἀπηυθαδιάζετο,
3234 1724 3453 1777 πάντων
3487 1725 3678 1777 ἑαυτὸν
3711 1727 4023 1796 προτιθσίε,

2440 1811 2552 1863 οὐδ’
2585 1812 2991 1879 ἐπιγινώσκων,
3030 1813 3083 1864 τί
3117 1813 3260 1867 κατά
3288 1814 3453 1882 φύσιν
3485 1814 3787 1884 ἐτύγχανεν
3817 1815 3912 1870 ὧν.
3964 1817 4029 1868 ΕΞ

755 1918 961 1969 essent,
1014 1907 1103 1975 qui
1159 1908 1430 1961 innuerito
1468 1907 1540 1961 illi
1583 1909 1977 1961 obtrectabant.
2029 1907 2333 1961 Pharisznus

2440 1904 2548 1973 γὰρ
2578 1904 2833 1971 ἐγνώκει,
2872 1907 2955 1958 ὅτι
2986 1906 3276 1974 ἄνθρωπος
3302 1902 3391 1976 ἦν,
3450 1908 3664 1971 πάντως
3691 1908 3755 1961 ἀν
3782 1910 3897 1979 ᾔδει
3935 1911 4032 1961 καὶ

754 2015 901 2065 vero,
930 2001 1146 2054 nemine
1177 2000 1497 2066 lacessente,
1519 2001 1712 2070 agebat
1736 2000 2055 2063 insolenter,
2086 2000 2339 2055 omnibus

754 2108 812 2147 se
854 2094 1029 2161 ipsum
1076 2106 1419 2162 praeponens,
1453 2107 1648 2160 neque,
1683 2092 1812 2162 quid
1848 2103 1991 2147 esset
2033 2093 2207 2160 quoad
2240 2107 2337 2144 na-

755 2195 954 2248 turam,
984 2186 1329 2255 agnoscebat.
1367 2184 1423 2243 Si
1453 2186 1596 2237 enim
1632 2185 1899 2238 hominem
1923 2201 1981 2238 se
2010 2196 2192 2237 natum
2221 2198 2342 2238 esse

755 2284 1076 2345 reputasset,
1106 2276 1330 2330 omnino
1377 2287 1586 2329 natura:
1621 2276 1898 2329 tniseriatn
1939 2276 2293 2329 intellexisset
2322 2292 2336 2341 ;

750 2370 893 2439 quod
923 2368 1038 2422 ﬁeri
1070 2384 1178 2421 non
1214 2368 1403 2438 possit,
1435 2376 1493 2421 ut
1523 2368 1683 2421 homo
1714 2382 1879 2436 purus
1907 2383 1935 2422 a
1960 2368 2208 2422 sordibus
2242 2369 2330 2433 sit,

751 2462 964 2515 etiamsi
1022 2462 1182 2515 unius
1211 2462 1313 2515 diei
1362 2462 1430 2517 sit
1475 2459 1592 2527 ejus
1648 2461 1779 2525 vita,
1815 2471 1875 2514 ut
1919 2476 2073 2514 sacra
2117 2460 2347 2529 Eloqnia

753 2555 948 2608 docent
1002 2554 1113 2624 (80)
1153 2554 1220 2608 ⁸⁸.
1255 2552 1387 2619 Quis
1419 2553 1561 2607 enim
1618 2562 1723 2606 tam
1761 2554 2034 2618 excelsus,
2074 2562 2180 2605 tam
2228 2554 2336 2606 alta

754 2656 933 2699 mente
1001 2656 1165 2714 atque
1212 2644 1436 2699 consilio
1466 2661 1494 2698 a
1524 2654 1713 2699 natura
1753 2646 2029 2714 praeditus,
2067 2655 2123 2699 ut
2169 2644 2248 2697 \‘ci
2284 2645 2336 2697 in

754 2738 1103 2806 cogitatione,
1140 2738 1221 2794 vel
1260 2738 1313 2792 in
1350 2739 1585 2804 actione,
1620 2738 1690 2793 ab
1724 2738 1868 2793 omni
1905 2738 2074 2807 culpae
2110 2737 2227 2792 labe
2266 2737 2335 2791 sit

755 2830 927 2884 liber?
977 2830 1128 2897 Quod
1183 2847 1312 2887 vero
1358 2834 1529 2902 magis
1587 2833 1639 2885 in
1688 2834 2003 2887 barathrum
2061 2830 2332 2886 hominem

2438 1996 2535 2063 τὴν
2556 1996 2658 2065 τῆς
2690 1996 2907 2065 φύσεως
2944 1997 3262 2076 ἀθλιότητα,
3310 1998 3385 2060 ώς
3414 1998 3681 2053 ἀδύνατον
3738 1999 4030 2069 ἄνθρωπον

2438 2088 2545 2139 ἀπὸ
2605 2088 2780 2157 ῥύπου
2844 2088 3214 2158 καθαρεύειν,
3277 2090 3383 2143 κᾶν
3417 2090 3515 2161 μία
3542 2086 3788 2161 ἡμέραῇ
3846 2092 3880 2158 ὴ
3910 2090 4030 2161 ζωὴ

2440 2178 2626 2245 αὑτοῦ,
2652 2179 2727 2241 ώς
2749 2179 2996 2233 διδάσκει
3029 2179 3096 2232 τά
3118 2181 3308 2247 Λόγια.
3328 2180 3423 2245 Τίς
3462 2180 3571 2251 γάρ
3620 2180 3793 2244 οὕτως
3825 2182 4031 2250 ὑψηλός

2441 2274 2534 2324 καὶ
2564 2273 2917 2341 μεγαλοφυής
2946 2274 3023 2342 τῷ
3044 2275 3377 2343 φρονήματι,
3410 2273 3487 2338 ob;
3514 2275 3660 2328 κατά
3681 2292 3739 2327 τε
3782 2276 4031 2328 διάνοιαν

2443 2370 2537 2420 καὶ
2563 2371 2765 2439 πρᾶξιν
2789 2367 2893 2434 ἔξω
2915 2370 3171 2437 γενέσθαι
3197 2371 3517 2425 παντάπασι
3542 2371 3635 2425 τοῦ
3662 2372 3802 2426 κατά
3829 2373 4033 2425 κακίαν

2450 2461 2832 2530 μολύσματοςς
2868 2464 2933 2516 "O
2957 2463 3011 2517 δὲ
3048 2463 3248 2533 μᾶλλον
3299 2465 3463 2518 αὐτὸν
3499 2465 3854 2537 ἑδαράθρωσε
3882 2466 4033 2519 τοῦτ’

2443 2548 2533 2624 ἦν.
2563 2553 2624 2606 τὸ
2659 2556 2754 2606 καὶ
2801 2554 2893 2606 τὸν
2948 2555 3191 2627 τελώνην
3220 2557 3398 2609 εἰπεῖν
3426 2557 3741 2622 δεικτικῶς·
3783 2578 3800 2610 ι
3834 2560 3903 2611 Ἦ
3934 2560 4029 2613 καὶ

2443 2649 2517 2709 ώς
2552 2643 2707 2710 οὗτος
2745 2649 2771 2701 ὁ
2805 2646 3063 2718 τελώνης.
3109 2668 3127 2701 ι
3164 2650 3355 2721 Πάσης
3408 2650 3515 2719 γὰρ
3548 2652 3649 2722 τῆς
3695 2653 4033 2722 οἰκουμένης

2440 2739 2856 2809 ὑπερκουφίσας
2919 2742 3115 2795 ἑαυτὸν
3162 2742 3241 2814 τῷ
3286 2742 3474 2815 πτερῷ
3515 2745 3613 2815 τῆς
3644 2745 3899 2815 οἰήσεως,
3935 2746 4034 2798 καὶ

2439 2833 2531 2886 τὸν
2562 2834 2805 2906 τελώνην
2842 2837 3225 2908 προστίθησιν.

752 2924 1083 2989 deturbavit,
1147 2926 1275 2981 illud
1334 2925 1458 2992 Iuit,
1517 2927 1658 2995 quod
1711 2926 1919 2992 signate
1967 2926 2145 2981 dixit:
2222 2945 2239 2977 ι
2286 2922 2381 2979 Vel
2456 2927 2619 2981 etiam
2672 2939 2731 2983 ut
2781 2930 2868 2983 hic
2922 2930 3285 2999 publicanus;
3335 2950 3356 2985 ι
3406 2947 3530 2988 cum
3563 2932 3705 2988 enim
3754 2948 3814 2991 se
3866 2949 4034 3007 supra

754 3037 947 3076 omnes
1010 3034 1147 3089 quos
1182 3029 1327 3074 terra
1365 3020 1597 3076 sustinet
1638 3020 1886 3089 homines
1950 3019 2051 3076 alis
2089 3019 2355 3089 superbia:
2390 3020 2700 3085 extulisset,
2740 3023 2982 3092 adjungit
3014 3026 3178 3079 etiam
3212 3024 3597 3094 publicanum."

831 3136 848 3168 ι
891 3115 1223 3169 Publicanus
1258 3128 1387 3168 vero
1420 3113 1577 3182 longe
1616 3124 1791 3179 stans,
1815 3128 1994 3182 neque
2020 3113 2205 3169 oculos
2240 3128 2336 3167 vo-

754 3209 897 3265 lebat
926 3209 978 3261 in
1007 3206 1207 3261 caelum
1248 3205 1454 3260 tollere.
1497 3224 1514 3259 ι
1548 3202 1785 3260 Observa
1814 3207 2083 3278 publicani
2118 3206 2337 3260 humili-

754 3311 919 3356 tatem
960 3318 974 3355 :
1010 3299 1197 3371 procul
1230 3299 1375 3353 stetit
1416 3313 1519 3353 non
1550 3313 1710 3352 ausus
1738 3299 1803 3352 ad
1831 3314 1985 3354 sacra
2024 3299 2203 3367 templi
2245 3314 2338 3368 pe-

751 3394 979 3449 netralia
1017 3395 1295 3447 accedere.
1331 3390 1629 3446 Verebatur
1673 3393 1818 3446 enim
1849 3391 2075 3461 impuris
2109 3393 2336 3461 pedibus

753 3486 935 3555 templi
963 3485 1369 3540 sanctissimum
1402 3483 1613 3537 calcare
1642 3483 2030 3553 pavimentum,
2068 3498 2244 3553 neque
2270 3499 2335 3539 eo

752 3599 811 3637 se
846 3582 1071 3651 dignum
1103 3579 1467 3633 existimabat.
1508 3577 1806 3631 Verebatur
1832 3578 1999 3636 etiam
2036 3576 2101 3630 ad
2138 3576 2334 3631 caelum

749 3674 937 3729 oculos
968 3672 1176 3735 tollere,
1210 3671 1407 3739 quippe
1443 3669 1535 3738 qui
1582 3671 1862 3739 degentem
1901 3667 1955 3721 in
1992 3667 2131 3724 ccelo
2167 3666 2335 3721 Deum

752 3775 1105 3836 eanperarat
1135 3763 1444 3818 :didicerat
1469 3762 1725 3816 nimirum
1755 3776 1783 3814 ιι
1812 3760 1912 3815 Job
1937 3760 2003 3825 ⁸³,
2032 3761 2174 3828 quod
2195 3762 2337 3815 Deus

756 3861 1049 3914 demissum
1096 3858 1271 3913 oculis
1313 3856 1563 3919 salvabit,
1621 3855 1847 3921 ideoque
1900 3868 1995 3907 eos
2030 3852 2338 3906 declinabat

755 3952 807 4004 iu
834 3962 1058 4010 terram,
1094 3949 1170 4001 uti
1201 3957 1254 4001 et
1284 3963 1346 4001 ex
1375 3946 1559 4001 habitu
1594 3946 1710 4014 ipso
1736 3944 2001 4013 corporis,
2027 3954 2077 3998 et
2099 3959 2165 3998 ex
2193 3944 2333 4008 loco,

751 4051 806 4098 et
834 4059 897 4096 ex
934 4042 1193 4111 petitione
1222 4040 1501 4094 humilitas
1522 4038 1638 4107 ejus
1668 4040 2068 4093 ostenderetur.
2095 4035 2337 4091 lusinuat

748 4134 911 4189 etiam
959 4132 1216 4201 quiddam
1254 4130 1419 4195 aliud,
1458 4130 1601 4199 quod
1627 4130 1827 4183 dictum
1859 4138 1992 4204 est»:
2040 4144 2058 4178 ι
2096 4128 2142 4181 Α
2182 4126 2337 4197 longe

749 4234 937 4289 stans;
979 4242 998 4275 ›
1034 4224 1191 4293 longe
1216 4223 1423 4277 scilicet
1460 4238 1489 4275 a
1518 4221 1827 4290 perniciosa
1859 4219 2115 4273 Pharisazi
2140 4233 2334 4287 super-

748 4319 837 4372 hia
889 4318 1091 4381 stabat,
1141 4318 1469 4372 contrariam
1501 4325 1663 4385 atque
1710 4314 1800 4368 ille
1855 4314 1997 4367 viam
2034 4315 2331 4384 ingressus.

2514 3120 2535 3164 ι
2595 3113 2652 3165 '0
2678 3115 2734 3166 δὲ
2766 3114 3007 3187 τελώνης
3044 3118 3321 3188 μακρόθεν
3344 3117 3535 3184 ἑστὼς,
3560 3120 3661 3173 οὐκ
3685 3120 3875 3191 ἢθελεν
3908 3123 4035 3177 οὐδὲ

2438 3207 2565 3268 τοὺς
2597 3206 2913 3276 ὀφθαλμοὺς
2933 3211 3013 3272 εἰς
3042 3210 3136 3263 τὸν
3173 3211 3405 3282 οὐρανὸν
3438 3211 3663 3284 ἑπάραι.
3696 3231 3717 3265 s
3764 3213 3908 3285 Ὅρα
3928 3216 4034 3286 τὴν

2436 3302 2531 3355 τοῦ
2559 3302 2793 3356 τελώνου
2822 3303 3160 3358 ταπείνωσιν
3180 3321 3195 3337 °
3224 3306 3445 3376 μακράν
3476 3322 3580 3359 που
3607 3306 3765 3376 ἔστη,
3790 3308 3863 3378 μὴ
3887 3309 4031 3381 θαρο

2441 3396 2611 3466 ρήσας
2639 3398 3002 3468 προσεγγίσαι
3032 3399 3169 3468 πρὸς
3196 3398 3263 3451 τὰ
3295 3398 3414 3452 θεῖα
3442 3399 3722 3471 ἀνάκτορα
3742 3417 3758 3431 ·
3794 3403 4035 3472 καιτωῤ·Δ

2441 3486 2602 3557 ρώδει
2630 3488 2738 3560 γάρ
2773 3490 3186 3560 κεχραμμένοις
3214 3489 3462 3560 πατῆσαι
3504 3492 3633 3545 ποσὶ
3663 3493 3725 3545 τδ
3765 3493 3859 3545 τοῦ
3894 3493 4031 3547 ναοῦ

2440 3578 2745 3646 ἁγιώτατον
2772 3580 3019 3647 δάπεδον,
3049 3582 3199 3646 ἀξιον
3225 3583 3325 3635 οὐκ
3352 3582 3569 3653 ἔκρινεν
3593 3585 3788 3639 ἑαυτόν
3813 3600 3827 3615 ⁴
3862 3586 4036 3655 ηὐλα-

2438 3670 2585 3724 6εῖτο
2614 3671 2669 3724 δὲ
2703 3672 2798 3726 καὶ
2840 3673 2979 3743 πρὸς
3007 3674 3098 3726 τὸν
3128 3674 3363 3744 οὐρανὸν
3421 3675 3663 3739 ἀπιδεῖν,
3716 3676 3793 3739 ὡς
3826 3678 3920 3728 τὸν
3972 3678 4035 3730 ὲν

2437 3765 2687 3834 οὐρανοῖς
2731 3767 3159 3836 παραπικράνας
3222 3766 3395 3819 Θεόν·
3458 3767 3648 3837 ἐπειδὴ
3676 3768 4031 3839 ἐμεμαθήκει

2438 3858 2503 3909 ὲκ
2536 3856 2629 3910 τοῦ
2655 3856 2798 3919 Ἰὼὸ,
2852 3860 2935 3911 ὃτι
2974 3858 3180 3928 Κύριος
3222 3860 3648 3928 συγκεκυφότας
3701 3860 4031 3929 ὀφθαλμοὺς

2438 3948 2641 4001 σώσει’
2674 3950 2762 4002 διὰ
2783 3948 2943 4001 τοῦτο
2983 3950 3121 4017 πρὸς
3144 3949 3253 4017 γῆν
3294 3950 3568 4012 νενευκὼς
3590 3945 3681 4019 ἦν.
3716 3951 3790 4012 ὡς
3821 3952 4033 4019 ἐμφαίο

2437 4038 2623 4092 νεσθαι
2682 4038 2743 4091 τὸ
2800 4039 3058 4091 ταπεινὸν
3096 4039 3284 4102 αὐτοῦ,
3320 4042 3417 4093 καὶ
3457 4041 3523 4092 ὲκ
3574 4038 3670 4091 τοῦ
3719 4040 4032 4118 σχήματος,

2440 4134 2535 4185 καὶ
2568 4131 2665 4184 τοῦ
2690 4133 2882 4198 τόπου,
2915 4134 3012 4186 καὶ
3042 4133 3140 4204 τῆς
3171 4136 3465 4205 αἰτήσεως.
3542 4133 3835 4205 ’Υποδηλοῖ
3886 4135 3943 4187 δέ
3976 4154 4032 4189 τι

2438 4226 2534 4279 καὶ
2566 4226 2695 4280 ἀλλο
2720 4226 2780 4278 τὸ
2816 4244 2834 4277 ι
2876 4226 3150 4296 μακρόθεν
3174 4226 3380 4290 ἑστώς·
3429 4247 3447 4279 ι
3498 4227 3689 4297 πόρρω
3729 4230 3838 4298 γὰρ
3894 4229 4031 4299 ἔστη

2436 4318 2537 4386 τῆς
2565 4317 2897 4380 ὲπιϐλαόοὖς
2928 4318 3344 4392 τοιξφαρισαίου
3379 4321 3632 4390 οἰήσεως,
3654 4322 3751 4393 τὴν
3774 4324 4032 4376 ἐναντίαν

749 4411 842 4464 llle
876 4412 1017 4465 enim
1049 4424 1107 4464 se
1141 4410 1313 4478 ipsum
1342 4410 1513 4464 instar
1546 4406 1707 4463 bullae
1737 4407 1919 4461 verbis
1952 4403 2208 4471 inﬂabat;
2246 4406 2333 4459 hic

2441 4410 2653 4463 ἐκείνου
2712 4410 2936 4479 βαδίσας
2964 4390 3128 4467 .ὁδὸν.
3167 4412 3228 4465 '0
3268 4414 3366 4482 μὲν
3422 4414 3663 4482 ἐξώγκου
3695 4390 3888 4468 ἑαυτὸν
3915 4422 4033 4481 τοῖς

750 4514 931 4558 autem
966 4518 1257 4572 percussus
1303 4518 1332 4555 a
1379 4503 1713 4557 conscientia
1747 4514 1806 4555 se
1834 4500 2246 4567 comprimebat,
2280 4509 2336 4555 et

747 4597 816 4649 ob
878 4608 1162 4663 peccatqu
1219 4595 1526 4660 contritus,
1587 4595 1812 4663 speique
1872 4593 2064 4647 baculo
2120 4593 2336 4648 innixus

2442 4502 2623 4570 λόγοις
2654 4501 2811 4573 δίκην
2834 4504 3208 4572 πομφόλυγος,
3234 4504 3262 4555 6
3295 4505 3352 4557 δὲ
3389 4506 3773 4559 συνεστέλλετο
3804 4507 3911 4559 ὑπὸ
3930 4508 4031 4560 τοῦ

2448 4594 2753 4658 συνειδότος
2791 4594 3198 4666 πληττόμενος·
3249 4597 3343 4649 καὶ
3400 4598 3707 4663 συντριϐεὶς
3765 4598 3870 4651 ὑπὸ
3927 4598 4034 4665 τῆς

816 4732 862 4763 ⁸⁰
905 4732 1096 4786 Matth.
1140 4747 1239 4797 xn,
1279 4731 1369 4785 20.
1446 4731 1489 4763 "
1531 4728 1633 4785 Job
1674 4731 1824 4795 n.4,
1865 4729 2015 4799 juxta
2057 4728 2221 4785 LXX.
2300 4733 2347 4763 “
2388 4732 2486 4787 Job
2526 4747 2658 4796 xxn,
2700 4732 2790 4789 29.

1999 4842 2329 4905 Francisci
2358 4845 2573 4907 Scorsi
2610 4852 2801 4907 notae.

823 4945 937 5014 (79)
979 4942 1045 4997 In
1072 4944 1428 5012 disputatione
1462 4958 1590 5014 cum,
1632 4941 1871 5014 regibus.
1904 4938 2005 4994 Hic
2038 4939 2189 5014 locus
2220 4940 2336 5008 ple-

746 5017 869 5069 nior
912 5011 1092 5069 verbis
1116 5026 1199 5067 est
1230 5015 1283 5068 in
1312 5016 1433 5069 cod.
1476 5013 1646 5076 Gall.,
1701 5028 1820 5080 quae
1861 5011 1913 5063 in
1944 5026 2059 5080 mea
2094 5011 2334 5065 editione

751 5088 987 5148 restitui,
1024 5100 1334 5154 quanquam
1370 5086 1436 5138 iis
1459 5078 1739 5154 detractis;
1762 5082 1896 5135 nihil
1932 5078 2071 5154 uilici
2121 5081 2335 5154 videtur

755 5149 1062 5217 sententiae,
1084 5149 1243 5224 prout
1264 5171 1381 5209 eam
1404 5155 1624 5209 exhibet
1643 5151 1706 5208 C.
1724 5151 1785 5224 PA.
1808 5154 1909 5224 hoc
1936 5152 2092 5205 modo
2114 5168 2141 5224 ιΔ
2166 5149 2337 5221 Ὁρῶ-

756 5244 855 5296 μεν
902 5228 959 5279 δὲ
1006 5220 1099 5278 καῖ
1144 5226 1417 5279 πολύτλαν
1452 5227 1662 5296 ἐκεῖνον
1712 5222 1833 5275 ’1ὼό
1862 5223 2015 5296 ,ὲντῇ
2051 5220 2185 5296 πρὸς
2210 5220 2337 5284 τοὺς

750 5294 994 5367 βασιλεῖς
1026 5297 1279 5362 διαλέξει,
1313 5298 1397 5350 ὅτι
1427 5295 1600 5367 πολλά
1627 5294 2045 5367 καυχησάμενος
2076 5295 2135 5367 ου
2170 5309 2336 5367 κατα-

748 5361 1015 5437 κρίνεται,
1048 5361 1205 5429 ουτος
1225 5369 1281 5420 δὲ
1312 5366 1703 5419 ὑπευθύνεται.
1738 5361 1969 5437 Ἐπειδὴ
1999 5367 2026 5415 6
2061 5361 2335 5437 uescina;

760 5431 902 5500 ’itbb',
930 5454 1035 5494 ειν.
1074 5440 1341 5493 Caeterum
1377 5453 1527 5507 reges
1571 5437 1803 5505 appellat
1851 5431 2069 5507 amicos
2102 5431 2328 5507 Jobiiex

747 5510 982 5564 editione
1026 5509 1166 5563 LXX
1204 5506 1581 5579 interpretum,
1618 5510 1707 5576 qui
1741 5506 1969 5579 singulis
1990 5506 2329 5579 _nomiuibus

751 5594 943 5633 eorum
980 5582 1187 5634 titulum
1221 5580 1282 5632 τὺ
1320 5574 1573 5651 βασιλεύς
1619 5574 1861 5651 apponit.
1896 5575 1962 5651 Et
1986 5574 2188 5628 Ptneda
2228 5589 2325 5627 no-

749 5660 859 5704 ster
891 5667 1015 5704 eum
1050 5652 1219 5705 locum
1249 5648 1615 5718 interpretans
1649 5664 1801 5717 reges
1836 5648 2001 5700 fuisse
2043 5660 2141 5714 pro
2174 5656 2325 5700 certo

751 5724 903 5786 [ouit
941 5727 991 5774 in
1028 5721 1119 5775 lib.
1157 5720 1337 5775 Tobiae.
1364 5717 1484 5790 cap.
1524 5735 1559 5772 ιι
1592 5738 1604 5774 ι
1647 5719 1853 5772 Diserte
1874 5735 2016 5788 reges
2050 5717 2324 5790 appellan-

749 5802 888 5848 tur:
924 5794 1063 5847 Nam
1106 5793 1240 5845 sicut
1292 5788 1445 5847 beato
1489 5790 1625 5845 Jobo
1682 5793 2009 5844 insultubant
2067 5788 2320 5857 reges,ita

745 5866 789 5915 ta
819 5864 835 5914 ί
864 5876 1105 5939 parentes
1132 5875 1177 5917 et
1212 5870 1418 5939 cognati
1449 5866 1562 5931 ejus
1590 5864 1905 5939 inridebunt.
2056 5930 2067 5939 .
2206 5928 2216 5939 _

824 5930 933 6005 (se,
984 5935 1046 5989 ιί
1082 5955 1234 5991 sacra
1268 5930 1494 6007 unum
1528 5941 1733 5990 ducent.
1783 5933 1896 5989 lloc
1946 5930 2316 5987 testimonium

2442 4957 2525 5003 ex~
2545 4958 2666 5012 cap.
2698 4957 2809 5005 xw,
2860 4957 2913 4998 ν.
2939 4942 2996 5005 4,
3029 4941 3150 4996 libri
3200 4938 3302 4997 Job
3332 4943 3670 5009 tlesumptum
3711 4941 3867 5010 juxta
3904 4958 4026 4995 ver-

2444 5016 2653 5067 sionem
2682 5012 2826 5066 LXX
2863 5012 3087 5081 interpr.
3124 5013 3216 5079 qui
3254 5014 3579 5066 versiculum
3617 5022 3871 5079 quartum
3900 5029 4027 5066 cum

2444 5083 2601 5137 initio
2632 5084 2888 5138 versiculi
2913 5084 3109 5151 quinti,
3135 5083 3221 5136 ubi
3250 5082 3318 5137 de
3342 5084 3605 5136 brevitate
3633 5082 3757 5137 vita:
3791 5084 4028 5136 hominis

2449 5158 2650 5221 agitur,
2697 5154 3092 5223 eonjungentes
3146 5154 3411 5217 integram
3447 5156 3756 5219 hujusmoiti
3796 5166 4026 5206 senten-

2445 5225 2572 5277 tiam
2608 5224 2960 5279 confecerunt
2991 5241 3005 5279 :
3039 5225 3171 5288 Quis
3211 5224 3348 5276 enim
3388 5228 3615 5277 mundus
3640 5226 3737 5275 erit
3769 5240 3800 5275 a
3826 5228 4028 5280 sorde?

2443 5295 2509 5347 At
2564 5312 2735 5358 nemo,
2781 5297 2880 5349 etsi
2930 5298 3087 5348 unius
3138 5295 3240 5347 diei
3284 5297 3351 5347 sit
3392 5297 3498 5348 vita
3558 5297 3670 5364 ejus
3708 5310 3866 5362 super
3914 5307 4026 5346 ter-

2440 5381 2556 5417 ram
2587 5381 2606 5416 :
2672 5366 2768 5429 Tt;
2822 5367 2933 5436 γὰρ
2987 5365 3228 5434 καθαρὸς
3276 5366 3426 5417 ἔσται
3461 5367 3568 5417 ἀπὸ
3617 5367 3825 5433 ρύπου;
3881 5365 4025 5417 Ἀλλ’

2436 5437 2611 5500 οὐδεὶς
2649 5437 2745 5488 ὲάν
2786 5439 2881 5489 καὶ
2930 5438 3027 5505 μία
3076 5437 3260 5505 ἡμέρα
3302 5437 3330 5487 ὁ
3382 5436 3498 5504 βίος
3547 5436 3715 5488 αὐτοῦ
3747 5438 3840 5488 ἐπὶ
3884 5436 4021 5504 γῆν.

2437 5506 2588 5561 Hane
2622 5520 2941 5563 sententiam
2987 5508 3175 5561 Patres
3211 5507 3362 5560 multi
3423 5521 3743 5577 receperunt
3774 5517 3828 5560 et
3857 5523 4022 5560 usur-

2434 5590 2564 5646 pant
2600 5597 2612 5631 :
2649 5578 2901 5637 Clemens
2925 5579 3078 5631 Alex.
3126 5579 3217 5631 lib.
3240 5593 3278 5631 ιι
3314 5577 3511 5632 Strom.
3542 5594 3591 5632 et
3634 5580 3723 5631 ιιι».
3756 5593 3846 5641 Iv;
3883 5580 4019 5630 Ain-

2433 5648 2672 5713 brosius,
2728 5650 2782 5703 in
2835 5648 3078 5710 Lucam;
3129 5650 3568 5714 Augustinuan
3621 5648 3773 5702 Psal.
3820 5648 4019 5713 I;Leo

2435 5719 2670 5787 pontifex
2693 5758 2709 5785 ,
2750 5735 2917 5774 serm.
2956 5719 3029 5773 De
3058 5717 3314 5783 Natu-iu;
3358 5718 3687 5785 Bernardus,
3718 5735 3885 5774 Serm.
3920 5719 4014 5783 20.

2431 5792 2485 5843 in
2526 5792 2706 5857 Cant.,
2738 5807 2873 5862 quos
2908 5807 3098 5845 omnes
3141 5792 3258 5859 lege
3292 5792 3435 5859 apud
3470 5790 3730 5848 Pinedatn
3763 5804 4017 5845 nostrum

2432 5863 2485 5917 in
2516 5864 2745 5920 eruditis
2777 5862 3084 5919 Comment.
3118 5876 3238 5932 Cap.
3275 5862 3439 5917 dicto.
