4208 6438
206 408 314 473 369

1592 398 1915 470 nonum
1960 413 2113 472 xw.

3366 421 3474 486 3'70

206 524 490 593 ἁμαρτίας
512 528 577 595 τῇ
604 525 786 595 ῥάϐδῳ
809 524 908 592 τῆς
926 524 1139 584 ἐλπίδος
1164 525 1579 593 ἐπερειδόμενος
1618 530 1786 591 προσ-

1902 526 2148 579 laudabili
2182 543 2301 579 runt
2332 532 2579 593 audacia,
2616 543 2668 584 ut
2694 533 2906 599 quidam
2934 552 2992 588 ex
3024 534 3271 589 Patribus
3297 537 3469 603 loqui-

205 617 403 684 εὑχετο
438 616 559 684 μετ’
602 615 1008 684 ἐπαινουμένης
1064 615 1364 677 ἀναιδείας,
1431 619 1666 684 πατρική
1708 632 1789 678 τις

204 705 324 759 εἴτε
358 709 535 777 φωνή.
583 709 754 777 Ἐστη
792 703 886 761 οὖν
916 707 1103 776 τηλόθι
1155 707 1493 777 δακρυχέων,
1532 707 1625 758 καὶ
1660 709 1783 773 στή-

206 800 301 853 θεα
340 801 501 868 χερσὶ
540 801 879 862 πατάσσων,
919 799 1052 869 ώςή
1088 798 1375 867 θεολογικη
1430 798 1605 867 μοῦσά
1632 815 1785 867 φησι.

204 894 301 943 Διά
335 892 389 943 τί
418 893 474 943 δὲ
509 892 583 960 μὴ
624 892 723 961 τὴν
759 892 1005 962 κεφαλὴν
1048 892 1298 955 ἔτυπτεν,
1330 892 1363 961 ἢ
1401 892 1467 943 τά
1491 894 1715 959 γόνατα,
1754 892 1786 961 ἢ

204 981 331 1034 ἄλλο
365 982 535 1051 μέρος
584 981 679 1034 τοῦ
729 980 1006 1054 σώματος,
1039 983 1176 1036 ἀλλά
1213 981 1506 1053 τὸστῆθος
1547 984 1788 1037 ἐπατασ-

207 1089 329 1137 σεν;

278 1187 296 1217 ι
348 1167 595 1219 Ἐτυπτε
630 1165 761 1237 γὰρ,
788 1167 973 1236 φησὶν,
1002 1168 1082 1230 είς
1104 1170 1164 1221 τὸ
1187 1169 1383 1239 στῆθος
1406 1167 1570 1222 αὑτοῦ
1594 1168 1787 1237 λέγων·

218 1254 275 1307 '0
315 1256 476 1319 Θεὸς,
506 1258 757 1326 ἱλάσθητί
787 1277 877 1328 μοι
940 1258 1018 1328 τῷ
1046 1261 1381 1330 ἁμαρτωλῷ.
1428 1280 1447 1313 ι
1482 1261 1702 1331 Ἐπειδὴ
1726 1263 1791 1315 ὲκ

205 1348 300 1411 τῆς
327 1332 565 1417 καρδίας
605 1351 653 1402 oi
692 1350 965 1419 λογισμοὶ,
997 1354 1045 1403 οί
1087 1353 1227 1423 πρὸς
1283 1352 1597 1417 πλεονεξίαν
1628 1353 1790 1406 αὑτὸν

204 1441 595 1509 διεγείροντες,
622 1442 716 1495 καὶ
728 1446 847 1505 ταῖς
888 1445 1042 1514 χερσὶ
1061 1445 1193 1514 πρὸς
1210 1445 1281 1497 τὰ
1297 1446 1510 1515 πονηρά
1526 1445 1790 1515 λήμματα

205 1530 515 1601 χρώμενος.
572 1534 637 1586 Ἦ
689 1535 746 1587 δὲ
797 1535 998 1607 τοπικὴ
1026 1536 1126 1606 τῆς
1166 1536 1399 1607 καρδίας
1438 1537 1588 1599 θέσις
1620 1539 1678 1589 ὲν
1714 1538 1791 1606 τῷ

208 1624 396 1693 στήθει
438 1625 613 1687 ἐστὶν,
666 1628 893 1689 είκότως
920 1628 1115 1682 τύπτει
1165 1630 1224 1682 τὸ
1253 1630 1486 1700 πονηρὸν
1520 1631 1793 1698 ἐργαστή-

206 1730 320 1783 ριον
355 1716 556 1779 αὑταῖς
578 1719 701 1781 ταῖς
730 1720 943 1789 χερσὶν,
974 1713 1062 1783 αἷς
1107 1719 1246 1791 πρὸς
1272 1720 1593 1785 πλεονεξίαν
1622 1722 1790 1792 ἐχρή-

208 1821 361 1860 σατο.

279 1919 299 1951 ι
351 1901 417 1953 ὐ
466 1901 625 1966 Θεὸς,
680 1902 931 1973 ἱλάσθητί
992 1922 1083 1975 μοι
1136 1905 1215 1975 τῷ
1264 1905 1597 1977 ἁμαρτωλῷ.
1640 1924 1658 1957 ι
1712 1907 1788 1960 Οὐ
1825 1866 1869 1922 Β

204 1994 567 2063 δικαιωθῆναι
604 1996 788 2064 ζητεῖ,
834 1997 951 2068 ᾔδει
982 1997 1100 2069 γὰρ’
1144 1998 1338 2052 ἑαυτὸν
1369 1999 1588 2063 ἀνάξιον
1632 1998 1792 2053 τοῦτο

207 2086 420 2152 λαϐεῖν,
478 2089 595 2140 ἀλλ’
643 2089 805 2142 ἵλεων
850 2091 1001 2159 αὑτῷ
1046 2091 1306 2159 γενέσθαι
1350 2093 1663 2163 παρακαλεῖ
1698 2094 1792 2145 τον

209 2179 343 2232 Θεόν
372 2196 386 2208 ·
437 2182 535 2232 καὶ
568 2181 628 2232 τὸ
657 2180 911 2235 ἐντεῦθεν
941 2184 1002 2234 τὸ
1034 2186 1267 2253 πρᾶγμα
1303 2186 1669 2254 ἀνέστραπτο.
1733 2186 1792 2238 '0

213 2268 311 2339 μὲν
352 2270 467 2339 γὰρ
508 2271 807 2340 Φαρισαῖος
840 2267 930 2324 οἷα
958 2273 1175 2345 δένδρον
1226 2275 1413 2344 κομῶν
1443 2276 1521 2346 τῷ
1566 2275 1788 2347 καρπῷ,

210 2360 307 2429 τῆς
335 2362 449 2413 τῶν
470 2363 704 2415 ἐντολῶν
723 2363 996 2435 φυλακῆς.
1020 2366 1279 2437 ἐξαίφνης
1296 2367 1372 2430 ώς
1396 2369 1502 2420 ὑπ’)
1535 2369 1791 2437 ῥαγδαίου

212 2454 552 2525 πνεύματος,
589 2454 667 2524 τῷ
734 2456 833 2524 τῆς
888 2457 1195 2523 κενοδοξίας
1229 2460 1417 2528 ἀνέμῳ
1452 2460 1790 2529 ἐκτιναχθεὶς

210 2545 401 2616 ὡράθη
456 2549 703 2617 γυμνὸς,
774 2548 850 2611 ώς
899 2549 1215 2618 τερέϐινθος
1266 2551 1680 2618 ἀποδεόληκυία
1725 2552 1794 2604 τὰ

210 2638 406 2704 φύλλα,
455 2640 517 2692 τὸ
548 2640 642 2691 τοῦ
692 2630 919 2694 Ἡσαΐου
948 2644 1147 2696 εἰπεῖν.
1184 2643 1246 2694 '0
1274 2644 1331 2696 δὲ
1360 2645 1794 2715 πεφορτισμένος

208 2732 305 2799 τῆς
348 2732 726 2803 φιλαργυρίας
773 2734 865 2786 τὸν
916 2735 1188 2804 μόλιϐδον,
1224 2738 1305 2789 ἐνὶ
1343 2737 1487 2807 λόγῳ
1540 2739 1789 2806 νουνεχεί

210 2824 302 2877 καὶ
326 2826 575 2893 σχήματι
602 2826 847 2895 ταπεινῷ
904 2829 963 2879 το
997 2828 1162 2897 βάρος
1194 2830 1301 2881 τῶν
1327 2831 1515 2883 κακῶν
1540 2831 1795 2883 ἀποτίθε-

207 2930 317 2966 ται.
356 2914 598 2982 Ἰλιγγιῶ
630 2915 1004 2984 λογιζόμενος,
1043 2918 1160 2979 πῶς
1192 2921 1220 2971 6
1248 2919 1483 2981 δείλαιος
1502 2920 1794 2989 Φαρισαῖος

208 3007 394 3077 φέρων
422 3008 526 3076 τὴν
560 3009 757 3061 ἑαυτοῦ
793 3009 971 3080 ψυχὴν
994 3052 1011 3075 ,
1054 3010 1310 3080 καθάπερ
1348 3011 1548 3063 ὁλκάδα
1585 3013 1796 3081 μυρίων

208 3097 535 3165 πλήθουσαν
570 3100 877 3167 ἀγωγίμων
900 3142 912 3160 ,
962 3100 1042 3161 είς
1084 3101 1176 3152 τὸν
1213 3102 1408 3170 λιμένα
1442 3103 1610 3156 αὑτοῦ
1646 3103 1794 3173 ἱεροῦ

1896 628 1998 682 tur,
2037 621 2380 687 precabatur.
2425 622 2579 676 Stetit
2607 625 2770 691 igitur
2800 626 2952 691 longe
2977 627 3395 692 tollacrymans,
3420 639 3474 679 et

1898 712 2129 765 tondens
2178 723 2394 779 pectora
2451 716 2663 783 palmis,
2720 729 2777 770 ιιι
2834 719 2907 770 ait
2946 720 3245 789 theologica
3297 737 3472 776 musa.

1892 796 2071 864 Quare
2128 810 2307 854 autem
2362 816 2533 870 neque
2582 817 2760 872 caput,
2812 821 2987 876 neque
3038 824 3246 877 genua,
3304 830 3473 882 neque

1892 892 2052 947 aliam
2087 894 2331 961 corporis
2361 899 2699 966 partetn,sed
2741 909 2927 966 pectus
2959 904 3202 969 pulsabat
3238 911 3257 934 ἰ

1970 1180 1990 1214 ι
2024 1160 2389 1228 Percutiebat,
2422 1175 2617 1233 inquit,
2640 1177 2831 1235 pectus
2861 1182 3012 1221 suum
3050 1165 3235 1222 dicens
3264 1188 3277 1223 ;
3313 1169 3474 1231 Deus,

1894 1256 2163 1323 prepitius
2193 1266 2309 1311 esto
2350 1259 2482 1311 mihi
2514 1260 2809 1325 peccatori.
2860 1279 2877 1311 ι
2912 1259 3173 1314 Nimirum
3205 1280 3268 1315 ex
3306 1265 3473 1315 corde

1896 1349 2255 1418 cogitationes
2285 1351 2350 1403 ad
2402 1352 2681 1404 avaritiam
2732 1353 2906 1420 ipsum
2949 1354 3246 1406 excitantes
3285 1369 3476 1422 erupe-

1894 1450 2049 1505 rant;
2078 1451 2131 1495 et
2164 1444 2411 1497 manibus
2433 1443 2546 1513 99
2574 1445 2637 1495 ad
2674 1446 2900 1498 alienam
2948 1460 3061 1499 rem
3108 1446 3300 1513 injuste
3333 1447 3479 1497 arci-

1894 1531 2143 1600 piendam
2196 1532 2395 1588 abusus
2444 1533 2641 1588 luerat.
2686 1532 2859 1589 Locus
2890 1536 3056 1600 enim,
3092 1535 3141 1589 in
3176 1551 3283 1604 quo
3315 1537 3477 1588 situm

1894 1633 1977 1676 est
2051 1638 2164 1687 cor,
2236 1634 2425 1693 pectus
2479 1636 2583 1681 est.
2645 1622 2834 1679 Merito
2896 1627 3057 1695 igitur
3120 1628 3479 1694 improbitatis

1893 1714 2161 1770 oﬂicinam
2212 1717 2463 1771 manibus
2500 1718 2689 1772 iisdem
2731 1719 3006 1783 verberat,
3050 1735 3167 1787 qua:
3200 1722 3265 1772 ad
3302 1720 3479 1771 atat-i-

1903 1805 2028 1860 tiam
2062 1806 2280 1861 fuerant
2313 1806 2608 1863 famulam.

1976 1916 1993 1949 ι
2036 1896 2205 1958 Deus.
2229 1897 2494 1968 propitius
2521 1908 2638 1954 esto
2657 1901 2783 1954 mihi
2814 1901 3105 1969 peceatori.
3135 1921 3152 1953 ι
3184 1901 3294 1955 Non
3329 1902 3480 1969 petit,

1900 2000 1957 2044 ut
1986 1990 2354 2061 iustiﬁcetur;
2401 1992 2616 2047 videbat
2646 1994 2789 2048 enim
2823 2010 2881 2048 se
2914 1996 3215 2063 indignum,
3258 1997 3347 2063 qui
3383 1996 3481 2047 hoe

1902 2084 2244 2151 impetraret;
2276 2084 2368 2138 sed
2405 2083 2567 2138 Deum
2606 2087 2894 2155 prepitinm
2927 2088 3027 2140 sibi
3059 2102 3176 2142 esse
3204 2097 3475 2154 precatur.

1904 2178 2081 2246 Atque
2140 2178 2334 2231 exinde
2387 2177 2438 2230 in
2503 2182 2833 2233 contrarium
2893 2196 3064 2235 versre
3116 2194 3239 2236 sunt
3300 2196 3479 2233 rerum

1899 2272 2069 2325 vices.
2121 2268 2335 2323 Etenim
2386 2271 2694 2327 Pharisaeus
2741 2275 2895 2341 quasi
2947 2275 3113 2328 arbor
3161 2274 3483 2343 supeibiens

1902 2362 2118 2427 fructu,
2171 2362 2532 2417 observantiae
2585 2375 2974 2432 praeceptorum
3030 2375 3248 2435 repente
3310 2367 3483 2422 inanis

1902 2451 2086 2522 gloria:
2117 2461 2297 2517 vento,
2325 2464 2381 2507 ut
2413 2469 2440 2507 a
2467 2455 2656 2523 Spiritu
2685 2456 2924 2511 violento
2955 2471 3273 2521 concussus,
3305 2460 3482 2511 nudus

1903 2546 2183 2610 apparuit,
2228 2555 2283 2599 et
2339 2548 2487 2612 quasi
2542 2548 2897 2611 terebinthus,
2932 2549 3153 2616 abiectis
3208 2549 3373 2615 foliis,
3426 2560 3483 2604 ut

1903 2634 2032 2689 illud
2080 2636 2229 2691 Isaiae
2278 2653 2536 2707 usurpem
2584 2640 2650 2693 ⁸³.
2689 2639 2783 2693 llic
2833 2650 3011 2694 autem
3060 2643 3297 2695 avaritia:
3329 2644 3480 2710 quasi

1903 2728 2121 2797 plumbo
2174 2741 2563 2800 praegravatus,
2613 2747 2718 2784 uno
2750 2732 2917 2785 verbo
2949 2734 3221 2802 sapienter
3251 2736 3484 2803 prolato,

1903 2820 2195 2890 habituque
2256 2821 2536 2889 demisso,
2600 2838 2741 2877 onus
2805 2826 3053 2894 deposuit
3116 2835 3479 2892 peccatorum.

1902 2912 2175 2965 Attonitus
2222 2911 2437 2978 barren,
2480 2928 2600 2967 cum
2634 2915 2891 2981 reCogilo,
2920 2930 3027 2984 quo
3086 2928 3242 2984 picto
3303 2916 3482 2969 infelix

1903 3004 2209 3059 Pharisazus
2260 3006 2499 3060 animam
2548 3023 2698 3061 suam
2748 3009 2901 3075 quasi
2953 3008 3131 3061 navim
3178 3009 3483 3062 onerariam

1873 3098 2177 3163 ,sexeeutis
2208 3099 2457 3152 refertam
2492 3100 2761 3154 mercibus
2793 3100 3014 3163 vehens,
3044 3110 3097 3153 et
3130 3113 3281 3166 portu
3320 3104 3482 3154 etiam

207 3189 531 3257 πεφθακὼς,
579 3193 673 3243 καὶ
707 3192 815 3244 τῶν
856 3190 949 3244 τοῦ
995 3195 1116 3254 νοδς
1155 3194 1432 3263 πηδαλίων
1474 3195 1792 3266 ἠμεληκὼς,

1910 3191 2025 3261 ipse
2076 3191 2257 3259 templi
2311 3202 2492 3259 capto,
2555 3194 2752 3247 mentis
2804 3192 3047 3263 neglecto
3098 3196 3461 3263 gubernaculo

207 3282 410 3345 ἀθλίοις
457 3283 615 3353 ῶξθη
662 3286 1056 3355 νεναυαγηκώς
1088 3303 1102 3317 °
1131 3288 1218 3339 διὰ
1248 3287 1339 3352 τί;
1398 3306 1415 3337 ι
1450 3289 1574 3340 Ὅτι
1622 3290 1728 3352 πᾶς
1768 3290 1797 3341 6

208 3375 359 3444 ὑψῶν
387 3376 590 3428 ἑαυτὸν
620 3378 1120 3447 ταπεινωθήσεται,
1160 3382 1253 3432 καὶ
1281 3382 1309 3433 6
1343 3382 1620 3433 ταπεινῶν
1662 3383 1792 3434 ὲαυ⁶

205 3468 293 3519 τὸν
336 3468 718 3539 ὑψωθήσεται.
761 3488 777 3520 ι
828 3474 988 3523 Δοκεῖ
1033 3489 1125 3540 μοι
1173 3472 1413 3526 ενταὺοα
1467 3467 1797 3545 ὑπογραφὴν

206 3578 324 3613 τινα
376 3563 657 3615 ποιεῖσθαι
698 3565 726 3615 6
767 3563 972 3632 Κύριος
1019 3567 1117 3632 τῆς
1158 3567 1387 3637 οἰήσεπις
1456 3570 1543 3620 καὶ
1569 3570 1667 3638 τῆς
1696 3586 1796 3622 τα·

207 3655 527 3715 πεινιὶσεως
564 3670 577 3684 ·
627 3656 721 3705 καὶ
774 3655 917 3723 τάχα
960 3673 1043 3717 τις
1090 3657 1154 3707 ὲκ
1217 3657 1423 3708 τούτων
1470 3658 1798 3726 ὁρμώμενος

206 3748 395 3800 ἄνοδον
420 3748 517 3799 ἐπὶ
549 3749 618 3799 τὰ
648 3748 801 3800 κάτω
828 3749 927 3817 τὴν
956 3746 1269 3812 κενοδοξίαν
1300 3750 1571 3819 ὁρίσαιτο.
1627 3749 1800 3802 Τοῦτο

208 3842 312 3909 γὰρ
366 3841 467 3893 καὶ
523 3841 743 3911 ἱστορία
794 3841 1005 3894 παλαιά
1063 3841 1416 3910 συμϐολικῶς
1473 3842 1796 3915 ὑπῃνίξατο.

219 3934 492 4004 ’Ᾱὸειρὼν
524 3936 633 4003 γαρ
660 3936 754 3987 καὶ
788 3935 969 3987 Δαθαν
1004 3935 1145 4006 ὑπὲρ
1188 3937 1316 3999 τοὺς
1362 3935 1558 3999 ἄλλους
1591 3939 1799 4002 πάντας

209 4028 444 4091 ἑαυτοὺς
500 4028 741 4098 ἄραντες
795 4026 1158 4093 ἀλαζονικῶς,
1214 4032 1307 4081 καὶ
1365 4032 1463 4095 τῆς
1517 4032 1800 4101 ἱεροσύνης

208 4122 347 4186 σφᾶς
384 4119 577 4183 ἀξίους
605 4120 892 4190 κρίναντες
926 4120 1167 4187 ἰταμῶς,
1204 4120 1304 4189 τῆς
1338 4120 1441 4188 γῆς
1468 4121 1799 4190 διασχουσης

208 4212 522 4264 κατέδυσαν
555 4214 612 4263 ὲν
636 4210 715 4280 τῷ
741 4211 1018 4281 χάσματι,
1044 4212 1139 4263 καὶ
1165 4209 1472 4279 ὑψωθέντες
1492 4214 1558 4280 τῇ
1588 4211 1800 4281 διανοίᾳ

209 4303 686 4374 ἐταπεινώθησαν.
720 4305 863 4367 Πρὸς
889 4304 1060 4358 ταῦτα
1093 4305 1451 4368 σκοποῦντες,
1494 4306 1796 4373 ἀγαπητοὶ,

210 4396 537 4469 μετριάζειν
590 4395 1044 4464 ἐκπαιδενθῶμεν
1066 4436 1081 4459 ,
1111 4396 1207 4448 καὶ
1240 4396 1313 4465 μὴ
1338 4394 1549 4460 ἀλόγως
1578 4396 1802 4465 ἐπαίρε-

212 4488 337 4541 σθαι
364 4502 383 4519 ·
426 4488 505 4558 μὴ
534 4487 580 4541 δ’
615 4490 780 4557 εἴπερ
812 4489 945 4557 ἡμῖν
974 4504 1027 4539 τι
1060 4486 1169 4539 τῶν
1203 4486 1398 4549 δεξιῶν
1434 4485 1801 4557 κεκατώρθω-

1906 3284 2286 3338 miserabiliter
2330 3284 2666 3353 naulraginm
2715 3283 2893 3337 facere
2940 3286 3086 3337 visus
3133 3297 3236 3339 ρει.
3282 3286 3485 3350 Quam-

1903 3376 2128 3430 obrem?
2156 3394 2172 3427 t
2197 3376 2330 3442 Quia
2358 3379 2534 3430 omnis
2556 3378 2644 3442 qui
2678 3392 2734 3429 se
2762 3376 2962 3429 eXaIIat
2996 3376 3403 3443 Immiliabitnr;
3433 3393 3479 3435 θ’

1904 3470 1995 3537 ιιιιί
2038 3483 2097 3523 se
2143 3470 2430 3534 lmmilial,
2489 3471 2837 3524 exaltabitur.
2901 3489 2919 3521 ι
2967 3470 3064 3524 llic
3100 3472 3227 3524 mihi
3274 3472 3486 3526 videtur

1904 3557 2323 3625 descriptionem
2359 3562 2643 3629 quamdam
2681 3560 2859 3615 facere
2912 3562 3167 3617 Dominus
3222 3563 3486 3629 superbia:

1909 3657 1962 3700 et
1994 3648 2333 3703 humilitatis.
2373 3651 2440 3704 Et
2474 3652 2702 3706 fortasse
2736 3652 3003 3720 quispiam
3051 3654 3133 3707 his
3176 3656 3355 3707 verbis
3384 3656 3484 3706 im-

1907 3739 2091 3809 pulsus
2141 3742 2357 3794 inanem
2406 3742 2652 3811 gloriam,
2701 3746 3065 3799 reversionem
3114 3745 3178 3798 ad
3232 3745 3483 3799 inferiora

1907 3848 2026 3887 esse
2054 3834 2339 3888 detinierit.
2378 3835 2489 3890 Hoc
2517 3836 2659 3889 enim
2700 3838 2863 3892 etiam
2899 3850 3053 3892 vetus
3083 3838 3305 3892 historia
3338 3855 3485 3909 symo

1907 3926 2083 3981 bolice
2112 3926 2350 3981 involvit.
2384 3929 2583 3981 Abirou
2621 3931 2761 3984 enim
2798 3940 2851 3984 et
2917 3932 3122 3985 Dathan
3166 3942 3487 4001 arroganter

1908 4034 1967 4073 se
1995 4033 2155 4087 supra
2186 4019 2319 4073 alios
2344 4021 2653 4083 rﬂ‘erentes,
2678 4034 2731 4075 et
2764 4023 3067 4076 sacerdotio
3097 4025 3283 4092 dignos
3309 4042 3363 4077 se
3394 4041 3487 4093 per

1911 4109 2301 4177 impudentiam
2328 4111 2677 4174 arbitrantes,
2703 4112 3021 4167 debi~Cenle
3044 4123 3182 4166 terra
3210 4116 3259 4165 in
3282 4114 3484 4167 hiatum

1908 4202 2216 4266 subierunt,
2264 4212 2317 4255 et
2381 4205 2470 4270 qui
2534 4218 2627 4258 Sua
2692 4206 3019 4274 rogitatione
3068 4206 3193 4260 elati
3251 4206 3485 4265 fuerant,

1909 4294 2151 4364 depressi
2184 4304 2333 4349 sunt.
2362 4296 2475 4349 Huc
2500 4297 2739 4349 animum
2770 4298 3131 4364 advertentes,
3159 4300 3485 4366 charissimi,

1909 4390 2203 4445 doceamur
2232 4392 2472 4446 modeste
2506 4408 2599 4446 nos
2625 4408 2831 4463 gerere,
2869 4408 3045 4463 neque
3078 4410 3237 4464 supra
3270 4396 3485 4447 modum

1908 4484 2193 4537 extollere.
2229 4482 2415 4551 Neque
2453 4485 2497 4538 si
2537 4486 2663 4554 quid
2710 4497 2854 4538 recte
2889 4498 3099 4555 gestum
3138 4502 3165 4539 a
3198 4486 3350 4539 nobis
3384 4496 3485 4551 est,

206 4601 337 4645 ται,
376 4583 471 4635 διὰ
503 4581 667 4635 τοῦτο
714 4582 1056 4650 ὑπερφέρειν
1096 4580 1203 4632 τῶν
1247 4579 1423 4634 ἄλλων
1466 4578 1796 4651 νομίζωμεν.

1913 4575 2118 4631 idcirco
2149 4576 2516 4645 prmfereudos
2544 4594 2639 4632 nos
2670 4580 2789 4633 aliis
2815 4578 3205 4634 existimemus.
3238 4581 3341 4633 Sed
3364 4596 3488 4634 cum

220 4675 384 4727 Ἀλλά
421 4672 822 4745 κατορθοῦντες
855 4672 1081 4741 ψάλλειν
1124 4671 1469 4742 διδαχθῶμεν
1511 4674 1652 4742 μετά
1702 4673 1796 4727 τοῦ

209 4767 373 4819 Δαδίδ
406 4782 419 4797 ·
462 4785 481 4817 ι
520 4767 613 4835 Μὴ
652 4766 810 4835 ἡμῖν,
844 4765 1042 4836 Κύριε,
1078 4765 1157 4834 μὴ
1191 4766 1347 4833 ἡμῖν,
1375 4764 1490 4819 ἀλλ’
1520 4766 1578 4817 ἐν
1607 4764 1690 4819 σοὶ
1710 4765 1799 4827 δὸς

206 4855 337 4923 ἡμῖν
396 4853 798 4922 ἐγκαυχᾶσθαι.
862 4872 882 4906 ι
928 4855 1088 4924 Παρὰ
1145 4870 1240 4907 σου
1281 4855 1389 4924 γάρ
1447 4872 1465 4906 ι
1506 4856 1535 4907 6
1577 4855 1799 4920 ἐπαινος

208 4949 366 5015 ἡμῶν
413 4948 474 4999 ὲν
506 4946 777 5018 ἐκκλησίᾳ
814 4947 1057 5019 μεγάλῃ,
1099 4966 1118 5000 ι
1153 4947 1247 5000 τοῦ
1283 4948 1569 5016 μέλλοντος
1595 4950 1797 5022 δηλαδὴ

207 5040 426 5103 αίῶνος.
457 5039 706 5110 Ἀληθῶς
723 5043 833 5110 γὰρ
854 5059 871 5093 ι
914 5039 1160 5111 Καρδίαν
1205 5042 1678 5113 συντετριμμένην
1704 5043 1800 5096 καὶ

205 5137 696 5202 τεταπεινωμένην
715 5134 743 5185 6
777 5132 912 5197 Θεὸς
943 5134 1044 5187 οὑκ
1068 5133 1441 5197 ὲξουδενώσει,
1466 5153 1485 5186 ι
1514 5135 1629 5188 ἀλλ’
1655 5154 1671 5185 ι
1711 5138 1800 5190 Ἐν

206 5231 267 5299 τῇ
289 5227 629 5281 ταπεινώσει
657 5227 905 5297 ἐμνήσθη
926 5227 1126 5298 ἡμῶνό
1161 5228 1387 5298 Κύριος.
1426 5248 1444 5281 ι
1480 5229 1723 5283 Ἀστεῖον
1743 5230 1799 5283 δὲ

208 5322 433 5373 κακεῖνο
477 5317 878 5389 προσε;ρῆσθαι
936 5318 1031 5371 καὶ
1079 5319 1292 5388 χαρίεν,
1361 5318 1436 5384 ώς
1472 5319 1522 5372 οί
1561 5322 1803 5391 γεωργοὶ

206 5414 330 5473 τοὺς
387 5412 494 5481 μὲν
571 5412 724 5464 κάτω
792 5412 1117 5475 νενευκότας
1176 5411 1288 5463 τῶν
1342 5413 1633 5483 ἀσταχύων
1707 5416 1801 5469 καὶ

213 5503 500 5573 βρίθοντας
536 5503 709 5557 πολὺν
738 5503 833 5556 τὸν
864 5504 1081 5575 καρπὸν
1118 5505 1313 5575 φέρειν
1354 5505 1753 5577 τεκμαίρονται
1782 5525 1797 5539 ο

211 5596 334 5658 τοὺς
374 5594 433 5647 δὲ
495 5594 715 5664 ὀρθίους
790 5594 885 5648 καὶ
941 5595 1243 5665 ἀνεμώδεις
1282 5637 1299 5661 ,
1362 5596 1633 5662 ἀλαζόνας
1707 5600 1801 5653 καὶ

215 5688 405 5751 κενοὺς
466 5685 825 5757 ὀνομάζουσι.
899 5687 1009 5740 Καὶ
1062 5686 1175 5742 τῶν
1224 5685 1535 5757 ἀνθρώπων
1586 5690 1637 5741 oi
1701 5690 1803 5760 μὲν

282 5869 331 5904 ⁸³
367 5867 476 5926 lsa.
522 5885 600 5938 vt,
642 5868 700 5926 5.
817 5870 863 5903 "
904 5870 1047 5927 Psal.
1090 5886 1249 5940 cxtu,
1295 5871 1343 5927 1.

1421 5872 1466 5937 Ῥ
1506 5873 1671 5943 Ρεσ1.,
1696 5890 1809 5941 xxt,
1845 5871 1935 5929 26.

1908 4668 2112 4736 aliquid
2157 4668 2293 4724 bene
2340 4680 2394 4723 et
2438 4685 2499 4725 ex
2549 4668 2749 4723 virtute
2795 4680 2969 4723 aetum
3009 4687 3035 4722 ιι
3070 4671 3223 4724 nobis
3252 4671 3372 4738 erit,
3404 4674 3490 4726 'as-

1908 4775 2222 4817 suescamus
2246 4776 2439 4815 canere
2471 4777 2590 4815 cum
2622 4762 2820 4815 David:
2848 4782 2865 4813 ι
2901 4761 3016 4815 Non
3042 4763 3217 4827 nobis,
3245 4762 3491 4827 Domine.

1908 4871 2013 4911 non
2050 4856 2225 4919 nobis,
2265 4854 2355 4909 sed
2389 4857 2591 4910 nomini
2643 4865 2734 4909 tuo
2786 4857 2850 4909 da
2902 4856 3126 4924 gloriam
3163 4855 3251 4924 ἐς
3295 4876 3311 4908 ι
3356 4861 3493 4927 apud

1910 4958 1960 5001 te
1992 4936 2134 4999 enim
2164 4985 2179 5012 ,
2208 4964 2224 4996 ι
2252 4946 2392 5001 Laus
2416 4957 2600 4999 nostra
2629 4948 2682 5001 in
2704 4948 2936 5003 ecclesia
2962 4964 3155 5019 magna
3177 4950 3250 5014 ⁸⁸,
3289 4971 3306 5002 ι
3329 4950 3492 5004 futuri

1910 5037 2121 5093 scilicet
2175 5038 2375 5092 saeculi.
2432 5036 2573 5092 Vere
2648 5039 2791 5092 enim
2856 5058 2875 5091 ι
2936 5039 3040 5092 Cor
3092 5041 3385 5094 contrituut
3443 5050 3495 5093 et

1912 5130 2253 5185 humiliatum
2301 5145 2406 5182 non
2445 5129 2707 5197 despiciet
2748 5129 2888 5185 Deus
2922 5131 3001 5197 υς
3036 5132 3129 5185 sed
3170 5151 3186 5182 ι
3222 5134 3279 5185 In
3315 5134 3495 5185 Immi-

1913 5225 2062 5277 litate
2100 5225 2359 5277 Dominus
2391 5239 2599 5277 memor
2652 5224 2751 5276 l'uit
2803 5226 2973 5277 nostri
3023 5226 3093 5280 ⁸⁷.
3132 5245 3148 5276 ι
3184 5226 3492 5281 Jurundum

1913 5330 2074 5386 porro
2102 5316 2228 5378 erit,
2260 5326 2312 5369 et
2343 5314 2472 5368 illud
2512 5316 2672 5369 dictis
2702 5316 3021 5384 adjungere,
3066 5319 3207 5385 quod
3247 5320 3496 5387 agricola:

1909 5422 2047 5478 quas
2074 5409 2254 5476 spicas
2276 5423 2383 5477 pra:
2406 5423 2572 5462 onere
2605 5410 2841 5462 viderint
2868 5420 3149 5478 vergentes
3178 5412 3229 5463 iu
3270 5424 3491 5477 terram,

1910 5503 2133 5558 uberem
2188 5501 2422 5555 fructum
2476 5502 2735 5556 allaturas
2790 5518 2910 5557 esse
2964 5506 3299 5569 conjiciunt;
3359 5521 3493 5573 quas

1911 5609 2041 5649 vero
2084 5604 2263 5649 rectas
2295 5603 2440 5648 stare
2473 5608 2535 5648 ac
2574 5595 2733 5664 100
2764 5596 2937 5649 ventis
2971 5595 3255 5660 obnoxias,
3306 5610 3493 5663 snper-

1911 5688 2007 5744 bas
2037 5696 2091 5741 et
2145 5687 2334 5742 inanes
2382 5697 2597 5741 vocant.
2634 5687 2724 5743 Sic
2768 5698 2821 5741 et
2861 5687 3137 5741 hominum
3177 5688 3495 5758 quicunque

2013 5872 2060 5906 "
2102 5872 2246 5931 Psal.
2288 5891 2339 5942 ι,
2386 5874 2472 5931 l9.
2553 5875 2598 5908 "
2636 5872 2784 5931 Psal.
2824 5887 3027 5939 cxxxv,
3067 5873 3165 5932 27.
