4208 6438
761 417 858 477 371

1961 409 2455 477 TREOPHANIS
2489 414 2833 474 CERAMEI

3906 416 4011 482 379

760 522 882 575 elati
930 530 980 575 et
1013 531 1190 577 erecta
1223 524 1436 579 cervice
1467 532 1611 588 sunt,
1639 526 1814 578 omnis
1852 526 2069 579 virtutis
2113 534 2165 577 et
2206 538 2319 592 ιιιιιι

2442 523 2788 594 ὑπερήφανοι
2850 524 2944 577 καὶ
2978 525 3301 594 ὑψαύχενες,
3331 526 3546 597 ἄμοιροι
3582 526 3762 598 πάσης
3808 528 4011 598 ἀρετῆς

762 614 793 667 tl
833 614 956 667 ntim
995 625 1117 669 sunt
1143 625 1413 683 expertes.
1448 618 1547 681 Qui
1582 632 1713 670 vero
1744 631 1867 671 sunt
1919 618 2103 671 humili
2139 616 2329 686 spirittt

765 706 961 759 mullos
989 709 1210 775 gignunt
1243 709 1540 775 prutleutim
1572 709 1796 764 fructus.
1836 709 1899 762 Et
1933 710 2067 761 alias
2094 706 2332 775 profectu

761 798 1040 863 passiones
1106 798 1295 853 bestiis
1345 800 1506 852 etiam
1559 801 1888 863 conuenire,
1937 809 1990 852 et
2040 814 2067 851 a
2124 801 2331 852 ratione

763 892 934 944 aficna
986 906 1107 946 esse
1153 893 1552 962 comperimus;
1607 909 1836 963 quarum
1874 908 2034 947 causa
2074 892 2331 960 iumentis

763 983 1150 1049 insipientibus
1205 995 1512 1051 comparata
1579 997 1662 1042 est
1716 987 1950 1040 humana
2008 996 2219 1047 natura,
2276 993 2331 1037 et

758 1072 952 1126 similis
988 1072 1123 1125 facta
1154 1082 1235 1127 est
1267 1074 1391 1128 illis.
1430 1075 1553 1129 Sive
1591 1078 1733 1130 enim
1766 1078 1942 1146 rapiat
1968 1077 2111 1145 quis,
2139 1078 2213 1130 uti
2248 1076 2330 1129 leo

761 1177 819 1218 se
863 1164 1033 1232 gerit;
1068 1163 1181 1218 sive
1220 1166 1508 1225 irascatur.
1553 1174 1612 1218 ut
1653 1175 1871 1235 taurus;
1901 1170 2012 1223 sive
2042 1170 2328 1223 mulierum

767 1269 951 1308 amore
1007 1256 1279 1317 insaniat,
1339 1266 1397 1307 ιιι
1450 1271 1654 1325 equus;
1712 1259 1827 1314 sive
1882 1260 2200 1327 iujuriarum
2262 1261 2333 1315 sit

762 1358 985 1400 meumr.
1017 1356 1068 1397 ut
1109 1347 1389 1411 camelus;
1424 1349 1540 1404 sive
1570 1348 1623 1403 in
1652 1350 1981 1421 voluptatum
2019 1352 2146 1407 fimo
2180 1354 2333 1407 volu-

762 1443 926 1499 tetur,
959 1446 1011 1487 ut
1044 1441 1357 1491 scarabetts.
1390 1440 1458 1491 At
1485 1441 1752 1508 superbia
1778 1443 1968 1497 vitium
1993 1443 2214 1501 diabolo
2236 1459 2331 1499 nos

759 1526 965 1580 similes
999 1530 1172 1581 reddit
1200 1546 1213 1593 ;
1250 1530 1337 1583 ille
1362 1529 1502 1582 enim
1534 1532 1602 1585 ub
1630 1533 1914 1591 elationem
1949 1536 2188 1606 deiectus
2228 1546 2331 1592 est.

758 1616 835 1669 Ita
862 1618 902 1671 si
936 1620 1184 1686 superbia
1212 1635 1273 1673 ex
1296 1620 1500 1689 angelis
1528 1622 1798 1676 daemones
1822 1625 1973 1683 facit.
1999 1643 2334 1698 consequens

758 1716 862 1771 est,
910 1718 970 1760 ut
1020 1709 1294 1762 humilitas
1341 1727 1436 1763 nos
1471 1713 1640 1779 possit
1672 1728 1735 1766 ex
1765 1715 2094 1769 daemonibus
2126 1727 2335 1776 vertere

2438 618 2530 669 καὶ
2567 617 2929 687 φρονήσεως·
2975 619 3025 671 οἱ
3094 618 3151 672 δὲ
3198 620 3455 672 ταπεινὸν
3492 620 3707 689 ἔχοντες
3754 622 4010 690 φρόνημα

2434 708 2606 760 πολὺν
2634 708 2727 761 τὸν
2754 709 2968 777 καρπὸν
3000 711 3098 779 τῆς
3133 711 3449 781 φρονήσεως
3484 711 3865 781 ἐπιφέρονται.
3897 712 4011 762 Καὶ

2431 798 2500 850 τὰ
2532 800 2629 868 μὲν
2655 798 2790 852 ἀλλα
2823 800 2932 852 τῶν
2966 800 3157 852 παθῶν
3188 799 3339 870 εὖροι
3364 819 3448 863 τις
3482 802 3613 854 ὄντα
3647 802 4006 871 κτηνοπρεπῆ

2432 908 2489 942 τε
2524 892 2617 944 καὶ
2642 892 2811 958 ἄλογα
2841 907 2854 921 ·
2888 892 2956 944 δι’
2985 884 3116 961 ὧνή
3148 893 3258 945 τῶν
3290 893 3593 961 ἀνθρώπων
3627 892 3789 962 φύσις
3822 909 4006 960 παρα-

2434 982 2738 1052 συνεϐλήθη
2771 985 2885 1045 τοῖς
2913 985 3138 1053 κτήνεσι
3165 985 3279 1046 τοῖς
3307 985 3587 1052 ἀνοήτοις,
3620 986 3713 1037 καὶ
3738 984 4001 1053 ὡμοιώθη

2432 1077 2636 1138 αὐτοῖς.
2679 1077 2749 1129 Ἣ
2784 1074 2894 1144 γὰρ
2939 1076 3177 1147 ἁρπάζει
3206 1094 3290 1139 τις
3328 1076 3459 1129 ὡσεὶ
3483 1077 3641 1139 λέων,
3669 1078 3701 1139 ἢ
3734 1076 4006 1146 θυμοῦται

2432 1168 2509 1231 ὼς
2538 1168 2760 1238 ταῦρος,
2784 1169 2818 1239 ἢ
2846 1169 3151 1238 θηλυμανεῖ
3176 1168 3366 1238 ῶσπερ
3390 1170 3580 1231 ἵππος,
3611 1170 3643 1240 ἢ
3667 1171 4011 1239 μνησικακεῖ

2433 1260 2509 1323 ὡς
2542 1262 2574 1329 ἠ
2605 1259 2933 1330 κάμηλος,ἢ
2966 1264 3032 1331 τῇ
3064 1262 3255 1331 κόπρῳ
3280 1262 3388 1314 τῶν
3423 1263 3630 1331 ἡδονῶν
3669 1262 4009 1315 καλινδεῖται

2432 1349 2507 1413 ὡς
2558 1348 2853 1417 κάνθαρος.
2893 1350 2965 1403 Τὸ
3014 1350 3072 1403 δὲ
3127 1351 3226 1417 τῆς
3279 1350 3659 1421 ὑπερηφανίας
3705 1349 3878 1412 πάθος
3925 1347 4009 1417 τῷ

2432 1440 2667 1509 διαϐόλῳ
2688 1440 2992 1507 ὡμοίωται.
3034 1442 3275 1504 Ἐκεῖνος
3317 1441 3429 1509 γὰρ
3457 1442 3524 1493 δι’
3562 1442 3849 1512 ὲπάρσεως
3898 1457 4008 1492 κα-

2432 1533 2788 1604 ταϐέϐληται.
2815 1533 2982 1587 Ὥστε
3006 1535 3054 1585 εί
3086 1534 3145 1593 ἐξ
3175 1535 3424 1602 ἀγγέλων
3453 1535 3716 1601 δαίμονας
3740 1537 3772 1604 ἡ
3801 1534 4011 1602 ὑπερη-

2436 1625 2603 1693 φανία
2639 1628 2919 1695 ἐποίησεν,
2954 1626 3276 1690 ἀκολούθως
3326 1630 3358 1696 ἡ
3418 1628 3747 1688 ταπείνωσις
3795 1626 3886 1678 καλ¹
3944 1627 4010 1677 ἐκ

2434 1711 2709 1781 δαιμόνων
2759 1712 2987 1766 δύναται
3040 1713 3308 1781 ἀγγέλους
3357 1714 3554 1766 ποιεῖν.
3604 1712 3714 1765 Καὶ
3747 1713 3795 1763 ει
3822 1713 4009 1778 ἐκείνη

763 1798 811 1850 ῑιι
855 1800 1094 1859 angelos.
1133 1799 1194 1851 Et
1228 1801 1311 1853 illa
1345 1804 1560 1870 quidem
1592 1807 1897 1859 dretnonum
1933 1809 2181 1875 propria;
2222 1812 2319 1868 btet

2436 1801 2821 1874 δαιμονιώδης,
2861 1804 3002 1874 αὕτη
3038 1805 3113 1868 ὼς
3146 1804 3370 1873 ἀληθῶς
3409 1806 3846 1875 χριστομίμητος
3885 1804 4009 1857 κατ’

766 1902 889 1939 γει-ο
946 1904 1001 1941 re
1046 1906 1169 1942 vera
1220 1892 1495 1948 Christum
1545 1896 1789 1951 imitatur
1824 1900 2063 1969 vestigiis
2098 1901 2212 1967 ejus
2254 1906 2335 1957 iu-

759 1981 949 2030 sistens
1031 1981 1121 2044 qui
1179 2001 1197 2034 ι
1260 1983 1571 2041 Humiliavit
1638 1976 1986 2059 semetipsum
2057 2009 2228 2062 usque
2269 1997 2334 2049 ad

763 2082 987 2125 mortem
1037 2074 1105 2129 ⁸⁸.
1148 2094 1165 2128 ι
1212 2075 1533 2148 Quicunque
1585 2080 1745 2150 igitur
1801 2082 1913 2137 haec
1960 2098 2095 2150 puro
2140 2088 2336 2143 mentis

756 2166 911 2219 oculo
960 2169 1342 2237 consitlerarit,
1375 2181 1429 2226 et
1464 2174 1785 2230 humilitatis
1816 2176 2005 2231 affectu
2051 2195 2109 2232 se
2139 2181 2335 2249 guber-

757 2257 920 2317 narit,
973 2257 1131 2315 facile
1178 2250 1493 2319 emlerarttm
1544 2267 1803 2321 virtutum
1854 2269 2104 2338 deinceps
2143 2286 2334 2327 cons»-

755 2352 1037 2417 qncntium
1070 2355 1711 2424 acquisiverithabitmn,
1740 2371 1793 2414 et
1818 2362 1972 2429 quasi
2009 2364 2331 2430 publicanus

752 2439 806 2491 in
850 2441 1173 2497 humilitatis
1214 2447 1472 2515 templum
1523 2451 1819 2506 ascendens
1861 2451 2191 2521 jnstiflcatus
2232 2457 2329 2513 de-

755 2533 999 2597 scendat,
1031 2535 1079 2589 ei
1111 2540 1196 2604 qui
1229 2537 1542 2595 Pharisaico
1572 2558 1723 2600 more
1755 2561 1943 2615 magna
1975 2549 2041 2602 de
2066 2564 2123 2604 se
2150 2548 2327 2617 jacta-

754 2625 845 2685 rit,
884 2625 1068 2680 dicens
1092 2640 1244 2684 vetns
1271 2631 1399 2687 illud
1436 2650 1450 2688 :
1489 2632 1602 2690 llnc
1636 2638 1865 2692 ascende
1895 2638 2153 2706 inferius;
2191 2656 2331 2696 nunc

754 2718 900 2770 enim
938 2720 1181 2788 superius
1212 2724 1559 2781 descendisti.
1607 2727 1841 2795 Etenim,
1879 2748 1896 2781 ι
1945 2730 2118 2800 Super
2154 2732 2332 2787 humi-

751 2806 852 2859 lem
884 2818 934 2861 ct
987 2813 1226 2877 quietum
1264 2815 1485 2882 respicit
1512 2816 1651 2873 Deus
1683 2819 1751 2883 δ’,
1790 2837 1808 2871 ι
1844 2822 1930 2875 cui
1962 2822 2192 2878 debetur
2212 2839 2329 2879 om-

746 2894 832 2951 uis
859 2896 1033 2967 gloria
1064 2901 1115 2954 in
1150 2903 1347 2957 satcula
1378 2906 1724 2964 steculorutn.
1751 2910 1945 2964 Amen.

1291 3015 1574 3073 IIOMILIA
1618 3019 1779 3077 XVII.

1272 3128 1350 3183 De
1387 3131 1502 3199 ﬁlio
1549 3135 1790 3203 prodigo.

814 3236 1131 3308 Evangelica
1163 3242 1500 3315 philosophia
1531 3248 1599 3301 ab
1638 3248 1989 3307 inferioribus
2046 3261 2100 3307 et
2131 3256 2321 3327 singu-

741 3327 943 3385 laribus
997 3332 1062 3387 ad
1096 3334 1347 3389 universa
1386 3347 1468 3403 et,
1508 3341 1830 3408 perfectiora
1863 3360 1958 3398 nos
1984 3347 2092 3410 jam
2122 3363 2147 3399 a
2178 3351 2326 3415 prin-

743 3420 885 3489 cipio
910 3425 1072 3493 coepit
1100 3426 1350 3482 evehere.
1384 3428 1515 3483 Cum
1546 3433 1689 3486 enim
1723 3444 1847 3489 ante
1879 3438 2119 3493 Zacchtei
2148 3442 2323 3508 νωιιὶ-

745 3511 969 3565 tentiam
1045 3525 1097 3567 et
1151 3515 1424 3583 publicani
1510 3526 1884 3592 proposuisset
1943 3528 2322 3596 humilitatem,

749 3617 888 3657 nunc
931 3604 1149 3662 humani
1183 3610 1399 3679 generis
1432 3613 1706 3669 miseriam
1751 3618 2005 3673 universe
2044 3622 2322 3687 describit,

742 3709 899 3763 quur.
967 3700 1090 3755 inde
1151 3716 1179 3755 a
1244 3707 1427 3759 muniti
1493 3709 1791 3774 primordio
1845 3714 2046 3779 subiit;
2099 3716 2321 3785 juvenili

739 3791 969 3855 quodam
1022 3792 1223 3861 impetu
1274 3810 1303 3849 a
1340 3796 1525 3853 divino
1568 3810 1837 3872 prwcepto
1885 3805 2102 3877 refugit,
2159 3820 2213 3865 et
2258 3812 2323 3867 ad

741 3881 1004 3947 pecudum
1058 3884 1219 3938 vitam
1248 3903 1342 3941 sua
1374 3900 1567 3957 sponte
1598 3895 1864 3960 transivit,
1906 3908 1956 3951 et
1997 3915 2103 3969 quo
2129 3903 2324 3959 deinde

740 3975 897 4028 modo
968 3976 1056 4029 Dei
1111 3993 1172 4032 ac
1213 3977 1394 4037 Patris
1444 3983 1733 4041 clementia
1785 3987 1940 4058 longe
1983 3996 2323 4061 praeveniens

738 4081 832 4131 per
876 4066 992 4121 Filii
1044 4066 1312 4139 Verbique
1338 4071 1773 4130 lncarnatiunem
1799 4084 2189 4152 eamamplexa
2229 4088 2319 4149 sit,

735 4168 788 4210 ιιι
817 4159 867 4211 in
905 4162 1136 4228 priorem
1188 4164 1341 4234 101
1386 4169 1685 4224 restituerit
1730 4170 2061 4228 nobilitatem
2102 4194 2115 4229 :
2149 4179 2318 4244 ipsam

741 4248 905 4315 igitur
964 4251 1199 4307 divinant
1230 4256 1543 4323 parabolam
1574 4274 1706 4316 aure
1735 4270 1790 4317 et
1819 4273 2000 4319 mente
2033 4267 2320 4327 audiamus

737 4351 944 4395 attenta
977 4346 1047 4398 θ’.

809 4451 827 4483 ι
873 4435 1013 4488 Dixit
1063 4434 1221 4493 Jesus
1271 4441 1579 4509 parabolam
1635 4444 1817 4500 hanc:
1858 4446 2032 4503 Ποιοο
2087 4450 2312 4521 quidam

2441 1893 2583 1962 τχνος
2628 1893 3019 1965 ὲφομαρτοῦσα
3057 1896 3151 1949 τοῦ
3192 1898 3354 1966 μέχρι
3374 1896 3604 1949 θανάτου
3628 1895 4010 1949 ταπεινώσαν-

2437 2002 2527 2047 τος
2551 1986 2765 2039 ὲαυτόν.
2818 1986 2874 2039 Ὀ
2892 1984 3068 2039 ταῦτα
3081 1988 3260 2041 τοίνυν
3279 1988 3498 2041 σκοπῶν
3516 1988 3914 2058 κεκαθαρμένῳ
3930 1988 4014 2054 τῷ

2437 2074 2535 2143 τῆς
2571 2076 2751 2145 ψυχῆς
2781 2076 3071 2145 ὀφθαλμῷ,
3101 2080 3193 2130 καὶ
3218 2081 3289 2147 τῇ
3320 2077 3796 2147 ταπεινοφροσύνῃ
3823 2077 4012 2137 καλῶς

2438 2167 2867 2237 παιδαγωγήσας
2897 2169 3112 2233 ἑαυτὸν,
3136 2169 3229 2222 καὶ
3253 2170 3331 2239 τῷ
3356 2169 3643 2240 καταλόγῳ
3674 2169 3784 2221 τῶν
3803 2168 4012 2221 λοιπῶν

2435 2261 2644 2332 ἀρετῶν
2678 2264 2806 2333 ῥᾷον
2840 2263 2897 2314 ὲν
2931 2260 3046 2325 ἕξει
3077 2263 3371 2331 γενήσεται
3408 2280 3420 2291 ·
3456 2262 3552 2315 καὶ
3578 2262 3655 2325 ὼς
3695 2263 3723 2314 ὁ
3768 2260 4011 2327 τελώνης

2435 2356 2516 2417 εἰς
2544 2355 2604 2407 τὸ
2630 2355 2725 2422 τῆς
2749 2352 3133 2415 ταπεινώσεως
3173 2354 3415 2408 ἀνελθὼν
3472 2356 3515 2407 le
3528 2354 3619 2425 ρδν
3662 2354 3897 2425 κατέλθῃ
3926 2352 4013 2403 δεο

2433 2447 2814 2515 δικαιωμένος,
2841 2446 2920 2516 τῷ
2955 2446 3306 2517 φαρισαῖκῶς
3341 2446 3775 2516 μεγαλαυχοῦντι
3804 2447 3865 2498 τὸ
3902 2464 4012 2498 παι

2434 2540 2583 2593 λαιὸν
2611 2540 2787 2607 λέγων
2814 2540 2977 2610 ῥητόν
3012 2558 3027 2573 ·
3061 2538 3219 2610 Δεῦρ⁸
3261 2540 3495 2609 ἀνάϐηθι
3549 2540 3718 2605 κάτω,
3760 2537 3856 2590 νῦν
3900 2539 4013 2607 γὰρ

2434 2630 2546 2684 ἄνω
2602 2632 2861 2701 κατέϐης.
2924 2649 2943 2682 t
2986 2632 3114 2683 Ἐπὶ
3163 2632 3253 2683 τὸν
3300 2631 3483 2703 πραῢν
3532 2632 3638 2700 γὰρ
3683 2631 3777 2683 καὶ
3806 2632 4014 2699 ἥσυχον

2434 2722 2727 2776 meum
2763 2714 2896 2785 Θεός
2929 2740 2943 2753 ·
2984 2742 3001 2774 ι
3037 2718 3081 2792 ᾧ
3121 2724 3323 2791 πρέπει
3386 2728 3536 2777 πᾶσα
3579 2723 3708 2789 δόξα
3758 2726 3838 2787 είς
3884 2724 4014 2784 τοὺς

2432 2816 2635 2879 αἰῶνας
2667 2817 2772 2870 τῶν
2797 2816 3030 2872 αἰώνων.
3070 2818 3267 2887 Ἀμήν.

3020 3022 3263 3077 ΟΜΙΛΙΑ
3314 3025 3413 3077 ΙΖ’.

2783 3138 2922 3204 Περὶ
3004 3137 3112 3190 τοῦ
3187 3137 3429 3190 ἀσώτου
3498 3136 3651 3193 υἱοῦ.

2504 3253 2782 3323 Ἐφθασεν
2817 3255 2848 3324 ἡ
2883 3253 3215 3325 εὐαγγελικὴ
3244 3252 3535 3323 φιλοποφία
3566 3255 3673 3307 ἀπὸ
3696 3255 3805 3307 τῶν
3858 3258 4012 3310 κάτω

2428 3350 2521 3400 καὶ
2574 3348 2815 3416 μερικῶν
2854 3348 3132 3412 dasiro-un
3174 3346 3320 3413 ἡμᾶς
3365 3346 3446 3408 είς
3495 3347 3563 3397 τὰ
3599 3345 3829 3397 καθόλου
3913 3353 4013 3399 καὶ

2426 3440 2755 3509 τελεώτεραο
2778 3438 3044 3492 ὑποθεῖσα
3070 3438 3177 3508 γὰρ
3196 3438 3462 3507 πρότερον
3486 3438 3582 3509 τὴν
3605 3438 3700 3491 τοῦ
3730 3441 4013 3509 Ζακχαίου

2431 3534 2747 3605 μετάνοιαν,
2797 3533 2892 3585 καὶ
2941 3532 3041 3601 τὴν
3086 3529 3182 3583 τοῦ
3231 3530 3467 3583 τελώνου
3511 3533 3867 3595 ταπείνωσιν,
3912 3535 4012 3585 νῦν

2427 3628 2688 3682 καθόλονδ
2717 3628 2816 3696 τῆς
2863 3624 3217 3695 ἀνθρωπίνης
3272 3625 3488 3692 φύσεως
3547 3627 3859 3695 ὑπογράφει
3907 3628 4011 3693 τὴν

2426 3721 2745 3789 ἀθλιότητα,
2780 3721 2845 3789 ἦν
2879 3718 3121 3788 ἀρχῆθεν
3149 3718 3387 3787 ὑπέστη,
3418 3722 3773 3788 νεωτερικαῖς
3807 3720 4011 3788 ὁρμαῖς

2426 3814 2526 3881 τῆς
2553 3812 2645 3865 τοῦ
2679 3811 2817 3864 Θεοῦ
2855 3810 3076 3879 ἐντολῆς
3112 3810 3559 3881 δραπετεύσασα,
3605 3811 3699 3864 καὶ
3746 3812 3883 3881 πρὸς
3918 3816 4014 3865 τίν

2425 3905 2659 3976 χοιρὼδη
2694 3903 2811 3974 βίον
2851 3903 3303 3974 αὐτομολήσασα,
3359 3905 3508 3967 ὅπως
3552 3921 3608 3956 τε
3650 3906 3682 3975 η
3730 3904 3823 3956 τοῦ
3868 3906 4010 3958 Θεοῦ

2426 4000 2519 4052 καὶ
2553 3997 2771 4066 Πατρὺς
2803 3996 3064 4064 φθάσασα
3095 3994 3401 4066 γαληνότης
3448 3995 3727 4066 μακρόθεν
3769 3996 3859 4050 διὰ
3908 3997 4012 4064 τῆς

2425 4091 2519 4145 τοῦ
2554 4088 2687 4144 Υἱοῦ
2720 4089 2814 4142 καλ⁸
2846 4089 3021 4155 Λόγου
3060 4086 3394 4158 σαρκώσεως
3437 4089 3836 4159 ὲνηγκα>.ίσατο
3876 4089 4012 4141 ταύ-

2422 4198 2545 4250 την,
2580 4180 2674 4233 καὶ
2707 4179 2846 4251 πρὸς
2882 4178 2982 4249 τὴν
3029 4178 3258 4249 πρώτην
3288 4178 3575 4246 εὐγένειαν
3626 4179 4007 4246 ἐπανήγαγεν.

2422 4272 2605 4341 Αὐτῆς
2631 4266 2725 4323 οὖν
2755 4273 2854 4341 τῆς
2892 4269 3186 4323 θεολέκτου
3220 4269 3542 4341 παραϐολῆς
3574 4272 3713 4342 ἀκοῇ
3772 4272 3871 4324 καὶ⁵
3896 4272 4011 4325 δια·

2424 4361 2546 4433 νοίᾳ
2570 4362 2819 4433 νηφούση
2849 4361 3199 4432 ἀκούσωμεν.

2499 4472 2518 4505 ι
2562 4448 2732 4507 Εἶπεν
2773 4455 2801 4506 ό
2846 4453 3053 4523 Κύριος
3093 4454 3193 4524 τὴν
3225 4454 3541 4525 παραϐολὴν
3578 4454 3787 4525 ταύτην
3818 4472 3833 4488 ³
3871 4454 4007 4510 Ἀν·

734 4521 923 4579 habuit
973 4527 1109 4582 duos
1151 4529 1312 4584 filios.
1355 4550 1374 4584 ι
1434 4531 1581 4587 Sane
1639 4538 2075 4605 sapientissimus
2135 4557 2199 4597 ac
2233 4544 2314 4598 di-

2423 4543 2643 4616 θρωπός
2674 4561 2757 4604 τις
2789 4539 2905 4613 εἶχε
2938 4521 3035 4596 δύο
3065 4521 3238 4607 υἱούς.
3282 4521 3315 4596 ι⁷
3354 4544 3416 4598 '0
3454 4521 3552 4614 μέν
3586 4521 3864 4615 πάνσοφος
3910 4550 4007 4599 καὶ

732 4613 1326 4687 viuusChrysostomus
1350 4623 1486 4689 (8|),
1541 4639 1665 4693 qua:
1729 4627 1795 4680 ad
1818 4628 1958 4683 hanc
2000 4630 2312 4698 parabolam

732 4706 1002 4766 pertinent
1066 4721 1322 4767 accurate
1372 4722 1613 4769 tractans
1654 4715 1789 4786 (82),
1824 4732 1921 4786 per
1970 4720 2105 4775 duos
2148 4721 2312 4777 hosce

737 4796 877 4852 illius
902 4799 1078 4864 justos
1107 4802 1332 4873 intelligi
1389 4807 1503 4861 vult
1559 4818 1613 4862 et
1642 4809 1909 4879 iujustos:
1942 4811 2064 4869 illos
2091 4814 2309 4882 quidem

729 4890 782 4942 in
810 4892 1005 4948 divinis
1052 4900 1338 4966 prmeeptis
1390 4900 1619 4957 firmiter
1654 4904 2051 4974 persistentes;
2089 4908 2188 4964 hos
2214 4924 2314 4963 au-

730 4990 836 5037 tem
888 4986 954 5040 ad
1009 4999 1219 5058 turpem
1284 5002 1336 5048 et
1401 4994 1683 5065 ingloriam
1712 4998 1878 5051 vitam
1910 5010 2103 5068 sponte
2132 5010 2314 5058 trans-

796 5135 842 5166 "
884 5134 1117 5207 Philipp.
1166 5152 1230 5202 ιι,
1271 5136 1322 5191 8.
1399 5136 1446 5169 ⁸⁸
1486 5137 1593 5193 lsa.
1638 5153 1787 5204 vat,
1833 5139 1883 5193 Ι.

2422 4635 2567 4701 θεῖος
2619 4635 3013 4705 Χρυσόστομος
3065 4634 3134 4688 τὰ
3192 4635 3290 4706 τῆς
3336 4635 3623 4706 παρούσης
3682 4637 4006 4707 παραϐολῆς

2419 4728 2955 4800 ἑπεξεργασάμενος,
2993 4729 3122 4792 τοὺς
3155 4727 3249 4781 δύο
3278 4728 3503 4793 τούτους
3541 4730 3694 4792 υἱοὺς
3741 4732 3869 4793 τοὺς
3924 4731 4006 4782 δι-

2416 4822 2607 4885 καίους
2661 4816 2803 4875 εἶναι
2862 4821 3010 4888 λέγει
3072 4819 3165 4874 καὶ
3213 4823 3338 4881 τοὺς
3390 4821 3753 4890 ἁμαρτωλούς
3801 4839 3814 4851 ·
3876 4822 4009 4884 τοὺς

2422 4914 2521 4984 μὲν
2572 4912 2860 4984 ἀραρότως
2922 4914 3217 4984 μείναντας
3280 4915 3340 4966 ὲν
3409 4916 3529 4976 ταῖς
3591 4913 3839 4977 ἐντολαῖς
3906 4914 4006 4967 τοῦ

2415 5004 2573 5074 Θεοῦ,
2628 5005 2757 5068 τοὺς
2802 5004 2859 5058 δὲ
2904 5005 3040 5075 πρὸς
3091 5005 3184 5059 τὸν
3230 5005 3456 5076 αἰσχρὸν
3505 5006 3599 5058 καὶ
3648 5005 3821 5077 ἀκλεῆ
3884 5006 4005 5077 βίον

1962 5141 2008 5173 ⁹⁰
2053 5138 2181 5199 Luc.
2227 5159 2315 5208 xv.
2357 5144 2443 5199 tl.

1955 5263 2276 5326 Francisci
2317 5266 2526 5329 Scorsi
2562 5271 2750 5327 notio.

796 5366 910 5435 (Si)
952 5364 1091 5420 Sane
1116 5367 1537 5433 sapientissimus
1556 5382 1619 5419 ac
1643 5367 1853 5420 divinus
1876 5366 2304 5437 Chrymstomus.

724 5436 837 5491 "uc
868 5438 986 5489 locu
1021 5439 1126 5490 duo
1162 5439 1321 5491 codd.
1357 5439 1407 5490 in
1433 5454 1539 5490 uno
1558 5440 1722 5492 verba
1753 5436 1999 5491 variant;
2023 5438 2082 5492 P.
2118 5442 2262 5493 enim
2290 5459 2301 5493 :

733 5509 792 5559 ὐ
831 5507 930 5576 μὲν
951 5507 1225 5576 πάνσοφος
1254 5510 1348 5561 καὶ
1383 5507 1523 5569 θεῖος
1556 5509 1964 5579 Χρυαόστομος.
2008 5509 2174 5563 G.:'0
2208 5511 2307 5579 μὲν

724 5579 1002 5646 πάναοφος
1039 5582 1129 5631 καὶ
1167 5581 1344 5649 μέγας
1381 5577 1649 5647 Χρυσόστ.
1704 5582 1770 5633 At
1805 5578 2039 5633 V.tt.:'0
2075 5580 2172 5646 μὲν
2209 5577 2305 5634 οὖν

723 5650 963 5718 χρυσοῦς
1010 5649 1109 5719 τὴν
1153 5651 1400 5719 γλώτταν
1464 5655 1557 5704 καὶ
1612 5649 1711 5722 τὴν
1756 5650 1934 5720 ψυχὴν
1988 5651 2236 5721 Ἰωάννης
2278 5653 2306 5705 ό

724 5721 1021 5777 πάνσοφος.

797 5738 898 5771 ινσο
942 5738 1021 5777 0:.

797 5738 1210 5857 (δε-ὶξριιίτιιναςιιε
1236 5805 1493 5846 tract/ms.
1536 5793 1762 5847 D’s-et-it
1799 5794 1862 5844 de
1900 5794 1999 5845 hac
2039 5791 2295 5861 parabole

722 5860 1159 5919 Utrs'stistmru.
1205 5865 1349 5916 hum.
1400 5864 1471 5917 De
1515 5865 1717 5916 duobus
1766 5864 1913 5926 ﬁliis,
1952 5863 2000 5916 in
2042 5878 2145 5927 qua
2184 5862 2298 5915 luet:

2420 5373 2579 5426 habet
2616 5392 2627 5426 :
2670 5369 2803 5425 Sunt
2836 5372 2926 5440 qui
2959 5371 3140 5424 dicant
3168 5372 3232 5424 de
3261 5371 3468 5425 duobus
3491 5372 3621 5439 ﬁliis
3652 5374 3790 5434 istis,
3818 5378 3997 5428 senio-

2416 5458 2525 5495 rem
2564 5446 2775 5510 angelos
2820 5459 2952 5504 esse,
2996 5441 3266 5510 juniorcm
3299 5459 3416 5495 vero
3458 5444 3715 5495 hominem
3768 5460 3998 5511 ponunt,

2408 5514 2499 5583 qui
2533 5515 2586 5564 in
2617 5514 2956 5583 longinquam
3008 5515 3483 5582 peregrinationem
3524 5513 3736 5579 abierit,
3784 5521 4003 5579 litando

2405 5582 2461 5635 in
2510 5582 2718 5635 terram
2753 5586 2817 5637 de
2856 5583 3081 5655 caeliset
3149 5584 3401 5651 paradiso
3452 5586 3682 5649 excidit;
3724 5596 3772 5637 et
3813 5601 4001 5655 aptant

2404 5656 2773 5723 consequentia
2830 5654 3179 5721 respicientes,
3241 5655 3311 5706 ad
3362 5672 3602 5709 causam.
3662 5656 3739 5708 vel
3795 5668 4001 5711 statum

2405 5722 2695 5779 AtlthSed
2734 5725 2817 5777 hic
2864 5740 3045 5778 sensus
3094 5726 3211 5789 pius
3262 5728 3470 5793 quidem
3522 5725 3772 5789 ridetur;
3819 5731 4002 5782 nescio

2405 5803 2575 5846 ttuncu
2632 5799 2674 5848 si
2703 5812 2864 5864 ,νει-ιω
2899 5797 2989 5848 sit.
3038 5797 3243 5847 (Ia-tera
3299 5798 3439 5864 vitlc,
3476 5799 3517 5851 si
3568 5799 3808 5863 libuerit,
3855 5802 4001 5871 apud

2403 5880 2517 5919 ll)th
2530 5884 2577 5916 ill
2590 5906 2601 5918 .
