4208 6438
252 399 361 461 3'73

1625 391 1949 452 HOMUJA
1995 393 2184 452 XVII.

3400 392 3507 456 374

244 509 762 578 αὐτομολήσαντας.
813 508 1002 577 Ἡμεῖς
1056 508 1111 559 δὲ
1171 507 1261 561 κα“.
1320 506 1415 576 τὴν
1468 524 1561 559 του
1614 507 1816 574 Πατρδς

1932 506 2215 576 fugientes.
2274 504 2385 563 Nos
2415 521 2547 562 vero
2576 518 2629 564 et
2655 509 2797 563 hanc
2841 508 3017 563 Patris
3079 507 3225 563 illius
3255 510 3502 579 explica-

243 603 535 670 ἐξήγησιν,
586 601 660 662 ὡς
685 601 855 661 εἰκὸς,
888 598 1255 666 σεσαζόμεθα,
1279 600 1374 650 καὶ
1416 598 1695 667 Πατράσιν
1729 598 1825 649 ἆλ-

242 693 361 752 λοις
402 694 642 759 στοιχεῖν
675 692 777 743 οὐκ
802 690 1240 759 ἁπαναινόμεθα.
1259 691 1323 742 Ἣ
1351 690 1457 757 γὰρ
1484 689 1824 758 πολύτροπος

241 784 338 836 τοῦ
370 783 512 835 Θεοῦ
561 784 725 851 σοφία
774 782 1048 851 ηὑδόκησε
1100 782 1537 851 ποικιλοτρόπως
1583 781 1825 833 νοεῖσθαι

238 874 341 942 τῆς
386 874 608 943 Γραφῆς
642 876 711 927 τὰ
754 876 1055 944 μυστήρια.
1113 873 1297 943 Φαμὲν
1327 870 1443 937 οὖν,
1492 874 1567 936 ὡς
1608 874 1693 927 διὰ
1730 872 1823 925 τοῦ

244 965 523 1032 παρόντος
564 966 688 1016 νέου
732 966 915 1031 πάσης
943 968 1037 1034 τῆς
1069 964 1421 1034 ἀνθρωπίνης
1463 966 1681 1032 φύσεως
1725 963 1824 1033 τὴν

238 1058 306 1109 ἐκ
346 1056 487 1109 Θεοῦ
514 1057 849 1115 ἀπόπτωσιν,
878 1057 1071 1121 ἔδειξε,
1111 1058 1207 1110 καὶ
1238 1058 1339 1126 τὴν
1378 1056 1535 1120 αὖθις
1579 1057 1823 1123 ἀνάκλη-

240 1167 326 1201 σιν
360 1149 446 1217 τῷ
480 1150 838 1220 παραϐολικῷ
858 1150 1061 1218 ταύτην
1091 1150 1307 1221 κρύψας
1330 1151 1818 1220 παραπετάσματι.

242 1244 309 1293 Ὃ
340 1244 407 1311 δὴ
439 1244 535 1294 καὶ
568 1244 626 1294 ὲν
656 1247 777 1303 ταῖς
824 1244 931 1311 πρὸ
969 1243 1177 1312 ταύτης
1210 1242 1548 1312 παραϐολαῖς
1572 1243 1600 1293 ὁ
1630 1241 1822 1313 Σωτὴρ

235 1334 606 1401 ἐσχημάτισε,
662 1332 794 1385 ποτὲ
855 1334 955 1402 μὲν
1010 1332 1260 1402 δραχμὴν
1308 1332 1481 1385 εἰπὼν
1520 1336 1585 1402 τῇ
1631 1332 1822 1402 κόπρῳ

239 1424 663 1493 συγχωσθεῖσαν
720 1424 831 1477 τῶν
885 1425 1112 1494 ἡδονῶν,
1166 1419 1234 1496 ἦς
1274 1424 1732 1494 ἀποσαρωθείσης
1782 1426 1816 1493 ἡ

233 1517 447 1585 ταύτης
501 1516 725 1587 εὕρεσις
780 1517 1176 1585 γέγονεοποτὲ
1228 1516 1284 1570 δὲ
1338 1517 1613 1587 πρόϐατον
1666 1516 1819 1587 ἱερᾶς

234 1610 605 1671 ἐκατοντάόος
638 1607 1020 1681 ἀποῲοιτῆσαν
1043 1651 1056 1670 .
1090 1612 1182 1662 καὶ
1211 1610 1435 1678 γεγονὸς
1466 1609 1815 1680 ὀρειάλωτον,

235 1700 330 1754 καὶ
355 1702 599 1771 ζητηθὲν
635 1702 739 1756 ὑπὸ
765 1702 860 1754 τοῦ
891 1701 1055 1755 καλοῦ
1091 1704 1382 1771 ποιμένος,
1432 1703 1525 1754 καὶ
1565 1702 1813 1770 εὑρεθέν.

234 1794 467 1847 Ἀλλοτε
504 1795 819 1866 ὑπογράφει
853 1795 943 1849 τὸν
976 1795 1266 1867 ἄνθρωπον
1311 1798 1410 1865 τῆς
1454 1796 1567 1850 ἄνω
1614 1798 1814 1865 ἰερουο

233 1889 421 1957 σαλὴμ
450 1891 923 1961 ἀποφοιτήσαντα.
944 1891 1039 1943 καὶ
1059 1890 1397 1955 λωποδύταις
1426 1880 1813 1961 περιπεσόντά,

233 1981 326 2035 καὶ
358 1981 463 2051 τὴν
492 1982 688 2052 στολὴν
719 1983 1114 2054 ἀφαιρεθέντα,
1151 1984 1246 2037 καὶ
1272 1984 1623 2055 τραυματίαν
1659 1981 1814 2049 γενό-

238 2092 423 2144 μενον,
451 2077 551 2130 καὶ
612 2077 720 2130 ὑπὸ
749 2076 845 2129 τοῦ
876 2077 1042 2147 νόμου
1084 2079 1177 2131 καὶ
1218 2078 1328 2130 τῶν
1355 2075 1654 2147 προφητῶν
1704 2074 1815 2128 οὐδ’

234 2169 415 2223 ὁτιοῦν
453 2169 814 2240 ὠφεληθέντα
848 2172 930 2241 (οὐ
961 2170 1070 2242 γὰρ
1102 2164 1239 2239 αἷμα
1264 2169 1484 2240 ταύρων
1553 2170 1645 2222 καὶ
1679 2168 1811 2239 τρά-

233 2278 345 2329 γων
380 2262 582 2327 σώζειν
617 2263 1029 2332 ἡδύνατο),ά).λ’
1062 2263 1166 2316 ὑπὸ
1204 2264 1365 2333 μόνου
1399 2262 1808 2333 θεραπευθέντα

236 2355 477 2424 Χριστοῦ
505 2374 521 2387 ’
544 2357 641 2409 καὶ
668 2356 759 2410 διὰ
799 2359 897 2427 τῇς
928 2355 1023 2410 νῦν
1075 2356 1340 2427 ρηθείσης
1388 2355 1706 2427 παραϐολῆς
1750 2353 1819 2407 τὰ

236 2448 373 2499 αὖτὰ
405 2448 760 2517 ὑποτίθησιν*
805 2466 823 2499 ι
860 2448 1187 2516 Ἄνθρωπός
1217 2464 1301 2510 τις
1335 2443 1448 2517 εἶχε
1485 2447 1578 2501 δύο
1606 2445 1811 2509 υἱούς.»

240 2539 567 2607 Ἀνθρωπος
599 2541 628 2592 ὀ
670 2540 804 2602 Θεὸς
833 2540 975 2593 κατὰ
1007 2539 1099 2593 τὸν
1132 2538 1469 2593 ἀποδοθέντα
1506 2540 1637 2609 ἡμῖν
1685 2555 1816 2592 σκο-

242 2628 338 2680 πὸν
365 2632 423 2682 ὲν
447 2629 613 2702 ἑτέρᾳ
641 2629 925 2700 παραϐολῇ
958 2646 972 2661 ·
1007 2629 1100 2683 δύο
1130 2629 1186 2682 δὲ
1228 2630 1371 2683 κατὰ
1402 2629 1564 2700 χάριν
1591 2629 1698 2683 υἱοὶ
1720 2629 1814 2682 τοῦ

236 2716 370 2770 Θεοῦ
406 2722 560 2772 πᾶσα
592 2721 625 2788 ἡ
651 2720 847 2790 λογικὴ
875 2720 1073 2783 κτίσις,
1100 2720 1209 2772 τῶν
1239 2719 1445 2792 νοητῶν
1498 2720 1591 2773 καὶ
1620 2719 1816 2788 αἰσθη-

234 2810 386 2863 τῶν’
440 2812 475 2881 ἠ
530 2809 632 2877 μιν
682 2813 1090 2882 προγενεπέρα
1152 2812 1295 2866 κατὰ
1359 2812 1462 2881 τὴν
1541 2812 1812 2880 γένεσιν·

238 2903 457 2973 αρῶτον
497 2904 609 2973 γὰρ
634 2906 808 2959 ὲννοεῖ
853 2905 953 2969 τὰς
987 2904 1288 2973 ἀγγελικὰς
1307 2903 1514 2969 τάξεις.
1562 2922 1816 2975 παραγα-

234 2992 344 3058 γὼν
376 2992 587 3057 ταύτας
633 2995 723 3049 διὰ
768 2996 1104 3066 ἑννοήματος
1139 3012 1153 3026 ·
1178 2998 1211 3061 ἠ
1252 2994 1310 3047 δὲ
1352 2993 1463 3045 τῶν
1508 2994 1814 3064 ἀνθρώπων

236 3081 469 3156 ὕστερον
509 3087 860 3157 πραχθεῖσα
911 3088 1051 3157 μετὰ
1094 3087 1197 3156 τὴν
1234 3086 1345 3138 τῶν
1372 3086 1651 3157 αἰσθητῶν
1694 3087 1814 3140 δια-

308 3241 352 3274 "
386 3242 522 3299 Luc.
577 3252 665 3307 ιτ.
717 3243 771 3299 8.
846 3245 899 3277 ⁸⁸
935 3245 1067 3303 ibid.
1100 3246 1154 3300 4.
1230 3245 1279 3279 ’³
1308 3244 1472 3301 Hebr.
1504 3259 1593 3308 ιι,
1627 3243 1715 3296 Η.

1934 599 2132 655 tionem
2161 640 2174 661 ,
2205 610 2262 651 ιιι
2292 613 2392 669 par
2425 607 2550 665 est,
2583 615 2921 661 reveremur.
2957 609 3010 655 et
3045 601 3099 654 in
3137 600 3368 654 aliorum
3398 600 3504 655 Pa-

1932 700 2073 745 trum
2103 688 2217 759 (85)
2249 690 2329 745 ire
2357 691 2681 747 sententiam
2719 708 2825 745 non
2861 706 3198 747 recusamus.
3238 690 3503 747 Placitum

1930 782 2129 851 quippe
2168 782 2366 837 divina
2399 782 2677 854 saplentim
2708 784 3061 854 plurimorum
3092 784 3339 840 fecunda
3372 767 3502 841 sen-

1928 888 2083 926 suum
2138 872 2285 936 fuit,
2358 881 2412 926 ut
2487 887 2771 928 sacrarum
2848 872 3175 928 Litterarum
3241 874 3502 944 mysteria

1926 965 2093 1020 variis
2162 965 2326 1019 etiam
2391 965 2567 1021 modis
2634 966 2859 1036 intelligi
2940 975 3181 1037 possent.
3263 966 3504 1022 Dicimus

1928 1057 2094 1126 igitur
2133 1070 2230 1124 per
2278 1056 2705 1120 adolescentem,
2738 1071 2845 1125 quo
2898 1061 2964 1112 de
3006 1056 3094 1112 hic
3144 1056 3342 1127 agitur,
3374 1057 3500 1111 uni-

1924 1166 2138 1205 versam
2177 1149 2454 1203 hominum
2496 1166 2525 1202 a
2566 1150 2678 1205 Deo
2711 1149 2969 1217 dilapsam
3008 1150 3302 1219 signiﬁcari
3343 1159 3503 1205 natu-

1926 1256 2075 1305 ram;
2117 1238 2347 1309 ejusque
2394 1232 2587 1296 rursus
2642 1241 3037 1294 revocationem
3079 1243 3181 1297 hoc
3227 1242 3505 1311 parab'olm

1924 1333 2099 1387 aulaeo
2125 1331 2317 1385 velari.
2354 1331 2507 1397 Quod
2534 1333 2696 1386 etiam
2732 1331 2786 1384 in
2819 1331 3194 1401 superioribus
3227 1331 3499 1401 parabolis

1925 1421 2179 1477 Salvator
2229 1420 2611 1485 adumbravit,
2651 1423 2979 1489 quandoque
3017 1435 3149 1476 sane
3182 1422 3496 1476 drachmam

1920 1529 2041 1568 eam
2063 1528 2259 1569 vocans
2289 1512 2619 1581 voluptatum
2650 1512 2777 1566 fimo
2797 1513 3130 1577 obvolutam,
3152 1529 3261 1582 quo
3290 1529 3497 1583 expuro

1919 1616 2045 1678 gato
2076 1606 2163 1661 illa
2186 1607 2402 1659 inventa
2430 1616 2514 1659 est
2542 1606 2621 1671 “;
2660 1604 2980 1674 quandoque
2996 1621 3126 1661 vero
3154 1620 3309 1661 ovem
3345 1621 3374 1660 a
3407 1621 3497 1659 sa-

1918 1714 2013 1754 cro
2035 1697 2347 1753 centenario
2370 1696 2707 1751 recedentem
2738 1704 2787 1749 et
2813 1695 3171 1750 errabundam
3206 1699 3259 1751 in
3300 1701 3495 1750 monti.

1920 1788 2038 1849 bus,
2058 1794 2114 1842 et
2146 1800 2176 1840 a
2210 1785 2351 1839 bono
2381 1790 2597 1855 pastore
2643 1786 2994 1855 perquisitam
3043 1793 3099 1839 et
3137 1796 3401 1854 repertam
3424 1789 3493 1843 ”.

1919 1880 2040 1935 Alio
2061 1880 2115 1934 in
2148 1878 2266 1933 loco
2305 1878 2577 1932 hominem
2600 1878 2854 1933 describit
2884 1893 2912 1930 a
2936 1892 3170 1948 superna
3197 1877 3491 1933 Jerusalem

1915 1972 2275 2034 recedentem,
2297 1981 2351 2025 et
2377 1971 2703 2025 incidentem
2726 1971 2777 2023 in
2801 1970 3056 2035 latrones,
3078 1979 3132 2025 et
3155 1971 3490 2026 denudatum

1913 2064 2261 2120 vestimentis
2284 2072 2338 2117 et
2370 2062 2797 2126 vulneratum,et
2821 2078 2847 2115 a
2871 2062 2985 2133 lege
3023 2078 3087 2118 ac
3114 2065 3390 2133 prophetis
3427 2078 3493 2118 ne

1912 2158 2183 2229 paululum
2218 2155 2433 2225 quidem
2470 2155 2710 2224 adjutum
2741 2155 2864 2223 (nec
2893 2156 3036 2209 enim
3064 2156 3281 2225 sanguis
3310 2164 3492 2211 tauro-

1918 2267 2032 2306 rum
2062 2258 2115 2306 et
2134 2251 2408 2305 hircorum
2427 2246 2636 2305 salvare
2656 2248 3119 2317 valebant”),setl
3144 2263 3173 2301 a
3199 2248 3312 2303 solo
3337 2248 3495 2303 Chri-

1916 2351 1999 2399 sto
2015 2341 2343 2397 euratum".
2362 2341 2557 2396 Eadem
2588 2340 2756 2408 igitur
2796 2342 2896 2394 hac
2917 2342 3190 2409 proposita
3210 2341 3490 2410 parabola,
3535 2413 3538 2416 ῃ

1915 2436 2176 2506 subiicit:
2214 2455 2232 2487 ι
2271 2434 2441 2489 Homo
2468 2436 2687 2503 quidam
2722 2434 2913 2489 habuit
2964 2434 3097 2489 duos
3135 2433 3292 2489 tllios.
3331 2454 3349 2487 ι
3384 2432 3490 2488 Per

1915 2528 2193 2583 hominem
2248 2528 2392 2582 Deus
2446 2527 2709 2593 accipitur
2741 2525 2899 2595 juxta
2941 2526 3211 2580 redditum
3271 2541 3299 2579 a
3336 2527 3491 2580 nobis

1917 2622 1971 2677 in
2011 2621 2112 2674 alia
2159 2620 2414 2687 parabola
2489 2618 2840 2672 intellectum.
2899 2616 3012 2671 Duo
3060 2632 3189 2672 vero
3247 2616 3339 2671 Dei
3396 2633 3492 2685 per

1914 2716 2143 2785 gratiam
2179 2714 2274 2768 lilii
2323 2714 2757 2782 complectuntur
2786 2728 3002 2766 omnem
3040 2721 3346 2767 creaturam
3397 2727 3489 2765 ra-

1916 2806 2174 2862 tionalem
2200 2843 2217 2870 ,
2250 2814 2362 2859 tum
2393 2820 2486 2859 eos
2520 2805 2729 2859 scilicet
2763 2805 2855 2873 qui
2907 2804 3261 2874 intelligentia
3289 2803 3486 2869 solum,

1916 2910 2030 2956 tum
2081 2914 2176 2956 eos
2212 2900 2300 2970 qui
2353 2915 2514 2954 sensu
2567 2899 2732 2953 etiam
2781 2898 2991 2967 praediti
3041 2906 3187 2953 sunt.
3227 2897 3290 2951 Et
3320 2896 3487 2950 altera

1915 2992 2137 3063 quidem
2168 3002 2255 3047 est
2286 3002 2415 3046 natu
2452 2993 2645 3060 major.
2676 2989 2834 3044 Prius
2865 2991 3006 3044 enim
3039 2989 3311 3060 angelicos
3343 2989 3489 3042 ordi-

1914 3101 2010 3141 nes
2043 3084 2155 3156 (δι)
2187 3084 2473 3155 intelligit,
2508 3100 2603 3155 per
2636 3084 2971 3139 intellectum
3005 3098 3098 3139 eas
3152 3084 3488 3153 producens,

1828 3242 1875 3274 ”
1905 3241 2038 3297 Luc.
2072 3258 2102 3296 x
2125 3281 2139 3305 ,
2172 3243 2243 3297 50
2273 3256 2427 3312 seqq.

1472 3384 1785 3446 Francisci
1827 3382 2037 3445 Scorsi
2067 3392 2255 3446 notua.

304 3516 420 3584 (S3)
464 3516 702 3587 Aliorum
733 3514 977 3573 Patrum.
1023 3520 1209 3574 Patres
1236 3520 1292 3574 hi
1322 3521 1553 3574 fortasse
1579 3515 1872 3587 fuerint,C
1908 3521 2014 3581 rio,
2060 3517 2152 3571 lib.
2187 3533 2203 3572 ι
2243 3518 2318 3573 De
2347 3520 2569 3585 angelis,
2601 3534 2721 3587 cap,
2742 3522 2794 3582 3,
2829 3519 3048 3575 angelos
3071 3532 3200 3575 ante
3232 3523 3487 3574 mundum

228 3604 370 3651 quos
419 3588 535 3655 ipse
582 3586 1024 3658 Qlirgsostomus,
1050 3606 1340 3658 suppresso
1379 3592 1611 3652 nomine,
1640 3590 1806 3643 refert

230 3674 418 3725 Supra,
449 3667 560 3729 not.
582 3728 588 3729 γ
608 3656 673 3729 2.
696 3657 757 3709 Et
796 3658 947 3713 Titus
979 3656 1285 3714 Bostrensis
1316 3658 1688 3729 Chrysostomi
1716 3677 1805 3714 se-

230 3739 406 3782 ctator
437 3745 452 3781 :
484 3728 607 3799 Χρὴ
636 3727 691 3799 δὲ
724 3731 817 3780 καὶ
850 3730 1009 3782 τοῦτο
1034 3730 1348 3799 γινώσκειν,
1381 3727 1462 3782 ὅτι
1484 3730 1632 3782 δοκεῖ
1663 3748 1806 3784 τισιν

230 3800 315 3851 διὰ
353 3799 457 3862 τῆς
486 3796 593 3867 τῶν
622 3798 754 3849 υἱῶν
788 3800 997 3862 δυάδος.
1039 3796 1166 3864 τούς
1200 3818 1257 3852 τε
1307 3801 1496 3866 ἁγίους
1540 3800 1809 3867 ἀγγέλους

233 3866 621 3935 σημαίνεσθαι,
668 3871 763 3920 καὶ
794 3872 944 3939 ἡμᾶς
984 3871 1144 3932 ὄντας
1179 3870 1270 3923 ἐπὶ
1322 3871 1421 3938 τῆς
1452 3870 1555 3937 γῆς
1580 3866 1597 3899 ’ν
1626 3870 1810 3925 Scien-

230 3946 356 3993 dum
396 3952 519 3991 vero
549 3947 626 3988 est
656 3939 819 3991 videri
843 3941 1157 4003 quibusdam
1191 3958 1284 4008 per
1324 3940 1454 3994 duos
1489 3940 1626 4007 filios
1653 3942 1811 4005 siqui.

234 4009 387 4067 ἦσατὶ
446 4016 660 4059 sanctos
714 4008 947 4077 angelos,
980 4019 1028 4062 et
1072 4028 1163 4064 nos
1216 4013 1268 4063 in
1318 4012 1472 4063 terris
1519 4024 1809 4065 versantes.

234 4079 391 4133 Unde
455 4076 731 4145 colligitur
788 4076 907 4131 eam
956 4083 1302 4141 sententiam,
1371 4095 1530 4144 quam
1595 4095 1661 4133 ex
1708 4082 1811 4135 hoc

232 4149 395 4203 Patre
444 4146 515 4218 de
564 4161 704 4200 novo
757 4151 1125 4218 producimus,
1184 4150 1615 4218 antiquissimam
1666 4165 1807 4205 esse.

231 4220 334 4273 Alii
398 4217 585 4269 itidem
650 4216 818 4287 nostri
877 4218 1285 4285 Evangeliorum
1320 4216 1710 4287 Vexpositorcs,
1757 4231 1815 4275 ut

233 4290 582 4343 hlaldonatus
659 4293 715 4339 et
764 4285 1052 4352 Barradas,
1088 4290 1332 4341 eamdem
1398 4285 1811 4356 explicationem

235 4356 623 4413 nonnullorum
642 4367 764 4409 esse
792 4357 999 4421 dicunt,
1023 4373 1159 4419 quos
1179 4368 1354 4410 tamen
1378 4373 1483 4411 non
1511 4360 1809 4413 nominant.

235 4430 455 4497 Citatur
484 4425 619 4497 liber
650 4424 791 4497 inter
818 4424 994 4495 Opera
1029 4427 1091 4497 S.
1120 4428 1449 4497 Hieronymi.
1480 4429 1534 4497 in
1564 4444 1668 4494 quo
1702 4431 1815 4485 haec

237 4496 494 4568 paraliola
529 4493 596 4545 de
627 4496 840 4568 angelis
869 4493 925 4551 et
954 4496 1262 4568 hominibus
1294 4493 1604 4565 exponitur.
1634 4499 1812 4551 Alium

237 4563 785 4635 nominatumihujus
846 4566 1225 4633 explicationis
1284 4563 1561 4621 auctorem
1623 4578 1819 4635 praeter

235 4639 381 4693 hunc
409 4634 819 4702 Theophanem,
840 4637 1072 4706 quent|iu
1099 4638 1268 4691 lucem
1302 4652 1438 4691 nove
1469 4634 1677 4703 damus,
1708 4654 1815 4693 non

237 4708 493 4763 legimus.

286 4725 493 4777 glllllll.

310 4775 427 4846 (84)
474 4773 633 4829 Prius
680 4776 821 4846 enim
865 4775 1128 4843 angelicas
1174 4777 1409 4830 ordines.
1445 4773 1685 4846 Primum
1728 4778 1818 4833 hic

1910 3590 2077 3644 fuisse
2117 3600 2351 3643 creatos.
2389 3588 2669 3643 Familiam
2706 3590 2855 3643 ducit
2899 3589 3193 3659 Gregorius
3224 3588 3484 3645 Nazianz.

1908 3663 2002 3729 qui
2038 3674 2156 3713 eam
2191 3660 2395 3725 profert
2419 3669 2560 3712 orat.
2601 3659 2674 3711 De
2717 3659 2944 3714 Nativit.
2975 3670 3022 3713 et
3053 3662 3117 3717 de
3146 3659 3355 3724 Restm,
3394 3661 3487 3715 ubi

1910 3732 2097 3786 eadem
2117 3730 2331 3797 repetit.
2356 3729 2527 3783 Verba
2554 3745 2616 3783 ex
2644 3730 2919 3791 Damasc.,
2946 3732 3035 3797 qui
3067 3746 3189 3785 eum
3219 3732 3487 3798 sequitur,

1912 3800 2168 3868 referam.
2213 3814 2423 3868 unaque
2456 3813 2618 3861 opera
2659 3799 2831 3865 ipsum
2865 3802 3156 3864 producam
3194 3800 3488 3853 Damasce-

1912 3866 2193 3938 numLHic
2213 3866 2398 3935 igitur.
2421 3868 2510 3922 lib.
2534 3886 2569 3922 ιι
2599 3869 2671 3923 De
2696 3870 2797 3937 ﬁde
2816 3872 3048 3933 orthad.,
3082 3886 3201 3938 cap.
3236 3871 3268 3924 5
3294 3889 3306 3923 :
3330 3872 3487 3929 Τινὲς

1917 3942 2013 4011 μὲν
2035 3934 2127 4011 οῦν
2158 3934 2341 4011 φασιν,
2378 3940 2459 3992 ὅτι
2493 3938 2600 4007 πρὸ
2625 3934 2802 4008 πάσης
2829 3940 3057 4011 uicisse):
3081 3934 3324 4008 (angeli),
3350 3941 3425 4001 ὡς
3458 3941 3487 3991 ὁ

1913 4008 2366 4079 Θεολὸγοςνλέγει
2413 4011 2713 4077 Γρηγόριος
2738 4028 2750 4040 ο
2784 4010 3000 4077 πρῶτον
3044 4012 3143 4079 μὲν
3188 4012 3363 4063 ἔννοεϊ
3386 4011 3486 4071 τὰς

1913 4080 2212 4147 άγγελιιεὰς
2241 4078 2499 4144 δυνάμεις
2550 4081 2642 4131 καὶ
2688 4081 2989 4147 οὐρανίους.
3025 4078 3118 4133 καὶ
3157 4082 3216 4133 τὸ
3246 4080 3486 4147 ἐννᾴημα

1914 4143 2076 4222 ἔργον
2116 4144 2203 4215 ἦν.
2241 4148 2349 4200 Hoc.
2380 4143 2471 4222 est
2507 4166 2535 4222 :_
2574 4143 2895 4222 Aliquirer‘o
2932 4153 3114 4222 dicunt
3159 4143 3485 4222 ante_oinues

1917 4217 2225 4273 rescreatas
2264 4217 2477 4283 angelos
2510 4217 2692 4283 fuisse,
2728 4230 2781 4271 ut
2817 4220 2894 4274 ait
2936 4220 3219 4287 Gregorius
3268 4218 3488 4272 Theolo-

1917 4306 2048 4356 gus:
2080 4290 2305 4353 ptimum
2330 4288 2541 4357 angelos
2562 4298 2607 4341 et
2636 4290 2864 4341 cmlestes
2896 4290 3112 4353 spiritus
3141 4290 3409 4355 cogitavit,
3438 4300 3485 4341 et

1918 4361 2009 4413 illa
2040 4360 2285 4426 cogitatio
2314 4373 2440 4423 opus
2465 4367 2592 4410 erat.
2628 4360 2746 4411 Alia
2778 4359 2889 4411 loca
2930 4360 3049 4411 vitlo
3080 4361 3219 4426 apud
3260 4358 3483 4427 S:tarez,

1920 4432 2010 4484 lib.
2051 4431 2231 4493 dicto;
2265 4426 2359 4481 sed
2395 4429 2508 4480 haec
2540 4431 2804 4482 sententia
2841 4444 2867 4480 ιι
2905 4429 3489 4497 tlteologis'scholasti-

1918 4502 1998 4557 cis
2027 4514 2130 4553 non
2164 4509 2246 4552 est
2281 4508 2493 4561 recepta
2523 4514 2539 4562 ;
2578 4499 2666 4564 qui
2699 4513 2888 4552 omnes
2916 4500 3191 4553 communi
3219 4514 3485 4554 consensu

1920 4578 2143 4622 censent
2204 4567 2421 4637 angelos
2472 4576 2599 4620 ante
2664 4569 2923 4621 mundum
2989 4582 3311 4637 corporeum
3377 4583 3483 4620 non

1920 4640 2085 4694 fuisse
2120 4636 2434 4700 productos,
2472 4638 2563 4689 seel
2610 4637 2771 4691 simul
2803 4652 2924 4691 Cum
2954 4636 3110 4706 ipso;
3148 4641 3484 4691 contrariam

1920 4724 2049 4761 vero
2079 4708 2223 4760 illam
2276 4706 2597 4759 sententiam
2636 4722 2791 4759 nemo
2840 4717 2893 4758 ut
2923 4722 3206 4760 erroneaut
3243 4708 3483 4760 damnat.

1922 4779 1977 4833 ltl
2000 4778 2140 4845 quod
2174 4790 2429 4842 expresse
2473 4773 2531 4828 S.
2575 4773 2809 4829 Thomas
2834 4786 3028 4843 qumst.
3080 4791 3242 4845 supra
3282 4791 3486 4830 memo-

237 4860 437 4900 moneo
462 4846 675 4897 variare
698 4845 960 4899 lectiones
980 4846 1137 4899 codd.
1161 4848 1302 4911 quod
1323 4847 1515 4899 attinet
1536 4845 1601 4898 ad
1627 4848 1811 4901 verba.
1848 4856 1891 4911 ι)
1922 4860 2060 4912 rata,
2088 4856 2192 4900 art.
2221 4845 2255 4899 3
2284 4848 2335 4899 in
2376 4860 2625 4913 corpore,
2660 4845 2748 4899 ubi
2783 4862 2901 4899 eam
2934 4860 3217 4899 erroneatu
3249 4864 3354 4899 non
3398 4862 3486 4912 pu-

236 4916 383 4971 Gall.
416 4915 497 4967 sic
525 4914 746 4984 exhibet
775 4916 1036 4984 scriptum
1072 4932 1085 4967 :
1119 4915 1345 4984 Πρῶτον
1386 4919 1495 4984 γὰρ
1519 4916 1690 4969 ὲννοεϊ
1711 4919 1810 4980 τὰς

239 4932 383 4971 uau.
416 4932 497 4967 suc
525 4932 746 4967 exutoet
775 4932 1036 4984 scriptum
1072 4932 1085 4967 :
1123 4932 1345 4984 ιιρωτον
1426 4932 1495 4983 αρ
1519 4932 1687 4969 εννοει
1711 4932 1810 4980 τας

239 4984 546 5055 ἀγγελικάς
575 4982 757 5046 τάξεις
824 4985 917 5037 καὶ
961 4984 1267 5105 οὑρΙανίους,
1300 4986 1333 5056 ἡ
1369 4932 1426 5039 δῖ
1469 4983 1577 5037 τῶν
1608 4985 1812 5056 ἀνθρώ-

239 5075 382 5105 πων.
409 5065 520 5105 etc.
546 5057 761 5105 Atvero
788 5052 849 5105 P.
886 5070 1005 5105 cum
1088 5094 1101 5105 .
1134 5058 1480 5105 consentiunt.
1502 5056 1572 5105 ita
1603 5072 1615 5105 :
1655 5057 1810 5105 Πρῶ-

239 5052 382 5117 ωλι,
409 5065 520 5127 etc.
542 5057 612 5127 ᾼι
631 5068 761 5127 vero
886 5070 1005 5127 cum
1134 5052 1480 5127 consentiunt
1502 5056 1572 5109 ita
1603 5072 1615 5108 :
1655 5052 1810 5127 Πρῶ-

238 5143 331 5179 τον
374 5126 486 5194 γὰρ
538 5124 711 5176 ἑννοεῖ
754 5124 853 5186 τὰς
890 5124 1188 5191 unum;
1230 5125 1438 5191 τάξεις,
1470 5124 1812 5194 παραγαγὼν

239 5197 414 5257 αὐτὰς
441 5194 530 5247 διὰ
563 5194 917 5263 ὲννοήματος.
949 5195 1079 5261 Qua:
1125 5196 1304 5261 lectio,
1341 5206 1395 5266 et
1418 5198 1541 5264 quia
1576 5198 1805 5266 plenior,

240 5277 297 5321 et
330 5268 465 5335 quia
506 5266 735 5336 duorum
767 5266 1012 5336 codicum
1045 5280 1313 5319 consensu
1358 5265 1598 5331 ﬁrmata,
1629 5277 1682 5320 et
1718 5283 1811 5336 po-

242 5333 515 5406 tissimum
562 5333 696 5406 quia
742 5335 930 5389 eadem
974 5333 1087 5406 [ere
1152 5336 1392 5390 continet
1455 5340 1615 5390 verba
1694 5333 1813 5405 quae

240 5406 407 5471 (ἔτεα.
442 5404 700 5458 hazianz.
743 5420 865 5458 mox
913 5404 1217 5468 referenda,
1260 5421 1484 5475 qua-que
1512 5407 1697 5461 eadem
1718 5404 1813 5461 re-

244 5477 345 5529 fert
371 5475 649 5544 Damasc.,
676 5475 766 5529 lib.
794 5490 830 5529 ll
868 5475 940 5528 De
968 5475 1072 5542 ﬁde
1093 5475 1382 5529 orthodoxa
1402 5517 1417 5541 ,
1454 5492 1576 5544 cap.
1607 5479 1661 5541 5,
1690 5494 1805 5531 ma-

244 5549 325 5615 gis
357 5546 488 5599 mihi
524 5543 652 5615 jure
695 5546 965 5613 sequenda
1009 5544 1133 5599 fuit.
1172 5546 1324 5611 Quod
1355 5548 1417 5598 ad
1448 5543 1557 5600 rem
1594 5549 1805 5610 attinet,

244 5614 513 5668 sententia
571 5614 671 5667 fuit
709 5616 1012 5670 communis
1044 5625 1285 5670 veterum
1330 5615 1549 5669 Patrum
1589 5617 1806 5671 Graeco.

246 5700 403 5756 rum_._
430 5699 573 5753 quos
618 5684 783 5737 etiam
817 5696 1040 5739 secutus
1076 5696 1161 5740 est
1198 5684 1506 5756 llicronytu.
1561 5698 1617 5738 ut
1651 5689 1809 5741 habet

251 5755 313 5825 D.
342 5753 604 5819 Thomas,
647 5769 769 5825 p._l,
800 5766 992 5824 quaest.
1042 5756 1131 5817 6|,
1165 5769 1270 5809 art.
1305 5756 1359 5818 3,
1384 5753 1447 5809 ad
1474 5758 1726 5825 primum,
1757 5766 1811 5810 et

247 5823 473 5879 aliorum
503 5825 671 5881 etiam
708 5823 1041 5892 Latinorum,
1070 5842 1206 5895 quos
1230 5827 1347 5881 vide
1380 5823 1575 5883 relatos
1611 5844 1639 5882 a
1679 5828 1807 5883 Sua-

1920 4919 2137 4971 tandam
2172 4918 2300 4969 dicit
2335 4915 2600 4985 przecipue
2631 4925 2853 4985 propter
2876 4915 3252 4971 auctoritatem
3281 4916 3485 4977 Grego-

1918 4989 1981 5041 rii
2032 4987 2288 5041 Naziauz.
2342 4983 2506 5050 Cujus
2558 4983 2863 5051 tanta—est,
2898 4985 3092 5053 inquit,
3143 4987 3195 5038 in
3246 4986 3484 5036 doctrina

1917 5057 2224 5113 Christiana
2250 5055 2565 5116 auctoritas,
2598 5066 2653 5105 ιιι
2695 5054 2869 5107 nullus
2914 5071 3146 5122 unquam
3181 5056 3295 5123 ejus
3328 5055 3483 5107 dictis

1916 5128 2234 5181 calumniam
2262 5126 2457 5188 inferre
2479 5126 2892 5193 prresumpserit,
2913 5127 3049 5177 sicut
3083 5124 3360 5177 Athanasii
3388 5126 3486 5175 do-

1913 5200 2191 5261 cumentis,
2216 5205 2271 5249 ut
2289 5197 2639 5263 Hieronymus
2667 5195 2818 5248 dicit.
2848 5196 2969 5249 ΙΙωο
3000 5206 3127 5250 sunt
3148 5196 3208 5248 D.
3239 5194 3479 5257 Tltoutze,

1914 5283 1979 5323 ex
2014 5270 2208 5336 quibus
2246 5264 2393 5319 vidus
2420 5265 2605 5336 quanti
2633 5264 2797 5319 faciat
2828 5274 3044 5319 sanctus
3076 5266 3270 5320 doctor
3294 5276 3483 5336 aucto-

1920 5334 2135 5391 ritatem
2179 5334 2445 5403 Gregorii
2480 5337 2530 5387 in
2571 5335 2869 5402 theologia,
2917 5336 3145 5404 ejusque
3185 5334 3485 5397 discipulus

1922 5406 2302 5476 Hieronymus.
2336 5406 2415 5459 Ex
2466 5404 2674 5476 Latinis
2711 5405 3033 5476 doctoribus
3065 5414 3263 5475 praeter
3296 5404 3486 5476 Hiero-

1916 5474 2218 5547 nymumis.
2247 5475 2634 5547 Ambrosiusitl
2660 5476 2823 5547 etiam
2852 5474 3084 5547 censuit,
3110 5476 3254 5547 quod
3282 5474 3486 5547 nota_vit

1918 5542 2106 5602 Sixtus
2141 5545 2419 5601 Senensis.
2466 5543 2719 5600 Biblioth.
2760 5546 2853 5600 lih.
2886 5561 2935 5606 ν,
2975 5546 3026 5610 in
3065 5546 3247 5601 adnot.
3287 5546 3353 5598 ad
3391 5542 3482 5604 Ps,

1916 5618 2173 5687 primum.
2225 5614 2351 5669 [huc
2407 5616 2526 5670 ideo
2581 5616 2870 5687 adnotavi,
2902 5616 2947 5670 si
2996 5616 3121 5683 quis
3168 5613 3485 5687 Theophani

1916 5681 2103 5741 nostro
2128 5702 2233 5740 non
2267 5687 2441 5741 solum
2479 5686 2665 5747 verba,
2689 5685 2778 5739 sed
2804 5685 2966 5739 etiam
2994 5681 3210 5740 scnsum
3242 5681 3488 5752 Gregorii

1917 5756 2172 5811 Nazianz.
2207 5768 2262 5810 et
2295 5758 2541 5810 Damasc.
2574 5756 2701 5808 velit
2744 5756 3001 5820 tribuere,
3033 5770 3155 5809 cum
3186 5770 3307 5807 eum
3337 5767 3486 5807 asse-

1917 5829 2057 5883 clam
2110 5826 2344 5883 Nazianz
2365 5865 2378 5880 .
2408 5826 2548 5883 sciat
2574 5839 2712 5882 esse.
2746 5825 3011 5881 Caeterum
3034 5840 3117 5881 .ex
3152 5824 3251 5879 hoc
3281 5824 3401 5878 loco
3428 5821 3484 5877 id
