4190 6436
701 420 809 485 379

1910 420 2410 481 THEOPHANIS
2450 418 2793 479 CERAMEI

3852 415 3966 482 380

706 555 812 594 non
848 537 923 593 ita
955 546 1272 595 sanctorum
1319 537 1484 592 verba
1534 536 1809 608 accipiunt
1833 577 1846 600 ,
1879 538 1973 590 sed
2005 553 2072 590 ex
2106 536 2286 590 humi-

2392 552 2410 585 ι
2455 533 2723 587 Οὐδέποτε
2756 533 2981 603 ἐντολήν
3014 550 3107 585 σου
3135 530 3433 601 παρῆλθον,
3467 549 3486 583 ι
3536 531 3633 598 τῆς
3661 528 3960 597 ἀγγελεκῆ;

701 631 855 686 litate
887 632 1153 687 duntaxat
1200 632 1344 684 dicta
1379 642 1502 686 esse
1550 630 1901 683 arbitrantur.
1941 629 2134 683 Verum
2166 630 2280 683 bac

701 739 811 778 vox
855 739 870 777 :
928 742 948 775 ι
986 722 1272 791 Nunquam
1328 722 1645 779 mandatum
1703 731 1851 774 tuum
1903 721 2214 790 praeterivi,
2257 738 2276 771 ι

704 818 760 867 in
819 814 1120 885 angelicum
1149 815 1396 869 ordinem
1428 814 1601 868 solum
1636 797 1888 868 convenit
1913 850 1928 875 ,
1964 811 2053 880 qui
2088 813 2284 865 itnmuo

704 904 793 958 nis
824 903 971 958 omni
1015 903 1172 972 culpa
1227 916 1471 959 servatus
1519 912 1621 958 est.
1657 903 1796 970 Quid
1843 916 1972 957 vero
2007 902 2073 958 de
2108 902 2281 970 prima

705 991 847 1043 stola
886 990 1125 1046 dixerim
1152 1032 1168 1058 ,
1207 1009 1310 1059 qua
1344 1007 1626 1047 servorum
1673 1008 1835 1061 opera
1882 992 2281 1047 adolescentem

650 1118 653 1119 ν
706 1082 883 1135 induit
929 1081 1108 1143 Pater.
1139 1099 1259 1153 qua:
1288 1084 1617 1151 baptismum
1654 1084 1856 1153 liquido
1892 1088 2281 1153 repraesentat,

706 1188 772 1225 an
823 1175 1055 1242 improbi
1100 1176 1253 1241 juxta
1310 1191 1432 1230 eum
1470 1177 1653 1244 probis
1695 1189 1756 1229 ea
1807 1190 1912 1229 non
1942 1176 2285 1230 vestiuntur?

711 1263 879 1328 Atqui
912 1263 963 1317 in
997 1278 1251 1319 sermone
1297 1266 1569 1334 parabolae
1599 1265 1745 1319 solus
1791 1265 2187 1320 adolescentior
2221 1280 2283 1321 ea

708 1352 984 1417 induitur;
1023 1356 1181 1422 quasi
1210 1368 1271 1408 ea
1310 1368 1585 1424 nunquam
1632 1355 1815 1409 senior
1846 1356 2032 1410 luisset
2067 1366 2282 1411 exutus.

707 1443 852 1497 ldem
903 1445 969 1498 de
1030 1446 1250 1510 annulo,
1306 1446 1613 1517 ealceisque
1667 1447 2095 1519 intelligendum.
2143 1449 2283 1515 Quin

705 1535 866 1588 etiam
900 1536 1099 1590 vitulus
1153 1538 1262 1603 pro'
1291 1538 1446 1594 nobis
1476 1538 1541 1592 ad
1571 1536 1897 1595 sacriﬁcium
1949 1540 2136 1594 ductus
2180 1557 2283 1595 non

708 1641 808 1694 pro
840 1628 1217 1696 peccatoribus
1242 1630 1436 1693 solum.
1472 1632 1566 1686 sed
1600 1633 1762 1686 etiam
1787 1646 1884 1700 pro
1901 1632 2062 1701 jnstis
2087 1632 2285 1687 immo-

707 1716 855 1770 latus
889 1726 996 1782 est,
1019 1734 1141 1773 cum
1172 1733 1317 1775 esset
1344 1722 1577 1790 pretium
1606 1721 1991 1791 redemptionis
2020 1722 2286 1779 universae

713 1814 941 1859 naturae.
965 1806 1083 1873 Qua
1114 1809 1275 1877 igitur
1300 1809 1512 1865 ratione
1540 1812 1606 1864 de
1633 1810 1778 1864 caade
1801 1810 1954 1866 vituli
1979 1812 2289 1880 indignatur

704 1895 925 1962 justus,
962 1902 1064 1965 qua
1096 1875 1199 1952 fuit
1249 1899 1412 1953 etiam
1470 1900 1586 1967 ipse
1638 1901 1943 1957 liberatus?
1995 1875 2119 1969 Quo
2156 1918 2285 1957 vero
2322 1875 2362 1930 Β

710 1987 875 2041 modo
903 1988 1048 2043 dicat
1091 1990 1194 2060 ipsi
1228 1989 1429 2047 Pater:
1468 2012 1487 2046 ‹
1522 1992 1601 2047 Tu
1629 2008 1844 2063 semper
1875 2010 2083 2050 mecum
2125 1997 2229 2051 es?
2260 2015 2279 2049 ι

710 2080 829 2136 Non
865 2083 1012 2137 enim
1043 2099 1264 2155 semper
1293 2102 1417 2141 eum
1456 2088 1565 2142 Deo
1590 2086 1721 2156 justi
1767 2088 2004 2143 fuerunt.
2036 2088 2091 2145 Si
2118 2090 2284 2154 enim,

712 2187 771 2229 ut
798 2177 876 2230 ait
902 2178 1197 2247 Apostolus
1226 2180 1268 2244 ⁸,
1302 2179 1355 2233 in
1387 2180 1597 2236 Adamo
1628 2196 1820 2237 omnes
1870 2183 2066 2237 mortui
2101 2199 2287 2240 sumus

713 2276 771 2321 et-
801 2282 995 2324 omnes
1052 2271 1102 2323 in
1150 2270 1375 2327 Christo
1424 2272 1550 2327 vita:
1599 2274 1877 2340 restituti,
1929 2289 2122 2329 omnes
2157 2291 2288 2331 sane

711 2359 803 2428 qui
832 2360 1023 2415 Adami
1062 2370 1268 2420 natura:
1300 2365 1591 2435 participes
1619 2376 1827 2431 sumus,
1856 2366 2089 2435 lapsum
2121 2370 2285 2425 etiam

710 2464 834 2511 cum
887 2451 980 2507 illo
1033 2467 1379 2509 communem
1417 2455 1531 2528 (92)
1570 2457 1833 2513 habemus
1862 2498 1877 2522 ,
1916 2469 1968 2513 et
2004 2475 2099 2529 per
2126 2460 2287 2515 Chri—

711 2552 854 2596 stum
880 2549 1240 2601 communiter
1263 2548 1474 2602 liberati
1509 2566 1720 2605 sumus.
1745 2549 1860 2605 Non
1896 2554 2057 2622 igitur
2076 2569 2288 2622 semper
2312 2534 2315 2537 I

721 2647 844 2686 cum
880 2634 990 2688 Deo
1014 2634 1147 2706 justi
1180 2637 1401 2692 fuerunt
1429 2680 1444 2703 ,
1471 2640 1565 2693 sed
1600 2640 1941 2696 intellectivze
1971 2645 2285 2712 angelorum

717 2730 923 2777 natura:
953 2743 965 2777 :
1003 2741 1123 2794 qua»
1150 2743 1425 2796 nunquam
1458 2746 1485 2783 a
1518 2726 1626 2783 Deo
1666 2731 1954 2798 disjunctze
1980 2743 2125 2798 sunt,
2152 2749 2289 2803 quo-

714 2828 835 2867 rum
889 2818 1049 2871 eausa
1108 2833 1174 2871 ne
1221 2818 1408 2875 haedus
1468 2821 1687 2890 quidem
1743 2839 1981 2892 unquam
2022 2835 2288 2881 mactatus

713 2914 832 2971 est;
867 2922 964 2975 pro
991 2910 1197 2979 angelis
1227 2913 1369 2966 enim
1397 2927 1573 2982 neque
1604 2925 1857 2982 peccator
1892 2916 2091 2985 aliquis
2126 2919 2285 2973 morti

717 2999 949 3055 traditus
976 3013 1095 3068 est;
1137 3012 1192 3058 at
1229 3020 1326 3073 pro
1357 3006 1638 3060 hominum
1684 3008 1866 3075 salute
1913 3009 2026 3076 ipse
2067 3006 2158 3063 Dei
2194 3007 2287 3061 Fi-

715 3090 822 3145 lius
880 3091 932 3145 in
976 3095 1304 3151 sacriﬁcium
1339 3099 1573 3153 oblatus.
1626 3098 1731 3154 Sed
1789 3101 2014 3154 nimium
2068 3116 2096 3153 a
2137 3110 2288 3155 recta

2385 621 2596 687 τάξεως
2627 623 2789 692 μόνον
2843 623 3124 693 ἁρμόδιος,
3173 609 3304 693 ’ἥτις
3358 623 3660 691 τετήρηται
3711 620 3845 689 πρὸς
3898 619 3961 671 τὸ

2387 714 2560 769 κακδν
2603 715 2989 783 ἀνεπίμικτος.
3036 713 3103 767 Τί
3134 714 3180 765 δ’
3220 715 3286 768 ἂν
3321 716 3529 767 εἴποιεν
3565 715 3659 766 καὶ
3695 714 3824 781 περὶ
3861 717 3962 784 τῆς

2386 806 2614 877 πρώτης
2646 804 2861 875 στολῆς,
2916 806 2984 875 ἢν
3038 805 3128 859 διά
3180 805 3291 857 τῶν
3334 804 3538 857 δούλων
3574 805 3601 856 6
3634 804 3817 872 πατὴρ
3866 802 3962 855 τὸν

2384 895 2507 950 νέον
2539 896 2786 960 ἀνέδυσε,
2838 897 2901 949 τὸ
2939 882 3223 967 βάπτισμα
3263 895 3521 967 καθαρῶς
3549 896 3963 960 εῐκονίζουσαν;

2385 984 2476 1060 ἆρ’
2531 990 2594 1043 οὐ
2641 988 2817 1043 δίκαοι
2875 990 2968 1043 καὶ
3004 972 3324 1061 ἀμαρτωὶοὶ
3371 988 3578 1060 ταύτην
3623 988 3963 1059 περικλαινί-

2386 1080 2602 1147 ζονταις
2649 1081 2793 1133 Ἀλλ’
2820 1083 2880 1135 ὲν
2900 1082 2978 1152 τῷ
3005 1084 3105 1152 τῆς
3130 1082 3447 1153 παραϐολῆς
3477 1082 3621 1151 λόγῳ
3652 1082 3814 1150 μόνος
3855 1081 3961 1133 αὺ-

2384 1175 2486 1243 τὴν
2525 1176 2552 1227 6
2600 1173 2867 1243 νεώτερος
2899 1174 3270 1228 ἐνδιδύσκεται
3294 1216 3308 1240 ,
3342 1174 3417 1236 ὡς
3447 1174 3543 1227 τοῦ
3581 1174 3961 1245 πρεσϐυτέρου

2391 1268 2660 1337 μηδέποτε
2706 1268 3085 1337 γυμνωθέντος
3135 1268 3328 1338 αὐτῆς.
3379 1266 3551 1321 Τοῦτο
3590 1266 3646 1320 δὲ
3699 1266 3963 1337 περὶτοῦ

2385 1357 2697 1423 δακτυλίου,
2760 1359 2856 1412 καὶ
2917 1359 3047 1426 περὶ
3094 1356 3202 1411 τῶν
3250 1358 3617 1426 ὑποδημάτων
3650 1360 3964 1427 νοήσωμεν.

2390 1449 2499 1502 Καὶ
2533 1450 2643 1520 μὴν
2674 1450 2769 1503 καὶ
2797 1452 2825 1503 6
2853 1450 2994 1516 ὑπὲρ
3032 1450 3191 1520 ἡμῶν
3224 1449 3411 1520 ἀχθεὶς
3443 1452 3521 1512 εἰς
3542 1448 3736 1503 θυσίαν
3762 1451 3967 1519 μόσχος

2387 1540 2485 1611 οὐχ
2520 1540 2662 1611 ὑπὲρ
2699 1541 3042 1612 ἁμαρτωλῶν
3076 1541 3258 1610 μόνον,
3283 1542 3417 1594 ἀλλά
3448 1541 3540 1594 καὶ
3572 1542 3710 1611 ὑπὲρ
3733 1542 3968 1594 δικαῖων

2387 1629 2643 1694 τέθυται,
2680 1631 2877 1702 λύτρον
2907 1628 3152 1699 γεγονὼς
3198 1631 3377 1700 πάσης
3416 1632 3513 1701 τῆς
3549 1630 3786 1699 φύσεως.
3838 1630 3968 1692 Πῶς

2390 1716 2483 1774 οὖν
2518 1722 2546 1774 6
2571 1721 2805 1786 δίκαιοις
2840 1724 2983 1793 ὑπὲρ
3013 1721 3108 1776 τοῦ
3144 1725 3346 1792 μόσχου
3363 1726 3461 1792 τῆς
3498 1725 3712 1792 σφαγῆς
3740 1722 3969 1791 ἐδυσχέ-

2394 1830 2601 1883 ραινεν,
2640 1815 2731 1884 ὑφ’
2766 1808 2827 1869 οὗ
2860 1816 2954 1867 καὶ
2980 1814 3144 1878 αὐτὸς
3185 1814 3551 1885 ὲλελύτρωτος
3592 1812 3717 1877 Πῶς
3758 1814 3812 1867 δὲ
3867 1814 3967 1865 καὶ

2389 1906 2525 1975 πρὸς
2561 1906 2726 1959 αὐτόν
2757 1922 2922 1974 φησιν
2947 1907 2975 1959 6
3002 1907 3193 1977 Πατήρ
3221 1923 3235 1937 ·
3264 1925 3283 1957 ι
3321 1906 3393 1959 Σὺ
3425 1906 3657 1960 πάντοτε
3686 1906 3803 1974 μετ’
3826 1904 3967 1973 ἐμοῦ

2390 1992 2481 2061 εἷς
2520 2017 2538 2049 ι
2574 1998 2650 2051 Ού
2685 1997 2793 2067 γάρ
2823 1998 3057 2051 πάντοτε
3096 1999 3234 2069 μετά
3279 1997 3416 2051 Θεοῦ
3458 1993 3601 2067 ἦσαν
3649 1998 3699 2050 ol
3739 1997 3965 2050 δίκαιοι.

2391 2090 2453 2145 Ei
2490 2090 2629 2160 γὰρ,
2680 2089 2867 2153 καθώς
2901 2108 3065 2159 φησιν
3097 2092 3125 2144 6
3167 2089 3518 2155 Ἀπόστολος,
3564 2089 3622 2142 ὲν
3665 2087 3743 2158 τῷ
3790 2088 3969 2157 Ἀδάμ

2390 2181 2597 2245 πάντες
2648 2181 3111 2253 ἀποθνήσκομεν,
3204 2183 3302 2236 καὶ
3366 2182 3569 2239 πάντες
3627 2182 3685 2235 ὲν
3740 2180 3969 2251 Χριστῷ

2390 2273 2877 2344 ὲζωοποιὴθημεν.
2918 2275 3121 2338 πάντες
3175 2270 3272 2328 οῦν
3333 2276 3382 2328 οἱ
3434 2274 3817 2335 κοινωνοῦντες
3863 2271 3967 2336 τὴς

2352 2380 2361 2389 ‘
2391 2363 2608 2433 φύσεως
2631 2368 2729 2436 τῆς
2767 2366 2976 2437 Ἀδὰμ,
3020 2366 3116 2420 καὶ
3144 2370 3245 2437 τῆς
3278 2368 3487 2420 ἐκείνου
3524 2366 3784 2430 πτώσεως
3815 2366 3967 2417 ὲκοι-

2389 2457 2662 2528 νώνησαν.
2695 2460 2790 2512 καὶ
2821 2462 2919 2530 τῆς
2954 2459 3043 2513 διά
3072 2459 3313 2529 Χριστοῦ
3346 2459 3807 2530 ἀπολυτρώσεως.
3852 2459 3969 2511 Οὐκ

2389 2544 2484 2603 οὖν
2524 2552 2761 2605 πάντοτε
2801 2552 2939 2620 μετά
2991 2551 3128 2605 Θεοῦ
3172 2547 3318 2621 ἦσαν
3373 2554 3422 2605 οἱ
3478 2552 3714 2623 δίκαιοι,ι
3753 2551 3867 2604 ἀλλ’
3908 2551 3967 2603 αἱ

2389 2644 2578 2712 νοεραὶ
2604 2643 2713 2695 τῶν
2763 2644 3015 2710 ἀγγέλων
3068 2644 3273 2705 οὐσίαι.
3322 2646 3378 2698 αἱ
3430 2644 3697 2713 μηδέποτε
3744 2644 3966 2712 διακριο

2391 2732 2567 2787 θεῖσαι
2602 2735 2737 2787 Θεοῦ
2769 2751 2784 2765 ο
2820 2735 2960 2805 ὑπὲρ
3012 2729 3086 2788 ὧν
3146 2736 3268 2788 οὐδὲ
3326 2735 3515 2806 ἔριφος
3588 2735 3753 2805 ὲθύθη
3806 2734 3964 2787 ποτέ.

2402 2822 2575 2893 ’Υπὲρ
2604 2825 2715 2896 γὰρ
2740 2824 2850 2877 τῶν
2884 2826 3135 2893 ἀγγέλων
3175 2826 3296 2881 οὐδὲ
3324 2828 3651 2897 ἁμαρτωλὸς
3688 2829 3765 2890 εἱς
3794 2826 3968 2880 θάνα-

2391 2932 2484 2968 τον
2517 2915 2728 2969 δέδοται
2755 2933 2769 2949 θ
2792 2916 2933 2987 ὑπὲρ
2962 2918 3017 2970 δὲ
3048 2920 3146 2989 τῆς
3184 2918 3294 2972 τῶν
3338 2919 3641 2991 ἀνθρώπων
3690 2919 3970 2989 σωτηρίας

2391 3005 2557 3069 αὐτὸς
2584 3007 2616 3059 6
2655 3007 2751 3060 τοῦ
2806 3008 2943 3061 Θεοῦ
2993 3001 3122 3072 Υἱὸς
3158 3010 3398 3064 τέθυται.
3467 3010 3630 3063 Ἀλλά
3675 3010 3809 3063 πολὺ
3866 3010 3969 3076 τῆς

2390 3098 3144 3173 εύθείαςάπεπλανὴθημεν.
3181 3103 3317 3172 Φέρε
3356 3100 3449 3155 οὖν
3502 3102 3595 3155 τὸν
3647 3101 3805 3165 λόγον
3857 3100 3972 3154 ὥσ-

721 3180 804 3232 via
857 3185 1070 3251 evagati
1107 3200 1318 3242 sumus.
1378 3186 1491 3258 Age
1543 3189 1709 3258 igitur
1756 3203 2062 3244 sermonem
2113 3189 2290 3245 instar

2393 3207 2498 3261 περ
2545 3192 2712 3247 ἵππον
2756 3194 2862 3259 ἔξω
2892 3196 2992 3262 τῆς
3034 3194 3238 3262 νύσσης
3268 3195 3652 3263 ἀφηνιάσαντα
3686 3195 3974 3263 ἡνιοστρο-

717 3272 863 3340 equi,
889 3275 1129 3329 remissis
1172 3277 1423 3339 habenis.
1460 3291 1614 3334 extra
1658 3282 1889 3335 orbitam
1940 3281 2287 3347 exsultantis,

718 3364 785 3417 iis
810 3365 1057 3420 adductis
1087 3368 1282 3422 iterum
1320 3383 1726 3427 convertatnus.

799 3473 818 3505 ι
854 3453 1025 3509 Homo
1058 3459 1279 3526 quidam
1305 3460 1493 3515 habuit
1524 3462 1661 3516 duos
1695 3462 1865 3529 lilios;
1901 3472 1955 3518 et
1990 3463 2124 3518 dixit
2160 3464 2291 3518 ado-

717 3545 1013 3604 lescentior
1066 3566 1131 3605 ex
1188 3552 1295 3607 illis
1328 3554 1467 3622 patri
1497 3572 1510 3609 :
1553 3551 1626 3607 Da
1660 3554 1789 3608 mihi
1825 3554 2125 3623 portionem
2160 3554 2290 3608 sub-

718 3640 935 3694 stantia
992 3657 1111 3711 quae
1164 3658 1251 3696 me
1308 3644 1594 3712 contingit.
1650 3661 1668 3695 ι
1740 3644 2047 3709 Quoniam,
2092 3646 2290 3713 inquit,

718 3732 858 3785 liber
905 3742 1124 3789 creatus
1175 3750 1336 3800 sum,
1377 3736 1499 3788 nolo
1547 3752 1611 3789 ex
1669 3736 1991 3790 necessitate
2039 3737 2289 3791 servire:

719 3825 974 3892 permitte
1024 3841 1109 3879 tne
1144 3841 1261 3880 mea
1306 3836 1451 3881 sorte
1499 3828 1579 3881 uti
1627 3827 1889 3881 arbitratu
1941 3842 2081 3881 tneo.
2126 3827 2295 3881 Seeus

722 3917 871 3968 enim
910 3919 1182 3983 quomodo
1236 3920 1339 3971 mei
1398 3920 1569 3988 ipsius
1602 3919 1862 3972 DOtI:iIll|8
1908 3918 2077 3973 videri
2108 3932 2295 3988 potero

718 4009 1004 4078 praeceptis
1040 4010 1359 4079 legibusque
1385 4011 1689 4079 subjectus.

799 4116 819 4149 ι
867 4098 934 4152 Ει
961 4099 1147 4153 divisit
1182 4100 1288 4153 illis
1336 4102 1724 4161 substantiam.
1762 4121 1781 4155 ι
1821 4103 2153 4172 inenrporeis
2182 4104 2299 4170 qui-

722 4192 843 4243 dem
876 4190 1158 4246 cmi-istem
1185 4194 1486 4259 regionem,
1527 4195 1834 4249 hominibus
1869 4210 1996 4249 vero
2024 4203 2294 4248 terrenam

722 4283 989 4337 attribuit.
1024 4282 1149 4339 Haec
1182 4286 1326 4338 enim
1365 4288 1469 4340 duo
1496 4295 1622 4341 sunt
1650 4287 1913 4341 elementa
1944 4288 2058 4357 (95)
2094 4288 2147 4340 in
2178 4289 2301 4339 uni-

719 4390 877 4430 versa
905 4390 967 4430 re
996 4384 1199 4439 creata,
1227 4377 1387 4449 105
1419 4378 1472 4432 in
1504 4379 1700 4448 quibus
1755 4388 1960 4433 naturae
2005 4379 2301 4449 participes

721 4468 949 4523 rationis
1004 4467 1243 4539 degant,
1290 4469 1485 4525 emlum
1513 4510 1529 4535 ,
1573 4479 1631 4524 et
1678 4478 1848 4525 terra.
1886 4470 2063 4525 Locus
2106 4484 2296 4523 eorum

2393 3284 2677 3355 φήσωμεν.

2468 3481 2486 3515 ι
2520 3462 2840 3530 ’Ἄνθρωπός
2876 3479 2960 3524 τις
2989 3456 3101 3531 εἶχε
3138 3460 3232 3515 δύο
3261 3461 3413 3524 υἱούς
3436 3476 3450 3493 ο
3496 3459 3593 3512 καὶ
3627 3450 3782 3511 εἶπεν
3812 3456 3970 3527 αὗτῷ

2391 3556 2419 3607 6
2444 3553 2710 3623 νεώτερος
2730 3569 2745 3583 ’
2777 3553 2982 3622 Πάτερ,
3009 3553 3094 3616 δός
3132 3570 3219 3623 μοι
3253 3552 3313 3604 τὸ
3337 3551 3627 3605 ἐπιϐάλλον
3670 3550 3843 3618 μέρος
3868 3547 3975 3615 τῆς

2390 3646 2600 3706 οὐσίας.
2640 3664 2659 3697 ι
2706 3644 2947 3713 Ἐπειδὴ,
2982 3646 3169 3714 φησιν,
3199 3642 3544 3709 αὕτεξούσιος
3588 3642 3870 3709 ἒκτισμαι,
3909 3642 3975 3691 οὐ

2340 3784 2342 3787 .
2394 3737 2534 3790 θέλω
2580 3737 2854 3790 δουλεύειν
2902 3737 3151 3806 ἀνάγκῃ·
3207 3734 3615 3805 παραχώρησον
3665 3732 3978 3803 χρήσασθαί

2398 3844 2465 3894 με
2515 3826 2593 3893 τῷ
2639 3827 2845 3896 κλήρῳ.
2896 3826 2973 3890 ὼς
3036 3826 3297 3895 βούλομαι
3327 3841 3341 3855 ’
3388 3828 3420 3897 ἡ
3471 3826 3586 3887 πῶς
3632 3825 3699 3877 ἄν
3745 3823 3975 3893 φανείην

2395 3919 2815 3982 αὑτοδέσποτος,
2866 3917 3108 3982 εντολαῖς
3172 3918 3269 3971 καὶ
3339 3920 3524 3987 νόμοις
3586 3914 3975 3982 δουλαγωγού-

2400 4029 2559 4081 μενος
2586 4028 2601 4074 ;

2473 4123 2492 4154 ι
2529 4105 2639 4155 Καὶ
2680 4104 2876 4155 διεῖλεν
2924 4103 3107 4164 αὺτοῖς
3153 4100 3244 4153 τὸν
3275 4099 3412 4167 βίον,
3452 4115 3471 4148 ι
3515 4099 3626 4159 τοῖς
3661 4096 3979 4163 ἀσωμάτοις

2397 4196 2663 4263 ἀπένειμε
2693 4194 2785 4247 τὸν
2810 4194 3062 4263 οὐράνιον
3084 4193 3283 4261 χῶρον,
3315 4193 3424 4252 τοῖς
3460 4188 3768 4257 ἀνθρώποις
3790 4186 3855 4239 δὲ
3879 4185 3979 4238 τὸν

2398 4287 2701 4355 περίγειον.
2731 4284 2835 4336 Δύο
2860 4285 2969 4354 γάρ
2997 4282 3170 4336 ταῦτα
3201 4267 3443 4349 στοιχεῖα
3469 4279 3526 4330 ὲν
3558 4281 3623 4347 τῇ
3666 4277 3774 4329 τῶν
3803 4276 3979 4329 ὄντων

2398 4376 2577 4430 κτίσει
2609 4376 2748 4446 πρὸς
2772 4374 3049 4444 διαγωγὴν
3074 4374 3177 4443 τῆς
3204 4370 3432 4440 λογικῆς
3460 4369 3696 4438 φύσεως,
3723 4367 3980 4436 οὐρανὸς,

2399 4469 2495 4521 καὶ
2529 4469 2561 4537 ἡ
2596 4467 2688 4536 γῆ.
2736 4466 2914 4527 Τόπος
2943 4465 3053 4517 τῶν
3082 4464 3171 4518 διά
3204 4462 3407 4533 σαρκὸς
3441 4460 3540 4530 τὴν
3583 4459 3729 4528 ζωὴν
3758 4459 3983 4527 εἰληχό-

722 4560 813 4626 qui
859 4561 1023 4614 vitam
1077 4562 1132 4616 in
1177 4575 1407 4629 corpore
1468 4561 1646 4617 sortiti
1680 4572 1827 4624 sunt,
1859 4570 1999 4615 terra
2037 4578 2052 4626 ;
2092 4561 2288 4615 caelum

2393 4577 2503 4613 των
2532 4561 2564 4628 ἡ
2597 4559 2668 4627 γῆ
2689 4574 2703 4590 ο
2734 4559 2762 4611 6
2792 4558 2848 4611 δὲ
2878 4557 3130 4627 οὐράνιος
3161 4556 3268 4608 τῶν
3297 4553 3607 4623 ἀσωμάτων
3638 4554 3807 4612 ἐστὶν,
3842 4553 3900 4603 ἐν
3937 4544 3985 4617 ᾧ

721 4646 853 4705 vero
901 4651 1148 4719 corporis
1180 4652 1482 4721 expertium
1522 4660 1645 4719 est,
1692 4652 1744 4706 in
1794 4666 1902 4721 quo
1933 4652 2294 4707 sanctissime

722 4750 937 4797 mentes
978 4751 1297 4810 versantes,
1348 4743 1544 4799 divinae
1604 4742 1966 4812 perfectaeque
2035 4743 2178 4796 omni
2231 4757 2293 4796 ex

716 4836 877 4897 parte
922 4829 1246 4886 beatitudini
1295 4831 1517 4900 propius
1562 4832 1850 4886 accedunt.
1908 4830 2082 4885 Homo
2134 4831 2299 4900 igitur

710 4920 880 4989 .quasi
924 4921 1327 4977 adolescentior
1360 4922 1503 4979 ﬁlius
1546 4922 1688 4979 hunc
1735 4918 1994 4977 mundum
2041 4924 2291 4978 sensibus

798 5078 822 5113 ⁸
847 5078 871 5136 ι
905 5079 1033 5137 Cor.
1064 5093 1157 5145 xv,
1185 5078 1280 5137 22.

2405 4650 2652 4720 πανίεροι
2701 4649 2819 4709 vos;
2852 4647 3277 4717 περιπολοῦντες
3318 4642 3620 4713 γειτονοῦσι
3664 4645 3728 4711 τῇ
3776 4658 3986 4693 πανευ-

2401 4740 2618 4809 δαίμονι
2649 4740 2743 4793 καὶ
2777 4738 2899 4810 θείᾳ
2947 4737 3337 4808 μακαριότητι.
3389 4735 3452 4789 'O
3480 4734 3662 4788 τοίνυν
3693 4734 3987 4804 ἄνθρωπος

2402 4826 2490 4886 οἷα
2525 4831 2786 4901 νεώτερος
2830 4834 2981 4894 παῖς,
3025 4831 3101 4893 ὡς
3132 4830 3337 4901 κλῆρον
3370 4830 3463 4883 τὸν
3494 4827 3751 4896 αἰσθητὸν
3790 4824 3989 4879 τοῦτον

2403 4924 2606 4992 κόσμον
2664 4924 2756 4975 καὶ
2806 4923 2898 4975 τὸν
2946 4921 3275 4991 παράδεισον
3330 4922 3411 4984 εἰς
3458 4920 3667 4974 δίαιταν
3718 4916 3984 4987 εἰληφὼς,

1946 5172 2268 5234 Francisci
2307 5169 2513 5232 Scorsi
2559 5176 2746 5231 nota).

799 5300 909 5370 (92)
946 5297 1175 5364 Lapsum
1203 5299 1367 5353 etiam
1394 5314 1514 5352 cum
1538 5297 1629 5351 illo
1658 5312 2006 5352 communem.
2043 5293 2180 5350 Vide
2204 5308 2319 5348 κιο-λ

722 5379 837 5425 tam
865 5370 1219 5431 superiorem.

801 5440 914 5508 (93)
950 5439 1066 5492 Duo
1098 5446 1221 5493 sunt
1248 5441 1517 5492 elementa.
1555 5435 1668 5508 Non
1704 5436 1878 5508 solum
1912 5443 2146 5508 quatuor
2170 5433 2304 5487 sub-

726 5504 941 5564 lttnaria
970 5524 1217 5571 corpora,
1252 5509 1343 5561 sed
1364 5510 1527 5562 etiam
1553 5507 1748 5560 coelum
1780 5504 1937 5560 vides
1954 5504 2133 5558 vocari
2163 5519 2308 5555 στοι-

728 5586 874 5650 χεῖον
895 5580 1034 5650 apud
1064 5578 1299 5650 Graecos.
1327 5579 1493 5632 Arist.
1531 5578 1625 5650 lib.
1654 5575 1727 5629 De
1766 5579 1961 5650 mundo
1987 5574 2308 5650 atrotxeiov

725 5641 899 5703 οὖσαν
931 5641 942 5648 ⁷
972 5648 1161 5715 ἕτερον
1227 5649 1334 5699 τῶν
1388 5648 1705 5714 τεσσάρων,
1788 5645 2065 5715 ἀκήρατόν
2109 5641 2309 5695 τεκαὶ

726 5717 904 5769 Θείον·
946 5714 1098 5782 Quod
1136 5718 1283 5769 aliud
1324 5726 1398 5770 est
1422 5734 1453 5769 η
1482 5726 1733 5784 quatuor,
1770 5714 2082 5784 elementum
2125 5715 2307 5784 puris-

729 5789 922 5839 simum
979 5800 1027 5840 et
1080 5787 1356 5849 divinum,-
1404 5789 1469 5840 de
1494 5782 1636 5839 caelo
1696 5784 1952 5852 loquitur.
2013 5782 2308 5849 Gregorius

728 5854 897 5927 ἔχει.
943 5856 1157 5928 Dictloyo
1184 5858 1246 5912 de
1272 5857 1447 5911 anima
1478 5866 1524 5909 et
1559 5870 1728 5910 retur.
1756 5870 1773 5910 :
1800 5854 1968 5923 Atque
1985 5854 2145 5909 etiam
2170 5852 2308 5905 (una:

2408 5293 2811 5348 diminutionem
2875 5307 2922 5347 et
2955 5297 3328 5349 incrementum
3373 5313 3491 5350 cum
3517 5295 3682 5358 vides,
3717 5310 3983 5364 peream,

2409 5379 2525 5431 qua:
2558 5375 2773 5434 apparet
2808 5366 2861 5418 in
2894 5365 3165 5423 elemento.
3192 5367 3437 5434 ﬁgurant,
3473 5366 3585 5419 alia
3605 5363 3787 5434 discis.
3808 5363 3989 5433 Chry-

2410 5441 2542 5485 snst.
2582 5433 2680 5503 hac
2734 5434 2845 5503 ipsa
2885 5436 3101 5487 humilia
3132 5437 3200 5488 de
3238 5433 3356 5489 lilio
3398 5438 3661 5502 prodigo:
3690 5433 3793 5499 Qui
3838 5436 3985 5488 enin

2405 5504 2455 5555 in
2517 5502 2703 5555 calum
2725 5502 2919 5568 peccat,
2964 5504 3103 5571 quod
3159 5505 3257 5557 etsi
3284 5521 3606 5572 supremum,
3645 5514 3819 5556 tamen
3852 5504 3987 5556 risi-

2408 5573 2507 5625 bi'e
2541 5574 2850 5644 elementum
2882 5584 2981 5626 est.
3016 5573 3200 5627 Graeca
3258 5574 3552 5644 'Chrysost.
3607 5588 3711 5627 non
3758 5583 3887 5644 sunt
3928 5574 3984 5626 in

2408 5651 2678 5707 promptu.
2709 5643 2783 5695 Ex
2814 5642 3019 5697 Lavinis
3053 5658 3181 5697 vero
3222 5644 3278 5697 S.
3316 5642 3637 5697 Atitbrosius
3666 5645 3731 5694 de
3763 5643 3985 5696 defectu

2409 5711 2568 5772 Iuntl},
2630 5711 2733 5764 nisi
2793 5728 2983 5766 auctor
3039 5716 3108 5768 sit
3165 5714 3221 5766 S.
3288 5714 3551 5772 Maximus
3622 5710 3989 5765 Taurinettsis

2405 5782 2722 5846 episcopus:
2753 5779 3082 5837 Clamabatis
3102 5786 3234 5837 eni'n
3268 5801 3327 5837 ne
3354 5782 3645 5838 tacentibus
3673 5782 3814 5836 vobis
3866 5797 3993 5850 rct-

2407 5852 2550 5903 derel
2576 5850 2907 5906 elementum.
