4190 6436
711 398 818 462 379

1920 398 2419 458 THEOPHANIS
2461 396 2802 455 CERAMEI

3863 393 3974 460 380

715 532 822 571 non
858 515 932 570 ita
965 525 1282 572 sanctorum
1329 514 1493 569 verba
1545 514 1856 585 accipiunt,
1890 515 1983 567 sed
2015 530 2081 568 ex
2117 514 2295 567 ltumi—

2403 529 2421 562 t
2465 511 2732 564 Οὐδέποτε
2767 510 2990 580 ὲντολήν
3025 527 3117 562 σου
3146 507 3443 579 παρῆλθον,
3477 527 3495 560 ι
3547 509 3643 575 τῆς
3671 505 3969 574 ἀγγελικῇ

712 609 864 664 litate
897 609 1162 664 duntaxat
1211 610 1353 661 dieta
1389 620 1512 662 esse
1561 607 1910 660 arbitrantur.
1951 607 2144 660 Verum
2177 607 2289 660 hac

712 716 819 755 vox
865 717 879 754 :
938 721 957 752 ι
995 700 1282 768 Nunquam
1338 701 1655 756 mandatum
1714 708 1861 750 lllllm
1914 699 2224 767 praterivi,
2268 716 2285 748 ι

715 795 769 844 in
829 792 1130 862 angelicum
1159 793 1405 846 ordinem
1438 792 1610 845 solum
1646 775 1938 851 convenit,
1974 789 2062 856 qui
2099 790 2294 842 immu-

713 882 802 934 nis
834 881 980 934 omni
1025 881 1181 950 culpa
1237 893 1480 936 servatus
1529 889 1631 934 est.
1667 881 1805 947 Quid
1854 894 1981 933 vero
2017 880 2083 934 de
2118 881 2290 946 prima

715 969 856 1020 stola
896 967 1134 1022 dixerint
1162 1010 1177 1034 ,
1217 987 1318 1036 qua
1353 985 1636 1024 servorum
1683 985 1845 1038 opera
1892 969 2290 1024 adolescentem

717 1059 892 1112 induit
940 1059 1117 1119 Pater.
1149 1077 1268 1130 qua:
1298 1061 1626 1128 baptismum
1665 1061 1866 1130 liquido
1903 1065 2254 1130 repraesentat
2277 1103 2292 1126 ,

716 1166 781 1202 an
833 1153 1064 1219 improhi
1110 1155 1262 1218 juxta
1320 1169 1442 1208 eum
1481 1154 1662 1222 prohis
1706 1167 1766 1206 ea
1817 1168 1921 1205 non
1953 1154 2296 1207 vestiuntur?

721 1241 889 1306 Atqui
922 1241 973 1293 in
1007 1256 1261 1296 sermone
1307 1243 1578 1311 parabolze
1609 1243 1755 1296 solus
1802 1243 2197 1296 adolescentior
2231 1258 2292 1298 ea

718 1331 994 1394 induitur;
1033 1333 1190 1400 quasi
1220 1347 1280 1385 ea
1320 1347 1594 1401 nunquam
1642 1332 1825 1386 senior
1855 1334 2041 1386 fuisset
2077 1343 2292 1388 exutus.

717 1421 862 1474 Idem
913 1423 979 1475 de
1040 1424 1259 1486 annulo,
1316 1424 1622 1493 calceisque
1677 1425 2105 1495 intelligendum.
2154 1427 2293 1492 Quin

714 1513 875 1565 etiam
910 1513 1109 1566 vitulus
1163 1517 1271 1581 pro
1301 1516 1454 1570 nobis
1486 1517 1550 1569 ad
1582 1514 1907 1572 sacriﬁcium
1958 1518 2145 1571 ductus
2190 1535 2293 1572 non

718 1619 817 1671 pro
851 1606 1226 1672 peccatoribus
1251 1608 1446 1670 solum,
1482 1610 1576 1663 sed
1610 1611 1771 1664 etiam
1797 1609 2072 1678 projustis
2097 1611 2294 1664 immo-

718 1693 864 1748 latus
899 1705 1005 1758 est,
1029 1712 1150 1750 cum
1183 1711 1326 1752 esset
1354 1699 1586 1767 pretium
1616 1699 2000 1768 redemptionis
2030 1701 2296 1755 universe

723 1792 950 1836 naturae.
975 1784 1091 1850 Qua
1124 1787 1284 1853 igitur
1309 1787 1521 1842 ratione
1549 1789 1615 1841 de
1643 1789 1787 1841 caede
1812 1789 1963 1842 vituli
1989 1790 2298 1857 indignatur

714 1873 934 1939 justus,
972 1879 1073 1942 qna
1107 1873 1209 1928 fuit
1259 1877 1422 1930 etiam
1480 1878 1595 1944 ipse
1646 1879 1952 1934 liberatus?
2005 1853 2128 1946 Quo
2166 1896 2294 1934 vero
2333 1853 2372 1906 Β

721 1965 884 2018 modo
913 1965 1058 2019 dicat
1101 1967 1203 2037 ipsi
1238 1967 1399 2022 Pater
1426 1988 1438 2024 :
1478 1989 1496 2022 ι
1533 1969 1610 2024 Τυ
1639 1986 1854 2040 semper
1884 1988 2091 2027 mecum
2135 1975 2238 2028 es?
2270 1993 2289 2026 ι

720 2058 838 2113 Non
875 2060 1021 2113 enim
1053 2077 1273 2131 semper
1303 2079 1426 2118 eum
1466 2065 1574 2119 Deo
1600 2063 1731 2133 justi
1777 2065 2014 2120 filerunt.
2046 2066 2100 2121 Si
2128 2068 2293 2131 enim,

722 2164 780 2206 ut
808 2155 885 2207 ait
911 2155 1206 2223 Apostolus
1235 2157 1277 2220 ⁸,
1313 2157 1363 2209 in
1398 2158 1607 2212 Adamo
1639 2174 1830 2214 omnes
1880 2161 2076 2214 mortui
2111 2176 2297 2216 sumus

723 2253 779 2297 et
810 2260 1004 2300 omnes
1062 2248 1112 2300 in
1160 2247 1384 2303 Christo
1435 2250 1559 2303 vine
1609 2252 1886 2317 restituti,
1939 2267 2132 2306 omnes
2167 2269 2298 2308 sane

720 2337 812 2405 qui
843 2338 1032 2392 Adami
1071 2348 1278 2396 natura:
1310 2343 1600 2411 participes
1629 2353 1836 2406 sumus,
1865 2344 2076 2412 lapsum
2131 2347 2294 2401 etiam

720 2441 844 2487 cum
897 2429 989 2483 illo
1043 2444 1389 2485 communem
1427 2433 1541 2504 (92)
1580 2435 1842 2489 habemus
1872 2475 1887 2498 ,
1926 2447 1977 2489 et
2014 2453 2108 2506 per
2136 2437 2296 2492 Chri-

721 2529 863 2573 stum
889 2526 1249 2578 communiter
1273 2525 1483 2579 liherati
1519 2543 1730 2582 sumus.
1755 2527 1870 2582 Non
1906 2530 2066 2598 igitur
2086 2511 2324 2598 semper

730 2625 853 2663 eum
890 2611 998 2665 Deo
1024 2613 1156 2682 justi
1191 2613 1410 2668 fuerunt
1440 2658 1454 2679 ,
1481 2617 1574 2670 sed
1610 2617 1950 2672 intellectivze
1981 2622 2294 2689 angelorum

727 2708 932 2754 natura:
962 2720 974 2754 :
1013 2719 1132 2771 qua.
1161 2720 1435 2772 nunquam
1468 2723 1495 2759 a
1528 2703 1636 2759 Deo
1676 2708 1963 2774 disiunctae
1990 2719 2135 2775 sunt,
2163 2726 2297 2780 quo-

724 2806 843 2844 rum
899 2809 1058 2848 e.msa
1119 2810 1183 2847 ne
1231 2796 1417 2851 bardus
1479 2798 1697 2866 quidem
1753 2816 1990 2868 unquam
2032 2813 2298 2858 mactatus

723 2892 842 2948 est;
876 2899 973 2952 pro
1001 2887 1206 2956 angelis
1237 2891 1378 2943 enim
1407 2904 1582 2958 neque
1615 2903 1866 2958 peccator
1901 2893 2100 2962 aliquis
2136 2896 2294 2950 morti

727 2976 958 3031 traditus
987 2991 1104 3044 est;
1148 2989 1202 3034 at
1238 2997 1336 3049 pro
1367 2983 1647 3036 hominum
1700 2985 1875 3037 salute
1923 2985 2036 3053 ipse
2076 2983 2167 3039 Dei
2204 2984 2296 3038 Fi-

725 3067 831 3120 lius
890 3069 942 3122 in
987 3072 1313 3127 sacrificium
1349 3076 1583 3129 oblatus.
1637 3075 1740 3130 Sed
1799 3078 2022 3130 nimium
2078 3093 2105 3130 a
2147 3087 2297 3132 recta

2395 599 2605 664 τάξεως
2638 601 2798 669 μόνον
2853 600 3134 670 ἁρμόδιος,
3183 587 3314 670 ’ἥτις
3369 601 3670 668 τετήρηται
3722 598 3855 666 πρὸς
3909 597 3969 648 τὸ

2397 692 2570 746 κακὸν
2613 692 2998 760 ἀνεπίμικτος.
3046 691 3112 743 Τί
3145 692 3190 742 δ’
3231 693 3296 745 ἂν
3331 693 3538 744 εἴποιεν
3575 693 3669 744 καὶ
3705 692 3833 758 περὶ
3872 695 3971 761 τῆς

2397 784 2623 853 πρώτης
2657 782 2870 852 στολῆς,
2927 784 2993 852 ἢν
3048 783 3137 835 διὰ
3190 783 3300 834 τῶν
3345 781 3548 834 δούλων
3585 783 3610 832 6
3643 782 3828 850 πατὴρ
3877 779 3970 831 τδν

2395 873 2516 926 νέον
2549 873 2796 937 άνέδυσε,
2847 874 2910 926 τδ
2949 873 3232 944 βάπτισμα
3273 873 3531 944 καθαρῶς
3560 874 3971 938 είκονίζουσαν;

2397 961 2486 1036 ἆρ’
2541 967 2604 1020 ού
2651 965 2827 1020 δίκαοι
2885 968 2977 1020 καὶ
3015 949 3333 1038 άμαρτωλοὶ
3381 966 3588 1037 ταύτην
3633 965 3972 1036 περικλαινί-

2397 1058 2611 1124 (autat;
2660 1058 2802 1110 Ἀλλ’
2830 1060 2889 1112 ἐν
2910 1060 2988 1129 τῷ
3015 1062 3114 1129 τῆς
3141 1059 3456 1130 παραϐολῆς
3486 1060 3630 1128 λόγῳ
3663 1059 3822 1127 μόνος
3866 1059 3970 1110 αὺ-

2394 1152 2495 1221 τὴν
2535 1154 2562 1204 6
2610 1151 2876 1220 νεώτερος
2910 1151 3280 1205 ινδιδύσκεται
3304 1193 3318 1217 ,
3352 1152 3427 1212 ὡς
3457 1152 3552 1204 τοῦ
3591 1152 3970 1222 πρεσϐυτέρου

2402 1245 2669 1314 μηδέποτε
2717 1245 3095 1314 γυμνωθέντος
3145 1246 3338 1315 αὐτῆς.
3389 1245 3561 1298 Τοῦτο
3599 1244 3655 1297 δὲ
3709 1245 3838 1314 περὶ
3873 1244 3972 1296 τοῦ

2396 1335 2707 1401 δακτυλίου,
2771 1337 2865 1388 καὶ
2927 1336 3057 1402 περὶ
3105 1334 3212 1388 τῶν
3261 1336 3627 1403 ὑποδημάτων
3663 1337 3973 1403 νοήσωμεν.

2401 1427 2509 1478 Καὶ
2543 1427 2652 1497 μὴν
2685 1428 2779 1480 καὶ
2808 1430 2834 1480 6
2863 1427 3003 1494 ὑπὲρ
3042 1428 3201 1497 ἡμῶν
3235 1427 3420 1497 ἀχθεὶς
3454 1430 3530 1490 είς
3552 1425 3746 1480 θυσίαν
3771 1429 3975 1496 μόσχος

2397 1517 2493 1587 οὐχ
2531 1517 2671 1588 ὑπὲρ
2709 1517 3052 1589 ἁμαρτωλῶν
3087 1518 3268 1586 μόνον,
3293 1520 3427 1571 ἀλλὰ
3459 1518 3550 1571 καὶ
3582 1519 3719 1588 ὑπὲρ
3743 1520 3977 1571 δικαΐων

2398 1607 2652 1671 τέθυται,
2691 1608 2887 1679 λύτρον
2917 1606 3162 1676 γεγονὼς
3209 1608 3387 1676 πάσης
3426 1610 3523 1678 τῆς
3559 1608 3795 1676 φύσεως.
3848 1608 3977 1668 Πῶς

2400 1693 2492 1752 οῦν
2528 1699 2555 1750 6
2581 1699 2814 1762 δίκαιοις
2850 1701 2993 1771 ὑπὲρ
3023 1699 3118 1753 τοῦ
3153 1701 3355 1769 μόσχου
3373 1704 3470 1769 τῆς
3508 1703 3721 1769 σφαγῆς
3751 1700 3978 1768 ἐδυσχέ-

2405 1808 2610 1860 ραινεν,
2651 1793 2740 1861 ὑφ’
2776 1786 2837 1846 οῦ
2872 1793 2964 1844 καὶ
2991 1791 3153 1855 αὐτὸς
3195 1792 3561 1861 ὲλελύτρωτο;
3603 1791 3727 1853 Πῶς
3768 1791 3822 1844 δὲ
3878 1792 3976 1842 καὶ

2399 1883 2534 1952 πρὸς
2571 1884 2736 1936 αὐτόν
2767 1900 2932 1951 φησιν
2957 1886 2984 1936 6
3013 1885 3202 1954 Πατήρ
3232 1901 3245 1914 ·
3275 1902 3292 1934 t
3330 1884 3402 1936 Σὺ
3436 1884 3666 1936 πάντοτε
3697 1883 3813 1951 μετ’
3837 1882 3976 1951 ἐμοῦ

2400 1970 2490 2038 ei;
2530 1995 2548 2026 ι
2585 1975 2660 2028 Οὐ
2695 1975 2802 2044 γὰρ
2833 1976 3066 2028 πάντοτε
3106 1977 3242 2045 μετὰ
3290 1975 3426 2028 Θεοῦ
3469 1971 3612 2044 ἦσαν
3660 1976 3709 2027 oi
3750 1974 3974 2027 δίκαιοι.

2401 2067 2462 2121 El
2500 2068 2638 2136 γὰρ,
2690 2066 2876 2130 καθώς
2911 2085 3074 2136 φησιν
3107 2069 3134 2120 6
3177 2067 3527 2132 Ἀπόστολος,
3574 2067 3632 2118 ὲν
3676 2065 3753 2134 τῷ
3801 2065 3977 2134 Ἀδάμ

2401 2159 2606 2222 πάντες
2659 2159 3120 2230 ἀποθνήσκομεν,
3215 2160 3312 2213 καὶ
3375 2161 3578 2216 πάντες
3637 2159 3695 2212 ὲν
3751 2158 3978 2227 Χριστῷ

2399 2251 2886 2320 ὲζωοποιήθημεν,
2928 2252 3130 2315 πάντες
3185 2248 3281 2305 οῦν
3343 2253 3392 2304 oi
3444 2252 3826 2312 κοινωνοῦντες
3874 2249 3977 2313 τὴς

2362 2357 2368 2364 ‘
2401 2341 2618 2410 φύσεως
2641 2346 2738 2413 τῆς
2778 2343 2985 2414 Ἀδάμ,
3029 2344 3125 2397 καὶ
3154 2347 3254 2413 τῆς
3288 2345 3497 2397 ἐκείνου
3535 2345 3793 2406 πτώσεως
3825 2343 3976 2394 ὲχοι-

2400 2434 2671 2504 νὼνησαν.
2705 2437 2799 2488 καὶ
2831 2440 2928 2506 τῆς
2964 2436 3052 2489 διὰ
3083 2437 3323 2506 Χριστοῦ
3357 2437 3816 2506 ἀπολυτρώσεως.
3862 2438 3978 2487 Οὐκ

2400 2522 2493 2580 οὖν
2534 2529 2770 2582 πάντοτε
2810 2529 2949 2596 μετὰ
3001 2529 3138 2582 Θεοῦ
3183 2525 3328 2598 ἦσαν
3384 2531 3432 2582 οί
3489 2530 3722 2600 δίκαιοι,
3765 2529 3876 2580 ἀλλ’
3919 2529 3976 2579 al

2399 2622 2586 2688 vospai.
2615 2621 2722 2672 τῶν
2773 2621 3024 2687 ἀγγέλων
3077 2621 3282 2682 οὐσίαι.
3332 2624 3388 2675 αἱ
3441 2623 3706 2690 μηδέποτε
3755 2622 3976 2689 διακρι-

2400 2709 2576 2764 θεῖσαι
2612 2712 2746 2764 Θεοῦ
2779 2729 2793 2742 °
2830 2712 2969 2782 ὑπὲρ
3021 2706 3096 2764 ὧν
3157 2714 3277 2765 οὐδὲ
3336 2713 3524 2782 ἔριφος
3598 2713 3762 2782 ὲθύθη
3817 2712 3974 2764 ποτέ.

2412 2800 2584 2870 ’Υπὲρ
2614 2802 2724 2872 γάρ
2750 2801 2859 2854 τῶν
2894 2804 3144 2869 ἀγγέλων
3186 2804 3306 2857 οὐδὲ
3335 2805 3660 2873 ἁμαρτωλὸς
3698 2807 3774 2866 είς
3804 2804 3978 2856 θάνα-

2401 2909 2494 2944 τον
2527 2892 2738 2946 δέδοται
2765 2909 2778 2925 ·
2802 2895 2942 2964 ὑπὲρ
2972 2896 3025 2946 δὲ
3058 2897 3156 2965 τῆς
3194 2896 3304 2949 τῶν
3349 2897 3651 2968 ἀνθρώπων
3701 2897 3980 2966 σωτηρίας

2401 2983 2566 3045 αὐτὸς
2596 2985 2626 3036 6
2665 2984 2760 3036 τοῦ
2816 2985 2952 3037 Θεοῦ
3003 2979 3132 3048 Υἱὸς
3168 2987 3407 3040 τέθυται.
3479 2988 3639 3040 Ἀλλά
3685 2988 3818 3040 πολὺ
3876 2987 3979 3053 τῆς

2400 3075 2620 3141 εὐθείας
2661 3079 3153 3149 ἀπεπλανήθημεν.
3191 3081 3326 3149 Φέρε
3366 3078 3458 3131 οὖν
3513 3079 3604 3131 τὸν
3658 3079 3813 3141 λόγον
3866 3077 3982 3130 ὥσ⁹

731 3157 814 3209 via
867 3161 1079 3227 evagati
1117 3177 1327 3218 sumus.
1389 3163 1500 3234 Age
1554 3166 1718 3234 igitur
1766 3180 2071 3221 sermonem
2123 3166 2299 3221 instar

2403 3184 2508 3238 περ
2555 3169 2721 3223 ἵππον
2766 3171 2871 3235 ἔξω
2901 3173 3001 3239 τῆς
3043 3171 3247 3238 νύσσης
3279 3172 3662 3240 ἀφηνιάσαντα
3695 3173 3984 3240 ἡνιοστρο-

727 3249 873 3316 equi,
899 3253 1139 3305 remissis
1183 3255 1433 3316 habenis.
1470 3268 1624 3310 extra
1669 3259 1898 3311 orbitam
1950 3258 2296 3324 exsultantis,

728 3341 794 3393 iis
820 3342 1067 3396 adductis
1098 3345 1292 3398 iterum
1330 3360 1736 3403 convertamus.
2075 3389 2093 3408 κ.

810 3450 827 3481 ι
865 3431 1034 3485 llomo
1068 3436 1288 3502 quidam
1315 3437 1502 3491 habuit
1535 3440 1670 3493 duos
1705 3439 1875 3505 filios;
1911 3449 1964 3494 et
2000 3440 2133 3494 dixit
2170 3441 2300 3495 ado-

727 3522 1022 3580 lescentior
1076 3543 1140 3581 ex
1197 3529 1305 3583 illis
1338 3531 1476 3598 patri
1507 3550 1519 3585 :
1563 3528 1635 3584 Da
1670 3531 1799 3584 mihi
1835 3531 2134 3600 portionem
2170 3532 2299 3585 Sub-

729 3617 944 3670 stantia}
1003 3635 1120 3687 qua:
1174 3635 1260 3673 nte
1319 3622 1603 3688 contingit.
1659 3639 1678 3672 ι
1749 3621 2056 3685 Quoniam,
2103 3623 2299 3690 inquit,

729 3709 867 3762 liber
915 3720 1133 3766 creatus
1185 3727 1345 3776 sum,
1387 3713 1508 3764 nolo
1558 3729 1620 3765 ex
1679 3713 2000 3766 necessitate
2049 3715 2298 3768 servire:

729 3803 983 3868 permitte
1034 3818 1118 3856 me
1153 3819 1270 3857 mea
1315 3814 1460 3857 sorte
1510 3805 1588 3857 uti
1637 3805 1898 3857 arbitratu
1951 3820 2090 3858 meo.
2135 3804 2304 3858 Sccus

732 3894 880 3945 cnim
919 3897 1192 3960 quomodo
1246 3898 1348 3948 mei
1408 3897 1578 3964 ipsius
1612 3896 1871 3949 Dontiuus
1918 3896 2086 3950 videri
2117 3909 2304 3965 potero

729 3987 1013 4055 prteceplis
1050 3988 1368 4056 legibusque
1394 3988 1698 4055 subjectus.

809 4094 828 4126 ι
877 4075 944 4129 Et
971 4077 1156 4130 divisit
1191 4077 1297 4130 illis
1347 4079 1732 4138 Substantiam.
1772 4098 1790 4131 ι
1831 4080 2162 4148 ineorporeis
2191 4081 2308 4146 qui-

732 4169 852 4220 dem
886 4169 1167 4222 caelestem
1196 4171 1494 4235 regionem,
1536 4172 1843 4225 hominibus
1879 4188 2004 4226 vero
2034 4181 2303 4224 terrenam

731 4261 999 4314 attribuit.
1035 4259 1158 4316 Haec.
1191 4263 1335 4315 enim
1375 4266 1478 4316 duo
1506 4272 1630 4318 sunt
1660 4264 1922 4317 elementa
1954 4265 2067 4332 (95)
2104 4265 2156 4317 in
2188 4267 2310 4316 uni-

729 4367 886 4406 versa
916 4368 977 4407 re
1005 4362 1208 4416 creata,
1237 4355 1396 4426 105
1429 4356 1481 4408 in
1513 4356 1709 4425 quibus
1765 4365 1968 4409 natum
2015 4357 2308 4425 participes

732 4446 958 4500 rationis
1014 4445 1252 4515 degant,
1299 4447 1494 4502 ctelum
1523 4488 1538 4512 ,
1583 4457 1640 4500 et
1689 4456 1857 4501 terra.
1896 4447 2072 4502 Locus
2115 4461 2305 4500 eorum

2403 3261 2686 3332 φήσωμεν.

2477 3458 2494 3492 t
2530 3439 2848 3506 ’Λνθρωπύς
2885 3456 2968 3500 τις
2998 3434 3110 3507 εἶχε
3147 3438 3241 3492 δύο
3271 3439 3422 3501 υἱούς
3447 3454 3460 3470 ⁶
3507 3437 3603 3490 καὶ
3637 3428 3790 3488 εἶπεν
3822 3433 3979 3504 αύτῷ

2401 3533 2428 3584 6
2454 3531 2718 3599 νεώτερος
2740 3547 2753 3560 ⁸
2787 3530 2991 3599 Πάτερ,
3019 3530 3103 3592 δός
3141 3547 3228 3600 μοι
3262 3530 3322 3581 τὸ
3347 3529 3636 3582 ἐπιϐάλλον
3680 3528 3851 3595 μέρος
3877 3525 3984 3592 τῆς

2400 3623 2608 3683 οὐσίας.
2649 3641 2667 3672 ι
2715 3622 2955 3690 Ἐπειδὴ,
2991 3624 3178 3690 φησιν,
3209 3620 3553 3686 αύτεξούσιος
3598 3620 3879 3685 ἑκτισμαι,
3919 3620 3984 3668 οὐ

2404 3715 2543 3766 θέλω
2589 3715 2863 3766 δουλεύειν
2912 3715 3160 3783 ἀνάγκῃο
3217 3712 3623 3782 παραχώρησον
3675 3710 3986 3780 χρήσασθαί

2407 3822 2474 3871 με
2525 3804 2602 3870 τῷ
2648 3805 2854 3872 κλήρῳ,
2905 3804 2982 3867 ὼς
3047 3804 3350 3872 βούλομαι·
3398 3806 3429 3873 ἦ
3482 3804 3596 3864 πῶς
3642 3803 3707 3854 ἄν
3755 3802 3985 3870 φανείην

2404 3897 2824 3959 αὑτοδέσποτος,
2876 3895 3116 3958 εντολαῖς
3183 3896 3278 3948 καὶ
3349 3897 3533 3964 νόμοις
3596 3893 3986 3959 δουλαγωγού-

2409 4007 2568 4058 μενος
2596 4006 2610 4051 ;

2483 4100 2500 4131 ι
2539 4083 2648 4132 Καὶ
2690 4081 2884 4132 διεῖλεν
2933 4081 3116 4140 αὺτοῖς
3163 4078 3253 4129 τὸν
3285 4077 3422 4144 βὲον,
3462 4093 3480 4125 ι
3525 4077 3635 4136 τοῖς
3671 4075 3988 4141 ἀσωμάτοις

2407 4173 2672 4240 ἀπένειμε
2703 4171 2794 4223 τὸν
2820 4172 3072 4240 οὐράνιον
3095 4171 3291 4238 χῶρον,
3325 4171 3434 4229 τοῖς
3469 4166 3778 4234 ἀνθρώποις
3807 4165 3864 4216 δὲ
3890 4163 3988 4215 τὸν

2408 4265 2710 4333 περίγειον.
2741 4262 2844 4313 Δύο
2870 4263 2978 4330 γὰρ
3007 4260 3180 4313 ταῦτα
3211 4260 3452 4326 στοιχεῖα
3479 4257 3535 4307 ὲν
3568 4259 3633 4325 τῇ
3676 4255 3783 4306 τῶν
3813 4254 3989 4306 ὄντων

2408 4353 2586 4407 κτίσει
2619 4353 2756 4422 πρὸς
2782 4351 3059 4421 διαγωγὴν
3085 4352 3185 4419 τῆς
3214 4348 3442 4417 λογικῆς
3469 4347 3704 4415 φύσεως,
3733 4345 3989 4413 οὐρανὸς,

2409 4446 2505 4498 καὶ
2538 4446 2570 4514 ἡ
2606 4444 2698 4512 γῆ.
2746 4444 2923 4504 Τόπος
2953 4443 3062 4494 τῶν
3092 4441 3180 4495 διὰ
3214 4440 3416 4510 σαρκὸς
3451 4438 3549 4507 τὴν
3593 4437 3738 4505 ζωὴν
3769 4437 3993 4504 εἰληχό-

732 4537 822 4603 qui
869 4539 1032 4591 vitam
1088 4539 1141 4592 in
1187 4553 1416 4606 corpore
1478 4538 1654 4593 sortiti
1689 4549 1836 4601 sunt,
1869 4547 2008 4591 terra
2047 4555 2062 4602 ;
2101 4539 2297 4592 coelum

2403 4555 2511 4590 των
2541 4539 2573 4606 ἡ
2607 4537 2676 4604 γῆ
2699 4552 2712 4567 ο
2744 4536 2771 4588 6
2801 4535 2858 4588 δέ
2887 4534 3139 4604 οὐράνιος
3170 4534 3276 4585 τῶν
3307 4531 3617 4600 ἀσωμάτων
3649 4531 3816 4590 ἐστὶν,
3853 4531 3910 4580 ἐν
3949 4523 3994 4595 ᾧ

731 4642 862 4681 vero
911 4629 1157 4696 corporis
1190 4629 1491 4697 expertium
1531 4638 1654 4696 est,
1702 4629 1754 4682 in
1804 4644 1911 4697 quo
1943 4629 2303 4683 sanctissimae

733 4727 946 4774 mentes
988 4728 1306 4787 versantes,
1358 4720 1554 4775 divina:
1614 4719 1975 4790 perfectaeque
2045 4721 2187 4773 omni
2241 4735 2303 4772 ex

733 4813 885 4873 parte
932 4807 1256 4863 beatitudini
1305 4808 1526 4876 propius
1573 4810 1859 4863 accedunt.
1918 4808 2091 4861 Homo
2144 4810 2308 4877 igitur

720 4898 890 4965 .quasi
934 4899 1336 4954 adolescentior
1370 4899 1512 4955 [ilius
1556 4900 1696 4955 hunc
1744 4897 2003 4954 mundum
2051 4902 2300 4955 sensibus

808 5056 831 5090 ⁵
857 5055 880 5113 l
915 5057 1042 5114 Cor.
1075 5071 1166 5122 xv,
1195 5057 1289 5114 22.

2415 4628 2661 4696 πανίεροι
2711 4627 2828 4685 νόες
2862 4625 3286 4694 περιπολοῦντες
3328 4621 3630 4690 γειτονοῦσι
3675 4623 3738 4688 τῇ
3787 4637 3996 4671 πανευ-

2411 4717 2627 4786 δαίμονι
2659 4717 2752 4770 καὶ
2787 4716 2908 4786 θείᾳ
2957 4715 3346 4784 μακαριότητι.
3399 4713 3461 4766 '0
3489 4712 3671 4765 τοίνυν
3703 4712 3997 4781 ἄνθρωπος

2412 4804 2499 4863 οἷα
2535 4809 2795 4878 νεώτερος
2839 4812 2990 4871 παῖς,
3035 4809 3110 4871 ὡς
3143 4808 3346 4878 κλῆρον
3380 4808 3472 4860 τὸν
3503 4806 3760 4874 αἰσθητὸν
3801 4803 3998 4856 τοῦτον

2413 4902 2615 4970 κόσμον
2673 4901 2764 4952 καὶ
2815 4901 2907 4952 τὸν
2955 4899 3285 4968 παράδεισον
3340 4900 3420 4962 είς
3468 4898 3676 4951 δίαιταν
3727 4895 3994 4964 εἰληφὼς,

1956 5150 2276 5210 Francisci
2317 5148 2522 5209 Scorsi
2569 5154 2755 5208 nota).

809 5277 918 5346 (92)
956 5275 1184 5341 Lapsum
1213 5276 1375 5330 etiam
1404 5291 1523 5329 cum
1547 5275 1638 5328 illo
1668 5290 2014 5329 communem.
2052 5271 2189 5327 Vide
2214 5288 2310 5325 no-

739 5357 846 5402 tam
875 5361 1228 5408 superiorem.

811 5418 923 5485 (93)
961 5416 1075 5468 Duo
1108 5424 1230 5469 sunt
1259 5418 1526 5469 elementa.
1565 5413 1676 5485 Non
1714 5414 1887 5468 solum
1921 5421 2155 5485 quatuor
2179 5411 2313 5464 sub-

737 5482 949 5541 lunaria
979 5501 1226 5547 corpora,
1262 5485 1352 5537 sed
1373 5487 1536 5538 etiam
1563 5484 1756 5536 cmlum
1790 5485 1937 5536 vides
1963 5482 2142 5535 vocari
2173 5498 2316 5532 στοι-

738 5563 884 5627 χεῐον
905 5557 1042 5627 apud
1074 5555 1307 5627 Graecos.
1337 5557 1502 5608 Arist.
1541 5556 1634 5627 lib.
1664 5553 1736 5606 De
1775 5556 1970 5627 mundo
1996 5552 2317 5627 :_210txsiov

735 5619 908 5680 ξῦσαν
941 5619 951 5624 ⁷
981 5626 1170 5692 ἕτερον
1237 5626 1343 5676 τῶν
1399 5625 1714 5690 τεσσάρων,
1798 5623 2073 5691 ἀκήρατόν
2119 5619 2199 5672 τε
2225 5619 2318 5671 καὶ

736 5696 912 5746 θεῖον·
956 5695 1106 5760 Quod
1145 5695 1292 5746 aliud
1334 5704 1406 5746 est
1432 5712 1462 5746 η
1491 5703 1742 5761 quatuor,
1779 5692 2090 5761 elementum
2134 5693 2316 5761 puris—

738 5768 931 5816 simum
988 5778 1035 5817 et
1089 5765 1364 5826 diuinum;
1413 5767 1478 5817 de
1505 5760 1644 5816 coelo
1706 5762 1960 5829 loquitur.
2023 5760 2317 5825 Gregorius

737 5833 906 5904 Syss.
952 5835 1166 5906 Dialogo
1194 5836 1254 5890 de
1282 5835 1456 5888 anima
1488 5844 1533 5886 ct
1569 5848 1736 5887 remr.
1765 5848 1781 5887 :
1810 5833 1977 5900 Atq'te
1995 5832 2154 5886 etiam
2179 5831 2317 5882 luna:

2417 5271 2820 5325 diminutionem
2885 5285 2931 5324 et
2966 5275 3338 5326 incrementum
3383 5291 3500 5327 cum
3527 5274 3691 5336 uides,
3727 5289 3819 5342 per
3835 5289 3992 5342 eam,

2419 5357 2534 5407 qua:
2567 5353 2782 5402 apparet
2819 5344 2870 5395 in
2903 5343 3175 5400 elemento.
3203 5346 3446 5411 ﬁguram,
3483 5344 3594 5395 alia
3615 5341 3795 5395 discis.
3818 5341 3998 5410 Chry-

2420 5419 2551 5462 snst.
2591 5411 2688 5462 hac
2743 5412 2854 5479 ipsa
2895 5414 3110 5464 humilia
3143 5415 3209 5465 de
3257 5415 3365 5466 tilio
3408 5411 3802 5479 prouligonui
3849 5414 3994 5465 enim

2415 5482 2463 5532 in
2527 5479 2712 5531 cazlum
2735 5493 2928 5544 peccat,
2973 5483 3112 5548 quod
3170 5484 3266 5535 etsi
3295 5499 3615 5550 supremum,
3655 5493 3828 5533 tamen
3862 5483 3994 5533 risi-

2418 5551 2516 5601 l'i'e
2551 5552 2859 5603 elementum
2891 5562 2990 5603 est.
3027 5551 3210 5605 Graeca
3275 5553 3561 5621 Chrysost.
3617 5566 3719 5604 non
3768 5562 3895 5603 suat
3939 5553 3992 5604 in

2417 5629 2686 5684 prmuptu.
2719 5621 2792 5672 Ex
2823 5621 3028 5674 La'inis
3063 5637 3191 5674 vero
3233 5623 3288 5675 S.
3327 5624 3645 5674 Ambrosius
3676 5623 3740 5671 tle
3773 5621 3993 5674 delectu

2419 5689 2577 5749 lunae,
2640 5689 2742 5742 nisi
2803 5707 2992 5744 aut-tor
3049 5694 3117 5745 sit
3176 5693 3231 5744 S.
3297 5692 3560 5749 Maximus
3632 5689 3996 5742 Tauriuensis

2415 5760 2732 5823 episcopus:
2763 5757 3091 5814 Clama’mtis
3113 5764 3243 5815 eui-n
3279 5780 3335 5815 ue
3363 5761 3654 5815 tacentibus
3683 5761 3823 5814 vobis
3876 5775 4000 5827 rer-

2416 5830 2559 5880 deret
2586 5828 2916 5883 elementum.
