4190 6436
723 402 828 469 383

717 514 813 564 riis
847 506 1085 576 pral'ecti
1121 516 1248 561 sunt
1292 507 1435 559 vitiis
1472 506 1583 575 (95)
1624 524 1636 560 :

711 601 922 654 daemon
977 601 1091 662 irae,
1141 600 1277 651 alius
1344 599 1521 651 inanis
1585 600 1787 668 glorite,
1841 598 1977 650 alius
2031 596 2291 660 avarititc,

713 694 850 744 alios
905 693 1143 749 invidi:e,
1198 700 1249 741 ct
1284 691 1425 744 alius
1461 692 1550 743 alii
1614 693 1814 759 prmsit,
1848 692 1972 744 odio
2025 691 2296 754 intempe-

715 783 923 843 rantiae,
957 782 1175 848 probro,
1205 783 1439 849 pigritia:
1475 803 1486 835 :
1516 793 1563 833 et
1608 782 1815 849 singula
1851 783 1978 833 vitia
2012 792 2291 835 auctorem

713 875 1011 939 proprium,
1050 883 1103 923 ct
1146 872 1508 938 perniciosum
1564 872 1871 924 hominibus
1916 871 2289 924 consiliarium

714 975 868 1015 nacta
903 966 1039 1027 sint;
1092 965 1161 1015 ita
1199 974 1253 1014 ut
1291 964 1432 1016 cives
1464 963 1719 1016 dicantur
1767 964 2072 1033 hujusmodi
2126 965 2290 1019 animi

712 1056 1179 1118 perturbationum
1256 1053 1591 1108 conditores.
1685 1055 1819 1107 Cum
1878 1056 2040 1125 igitur
2102 1057 2292 1109 audias

714 1148 1082 1198 lascivientem
1119 1147 1263 1197 illum
1312 1146 1710 1199 adolcscentetu
1747 1148 1833 1196 ttni
1869 1148 2068 1198 civium
2109 1146 2291 1200 adlue-

712 1240 867 1294 siSse.
924 1240 1021 1290 lmc
1078 1239 1373 1303 signiﬁcari
1420 1241 1589 1301 scias,
1619 1240 1761 1308 quod
1805 1241 1964 1294 unius
2002 1254 2069 1292 ex
2126 1241 2291 1305 vitiis,

712 1333 776 1380 ad
814 1347 932 1399 qnte
970 1332 1239 1384 (temones
1274 1334 1551 1403 instigant,
1592 1348 1805 1397 servus,
1851 1348 1913 1387 ac
1959 1335 2290 1404 mancipium

711 1421 887 1476 fat-Ius
943 1426 1031 1477 sit.
1096 1423 1151 1478 Si
1206 1441 1338 1478 vero
1390 1428 1552 1478 etiam
1607 1427 1673 1479 de
1724 1429 1944 1480 civitate
1996 1429 2293 1481 sciscitaris

709 1513 865 1577 cuius
897 1525 1034 1579 erat,
1063 1527 1242 1571 custos
1268 1525 1319 1569 ct
1353 1532 1551 1584 praeses
1571 1519 1660 1586 qui
1694 1520 2052 1573 adulescentis
2071 1536 2290 1589 operam

711 1620 901 1673 porcos
934 1609 1187 1675 pascendi
1221 1610 1506 1671 conduxit,
1539 1610 1750 1663 docebit
1782 1621 1830 1665 te
1867 1612 2137 1675 Psaltnus,
2169 1628 2289 1665 cum

710 1699 981 1750 civitatem
1044 1710 1203 1753 vocat
1263 1701 1525 1754 malarum
1589 1701 1935 1757 alTectionum
1997 1706 2290 1758 contuber-

710 1789 879 1843 nium.
934 1808 952 1841 ι
990 1789 1111 1845 Vidi
1198 1792 1539 1862 iniquitatem
1589 1804 1643 1849 et
1694 1797 2183 1851 contradictionem
2238 1798 2288 1851 in

710 1882 952 1948 civitate,
980 1894 1033 1937 et
1064 1884 1215 1937 labor
1247 1884 1299 1938 itt
1343 1884 1523 1939 medio
1556 1886 1759 1955 ejus,et
1794 1886 2078 1952 iniustitia,
2108 1896 2161 1941 et
2191 1890 2290 1940 ini.

690 1964 914 2040 ‘qttitas,
951 1984 1002 2027 et
1028 1990 1214 2038 usura,
1246 1984 1300 2028 et
1332 1966 1489 2030 dolus
1525 1978 1576 2029 in
1612 1970 1808 2046 plateis
1849 1982 2092 2033 corutn'.
2134 2000 2149 2031 ι
2188 1981 2289 2046 Qui

713 2064 877 2132 igitur
912 2068 1049 2119 hanc
1079 2067 1353 2121 civitatem
1394 2068 1646 2129 habebat,
1687 2070 1871 2123 emisit
1914 2072 2185 2127 hominem
2238 2075 2289 2127 in

711 2158 892 2210 villam
945 2174 1095 2212 suam
1159 2168 1216 2212 ιιι
1298 2170 1543 2228 pasreret
1601 2177 1815 2229 porcos.
1884 2162 2137 2218 Fortasse
2200 2182 2294 2235 per

714 2264 913 2319 porcos
953 2251 1328 2305 abominandae
1376 2246 1427 2307 et
1488 2252 1687 2306 rabidte
1727 2254 1953 2309 luxuria:
1986 2257 2167 2321 passio
2204 2258 2258 2311 in

711 2343 904 2396 nuitur
938 2358 951 2395 :
983 2343 1035 2395 itt
1064 2357 1168 2412 qua
1202 2358 1488 2408 porcorum
1521 2360 1669 2401 more
1687 2346 2017 2411 volutantur,
2047 2350 2139 2418 qui
2168 2351 2293 2406 huic

708 2449 910 2500 Spurco
945 2438 1171 2491 daetuoni
1203 2446 1411 2507 parent.
1455 2438 1625 2509 Hujus
1671 2455 1797 2495 vero
1829 2442 2002 2508 turpis
2033 2442 2293 2499 tltrmonis

711 2542 872 2592 agros
924 2528 1166 2597 intellige
1220 2529 1467 2583 homines
1516 2530 1703 2584 carnis
1754 2546 1863 2584 suae
1895 2542 2190 2592 amatores,
2241 2544 2292 2588 et

711 2621 1080 2690 voluptatibus
1114 2620 1347 2675 deditos.
1383 2618 1597 2690 Optime
1626 2637 1791 2690 porro
1836 2623 2069 2679 lasciviae
2099 2627 2290 2680 vitium

711 2713 1069 2767 similitudine
1112 2727 1401 2781 porcorum
1443 2715 1807 2769 aduntbravit.
1847 2715 2105 2786 Voluptas
2146 2721 2289 2772 enim

712 2806 883 2860 velut‘i
922 2806 1119 2860 Circaeo
1166 2806 1219 2859 in
1263 2807 1457 2874 poculo
1497 2808 1733 2863 miscens
1787 2812 2060 2877 pononem
2114 2827 2290 2877 suam,

712 2907 766 2949 et
796 2896 1091 2951 stultorum
1124 2906 1357 2950 mentem
1390 2898 1455 2952 ad
1516 2899 1679 2953 vitam
1725 2902 1955 2957 similem
2010 2905 2131 2959 vita:
2170 2919 2295 2974 por.

710 3003 899 3041 corum
936 2989 1246 3053 traducens,
1281 3004 1373 3043 eos
1423 2991 1474 3043 in
1510 2993 1829 3047 servitutem
1882 2995 2074 3063 redigit
2112 3011 2289 3050 suam.

713 3077 777 3132 Et
810 3080 971 3133 sicuti
1000 3095 1282 3148 porcorum
1312 3082 1451 3136 oculi
1481 3084 1544 3137 ad
1576 3085 1681 3138 itna
1709 3096 1898 3155 suapte
1938 3097 2129 3141 natura
2160 3102 2291 3142 cou-

1910 393 2400 455 TilEOPlHVIS
2436 396 2776 455 CERAMEI

1677 514 1733 558 ttt
1791 506 1929 559 alius
1964 504 2181 572 quidem
2224 505 2293 557 sit
2322 504 2370 560 Α
2397 506 2689 572 συνέσεως,
2735 506 2827 556 καὶ
2885 505 2984 557 ὅσα
3042 506 3070 557 ὁ
3126 504 3298 573 μέγας
3336 503 3558 557 Ἡσαΐας

3629 505 3936 573 ἠρίθμησεν
3957 547 3973 569 ,

2396 592 2568 654 οὕτως
2602 596 2651 646 εί
2679 593 2771 645 τοῦ
2804 592 2941 645 Θεοῦ
2976 593 3264 646 ἀντίπαλοι
3298 598 3407 653 τοῖς
3446 594 3709 653 ἐναντίοις
3738 596 3976 662 τετάχα·

2396 703 2505 743 ται,
2538 686 2612 749 ὡς
2642 686 2804 738 ἄλλον
2832 688 2932 755 μὲν
2962 682 3105 739 εἶναι
3134 686 3225 737 τὸν
3252 686 3480 754 δαίμονα
3512 687 3604 737 τοῦ
3646 687 3845 755 θυμοῦ,
3878 690 3978 739 ἆλ-

2394 778 2485 830 λον
2521 778 2578 831 δὲ
2630 778 2733 846 τῆς
2794 778 3121 847 φιλοδοξίας,
3184 780 3370 847 ἓτερον
3422 779 3521 846 τῆς
3576 779 3976 848 φιλαργυρίας,

2394 871 2487 920 καὶ
2515 870 2673 923 ἀλλον
2704 869 2798 922 τοῦ
2836 870 3059 939 φθόνου,
3086 870 3182 922 καὶ
3235 871 3394 923 ἄλλον
3414 871 3596 931 ἄλλου,
3643 872 3735 922 τοῦ
3779 873 3977 939 μίσους

2392 963 2494 1029 τῆς
2520 962 2837 1025 ἀκολασίας,
2867 963 2966 1030 τῆς
3012 961 3249 1031 ὕϐρεως,
3296 962 3397 1030 τῆς
3448 962 3697 1032 ἀκηδίας,
3735 964 3829 1015 καὶ
3864 963 3979 1014 τῶν

2396 1055 2583 1108 παθῶν
2617 1056 2844 1109 ἕκαστον
2892 1055 3193 1125 ἐφευρετὴν
3227 1055 3358 1108 ἴδιον
3411 1056 3673 1125 κέκτηκε,
3728 1056 3821 1107 καὶ
3859 1059 3979 1116 τοῖς

2394 1146 2705 1218 ἀνθρώποις
2767 1146 3073 1216 σύμϐουλον
3125 1147 3382 1214 πονηρὸν,
3435 1147 3509 1209 ώς
3551 1142 3977 1212 πολίταςλέγε-

2395 1239 2519 1291 σθαι
2583 1240 2694 1291 τῶν
2751 1238 2943 1291 παθῶν
2978 1240 3105 1301 τοὺς
3134 1240 3339 1292 τούτων
3376 1238 3767 1307 δημιουργούς.
3804 1240 3980 1291 Ὀταν

2395 1330 2488 1383 οῦν
2548 1331 2809 1403 ἀκούσῃς,
2844 1331 2919 1394 ὡς
2950 1333 3365 1400 ἀποσκιρτήσας
3412 1333 3619 1386 ἐκεῖνος
3670 1333 3697 1382 ὁ
3729 1331 3847 1391 νέος
3886 1333 3979 1384 ἐνὶ

2392 1424 2658 1495 ἐκολλήθη
2696 1430 2805 1476 τῶν
2846 1424 3101 1485 πολιτῶν,
3127 1424 3288 1475 τοῦτο
3317 1422 3610 1491 δηλοῦσθαι
3657 1422 3975 1489 κατάμαθε,

2390 1517 2463 1580 ὡς
2490 1518 2570 1569 ἐνὶ
2603 1518 2711 1569 τῶν
2742 1515 3112 1584 δαιμονιωδῶν
3138 1516 3324 1569 παθῶν
3360 1516 3564 1584 λάτρης
3628 1516 3723 1568 καὶ
3755 1515 3981 1582 ὑποχεί-

2395 1627 2507 1680 ριος
2536 1611 2778 1675 γέγονεν.
2812 1610 2875 1662 El
2898 1610 2956 1661 δὲ
2996 1611 3091 1661 καὶ
3118 1610 3216 1677 τὴν
3248 1608 3403 1660 πόλιν
3438 1606 3621 1675 ζητεῖς
3665 1607 3881 1677 μαθεῖν,
3907 1603 3979 1675 ἧς

2393 1702 2680 1772 πολιοῦχος
2724 1698 2792 1771 ἦν
2829 1704 2857 1755 δ
2894 1702 3317 1771 μισθωσάμενος
3354 1702 3447 1753 τὸν
3499 1702 3619 1754 νέον
3652 1700 3975 1760 συοόωτεῖν,

2393 1794 2594 1858 διδάξει
2637 1810 2694 1845 σε
2728 1794 2756 1845 ὁ
2788 1792 3030 1862 ψαλμὺς,
3070 1794 3168 1857 τὴν
3214 1793 3370 1844 πόλιν
3414 1793 3586 1860 λέγων
3635 1794 3850 1859 ἐκείνην
3874 1793 3981 1861 τὴν

2394 1886 2458 1937 ἐκ
2510 1886 2619 1938 τῶν
2675 1884 2930 1953 πονηρῶν
3010 1885 3468 1953 ἐπιτηδευμάτων
3530 1885 3975 1954 συνῳκισμένην.

2398 1995 2415 2027 t
2457 1974 2611 2029 Εἶδον
2676 1978 2906 2047 ἀνομίαν
2961 1978 3021 2030 ἐν
3072 1980 3137 2047 τῇ
3173 1979 3327 2030 πόλει
3388 1978 3483 2030 καὶ
3508 1978 3840 2042 ἀντιλογίαν,
3881 1978 3981 2029 καὶ

2394 2072 2590 2136 ἀνομία
2643 2072 2741 2124 καλ⁵
2770 2073 2939 2135 κόπος
2983 2073 3042 2124 ἐν
3095 2072 3247 2141 μέσῳ
3297 2071 3486 2137 αὐτῆς,
3518 2074 3611 2124 καὶ
3641 2070 3844 2129 ἀδικία,
3878 2069 3979 2121 καὶ

2391 2162 2575 2225 τόκος,
2618 2164 2710 2214 καὶ
2749 2162 2901 2221 δόλος
2970 2163 3028 2214 ἐν
3090 2165 3213 2224 ταῖς
3274 2163 3562 2222 πλατείαις
3622 2162 3813 2229 αὐτῆς.
3849 2180 3867 2210 ι
3917 2157 3980 2211 Ὀ

2392 2254 2525 2323 γοῦν
2546 2254 2643 2324 τὴν
2672 2256 2933 2321 τοιαύτην
2979 2253 3134 2305 πόλιν
3179 2254 3349 2305 οἰκῶν
3400 2252 3650 2321 ἔπεμψεν
3699 2252 3861 2304 αὐτὸν
3894 2250 3979 2307 είς

2392 2352 2482 2405 τὸν
2508 2353 2680 2421 ἀτρθιν
2705 2350 2871 2403 αὑτοῦ
2900 2350 3118 2419 βόσκειν
3148 2350 3389 2419 χοίρους.
3424 2349 3579 2419 Τάχα
3613 2348 3699 2401 διὰ
3728 2348 3836 2399 τῶν
3861 2348 3982 2418 χοίο

2396 2461 2505 2515 ρων
2532 2444 2594 2495 τὸ
2626 2443 2725 2511 τῆς
2764 2442 3027 2512 βδελνρᾶς
3056 2444 3153 2494 καὶ
3191 2442 3498 2503 λυσσώδους
3539 2440 3838 2503 ἀκολασίας
3868 2441 3981 2492 πά-

2396 2536 2488 2598 θος
2516 2535 2759 2606 ᾐνίξατο,
2786 2529 2829 2602 ᾧ
2864 2535 3117 2605 χοιρηδὸν
3142 2532 3586 2601 ἐγκαλιιιδοῦνται
3617 2535 3665 2584 οί
3694 2532 3770 2599 τῷ
3792 2531 3980 2599 μιαρῷ

2396 2629 2707 2698 πειθόμενοι
2760 2628 2999 2697 δαίμονι.
3044 2627 3279 2695 Ἀγροῦς
3327 2626 3382 2679 δὲ
3413 2628 3628 2695 νοήσεις
3660 2624 3753 2676 τοῦ
3791 2625 3981 2693 βδελυ-

2396 2721 2491 2789 ροῦ
2522 2721 2711 2773 τούτου
2743 2720 2998 2788 δαίμονος
3030 2718 3158 2781 τοὺς
3186 2718 3573 2787 φιλοσὰρκους,
3603 2718 3697 2769 καὶ
3751 2717 3982 2785 φιληδό-

2393 2831 2540 2876 νους.
2586 2813 2824 2883 Ἀριστα
2848 2813 2905 2865 δὲ
2936 2814 2996 2864 τὸ
3027 2812 3126 2879 τῆς
3154 2810 3452 2872 ἀκολασίας
3498 2810 3672 2874 πάθος
3706 2812 3821 2870 τοῖς
3862 2808 3982 2872 χοί-

2396 2923 2509 2975 ροις
2537 2905 2875 2975 παρείκασεν
2902 2917 2916 2931 ⁸
2945 2903 2978 2971 ἡ
2998 2901 3103 2972 γὰρ
3125 2901 3284 2970 ἡδονὴ
3310 2901 3564 2969 καθάπερ
3590 2900 3827 2967 κιρκαίῳ
3850 2913 3984 2965 κρα-

2395 2998 2525 3065 τῆρι
2561 2996 2655 3049 τὸν
2716 2994 2913 3048 ἐαυτοῦ
2948 2994 3203 3047 κυκεῶνα
3244 2994 3548 3064 κεράσασα,
3581 2992 3677 3043 καὶ
3736 2992 3829 3042 τὸν
3868 2992 3984 3042 τῶν

2394 3091 2652 3160 ἀφρόνων
2677 3088 2803 3142 νοῦν
2832 3088 2966 3158 πρὸς
2994 3088 3091 3154 τὴν
3118 3085 3353 3156 χοιρώδη
3374 3086 3517 3154 ζωὴν
3536 3084 3979 3153 μεταμείεῑουσα,

713 3171 854 3226 versi
890 3172 1021 3225 nihil
1058 3173 1482 3237 admirabilium,
1525 3175 1825 3230 ctelestium
1880 3192 2056 3231 rerum
2109 3178 2290 3248 perci-

2397 3185 2601 3253 λάτρας
2634 3182 2841 3251 ἑαυτῆς
2885 3181 3074 3250 τίθησι
3100 3196 3113 3210 ·
3154 3181 3247 3231 καὶ
3272 3178 3463 3247 ῶσπερ
3493 3180 3544 3231 οί
3573 3178 3681 3231 τῶν
3712 3177 3853 3229 συῶν
3880 3179 3986 3245 ὀφ-

713 3262 889 3330 piunt,
924 3263 995 3315 ita
1028 3264 1094 3317 ad
1120 3264 1235 3318 htec
1260 3266 1389 3319 vitia
1434 3265 1713 3322 detractus
1749 3268 1965 3322 animus
2000 3286 2179 3325 rerum
2211 3271 2293 3326 itt-

714 3353 1069 3423 telligibilium
1105 3356 1556 3423 pulchritudinem
1609 3374 1713 3413 non
1764 3361 1948 3415 sentit.
1986 3360 2119 3416 Cum
2164 3378 2295 3417 vero

712 3449 896 3501 minue
923 3448 1031 3501 sint
1058 3448 1219 3518 106
1240 3452 1538 3516 passiones,
1566 3466 1684 3520 qua:
1712 3454 1975 3509 rationem
2003 3455 2292 3509 humanam

714 3547 1048 3608 oppugnant,
1086 3540 1287 3593 nullam
1323 3541 1565 3610 profecto
1600 3554 1805 3597 tantam
1841 3545 1946 3598 vim
1978 3546 2138 3602 habet
2168 3550 2290 3611 alia,

714 3639 771 3680 ut
803 3643 926 3683 cum
983 3630 1084 3685 boc
1137 3632 1433 3700 voluptatis
1493 3636 1682 3690 morbo
1730 3636 2059 3704 aquiparari
2110 3648 2295 3707 queat.

715 3719 959 3776 Pecudes
991 3724 1137 3777 enim
1192 3738 1381 3778 revera
1436 3725 1686 3780 homines
1732 3726 1879 3790 facit,
1929 3743 2089 3782 suum
2125 3747 2293 3797 more,

712 3813 957 3870 fmlitate
1004 3815 1092 3869 illa
1139 3816 1470 3886 gloriantes;
1546 3828 1605 3873 ιιι
1656 3820 1819 3874 etiam
1871 3823 2125 3878 sordibus
2167 3824 2295 3895 ipsis

720 3906 910 3961 satiari
939 3923 1114 3979 usque
1146 3910 1561 3981 concupiscant.

795 4209 815 4243 ι
858 4191 1123 4261 Cupiebat
1160 4194 1306 4249 enim
1342 4233 1357 4256 ,
1382 4196 1575 4265 inquit,
1610 4200 1797 4253 satiari
1846 4211 2090 4256 ventrem
2144 4218 2298 4258 suum

718 4282 786 4336 de
837 4284 1049 4352 siliquis
1113 4299 1251 4353 quas
1296 4288 1447 4356 porci
1496 4291 1876 4356 cooedebant,
1910 4307 1973 4346 ac
2021 4308 2180 4347 nemo
2225 4294 2300 4348 illi

717 4377 944 4431 dabat.)
980 4375 1073 4431 Ille
1124 4378 1288 4448 igitur
1316 4392 1382 4433 ex
1422 4387 1583 4434 actate
1610 4391 1663 4435 et
1693 4397 1856 4438 sensu
1902 4384 2303 4441 adolescentior

716 4476 926 4521 tantum
951 4476 1006 4522 et
1037 4469 1246 4523 subulci
1293 4471 1598 4525 ministerio
1646 4472 1885 4529 lucratus
1930 4484 2035 4537 est,
2070 4486 2129 4529 ut
2162 4476 2299 4532 fame

717 4570 1028 4628 angeretur,
1060 4570 1114 4615 et
1150 4575 1437 4628 porcorum
1471 4563 1666 4633 pabulo
1690 4564 1895 4633 expleri
1939 4576 2280 4637 perruperet.

716 4651 843 4706 llaec
877 4663 1003 4707 sunt
1042 4665 1343 4708 amatorum
1381 4657 1637 4725 nequitiac.
1663 4660 1883 4726 praemia
1912 4677 1926 4713 :
1966 4660 2117 4716 hisce
2148 4662 2303 4718 donis

716 4754 1082 4800 assectatores
1113 4762 1241 4801 suos
1286 4758 1667 4802 remuneratur
1699 4749 1983 4819 voluptas;
2021 4754 2158 4808 tales
2202 4754 2303 4808 ho-

715 4852 879 4893 nores
922 4838 1227 4893 daemonum
1263 4840 1443 4897 solent
1479 4857 1622 4898 esse.
1671 4840 1772 4909 Qui
1809 4845 1954 4899 enim
2005 4856 2303 4918 temperate

789 4997 809 5027 ⁷
840 4994 984 5053 Psal.
1016 5013 1125 5064 Liv,
1164 5000 1481 5069 10,“,12.

2326 4517 2381 4577 D

2398 3275 2595 3344 θαλμοὶ
2619 3277 2697 3337 είς
2725 3274 2785 3325 τὸ
2812 3274 2965 3326 κάτω
3003 3270 3154 3341 παρὰ
3196 3270 3297 3337 τῆς
3334 3268 3550 3337 φύσεως
3609 3267 3985 3337 ἐστραμμένοι

2395 3368 2505 3421 τῶν
2532 3366 2798 3439 οὐρανίων
2850 3363 3149 3433 θαυμάτων
3188 3362 3435 3430 ἀπείρως
3466 3362 3705 3431 ἔχουσιν,
3743 3361 3914 3422 οὕτως
3951 3363 3986 3428 ἡ

2397 3463 2534 3531 πρὸς
2567 3461 2634 3514 τὰ
2658 3459 2803 3523 πάθη
2831 3454 3287 3512 κατασπασθείσα
3326 3455 3473 3525 ψυχὴ
3508 3456 3646 3526 πρὸς
3687 3454 3749 3506 τὺ
3792 3452 3989 3523 νοητὸν

2398 3554 2595 3616 κάλλος
2616 3552 2959 3621 ἀναισθητεῖ.
2996 3550 3212 3603 Πολλῶν
3248 3550 3304 3601 δὲ
3354 3550 3526 3602 ὄντων
3552 3547 3763 3611 παθῶν,
3792 3547 3826 3599 ἃ
3855 3548 3989 3608 τοῦς

2397 3646 2695 3716 λογισμοὺς
2723 3646 2833 3698 τῶν
2875 3643 3183 3715 ἀνθρώπιον
3228 3642 3690 3708 καταγωνίζεται,
3726 3639 3990 3708 οὐδεμίαν

2400 3740 2522 3793 καθ’
2558 3739 2717 3810 ἡμῶν
2776 3738 2931 3807 ίσχὺν
2978 3738 3169 3803 ἕτερον
3229 3736 3399 3799 πάθος
3446 3736 3580 3806 ἔχει,
3606 3737 3682 3799 ώς
3717 3738 3851 3804 πρὸς
3890 3735 3989 3805 ti};

2398 3833 2555 3886 νόσον
2583 3832 2685 3901 τῆς
2719 3830 2911 3899 ἡδονῆς
2946 3828 3317 3892 ἐξισάζεσθαι.
3353 3828 3687 3899 Βοσκήματα
3714 3828 3823 3897 γὰρ
3855 3828 3991 3897 ἀλη-

2401 3923 2507 3986 θῶς
2557 3922 2683 3984 τοῦς
2742 3919 3070 3989 ἀνθρώπους
3114 3920 3266 3970 ποιεῖ
3324 3921 3392 3988 τῇ
3428 3918 3623 3988 ἀτιμίᾳ
3655 3919 3813 3985 δίκην
3841 3920 3992 3970 συῶν

2402 4012 2881 4082 ἐκπομπεύοντας,
2926 4009 3001 4074 ὡς
3039 4011 3126 4063 ἀεὶ
3189 4010 3480 4079 ἐπιθυμεῖν
3512 4009 3867 4079 κορέννυσθαι
3890 4009 3990 4062 τοῦ

2406 4106 2745 4177 μιάσματος.

2462 4217 2480 4249 ι
2504 4197 2804 4266 Ἐπεθύμει
2833 4196 2967 4265 γὰρ,
3000 4194 3156 4265 φησὶ,
3186 4195 3417 4265 γεμίσαι
3452 4194 3551 4264 τὴν
3576 4193 3787 4247 κοιλίαν
3820 4194 3993 4247 αὑτοῦ

2402 4292 2511 4345 ἀπὸ
2544 4290 2653 4343 τῶν
2683 4290 2977 4360 κερατίων,
3009 4282 3084 4363 ῶν
3108 4289 3294 4355 ἤσθιον
3324 4288 3375 4340 οί
3430 4290 3627 4357 χοῖροι,
3679 4289 3773 4339 καὶ
3814 4287 3995 4351 οὐδεὶς

2406 4383 2578 4435 ἐδίδου
2603 4381 2774 4452 αὐτῷ.
2818 4399 2836 4432 t
2886 4379 2944 4434 '0
2981 4380 3079 4451 μὲν
3123 4378 3219 4432 οῦν
3254 4377 3523 4450 νεώτερος
3585 4378 3728 4430 κατὰ
3779 4377 3879 4447 τὴν
3905 4379 3997 4445 τέ-

2408 4492 2559 4527 νεσιν
2612 4474 2707 4527 καὶ
2734 4472 2833 4543 τὴν
2868 4473 3133 4543 φρόνησιν
3188 4470 3446 4525 τοσοῦτον
3498 4470 3757 4524 ἀπώνατο
3803 4471 3869 4522 ἐκ
3897 4470 3995 4523 τοῦ

2407 4566 2664 4636 συϐώτης
2712 4564 2994 4633 γενέσθαι,
3050 4565 3175 4618 ὅσον
3232 4561 3501 4633 ἄγχεσθαι
3553 4562 3647 4615 τοῦ
3678 4562 3862 4633 λιμοῦ,
3898 4563 3997 4616 καὶ

2404 4658 2716 4729 ίμείρεσθαι
2787 4657 2889 4724 τῆς
2932 4655 3230 4727 χοιρσῦδονς
3298 4655 3685 4725 ἐμπλησθῆναι
3738 4655 3984 4723 τροφῆς.

2400 4752 2644 4807 Τοιαῦτα
2670 4749 2779 4803 τῶν
2814 4750 3062 4821 ἐραστῶν
3088 4749 3187 4819 τῆς
3221 4748 3419 4811 κακίας
3450 4748 3521 4801 τὰ
3557 4748 3787 4801 ἔπαθλα·
3814 4748 4000 4802 τοιού-

2397 4864 2514 4911 τοις
2540 4845 2735 4916 δώροις
2760 4842 3033 4909 δεξιοῦται
3059 4843 3093 4912 ἠ
3125 4841 3290 4913 ἡδονὴ
3316 4842 3446 4905 τοὺς
3471 4842 3776 4912 ἑπομένους
3802 4842 3946 4912 αὐτῇ
3979 4856 3993 4870 ’

1960 5088 2286 5152 Francisci
2324 5089 2535 5152 Scorsi
2576 5094 2768 5152 notas.

790 5218 903 5289 (95)
952 5216 1200 5284 Prwfecti
1251 5227 1375 5271 sunt
1406 5218 1570 5271 vitiis.
1608 5216 1761 5283 Quod
1809 5217 2083 5272 daemones
2116 5216 2301 5269 distri-

718 5296 847 5348 buta
906 5290 1140 5343 habeant
1194 5289 1497 5342 ministeria
1578 5290 1785 5341 ratione
1847 5300 2202 5353 personarum
2249 5297 2304 5340 et

722 5361 997 5416 nationum
1053 5360 1248 5427 quibus
1293 5358 1675 5425 impugnandis
1724 5356 1964 5426 prmfecti
2003 5358 2135 5419 sint,
2173 5371 2302 5427 pro-

723 5430 901 5488 babile.
929 5425 1138 5484 videtur
1178 5429 1441 5499 theologis
1472 5429 1639 5481 etiam
1672 5425 2015 5499 scholasticis
2040 5442 2161 5499 cum
2190 5425 2302 5478 Ma-

723 5502 894 5570 gistro
934 5500 986 5552 in
1015 5516 1074 5559 ιι,
1113 5500 1242 5552 dist.
1289 5495 1449 5563 ϐίοι
1497 5500 1625 5553 illud
1672 5498 1935 5570 iusinttat_
1960 5495 2021 5549 Ι).
2058 5496 2301 5570 Thomas

726 5565 902 5634 ittart.
943 5581 1134 5638 quaest.
1171 5571 1291 5630 106,
1334 5579 1437 5624 art.
1462 5570 1511 5632 l,
1540 5571 1623 5622 bis
1654 5567 1866 5621 verbis:
1898 5565 2162 5629 Deputant
2198 5568 2298 5619 sibi

724 5643 993 5697 ministros
1053 5642 1123 5693 ad
1154 5643 1417 5693 hominum
1450 5641 1931 5708 impugnationem,
1951 5639 2108 5690 sicuti
2127 5646 2179 5708 et
2202 5654 2300 5708 an:

727 5712 827 5784 tteli
891 5711 1000 5766 Deo
1054 5712 1358 5765 ministrant
1400 5712 1470 5784 (td
1506 5705 1801 5784 hominum
1854 5707 2098 5761 salutent.
2147 5705 2301 5784 Quod

728 5777 854 5837 varo
898 5784 1059 5837 etiam
1093 5783 1377 5849 dispertita
1433 5780 1663 5834 habeant
1695 5779 1842 5841 vitia,
1877 5788 1930 5831 ct
1964 5777 2300 5849 peccalaad

725 5866 845 5926 quae
874 5847 1492 5914 sollicitent—homines,
1536 5860 1593 5905 ut
1645 5850 1785 5904 alios
1825 5851 2033 5905 daemon
2071 5847 2303 5904 sitalius

2401 5214 2747 5283 potissimum
2786 5212 3070 5281 impulsor,
3112 5215 3163 5268 id
3219 5214 3384 5269 etiam
3440 5214 3823 5282 probabilitate
3884 5231 3994 5270 non

2400 5296 2571 5346 caret,
2621 5294 2677 5339 et
2708 5284 2858 5354 gravi
2926 5285 3149 5338 Patrum
3184 5288 3511 5339 auctoritate
3544 5287 3754 5342 nititur.
3814 5298 3873 5341 ut
3921 5290 3999 5340 ait

2402 5354 2655 5419 Suaritts,
2694 5356 2788 5407 lib.
2833 5369 2927 5409 vm
2952 5354 3028 5408 De
3056 5357 3275 5423 angelis,
3312 5370 3430 5421 cap.
3464 5356 3554 5416 2|,
3590 5356 3754 5409 n.28.
3805 5356 4000 5411 Patres

2403 5441 2568 5493 porro
2596 5427 2710 5491 ipse
2741 5424 2872 5495 citat
2899 5423 3216 5493 Origenem,
3265 5425 3514 5478 abbatem
3551 5427 3814 5480 Serenum
3846 5429 3991 5495 apud

2401 5496 2741 5555 Cassianum,
2770 5492 3160 5565 Hieronymum
3185 5495 3522 5565 tnttltislocis
3550 5496 3602 5548 id
3630 5492 3994 5561 asserentem,

2408 5568 2728 5633 magistrum
2769 5561 3131 5637 Δ(ἓιιίΙΙοΙίιιιιιιι
3179 5564 3383 5629 Paris.,
3428 5567 3659 5637 etaliosi
3688 5582 3826 5632 quos
3883 5568 4001 5637 lege

2408 5632 2547 5701 apud
2569 5650 2743 5705 tpsum
2766 5632 2954 5699 Suar.,
2987 5636 3037 5688 itt
3062 5650 3290 5705 quorum
3320 5651 3601 5689 numerum
3634 5632 4002 5704 Theophanés

2412 5716 2598 5790 noster
2624 5705 2769 5830 non}:
2798 5706 2890 5775 qui
2928 5709 3229 5763 dtemonom
3256 5705 3543 5762 aemulandi
3584 5706 3674 5763 Dei
3728 5710 3911 5764 studio
3946 5708 3999 5762 id

2412 5791 2592 5830 conart
2668 5790 2734 5830 ICI
2767 5817 2779 5829 .

2410 5777 2592 5832 conari
2629 5775 2779 5830 dicit.
