4190 6436
763 376 862 441 391

1925 376 2428 438 THEOPHANIS
2468 375 2811 436 CERAMEI

3913 378 4026 440 399.

765 504 867 544 teni
917 493 1128 559 signate
1176 493 1307 545 dixit
1349 509 1363 545 :
1407 510 1423 543 ι
1467 492 1566 547 Hic
1626 491 1767 546 ﬁlius
1823 506 2006 556 meus,
2046 511 2063 543 ι
2126 493 2349 546 ostendit

2459 490 2748 550 δεικτικῶς
2800 489 2996 555 εἰπεῖν,
3037 509 3056 542 ι
3089 484 3257 552 Οὗτος
3291 493 3402 553 υἰὸς
3432 507 3554 560 μου,
3591 508 3609 540 ι
3645 491 3864 557 ἔδειξεν,
3892 492 3964 552 ὡς
4003 496 4030 542 6

761 585 988 650 alterum
1023 584 1210 647 tilium,
1261 599 1363 638 nec
1414 596 1684 638 mortuum
1724 598 1960 652 unquam
2009 598 2108 639 nec
2161 583 2342 652 perdi-

760 683 898 727 lu:tt.

839 785 854 814 ι
905 766 1030 819 Erat
1069 774 1246 816 autem
1300 765 1438 818 titius
1485 765 1599 833 ejus
1646 767 1831 820 senior
1860 766 1911 820 in
1940 781 2108 835 agro:
2137 775 2188 819 et
2219 781 2338 820 cttm

767 859 1015 922 veniret,
1073 866 1126 909 et
1179 858 1636 924 appropinquaret
1680 859 1892 921 domui,
1945 859 2149 911 audivit
2197 874 2342 928 sym-

762 949 1015 1015 phoniam
1085 959 1137 996 et
1172 949 1412 1012 eliorum,
1447 960 1500 999 et
1529 948 1835 1018 indignatus
1874 957 1978 1012 est,
2035 958 2088 1001 et
2126 950 2342 1003 nolebat

768 1039 1014 1092 introire.
1056 1057 1073 1090 ι
1115 1040 1313 1107 Agrum
1348 1040 1549 1094 'multis
1598 1041 1649 1093 iii
1699 1042 1829 1094 locis
1864 1040 2142 1109 Scriptura
2185 1057 2340 1094 mun-

763 1134 886 1182 dum
914 1130 1162 1196 appellat.
1189 1131 1237 1182 iu
1273 1146 1378 1197 quo
1417 1132 1553 1185 tilias
1579 1129 1875 1185 Jerusalem
1910 1134 2116 1201 Sponsa
2149 1133 2341 1186 Canti-

763 1238 942 1273 eorum
976 1222 1229 1288 adjut-aus
1262 1223 1510 1277 dicebat:
1549 1240 1567 1272 t
1609 1223 1860 1288 Adjuravi
1890 1240 2008 1290 vos,
2039 1224 2157 1277 tiliae
2183 1224 2340 1278 Jeru-

763 1318 953 1374 salem,
996 1313 1050 1366 in
1089 1315 1397 1376 viittttibus,
1425 1324 1476 1364 et
1514 1313 1720 1367 viribus
1767 1318 1879 1382 agri
1913 1317 1975 1368 ".
2015 1334 2032 1366 ι
2068 1315 2133 1368 Et
2165 1315 2338 1383 Spon-

763 1420 878 1457 sum
908 1405 1182 1472 alloquens
1227 1405 1334 1456 ait:
1381 1422 1398 1453 ι
1437 1405 1591 1469 Veni,
1634 1406 1828 1459 dilecte
1876 1408 1964 1461 nii.
2005 1410 2342 1476 egrediantur

767 1499 816 1549 itt
853 1513 1034 1564 agrum
1065 1499 1129 1546 “.
1150 1514 1165 1542 ι
1205 1495 1455 1562 ιδίςυηιιε
1481 1499 1639 1548 etiam
1667 1513 1850 1565 agrum
1878 1501 2167 1568 appellavit
2192 1518 2342 1554 mun-

764 1587 888 1636 dttttt
944 1601 1134 1650 magna
1181 1583 1449 1652 Evangelii
1481 1586 1656 1638 oratio
1688 1606 1702 1652 ;
1736 1603 1856 1640 cum
1906 1592 2046 1641 enim
2089 1590 2338 1644 Salvator

766 1677 1095 1728 zizaniorum
1150 1677 1456 1744 parabolam
1492 1680 1770 1747 discipulis
1798 1682 2106 1748 explicavit,
2142 1698 2339 1749 agrum

769 1775 1157 1836 interpretatus
1190 1778 1270 1818 est
1302 1771 1580 1821 mundum.
1622 1770 1686 1822 Et
1722 1786 1850 1822 sane
1876 1771 2038 1823 etiam
2070 1772 2158 1824 hic
2181 1789 2338 1824 mun—

2452 583 2641 651 ἕτερος
2703 582 2818 646 υίὸς
2871 582 2996 637 οὔτε
3053 586 3357 656 νενέκρωτο
3407 583 3647 645 πώποτε,
3707 583 3829 636 οὔτε
3879 585 4033 637 ἀπώ-

2451 671 2594 725 λετο.

2527 781 2545 812 ι
2584 758 2697 816 Ἦν
2717 765 2772 817 δὲ
2795 765 2822 816 6
2852 764 2967 826 υίὸς
2998 764 3163 817 αὐτοῦ
3191 767 3218 818 6
3246 767 3617 836 πρεσϐύτερος
3640 768 3696 816 ἐν
3725 763 3899 833 ἀγρεῖ),
3934 765 4029 814 καὶ

2449 852 2520 914 ὡς
2565 855 2855 923 ἐρχόμενος
2906 858 3102 926 ῆγγισε
3139 859 3205 927 τῇ
3241 857 3407 927 οἰκίᾳ,
3455 859 3655 926 ἤκουσε
3707 855 4029 924 συμφωνίας

2452 946 2544 997 καὶ
2574 946 2772 1013 χορῶν,
2805 947 2899 999 καὶ
2926 946 3194 1017 ὠργίσθη,
3228 949 3319 999 καὶ
3342 949 3441 1001 οὐκ
3469 948 3657 1018 ἢθελεν
3682 947 3966 999 εἰσελθεῖν.
4001 965 4020 995 ι

2464 1038 2717 1107 ’Δγρὸνή
2752 1039 2945 1109 Γραφὴ
2983 1037 3252 1108 πολλαχοῦ
3287 1040 3376 1091 τὸν
3415 1041 3624 1107 κόσμον
3665 1039 3837 1098 καλεῖ,
3871 1041 3928 1090 ἐν

2449 1130 2544 1180 καὶ
2588 1129 2683 1192 τὰς
2735 1129 3045 1200 θυγατέρας
3092 1129 3447 1199 Ἰερουσαλὴμ
3492 1133 3525 1198 ἡ
3561 1135 3618 1182 ὲν
3678 1130 3753 1199 τῷ
3785 1129 4030 1198 ’ᾼσματι

2451 1219 2655 1290 Νύμφη
2684 1221 2979 1288 δρκίζουσα
3011 1222 3198 1289 ἔλεγεν
3220 1239 3233 1252 ο
3277 1240 3293 1272 ι
3332 1221 3569 1290 Ὥρκισα
3602 1221 3765 1289 ὑμᾶς,
3793 1219 4030 1285 θυγατέ-

2451 1329 2543 1381 ρες
2593 1312 2971 1381 Ἰερουσαλὴμ,
3025 1315 3083 1366 ὲν
3141 1315 3261 1375 ταῖς
3315 1311 3598 1376 δυνάμεσι,
3659 1311 3754 1362 καὶ
3807 1312 3862 1361 ἐν
3905 1310 4030 1366 ταῖς

2453 1401 2696 1470 ἰσχύσεσι
2735 1401 2827 1453 τοῦ
2864 1400 3037 1472 ἀγροῦ
3060 1417 3073 1432 ⁸
3115 1421 3133 1454 ι
3163 1403 3255 1456 καὶ
3280 1403 3356 1454 τῶ
3382 1401 3617 1470 Νυμφίῳ
3644 1400 4026 1467 διαλεγομένη.

2450 1492 2612 1560 φησίν
2640 1508 2654 1521 ⁶
2685 1511 2703 1544 t
2743 1493 2916 1558 Ἐλθὲ,
2940 1493 3188 1562 ἀδελφιδέ
3207 1513 3332 1556 μου,
3354 1494 3660 1562 ἐξέλθωμεν
3683 1495 3759 1552 εἰς
3777 1493 3969 1558 ἀγρόν,
4007 1507 4024 1538 ι

2462 1565 2744 1634 ’Δλλέκαὶ
2775 1586 2806 1640 ἡ
2837 1584 3046 1653 μεγάλη
3078 1583 3176 1636 τοῦ
3213 1584 3546 1651 Εὐαγγελίου
3575 1583 3726 1650 φωνὴ
3751 1579 4028 1649 τροπι.κιῖς

2451 1675 2618 1746 ἀγρὸν
2649 1675 2738 1727 τὸν
2773 1678 2980 1744 κόσμον
3007 1677 3286 1730 ἐκάλεσεν.
3323 1676 3593 1744 Ὀπηνίκα
3631 1676 3737 1744 γὰρ
3768 1677 3794 1724 ὁ
3836 1673 4029 1738 Σωτὴρ

2451 1768 2563 1830 τοῖς
2598 1765 2871 1837 μαθηταῖς
2908 1767 3006 1838 τὴν
3044 1767 3361 1839 παραϐολὴν
3391 1768 3496 1819 τῶν
3520 1769 3774 1831 ζιζανίων
3821 1768 4033 1832 6329+,-

768 1860 866 1910 dus
895 1867 974 1908 est
1010 1872 1135 1922 ager
1186 1856 1293 1917 ille,
1333 1856 1381 1908 iti
1417 1872 1524 1924 quo
1576 1858 1694 1910 duae
1731 1871 1852 1910 sunt
1887 1861 2170 1924 molentes,
2209 1876 2343 1928 qua-

2453 1857 2616 1923 νιζεν,
2653 1858 2819 1929 ἀγρὸν
2845 1856 2935 1910 τὸν
2973 1859 3180 1928 κόσμον
3242 1861 3554 1930 ἡρμήνευσε
3581 1875 3593 1886 ·
3631 1859 3721 1910 καὶ
3761 1857 3866 1926 μὴν
3933 1858 4033 1906 καὶ

769 1959 882 1995 runt
920 1944 1086 1996 altera
1114 1947 1426 2005 assumitur.
1456 1948 1776 2015 relinquitur
1804 1949 1991 2002 altera.
2019 1948 2162 2018 Ager
2183 1955 2342 2004 etiam

769 2035 880 2097 ille,
915 2051 1076 2105 quem
1127 2037 1325 2090 emi~se
1363 2054 1420 2090 se
1449 2040 1595 2098 d'cit.
1634 2041 1722 2108 qui
1758 2059 1962 2111 magna:
1992 2059 2159 2096 cinna:
2190 2059 2345 2096 voca-

771 2130 975 2179 tiouetn
1031 2127 1257 2194 respuit,
1295 2130 1343 2179 iti
1383 2130 1630 2182 eumdem
1680 2132 1830 2184 ducit
1861 2148 1955 2186 nos
1992 2134 2342 2188 intellectum.

766 2219 1031 2283 Quoniam
1069 2220 1229 2287 igitur
1255 2219 1454 2288 angeli,
1493 2239 1510 2271 t
1545 2231 1669 2275 sunt.
1701 2223 2149 2278 administratorii
2181 2227 2341 2293 spiri-

766 2319 873 2368 tus,
922 2325 939 2356 ι
977 2319 1037 2360 ut
1073 2309 1146 2359 ait
1179 2310 1503 2378 Apostolus,"
1531 2329 1548 2361 ι
1589 2314 1637 2364 iii
1674 2315 2033 2368 ministerium
2067 2317 2288 2379 missi",
2322 2336 2340 2368 ι

767 2414 1002 2468 quorum
1032 2401 1120 2454 alii
1153 2403 1404 2469 gentibus
1439 2415 1676 2469 praesunt.
1714 2404 1813 2472 (5),
1853 2405 1938 2457 alii
1971 2407 2196 2475 singulis
2246 2408 2345 2462 lio-

769 2491 971 2541 mioum
1007 2492 1234 2542 comites
1267 2491 1456 2555 additi,
1515 2507 1857 2561 consequens
1909 2494 2090 2548 forsan
2141 2497 2244 2548 erit
2273 2497 2347 2550 ita

769 2579 1086 2647 intelligere,
1125 2581 1264 2646 quod
1300 2580 1385 2632 ille
1415 2582 1595 2633 seuior
1643 2583 1812 2635 frater
1845 2600 1908 2637 ex
1947 2600 2075 2651 agro
2120 2587 2347 2652 venerit,

768 2671 860 2738 qtti
893 2671 1035 2722 venit
1065 2684 1129 2722 ex
1159 2673 1408 2737 gentibus
1433 2686 1543 2725 sua:
1572 2688 1716 2727 cura:
1739 2677 2065 2739 commissis,
2091 2687 2143 2730 et
2175 2693 2202 2728 a
2240 2678 2348 2732 sin-

770 2763 910 2830 gulis
945 2762 1271 2824 Iiominibus,
1301 2771 1353 2816 et
1378 2779 1404 2814 a
1443 2765 1672 2832 negotiis
1707 2767 1841 2835 agri,
1877 2767 1976 2819 lioc
2034 2777 2119 2820 est
2153 2782 2181 2821 a
2217 2784 2347 2823 cura

768 2862 822 2906 et
862 2852 1327 2906 administratione
1364 2869 1543 2907 rerum
1575 2855 1796 2925 hujusce
1831 2858 1973 2910 vitm.
2007 2854 2062 2910 ltt
2095 2860 2349 2912 mundum

769 2945 969 3014 quippe
991 2946 1273 2999 mittuntur
1303 2946 1418 3016 (6);
1452 2949 1646 3002 merito
1682 2950 1843 3019 igitur
1867 2965 1931 3004 et
1967 2966 2097 3018 agro
2129 2952 2354 3007 rediisse

772 3035 970 3088 dicitur
1007 3036 1188 3088 senior
1237 3037 1401 3090 filius.
1447 3037 1600 3102 Quod
1657 3051 1836 3093 autem
1888 3041 2212 3111 indignatus,
2255 3057 2353 3097 nec

771 3126 1007 3179 voluisse
1042 3126 1248 3180 dicitur
1285 3129 1532 3192 introire,
1575 3144 1682 3183 non
1713 3131 2135 3198 indignationem
2174 3148 2239 3186 ex
2270 3133 2353 3186 in-

770 3217 913 3271 vidia
943 3208 1240 3286 profectam
1290 3219 1588 3288 significari
1642 3221 2028 3290 intelligamus.
2080 3239 2255 3292 neque
2295 3226 2344 3279 in
2379 3207 2422 3262 (ἶ

769 3325 886 3363 eam
923 3310 1112 3378 judicii
1140 3312 1377 3378 inopiam
1407 3312 1776 3378 prolabatnur.
1823 3315 1929 3366 Sed
1965 3316 2254 3383 quemdam
2287 3331 2354 3371 ex

771 3401 848 3454 rei
883 3402 1146 3454 miraculo
1188 3400 1488 3466 profectum
1517 3410 1789 3469 stuporem
1818 3403 2063 3458 denotari
2085 3415 2356 3472 putemus.

774 3490 934 3559 110
978 3489 1196 3543 Etenim
1223 3498 1376 3543 extra
1403 3505 1462 3544 se
1501 3500 1666 3558 rapta:
1690 3500 1816 3544 sunt
1851 3493 2075 3546 virtutes
2101 3493 2355 3562 angelica

772 3579 866 3633 Dei
918 3595 1043 3650 erga
1100 3581 1373 3634 hominem
1409 3581 1756 3635 clementiam
1813 3583 2249 3638 considerantes.
2286 3583 2353 3638 Et

770 3687 904 3726 sane
936 3687 1053 3726 eam
1087 3673 1157 3726 ob
1183 3686 1402 3726 causam
1434 3672 1690 3741 parabola
1717 3673 1831 3741 ipsa
1857 3674 2011 3743 quasi
2046 3676 2348 3729 draniatica

771 3765 1012 3832 stuporis
1069 3764 1230 3833 hujus
1260 3763 1494 3817 indicem
1525 3764 1605 3833 (7)
1634 3772 1945 3819 sermonem
1978 3766 2207 3823 inducit.
2247 3765 2357 3820 Ha-

772 3855 874 3909 beo
907 3870 1035 3907 vero
1074 3854 1330 3923 quiddam
1369 3855 1513 3907 aliud
1547 3857 1910 3919 reconditum,
1940 3860 2081 3925 quod
2110 3875 2354 3928 promam

771 3948 838 3999 ad
871 3947 1278 4013 explicandum,
1310 3961 1481 4012 quare
1515 3947 1824 4017 indignatus
1853 3951 2058 4012 senior,
2113 3960 2170 4004 et
2215 3951 2356 4019 patri

770 4037 849 4091 sic
874 4036 1088 4090 dicatur
1125 4035 1434 4090 allocutus:

847 4345 866 4376 ι
917 4326 1054 4378 Ecce
1083 4333 1162 4379 tot
1203 4326 1363 4379 annis
1396 4323 1578 4379 servio
1611 4324 1704 4378 tibi
1732 4363 1747 4387 ,
1777 4333 1833 4378 et
1877 4340 2156 4395 nunquam
2196 4340 2358 4380 man-

771 4419 956 4471 datum
1009 4427 1158 4470 tuum
1203 4417 1474 4486 praaterivi
1506 4456 1520 4480 ,
1553 4425 1609 4470 et
1659 4430 1935 4484 nunquam
1987 4418 2182 4473 dedisti
2225 4418 2357 4472 mihi

846 4574 890 4606 “
926 4571 1084 4627 Cant.
1124 4588 1206 4636 ιιι,
1251 4571 1303 4625 5.
1386 4569 1428 4602 ⁸⁸
1467 4569 1624 4624 Cant.
1666 4586 1762 4635 vn,
1808 4570 1894 4624 ll.

1977 4572 2021 4602 ”
2064 4570 2229 4626 Hebr.
2273 4587 2312 4637 ι,
2357 4573 2444 4628 14.

2449 1948 2617 2017 ἀγρὸς
2647 1949 2675 1999 6
2715 1948 2917 2016 κόσμος
2951 1941 3106 2008 οὗτός
3167 1950 3337 2010 ἔστιν,
3368 1951 3394 2000 6
3435 1948 3572 2018 ἔχων
3621 1950 3717 2008 τὶς
3763 1947 3854 1998 δύο
3898 1946 4033 2013 ἀλη-

2449 2038 2670 2103 θούσας,
2709 2031 2784 2089 ὧν
2828 2041 2860 2108 ἡ
2924 2043 3022 2108 μία
3083 2039 3598 2109 παραλαμϐάνεται,
3645 2039 3740 2090 καὶ
3806 2041 3837 2107 ἡ
3890 2040 4031 2106 ἄλλη

2450 2127 2706 2193 ἀφίεταιο
2740 2128 2833 2180 καὶ
2863 2131 2888 2179 6
2933 2129 3104 2198 ἀγρὸς
3155 2130 3233 2193 δὲ,
3265 2130 3323 2181 ὃν
3365 2131 3702 2200 ἠγορακέναι
3778 2129 3944 2197 φησὶν
4007 2133 4036 2181 6

2449 2215 2544 2273 τοῦ
2580 2217 2815 2284 μεγάλου
2840 2218 3058 2271 δείπνου
3085 2218 3178 2288 τὴν
3201 2221 3390 2289 κλῆσιν
3413 2221 3923 2289 παραιτησάμενος,
3951 2222 4033 2278 είς

2447 2307 2652 2376 ταύτην
2675 2311 2836 2379 φέρει
2899 2312 2998 2381 τὴν
3058 2311 3288 2366 ἔννοιαν.
3337 2313 3490 2364 Ἐπεὶ
3543 2312 3673 2379 γοῦν
3715 2313 3760 2362 οί
3807 2312 4034 2378 ἄγγελοι

2457 2420 2473 2452 ι
2495 2403 2840 2472 λειτουργικά
2857 2403 2963 2455 εισι
2983 2404 3270 2474 πνεύματα
3294 2425 3310 2455 t
3327 2446 3338 2467 ,
3359 2404 3434 2467 ῶς
3460 2422 3621 2473 φητιν
3645 2405 3671 2450 ὁ
3688 2403 4032 2463 Ἀπόστολος,

2459 2511 2476 2543 t
2510 2494 2586 2555 εἰς
2615 2494 2897 2546 διακονίαν
2926 2495 3370 2564 ἀποστελλόμενα
3407 2515 3450 2559 r,
3493 2498 3580 2546 καὶ
3603 2498 3652 2546 οἰ
3694 2496 3804 2564 μὲν
3856 2498 4037 2544 αύτιῖιν

2453 2585 2562 2637 τῶν
2596 2585 2764 2637 ἐθνῶν
2781 2588 3210 2658 προεστήκασιν,
3228 2589 3280 2640 οἰ
3301 2588 3356 2639 δὲ
3372 2589 3452 2639 ἑνὶ
3465 2589 3681 2657 ἑκάστῳ
3699 2589 3804 2637 τῶν
3827 2586 4041 2653 ἀνθρώ-

2454 2693 2572 2726 πων
2594 2677 2704 2727 είσὶ
2729 2678 3130 2746 παρεπόμενοι,
3157 2680 3454 2732 ἀκόλουθον
3473 2681 3580 2750 ἄρα
3602 2679 3745 2730 οῦτω
3771 2677 4039 2736 νοεῖσθαι,

2451 2766 2526 2829 ὡς
2555 2762 2690 2837 ἧκεν
2712 2766 2772 2832 ἐξ
2811 2768 2986 2838 ἀγροῦ
3015 2772 3043 2822 6
3091 2771 3468 2841 πρεσϐύτερος
3498 2771 3748 2839 ἀδελφὸς,
3784 2769 3842 2831 6;
3871 2767 4042 2839 ἦλθεν

2453 2861 2562 2912 61:6
2595 2860 2702 2913 τῶν
2729 2863 3158 2932 προνοουμένων
3207 2863 3399 2928 ἐθνῶν,
3431 2865 3538 2916 61:6
3563 2865 3668 2914 τῶν
3693 2863 3836 2914 κατά
3868 2863 4044 2930 μέρος

2453 2949 2780 3022 ἀνθρώπων,
2812 2952 2922 3004 61:6
2952 2952 3065 3004 τῶν
3087 2952 3183 3005 τοῦ
3216 2951 3412 3023 ἀγροῦ,
3441 2955 3609 3023 ἧγουν
3636 2953 3731 3004 τοῦ
3765 2952 3892 3022 τῇδε
3921 2952 4044 3019 βίου

2457 3042 2729 3112 προνοιῶν
2762 3060 2822 3096 τε
2857 3043 2954 3096 καὶ
2982 3043 3308 3114 διοικήσεων
3335 3059 3348 3071 ⁸
3372 3045 3431 3097 ἐν
3462 3043 3538 3113 τῷ
3576 3045 3767 3113 κόσμῳ
3807 3044 3863 3094 δὲ
3902 3046 4045 3094 ἀπο-

2459 3135 2790 3186 στέλλονται.
2825 3134 3063 3197 Εἰκότως
3095 3131 3187 3189 οὖν
3217 3135 3371 3203 λέγει
3401 3136 3460 3198 ἐξ
3509 3135 3680 3202 ἀγροῦ
3717 3133 4049 3201 ἐληλυθέναι

2452 3226 2546 3279 τὸν
2573 3225 2950 3297 πρεσϐύτερον
2991 3228 3243 3296 ἀδελφόν.
3274 3229 3346 3280 Τὸ
3374 3230 3557 3297 μέντοι
3595 3247 3612 3279 t
3651 3227 3922 3296 ὠργίσθη,
3945 3231 4051 3279 καὶ

2453 3318 2555 3370 οὐκ
2585 3318 2776 3387 ἢθελεν
2808 3319 3107 3384 εἰσελθεῖν,
3133 3338 3151 3370 t
3204 3321 3281 3388 μὴ
3311 3320 3403 3372 τὸν
3433 3322 3496 3373 ὲκ
3521 3321 3818 3388 βασκανίας
3863 3319 4052 3384 θυμὸν

2453 3409 2745 3477 ἐμφαίνειν
2773 3411 3102 3478 νοήσωμενο
3142 3410 3278 3480 μηδὲ
3325 3413 3462 3479 πρὸς
3506 3409 3664 3462 τοῦτο
3717 3410 4053 3479 κατολισθή-

2456 3518 2641 3568 σωμεν
2691 3501 2903 3564 ἐνδείας
2957 3503 3196 3571 φρενῶν,
3250 3503 3389 3555 ἀλλά
3445 3504 3545 3572 τὴν
3580 3504 3717 3572 μετὰ
3757 3502 4053 3570 θαύματος

2451 3592 2713 3663 ἔκπληξιν
2772 3595 3062 3664 ἐμφαίνειν
3124 3596 3428 3664 νοήσωμεν.
3491 3597 3599 3648 Καὶ
3650 3597 3758 3664 γὰρ
3815 3597 4053 3665 ἐξέστη-

2455 3699 2558 3735 σαν
2595 3683 2653 3734 αἰ
2687 3684 2798 3737 τῶν
2827 3685 3077 3751 ἀγγέλων
3107 3685 3396 3753 δυνάμεις,
3435 3686 3799 3741 κατανοοῦσαι
3825 3687 3925 3753 τὴν
3947 3685 4050 3737 τοῦ

2455 3775 2596 3827 Θεοῦ
2636 3777 2766 3845 περὶ
2795 3776 2887 3828 τὸν
2925 3777 3213 3844 ἄνθρωπον
3240 3778 3572 3844 ἀγαθὸτητα.
3616 3777 3716 3828 Διά
3775 3793 3856 3828 τοι
3883 3777 4054 3826 τοῦτο

2457 3867 2552 3919 καὶ
2586 3867 2618 3936 ἡ
2648 3870 2746 3937 τῆς
2777 3868 3096 3938 παραϐολῆς
3125 3869 3548 3938 δραματουργία
3593 3869 3748 3934 λόγον
3780 3869 4053 3935 ἐμφαίνει

2457 3961 2868 4031 ὲμφαντορικδν
2898 3967 2997 4033 τῆς
3029 3964 3288 4033 τοιαύτης
3323 3963 3662 4031 ἐκπλήξεως.
3698 3962 3849 4030 Ἐχω
3880 3961 3936 4014 δὲ
3965 3962 4052 4012 δι-

2460 4052 2668 4117 εξιέναι
2702 4055 2798 4106 καὶ
2827 4054 3017 4124 ἔτερόν
3040 4071 3094 4107 τι
3124 4056 3462 4126 ἀπόρρητον,
3495 4055 3562 4108 δι’
3591 4049 3651 4108 οὗ
3695 4055 3912 4121 λέγεται
3951 4055 4053 4124 ὀρ-

2458 4142 2716 4211 γισθῆναι
2767 4146 2795 4197 6
2857 4144 3238 4216 πρεσϐύτερος
3287 4146 3538 4212 ἀδελφὸς,
3595 4145 3688 4197 καὶ
3746 4148 3924 4195 εἰπεῖν
3968 4146 4054 4213 τῷ

2460 4234 2652 4303 πατρί·

2538 4342 2557 4376 ι
2607 4327 2742 4380 Ἰδοὺ
2774 4325 3015 4380 τοσαῦτα
3073 4324 3168 4396 ετη
3221 4324 3459 4378 δουλεύω
3503 4339 3604 4385 σοι,
3644 4320 3738 4372 καὶ
3779 4320 4052 4371 οὐδέποτε

2461 4416 2686 4489 ἐντολήν
2747 4437 2843 4471 σου
2897 4416 3168 4487 παρέϐην,
3225 4421 3320 4469 καὶ
3367 4418 3490 4484 ἐμοὶ
3538 4414 3794 4465 οὐδέποτε
3827 4413 4052 4473 ἔδωκας

2008 4684 2330 4748 Francisci
2364 4681 2574 4748 Scorsi
2613 4689 2801 4745 notas.

843 4816 920 4887 (5)
958 4814 1197 4887 Quorum
1241 4813 1600 4887 adigentibus
1627 4823 1883 4887 prtesunt.
1919 4812 2149 4887 Sanctos
2186 4829 2350 4883 ange-

773 4883 861 4942 los'
903 4883 1011 4939 non
1088 4886 1262 4939 solum
1315 4884 1540 4953 singulis
1594 4883 1904 4937 hominibus
1956 4885 2170 4939 additos
2231 4900 2352 4940 esse

773 4959 1048 5018 custodes,
1100 4956 1194 5010 sed
1216 4955 1381 5008 etiam
1419 4955 1686 5008 universis
1722 4955 2015 5019 rebuspub.
2060 4969 2349 5017 regnorum

773 5045 836 5083 ac
874 5029 1177 5089 nationum,
1210 5026 1408 5079 docent
1457 5029 1823 5078 communiter
1883 5023 1983 5077 SS.
2031 5021 2242 5084 Patres.
2298 5035 2351 5080 et

773 5099 1048 5166 colligitur
1101 5112 1163 5148 ex
1210 5095 1382 5148 sacris
1428 5095 1658 5166 litteris,
1695 5095 2040 5166 potissimum
2097 5109 2160 5147 ex
2210 5095 2350 5166 _[)an.

772 5163 984 5236 capfx,
1020 5166 1106 5218 ubi
1133 5167 1210 5236 itit
1242 5167 1440 5220 mentio
1491 5165 1750 5235 principis
1789 5163 2075 5218 Persarum
2107 5176 2160 5218 et
2198 5163 2352 5218 Grae-

776 5235 963 5292 corum
1013 5247 1066 5289 et
1123 5235 1472 5299 Judteorttm,
1519 5252 1611 5303 per
1644 5251 1781 5302 quos
1816 5236 2191 5302 intelliguntur
2251 5251 2350 5286 an.

774 5309 874 5376 geli
930 5309 1029 5358 illis
1086 5307 1326 5373 pra-fecti
1395 5307 1710 5373 provinciis,
1750 5317 1810 5358 ut
1873 5303 2231 5376 Hieronymus
2283 5305 2350 5357 ibi

775 5374 827 5431 et
861 5392 1047 5429 omnes
1103 5385 1310 5428 n0tattt.
1374 5377 1512 5445 Lege
1562 5378 1846 5437 Suariutn,
1879 5377 1970 5427 lib.
2028 5391 2075 5427 γι
2143 5374 2216 5426 De
2251 5393 2352 5426 an-

775 5447 927 5517 gelis,
986 5464 1106 5515 Cap.
1159 5449 1247 5508 l7,
1282 5464 1334 5498 tt.
1383 5447 1474 5511 22,
1515 5464 1602 5514 qttt
1634 5462 1694 5499 ea
1721 5469 1749 5497 ll
1785 5448 2346 5517 sentetttiatnit-ertatn

776 5516 948 5585 putat.
1007 5517 1165 5570 [Volat
1222 5524 1323 5570 Itoc
1369 5531 1533 5570 etiam
1605 5517 1898 5586 Dionysius
1945 5516 2200 5570 Petavius
2229 5530 2342 5568 soc.

779 5602 976 5642 nostrae
995 5590 1063 5641 ’in
1111 5588 1321 5657 Synesii
1365 5591 1563 5657 bymuo
1613 5589 1666 5649 5,
1716 5591 1802 5641 ubi
1836 5591 1998 5639 etiam
2057 5587 2347 5657 dicit_esse

777 5671 1012 5713 veterem
1076 5655 1329 5713 Ecclesiae
1383 5655 1540 5712 tidem
1600 5669 1762 5725 atque
1821 5658 2145 5711 doctrinam.
2196 5655 2345 5710 Hanc

775 5731 1022 5784 eaurdem
1074 5731 1376 5784 doctrinam
1407 5731 1568 5782 tradit
1631 5731 1716 5782 bie
1765 5728 1921 5783 Pater
1953 5730 2053 5781 lioc
2095 5727 2234 5781 loco.

861 5800 940 5873 (6}
980 5801 1046 5856 In
1101 5802 1354 5855 mundum
1397 5815 1584 5872 quippe
1641 5801 1944 5854 mittuntur.
2001 5797 2124 5853 Haec
2179 5795 2339 5853 verba

2450 4815 2644 4868 desunt
2675 4811 2728 4865 in
2754 4810 2914 4864 codd.
2961 4808 3018 4863 P.
3059 4819 3110 4862 et
3158 4807 3217 4862 γ.
3285 4807 3373 4861 Ἐν
3408 4807 3598 4875 κόσμῳ
3653 4808 3707 4860 δὲ
3768 4809 4045 4862 ἀποστέλ-

2449 4887 2656 4936 λονται.
2754 4881 2998 4943 Εἰκότως
3031 4875 3123 4932 οῦν
3185 4881 3334 4946 λέγει
3392 4877 3451 4942 ἐξ
3497 4878 3669 4946 ἀγροῦ
3716 4878 4044 4945 ἐληλυθέναι

2450 4956 2543 5007 τὸν
2591 4951 2965 5020 πρεσϐύτερον
3009 4949 3260 5017 ἀδελφόν.
3315 4948 3422 5002 Sed
3454 4965 3576 5002 cum
3617 4950 3942 5020 reperissent
3975 4969 4040 5003 ea

2452 5024 2505 5077 itt
2538 5017 2677 5077 Gal'l.
2714 5022 2805 5091 qui
2858 5017 3074 5089 semper
3113 5035 3142 5091 a
3186 5035 3271 5072 me
3337 5031 3420 5072 est
3468 5020 3718 5091 cognitus
3762 5017 4043 5085 pleniores

2451 5089 2745 5147 continere
2775 5093 3095 5153 sententias,
3116 5090 3315 5144 inserui
3342 5105 3355 5152 ;
3399 5089 3571 5157 magis
3601 5090 3742 5142 enim
3777 5104 3839 5141 ac
3861 5094 4042 5159 magis

2453 5178 2610 5217 suam
2680 5173 2916 5215 mentem
2995 5169 3184 5213 auctor
3238 5161 3324 5213 bis
3387 5161 3658 5228 explicat;
3706 5174 3879 5225 quire
3942 5178 4044 5224 per

2456 5237 2624 5287 tilium
2655 5249 2720 5286 ex
2763 5248 2893 5300 agro
2933 5233 3234 5284 venientem
3278 5231 3540 5297 intelligat
3593 5230 3832 5294 angelos,
3873 5231 4040 5282 nimi-

2455 5307 2597 5357 rtttn'
2634 5307 2760 5373 quia
2825 5305 2984 5355 sicuti
3026 5301 3286 5373 dicuntur
3345 5302 3395 5352 itt
3455 5301 3714 5373 munduin
3764 5301 3900 5373 mitti
3967 5303 4040 5353 ad

2453 5368 3004 5432 admittistratiOuem.
3058 5372 3128 5423 ita
3162 5373 3352 5423 merito
3409 5385 3472 5423 ex
3509 5368 3702 5436 ἀγροῦ,
3743 5371 3830 5435 qui
3873 5386 4038 5420 mun—

2449 5449 2572 5498 dunt
2622 5446 2892 5513 significat
2919 5444 2970 5496 itt
3004 5441 3312 5510 Evangelia,
3353 5443 3532 5494 redire
3565 5441 3874 5508 parabolice
3915 5443 4027 5494 dici

2448 5529 2696 5584 possunt.

2519 5587 2596 5654 (7)
2636 5584 2876 5651 Stuporis
2912 5581 3072 5651 hujus
3105 5583 3349 5636 indicem.
3409 5581 3772 5654 Variantdliic
3807 5581 3860 5633 in
3926 5597 4038 5634 una

2455 5651 2588 5711 voce
2640 5659 2793 5708 codd.
2833 5654 2893 5707 P.
2933 5655 3095 5708 habet
3150 5654 3574 5723 ὲμφαντορικόν.
3639 5651 3753 5705 \‘at.
3821 5656 4038 5721 ἐμφαν-

2452 5729 2623 5782 τικὸν.
2659 5726 2798 5782 Call.
2829 5725 3204 5796 κατάλληλον;
3241 5724 3339 5781 sed
3371 5739 3562 5781 settsus
3587 5725 3747 5780 idem.
