4190 6436
772 402 877 466 403

1973 400 2467 461 THEOPHANIS
2507 402 2847 467 CERAMEI

3911 406 4018 468 604

772 513 1142 567 misericordia
1161 513 1591 580 comprehendit,
1614 520 1795 582 utpote
1815 528 1935 582 quae
1955 512 2203 567 aﬂ'cctum
2223 514 2348 564 cha-

2451 514 2539 581 ἄρ’
2579 515 2797 584 ἀπάσης
2830 516 3035 585 ἀρετῆς
3069 516 3102 583 ή
3149 513 3494 581 ἐλεημοσύνη
3538 512 3708 574 ἐστὶν,
3771 512 4026 566 ἐπίτασις

774 604 954 660 ritatis
981 604 1247 659 intendat.
1284 605 1412 659 Ideo
1441 622 1560 661 cum
1602 606 1773 671 justus
1823 606 1876 659 in
1924 620 2145 676 regnum
2182 605 2349 659 advo-

772 712 929 761 t-ans,
959 712 1145 752 eorum
1184 695 1237 752 in
1277 698 1410 752 alios
1451 697 1855 753 beneficentiam
1897 699 2145 767 praedicat
2187 707 2347 767 atque

776 796 1024 853 testatur,
1052 802 1212 841 omne
1246 788 1389 841 aliud
1422 787 1643 841 virtutis
1683 787 1916 841 ollicium
1960 797 2106 840 recte
2138 788 2345 855 praesti-

777 894 906 932 tisse
939 879 1225 948 significat.
1267 880 1340 932 Ita
1377 880 1538 932 etiam
1591 894 1685 946 par
1729 890 1807 932 est
1839 880 1996 948 115
2046 880 2347 950 intelligere

773 970 874 1025 sub
906 985 1013 1025 uno
1044 970 1279 1025 caelestis
1307 971 1451 1039 regni
1477 971 1698 1039 prmmio
1723 972 2027 1025 universam
2054 970 2343 1040 signiﬁcari

771 1059 1006 1114 debitam
1034 1060 1191 1127 justis
1220 1062 1539 1114 mercedem.
1572 1060 1705 1113 Cum
1736 1060 1876 1111 enim
1908 1059 2159 1112 omnibus
2188 1058 2345 1126 hujus

773 1153 896 1207 vita:
942 1154 1240 1206 commodis
1291 1169 1510 1221 regnum
1544 1153 1851 1221 praecellere
1882 1152 2150 1214 videatur,
2183 1166 2244 1204 ex
2281 1167 2346 1205 eo

772 1244 910 1308 quod
948 1245 1184 1298 maximo
1219 1246 1361 1310 apud
1394 1259 1490 1297 nos
1517 1246 1569 1298 in
1600 1245 1773 1311 pretio
1802 1253 1901 1301 est.
1936 1244 2207 1311 explicare
2234 1260 2342 1298 rem

773 1334 959 1388 voluit.
1010 1333 1123 1388 Non
1161 1338 1302 1388 enim
1352 1345 1435 1389 est
1480 1338 1717 1404 reperire
1760 1352 2065 1404 congruens
2104 1338 2343 1399 verbum,

772 1426 911 1490 quod
960 1425 1309 1480 ineffabilium
1348 1429 1608 1488 bonorum
1656 1427 1872 1481 illorum
1923 1427 2343 1497 magnitudinem

772 1519 1052 1569 evidenter
1103 1530 1494 1586 repraesentare
1548 1519 1738 1583 possit.
1803 1517 1931 1583 Quae
1985 1517 2126 1569 enim
2175 1519 2347 1570 oratio

774 1608 1000 1673 u-split-et
1033 1626 1091 1659 ea
1119 1626 1237 1677 qua:
1273 1626 1429 1663 sensu
1461 1625 1563 1663 non
1598 1611 1984 1677 percipiuntur,
2017 1624 2188 1674 neque
2217 1624 2340 1661 cer-

772 1711 973 1751 nuntur
1009 1702 1199 1765 oculis,
1250 1715 1351 1754 nec
1402 1700 1622 1753 auribus
1669 1700 1982 1757 audiuntur,
2025 1712 2197 1766 neque
2244 1699 2345 1751 lm-

774 1809 929 1847 mana
982 1796 1189 1848 ratiune
1238 1796 1623 1862 comprehendi
1676 1793 1915 1861 queunt?
1947 1792 2049 1844 Sed
2105 1804 2161 1845 ut
2197 1794 2342 1857 dixi,

772 1890 913 1954 quod
949 1889 1178 1957 primum
1242 1897 1404 1955 atque
1438 1888 1772 1953 potissimum
1820 1885 2074 1939 mortales
2124 1886 2339 1945 habent,

771 1978 822 2029 id
856 1978 918 2029 ad
952 1976 1324 2047 explicandam
1358 1994 1469 2031 rem
1500 1979 1743 2031 oratione
1774 1977 1818 2028 dt
1841 1979 2090 2043 sumpsit,
2114 1990 2166 2034 et
2189 1991 2346 2029 onme

771 2068 910 2132 quod
932 2078 1119 2119 mente
1144 2069 1438 2137 percipitur
1460 2068 1930 2127 oblectamentum,
1957 2070 2103 2134 regni
2132 2072 2346 2120 nomine

770 2159 1084 2213 declaravit.
1119 2160 1257 2213 Idem
1292 2163 1432 2214 enim
1482 2170 1561 2215 est
1606 2162 1826 2214 cmleste
1861 2177 2078 2230 regnum
2132 2162 2265 2232 (l8),
2297 2172 2348 2212 et

773 2251 1005 2317 paradisi
1068 2251 1332 2318 voluptas,
1387 2262 1439 2305 et
1494 2262 1753 2305 :eternum
1815 2255 2241 2315 tabernaculum,
2294 2265 2342 2306 et

776 2339 984 2392 mansio
1008 2342 1146 2409 apud
1184 2339 1424 2407 Patrem,
1454 2351 1509 2395 et
1541 2341 1769 2395 Abrahae
1814 2343 1983 2406 sinus,
2016 2355 2068 2395 et
2104 2345 2344 2397 vivorum

775 2428 1029 2497 regio,‘ct
1062 2430 1268 2484 mitium
1308 2441 1472 2493 terra,
1511 2441 1563 2484 et
1608 2447 1743 2501 aqua
1783 2432 2111 2493 refectiouis.
2157 2443 2211 2489 et
2257 2451 2347 2488 sn-

775 2538 935 2588 perna
971 2521 1293 2585 Jerusalem,
1340 2534 1391 2575 et
1440 2525 1681 2578 hravium
1717 2528 2031 2591 vocationis,
2066 2536 2118 2579 ιιι
2150 2543 2344 2582 corona

773 2615 1091 2678 gratiarum,
1122 2624 1175 2667 et
1207 2630 1405 2667 mensae
1427 2616 1754 2682 jucunditas,
1781 2627 1831 2667 et
1857 2618 2048 2670 solium
2078 2617 2192 2672 Dei.
2224 2621 2348 2673 Haec

774 2708 918 2755 enim
946 2706 1124 2755 omnia
1152 2703 1406 2758 Dominus
1431 2705 1591 2772 iustis
1617 2707 1866 2760 ellicitnr.
1901 2707 1963 2761 Et
1986 2711 2141 2764 sicuti
2172 2710 2224 2764 in
2251 2714 2347 2765 hac

774 2793 881 2840 \itu
928 2792 1096 2843 factus
1131 2803 1214 2845 est
1256 2793 1394 2844 idem
1431 2794 1584 2847 nobis
1624 2798 1881 2860 medicus,
1917 2809 2121 2864 pastor,
2169 2803 2344 2868 panis.

777 2884 979 2943 \illlllll,
1009 2883 1154 2941 vitis,
1189 2888 1294 2946 via,
1326 2885 1545 2947 ostium,
1566 2897 1736 2954 petra,
1763 2902 1920 2954 aqua,
1954 2889 2090 2955 fons,
2121 2900 2173 2945 et
2204 2904 2363 2961 tpue-‘

774 2988 984 3040 cunque
1017 2974 1119 3026 alia
1150 2976 1213 3026 de
1243 2977 1356 3041 ipso
1393 2977 1669 3044 dicuntur,
1703 2982 1774 3032 ita
1807 2990 1860 3033 et
1908 2983 1960 3035 in
2004 2983 2180 3037 futura
2212 2985 2343 3051 vita,

774 3066 841 3115 iis
870 3066 959 3132 qui
990 3067 1132 3135 digni
1170 3068 1338 3119 habiti
1378 3069 1599 3133 fuerint,
1636 3074 1811 3125 omnis
1843 3076 1945 3125 erit
1978 3077 2344 3133 delectamenti

2449 605 2583 660 οὖσα
2632 607 2733 675 τῆς
2777 607 3131 675 ἀγαπητικῆς
3178 604 3496 666 διαθέσεως.
3546 604 3644 657 Διὰ
3696 602 3856 654 τοῦτο
3896 604 4026 664 τοὺς

2448 697 2690 760 δικαίους
2719 700 2800 756 είς
2828 700 2927 766 τὴν
2953 697 3232 767 βασιλείαν
3268 697 3473 755 καλῶν,
3521 697 3612 748 καὶ
3643 695 3741 763 τὴν
3772 693 4027 746 εὐποιίαν

2450 789 2660 852 τούτοις
2720 789 3202 858 προσμαρτυρῶν,
3264 788 3359 840 καὶ
3418 788 3518 856 τὴν
3577 786 3744 855 ἄλλην
3802 788 4028 838 ἃπασαν

2451 883 2654 953 ἀρετὴν
2685 882 3122 953 κατωρθωκότας
3146 881 3438 951 ἐδήλωσεν.
3462 878 3620 932 Οὕτω
3645 895 3727 930 τοι
3752 880 4027 947 προσήκει

2450 978 2613 1039 νοεῖν,
2659 974 2753 1026 καὶ
2799 973 2887 1026 διὰ
2927 971 2987 1023 τὸ
3034 971 3128 1024 τοῦ
3166 970 3283 1032 ἑνὸς
3328 968 3565 1021 ἐπάθλου
3602 966 3700 1034 τῆς
3744 964 4027 1033 βασιλείας

2448 1068 2558 1119 τῶν
2615 1065 2861 1133 οὐρανῶν
2916 1064 3098 1116 πᾶσαν
3144 1059 3437 1130 δηλοῦσθαι
3497 1060 3595 1128 τὴν
3639 1060 3752 1121 τοῖς
3793 1056 4026 1115 δικαίοις

2449 1158 2810 1227 ὀφειλομένην
2842 1156 3026 1224 τιμήν.
3072 1153 3292 1223 Ἐπειδὴ
3343 1153 3452 1221 γὰρ
3488 1152 3596 1203 τῶν
3623 1149 3766 1203 κατὰ
3789 1148 3879 1200 τὸν
3912 1147 4029 1218 βίον

2452 1248 2721 1320 κρείττων
2780 1248 3001 1299 πάντων
3033 1247 3066 1314 ἡ
3113 1244 3361 1314 βασιλεία
3416 1244 3584 1303 δοκεῖ,
3627 1243 3691 1294 ὲκ
3738 1239 3835 1292 τοῦ
3895 1242 4028 1307 παρ’

2450 1341 2583 1408 ἡμῖν
2632 1337 2961 1406 τιμιωτέρου
3005 1337 3240 1388 ποιεῖται
3284 1335 3382 1404 τὴν
3430 1332 3682 1401 δήλωσιν.
3733 1330 3867 1382 Οὐδὲ
3918 1330 4029 1396 γὰρ

2449 1431 2598 1482 ἔστιν
2629 1430 2810 1497 εὑρεῖν
2839 1428 2997 1494 λόγον
3022 1426 3360 1495 κατάλληλον
3390 1424 3639 1493 ἐναργῶς
3670 1420 4028 1491 παραστῆσαι

2448 1522 2744 1590 δυνάμενον
2772 1520 2881 1573 τῶν
2902 1520 3158 1589 ἀρρήτων
3190 1516 3412 1585 ἀγαθῶν
3440 1515 3665 1569 ἐκείνων
3691 1515 3750 1566 τὸ
3775 1514 4027 1584 μέγεθος.

2452 1613 2571 1676 Ilii);
2602 1616 2711 1684 γὰρ
2760 1612 3073 1682 παρασταίη
3111 1611 3267 1676 λόγος
3320 1608 3390 1661 τά
3420 1608 3562 1675 ὑπὲρ
3619 1607 3894 1677 αἴσθησιν,
3936 1608 4031 1657 καὶ

2447 1707 2744 1775 ὀφθαλμοῖς
2779 1706 2877 1775 μὲν
2909 1705 3135 1767 ἀθέατα,
3167 1701 3269 1754 ὠσὶ
3307 1702 3363 1754 δὲ
3411 1702 3639 1770 ἀνήκοα,
3666 1699 4028 1767 ἀνθρωπίνοις

2448 1801 2503 1852 δὲ
2532 1800 2814 1868 λογισμοῖς
2845 1798 3150 1851 ἀνεπίϐατα
3184 1814 3198 1861 ;
3253 1794 3508 1866 Ἀλλ’,γώς
3550 1794 3704 1861 ἔφην,
3744 1794 3803 1844 τὸ
3836 1789 4029 1843 δοκοῦν

2450 1896 2698 1965 κρεῖττον
2742 1894 2819 1955 είς
2855 1892 3088 1960 δήλωσιν
3118 1888 3214 1942 τοῦ
3262 1889 3425 1956 λόγου
3462 1885 3762 1956 παρέλαϐε,
3797 1884 3885 1935 διὰ
3926 1882 4027 1950 τῆς

2450 1987 2727 2059 βασιλείας
2760 1986 2939 2038 πᾶσαν
2978 1983 3229 2052 ἐμφήνας
3254 1979 3552 2049 νοουμένην
3589 1977 3909 2031 ἀπόλαυσιν.
3961 1973 4026 2025 Ἡ

2448 2082 2582 2146 αὐτὴ
2629 2080 2738 2147 γάρ
2793 2080 2908 2129 ἐστι
2957 2078 3051 2129 καὶ
3096 2074 3341 2145 βασιλεία
3383 2072 3650 2141 οὐρανῶν,
3710 2071 3804 2121 rut
3837 2085 4021 2137 παρα-

2447 2171 2622 2223 δείσου
2647 2168 2845 2238 τρυφὴ.
2881 2169 2975 2221 καὶ
3002 2166 3197 2221 αίωνία
3228 2164 3422 2234 σκηνὴ,
3456 2163 3550 2216 καὶ
3586 2160 3722 2230 μονὴ
3758 2159 3909 2230 παρά
3950 2158 4029 2226 τῷ

2451 2265 2645 2333 Πατρὶ,
2682 2264 2775 2317 καὶ
2799 2263 2999 2324 κόλπος
3042 2260 3315 2329 Ἀϐραὰμ,
3350 2260 3444 2309 καὶ
3472 2257 3623 2326 χώρα
3654 2254 3898 2320 ζώντων,
3937 2254 4033 2303 καὶ

2449 2358 2522 2427 γῆ
2555 2358 2796 2427 πραέων,
2820 2355 2915 2408 καὶ⁹
2948 2351 3305 2413 ἀναπαύσεως
3339 2348 3505 2417 ὕδωρ,
3542 2348 3633 2399 καὶ
3665 2346 3777 2398 ἄνω
3823 2343 4025 2413 Ἰερου-

2452 2449 2651 2519 σαλὴμ,
2676 2448 2771 2501 καὶ
2798 2445 3050 2517 βραϐεῖον
3071 2445 3336 2514 κλήσεως,
3360 2442 3454 2493 καὶ
3478 2440 3716 2509 χαρίτων
3742 2436 4032 2502 στέφανος,

2451 2542 2547 2593 καὶ
2591 2543 2682 2594 ἐπὶ
2711 2538 2990 2609 τραπέζης
3034 2536 3365 2607 εὐφροσύνη,
3422 2534 3517 2586 καὶ
3558 2531 3693 2583 Θεοῦ
3748 2528 4030 2598 συνεδρία.

2451 2633 2635 2686 Ταῦτα
2668 2633 2724 2685 δὲ
2758 2631 2935 2684 πάντα
2964 2632 3077 2691 τοῖς
3108 2628 3286 2693 ἁγίοις
3327 2628 3355 2678 ὁ
3395 2624 3598 2693 Κύριος
3646 2621 3877 2688 γίνεται,
3934 2618 4034 2668 καὶ

2450 2730 2641 2793 ὥσπερ
2674 2724 2905 2778 ἐνταῦθα
2953 2722 3178 2789 γέγονεν
3221 2720 3355 2787 ἡμῖν
3398 2717 3427 2769 δ
3471 2715 3652 2777 αὐτὸς,
3695 2714 3786 2765 καὶ
3819 2709 4031 2780 ἰατρὸς,

2452 2822 2547 2874 καὶ
2581 2819 2803 2887 ποιμὴν,
2842 2818 2936 2869 καὶ
2962 2818 3145 2886 ἄρτος,
3188 2815 3279 2865 καὶ
3313 2806 3476 2874 οἶνος.
3511 2811 3606 2862 καὶ
3635 2807 3899 2878 ἄμπελος,
3934 2805 4036 2857 καὶ

2450 2913 2589 2973 ὁδὸς,
2657 2913 2750 2962 καὶ
2782 2909 2941 2978 θύρα,
2977 2910 3069 2960 καὶ
3096 2906 3293 2975 πέτρα,
3320 2906 3409 2957 καὶ
3468 2902 3629 2971 ὕδωρ,
3690 2901 3782 2952 καὶ
3847 2899 4030 2965 πηγὴ.

2450 3002 2544 3053 καὶ
2586 3004 2686 3053 ὅσα
2734 3000 2865 3053 ἄλλα
2908 2998 3038 3065 περὶ
3086 2996 3252 3049 αὑτοῦ
3305 2996 3544 3061 λέγεται,
3600 2992 3771 3052 οὕτως
3832 2991 3892 3042 ὲν
3948 2988 4034 3055 τῷ

2454 3093 2701 3162 μέλλοντι
2754 3093 2780 3142 ὁ
2808 3091 2972 3151 αὐτὸς
3014 3092 3125 3149 τοῖς
3156 3088 3327 3154 ἀξίοις
3357 3088 3507 3141 πᾶσα
3546 3082 3852 3153 εὐφροσύνη
3888 3079 4031 3132 καθ-

775 3157 913 3209 loco.
945 3158 1005 3209 Et
1036 3160 1286 3224 quoniam
1324 3162 1493 3227 ipsum
1529 3164 1627 3215 sibi
1662 3164 1712 3215 in
1751 3165 1851 3218 hac
1886 3166 1992 3220 vita
2030 3172 2200 3221 sancti
2248 3171 2346 3225 lto-

2455 3157 2689 3239 ίσταται.
2750 3183 2968 3252 Ἐπειδὴ
3010 3182 3102 3234 καὶ
3146 3180 3253 3233 τῶν
3300 3180 3470 3246 ἁγίων
3507 3177 3761 3237 ὑπόθεσις
3806 3174 3834 3225 δ
3866 3171 4037 3232 αὐτὸς

779 3266 787 3295 ι
820 3251 950 3298 ηίιιοε
976 3264 1301 3316 preposnerc
1337 3270 1446 3303 διιίι·
1473 3254 1839 3308 beneﬁt-entia:
1866 3271 2081 3324 scepuzu
2110 3278 2123 3312 :
2151 3279 2169 3310 ι
2200 3260 2350 3327 Quod

775 3342 939 3403 enim,
974 3343 1167 3410 inquit,
1196 3345 1284 3395 nni
1310 3360 1372 3397 ex
1403 3346 1485 3398 his
1518 3346 1770 3399 fratribus
1798 3350 1930 3404 meis
1967 3350 2188 3415 fecistis,
2218 3355 2348 3407 milti

777 3434 1005 3500 fecistis,
1039 3455 1059 3487 ι
1100 3437 1166 3489 ita
1206 3448 1256 3489 et
1288 3439 1399 3504 ipse
1428 3449 1615 3501 semet,
1646 3450 1697 3493 et
1729 3442 1943 3497 Virtutis
1975 3446 2272 3510 praemium,
2300 3457 2351 3501 et

775 3528 972 3578 donum
1002 3530 1219 3581 exhibet
1254 3530 1379 3591 illis,
1410 3532 1635 3585 dicens:
1673 3551 1690 3581 ι
1732 3531 1938 3596 Venite,
1960 3538 2229 3603 possidete
2260 3556 2350 3605 pa-

782 3628 955 3669 ratmn
1008 3620 1157 3672 vobis
1195 3636 1442 3690 regnum,
1480 3641 1498 3673 ι
1539 3624 1627 3691 qni
1680 3635 1762 3677 est
1810 3627 1941 3694 ipse,
1974 3628 2064 3696 qni
2119 3629 2352 3697 loquitur

774 3712 1042 3764 C'tristns.

860 3838 877 3867 ι
922 3818 1129 3871 Esnrivi
1179 3821 1359 3884 enim,
1414 3831 1465 3874 et
1523 3821 1741 3875 dedistis
1800 3825 1926 3878 mihi
1987 3828 2347 3893 manducare;

777 3912 943 3973 sitivi,
972 3922 1023 3966 et
1041 3913 1263 3967 dedistis
1294 3914 1421 3966 mihi
1451 3914 1667 3976 bibere;
1699 3916 1895 3986 hospes
1919 3935 2088 3982 eram,
2117 3928 2165 3971 et
2192 3921 2352 3973 colle-

779 4004 933 4071 gistis
983 4018 1101 4067 me;
1134 4004 1330 4068 nudus,
1370 4014 1423 4058 et
1475 4008 1765 4074 Operuistis
1819 4024 1936 4071 me;
1988 4010 2252 4073 infirmus,
2302 4022 2353 4064 et

2451 3278 2687 3333 ἐνταῦθα
2730 3278 3018 3348 προέκειτο
3044 3292 3056 3305 ο
3102 3294 3119 3325 ι
3175 3276 3289 3338 Ἐφ’
3319 3276 3443 3327 ὅσον
3472 3274 3601 3340 γὰρ.
3658 3270 3843 3339 φησὶν,
3874 3270 4037 3319 έποίο

2451 3374 2620 3442 ήσατε
2652 3372 2730 3422 ἑνὶ
2756 3369 2961 3421 τούτων
2992 3369 3100 3419 τῶν
3136 3366 3381 3434 ἀδελφῶν
3412 3383 3511 3436 μου
3547 3364 3653 3415 τῶν
3703 3362 4034 3431 ἐλαχίστων,

2455 3466 2578 3533 ἐμοὶ
2632 3463 2929 3531 ἐποιήσατε
2974 3476 2988 3489 ·
3028 3480 3045 3511 ι
3104 3459 3248 3512 οὕτω
3304 3461 3399 3511 καὶ
3469 3454 3631 3511 ἆθλον
3684 3456 3887 3525 ἀρετῆς
3936 3456 4039 3506 καὶ

2454 3555 2624 3623 γέρας
2654 3552 2813 3614 αὐτὸς
2848 3551 3062 3604 δίδωσιν
3082 3550 3293 3614 ἑαυτὸν,
3317 3550 3487 3603 εἰπών
3512 3568 3523 3579 ο
3559 3566 3576 3599 ι
3600 3548 3785 3609 Δεῦτε,
3826 3547 4038 3615 κληρο-

2450 3648 2725 3712 νομήσατε
2756 3643 2854 3714 τὴν
2876 3642 3285 3713 ἡτοιμασμένην
3322 3642 3451 3711 ὑμῖν
3504 3640 3802 3709 βασιλείαν,
3843 3657 3862 3689 ι
3907 3640 4037 3709 ἥτις

2452 3737 2600 3788 ἐστὶν
2622 3737 2649 3786 ὁ
2670 3733 2841 3786 ταῦτα
2864 3733 3037 3800 λέγων
3066 3734 3320 3803 Χριστός.

2529 3846 2547 3876 ι
2603 3825 2893 3878 Ἐπείνασα
2928 3826 3058 3893 γὰρ,
3092 3824 3185 3877 καὶ
3222 3822 3461 3876 ἐδώκατέ
3517 3841 3608 3892 μοι
3646 3825 3843 3891 φαγεῖν
3880 3838 3892 3849 ·
3925 3822 4039 3873 ὲδίο

2452 3919 2623 3987 ψησα,
2666 3920 2759 3970 καὶ
2788 3916 3076 3971 ἐποτίσατέ
3122 3931 3225 3974 με·
3259 3915 3408 3981 ξένος
3453 3915 3621 3984 ήμην,
3664 3916 3759 3967 καὶ
3792 3916 4039 3983 συνηγά-

2453 4025 2576 4080 γετε
2619 4030 2687 4081 με
2716 4030 2726 4039 ·
2761 4011 2986 4081 γυμνὸς,
3022 4011 3115 4062 καὶ
3148 4009 3533 4080 περιεδάλλετέ
3565 4027 3633 4077 με
3672 4026 3687 4038 ο
3721 4010 4010 4078 ἠσθένησα.

2012 4129 2327 4190 Francisci
2364 4130 2577 4192 Scorsi
2612 4138 2798 4192 none.

786 4251 1221 4323 ὑπολαμϐάνειν,
1252 4250 1459 4323 ταύτης
1494 4252 1557 4323 τὸ
1598 4253 1892 4322 κράτιστον
1932 4254 2175 4321 εὑρίσκω
2200 4256 2352 4323 φιλοι-

784 4320 1051 4389 πτωχίαν,
1096 4323 1189 4374 καὶ
1210 4320 1309 4389 τὴν
1338 4323 1465 4393 περὶ
1488 4322 1547 4373 τὸ
1566 4320 1823 4389 συγγενὲς
1846 4320 2251 4393 εὐσπλαγχνίας)
2292 4344 2351 4378 τε

785 4395 880 4445 καὶ
898 4409 961 4442 συ
972 4393 1262 4463 μπάοειαν.
1277 4392 1466 4463 οὐδεν).
1484 4393 1591 4461 γὰρ
1614 4392 1756 4445 οὕτω
1770 4394 1881 4444 τῶν
1902 4392 2201 4456 πάντωνῶς
2216 4398 2351 4463 ἐλέῳ

783 4466 915 4523 (θεὶς
977 4459 1364 4530 θεραπεύεται.
1414 4460 1524 4514 llnc
1552 4459 1630 4515 est
1657 4479 1721 4515 cx
1762 4464 1914 4514 Billiu
1950 4484 1961 4516 :
1998 4464 2052 4517 Si
2085 4477 2258 4516 tamen
2288 4459 2351 4518 ea:

790 4532 947 4584 Pauli
984 4542 1139 4599 atque
1177 4534 1343 4595 ipsius
1399 4532 1558 4583 etiam
1633 4531 1833 4585 Christi
1885 4536 2143 4585 sententia
2168 4545 2216 4586 et
2249 4553 2347 4587 au-

786 4604 1051 4659 ctoritate,
1087 4602 1399 4653 charitatem
1436 4616 1489 4655 ut
1521 4601 1650 4670 legis
1703 4610 1753 4655 et
1782 4605 2153 4668 prapltetarum
2175 4618 2350 4667 caput,

786 4684 1160 4739 praeceptorum
1209 4674 1439 4724 omnium
1477 4672 1703 4738 primum
1782 4674 2173 4741 maximumque
2227 4692 2351 4726 cen-

787 4741 1029 4793 sendum‘
1056 4752 1130 4791 est
1158 4758 1175 4795 :
1235 4741 1390 4807 hujus
1423 4743 1743 4808 prarcipuam
1786 4753 1986 4809 partem
2019 4745 2075 4793 in
2119 4760 2179 4796 eo
2198 4745 2353 4796 sitam

784 4828 893 4864 esse
934 4813 1212 4876 comperio,
1251 4821 1305 4863 nt
1360 4824 1611 4877 pauperes
1665 4828 1842 4863 amore
1887 4829 1947 4863 ac
2002 4812 2354 4865 benevolentia

787 4883 1217 4943 complectamur,
1260 4889 1415 4941 atque
1461 4897 1640 4932 eorum
1695 4884 1780 4949 qui
1837 4881 1982 4933 nobis
2044 4884 2354 4948 cognatione

786 4950 1053 5015 conjuncti
1088 4962 1229 5008 sunt,
1268 4950 1659 5002 calamitatibus
1712 4967 2032 5013 moveamur,
2091 4963 2136 5003 et
2168 4951 2352 5015 dolea-

786 5038 939 5081 mus;
997 5034 1157 5085 neque
1194 5022 1330 5101 enim
1369 5020 1515 5101 ultus.
1536 5021 1746 5101 omnino
1778 5023 1951 5072 cultus
1980 5016 2193 5101 perinde
2246 5014 2351 5074 Deo

786 5099 965 5158 gratus
1016 5097 1113 5151 est,
1136 5099 1192 5143 ut
1209 5090 1589 5143 misericordia.
1620 5090 1822 5141 Addam
1876 5093 1939 5142 ad
1978 5090 2350 5144 illustrandum

792 5165 933 5213 hunc
1004 5158 1391 5229 Theophanem
1456 5158 1975 5213 Tauromenitanum
2032 5163 2347 5229 episcopum

792 5230 1019 5284 ulterius
1070 5228 1441 5298 Theophanis.
1502 5230 1700 5284 Nit-teni
1780 5231 2038 5283 nimirum
2072 5228 2348 5297 episcopi.

791 5303 993 5353 dictum
1024 5316 1088 5354 ex
1117 5302 1274 5366 epist.
1320 5301 1375 5364 ‘2,
1428 5303 1514 5354 ubi
1549 5300 1613 5353 de
1662 5311 1851 5355 sancto
1886 5301 2020 5354 Jobo
2048 5316 2349 5355 sermonem

792 5373 985 5425 habet:
1055 5371 1455 5441 Ἐλεημοσύνης
1502 5371 1558 5423 δὲ
1618 5371 1717 5439 τῆς
1766 5371 2195 5440 βασιλικωτάτης
2244 5373 2350 5422 τῶν

792 5442 1025 5509 ἀρετῶν,
1065 5442 1159 5493 καὶ
1187 5441 1490 5505 φιλοξενίας
1540 5442 1641 5493 οὐκ
1696 5442 1932 5510 ἐμέλησε
1979 5442 2196 5509 τούτῳ;
2252 5444 2353 5494 hoc

794 5522 878 5564 est
931 5527 997 5566 ex
1052 5512 1298 5566 versione
1343 5511 1596 5566 Gousalvi
1638 5511 1837 5571 νοω-θ,
1872 5511 1961 5577 qui
1993 5525 2115 5565 eum
2160 5512 2351 5563 Latine

798 5583 1062 5637 redditum
1122 5583 1177 5635 in
1207 5582 1378 5634 lucem
1411 5581 1579 5634 edidit
1607 5600 1619 5633 :
1656 5580 2000 5648 Eleemosyna
2041 5593 2212 5634 autem
2235 5598 2352 5651 qua:

791 5653 928 5704 inter
971 5669 1147 5704 omnes
1218 5655 1431 5704 virtutes
1487 5653 1769 5717 principem
1829 5653 2054 5704 maxime
2114 5652 2351 5713 decet,et

797 5720 1128 5789 hospitalitas
1173 5739 1343 5775 nonne
1394 5724 1515 5774 ltuit:
1563 5738 1704 5773 curre
1758 5720 1948 5789 fuere?
2005 5721 2077 5773 Ita
2136 5723 2349 5787 quidem

790 5794 843 5844 in
884 5796 1041 5857 epist.
1106 5798 1266 5846 vertit
1299 5792 1642 5857 Gousalvus;
1678 5802 1733 5842 at
1777 5794 1828 5844 in
1884 5791 2026 5844 notis
2082 5806 2185 5844 non
2227 5791 2349 5842 iuli-

789 5877 988 5924 cuntur,
1056 5862 1117 5914 τὸ
1182 5862 1610 5932 βασιλικώτατοκ
1663 5878 1819 5930 psset:
1850 5863 2353 5931 explit'ariprwrla-

2461 4258 2734 4312 rissimam
2796 4267 2846 4309 et
2878 4256 3393 4313 virtutibusczeteris
3420 4263 3807 4325 praestantem;
3860 4268 4036 4325 quam

2461 4327 2875 4395 explicationem
2919 4328 3167 4387 equidem
3220 4340 3318 4395 ego
3359 4323 3530 4393 magis
3585 4323 3933 4391 approbarim
3981 4341 4034 4379 et

2461 4397 2757 4452 secundum
2813 4412 2931 4449 eam
2960 4397 3101 4450 hunc
3133 4397 3303 4449 locum
3348 4396 3557 4460 induxi,
3618 4405 3678 4446 ut
3726 4403 3916 4445 mutuo
3976 4413 4040 4449 se

2461 4470 2565 4520 duo
2597 4467 2957 4529 Theophanes
2990 4467 3325 4532 explicarent
3353 4476 3407 4519 et
3456 4472 3655 4518 sensus
3685 4465 3845 4532 unius
3866 4465 4033 4518 alteri

2459 4538 2742 4606 genuinus,
2768 4530 3072 4589 videretur;
3095 4537 3362 4589 Cmterum
3400 4543 3651 4606 sanctus
3683 4530 3947 4606 Thomas.
3976 4553 4035 4604 ιι.

2387 4589 2429 4642 D
2458 4589 2514 4667 ἦ,
2576 4615 2681 4659 art.
2719 4604 2773 4663 4.
2802 4619 2996 4672 quaest.
3027 4605 3133 4659 30:
3198 4606 3588 4666 Misericordia,
3643 4604 3836 4670 inquit,
3894 4589 4041 4657 int'er

2458 4694 2633 4730 amnes
2689 4676 2930 4735 virtutes,
2971 4692 3087 4737 quia
3122 4677 3191 4727 ad
3231 4680 3525 4737 proximum
3558 4674 3834 4741 pertinent,
3862 4677 4041 4739 potis-

2455 4750 2589 4799 sima
2630 4752 2728 4805 est,
2782 4745 2940 4797 sicuti
2992 4746 3153 4799 etiam
3206 4757 3289 4798 est
3331 4744 3555 4813 potioris
3616 4752 3791 4813 actus.
3854 4744 3930 4795 Ita
3970 4746 4035 4799 ὃ.

2456 4816 2693 4869 Thomas
2712 4813 2763 4863 in
2790 4828 3039 4883 corpore,
3071 4829 3190 4882 qua:
3221 4811 3469 4869 docirina
3506 4822 3558 4866 et
3584 4811 3719 4865 ratio
3748 4820 3832 4864 est
3860 4815 4038 4866 etiam

2456 4884 2614 4949 hujus
2645 4883 2837 4937 Patris.

2530 4957 2641 5021 (l8)
2681 4949 2825 5022 Idem
2859 4956 2996 5007 enim
3019 4964 3092 5009 est
3125 4956 3326 5008 caeleste
3358 4968 3593 5022 regnum.
3625 4952 3880 5022 Eamtletn
3902 4968 4037 5004 sen-

2456 5029 2681 5077 tentiam
2725 5020 3026 5093 Gregorius
3077 5024 3351 5094 Nyssenus
3386 5020 3547 5077 habet
3599 5023 3737 5077 libro
3794 5021 3868 5074 De
3920 5025 4036 5075 vita

2456 5095 2670 5150 Mosae:
2733 5097 2855 5151 ch
2898 5106 3075 5150 autem
3121 5094 3290 5162 gloria
3362 5094 3541 5146 multis
3597 5104 3939 5159 nuncupatur
4002 5114 4035 5144 η

2453 5164 2731 5233 Scriptura
2787 5168 3124 5231 nominibus;
3165 5181 3272 5217 una
3304 5165 3439 5217 enint
3492 5171 3542 5216 et
3591 5165 3768 5215 eadem
3821 5179 3901 5214 res
3948 5163 4040 5214 hic

2453 5238 2663 5304 quidem
2715 5237 2913 5301 lapidis
2944 5238 3212 5305 capacitas
3245 5233 3585 5302 appellatur;
3628 5235 3682 5286 in
3708 5234 3830 5285 aliis
3854 5245 4036 5285 autem

2452 5311 2757 5375 paradisus,
2792 5309 3019 5371 deliciae,
3047 5306 3444 5360 tabernaculum
3477 5313 3765 5375 internum,
3822 5319 4035 5375 oransto

2452 5381 2591 5445 apud
2674 5376 2905 5439 Patrem,
2952 5377 3282 5429 Patriarchw
3338 5376 3504 5437 sinus,
3533 5375 3669 5443 regio
3719 5374 4032 5445 virentium,

2453 5444 2593 5513 aqua
2613 5451 2874 5516 requietis,
2900 5446 3193 5501 Jerusalem
3218 5446 3479 5513 superior,
3504 5460 3722 5511 regnum
3748 5444 4033 5507 caelorum,

2453 5516 2691 5586 Babylon
2735 5520 3043 5577 vocationis.
3087 5533 3280 5569 corona
3326 5517 3641 5584 gratiarum,
3682 5530 3886 5586 corona
3912 5516 4037 5575 pul-

2452 5585 2787 5647 chritudinis,
2809 5590 2970 5642 turris
2990 5588 3334 5659 fortitudinis,
3353 5586 3738 5659 supermensa/e
3751 5585 4035 5659 gaudium,

2456 5660 2549 5710 Dei
2591 5674 2884 5714 consessus.
2941 5655 3087 5711 sedes
3130 5658 3337 5722 iudicii,
3370 5657 3516 5707 locus
3548 5655 4034 5715 nominatissimus,

2455 5732 2717 5780 occultum
2761 5728 3179 5782 tabernaculum.
3230 5724 3436 5780 Grauis
3463 5739 3651 5791 parco,
3685 5742 3751 5778 tte
3818 5725 4040 5792 longior

2456 5812 2582 5851 "Ola
2620 5810 2711 5852 Sll.
