4190 6436
792 427 897 491 455

1997 414 2492 474 THEOPHANIS
2533 412 2876 475 CERAMEI

3955 417 4058 482 456

792 542 994 594 exitum
1028 537 1131 591 hoc
1165 533 1503 593 miraculum,
1536 547 1640 584 non
1676 542 1856 586 tamen
1905 530 2061 583 linem
2096 531 2256 582 etiam
2286 544 2381 581 nos

2505 527 2645 580 ;οῦτο
2678 527 2937 595 τοιαύτην
2964 525 3145 579 λαϐὼν
3173 524 3273 595 τὴν
3298 524 3622 597 περαίωσιν,
3646 526 3742 577 οὐκ
3771 527 4060 594 ἐπιτρέπει

795 635 1075 698 imponere
1101 628 1332 683 sermoni
1366 625 1663 693 permittit;
1700 624 1794 676 sed
1825 621 1937 673 vult
1976 621 2154 689 potius
2186 630 2243 672 ut
2268 618 2379 681 his,

795 738 915 789 quae
946 722 1201 774 hactenus
1236 716 1551 778 dictasunt,
1583 725 1834 781 tanquam
1869 712 2136 767 vestibulo
2165 718 2381 762 utentes

797 812 864 863 ad
914 809 1167 861 interiora
1222 820 1382 858 sensa
1438 804 1825 873 ingrediamur.
1883 802 2034 867 Quod
2089 800 2132 853 si
2184 798 2382 852 talibus

799 900 1131 955 ornamentis
1184 899 1437 951 decorata
1509 906 1633 950 sunt
1709 896 2019 965 prOpylzea,
2079 892 2381 961 cuiusmodi

800 994 1011 1046 tandem
1041 991 1221 1058 templi
1255 988 1546 1057 penetralia
1576 1003 1697 1041 esse
1714 985 1909 1041 decet?
1934 987 2011 1039 Ad
2043 1000 2159 1053 qua:
2187 998 2381 1051 perva-

717 1093 720 1095 ‘
797 1086 925 1138 dere
977 1082 1087 1137 Deo
1139 1082 1383 1149 adjutore
1439 1079 1783 1133 conabimur.
1836 1076 1947 1132 Hoc
1992 1077 2244 1146 oppidum
2292 1076 2381 1127 ubi

801 1178 1170 1245 snpradictum
1203 1176 1416 1241 signum
1445 1182 1526 1227 est
1553 1172 1775 1237 factum,
1812 1170 2060 1240 quodque
2090 1168 2382 1220 secundum

805 1271 1114 1324 Matthaenm
1157 1265 1231 1335 (8)
1262 1265 1457 1319 civitas
1487 1261 1640 1325 Jesn,
1674 1263 1963 1315 secundum
1996 1259 2235 1313 Marcum
2272 1257 2379 1311 Ca-

803 1363 1099 1430 pbarnaum
1144 1358 1376 1421 dicitur,
1426 1365 1584 1409 terra:
1632 1355 1787 1421 hujus
1832 1351 2095 1404 ambitum
2185 1350 2383 1419 signat.

799 1453 930 1519 Qua:
984 1452 1200 1520 quidem
1240 1450 1435 1503 civitas
1489 1445 1613 1499 Jesn
1646 1454 1891 1508 vocatur,
1937 1452 2119 1509 utpote
2182 1455 2387 1495 natura:

805 1554 1001 1599 nostra)
1032 1559 1095 1613 pa
1108 1542 1332 1610 rticipis,
1351 1548 1404 1592 et
1429 1538 1521 1605 qui
1546 1538 1759 1604 dempto
1785 1546 2025 1604 peccato,
2050 1548 2386 1586 communem

808 1639 1086 1690 llOblSt‘lllll
1130 1634 1251 1685 iniit
1301 1630 1513 1683 vivendi
1552 1630 1838 1680 rationem.
1892 1626 2069 1693 Ipsam
2110 1639 2237 1677 vero
2285 1626 2389 1677 Ca—

807 1730 1098 1797 pharnanm
1152 1722 1601 1777 reconciliationis
1650 1721 1727 1789 (9)
1788 1719 2034 1787 oppidum
2066 1718 2253 1773 Graeca
2286 1717 2389 1771 lin-

806 1837 904 1889 gua
960 1818 1303 1887 interpretari
1356 1831 1667 1885 possumus,
1698 1829 1818 1881 qum
1847 1813 2123 1864 Christum
2179 1814 2243 1862 ad
2294 1825 2391 1863 no-

808 1921 976 1963 stram
1014 1909 1504 1963 reconciliationem
1554 1906 1857 1957 venientem
1893 1902 2105 1969 exccpit
2131 1940 2145 1965 ,
2188 1902 2256 1955 de
2286 1918 2392 1970 quo

2505 1920 2659 1972 ,φησιν
2698 1904 2726 1954 ὁ
2759 1901 2876 1965 υίὸς
2905 1903 3005 1971 τῆς
3048 1900 3279 1973 βροντῆς
3316 1915 3331 1931 '

810 2004 948 2055 Illius
994 2000 1215 2054 tonilt'ni
1270 2000 1395 2051 dicit
1451 2014 1463 2051 :
1504 2014 1523 2046 ι
1560 1998 1892 2049 Advocatum
1944 1995 2205 2047 habemus
2252 1994 2391 2061 apud

809 2095 1023 2149 Patrem
1055 2092 1237 2147 Jesum
1269 2091 1542 2145 Christum
1569 2087 1775 2154 justum
1800 2088 1868 2139 ⁸⁷.
1908 2105 1927 2137 ι

885 2187 1043 2241 Venit
1068 2186 1349 2254 igiturhnc
1373 2184 1629 2236 Dominus
1653 2196 1881 2249 corpore
1898 2196 2027 2235 usus
2055 2182 2130 2234 uti
2158 2182 2393 2250 navigio;

810 2289 864 2334 et
898 2280 1043 2333 venit
1074 2277 1296 2331 omnino
1326 2276 1391 2327 ad
1439 2278 1685 2328 humanae
1726 2284 1933 2327 natura:
1970 2271 2079 2339 jam
2124 2274 2398 2338 dissoluta:

813 2371 1040 2426 salutem
1090 2388 1103 2422 :
1139 2384 1259 2437 qnze
1296 2382 1428 2420 sane
1464 2364 1756 2433 aliquando
1795 2364 2059 2432 spiritu-ali
2093 2364 2397 2418 valetudine

815 2466 1084 2528 utebatur,
1112 2478 1233 2513 cum
1267 2461 1431 2513 animi
1475 2468 1649 2511 motus
1681 2458 1748 2511 ad
1776 2458 2028 2511 virtutem
2059 2458 2214 2526 quasi
2246 2458 2396 2513 nervi

814 2557 1001 2611 intenti
1066 2563 1258 2616 erant,
1307 2556 1367 2607 ει
1422 2562 1568 2603 recte
1636 2551 1948 2619 integreque
1995 2559 2049 2603 et
2100 2550 2398 2605 secundum

818 2659 1064 2703 naturam
1101 2648 1391 2699 habt-ham.
1424 2642 1525 2696 Uhi
1567 2658 1694 2696 vero
1726 2643 2178 2711 concupiscentia:
2223 2653 2401 2696 motus

819 2741 1125 2795 dominatus
1156 2748 1235 2791 est
1267 2739 1498 2800 caeteris,
1529 2749 1581 2790 et
1622 2737 1906 2790 exsatiavit
1952 2734 2261 2804 ingluviem,
2292 2746 2345 2787 et
2370 2748 2401 2788 e

822 2838 965 2883 statu
1003 2826 1330 2881 valetudinis
1357 2826 1579 2889 excidit,
1612 2826 1757 2880 hanc
1804 2824 2121 2879 morborum
2178 2824 2399 2877 mortis-

821 2938 925 2991 que
997 2921 1270 2989 regionem
1336 2918 1571 2971 obtinuit
1621 2928 1675 2971 et
1732 2917 2155 2972 sollicitudinum
2210 2931 2401 2987 quam-

820 3014 943 3066 datn
979 3011 1339 3063 colluvionem
1396 3008 1460 3059 ad
1521 3021 1581 3061 se
1634 3009 2020 3077 congregavit:
2058 3007 2200 3062 unde
2233 3023 2402 3075 agro-

822 3113 940 3157 tare
993 3102 1175 3169 cmpit,
1222 3110 1275 3154 et
1328 3100 1391 3150 ad
1445 3099 1745 3152 exercenda
1801 3098 2020 3152 virtutis
2078 3097 2252 3152 ol'llcia
2320 3114 2403 3152 re—

2487 619 2585 671 καὶ
2623 620 2775 688 ἡμᾶς
2817 619 2914 685 τῆς
2969 616 3322 678 διδασκαλίας
3360 617 3544 669 δοῦναι
3589 615 3896 682 τελείωσιν,
3946 618 4060 669 ἀλλ’

2483 710 2557 771 ὼς
2591 708 2952 777 προπυλαίοις
2996 712 3109 772 τοῖς
3156 708 3507 777 λελεγμένοις
3556 707 3867 777 χρήσασθαι
3924 710 4059 779 πῴς

2486 799 2584 868 τὴν
2635 799 2744 849 τῶν
2787 798 3079 867 νοημάτων
3119 797 3441 850 είσέλευσιν.
3492 796 3553 847 Εἰ
3587 799 3643 848 δέ
3684 814 3765 849 τοι
3798 798 4060 861 τοιούτοις

2489 892 2556 943 τὰ
2594 890 2914 959 προπύλαια
2944 888 3375 959 καλλωπίζεται,
3412 888 3537 940 τίνα
3576 887 3641 939 ἂν
3665 885 3776 940 εἷεν
3806 891 3874 941 τὰ
3915 888 4061 941 ἔνδον

2487 981 2792 1049 ἀνάκτορας
2831 977 2913 1043 οἷς
2964 980 3224 1047 ὲπιὸἧναι
3266 980 3365 1032 σὺν
3406 978 3525 1048 Θεῷ
3556 979 3953 1048 πειρασόμεθα.
3998 980 4061 1031 Ἠ

2487 1074 2648 1143 κώμη
2676 1073 2816 1141 αῦτη
2854 1076 2911 1125 έν
3024 1074 3086 1126 τὸ
3142 1072 3307 1142 ῥηθὲν
3350 1076 3579 1142 σημεῖον
3624 1072 3839 1140 ἐγένετο
3864 1111 3879 1134 ,
3924 1072 4064 1125 κατὰ

2491 1168 2587 1237 μὲν
2629 1165 2721 1217 τὸν
2770 1164 3052 1219 Ματθαίον
3103 1166 3257 1227 πόλις
3308 1164 3404 1216 τοῦ
3453 1164 3630 1230 Ἰησοῦ
3658 1205 3672 1227 ,
3701 1164 3839 1218 κατὰ
3876 1164 3934 1215 δὲ
3973 1166 4065 1217 τὸν

2489 1259 2630 1311 θεῖον
2659 1256 2907 1326 Μάρκον,
2938 1257 3338 1327 Καπερναοῦμ,
3374 1256 3472 1324 τὴν
3511 1258 3785 1325 περίγειον
3817 1257 3972 1327 λῆξιν
3994 1258 4068 1308 εἰ-

2490 1351 2726 1415 κόνιζεν,
2757 1351 2881 1420 ἥτις
2908 1349 3063 1412 πόλις
3094 1350 3194 1419 μὲν
3228 1351 3447 1417 λέγεται
3473 1348 3571 1401 τοῦ
3618 1348 3817 1414 Ἰησοῦ,
3858 1350 3936 1413 ὠς
3969 1350 4069 1419 τῆς

2490 1444 2707 1513 φύσεως
2736 1442 2900 1513 ἡμῶν
2928 1443 3385 1510 κοινωνήσαντος,
3440 1442 3533 1495 καὶ
3579 1442 3746 1509 χωρὶς
3793 1441 4070 1510 ἁμαρτίας

2492 1534 2976 1607 συμμετασχόντες
3010 1538 3144 1605 ἡμῖν
3176 1534 3272 1587 τοῦ
3303 1534 3470 1587 αὐτοῦ
3518 1533 3939 1603 πολιτεύματος.
4006 1534 4071 1585 Ἢ

2490 1630 2631 1700 αὑτὴ
2689 1629 2747 1683 δὲ
2799 1629 3177 1699 Καπερναοὺμ
3252 1628 3349 1680 καὶ
3401 1627 3564 1695 κώμη
3625 1626 4075 1694 παρακλήσεως

2492 1721 2862 1791 ἑρμηνεύεται
2918 1722 2983 1789 τῇ
3043 1718 3254 1772 Ἐλλάδι
3310 1722 3483 1788 φωνῇ,
3523 1719 3556 1787 ἠ
3593 1719 3809 1782 ἐδέξατο
3854 1718 3950 1770 τὸν
3993 1720 4076 1779 είς

2492 1811 2848 1881 παράκλησιν
2896 1810 3059 1881 ἡμῶν
3109 1809 3495 1877 εἰσεληλυθότα
3540 1810 3798 1879 Χριστὸν,
3838 1810 3971 1880 περὶ
4011 1803 4073 1862 οῦ

3390 1918 3409 1950 ι
3448 1902 3581 1972 Ἔχο
3588 1919 3686 1971 μεν
3717 1902 4077 1971 παράκλητον

2498 1996 2633 2065 πρὸς
2668 1996 2759 2047 τὸν
2790 1994 3013 2064 Πατέρα
3046 1993 3260 2061 Ἰησοῦν
3291 1993 3382 2045 τὸν
3410 1994 3645 2062 Χριστὸν
3676 1994 3906 2048 δίκαιον.
3956 2014 3973 2046 ι

2568 2169 2713 2227 Ἦκε
2762 2175 2945 2228 τοίνυν
2997 2173 3232 2227 ινταῦθα
3276 2176 3305 2228 δ
3359 2175 3566 2244 Κύριος
3616 2174 3695 2244 τῷ
3742 2176 3958 2245 σώματι
4004 2175 4082 2239 ὡς

2501 2268 2671 2335 πλοίῳ
2699 2269 3048 2338 χρησάμενος
3082 2284 3095 2297 ·
3127 2262 3231 2339 ἦκε
3255 2267 3314 2320 δὲ
3341 2269 3559 2331 πάντως
3586 2270 3681 2319 ἐπὶ
3714 2269 3963 2337 σωτηρίᾳ
3978 2268 4085 2335 τῆς

2504 2365 2849 2434 παρειμένης
2898 2366 3009 2417 τῶν
3059 2363 3378 2433 ξάνθρώπων
3431 2366 3667 2435 φύσεως.
3730 2366 3850 2435 ἥτις
3899 2361 3972 2436 ἦν
4027 2366 4086 2417 ὲν

2503 2459 2663 2529 ὑγεία
2696 2460 2823 2511 ποτὲ
2850 2460 3038 2527 νοητῇ,
3070 2454 3184 2510 οἷον
3214 2458 3325 2511 τῶν
3356 2460 3565 2528 νεύρων
3609 2458 3716 2510 τῶν
3765 2460 3863 2528 τῆς
3901 2459 4087 2529 ψυχῆς

2504 2551 2589 2602 ἐπ’
2644 2552 2853 2620 ἀρετῆς
2910 2553 3232 2620 κινημάτων
3286 2552 3456 2619 ὑγιῶς
3536 2554 3628 2605 καὶ
3706 2552 3848 2603 κατὰ
3918 2551 4089 2619 φύσιν

2508 2645 2767 2711 ἐχόντων,
2820 2644 2975 2695 Ἐπεὶ
3016 2644 3097 2708 δὲ,
3139 2644 3233 2697 τοῦ
3291 2643 3693 2713 ἐπιθυμητικοῦ
3748 2643 3859 2695 τῶν
3908 2642 4091 2695 ἄλλων

2505 2736 2907 2806 κρατήσαντος,
2944 2736 3044 2803 τῆς
3081 2734 3420 2804 λαιμαργίας
3452 2734 3781 2806 ὲνεφορὴθη,
3839 2734 3937 2785 καὶ
3991 2733 4090 2801 τῆς

2505 2826 2695 2891 ὑγείας
2721 2826 2975 2891 ἐξέπεσε,
3025 2826 3088 2878 τδ
3135 2825 3371 2888 νοσῶδες
3401 2828 3563 2878 τοῦτο
3590 2826 3785 2896 χωρίον
3836 2824 3935 2876 καὶ
3968 2826 4092 2875 ἐπι-

2506 2919 2759 2973 θανάτιον
2823 2918 3223 2987 ἐκληρώσατο,
3275 2917 3576 2986 φροντίδων
3634 2919 3866 2985 φορυτὸν
3914 2916 4094 2983 ἑαυτῇ

2507 3012 2931 3083 συναγείρουσα,
2972 3011 3041 3065 δι’
3075 3009 3152 3065 ῶν
3202 3013 3468 3082 κλινήρης
3496 3012 3735 3079 ἐγένετο,
3782 3011 4098 3080 παρεθεῖσα

2506 3103 2576 3154 τὰ
2618 3101 2759 3170 μέλη
2793 3102 2895 3169 τῆς
2931 3102 3053 3154 κατ’
3088 3102 3294 3171 ἀρετὴν
3325 3101 3613 3168 ἐργασίας.
3659 3101 3746 3151 Ἐν
3775 3100 3831 3150 δὲ
3860 3100 3943 3168 τῷ
3992 3102 4099 3167 τῆς

823 3196 1017 3248 missos
1070 3203 1216 3246 artus
1267 3194 1488 3245 habere.
1541 3191 1616 3244 lta
1650 3191 1703 3241 in
1738 3190 1945 3243 inertia:
1971 3191 2199 3259 grabato
2236 3192 2397 3245 decu-

2509 3194 2789 3263 ἀπραξίας
2831 3192 3093 3262 ἐϐέϐλητο
3138 3192 3425 3261 σκίμποδι,
3466 3191 3571 3243 ὑπὸ
3612 3190 3899 3259 τεσσάρων
3940 3192 4100 3258 αἰρο-

826 3286 973 3350 buit;
997 3296 1046 3338 et
1072 3302 1097 3333 a
1131 3294 1366 3351 quatuor
1392 3282 1727 3351 portabatur,
1756 3283 1857 3334 hoc
1889 3291 1972 3334 est
2000 3290 2249 3334 naturam
2275 3298 2405 3335 con-

827 3376 1175 3431 stituentibus
1203 3374 1507 3426 elementis.
1553 3372 1710 3425 Venit
1768 3374 1938 3443 igitur
1989 3374 2404 3440 benignissimus

827 3467 1088 3521 Dominus
1119 3466 1171 3519 in
1212 3466 1350 3519 hanc
1386 3476 1604 3528 terram,
1640 3465 1782 3517 velut
1813 3464 1864 3517 in
1893 3464 2164 3518 civitatem
2202 3480 2351 3517 snam
2389 3482 2403 3515 ι

831 3573 1007 3627 neque
1044 3558 1192 3612 enim
1227 3558 1279 3610 in
1307 3557 1483 3609 alieno
1515 3567 1675 3610 natus
1715 3564 1795 3609 est
1831 3555 2052 3617 mundo,
2100 3554 2194 3609 sed
2228 3556 2278 3605 in
2318 3570 2404 3618 eo,

828 3667 988 3720 quem
1024 3649 1319 3702 lahricatns
1370 3658 1453 3701 est
1487 3647 1601 3716 ipse
1652 3664 1665 3699 :
1728 3665 1745 3696 ι
1788 3645 1853 3699 Et
1891 3647 1941 3698 in
1974 3648 2189 3714 propria
2240 3648 2403 3708 venit,

831 3744 1004 3811 inquit
1052 3742 1307 3803 Joannes,
1363 3748 1416 3792 ct
1461 3738 1541 3789 sui
1588 3752 1708 3789 eum
1766 3752 1868 3789 non
1927 3747 2247 3803 receperunt
2276 3736 2343 3789 ⁸⁸.
2382 3756 2401 3786 ι

830 3836 987 3891 Venit
1018 3834 1339 3901 prwdiCans,
1375 3832 1529 3899 juxta
1568 3827 1759 3882 Isaiam
1792 3829 1835 3859 "
1866 3830 2098 3896 captivis
2141 3829 2409 3882 remissio-

835 3942 956 3980 nem
1008 3932 1375 3994 pcccatorum,
1408 3933 1462 3975 et
1508 3936 1704 3975 sanare
1751 3922 2038 3980 contritos,
2085 3931 2194 3973 tum
2229 3922 2407 3988 quoad

833 4018 1100 4084 corporis,
1136 4026 1245 4067 tum
1278 4016 1454 4082 quoad
1484 4013 1679 4067 animae
1704 4014 1941 4065 membra
1966 4014 2240 4067 :concinit
2265 4014 2405 4066 enim

835 4108 1060 4161 historia
1094 4122 1213 4158 cum
1253 4106 1533 4173 prophetia
1586 4104 1887 4172 juhensque
1926 4106 2213 4157 humanam
2256 4114 2412 4157 nats-

834 4213 950 4251 ram
983 4212 1076 4264 per
1108 4208 1455 4265 peccatorum
1489 4196 1886 4256 remissionem,
1931 4198 2412 4265 purgationemque

835 4289 1085 4343 vitiorum
1119 4288 1231 4356 (ιο)
1273 4305 1301 4341 a
1346 4289 1494 4357 lapsu
1533 4302 1837 4355 resurgere,
1878 4298 1932 4342 et
1968 4304 2191 4357 propere
2220 4292 2413 4343 vadere

839 4380 891 4432 in
917 4380 1131 4433 domum
1160 4395 1335 4443 suam,
1380 4383 1477 4433 hoc
1506 4391 1609 4443 est,
1652 4379 1807 4449 137
1845 4382 1895 4432 itt
1931 4382 2237 4447 paradisum
2276 4382 2415 4433 unde

780 4480 797 4507 ο
840 4471 1136 4524 deciderat.
1164 4471 1337 4538 Atque
1370 4471 1444 4523 ita
1477 4472 1690 4539 quidem
1722 4473 1947 4524 historia
1974 4471 2138 4524 totius
2165 4472 2413 4525 humana:

2513 3285 2673 3353 μένη,
2706 3285 2816 3336 τῶν
2836 3284 3177 3337 συστατικῶν
3198 3283 3401 3352 δηλαδὴ
3426 3282 3709 3350 στοιχείων
3724 3282 3822 3349 τῆς
3845 3281 4101 3347 φύσεως.

2506 3372 2713 3429 Ἦλθεν
2745 3376 2837 3429 οῦν
2870 3381 2897 3430 ὀ
2938 3376 3256 3445 πανάγαθος
3290 3376 3569 3443 Δεσπότης
3620 3376 3701 3437 είς
3748 3374 3884 3426 ἰδίαν
3936 3374 4104 3425 πόλιν

2509 3469 2607 3537 τὴν
2636 3470 2762 3536 γῆν.
2815 3469 2889 3521 Οὐ
2940 3469 3052 3537 γὰρ
3098 3471 3155 3520 ὲν
3199 3467 3472 3537 ἀλλοτρίῳ
3505 3467 3694 3533 γέγονε
3724 3467 3941 3533 κόσμῳ,
3980 3465 4103 3517 ἀλλ’

2509 3561 2568 3611 ὃν
2598 3561 2763 3623 αὐτὸς
2792 3562 3191 3631 συνεστήσατο.
3236 3578 3254 3611 ι
3298 3560 3410 3611 Καὶ
3443 3561 3522 3621 είς
3554 3559 3621 3610 τὰ
3652 3557 3760 3610 ἴδια
3796 3554 3991 3626 ἦλθεν,
4028 3560 4106 3621 ῶς

2514 3668 2681 3718 φησιν
2722 3650 2995 3717 Ἰωάννης,
3036 3650 3133 3701 καὶ
3165 3652 3213 3701 οἱ
3250 3650 3375 3702 ῐδιοι
3412 3650 3580 3701 αὑτὸν
3618 3649 3720 3699 οὐκ
3751 3647 4040 3712 ἐδέξαντο.
4083 3669 4100 3699 ι

2508 3741 2682 3797 Ὶίλθε
2746 3743 3008 3813 κηρύξαι,
3070 3743 3215 3795 κατὰ
3278 3743 3367 3793 τὸν
3415 3743 3667 3803 Ἡσαΐαν,
3719 3741 4108 3809 αἰχμαλώτοις

2511 3836 2800 3905 ἁμαρτιῶν
2840 3835 3058 3903 ἄφεσιν,
3095 3835 3191 3888 καὶ
3223 3832 3481 3887 ίάσασθαι
3524 3834 3650 3893 τοὺς
3689 3836 4111 3901 συντετριμμέ-

2510 3948 2634 3994 νους
2662 3932 2732 3984 τά
2758 3949 2821 3985 τε
2848 3931 3141 4001 σωματικὰ
3190 3932 3327 4001 μέλη
3378 3934 3471 3985 καὶ
3497 3930 3565 3983 τὰ
3608 3931 3815 4001 ψυχικά
3848 3932 4108 4002 (συνᾴδει

2511 4022 2622 4090 γὰρ
2658 4023 2692 4090 ή
2749 4021 2962 4089 ἱστορία
3010 4023 3076 4091 τῇ
3120 4022 3453 4091 προφητείᾳ)
3504 4037 3520 4051 ·
3569 4022 3665 4072 καὶ
3714 4022 3800 4072 διὰ
3851 4024 3954 4088 τῆς
3996 4022 4112 4072 τῶν

2513 4113 2803 4181 ἁμαρτιῶν
2828 4113 3079 4181 ἀφέσεως
3129 4114 3222 4165 καὶ
3249 4114 3350 4181 τῆς
3378 4113 3488 4165 τῶν
3525 4115 3850 4181 νοσημάτων
3879 4112 4114 4181 καθάρ-

2516 4222 2657 4267 σεως
2692 4204 2897 4257 πείθων
2948 4206 3051 4275 τὴν
3088 4204 3253 4273 φύσιν
3286 4204 3394 4256 τῶν
3441 4203 3747 4271 ἀνθρώπων
3790 4205 4115 4273 ἀναστῆναι

2514 4297 2609 4351 τοῦ
2669 4298 3002 4365 πτώματος,
3059 4297 3153 4349 καὶ
3196 4295 3437 4366 βαδίζειν
3482 4295 3649 4358 ὀξέως
3677 4296 3757 4355 εἰς
3803 4293 3895 4344 τὸν
3950 4292 4117 4344 οἷκον

2516 4388 2690 4458 αὐτῆς
2721 4387 2814 4441 τὸν
2849 4387 3186 4457 παράδεισον
3212 4384 3274 4451 ὲξ
3302 4381 3475 4455 οῦπερ
3508 4383 3891 4437 ἐκπέπτωκεν.
3942 4382 4117 4434 Οὖῖω

2523 4480 2622 4550 μὲν
2644 4478 2745 4549 τὴν
2778 4477 3059 4548 σωτηρίαν
3080 4480 3113 4545 ή
3140 4478 3355 4546 ἱστορία
3384 4480 3485 4544 τῆς
3511 4477 3639 4543 ὅλης
3664 4475 3771 4526 τῶν
3788 4476 4118 4545 ἀρθρώπων

841 4570 1047 4615 natum
1075 4562 1304 4616 salutem
1338 4561 1645 4625 adumbrat,
1678 4562 1809 4617 nihil
1837 4578 1964 4616 vero
2000 4564 2245 4631 impedit.
2277 4578 2397 4631 quo-

2523 4569 2824 4622 αἰνίττεται
2856 4568 3095 4637 φύσεως.
3123 4566 3341 4620 Κωλύει
3365 4567 3422 4619 δὲ
3451 4566 3607 4618 οὐδὲν
3638 4566 3731 4616 καὶ
3759 4567 3838 4627 εἰς
3868 4566 4119 4627 ἑαυτοὺς

844 4650 1023 4705 minus
1052 4652 1117 4705 ad
1149 4652 1389 4721 singulos
1422 4663 1664 4709 nostrum
1694 4670 1812 4708 eam
1844 4657 2212 4709 traducamus.
2247 4654 2413 4709 Para-

842 4742 1040 4813 lyticus
1099 4745 1244 4799 enim
1292 4756 1377 4801 est
1420 4747 1790 4817 unusquisque
1842 4758 2119 4811 nostrum,
2174 4763 2295 4802 cum
2359 4751 2409 4801 in

844 4841 1203 4907 exsequendis
1282 4840 1549 4894 mandatis
1610 4841 1895 4895 remissum
1938 4841 2178 4893 animum
2231 4841 2409 4910 gerit:

917 4995 1141 5053 "Joan.
1174 5013 1232 5061 tt,
1263 4999 1314 5053 1.
1390 4998 1437 5031 ⁸⁸
1459 4996 1613 5054 Joan.
1652 5015 1691 5064 ι,
1733 4999 1819 5051 tl.
1895 4999 1939 5029 "
1970 4999 2071 5052 lsa.
2106 5014 2215 5061 ut,
2242 4998 2297 5052 2.

2522 4660 2728 4729 ταύτην
2769 4661 3125 4729 μεταγαγεῖν.
3163 4658 3478 4729 Παράλυτος
3513 4661 3620 4727 γάρ
3668 4661 3816 4709 ἐστιν
3869 4657 4120 4717 ἕκαστος

2523 4751 2682 4819 ἡμῶν
2711 4752 2779 4819 τῇ
2814 4750 2922 4802 τῶν
2953 4749 3188 4802 ἐντολῶν
3234 4747 3481 4818 ἀπραξίᾳ
3521 4748 3612 4799 τὸν
3646 4745 3773 4799 νοῦν
3809 4747 4119 4816 παρεθεὶς,

2522 4844 2618 4895 καὶ¹
2653 4843 2749 4895 ἐπὶ
2782 4842 2880 4899 τοῦ
2929 4842 3028 4911 τῆς
3075 4839 3437 4911 ἀναισθησίας
3477 4842 3731 4909 κείμενος
3768 4838 4118 4909 σκίμποδος,

2072 5138 2396 5200 Francisci
2428 5139 2640 5201 Scorsi
2673 5147 2859 5231 nota.

921 5286 999 5363 (8)
1042 5284 1334 5363 §ecundu_m
1360 5288 1707 5363 _)_l_ntthwum.
1738 5290 1801 5345 C.
1836 5292 1895 5344 P.
1932 5292 1995 5343 Ἡ
2027 5292 2169 5345 κατὰ
2201 5294 2307 5363 μὲν
2332 5294 2423 5347 τὸν

852 5358 1150 5431 Ματ-θαῖον.
1216 5359 1309 5411 καὶ
1359 5360 1593 5431 Μάρκον
1648 5363 2022 5431 Καπερναούμ
2080 5358 2227 5416 :sed
2278 5362 2421 5416 illam

855 5427 1228 5499 S.7Matthteus
1262 5427 1517 5495 expresI~e
1563 5427 1941 5497 Capharnaum
1986 5427 2110 5484 'non
2168 5434 2423 5499 appellat,

854 5498 949 5550 so~d
998 5497 1270 5550 civitatem
1327 5500 1553 5561 Christi,
1589 5502 1769 5553 verior
1806 5509 1859 5552 et
1898 5497 2212 5567 seriptnra,
2242 5497 2300 5554 et
2337 5519 2426 5557 res

856 5569 968 5633 ipsa
1005 5575 1058 5618 tt
1092 5583 1251 5638 verax
1284 5572 1524 5621 auctoris
1558 5584 1736 5621 sermo
1769 5585 1830 5623 ex
1865 5585 1914 5622 c.
1951 5570 2017 5625 G.
2058 5570 2121 5622 Ἡ
2158 5572 2300 5623 κατὰ
2329 5573 2427 5638 μὲν

853 5638 944 5707 τὸν
974 5636 1250 5689 Ματθαῐον
1304 5637 1457 5699 πόλις
1514 5638 1608 5691 τοῦ
1653 5639 1851 5707 Ἰησοῦ,
1879 5643 2021 5693 κατὰ
2051 5640 2108 5692 δὲ
2136 5641 2230 5693 τὸν
2284 5636 2426 5693 θεῖον

856 5706 1080 5773 Μάρκον
1125 5708 1549 5829 ιΚόιᾶτερναούιι..
1620 5706 1854 5763 Consule
1940 5726 2059 5779 qua:
2106 5712 2251 5764 dicta
2300 5721 2427 5764 sunt

857 5792 1015 5829 ‘KISDI‘H
1052 5794 1116 5827 120
1150 5817 1162 5829 .
1270 5820 1282 5829 .

857 5792 1015 5836 supra
1052 5785 1162 5829 nol.
1193 5785 1282 5832 UU.

928 5846 1001 5911 (9}
1062 5845 1542 5911 Reconciliationis.
1606 5850 1981 5919 Καπςρναοίιμ
2038 5852 2157 5906 sine
2214 5851 2422 5919 at-pirttv

2528 5296 2672 5349 tione
2714 5296 2888 5350 Graeci
2944 5297 3151 5357 dicunt,
3184 5311 3343 5363 quam
3375 5293 3602 5348 Latinus
3646 5291 3870 5359 apponit
3932 5292 4127 5347 inter-

2527 5381 2672 5431 prcs,
2707 5382 2829 5419 cum
2862 5365 3241 5431 Capharnanm
3304 5368 3480 5427 vertit,
3533 5374 3586 5416 et
3635 5376 3899 5430 pra-terea
3928 5380 3957 5413 ε
4002 5369 4058 5417 in
4093 5385 4128 5417 α

2527 5447 2721 5488 mntat.
2772 5436 3035 5489 Hebraice
3071 5443 3297 5495 cna-na
3337 5437 3691 5501 compositum
3740 5448 3767 5483 a
3804 5441 3928 5489 ﬁs:
3966 5440 4128 5500 quod

2529 5505 2735 5568 villam,
2771 5521 2863 5557 seu
2895 5509 3097 5565 vicum,
3126 5522 3219 5558 seu
3256 5520 3467 5571 agrum,
3500 5514 3551 5556 et
3589 5513 3699 5562 an:
3738 5508 3885 5569 quod
3936 5508 4131 5569 pte-ii-

2528 5582 2639 5627 tere
2662 5586 2715 5627 et
2746 5576 3023 5638 pmnitndu
3052 5577 3273 5629 mutatis
3303 5575 3539 5643 punctis,
3566 5586 3728 5640 atque
3764 5578 3910 5643 adeo
3942 5578 4127 5625 etiam

2532 5648 2915 5707 reconciliatio,
2940 5654 3095 5712 prout
3121 5642 3313 5699 noster
3333 5648 3740 5711 interpretatum
3768 5642 3885 5693 vult

2604 5714 2715 5783 (10)
2750 5713 3229 5781 l’urgutiommque
3255 5717 3519 5767 vitiorum.
3546 5712 3656 5766 Καὶ
3677 5712 3773 5779 τῆς
3800 5712 3916 5762 τῶν
3952 5730 4133 5782 νοτη-

2534 5783 2719 5851 μάτων
2771 5783 3093 5853 καθάρσεως
3124 5801 3189 5838 ex
3223 5800 3273 5837 ι’.
3304 5784 3369 5838 G.
