4190 6436
739 396 852 460 ι95

1933 394 2425 455 TIIEOi‘HANlS
2464 396 2805 456 CERAMEI

3893 400 3999 464 496

742 510 1096 564 humanitatts
1119 522 1212 577 spe
1244 516 1545 577 caperetur.
1580 506 1775 561 Videtis
1797 507 1941 561 enim
1976 508 2294 564 Salvatoren

2420 512 2826 582 χειρώσασθαι,
2890 510 3077 566 τοῦτον
3126 512 3439 583 ἐπεθύμησε
3489 514 3682 584 λύτρον
3736 516 3856 569 ἀντὶ
3906 537 4001 570 του

740 614 901 667 supra
966 610 1212 653 naturam
1272 600 1529 654 miracula
1592 611 1954 666 operantem,
2026 610 2310 671 postquam

729 706 861 745 eum
890 693 1112 744 adortus
1154 705 1249 759 per
1287 700 1565 759 peccatum
1607 690 1764 761 155
1813 694 2064 763 subigere
2094 696 2314 746 minime

737 784 935 852 potuit,
966 798 1088 835 eum
1147 783 1409 851 appetivit
1466 784 1719 853 accipere
1789 786 2018 855 pretium
2081 802 2177 855 pro
2226 801 2316 839 ca-

738 876 904 944 ptivo.
931 872 1119 927 Tradit
1166 875 1327 943 igitur
1377 875 1491 944 ipse
1513 877 1748 943 seipsum
1799 876 2027 944 pretium
2072 877 2138 929 ad
2172 879 2313 931 redi-

735 965 986 1019 mendum
1021 978 1167 1027 eum,
1189 964 1282 1033 qui
1315 965 1569 1019 redaCtus
1609 963 1787 1018 fuerat
1814 966 1863 1018 in
1894 967 2233 1029 servitutem,
2257 975 2314 1020 ut

731 1071 832 1125 per
865 1065 1089 1110 mortem
1136 1067 1190 1111 et
1233 1059 1686 1113 resurrectionem
1732 1058 1987 1113 liberaret
2019 1059 2071 1113 in
2111 1058 2311 1113 infero-

730 1163 850 1201 rum
878 1148 1120 1201 custodia
1153 1149 1461 1204 conclusos.
1500 1147 1662 1203 Omni
1699 1150 1861 1219 igitur
1897 1150 2071 1219 pretio
2113 1152 2310 1205 tradito

728 1238 777 1290 ci
811 1237 903 1306 qui
952 1239 1225 1291 detinebat
1252 1237 1388 1307 (57),
1430 1248 1485 1292 et
1538 1244 1813 1306 rettempto
1854 1255 1917 1293 eo
1963 1240 2052 1307 qui
2102 1241 2311 1293 detine-

722 1327 909 1392 batur,
956 1330 1176 1397 sanguis
1232 1328 1433 1383 Christi
1473 1331 1690 1383 divinus
1744 1332 2006 1384 servitute
2064 1331 2309 1398 captivos

719 1422 962 1485 exemit;
1000 1433 1055 1472 at
1088 1436 1192 1473 non
1225 1436 1346 1474 eum
1382 1432 1663 1491 tyrannus,
1697 1424 1790 1493 sed
1821 1421 1960 1489 ejus,
1991 1424 2080 1492 qui
2114 1425 2305 1476 immr-

722 1514 869 1569 latus
923 1527 1028 1577 est,
1085 1515 1248 1570 Pater
1308 1516 1568 1584 accepit;
1629 1526 1791 1584 atque
1853 1521 1955 1572 hoc
2007 1515 2307 1587 theologica

722 1606 901 1675 lingua
932 1608 1045 1677 (58)
1084 1608 1370 1662 manifeste
1428 1607 1666 1662 declarat
1696 1625 1711 1662 :
1743 1610 1971 1678 Accipit,
2029 1611 2311 1678 inquiens,

719 1714 973 1766 magnum
1000 1698 1305 1752 etnobilem
1338 1701 1655 1768 sanguinem
1684 1699 1866 1763 Pater,
1895 1716 2001 1752 non
2040 1703 2180 1768 quod
2215 1716 2308 1768 pe-

721 1789 887 1854 tierit,
924 1801 1013 1842 aut
1039 1805 1103 1844 eo
1130 1806 1265 1859 opus
1297 1792 1570 1856 habuerit,
1606 1793 1699 1846 sed
1735 1802 1959 1861 propter
2007 1793 2295 1846 consilium

2424 598 2790 674 κατεχομένου
2834 604 3043 657 λαϐεῖν.
3082 606 3309 659 Δίδωσιν
3344 602 3436 659 οὖν
3471 607 3630 670 αὐτὸς
3670 609 3866 661 ἑαυτὸν
3907 611 4004 663 τοῦ

2418 695 2925 765 δουλαγωγηθέντος
2971 697 3316 767 ἀντίλυτρον,
3358 697 3446 750 διὰ
3486 697 3581 750 τοῦ
3628 698 3859 752 θανάτου
3907 700 4007 752 καὶ

2418 787 2516 856 τῆς
2562 788 2832 857 ὲγέρσεως
2876 786 3243 856 ἐλευθερῶσαι
3286 789 3411 850 τοὺς
3459 789 3895 859 καθειργμένους
3941 793 4003 844 ὲν

2418 881 2485 949 τῇ
2514 877 2607 931 τοῦ
2639 878 2766 948 ᾄδοι)
2802 879 2997 950 φθορᾷ.
3030 878 3238 942 Παντὸς
3270 879 3327 931 δὲ
3359 878 3557 950 λύτρου
3587 880 3868 950 διδομένου
3901 882 4004 949 μὲν

2418 970 2497 1039 τῷ
2533 970 2848 1040 κατέχοντι,
2885 973 2979 1023 καὶ
3013 971 3377 1042 λυτρουμένου
3413 971 3504 1023 τὸν
3538 972 3905 1041 κατεχόμενον
3940 973 4003 1026 τὸ

2417 1062 2510 1116 τοῦ
2542 1062 2778 1133 Χριστοῦ
2813 1062 3088 1116 θειότατον
3116 1058 3255 1132 αἷμα
3296 1062 3533 1129 ἐξείλετο
3582 1064 3682 1133 μὲν
3714 1064 3839 1126 τοὺς
3871 1082 4006 1116 κατ-

2416 1153 2813 1223 εχομένους,οὐ
2860 1154 2967 1221 μὴν
3005 1154 3218 1222 εἰλήφει
3242 1152 3401 1207 τοῦτο
3437 1155 3466 1207 ὁ
3507 1153 3787 1221 τύραννος.
3827 1155 3945 1207 ἀλλ’
3976 1155 4005 1206 ὁ

2414 1250 2509 1297 τοῦ
2553 1245 2804 1305 τυθέντος
2857 1247 3047 1314 Πατήρ
3078 1266 3091 1275 ·
3135 1246 3228 1297 καὶ
3269 1244 3427 1297 τοῦτο
3478 1246 3667 1312 σαφῶς
3712 1248 4004 1316 θεολογικὴ

2410 1336 2633 1403 γλῶσσα
2663 1337 2943 1406 διατρανοῖ
2964 1376 2977 1401 ,
3012 1336 3317 1405 Λαμόάνει,
3349 1337 3605 1403 λέγουσα,
3638 1340 3697 1391 τὸ
3729 1341 3871 1409 μέγα
3902 1344 4005 1393 καὶ

2411 1426 2738 1493 περιϐόητον
2772 1424 2912 1495 αἷμα
2947 1428 2974 1479 ὁ
3008 1426 3220 1496 Πατὴρ,
3254 1429 3354 1480 οὐκ
3392 1430 3647 1497 αἰτήσας,
3696 1430 3818 1483 οὐδε
3867 1433 4001 1500 δεη-

2411 1516 2550 1579 θεὶς,
2583 1516 2719 1569 ἀλλά
2752 1517 2840 1569 διὰ
2871 1520 2967 1587 τὴν
2998 1518 3346 1587 οἰκονομίαν,
3378 1522 3474 1573 καὶ
3503 1522 3564 1573 τὸ
3598 1521 3793 1590 χρῆναι
3829 1524 4001 1590 ἁγια-

2411 1604 2603 1674 σθῆναι
2638 1606 2714 1675 τῷ
2752 1606 3081 1677 ἀνθρωπίνῳ
3113 1608 3211 1660 τοῦ
3248 1609 3384 1661 Θεοῦ
3419 1609 3510 1660 τὸν
3546 1610 3867 1680 ἄνθρωπον,
3906 1612 4001 1664 ἵνα

2406 1700 2566 1762 αὐτὸς
2601 1700 2745 1768 ἡμᾶς
2776 1700 3025 1768 ἐξέληται
3052 1699 3145 1752 τοῦ
3174 1701 3437 1771 τυράννου
3471 1700 3561 1772 βία
3594 1705 3997 1771 κρατήσαντος.

2406 1789 2564 1843 Οὕτω
2604 1792 2696 1842 τὸν
2738 1791 2932 1862 ἐχθρδν
2976 1792 3302 1863 εὐμηχάνως
3340 1810 3401 1845 τε
3446 1794 3560 1864 ἅμα
3626 1796 3721 1847 καὶ
3768 1796 3998 1861 δικαίως

717 1890 771 1934 et
816 1880 1369 1948 administrationem,
1423 1894 1478 1936 et
1524 1884 1649 1952 quia
1698 1900 1792 1949 per
1840 1884 2229 1937 humanitatem
2270 1901 2298 1938 a

2405 1883 2750 1949 καταϐαλὼν,
2777 1886 2876 1954 τῆς
2905 1887 3025 1939 κατ’
3051 1885 3219 1941 αὑτοῦ
3245 1885 3401 1955 νίκης
3430 1889 3709 1955 ὑπέδειξεν
3733 1892 3865 1959 ἡμῖν
3890 1892 3997 1961 τὴν

716 1975 827 2027 Deo
862 1982 1191 2042 assumptam
1246 1974 1449 2028 homini
1489 1976 1834 2029 sanctitatem
1868 1974 2048 2030 atlerri
2086 1988 2301 2044 Oporte-

716 2065 827 2128 bat,
862 2074 919 2116 ttt
956 2066 1069 2132 ipse
1110 2081 1207 2121 nos
1238 2084 1265 2119 a
1301 2076 1553 2136 tyranno,
1583 2068 1674 2135 qui
1722 2084 1815 2137 per
1850 2070 1955 2121 vim
2009 2084 2109 2123 nos
2160 2070 2299 2123 deti-

714 2157 900 2221 nebat,
939 2156 1221 2212 liberaret.
1257 2157 1329 2211 lta
1364 2173 1488 2213 cum
1521 2159 1799 2227 inimicum
1859 2163 2082 2215 dextere
2142 2161 2302 2216 simul

714 2259 771 2302 et
808 2248 955 2317 juste
987 2252 1371 2318 Oppressisset,
1410 2252 1549 2304 viam
1593 2253 1749 2305 nobis
1786 2253 1972 2307 itidem
2020 2269 2301 2307 eommon-
2347 2293 2351 2296 .

718 2345 934 2409 stravit,
979 2361 1085 2414 qua
1130 2346 1352 2400 vincere
1408 2348 1581 2415 ipsum
1629 2363 1950 2416 possemus:
1996 2349 2149 2415 cujus
2199 2364 2293 2403 ve-

712 2437 888 2504 stigiis
917 2437 1234 2492 insistentes
1265 2439 1640 2492 adversarium
1678 2451 1919 2494 nostrum
1963 2444 2210 2497 oratione
2240 2454 2293 2498 et
2323 2467 2329 2472 -

707 2529 916 2597 jejunio
945 2545 1206 2602 superare
1256 2546 1542 2585 conemur.
1575 2532 1638 2585 Et
1689 2533 1829 2587 sicut
1876 2535 1961 2586 ille
1997 2549 2089 2601 per
2120 2535 2294 2602 inglu-

712 2622 853 2675 viem
907 2637 1006 2676 nos
1061 2622 1277 2693 subegit
1309 2639 1547 2692 suosque
1597 2640 1783 2678 servos
1849 2626 2066 2692 etIeeit;
2126 2627 2198 2679 ita
2240 2636 2295 2679 et

712 2730 814 2768 nos
864 2725 1125 2782 tropaeum
1161 2717 1226 2770 de
1256 2718 1373 2785 ipso
1401 2718 1572 2770 armis
1627 2718 1924 2772 contrariis
1972 2728 2295 2771 statuamus.

712 2806 1065 2860 Considerate
1085 2807 1185 2861 hoc
1209 2806 1409 2861 luteum
1436 2824 1629 2877 corpus
1654 2811 1822 2863 instar
1844 2810 2089 2878 caliginis
2105 2810 2299 2862 anima:

711 2894 1132 2959 circumfusum,
1169 2897 1237 2950 oh
1268 2898 1494 2951 vetitum
1531 2898 1710 2951 cibum
1741 2912 1957 2968 gravem
1990 2899 2131 2951 hanc
2155 2913 2297 2952 eras-

707 2988 891 3042 siticm
929 2988 1270 3043 contraxisse
1299 2987 1437 3061 (59).
1472 2990 1686 3045 Etenim
1720 3001 1845 3047 ante
1873 2989 2297 3046 iuobedientiam

2400 1974 2540 2043 ὁδὸν,
2571 1970 2615 2043 ᾧ
2644 1976 2710 2045 δὴ
2745 1979 2867 2028 κατ’
2897 1976 3043 2045 ῐχνος
3074 1976 3497 2042 ἀκολουθοῦντες
3530 1980 3617 2032 διὰ
3678 1984 3998 2053 προσευχῆς

2400 2066 2497 2119 καὶ
2513 2067 2794 2135 νηστείας,
2816 2067 3164 2139 ἐπειχθῶμεν
3195 2063 3603 2123 καταπαλαίσαι
3629 2073 3721 2124 τὸν
3746 2074 3994 2125 ἀντικεί-

2405 2176 2585 2229 μενον.
2622 2160 2733 2213 Kal.
2771 2160 2959 2231 ὠσπερ
2998 2162 3208 2225 ἐκεῖνος
3242 2160 3330 2216 διὰ
3364 2162 3605 2233 λιχνείας
3648 2166 3797 2235 ἡμᾶς
3839 2166 3994 2219 ἐδού-

2400 2253 2596 2315 λωσεν,
2629 2252 2833 2321 λάτρας
2866 2253 3059 2305 ἑαυτοῦ
3094 2254 3676 2324 ποιησάμενος,οὓτως
3708 2258 3871 2326 ἡμεῖς
3900 2259 3994 2313 διὰ

2397 2345 2508 2396 τῶν
2556 2345 2817 2398 ἐναντίων
2866 2344 3029 2397 αὑτὸν
3074 2348 3643 2418 κατατροποσώμεθα.
3683 2350 3878 2422 Ὁρᾶτε
3926 2352 3995 2405 τὸ

2402 2436 2560 2505 σῶμα
2600 2436 2757 2489 τοῦτο
2796 2439 2856 2489 τὸ
2906 2438 3151 2507 πήλινον,
3193 2440 3331 2508 ὅπερ
3376 2441 3689 2510 περίκειται
3726 2445 3791 2513 τῇ
3836 2444 3989 2516 ψυχῇ

2400 2528 2653 2599 καθάπερ
2683 2528 2851 2598 ἀχλὺς
2871 2569 2885 2593 ,
2917 2532 2980 2583 ἐκ
3011 2530 3109 2598 τῆς
3139 2532 3601 2601 ἁπηγορευμένης
3635 2534 3894 2604 βρώσεως
3922 2537 3992 2590 τὸ

2404 2622 2541 2692 βαρῦ
2571 2621 2729 2675 τοῦτο
2760 2623 2931 2691 πάχος
2965 2623 3202 2686 ἐδέξατο.
3238 2624 3350 2692 Πρὸ
3380 2626 3490 2695 γὰρ
3542 2626 3639 2694 τῆς
3672 2621 3984 2697 παρακοῆέ,

2395 2713 2591 2765 λεπτὸν
2625 2709 2692 2782 ἦν
2731 2714 2826 2767 καὶ
2863 2714 3125 2783 καθαρὸν,
3166 2715 3257 2766 καὶ
3293 2716 3499 2785 ἀέριον,
3536 2718 3631 2768 κα)⁵
3666 2710 3778 2768 οἷον
3813 2719 3990 2789 ἐχρῆν

2398 2806 2802 2874 συνυφανθῆναι
2836 2808 2905 2877 τῇ
2938 2805 3033 2858 τοῦ
3053 2805 3188 2858 Θεοῦ
3215 2807 3385 2859 εἰκόνι
3416 2810 3690 2877 προσφυὲς
3724 2810 3818 2862 καὶ
3848 2827 3990 2863 κατ-

2396 2898 2645 2966 άλληλον.
2689 2900 2863 2969 Ὅπερ
2907 2894 2999 2952 οὖν
3035 2900 3065 2969 ἡ
3115 2899 3422 2969 λαιμαργία
3457 2900 3726 2969 ὲπάχυνε,
3761 2901 3849 2954 διά
3880 2920 3985 2970 νη-

2400 2992 2580 3054 στείας
2611 2991 2986 3063 λεπτύνιιιμεν.
3006 2991 3120 3045 Νῦν
3147 2993 3253 3063 γὰρ
3272 2992 3346 3056 ὡς
3368 2992 3424 3046 ἐν
3454 2992 3817 3065 δεσμωτηρίῳ
3845 2996 3989 3051 καθ-

1943 3149 2266 3211 Francisci
2305 3149 2512 3210 Seorsi
2544 3157 2733 3211 notae.

783 3272 894 3341 (57)
955 3274 1058 3337 Qui
1123 3274 1407 3329 detinebat.
1473 3274 1564 3343 Τῷ
1629 3278 1941 3343 κατέχοντι,
1977 3273 2123 3326 Patri
2181 3273 2290 3328 Deo

2401 3283 2593 3325 natura
2621 3272 2880 3326 mortalis.
2905 3270 3027 3325 "me
3056 3272 3316 3325 Zonaras.
3353 3273 3425 3324 Ex
3456 3272 3650 3341 quibus
3673 3274 3820 3327 vides
3849 3290 3982 3331 eum

712 3344 1128 3413 intelligeﬁjuxta
1158 3345 1569 3413 expliCationem
1603 3346 1844 3409 ιιΙΙ.ιι;ι.ιι,
1880 3355 1992 3397 not.
2020 3343 2108 3397 55.

782 3412 896 3481 (58)
935 3412 1241 3483 Theologica
1266 3414 1469 3481 lingua.
1503 3414 1900 3466 Nazianzenum
1960 3413 2283 3482 Gregorium

718 3493 1076 3551 cognomento
1169 3484 1501 3552 'l‘heolognm
1590 3486 1775 3548 retert,
1860 3483 2017 3551 cujus
2105 3484 2279 3536 locum

716 3554 1073 3620 explicuimus
1098 3552 1231 3619 jam.
1278 3566 1391 3609 not.
1422 3554 1534 3614 55;
1591 3554 1668 3607 sic
1707 3562 1885 3606 autem
1928 3555 2206 3622 eleganter
2233 3562 2287 3606 et

712 3624 962 3692 oratorie
981 3624 1332 3692 Theophanes
1364 3623 1685 3691 Gregorimu
1714 3625 1863 3676 citat.
2127 3654 2148 3687 ι

785 3692 895 3760 (59)
926 3690 1173 3759 Corporis
1198 3690 1495 3746 crassitient
1533 3697 1877 3747 contraxisse.
1911 3692 2066 3745 Multi
2100 3692 2287 3748 Patres

711 3766 993 3829 utriusque
1030 3763 1224 3828 lingua:
1253 3764 1517 3830 ejusmodi
1562 3765 1737 3817 verbis
1765 3774 2012 3823 utuntur,
2050 3780 2174 3816 cum
2222 3764 2289 3817 de

712 3847 939 3899 corpore
968 3833 1122 3900 primi
1159 3833 1391 3886 hominis
1413 3847 1718 3887 sermonem
1752 3835 1972 3897 habent,
2018 3837 2214 3900 quibus
2237 3843 2291 3886 et

709 3901 799 3955 hic
834 3899 1193 3968 Theophanes
1232 3921 1243 3954 :
1289 3905 1379 3970 qui
1417 3914 1593 3954 tamen
1629 3914 1773 3956 recte
1810 3899 2286 3969 suntexplicandi.

710 3970 947 4023 Chorum
1007 3972 1164 4025 ducat
1216 3971 1380 4039 Greg.
1437 3971 1690 4026 Nazianz.
1747 3973 1837 4039 qui
1881 3972 2137 4032 orat.27,
2171 3989 2288 4039 qua:

710 4043 882 4093 estde
904 4041 1151 4102 Nativit.,
1178 4044 1264 4094 ubi
1301 4058 1422 4095 cum
1458 4046 1520 4093 tle
1562 4045 1801 4110 pelliceis
1836 4043 2056 4103 tunicis,
2092 4045 2290 4109 quibus

708 4112 914 4174 primos
938 4122 1191 4176 parentes
1222 4123 1339 4179 po-t
1367 4125 1644 4178 peccatum
1684 4112 1930 4165 amicivit
1985 4114 2142 4172 Dens,
2210 4113 2289 4165 sic

710 4183 787 4231 ait
822 4197 834 4229 :
897 4182 1006 4232 Καὶ
1046 4181 1140 4231 τοῦ
1168 4180 1301 4233 Θεοῦ
1328 4182 1415 4232 διὰ
1450 4183 1548 4241 τὴν
1578 4182 1777 4233 κακίαν
1824 4182 2101 4249 ὲξὸριστος
2138 4182 2289 4247 γίνε-

706 4263 818 4309 ται,
842 4252 937 4301 καὶ
969 4251 1094 4311 τοὺς
1119 4250 1474 4318 δερματίνους
1494 4252 1854 4318 ἀμφιέννυται
1884 4252 2137 4317 χιτῶνας,
2161 4252 2288 4311 lato;

708 4321 807 4385 τὴν
830 4324 1140 4389 παχυτέραν
1163 4322 1339 4388 σάρκα
1378 4320 1473 4389 καὶ
1495 4319 1713 4389 θνητὴν,
1737 4323 1827 4372 καὶ
1846 4321 2156 4372 ἀντίτυπον.
2179 4319 2289 4372 Hoc

710 4402 792 4440 est
825 4388 1115 4457 interprete
1140 4389 1324 4443 Btllto:
1346 4388 1410 4441 Et
1447 4389 1508 4441 ab
1538 4391 1645 4452 ipso
1669 4390 1773 4443 Deo
1791 4403 1999 4455 promer
2021 4402 2290 4455 peccatum

710 4458 948 4511 Adamus
990 4461 1263 4527 CIPClllllll'
1309 4472 1352 4512 et
1402 4459 1643 4528 pelliceas
1691 4462 1896 4512 tunicas
1939 4462 2135 4523 induit,
2194 4462 2291 4510 hoc

710 4540 784 4579 est
808 4529 1053 4595 fortasse,
1083 4532 1393 4582 crassiorem
1426 4545 1657 4596 carnem,
1677 4539 1723 4583 et
1748 4533 2044 4593 mortalem,
2084 4543 2129 4582 et
2155 4531 2289 4580 reni-

2397 3345 2677 3395 censuisse
2735 3358 2932 3409 corpus
2987 3346 3149 3394 Adam
3196 3344 3421 3394 alti-rius
3469 3343 3747 3409 cujusdam
3803 3346 3983 3402 fuisse

2393 3413 2746 3475 conditionis,
2777 3430 2936 3480 quam
2971 3428 3115 3465 nunc
3147 3413 3235 3465 sit.
3267 3413 3982 3477 Idemvidetursigniticare

2395 3482 2687 3536 Nectasin
2718 3494 3009 3535 comment.
3057 3488 3108 3532 ili
3155 3496 3291 3534 orat.
3348 3483 3656 3549 pr:etlit-tatn
3704 3482 3976 3540 Naztunz.

2394 3554 2481 3604 ubi
2522 3553 2699 3622 plures
2719 3552 2949 3603 allcrens
3008 3552 3334 3618 ittlt‘lllgCIttil
3370 3553 3582 3622 modos,
3619 3555 3759 3622 quod
3796 3556 3976 3610 Adam

2394 3620 2565 3673 nudus
2594 3622 2770 3675 dictus
2801 3634 2940 3673 esset
2968 3661 2981 3684 ,
3023 3623 3087 3674 ad
3121 3625 3231 3674 Inec
3264 3621 3539 3689 suhjungit
3573 3639 3585 3673 :
3616 3620 3809 3675 Nudus
3833 3640 3977 3690 erat,

2394 3706 2493 3742 non
2535 3700 2588 3743 ut
2633 3692 2809 3744 carnis
2878 3703 2924 3741 et
2968 3694 3197 3753 corporis
3264 3707 3465 3753 expers.
3519 3707 3693 3742 verum
3743 3702 3798 3743 ut
3853 3710 3976 3748 eam

2394 3770 2800 3825 temperaturam
2839 3777 2938 3812 non
2970 3762 3186 3822 habens,
3234 3777 3351 3824 qua:
3401 3762 3708 3812 crassiorem
3753 3778 3975 3816 carnem

2394 3830 2652 3893 redderet,
2701 3847 2760 3881 ac
2818 3832 3097 3882 contrariis
3167 3838 3215 3882 et
3263 3830 3569 3895 perniciosis
3618 3830 3975 3894 qualitatibus

2394 3900 2697 3951 distractam
2734 3911 2885 3967 atque
2911 3900 3208 3963 divulsam;
3236 3899 3391 3963 plane
3434 3900 3572 3951 enim
3624 3901 3698 3951 ἕνα
3768 3905 3973 3955 vivebat

2394 3981 2447 4019 ut
2498 3968 2682 4021 bonam
2732 3970 3086 4019 habitudinem
3136 3969 3427 4020 naturalem
3464 3969 3560 4034 ipsi
3615 3972 3977 4024 essentialiter

2395 4036 2622 4090 inditam
2655 4039 3063 4104 haudquaquam
3108 4038 3353 4105 efflaret,
3387 4054 3561 4089 rerum
3602 4042 3777 4089 eodem
3813 4049 3973 4095 modo

2394 4122 2447 4158 se
2494 4123 2695 4173 semper
2738 4108 2967 4171 haberet,
3015 4106 3206 4175 absque
3275 4110 3421 4173 fluxu
3453 4118 3605 4175 atque
3650 4108 3971 4177 inﬂexione,

2394 4177 2764 4245 continuaque,
2810 4180 2873 4228 ad
2918 4189 3191 4241 atrumque
3236 4177 3420 4227 horam
3465 4178 3745 4229 secundum
3794 4181 3974 4244 quali-

2396 4257 2563 4297 tatum
2594 4247 3025 4317 dominationem,
3076 4247 3407 4297 alteratione.
3437 4245 3559 4297 Haec
3602 4245 3838 4310 Nicetas,
3873 4251 3968 4317 qui

2398 4317 2608 4367 videtur
2637 4316 2919 4370 admitere
2939 4316 3097 4367 aliam
3125 4326 3543 4384 temperaturam
3571 4318 3813 4382 corporis
3834 4316 3973 4372 ante

2397 4396 2695 4452 peccatum,
2726 4402 2953 4451 cautique
2999 4385 3072 4437 illi
3114 4384 3473 4438 essentiatiter
3518 4385 3764 4437 inditam.
3820 4386 3959 4439 Gre-

2395 4455 3022 4525 gor.tVysscnusiisdem
3081 4470 3213 4523 pene
3272 4456 3449 4525 utitur
3514 4454 3709 4525 verbis
3740 4470 3805 4509 ac
3866 4472 3969 4509 no—

2397 4536 2531 4588 ster,
2585 4524 2677 4577 sed
2705 4539 2766 4577 ea
2835 4524 3131 4577 referemus
3191 4524 3523 4576 commodius
3598 4524 3754 4591 paulo
3818 4539 3967 4591 post.

711 4592 932 4667 lenient;
957 4592 1112 4667 quem
1148 4602 1321 4652 locum
1363 4600 1544 4662 refert,
1570 4611 1623 4653 et
1644 4592 2042 4667 interpretatur
2060 4598 2294 4653 Joannes
2322 4608 2370 4667 ι)
2403 4594 2925 4667 Tlteopliattes__vero
2952 4594 3140 4667 aliusa
3171 4603 3378 4667 nostro,
3420 4592 3523 4667 ho_c
3574 4604 3655 4646 est
3692 4593 3911 4667 Ncamu
3950 4638 3969 4662 ,

713 4666 952 4721 Zonaras
1005 4672 1055 4721 in
1106 4686 1225 4721 can.
1266 4668 1367 4721 1'23
1398 4670 1607 4721 concilii
1634 4666 1887 4737 Carthag.
1931 4685 2034 4736 quo
2090 4684 2294 4721 canone

712 4740 1002 4790 anathema
1055 4740 1251 4791 dicitur
1322 4740 1375 4791 itt
1407 4753 1499 4793 eos
1559 4741 1647 4805 qui
1677 4743 1857 4791 dicant
1901 4751 1954 4791 et
2010 4740 2293 4805 putentita

711 4810 984 4861 hominem
1024 4806 1225 4860 factum
1284 4824 1401 4862 esse
1458 4809 1737 4862 mortalem
1780 4820 1836 4859 ιιι
1868 4809 1982 4861 sive
2016 4818 2294 4874 peceasSet

710 4882 825 4931 sive
870 4894 971 4930 non
1016 4888 1159 4931 esset
1192 4880 1492 4946 incorpore
1529 4880 1844 4939 moriturus,
1891 4879 1943 4931 id
1990 4887 2091 4938 est,
2120 4892 2149 4928 e
2178 4894 2295 4929 eor—

710 4963 840 5015 pore
870 4962 1213 5011 excessurus,
1250 4945 1607 5016 non’propter
1642 4950 1889 4999 meritum
1936 4945 2162 5014 peccati,
2199 4946 2293 4999 sed

714 5033 806 5085 per
843 5028 1047 5069 natura:
1086 5021 1479 5072 necessitatem.
1508 5016 1599 5071 Sic
1623 5019 1805 5085 igitur_
1824 5016 2065 5069 Zonaras
2093 5018 2143 5067 in
2171 5029 2291 5067 eum

714 5083 884 5140 locum
914 5102 927 5136 :
965 5087 1085 5157 Κᾶν
1132 5091 1238 5157 γὰρ
1275 5088 1455 5157 σάρκα
1493 5088 1587 5140 καὶ
1618 5083 1737 5139 τοτε
1763 5083 1906 5155 εἶχεν
1936 5090 1962 5137 ὁ
1988 5085 2291 5157 ἄνθρωπος,

710 5158 826 5212 ἀλλ’
882 5158 980 5225 οὐχ
1032 5152 1150 5209 οἵαν
1191 5152 1477 5221 νῦν,’καὶ
1528 5158 1687 5209 τοῦτὸ
1746 5152 1910 5225 φησιν
1963 5158 1989 5207 ὁ
2046 5154 2293 5218 θεο>.ό,ος

710 5227 1014 5298 Γρηγόριος
1088 5230 1301 5294 λέγων’
1364 5230 1498 5289 Ὶόῦς
1557 5228 1612 5278 δὲ
1664 5227 2018 5295 δερματίνους
2066 5226 2295 5298 ἀμφίενέ

711 5317 866 5351 una:
909 5297 1187 5367 χιτὼνας,
1256 5299 1381 5359 ἴσως
1434 5300 1531 5367 τὴν
1576 5302 1890 5365 παχυτέραν
1942 5299 2141 5365 σάρκα,
2200 5297 2292 5346 καὶ

714 5366 1064 5435 θνητὴν,”καὶ
1094 5366 1594 5435 ἀντίτυπονεὭστε
1628 5370 1733 5434 πρὸ
1779 5368 1879 5433 τῆς
1929 5366 2293 5433 παραὸασεως

710 5434 838 5493 οὒτε
871 5434 1042 5501 οὕτως
1077 5440 1363 5507 παχυτέρα
1405 5434 1472 5508 ἦν
1616 5437 1753 5506 σὰρξ
1791 5439 1868 5505 τῷ
1920 5437 2126 5503 Ἀδαμ,
2169 5436 2291 5486 οὔτε

714 5512 875 5580 φύσει
908 5510 1097 5580 θνητή.
1157 5506 1479 5561 Nimirum:
1538 5506 1651 5560 Etsi
1709 5510 1847 5559 enim
1900 5522 2106 5580 carnem
2169 5517 2292 5557 tunc

710 5578 913 5648 quoque
974 5578 1189 5631 habebat
1249 5583 1428 5640 homo,
1491 5584 1578 5629 sed
1650 5595 1753 5630 non
1824 5578 2034 5644 qualem
2122 5591 2290 5648 tt_unc;

712 5642 884 5710 έιΙιὶισ
943 5651 1065 5701 dicit
1136 5648 1290 5718 (ἶνες.
1372 5648 1657 5717 Theologus
1730 5642 1847 5699 cum
1928 5645 2293 5697 dicit:Pelli-

716 5742 835 5782 ceas
913 5737 1112 5789 quoque
1161 5736 1319 5773 restes
1361 5721 1555 5779 induit.
1614 5720 1747 5785 forte
1803 5720 2088 5789 densiotem
2167 5732 2289 5767 car-

720 5813 855 5854 nem,
906 5788 949 5845 et
1035 5791 1325 5853 mortalem,
1386 5800 1435 5842 et
1508 5801 1848 5841 resistentem.
1922 5788 2097 5849 Quare
2169 5797 2291 5837 ante

729 5863 1211 5933 transgressionem,
1262 5875 1351 5916 ncc
1409 5862 1568 5916 densa
1620 5871 1731 5913 erat
1767 5874 1887 5911 caro
1945 5863 2058 5909 Atta
2118 5873 2157 5923 t,
2200 5872 2289 5909 nec

2398 4661 2635 4732 epist.3,
2655 4680 2718 4716 ex
2756 4665 2819 4716 iis
2838 4679 2954 4730 qua:
2973 4664 3137 4716 edidit
3161 4663 3457 4732 Consalvns
3483 4661 3660 4715 Ponce
3692 4661 3971 4720 honiinrtn

2399 4731 2636 4785 creatum
2669 4749 2697 4784 a
2730 4734 2857 4791 Deo,
2889 4743 2944 4784 ut
2966 4734 3191 4784 alterum
3242 4731 3489 4799 angelum
3528 4733 3676 4795 dicit,
3711 4735 3873 4800 idque
3899 4751 3969 4788 ex

2397 4802 2540 4854 (iicto
2574 4803 2809 4871 ejusdem
2844 4802 3001 4869 (ἐι-«ξε.
3044 4800 3300 4869 Tueologi
3341 4814 3357 4859 :
3396 4801 3553 4853 Ἐπεὶ
3582 4805 3689 4870 γὰρ
3729 4803 3973 4867 ἄγγελον

2398 4872 2556 4924 ἄλλον
2588 4875 2679 4923 ἐπὶ
2706 4875 2801 4940 τῆς
2828 4874 2929 4941 γῆς
2950 4875 2977 4924 ὁ
2995 4873 3338 4940 Δημιουργὸς
3368 4871 3459 4922 τὸν
3487 4872 3771 4941 ἄνθρωπον
3791 4874 3973 4925 ἐπλα-

2400 4958 2512 5005 σεν,
2568 4941 2707 4993 ὥστε
2748 4940 2891 4994 κατὰ
2920 4942 3011 4993 τὸν
3062 4941 3321 5009 μέγιστον
3359 4942 3417 4991 ὲν
3466 4940 3764 5008 θεολογίαις
3816 4943 3973 5011 Γρη-

2401 5013 2584 5081 γόριον
2621 5013 2695 5082 μὴ
2726 5015 2837 5072 τοῖς
2878 5012 2989 5082 ἄνευ
3017 5014 3176 5080 μόνον
3214 5012 3313 5080 τὴν
3380 5011 3750 5079 προσκύνησιν
3803 5029 3972 5082 περιι-

2396 5078 2704 5149 γραφεσθαι
2763 5082 2877 5133 ἀλλ’
2910 5078 3048 5132 εἷναί
3088 5099 3239 5142 τινας
3263 5078 3358 5135 καὶ
3376 5084 3524 5146 κάτω
3552 5078 3965 5149 προσκυνητας,

2398 5153 2483 5203 ἵνα
2514 5151 2772 5221 πληρωθῇ
2827 5152 2897 5202 τά
2948 5152 3127 5203 πάντα
3174 5151 3329 5218 δόξης
3357 5152 3451 5203 τοῦ
3488 5151 3643 5221 φεοῦ.
3691 5152 3820 5215 Qua:
3881 5155 3971 5209 sic

2398 5225 2785 5288 interpretatur
2855 5222 2995 5275 idern
3055 5221 3353 5275 Consalvus
3403 5239 3415 5274 :
3476 5220 3768 5288 Postquam
3817 5226 3969 5276 enim

2399 5291 2588 5360 Opifex
2639 5292 2881 5360 angelum
2936 5291 3180 5353 alterum,
3218 5291 3476 5343 hominem
3513 5305 3690 5357 nempe
3721 5305 3750 5342 ι
3803 5302 3968 5360 terra

2395 5359 2661 5428 [armat-it,
2698 5359 2760 5413 ne
2785 5364 3026 5427 adoratio
3050 5372 3119 5411 ‘et
3149 5361 3320 5413 cultus
3350 5369 3428 5429 (ut
3478 5364 3738 5412 maximus
3793 5359 3971 5413 Theo—

2396 5434 2543 5499 logus
2577 5432 2860 5499 Gregorius
2895 5432 2991 5497 ait)
3016 5429 3145 5483 ca'lo
3172 5431 3564 5497 circumscripta
3588 5441 3740 5491 esset,
3764 5432 3854 5482 sed
3877 5432 3973 5498 [0-

2396 5511 2508 5553 rent
2538 5518 2639 5554 non
2670 5504 2839 5553 minus
2872 5503 3180 5554 adoratores
3210 5506 3262 5552 in
3294 5503 3471 5563 terris,
3504 5508 3561 5550 ut
3595 5502 3767 5551 omnia
3798 5501 3969 5566 plena

2393 5582 2560 5642 essent
2582 5574 2747 5639 gloria
2780 5571 2895 5623 Dei.
2924 5571 3046 5624 llaec
3078 5571 3321 5638 'l‘beoph.
3342 5568 3545 5642 Nil-tea.
3572 5568 3747 5642 Locus
3774 5583 3967 5627 autem

2393 5641 2553 5709 Greg.
2579 5642 2705 5694 Νη.
2733 5651 2816 5693 est
2846 5656 2909 5693 ex
2954 5653 3101 5709 forat.
3162 5642 3307 5694 dieta
3359 5646 3425 5694 de
3477 5639 3656 5691 hativ.
3704 5640 3965 5707 idemque

2397 5708 2588 5778 repetit
2610 5727 2692 5764 or.
2725 5712 2758 5763 5
2783 5716 2845 5763 de
2869 5711 2925 5765 S.
2948 5708 3175 5775 Patet-ba,
3198 5719 3253 5763 et
3284 5712 3334 5763 in
3359 5724 3528 5763 carm.
3549 5714 3612 5763 de
3629 5710 3965 5778 laud.Virg.:

2396 5782 2743 5850 Τερπόμενόν
2774 5780 2817 5831 τ’
2845 5782 3084 5849 ἐργοισ.ν
3120 5783 3293 5849 ἐμοῖς,
3328 5784 3421 5831 καὶ
3453 5784 3718 5849 ἐχέφροα
3742 5780 3969 5849 μύστην

2395 5854 2694 5923 Οὐρανίων,
2732 5850 2959 5921 χθονίων
2986 5866 3042 5902 τε
3081 5852 3220 5921 μέγα
3251 5850 3470 5923 κράτος,
3495 5852 3724 5921 ἄγγελον
3771 5850 3967 5906 ἄλλον.
