4190 6436
703 384 820 456 499

1900 392 2388 454 THEOPHANIS
2426 395 2766 455 CERAMEI

3870 398 3981 460 500

715 523 908 578 gruum
956 514 1119 562 esset.
1167 507 1320 575 Quod
1370 508 1532 578 igitur
1586 507 1959 564 suffarcinavit
2009 509 2290 579 ingluvies,

2398 509 2546 579 σῆμα
2582 509 2641 562 τὸ
2687 510 2845 579 σῶμα
2888 510 3233 576 καλέςαντες.
3265 512 3433 566 Ὅσον
3473 513 3567 567 οὖν
3608 513 3870 583 παχύνεις
3911 520 3974 568 τὸ

714 599 922 668 jejunio
975 608 1345 654 extenuemus.
1400 601 1551 653 Nunc
1596 600 1741 654 enim
1772 604 1917 653 velut
1961 599 2015 652 in
2070 615 2291 653 carcere

717 690 935 743 animus
966 701 1269 751 coercetur,
1316 692 1453 743 sicut
1484 692 1646 745 etiam
1680 706 1743 743 ex
1781 691 2022 743 externis
2058 690 2291 759 philom-

715 779 838 846 phis
869 780 981 843 (60)
1016 781 1230 849 quidam
1263 782 1662 845 existimarunt,
1692 782 1781 847 qui
1812 796 2010 849 corpus
2045 790 2285 844 antrum,

715 870 799 922 vel
830 870 1163 938 speluncam,
1189 871 1268 923 vel
1296 873 1599 940 St‘pttierllm
1618 870 2044 937 appellaverunt.
2070 871 2283 937 Quanto

718 959 883 1027 igitur
940 975 1137 1028 corpus
1195 962 1328 1014 cibis
1388 963 1557 1031 magis
1608 961 1849 1025 infercis,
1908 972 2055 1018 tanto
2115 963 2286 1033 magis

715 1052 1019 1105 communis
1046 1066 1319 1106 carcerem
1353 1053 1488 1121 (Gl),
1514 1064 1566 1107 et
1604 1054 1889 1121 compedes
1913 1054 2285 1109 vehementius

716 1142 995 1211 astringis,
1034 1154 1087 1197 et
1118 1146 1354 1196 animum
1388 1145 1539 1214 quasi
1568 1161 1716 1197 reum
1758 1146 1809 1198 in
1837 1144 2066 1198 vinculis
2094 1145 2284 1199 deten-

718 1249 831 1292 tum
860 1242 1115 1310 deprimis
1152 1242 1359 1311 magis;
1398 1244 1443 1298 si
1476 1259 1604 1297 vero
1628 1243 1835 1311 jejunio
1860 1244 1987 1297 illud
2014 1253 2283 1305 attenuas,

719 1333 859 1385 alam
896 1334 1094 1387 animae
1140 1335 1443 1402 expeditam
1502 1334 1701 1397 reddis,
1735 1345 1788 1387 et
1835 1332 2006 1387 levior
2052 1332 2194 1387 facta
2223 1334 2289 1387 ad

720 1426 885 1478 Deum
917 1425 1196 1479 attollitur.
1239 1425 1466 1493 Quando
1490 1426 1654 1495 igitur
1695 1427 1793 1479 hoc
1824 1441 1851 1477 a
1887 1426 2041 1480 nobis
2067 1428 2288 1487 rectius,

718 1532 877 1583 quam
904 1518 954 1571 in
986 1520 1233 1585 prementi
1266 1526 1509 1588 tempore
1537 1519 1858 1584 pnestetur?
1891 1519 1997 1572 Sed
2032 1519 2289 1587 quoniam

719 1606 771 1659 in
807 1606 947 1661 hanc
985 1610 1309 1662 mentionem
1341 1609 1455 1677 ipsa
1488 1624 1587 1662 nos
1620 1609 1842 1663 deduxit
1871 1610 2068 1674 oratio,
2103 1611 2293 1678 exqui-

2396 602 2554 671 σῶμα
2584 602 2669 654 διὰ
2698 602 3022 671 βρωμάτων,
3057 606 3403 675 ἰσχυρότερον
3432 606 3642 677 ἐργάζῃ
3671 608 3731 659 τδ
3758 606 3978 674 δεσμω-

2393 693 2599 761 τήριον,
2629 694 2722 745 καὶ
2752 694 2847 756 τὰς
2883 696 3048 759 πέδας
3083 698 3464 765 συνέπφιγξας.
3504 699 3598 750 καὶ
3629 700 3727 767 τὴν
3758 699 3975 767 δεσμώ-

2391 799 2492 850 την
2529 782 2707 851 ψυχὴν
2752 784 3140 847 ὲταπείνωσας.
3171 789 3267 837 Ἂν
3310 787 3366 839 δὲ
3417 787 3687 856 λεπτύνῃς
3732 789 3865 840 αὐτὸ
3908 792 3975 857 τῇ

2390 874 2643 943 νηστείᾳ,
2675 875 3055 946 ἠλευθέρωσας
3090 878 3259 945 αὐτῆς
3289 879 3348 931 τί)
3381 879 3612 947 πτερὸν,
3648 880 3742 931 καὶ
3776 898 3975 947 κουφι-

2390 964 2579 1017 σθεῖσα
2609 964 2825 1035 αἴρεται
2846 966 2980 1034 πρὸς
3005 967 3158 1021 Θεὸν.
3182 970 3315 1021 Πότε
3337 970 3469 1036 γοῦν
3494 972 3628 1039 ἡμῖν
3655 970 3811 1022 τοῦτο
3840 988 3975 1022 κειτ-

2386 1054 2626 1124 ορῦωοῇ,
2663 1058 2711 1109 εἰ
2750 1058 2824 1126 μὴ
2860 1060 2915 1110 ὲν
2949 1057 3027 1125 τῷ
3068 1060 3296 1126 παρόντι
3336 1060 3551 1130 καιρρἷ
3590 1061 3730 1111 Ἀλλ’
3779 1062 3975 1131 ἐπειδὴ

2389 1148 2525 1219 πρὸς
2555 1148 2709 1201 τοῦτο
2743 1149 2923 1218 φέρων
2951 1151 3099 1219 ἡμᾶς
3132 1153 3159 1203 ὁ
3190 1151 3349 1218 λόγος
3382 1153 3746 1222 κατήντησεν,
3782 1154 3975 1218 ἐξετά-

2391 1256 2603 1307 σωμεν,
2635 1241 2774 1294 διατί
2812 1243 3217 1311 τεσσαράκοντα
3257 1244 3473 1313 ἡμέρας
3508 1245 3791 1313 νηστεύειν
3824 1248 3978 1313 ἡμᾶς

2388 1333 2437 1382 οἱ
2472 1332 2713 1403 Πατέρες
2747 1333 3180 1403 ἐνομυοέτησαν,
3216 1336 3310 1386 καὶ
3341 1335 3393 1387 τί
3424 1335 3483 1387 τὸ
3520 1336 3609 1388 διὰ
3637 1336 3842 1388 τούτων
3873 1338 3976 1404 δη-

2390 1421 2679 1491 λούμενον;
2712 1422 2864 1476 Aiaci
2894 1424 2951 1476 δὲ
2982 1424 3080 1476 οὐκ
3111 1427 3168 1476 ὲν
3196 1425 3341 1495 ἄλλῳ
3370 1424 3547 1494 καιρῷ
3575 1426 3667 1478 τοῦ
3701 1426 3975 1485 ὲνιαυτοῦ,

2392 1518 2529 1571 ἀλλὰ
2566 1520 2705 1572 κατὰ
2733 1521 2829 1581 τὰς
2868 1520 3091 1591 ὲαρινὰς
3122 1521 3331 1590 τροπὰς
3361 1519 3518 1573 τοῦτο
3553 1522 3728 1572 ποιεῖν
3758 1516 3979 1571 κελευό-

2397 1614 2571 1681 μεθα;

716 1713 922 1765 ra—nus,
954 1701 1081 1769 quid
1119 1714 1293 1754 causa:
1322 1699 1506 1765 fuerit,
1540 1715 1637 1755 cur
1664 1701 2014 1770 quadraginta
2054 1702 2262 1755 dierum
2298 1703 2560 1772 jejunium
2592 1707 2857 1760 sancitum
2889 1708 2957 1760 sit
2987 1722 3016 1760 a
3042 1705 3295 1761 Patribns
3325 1706 3462 1779 (62),
3489 1717 3541 1761 et
3572 1709 3701 1775 quid
3730 1721 3828 1775 per
3854 1704 3980 1758 i'los

715 1793 1113 1863 signiﬁcatum;

717 1908 842 1947 mur
879 1893 979 1947 hoc
1012 1892 1208 1948 facere.

1196 1805 1307 1851 tum
1380 1795 1543 1852 etiam
1611 1809 1777 1863 quare
1816 1804 1923 1850 nun
1971 1795 2078 1849 alio
2125 1797 2251 1849 anni
2296 1807 2556 1867 tempore,
2604 1800 2763 1870 156
2791 1815 2950 1868 quam
3012 1800 3156 1854 circa
3218 1817 3446 1855 vernum
3468 1798 3979 1865 solstitiumjuhea-

788 1985 934 2041 Sane
968 1988 1038 2041 ab
1063 1987 1305 2042 externis
1334 1988 1686 2056 sapientibus,
1710 1997 1765 2041 et
1788 2002 1816 2040 a
1855 1988 2054 2043 nostris
2086 2004 2288 2043 oarvus

2468 1989 2696 2057 Λέγεται
2732 1990 2883 2057 παρὰ
2910 2006 2969 2041 τε
2996 1988 3104 2041 τῶν
3130 1988 3398 2070 θύραθεν.
3429 1988 3523 2041 καὶ
3548 1988 3659 2040 τῶν
3687 1987 3977 2058 ἡμετέρων

1946 2148 2265 2213 Francisci
2309 2152 2517 2215 Scorsi
2551 2157 2740 2213 notua.

717 2272 852 2346 puri
892 2272 1129 2346 glorioso
1187 2274 1635 2341 intelligendum,
1713 2294 1817 2333 non
1877 2286 1934 2331 ut
1990 2276 2287 2346 Eutychius

718 2343 1034 2418 patriarcha
1067 2345 1484 2418 Constantinop.
1522 2357 1766 2414 tempore
1807 2348 2050 2417 Gregorii
2084 2343 2287 2418 Magni,

718 2427 828 2484 quo
873 2414 1162 2484 convictus
1234 2416 1510 2470 revocavit
1563 2432 1840 2479 errorem,
1898 2414 1953 2469 ei
2026 2414 2289 2484 Origenes

717 2483 1069 2554 existimasse
1098 2485 1320 2541 dicitur.
1355 2485 1444 2553 qui
1474 2486 1753 2552 spirituale
1781 2502 1979 2554 corpus
2012 2483 2283 2554 interpre-

720 2560 889 2614 tatur,
922 2552 1066 2623 quod
1097 2554 1148 2606 iu
1184 2552 1457 2620 spiritum.
1498 2566 1591 2610 aut
1633 2556 1687 2610 in
1731 2552 1927 2623 corpus
1972 2552 2177 2611 aerium
2214 2558 2285 2610 sit

717 2622 1074 2692 vertendum;
1127 2638 1286 2692 quem
1351 2639 1595 2679 errorem
1663 2622 1964 2678 cavendum
2026 2626 2281 2680 admonet

726 2690 1165 2763 Theophylaclus
1214 2694 1263 2745 in
1294 2693 1441 2748 illum
1470 2696 1666 2758 locum,
1710 2703 1764 2749 et
1799 2704 2019 2750 sanctus
2050 2696 2285 2763 Cyrillns

724 2758 1196 2833 videturinnuere
1227 2763 1279 2815 in
1312 2763 1573 2817 Joannem
1598 2778 1717 2833 cap.
1754 2764 1852 2818 lib.
1894 2781 1990 2825 sit,
2022 2758 2141 2832 cap.
2172 2765 2280 2819 57:

722 2827 851 2881 Non
889 2830 1050 2902 enim,
1107 2832 1306 2901 inquit,
1358 2835 1625 2902 apparitio
1669 2827 1909 2901 quaedam
1958 2827 2291 2901 erattfalsa,

721 2899 1034 2972 necumbra
1081 2904 1150 2955 ad
1185 2899 1483 2956 humanam
1516 2899 1736 2971 con/icta
1787 2905 2034 2972 ﬁguram,
2080 2899 2136 2955 ut
2163 2920 2290 2956 non-

721 2967 860 3021 nulli
894 2969 1096 3031 dicunt,
1133 2988 1224 3025 nec
1265 2974 1539 3037 spiritua’e
1580 2967 1846 3038 quoddam
1875 2990 2085 3041 corpus,
2123 2975 2177 3026 id
2208 2984 2285 3027 est

720 3049 892 3109 tenue,
928 3050 975 3109 et
1015 3043 1237 3098 aerium.
1267 3052 1314 3094 et
1350 3044 1498 3095 aliud
1526 3055 1713 3109 praeter
1758 3059 1989 3104 carnem,
2032 3054 2087 3095 ut
2134 3044 2290 3096 multi

724 3108 963 3181 spiritale
1010 3126 1197 3175 corpus
1244 3112 1467 3181 intelligi
1518 3108 1858 3167 contendunt.
1900 3112 2065 3166 Vides
2122 3112 2288 3180 igitur

2393 2280 2550 2333 mori.
2578 2277 2707 2332 llmc
2736 2278 3091 2345 Augustinus,
3115 2293 3181 2333 ex
3215 2279 3413 2343 quibus
3435 2282 3599 2331 etiam
3630 2278 3798 2333 habes
3822 2281 3971 2336 viam

2392 2354 2597 2418 regiam
2632 2359 2687 2402 et
2723 2357 2915 2412 tutam,
2945 2364 3051 2419 qua
3087 2349 3444 2419 incedendum
3483 2350 3533 2401 in
3570 2349 3665 2401 hac
3701 2365 3783 2415 re;
3838 2367 3967 2404 nam

2388 2420 2532 2485 quod
2560 2420 2778 2472 damnat
2814 2421 3107 2473 concilium
3142 2418 3400 2485 Carthag.
3430 2434 3639 2471 canone
3673 2418 3763 2472 illo
3795 2435 3964 2485 supra

2386 2489 2578 2551 relato,
2616 2489 2667 2541 id
2697 2496 2817 2552 est,
2866 2492 3007 2556 quod
3042 2489 3205 2541 homo
3243 2488 3457 2541 etiamsi
3498 2504 3601 2540 non
3658 2501 3967 2555 peccasset,

2383 2558 2681 2610 moriturus
2704 2556 2894 2611 fuisset
2913 2574 3007 2625 per
3025 2558 3438 2611 distractionem
3465 2558 3629 2610 animi
3656 2574 3683 2609 a
3710 2572 3968 2625 corpore,

2382 2643 2505 2681 cum
2548 2638 2725 2679 tamen
2768 2627 2913 2680 dicat
2944 2636 3164 2680 sanctus
3185 2628 3533 2692 Augustinus,
3568 2642 3689 2678 eum
3725 2631 3965 2692 quandiu

2382 2712 2491 2751 non
2516 2706 2783 2765 peccaret,
2805 2695 3070 2761 futurum,
3091 2705 3149 2749 ut
3172 2695 3574 2749 immortalitate
3592 2696 3793 2761 vigeret
3816 2714 3831 2755 ;
3854 2714 3967 2750 ra:-

2393 2777 2568 2819 terum
2612 2782 2717 2817 non
2769 2776 2851 2819 est
2908 2766 3255 2820 asserendum
3311 2765 3449 2817 hanc
3492 2765 3962 2820 immortalitatem

2391 2834 2559 2888 fuisse
2609 2836 2824 2893 corpori
2878 2836 3178 2889 naturalem
3238 2835 3320 2888 vel
3377 2836 3759 2904 essentialem;
3813 2838 3963 2904 quod

2389 2904 2536 2957 enim
2574 2905 2650 2957 ait
2680 2906 2917 2957 Zonaras
2948 2906 3067 2957 loco
3111 2919 3275 2973 supra
3309 2905 3499 2963 citato,
3557 2921 3665 2960 non
3715 2903 3961 2959 futurum

2390 2973 2554 3027 fuisse
2587 2975 2858 3028 hominem
2888 2983 3082 3027 natura
3128 2975 3431 3031 mortalem,
3468 2974 3845 3039 explicandum
3876 2984 3964 3028 est

2388 3044 2455 3095 de
2505 3045 2738 3097 naturali
2789 3044 3135 3107 necessitate,
3188 3059 3349 3109 quam
3384 3046 3699 3095 asserebant
3738 3042 3774 3095 ii
3819 3060 3964 3108 quos

2388 3114 2675 3165 concilium
2712 3112 2983 3178 reprobat.
3013 3114 3165 3180 cujus
3193 3128 3455 3166 canoncm
3491 3113 3560 3163 ibi
3586 3113 3824 3178 explicat
3857 3114 3967 3165 Zo—

722 3189 783 3230 ut
809 3178 1092 3255 s_it_tnedia
1122 3178 1483 3255 incedendum
1531 3183 1634 3255 via,
1681 3193 1731 3235 et
1765 3187 1924 3235 verba
1942 3178 2283 3255 Asanonsensu
2316 3195 2359 3255 ο
2393 3197 2585 3255 naras;
2622 3184 2968 3255 potuitrenim
3007 3178 3092 3233 illa
3150 3182 3397 3255 impediri
3447 3183 3707 3255 beneficio
3748 3181 3962 3255 Condi-

724 3249 1064 3315 accipienda.
1118 3250 1172 3302 Si
1228 3252 1487 3317 spiritale,
1551 3252 1687 3311 leve,
1752 3260 1807 3304 et
1841 3253 2046 3305 aerium
2078 3251 2282 3303 dixeris

722 3331 942 3384 corpus,
982 3320 1137 3387 quasi
1192 3323 1264 3374 sit
1312 3336 1377 3374 ex
1425 3322 1567 3374 aeris
1616 3322 1912 3373 substantia
1965 3320 2280 3380 conﬂatum,

724 3388 1025 3453 erraveris;
1080 3400 1133 3441 et
1172 3397 1351 3442 tamen
1407 3390 1593 3444 eadem
1638 3391 1796 3443 verba
1853 3402 2133 3459 usurpant,
2191 3392 2285 3457 qui

722 3464 873 3511 recte
915 3459 1174 3519 sentiunt,
1218 3475 1336 3512 eum
1371 3461 1541 3521 aiunt,
1576 3461 1819 3515 snirilale
1867 3462 2000 3523 leve,
2035 3469 2088 3512 et
2126 3468 2287 3513 tenue

724 3528 932 3582 aerium
976 3538 1029 3581 et
1070 3532 1270 3583 subtile
1303 3530 1565 3582 luturum.
1607 3528 1709 3581 Sed
1755 3546 1859 3582 non
1912 3544 2129 3597 semper
2163 3538 2289 3582 sunt

724 3597 779 3648 iu
811 3599 960 3652 omni
1018 3598 1195 3667 rigore
1230 3600 1392 3653 verba
1444 3600 1777 3665 accipienda,
1830 3601 1917 3652 tibi
1977 3602 2043 3651 de
2102 3599 2190 3666 pio
2235 3607 2289 3652 et

725 3682 861 3720 sano
897 3683 1061 3721 sensu
1086 3668 1410 3738 scriptorum
1445 3678 1691 3732 constat;
1731 3670 1869 3735 quod
1896 3667 2127 3736 quadam
2160 3684 2287 3736 pro-

724 3738 977 3804 portione
1014 3739 1079 3791 de
1110 3754 1340 3806 corpore
1388 3739 1540 3806 primi
1595 3738 1826 3793 hominis
1884 3739 2287 3806 intelligeulnm

725 3816 834 3870 est,
883 3821 1002 3861 cum
1042 3808 1171 3861 illud
1223 3808 1527 3877 spirituale,
1561 3809 1664 3869 vel,
1700 3820 1758 3860 ut
1805 3818 1985 3862 noster
2022 3808 2286 3877 lnquitur,

724 3890 942 3941 purum,
985 3878 1201 3935 subtile.
1253 3876 1307 3931 et
1361 3881 1565 3931 aeriutn
1616 3878 1850 3931 dicunt:
1889 3894 2010 3931 cum
2055 3876 2289 3945 quadam

725 3948 1075 4013 proportione
1107 3948 1243 4011 dixi;
1286 3964 1409 4001 nam
1450 3958 1570 4016 post
1607 3949 2061 4001 resurrectionem
2096 3962 2290 4013 corpus

723 4018 1009 4082 praaditum
1042 4019 1149 4071 erit
1180 4018 1399 4071 dotibus
1447 4018 1653 4084 glorire,
1690 4032 1810 4084 qum
1862 4017 1991 4070 illud
2022 4017 2126 4068 tale
2164 4017 2288 4068 red-

726 4085 877 4145 dant,
915 4096 970 4139 at
998 4101 1127 4139 vero
1176 4094 1302 4140 ante
1350 4100 1627 4153 peccatum
1672 4085 1813 4139 idem
1846 4101 2043 4153 corpus
2084 4102 2187 4138 non
2225 4086 2291 4138 iis

726 4164 979 4225 ornatum
1007 4156 1244 4217 dotibus,
1273 4159 1369 4210 sed
1398 4168 1544 4211 certe
1568 4156 1863 4225 perfectam
1894 4154 2289 4225 subjectionem

726 4223 965 4278 habebat
1010 4226 1275 4281 beneﬁt-io
1333 4227 1521 4294 gratim
1564 4223 1618 4280 et
1658 4226 1879 4293 justitiae
1909 4224 2213 4291 originalis,
2241 4232 2295 4276 et

728 4294 1297 4362 incorruptibilitatem
1320 4306 1373 4350 et
1394 4296 1880 4359 immortalitatem;
1900 4309 2018 4362 qua:
2037 4295 2088 4345 in
2106 4310 2171 4346 eo
2190 4294 2291 4345 sita

727 4373 980 4434 censetur
1011 4380 1039 4417 a
1078 4365 1139 4420 υ.
1162 4366 1399 4421 Theinas
1422 4383 1475 4434 p.
1503 4383 1540 4426 t.
1566 4366 1861 4433 quiest.97,
1885 4371 1985 4416 art.
2013 4365 2098 4426 ll,
2120 4373 2172 4415 ut
2192 4378 2293 4414 non

728 4432 937 4499 habere,
956 4436 1032 4487 vel
1050 4450 1218 4501 posset
1243 4432 1515 4505 prohibere
1533 4432 1824 4501 passionem
1854 4435 2185 4496 alterantem,
2202 4449 2292 4484 seu

728 4515 1073 4557 remanentem
1091 4524 1121 4557 a
1146 4508 1378 4559 naturali
1404 4507 1759 4572 dispositione,
1783 4505 1916 4557 sicut
1962 4515 2009 4555 et
2036 4516 2250 4555 mortem
2276 4517 2292 4554 :

728 4577 872 4641 quod
899 4590 969 4627 an
998 4590 1093 4642 per
1117 4577 1351 4644 aliquam
1378 4578 1629 4629 virtutem
1656 4573 2059 4641 superadditam
2084 4588 2180 4635 pro
2207 4573 2296 4625 illo

727 4653 898 4706 statu,
920 4660 981 4699 ac
1015 4656 1200 4711 postea
1232 4647 1574 4707 aldatam,an
1603 4660 1671 4699 ex
1704 4644 2007 4697 extrinseea
2038 4646 2305 4708 guberna-

732 4712 879 4765 tione
902 4716 1071 4782 ipsius
1112 4716 1348 4770 heminis
1378 4715 1713 4767 efﬁciendum
1736 4724 1898 4775 esset,
1918 4714 2192 4778 disputant
2217 4711 2307 4764 Pe-

729 4782 909 4852 rerins
941 4794 994 4837 cl
1020 4786 1250 4852 theologi
1286 4784 1465 4839 exteri
1490 4823 1504 4845 ,
1536 4798 1669 4851 quos
1701 4784 1817 4835 vide
1852 4782 1991 4849 apud
2021 4782 2219 4852 ipsum,
2250 4791 2303 4834 et

734 4851 793 4904 S.
815 4851 1008 4907 Thom.
1039 4850 1233 4921 quaest.
1259 4852 1369 4921 jim
1407 4850 1570 4921 dicta,
1603 4853 1691 4905 ubi
1728 4853 1876 4905 locus
1900 4850 2181 4921 Aittgustini
2214 4865 2299 4921 ref

734 4871 793 4904 δ.
825 4871 1008 4907 ιιιοιη.
1080 4871 1233 4909 11851..
1259 4871 1369 4921 μευ
1407 4871 1570 4915 (ιιοιη,
1603 4871 1691 4905 ιιυι
1728 4871 1876 4905 IOCIIS
1900 4871 2181 4919 ﬂllgllSllﬂl
2214 4871 2299 4903 ['6‘

733 4922 903 4974 fertur
930 4925 979 4976 in
1015 4871 1107 4978 liii.
1137 4924 1210 4977 De
1236 4935 1419 4992 quiest.
1450 4920 1583 4976 Novi
1610 4933 1656 4975 et
1694 4921 1891 4973 Veteris
1926 4920 2189 4992 Testam.._
2210 4919 2301 4988 qui

732 5007 847 5063 rem
872 5009 1085 5047 omnem
1112 4989 1326 5063 peuiius
1350 4995 1585 5059 expedit;
1608 4994 1699 5044 sed
1731 5002 1783 5041 et
1818 4992 1917 5063 huc
1942 4989 2300 5063 transcribunt

733 5062 923 5125 alium,
947 5068 1035 5132 qui
1070 5058 1173 5118 non
1211 5065 1387 5116 minus
1410 5058 1591 5130 aperte
1625 5078 1735 5115 rem
1762 5061 2001 5132 decluat
2024 5074 2088 5111 ex
2122 5058 2215 5112 lib.
2249 5074 2300 5112 Vl

738 5132 810 5184 De
836 5131 976 5187 Gen.
1004 5136 1071 5186 ad
1115 5136 1343 5186 litteram
1369 5174 1383 5195 ,
1422 5135 1508 5185 ubi
1544 5135 1651 5200 agit
1685 5133 1749 5186 de
1795 5131 1981 5183 Adami
2030 5144 2255 5196 corpore
2284 5146 2297 5183 :

736 5201 884 5256 Illud
930 5205 1115 5273 quippe
1148 5213 1272 5256 ante
1318 5212 1584 5268 peccatum
1611 5244 1625 5265 ,
1680 5214 1724 5255 ct
1756 5200 1976 5273 mortale
2015 5200 2301 5273 secundum

738 5270 1021 5335 aliamjet
1058 5270 1365 5325 inmortale
1411 5274 1697 5325 secundum
1749 5272 1910 5322 aliam
1946 5285 2165 5321 causam
2196 5270 2300 5321 dici

733 5353 979 5410 poterat;
1042 5345 1093 5395 id
1146 5352 1220 5396 est
1283 5343 1523 5405 mortale,
1568 5344 1691 5411 quia
1721 5341 2142 5408 poterat‘ntori;
2198 5341 2299 5391 im-

736 5416 980 5477 mortale,
1014 5416 1137 5482 quia
1167 5422 1368 5480 poterat
1412 5429 1513 5465 non
1552 5410 1720 5475 mori;
1746 5412 1892 5463 aliud
1922 5419 1994 5482 est
2023 5410 2158 5462 enim
2196 5426 2297 5482 non

737 5500 887 5551 posse
932 5479 1109 5544 mori,
1176 5484 1309 5535 sicut
1380 5482 1637 5546 quasdam
1686 5494 1907 5535 naturas
1973 5479 2297 5551 immortales

736 5550 926 5608 crearit
960 5553 1129 5606 Ueus:
1156 5554 1302 5604 aliud
1326 5564 1499 5605 autem
1526 5569 1673 5618 posse
1708 5568 1807 5605 non
1838 5553 1992 5607 mori,
2012 5550 2296 5602 secundum

735 5640 899 5693 quem
926 5625 1139 5676 modum
1191 5623 1389 5684 primus
1422 5633 1623 5675 creatus
1654 5633 1726 5675 est
1778 5622 1927 5672 hoino
1960 5618 2293 5693 immortalis,

734 5691 875 5762 quod
917 5696 964 5746 ei
998 5692 1356 5763 prwstabatur
1406 5693 1469 5743 de
1512 5694 1652 5760 ligno
1688 5695 1827 5753 nitar,
1876 5708 1974 5741 non
2007 5692 2069 5740 de
2100 5691 2293 5741 conati-

741 5766 945 5816 tutione
986 5778 1219 5826 uaturw;
1252 5779 1282 5814 a
1308 5777 1407 5829 quo
1432 5763 1571 5830 ligno
1599 5773 1867 5827 separatus
1896 5771 1990 5823 est,
2022 5775 2136 5811 cum
2174 5776 2291 5825 pcc-

744 5846 935 5903 casset,
961 5847 1013 5888 ut
1048 5844 1213 5905 posset
1250 5832 1403 5900 mori,
1432 5833 1517 5902 qui
1555 5834 1657 5886 nisi
1681 5844 1958 5902 peccasset,
1985 5841 2152 5897 posset
2193 5848 2294 5883 non

2393 3253 2525 3303 toris
2557 3270 2569 3303 :
2596 3253 2839 3305 Mortalis
2883 3255 3021 3305 enim
3056 3261 3193 3314 erat,
3238 3262 3293 3303 ut
3324 3250 3465 3303 idem
3517 3253 3742 3318 August.
3798 3254 3965 3305 habet

2392 3321 2497 3373 alio
2532 3323 2669 3384 loco,
2715 3323 3012 3374 conditione
3052 3322 3287 3388 corporis
3318 3321 3590 3382 animalis,
3635 3322 3961 3375 immortalis

2393 3400 2566 3443 autem
2602 3392 2847 3459 beneﬁcio
2878 3390 3197 3445 Conditoris.
3232 3390 3382 3455 Quoi
3417 3399 3594 3443 autem
3630 3391 3763 3442 dixit
3802 3390 3966 3444 Nice-

2396 3468 2476 3513 tas
2509 3462 2871 3514 csseutialiter
2896 3461 3061 3515 fuisse
3093 3462 3316 3511 inditam
3354 3461 3552 3512 bonam
3588 3460 3961 3513 habitudinem

2394 3531 2693 3583 naturalem
2751 3532 2988 3592 homini,
3047 3530 3260 3584 dillieile
3309 3538 3393 3582 est
3452 3530 3760 3596 explicata;
3816 3530 3966 3598 quod

2392 3600 2535 3652 enim
2564 3601 2850 3653 essentiale
2878 3610 2982 3660 eSI,
3019 3601 3217 3651 mutari
3268 3616 3372 3651 non
3408 3608 3605 3666 potest.

2466 3667 2577 3734 (60)
2615 3668 2683 3721 Et
2715 3670 2943 3722 externis
2977 3669 3319 3736 philosophis.
3355 3667 3505 3721 Trita
3534 3678 3616 3720 est
3647 3668 3735 3719 illa
3764 3667 3959 3721 Plato-

2397 3740 2480 3792 nis
2502 3738 2835 3802 allitteratio,
2857 3739 3015 3806 σῶμα
3046 3741 3177 3807 ἡμῖν
3205 3738 3579 3805 σῆμα,εονρηε
3609 3738 3756 3807 nobis
3782 3740 3967 3805 sepul-

2396 3826 2563 3861 crum.
2598 3811 2773 3876 Atqne
2817 3826 2842 3859 a
2880 3805 3103 3861 Sacrate
3132 3823 3253 3860 eum
3284 3823 3503 3861 sensum
3533 3808 3699 3860 ebibit
3730 3805 3968 3861 fortasse

2396 3877 2570 3930 Plato.
2603 3878 2693 3930 Ille
2733 3880 2877 3930 enim
2913 3879 3185 3931 hominem
3242 3878 3414 3943 ipsum
3462 3878 3697 3929 animam
3745 3878 3968 3930 dicebat

2396 3962 2552 4010 esse;
2597 3963 2791 4012 corpus
2816 3959 2993 4001 autem
3035 3947 3165 3999 nihil
3198 3948 3366 4006 aliud,
3396 3962 3555 4014 quam
3590 3946 3755 3998 animi
3796 3961 3965 4014 orga-

2396 4032 2550 4076 num,
2596 4018 2677 4069 vel
2715 4018 3069 4080 domicilium,
3117 4025 3208 4066 aut
3264 4020 3448 4069 verius
3496 4016 3826 4079 sepulcrum,
3869 4027 3967 4068 aut

2396 4102 2695 4148 carcerem,
2746 4087 2869 4137 inde
2920 4100 3040 4137 cum
3095 4086 3407 4148 emerseris,
3443 4092 3554 4136 tum
3596 4085 3828 4149 denique
3878 4086 3967 4137 sui

2397 4155 2533 4221 juris
2565 4170 2707 4215 esse,
2746 4156 3021 4220 multoque
3062 4171 3224 4221 quam
3284 4166 3440 4207 antea
3498 4152 3707 4205 felicius
3756 4153 3965 4206 vivere.

2421 4172 2533 4208 urts
2565 4172 2707 4215 esse,
2746 4172 3021 4220 multoque
3062 4172 3224 4221 quain
3284 4172 3440 4207 antea
3498 4172 3707 4205 teucrus
3756 4172 3965 4206 vivere.

2391 4172 2513 4277 iiuc
2544 4225 2707 4276 etiam
2744 4225 2974 4289 pertinet
3022 4224 3287 4275 sententia
3329 4224 3416 4276 illa
3454 4222 3791 4289 Pythagora},
3842 4239 3970 4290 qua:

2398 4293 2805 4354 circumfertur,
2860 4309 3130 4361 quamque
3196 4292 3359 4346 refert
3422 4292 3478 4346 S.
3540 4292 3769 4344 Basilius
3814 4294 3965 4346 hom.

2399 4363 2477 4416 De
2510 4364 2737 4433 legendis
2773 4364 3048 4431 gentilium
3078 4363 3249 4415 libris.
3277 4362 3369 4415 Ille
3398 4362 3539 4433 enim
3564 4375 3686 4413 cum
3714 4373 3971 4415 cerneret

2400 4432 2686 4497 quemdam
2725 4434 2776 4485 in
2811 4434 3051 4485 curando
3080 4446 3308 4498 corpore
3356 4432 3592 4484 maxime
3640 4440 3911 4483 attentum
3950 4450 3964 4484 :

2404 4502 2525 4556 Non
2549 4503 2766 4564 desinis,
2791 4501 2985 4567 inquit,
3004 4517 3263 4553 carcerem
3295 4502 3387 4553 tibi
3411 4500 3761 4553 molestiorem
3789 4512 3970 4552 strue-

2408 4573 2506 4625 re?
2558 4572 2760 4625 Seneca
2798 4572 2955 4635 epist.
3015 4570 3102 4632 H,
3139 4585 3336 4638 corpus
3370 4581 3529 4623 vocat
3578 4570 3876 4629 sarcinam,
3911 4581 3971 4623 es

2408 4644 2566 4710 epist.
2598 4641 2688 4704 58,
2730 4640 3022 4710 aedilicium
3052 4639 3321 4710 putridum
3379 4655 3443 4692 ac
3491 4652 3672 4710 ruens,
3710 4654 3869 4702 quem
3912 4641 3966 4691 in

2408 4707 2584 4765 locum
2616 4712 2735 4763 vide
2780 4720 2961 4762 notam
3008 4709 3215 4775 Lipsii:
3253 4718 3308 4761 et
3356 4710 3513 4775 epist.
3572 4707 3661 4768 88,
3720 4722 3969 4769 caveam,

2408 4782 2547 4834 idem
2600 4782 2740 4849 quod
2784 4790 2966 4833 uoster
3009 4779 3225 4849 ᾇντρον.
3271 4780 3593 4832 Plutarchus
3630 4779 3680 4829 in
3713 4775 3972 4849 Convicio

2406 4860 2599 4918 septem
2620 4846 2943 4915 sapientum,
2974 4847 3076 4899 alia
3112 4849 3518 4918 comparatione
3550 4862 3700 4918 usus,
3724 4846 3968 4918 annnam

2408 4914 2580 4987 inquit
2612 4914 2853 4973 abditam
2904 4933 3025 4971 esse
3054 4918 3103 4969 in
3140 4931 3389 4984 corpore,
3427 4916 3617 4982 ὥσπερ
3646 4917 3702 4987 ὲῗν
3731 4914 3969 4987 μύλωνιν

2407 4986 2655 5057 tauquam
2690 4990 2747 5041 in
2793 4989 3054 5053 pistrino;
3100 4996 3165 5057 iet
3209 4988 3375 5037 tnulta
3432 4986 3534 5039 alia
3592 4986 3971 5053 hujuscemodi

2406 5056 2550 5112 dicta
2582 5058 2719 5125 apud
2750 5061 3007 5127 profanos
3039 5056 3201 5108 etiam
3242 5057 3536 5127 scriptores
3567 5058 3825 5121 reperies,
3856 5070 3968 5105 non

2407 5130 2563 5181 modo
2592 5124 2731 5194 apud
2754 5124 2945 5181 saeros
2979 5143 2991 5178 :
3024 5141 3142 5193 quae
3171 5124 3389 5195 collegit
3410 5126 3685 5195 eleganter
3715 5138 3866 5190 azqne
3904 5139 3974 5178 ac

2405 5199 2489 5265 pie
2529 5196 2776 5252 Jeremiaz
2816 5196 3047 5250 Drexelli
3099 5210 3258 5264 opus,
3312 5197 3401 5263 qui
3447 5194 3742 5247 Prodamus
3778 5195 3972 5246 mortis

2405 5269 2741 5333 inscribitur,
2773 5283 2892 5333 cap.
2922 5267 2974 5319 1.

2477 5336 2588 5406 (61)
2621 5332 2923 5391 Communis
2955 5353 3235 5406 ca_rcerem.
3262 5335 3316 5389 lu
3346 5337 3445 5406 hac
3472 5333 3741 5406 sententia
3765 5332 3976 5406 deSunt

2404 5409 2454 5462 in
2484 5400 2615 5461 Pati.
2654 5410 2765 5461 haec
2790 5424 2803 5457 :
2824 5408 2945 5458 ὅσον
2971 5404 3064 5458 οὖν
3104 5408 3365 5475 παχύνεις
3395 5404 3454 5456 τὸ
3485 5400 3768 5475 σῶμαῖ-Ει
3794 5402 3976 5475 paulo

2402 5478 2541 5532 infra
2566 5478 2651 5530 illa
2670 5478 2734 5529 ἂν
2769 5477 2824 5529 δὲ
2844 5476 3122 5540 λεπτύνεες
3148 5470 3281 5529 adeo
3295 5478 3361 5545 τῇ
3388 5470 3613 5544 νηστείᾳ.
3634 5470 3977 5541 ,ἒὶευοέρως

2404 5566 2501 5612 σας
2560 5548 2729 5615 αὐτῆς
2769 5548 2830 5598 τὸ
2882 5548 3099 5615 πτερόν.
3139 5546 3269 5600 Sine
3325 5546 3522 5614 quibus
3573 5546 3661 5596 vix
3708 5553 3977 5597 constare

2402 5629 2614 5686 poterat
2644 5633 2836 5670 sensus
2868 5618 3076 5684 integer
3110 5619 3367 5686 auctoris.

2472 5690 2583 5758 (ϋῖ)
2628 5686 2902 5758 Sancitum
2940 5682 3277 5740 a‘l’atrilms.
3334 5685 3477 5753 Lege
3510 5682 3798 5739 Barouium
3827 5690 3972 5737 tom.

2401 5758 2439 5823 l,
2482 5757 2568 5811 an.
2602 5758 2726 5811 Chr.
2758 5757 2846 5822 57,
2873 5772 2923 5809 n.
2960 5771 3134 5809 cxcrv.
