4190 6436
656 374 753 435 δεῖ

1828 374 1929 434 ΤΗ
1944 371 2323 433 EOPHANIS
2360 364 2700 432 CERAMEl

3815 372 3925 438 508

654 490 833 535 μαινίδι
888 492 995 539 est.
1054 480 1199 552 quod
1255 482 1433 537 luctus
1488 482 1795 552 gravissmii
1859 484 2229 553 peccatoribus

2345 482 2528 536 δοῦναι
2568 484 2803 551 οανάτῳ,
2844 497 3067 550 φεύγειν
3118 480 3389 552 προσήκει
3438 481 3811 551 ὲφεπομέεους
3851 483 3932 549 τῷ

648 578 811 631 cibit
836 592 881 629 Il‘
908 590 1096 628 causa.
1152 573 1263 629 lloc
1310 591 1443 631 sane
1475 588 1784 645 peceatum,
1838 594 1960 634 cum
2010 590 2238 635 mortem

648 684 847 721 anno.»
879 670 1181 730 minitatur,
1214 668 1403 721 zelotm
1438 673 1687 734 exemplo
1741 673 1928 742 fugere
1978 685 2193 745 oportet
2222 714 2238 739 ,

646 772 695 813 ct
746 776 842 830 per
876 761 1233 827 quadraginta
1286 761 1495 815 dierum
1548 763 1959 823 amictzitionent
1992 770 2109 837 ejus
2162 770 2239 822 la-

644 869 811 919 queus
843 853 1031 918 procul
1064 854 1319 908 evadere.
1353 854 1486 910 lluic
1516 858 1676 910 etiam
1714 862 1942 928 tempori
1977 863 2236 915 honorem

645 944 795 996 auxit
844 944 1109 998 Dominus
1144 958 1348 1006 uoster.
1396 957 1450 1000 ct
1502 964 1623 1002 cum
1661 951 1883 1006 totidem
1928 953 2237 1022 jejunasset

641 1036 785 1102 dies,
828 1047 1151 1091 teutatorem
1203 1039 1516 1104 debellavit,
1565 1052 1619 1095 et
1672 1058 1857 1097 earum
1900 1046 2233 1112 passionum,

641 1146 763 1197 qua:
800 1131 1112 1184 universum
1149 1147 1318 1201 genus
1374 1134 1668 1187 humanum
1720 1148 2030 1205 oppugnant
2061 1142 2235 1192 victo-

641 1224 742 1283 ria,
808 1225 1071 1276 rationem
1137 1239 1201 1276 ac
1274 1225 1418 1277 Viam
1472 1228 1702 1279 bellandi
1769 1230 1924 1283 nobis
1973 1233 2229 1285 Ostendit.

641 1315 1013 1383 Quadraginta
1074 1316 1258 1368 itidem
1312 1319 1594 1371 COtISIitttli
1655 1330 1781 1373 sunt
1829 1321 1969 1386 dics,
2006 1338 2061 1376 ur
2115 1338 2236 1377 ror-

639 1408 787 1475 poris
848 1408 1016 1461 etiam
1091 1410 1265 1463 nostri
1335 1411 1594 1477 perfectio
1677 1413 2029 1482 signiﬁcetur.
2095 1414 2230 1469 Cum

637 1499 782 1550 enim
833 1512 896 1551 ex
943 1508 1180 1566 quatuor
1235 1501 1599 1565 compositqu
1659 1504 1731 1558 sit
1785 1503 2091 1568 elementis,
2131 1506 2233 1559 hoc

641 1583 887 1651 perfecto
940 1602 1169 1640 nurnero
1224 1588 1584 1655 multiplica'o
1651 1592 2037 1659 perfectionem
2108 1610 2226 1650 eam

639 1678 975 1744 assequitur,
1023 1692 1141 1742 quze
1187 1677 1238 1729 in
1292 1679 1523 1743 viribus,
1576 1698 1696 1748 qua:
1750 1683 1908 1737 utiles
1962 1692 2119 1750 sttut,
2175 1694 2230 1739 et

640 1768 909 1833 spirituali
987 1771 1174 1836 \‘igorc
1252 1773 1580 1826 continetur.
1648 1773 1781 1827 Octo
1849 1791 1975 1829 vero
2036 1774 2228 1832 diebus

639 1858 806 1911 additi
863 1861 1223 1931 quadraginta
1275 1862 1443 1916 futuri
1485 1864 1665 1918 smculi
1717 1863 2024 1934 symbdum
2079 1873 2227 1930 sunt,

638 1952 782 2019 quod
842 1966 976 2007 sane
1027 1966 1233 2009 octava:
1279 1938 1661 2024 perfectionem
1713 1956 1892 2019 liabct,
1942 1967 1999 2011 ut
2037 1957 2231 2013 stabile

636 2058 693 2097 ut
754 2047 1174 2115 sempiternum.
1241 2054 1465 2115 Oportet
1525 2047 1668 2102 enim
1722 2063 1819 2103 nos
1874 2048 1941 2102 ab
2004 2049 2233 2119 hujusce

638 2139 907 2208 temporis
936 2138 1098 2208 158
1138 2141 1437 2217 mutatione
1489 2140 1795 2207 septenario
1824 2140 1933 2210 (70)
1984 2144 2050 2195 ad
2082 2150 2231 2196 octa-

638 2242 762 2284 vam
817 2231 962 2285 illam
1022 2243 1075 2285 et
1136 2233 1374 2301 quietem
1423 2242 1602 2311 status
1657 2234 1821 2286 futuri
1885 2234 2117 2290 traduci.
2171 2234 2227 2290 Si

639 2340 769 2379 vero
823 2324 1044 2393 triginta
1088 2340 1153 2379 ac
1206 2340 1300 2379 sex
1335 2326 1452 2381 dies
1502 2335 1647 2391 sunt,
1700 2328 1900 2395 quibus
1948 2343 2071 2382 cum
2103 2329 2229 2384 reli-

640 2435 870 2486 quorum
923 2419 1256 2473 abstinentia
1309 2428 1560 2473 exactum
1607 2420 1769 2475 etiam
1819 2420 2083 2491 jejunium
2112 2423 2227 2495 (7|)
2276 2452 2280 2455 -

638 2514 1041 2565 observandum
1076 2514 1439 2579 suscepimus,
1474 2527 1649 2581 neque
1690 2514 1791 2568 hoc
1818 2528 1847 2567 a
1894 2524 2228 2585 congruente

638 2604 896 2673 allegoria
930 2613 1013 2659 est
1038 2604 1297 2659 alienum.
1335 2604 1447 2660 Non
1486 2606 1657 2661 solum
1691 2607 1835 2661 enim
1864 2623 1928 2662 ex
1961 2610 2065 2665 hoc
2108 2611 2227 2665 die-

641 2711 759 2749 rum
798 2711 1028 2751 numero
1062 2696 1230 2751 totius
1254 2698 1383 2750 anni
1419 2697 1838 2768 deciuiatiot'ii)
1870 2698 2225 2769 signiﬁcatur,

636 2788 731 2839 sed
771 2788 999 2857 mystica
1029 2788 1279 2855 quasdam
1324 2789 1428 2842 alia
1474 2789 1785 2857 suggeritur
1820 2792 2223 2859 contemplatio.

637 2878 903 2941 Quoniam
932 2879 1078 2930 enim
1129 2894 1190 2932 ea
1223 2893 1346 2949 quae
1376 2880 1610 2935 maxime
1635 2881 1924 2936 conciliant
1953 2883 2224 2938 hominem

640 2971 771 3033 lico,
832 2981 959 3025 sunt
1017 2985 1163 3025 recta
1219 2976 1286 3026 de
1335 2973 1442 3028 Deo
1492 2977 1759 3029 sententia
1814 2978 2228 3049 et;observatio

641 3073 1062 3129 prmceptorum,
1100 3065 1383 3133 utriusque
1422 3066 1496 3121 rei
1547 3069 1885 3120 reconditam
1932 3069 2224 3136 quamdam

639 3152 951 3206 doctrinam
999 3153 1086 3207 hic
1134 3170 1392 3209 numerus
1437 3158 1867 3225 comprehendit,
1912 3157 2223 3213 ﬁrmitatem
2254 3190 2297 3247 ο

640 3245 853 3300 Scilicet
902 3256 1065 3315 atque
1088 3249 1447 3302 constantiam
1482 3248 1533 3302 in
1564 3248 1667 3303 ﬁde
1700 3260 1902 3305 saucue
1922 3249 2224 3319 Trinitatis,

637 3347 692 3389 et
737 3337 995 3391 virtutum
1044 3338 1334 3403 circulum,
1381 3355 1540 3410 quem
1587 3341 1779 3410 jejunii
1841 3352 2086 3411 tempore
2134 3359 2229 3398 cx-

639 3428 900 3497 pleamus.
950 3429 1286 3485 Aiuntenim
1339 3431 1481 3486 hunc
1534 3448 1820 3487 numerum
1854 3434 2142 3499 circulum,
2176 3443 2229 3488 et

641 3521 935 3592 trigonum,
963 3534 1017 3581 et
1055 3534 1391 3598 tetragonum
1415 3541 1535 3582 esse
1557 3527 1693 3597 (73).
1728 3525 1919 3597 Itaque
1952 3527 2226 3598 trigonum

2346 574 2439 626 τοῦ
2465 574 2712 641 ζηλωτοῦ
2752 573 3139 642 ὑποδείγματι,
3164 572 3262 626 καὶ
3291 572 3380 626 διὰ
3415 573 3512 641 τῆς
3547 591 3926 644 τεσσαρακον-

2345 667 2591 737 θημέρου
2626 666 3021 729 κακοπαθείας,
3061 665 3169 717 τῶν
3192 665 3368 732 αὐτῆς
3398 665 3645 733 παγίδων
3669 667 3929 732 γενέσθαι

2347 760 2587 830 μακράν.
2621 757 2823 811 Τοῦτον
2848 758 2937 809 τὸν
2963 758 3159 827 καιρὸν
3192 757 3434 827 τιμήσας
3467 758 3561 808 καὶ
3592 759 3618 808 ὁ
3647 758 3928 825 Δεσπότης

2341 850 2584 919 ἡμῶν,ὲν
2596 850 2887 913 τοσαύταις
2909 850 3145 920 ἡμέραις
3162 847 3560 919 νενηστευκὼς,
3582 866 3929 920 καταστρατ-

2340 945 2469 1011 ηγεῖ
2509 944 2601 995 τὶν
2647 942 3006 1011 πειράζοντα,
3042 944 3132 995 καὶ
3164 941 3351 994 τοῦτον
3386 942 3630 1009 ἡττήσας
3666 942 3753 994 δια
3815 942 3925 994 τῶν

2338 1036 2711 1100 γενικοτὰτων
2764 1035 2956 1088 παθῶν
3023 1034 3119 1088 τοῦ
3178 1035 3302 1087 κατ’
3331 1034 3500 1087 αὑτοῦ
3541 1035 3780 1103 πολέμου
3824 1036 3925 1105 τὴν

2337 1127 2456 1180 ὁδὸν
2500 1130 2633 1197 ἡμῖν
2690 1128 3075 1192 καθνπέδειξε.
3128 1128 3556 1196 Τεσσαράκοντα
3607 1129 3664 1181 δὲ
3716 1130 3927 1196 ἡμέραι

2336 1221 2648 1284 τάσσονται,
2697 1221 2958 1290 δηλοῦσαι
3002 1222 3103 1281 τὴν
3146 1222 3239 1275 τοῦ
3278 1223 3532 1291 σώματος
3563 1222 3879 1289 τελειότητα
3908 1238 3924 1251 ·

2336 1313 2400 1366 ἐκ
2428 1314 2713 1384 τεσσάρων
2746 1314 2854 1383 γὰρ
2885 1314 3170 1383 στο;χείων
3199 1315 3321 1383 ἔχον
3349 1315 3448 1386 τὴν
3486 1314 3812 1383 σύγκρασιν,
3845 1313 3927 1381 τῇ

2333 1405 2525 1477 τελείῳ
2567 1406 2789 1477 ἀριθμῷ
2833 1406 3414 1477 πολυπλασιαζόμενον
3446 1408 3657 1461 τέλειον
3708 1409 3925 1473 γίνεται

2334 1494 2726 1562 πνευματικῶς
2762 1494 3016 1564 ἀκμάζον
3046 1498 3168 1558 ταῖς
3216 1497 3554 1566 προσφόροις
3592 1498 3923 1564 δυνάμεσιν.

2335 1585 2401 1636 Δί
2432 1585 2490 1637 δὲ
2538 1586 2687 1639 ὀκτὼ
2736 1587 3149 1654 τεσσαράκοντα
3198 1590 3628 1659 προστιθέμεναι
3665 1590 3757 1642 τοῦ
3788 1590 3927 1659 μέλ⁸

2330 1677 2515 1739 λοντος
2546 1678 2740 1739 αἰῶνος
2770 1679 3082 1748 ὑπάρχουσι
3124 1679 3415 1748 σύμϐολον,
3449 1684 3506 1742 ὃς
3549 1683 3735 1748 ὄγδοός
3776 1683 3921 1740 ἐστι,

2333 1771 2426 1823 καὶ
2457 1769 2650 1833 ἑστὼς,
2688 1772 2783 1824 καὶ
2818 1772 3011 1829 ἀΐδιος.
3061 1776 3154 1826 Δεῖ
3190 1776 3296 1843 γὰρ
3329 1775 3476 1843 ἡμᾶς
3516 1776 3625 1826 ἀπὶ
3663 1775 3761 1843 τῆς
3826 1773 3889 1825 ἐῢ
3914 1799 3927 1809 -

2338 1864 2641 1934 δοματικῆς
2695 1864 2898 1933 ταύτης
2965 1865 3058 1919 τοῦ
3122 1867 3316 1935 χρόνον
3373 1869 3640 1934 κινῆσεως
3687 1870 3767 1928 εἰς
3823 1869 3927 1934 τὴν

2339 1955 2535 2026 ὀγδόην
2594 1958 2689 2009 καὶ
2731 1957 3034 2027 μέλλουσαν
3082 1958 3425 2027 καταντῆσαι
3458 1959 3817 2012 κατάστασιν.
3859 1960 3925 2011 Εἰ

2338 2046 2395 2100 δὲ
2427 2048 2521 2099 καὶ
2554 2047 2850 2116 τριάκοντα
2922 2050 3019 2103 καὶ
3045 2050 3103 2115 ἒξ
3130 2044 3333 2120 ἡμέραι
3366 2053 3528 2114 εἰσὶν,
3574 2053 3630 2104 ὲν
3663 2046 3750 2113 αἷς
3785 2052 3927 2118 μετᾶ

2339 2139 2435 2211 τῆς
2460 2140 2787 2211 ἐγκρατείας
2822 2141 2915 2195 καὶ
2942 2146 3198 2212 νηστείαν
3225 2144 3427 2214 ἀκριόἧ
3455 2147 3643 2213 τηρεῖν
3678 2144 3893 2213 παρελά

2340 2231 2534 2303 δομεν,
2565 2233 2685 2287 οὐδὲ
2718 2232 2876 2288 τοῦτο
2902 2238 3000 2305 τῆς
3028 2236 3348 2306 πρεπούσης
3370 2238 3601 2309 Θεωρίας
3627 2238 3923 2289 ἀνοίκειον.

2338 2325 2415 2378 Οὐ
2448 2327 2609 2395 μόνον
2640 2329 2750 2397 γὰρ
2800 2330 3216 2394 ἁποδεκάτωσις
3261 2334 3326 2385 ἐκ
3374 2332 3583 2384 τούτων
3635 2332 3921 2384 δείκνυται

2338 2417 2431 2472 τοῦ
2463 2418 2589 2472 ὅλου
2621 2420 2899 2485 ἐνιαυτοῦ,
2946 2422 3084 2475 ἀλλὰ
3131 2425 3227 2476 καὶ
3280 2425 3548 2492 μυστικόν
3578 2442 3629 2476 τι
3667 2426 3927 2493 ἐμφαίνει

2338 2506 2624 2580 θεώρημα.
2675 2510 2897 2581 Ἐπειδὴ
2944 2510 3053 2580 γὰρ
3084 2514 3154 2566 τὰ
3183 2514 3260 2584 τῷ
3299 2513 3418 2583 Θεῷ
3467 2513 3929 2584 προσοικειοῦντα

2336 2600 2427 2655 τὸν
2462 2601 2754 2672 ἄνθρωπον
2786 2604 2963 2657 ταῦτα
2994 2605 3167 2668 ἐστιν,
3193 2606 3226 2675 ἦ
3252 2622 3310 2658 τε
3346 2606 3481 2676 ὀρθὴ
3518 2610 3643 2675 περὶ
3678 2608 3739 2658 τὸ
3767 2606 3927 2658 Θεῖον

2336 2692 2629 2764 ὑπόληψις,
2675 2694 2773 2748 καὶ
2884 2696 2950 2749 ὲκ
2978 2695 3089 2749 τῶν
3120 2696 3350 2749 ἐντολῶν
3384 2699 3638 2767 τήρησις.
3678 2697 3924 2765 ἀμφοτέ-

2338 2803 2446 2857 ρων
2474 2787 2576 2857 τὴν
2603 2788 3000 2856 μυσταγωγίαν
3038 2790 3285 2859 περιέχει
3319 2793 3347 2843 ὁ
3382 2791 3615 2861 ἀριθμός
3640 2807 3651 2817 ·
3687 2791 3747 2842 τὸ
3776 2792 3835 2841 ἐν
3858 2792 3927 2859 τῇ

2336 2877 2518 2930 πίστει
2565 2878 2663 2946 τῆς
2706 2880 2871 2947 ἁγίας
2901 2879 3135 2950 Τρίαδος
3182 2881 3396 2945 ἑδραῖον
3430 2884 3521 2934 καὶ
3554 2881 3923 2950 ἀμετάθετον,

2335 2971 2431 3023 καὶ
2458 2970 2548 3022 τὸν
2576 2969 2775 3023 κύκλον
2824 2972 2937 3024 τῶν
2963 2972 3195 3041 ἀρετῶν,
3212 2966 3297 3025 ὧν
3328 2974 3609 3043 πληρωταὶ
3634 2972 3929 3040 γενώμεθα

2335 3064 2393 3113 ὲν
2422 3061 2499 3131 τῷ
2532 3065 2632 3131 τῆς
2666 3062 2925 3131 νηστείας
2971 3063 3171 3133 καιρῷ.
3220 3064 3359 3115 Φασὶ
3404 3068 3517 3133 γὰρ
3555 3065 3646 3116 τὸν
3689 3065 3929 3133 ἀριθμὸν

2334 3153 2526 3207 τοῦτον
2556 3155 2650 3205 καὶ
2684 3154 2886 3207 κύκλον
2945 3151 3107 3217 εἶναι,
3150 3157 3242 3207 καὶ
3270 3156 3560 3223 τρίγωνον,
3599 3158 3692 3208 καὶ
3722 3155 3927 3225 τετρὰ-

2335 3262 2511 3313 γωνον
2533 3261 2547 3276 ⁸
2573 3244 2828 3314 δηλοῦται
2862 3245 2916 3297 δὲ
2944 3246 3032 3298 δα
3057 3246 3157 3313 μὲν
3180 3246 3274 3298 τοῦ
3299 3264 3363 3315 τρ
3390 3263 3426 3312 γ
3447 3247 3566 3297 {ww
3588 3247 3684 3312 τῆς
3711 3246 3929 3307 ἐνιαῗας

2337 3340 2553 3407 φύσεως
2583 3342 2615 3409 ἡ
2649 3338 2758 3391 τῶν
2801 3340 3117 3408 προσώπων
3157 3340 3401 3409 διαφορά
3434 3356 3448 3369 ’
3486 3341 3571 3392 διὰ
3603 3338 3659 3391 δὲ
3701 3337 3791 3389 τοῦ
3834 3354 3931 3389 τεο

2334 3434 2643 3504 τριγώνου,
2678 3435 2709 3502 ἠ
2746 3433 2883 3503 πρὸς
2921 3434 3094 3505 αὐτὴν
3138 3432 3275 3502 ὀρθὴ
3324 3432 3507 3495 πίστις
3563 3431 3928 3498 καὶηπάγιος.

2336 3525 2750 3597 Δνσμετάθετον
2794 3528 2904 3598 γὰρ
2957 3527 3019 3579 τὸ
3074 3527 3264 3595 σχῆμα
3309 3523 3408 3577 τοῦ
3442 3520 3817 3593 τετραγώνοο,
3852 3516 3928 3573 δι’

1878 3688 2205 3751 Francisci
2234 3688 2442 3752 Scorsi
2479 3695 2667 3751 notae.

713 3829 827 3901 (70)
873 3830 1168 3885 Mutatione
1208 3833 1529 3900 septenaria.
1592 3832 1726 3888 Vide
1763 3848 1881 3902 quae
1927 3832 1995 3887 de
2035 3843 2223 3902 septev

641 3904 796 3956 nario
845 3916 1073 3955 numero
1130 3903 1567 3966 observavimus,
1621 3905 1771 3960 hom.
1835 3906 1881 3967 ι,
1925 3912 2043 3958 not.
2090 3904 2221 3969 000,

638 3985 688 4046 ει
727 3983 985 4046 praetcrea
1018 3973 1319 4046 longiorem
1370 3979 1657 4046 mysticam
1722 3975 2223 4046 considerationem

638 4042 883 4097 Philonis
934 4041 1168 4113 Hebraei,
1219 4044 1310 4097 lib.
1350 4041 1640 4099 De'mundi
1704 4045 1953 4113 api/icio;
2015 4044 2226 4099 Macro-

640 4115 785 4197 lrium
829 4128 949 4237 σεξ.
991 4112 1045 4178 6,
1088 4115 1143 4170 in
1198 4113 1387 4170 Somn.
1450 4115 1597 4185 Scip.
1632 4132 1647 4181 ;
1685 4112 1743 4171 et
1769 4117 1985 4169 Petrum
2018 4116 2223 4187 Bongo,

640 4202 690 4237 Ill
722 4200 871 4237 num.
941 4224 956 4237 .

639 4202 690 4238 Ill
722 4200 871 4239 num.
911 4200 956 4239 Ι.

710 4256 824 4325 (7|)
868 4253 1130 4308 Exactum
1174 4258 1337 4310 etiam
1403 4256 1684 4323 iejuuium.
1737 4258 1813 4311 De
1851 4258 2061 4311 ratione
2089 4256 2225 4325 jeju-

639 4327 714 4379 nii
765 4343 828 4381 ex
882 4326 1198 4395 Graecorum
1257 4344 1409 4381 more
1434 4329 1743 4391 conStituti,
1776 4329 1917 4382 unde
1958 4330 2226 4395 petendus

637 4407 722 4451 cst
778 4395 935 4463 hujus
983 4398 1109 4451 libri
1147 4400 1476 4462 intellectus,
1522 4398 1611 4453 ubi
1650 4399 1868 4465 triginta
1900 4414 1994 4452 sex
2031 4398 2227 4453 diebus

637 4468 1053 4592 OXQCIUIIIggCll
1076 4470 1359 4523 observari
1386 4468 1650 4539 jejunium
1676 4469 2038 4523 disseruimus
2073 4470 2223 4523 hom.

638 4554 731 4592 xv.
763 4548 875 4591 not.
983 4576 995 4589 .

638 4554 731 4600 xv,
763 4548 875 4591 not.
907 4548 995 4592 5U.

2398 3834 2513 3904 (73)
2539 3832 2818 3888 Circulum
2844 3842 2894 3887 et
2920 3833 3207 3901 triqoaum,
3240 3842 3288 3887 et
3306 3843 3631 3902 letragonum
3658 3848 3788 3885 esse.
3819 3830 3931 3886 llas

2324 3906 2542 3959 numeri
2594 3905 2862 3960 tricesimi
2914 3906 3050 3958 sexti
3103 3905 3481 3957 arithmeticos
3523 3904 3783 3962 rationes,
3822 3918 3927 3956 seu

2327 3977 2529 4044 liguras
2569 3977 2892 4029 mathemat.
2922 3976 3100 4043 posuit
3138 3986 3326 4028 noster
3369 3977 3469 4027 hac
3508 3974 3931 4044 homiha,‘qnas

2329 4042 2516 4101 itidem
2556 4045 2825 4099 homiliat
2870 4042 3150 4114 posuerat,
3179 4045 3273 4099 sed
3329 4060 3435 4097 non
3470 4046 3715 4109 exponit.
3751 4042 3931 4096 Sena-

2331 4119 2471 4171 rium
2542 4128 2667 4168 rtem
2707 4131 2995 4170 numerum
3030 4116 3179 4169 hom.
3236 4115 3302 4168 de
3332 4114 3566 4181 judicio,
3604 4116 3775 4166 trinas
3830 4117 3930 4166 lia-

2332 4188 2465 4242 here
2513 4187 2902 4252 dimensiones,
2933 4196 2988 4239 et
3039 4200 3106 4239 ex
3168 4187 3398 4251 trigonis
3456 4186 3711 4250 componi
3756 4183 3929 4245 dixit.

2335 4274 2437 4311 nec
2490 4258 2781 4324 expliciiit;
2843 4256 2979 4312 satis
3006 4256 3152 4311 enim
3190 4258 3377 4310 habuit
3400 4269 3493 4307 eas
3527 4256 3708 4307 theses
3733 4254 3801 4304 ah
3830 4269 3927 4305 ea-

2337 4343 2459 4381 rum
2495 4343 2675 4381 rerum
2702 4327 3065 4391 scriptoribus
3112 4327 3179 4379 ad
3229 4326 3345 4395 pios
3400 4339 3596 4378 Stfllslts
3626 4325 3928 4376 conﬁcien-

2337 4399 2437 4453 dos
2470 4412 2767 4452 assumere.
2826 4397 2931 4451 Sed
2987 4397 3132 4464 quod
3167 4408 3220 4450 ct
3255 4397 3501 4463 inprima
3548 4395 3634 4446 illa
3690 4396 3840 4448 hom.
3870 4403 3930 4446 et

2339 4469 2550 4522 decima
2583 4478 2776 4522 octava
2818 4468 3047 4537 polliciti
3100 4482 3313 4529 sumus,
3365 4481 3425 4519 ea
3462 4481 3559 4517 nos
3599 4465 3930 4537 explanatu-

2340 4555 2454 4602 ros,
2508 4548 2566 4592 ut
2609 4538 2743 4591 ttiltil
2787 4539 3086 4592 involutum
3127 4552 3193 4591 ac
3235 4545 3436 4589 tectum
3478 4537 3818 4601 relinquatur
3865 4536 3923 4586 in

710 4590 849 4677 ('72),
872 4590 1052 4662 Totius
1075 4611 1202 4663 anni
1226 4611 1528 4665 decimatio.
1554 4609 1689 4665 Vide
1724 4612 1924 4665 dietum
1961 4609 2019 4664 S.
2058 4609 2220 4678 Greg.
2261 4590 2310 4653 υ
2338 4590 2454 4668 hoc,
2480 4590 2728 4673 auctore,
2777 4590 2899 4678 iam
2922 4590 3293 4678 praestamus;
3347 4620 3554 4673 uosque
3608 4590 3773 4678 c'tiam
3826 4605 3925 4673 qui

641 4679 816 4750 Magni
879 4682 1106 4732 relatum
1162 4682 1309 4734 born.
1366 4696 1456 4743 xv,
1500 4683 1643 4743 quod
1682 4682 1805 4735 huic
1863 4680 2223 4750 Theopb.d_i.

640 4748 1052 4804 cto'consonat.
1117 4750 1221 4804 Sed
1260 4752 1302 4803 si
1359 4760 1472 4804 tum
1512 4750 1741 4820 Gregor.
1798 4760 1911 4805 tum
1974 4748 2219 4819 Ther-pb.

641 4826 845 4875 dictum
897 4824 963 4873 ad
1020 4819 1263 4875 calculos
1323 4819 1635 4886 revocetur,
1692 4822 1915 4889 triginta
1966 4836 2057 4874 sex
2100 4824 2221 4877 dies

640 4892 851 4944 decima
911 4905 1037 4957 pars
1089 4906 1214 4945 esse
1269 4892 1707 4962 deprehendetur
1738 4896 1950 4946 dierum
2008 4903 2222 4946 trecen-

645 4972 822 5015 torum
883 4971 939 5014 et
989 4963 1314 5029 sexaginta;
1367 4974 1629 5031 superant
1681 4973 1863 5014 autem
1916 4962 2096 5016 adhuc
2156 4976 2222 5016 ex

640 5046 788 5086 anno
815 5031 933 5085 dies
958 5032 1233 5101 quinque;
1285 5035 1378 5085 sed
1407 5035 1598 5087 horum
1630 5034 1754 5100 quia
1792 5048 1895 5085 non
1923 5032 2222 5100 perfectura

642 5119 707 5156 ac
759 5102 1074 5165 rotundum,
1112 5106 1203 5157 sed
1248 5106 1539 5172 abruptum
1599 5114 1653 5158 et
1704 5103 1991 5158 concisura
2031 5118 2224 5156 nume-

645 5189 761 5226 rum
797 5172 1058 5235 elllciunt,
1119 5175 1255 5227 ratio
1292 5175 1595 5242 pra-serum
1628 5191 1655 5226 a
1699 5175 1874 5227 sacris
1909 5174 2224 5229 oratoribus

645 5244 837 5311 haberi
868 5259 973 5296 nou
1013 5244 1172 5298 solet.
1243 5244 1381 5311 Quin
1413 5256 1467 5299 et
1507 5244 1715 5298 Tullius
1774 5245 1939 5297 etiam
1981 5246 2034 5298 iu
2077 5255 2222 5298 orat.

642 5316 699 5368 in
736 5313 795 5367 L.
828 5308 1123 5369 Pisoaem:
1178 5308 1291 5383 Ego
1335 5318 1387 5368 in
1447 5314 1507 5370 C.
1581 5315 1797 5367 liabirio
1844 5315 2226 5381 perduellionis

643 5402 731 5439 rso
769 5384 838 5438 40
873 5388 1027 5438 annis
1052 5397 1173 5439 ante
1195 5402 1275 5437 me
1296 5387 1562 5440 consulem
1591 5386 1959 5453 interpositam
2008 5395 2225 5440 senatus

643 5458 1021 5513 auctoritatem
1049 5457 1281 5511 sustinui
1310 5468 1495 5510 contra
1525 5460 1799 5519 invidiam,
1821 5467 1975 5524 atque
1992 5456 2225 5525 defendi.

641 5528 710 5580 At
744 5527 874 5581 anni
943 5539 1341 5596 praecessuant
1383 5546 1489 5581 non
1541 5529 1630 5592 40,
1682 5529 1776 5582 sed
1831 5529 2049 5596 triginta
2108 5541 2224 5580 sex.

641 5598 856 5651 Accidit
932 5598 1080 5652 enim
1137 5598 1197 5651 (Σ.
1276 5597 1486 5652 Rabirii
1549 5598 1749 5652 factum
1812 5598 1873 5653 C.
1937 5596 2107 5651 Mario
2165 5596 2225 5651 L.

642 5667 837 5723 Flacco
892 5666 1235 5739 consulibus.
1303 5668 1420 5724 Non
1467 5680 1548 5725 est
1590 5669 1754 5739 igitur
1808 5668 2027 5723 subtilis
2076 5683 2229 5722 com.

644 5741 877 5805 putatio,
908 5751 968 5793 ut
1023 5738 1225 5803 Paulus
1276 5739 1554 5796 Manutius
1610 5738 1661 5792 iu
1714 5738 1858 5793 ltuuc
1893 5739 2111 5804 locum,
2174 5749 2230 5793 et

643 5807 961 5933 lrpiiclesse
1030 5824 1236 5867 morem
1288 5811 1573 5870 Ciceronis
1634 5810 1904 5867 Asconius
1960 5809 2230 5867 Pedianus

643 5894 673 5933 a
718 5894 806 5933 ver
835 5895 847 5933 ι
878 5918 893 5933 .

642 5888 893 5934 advertit.

2330 4680 2727 4733 matberuatica
2774 4675 2862 4732 trix
2901 4677 3290 4743 delibavimus,
3337 4694 3365 4729 a
3403 4675 3925 4729 mathematicorum

2329 4766 2469 4819 penu
2511 4766 2572 4803 ea
2630 4750 2888 4815 mutuari,
2913 4764 3018 4802 non
3075 4757 3334 4819 tanquam
3363 4762 3393 4801 ε
3428 4747 3562 4799 cella
3595 4754 3784 4800 nostra
3827 4746 3928 4819 de-

2330 4817 2583 4890 promere
2621 4820 2855 4873 fatemur
2902 4821 3157 4890 ingenue.
3234 4817 3419 4890 Itaque
3470 4826 3528 4869 ut
3559 4830 3638 4890 _a-
3674 4818 3928 4890 senario,

2333 4886 2587 4961 tanquam
2628 4904 2657 4942 a
2695 4890 2810 4961 basi
2864 4886 3315 4961 tricesimihsexti
3359 4886 3572 4961 numeri
3627 4886 3922 4961 incipiam,

2332 4963 2378 5015 is
2422 4957 2460 5014 δ’
2503 4959 2749 5029 Tltcoplt.
2796 4960 3083 5013 continere
3113 4959 3317 5012 dicitur
3368 4959 3565 5029 trinam
3622 4957 3931 5029 dimensio-

2332 5048 2457 5086 ucm
2524 5046 2593 5084 ex
2636 5026 2740 5098 qua
2794 5044 2995 5098 corpus
3046 5044 3209 5083 onme
3260 5026 3502 5098 perfecte
3556 5027 3925 5081 constitutum

2329 5113 2436 5156 est.
2487 5102 2642 5169 Quod
2695 5102 2838 5154 idem
2876 5110 2981 5158 est.
3038 5114 3102 5154 ac
3151 5101 3196 5155 si
3249 5101 3400 5152 diras
3460 5112 3746 5152 numerum
3800 5112 3930 5152 esse

2330 5172 2584 5228 solidum.
2643 5170 2832 5225 Solida
2891 5170 3038 5225 enim
3090 5184 3154 5225 ea
3184 5170 3443 5224 dicuntur
3483 5182 3603 5232 qua:
3651 5169 3925 5236 triplicem

2334 5247 2475 5299 llam:
2539 5242 2826 5297 διάστασιν
2850 5257 2941 5312 seu
2984 5241 3411 5312 magnitudinem
3465 5240 3690 5293 habent.
3751 5239 3930 5312 Sena-

2332 5319 2472 5369 rium
2527 5330 2691 5382 porro
2743 5311 2978 5367 solidum
3010 5311 3137 5367 esSe
3175 5312 3604 5382 demonstratur,
3652 5323 3722 5382 eo
3792 5311 3928 5378 quia

2334 5396 2446 5439 tres
2499 5380 2709 5439 numeri
2745 5386 2797 5444 1,
2837 5384 2893 5445 2,
2937 5384 2993 5448 3,
3059 5390 3247 5436 mutuo
3303 5397 3425 5436 sese
3473 5380 3927 5449 multiplicantes,

2334 5457 2610 5510 senarium
2663 5454 3000 5518 conliciuut;
3044 5468 3262 5520 semper
3303 5453 3448 5505 cnim
3504 5465 3569 5505 ex
3601 5451 3932 5520 multiplica-

2337 5527 2485 5581 tioue
2532 5527 2693 5579 unius
2741 5541 2807 5578 ex
2836 5526 2996 5578 dictis
3025 5526 3076 5577 in
3113 5524 3301 5583 alium,
3346 5534 3402 5576 et
3440 5524 3490 5575 in
3551 5523 3776 5576 tertium
3802 5536 3931 5590 pro-

2315 5597 2480 5653 ducti
2539 5598 2789 5650 senarius
2839 5596 3218 5659 procreabitur
3276 5609 3557 5655 numerus,
3600 5607 3666 5645 ac
3698 5595 3931 5659 proinde

2334 5668 2542 5723 solidus
2577 5667 2665 5719 ille
2713 5663 3023 5720 censendus
3077 5668 3183 5719 erit
3238 5678 3302 5718 ex
3356 5665 3566 5717 debuit.
3626 5664 3717 5723 l7,
3750 5661 3927 5714 litem.

2335 5739 2594 5793 Euclidis.
2650 5735 2723 5790 Ει
2770 5737 2962 5789 solidis
3013 5738 3141 5789 item
3183 5744 3267 5788 est
3311 5735 3543 5802 primus.
3601 5735 3731 5801 quia
3768 5747 3927 5786 eum-

2337 5810 2557 5878 ponitur
2599 5815 2675 5861 ex'
2701 5806 2949 5878 trigonis.
2981 5805 3283 5878 Trigonum
3313 5810 3460 5878 enim
3501 5819 3800 5878 uuure_rus_
3836 5803 3929 5854 ille

2338 5874 2663 5949 apptllatur,
2724 5874 2815 5947 qui
2870 5892 2933 5933 ex
2965 5877 3312 5947 aggerationc
3341 5877 3579 5930 radicum
3628 5874 3926 5929 abunitate
