4190 6436
714 362 818 424 515

1899 353 2398 416 TIIEUI‘IIANIS
2432 351 2772 412 CERAMEI

3874 351 3987 416 515

710 472 946 524 amicum
1002 480 1246 522 nostrum
1301 483 1419 521 esse
1480 466 1679 527 Deum;
1712 466 1928 517 vulnera
1983 480 2110 517 vero
2156 477 2295 524 esse,

2403 462 2625 524 ἐννοεῖν,
2660 458 2814 527 φίλον
2847 458 2945 527 μὲν
2991 457 3151 527 ἡμῶν
3190 457 3279 511 τδν
3310 456 3464 522 Θεὸν,
3511 460 3806 530 τραύματα
3833 460 3892 511 δὲ
3924 461 3981 512 αἱ

709 579 833 634 qum
863 562 1320 619 adcocrcendnm
1350 576 1542 628 corpus
1580 558 1778 612 inflicta
1812 572 1909 612 nos
1942 557 2197 611 erudiunt
2229 556 2294 610 ad

710 658 963 712 salutem.

786 766 805 799 ι
846 748 1011 801 Maria
1062 757 1245 799 autem
1296 754 1432 808 erat,
1482 759 1601 813 qua:
1656 742 1809 795 unxit
1859 742 2145 795 Dominum
2196 758 2293 795 uu-

707 845 924 905 guento,
965 842 1017 887 ct
1053 834 1275 888 extersit
1327 834 1493 901 pedes
1540 833 1655 901 ejus
1701 831 1908 895 capillis
1958 832 2098 897 suis;
2144 831 2296 900 cujus

706 928 878 980 frater
910 926 1141 979 Lazarus
1173 923 1569 978 inﬁrmabatur.
1611 942 1629 974 ι
1664 922 1803 988 Quid
1840 938 1935 992 per
1966 934 2292 990 unguentum

706 1019 1061 1088 signiﬁcetur,
1100 1033 1287 1086 Quaeve
1330 1019 1399 1072 sit
1433 1016 1550 1083 ejus
1584 1015 1809 1081 utilitas,
1849 1015 2043 1084 quidve
2074 1015 2172 1069 sibi
2201 1030 2294 1067 vo-

706 1110 871 1165 luerit
898 1110 1063 1180 pedes
1089 1109 1300 1178 capillis
1326 1110 1660 1177 abstergere,
1680 1118 1863 1177 postea
1887 1106 2117 1159 dicetur.
2143 1105 2297 1160 Nunc

699 1202 810 1271 jam
861 1202 1146 1254 historiam
1180 1201 1555 1267 explicandam
1592 1196 1994 1267 aggrediamur.
2030 1197 2293 1260 Quoniam

704 1302 825 1362 post
860 1292 1018 1361 paulo
1049 1294 1113 1343 de
1146 1303 1424 1359 unguento
1457 1299 1509 1342 et
1544 1288 1800 1340 unetione
1869 1285 2114 1337 dicturus
2157 1293 2292 1347 erat,

702 1402 801 1456 per
845 1385 1288 1453 anticipationem
1342 1384 1444 1438 hoc
1495 1383 1632 1446 loco,
1668 1378 1813 1450 quod
1870 1380 2107 1433 futurum
2156 1386 2295 1443 erat,

703 1478 940 1546 alliligil.

782 1588 799 1618 ι
838 1570 1098 1622 Misernnt
1149 1584 1277 1637 (rgo
1312 1581 1530 1620 sorores
1578 1564 1695 1634 ejus
1733 1564 1893 1634 160
1938 1563 2003 1616 ad
2042 1578 2164 1616 eum
2203 1561 2249 1613 di
2274 1592 2296 1601 ς

700 1670 887 1713 centes
909 1680 920 1713 :
946 1660 1187 1724 Domine,
1210 1674 1353 1724 ecce,
1380 1674 1723 1725 queinainas.
1748 1658 2074 1708 intirmaiur.
2112 1674 2128 1703 ›
2158 1652 2294 1719 Quid

700 1764 779 1809 est
811 1770 987 1808 causa:
1018 1768 1113 1805 eur
1150 1754 1278 1820 ipsa:
1313 1770 1413 1804 nun
1451 1752 1669 1812 adeant,
1702 1765 1763 1801 ac
1805 1762 1897 1815 per
1929 1760 1986 1799 se
2025 1761 2127 1799 non
2158 1762 2297 1798 nun-

2401 551 2538 622 πρὸς
2588 549 2865 620 σωτηρίαν
2930 549 3167 602 παιδεῖαι
3223 552 3305 613 εἰς
3364 550 3586 604 κόλασιν
3630 551 3729 621 τῆς
3776 551 3986 619 σαρκὸς

2398 641 2763 709 ἐπαγόμεναι.

2476 750 2494 781 ι
2524 726 2631 784 Ἱιν
2673 731 2729 784 δὲ
2773 731 2964 800 Μαρία
2998 732 3030 801 ἡ
3077 730 3344 801 ἀλείψασα
3385 731 3477 783 τὸν
3528 730 3738 801 Κύριον
3798 732 3985 801 μύρῳ,

2399 822 2495 873 καὶ
2530 822 2819 891 ἐκμάξασα
2855 825 2976 885 ταῖς
3016 821 3192 892 θριξὶν
3222 822 3393 893 αὐτῆς
3425 823 3549 886 τοὺς
3582 822 3750 885 πόδας
3786 822 3983 885 αὑτοῦ,

2397 910 2465 986 ἧς
2495 917 2523 968 6
2557 915 2785 982 ἀδελφὸς
2826 916 3081 985 Λάζαρος
3128 916 3368 985 ἠσθένει.
3405 933 3425 967 ι
3475 915 3541 967 Τί
3576 915 3677 985 μὲν
3716 915 3777 967 τὸ
3810 913 3986 984 μύρον

2400 1007 2614 1077 ἐδήλου,
2648 1007 2740 1059 καὶ
2783 1007 3039 1077 ἡτούτου
3089 1007 3434 1075 προσένεξις,
3486 1006 3585 1060 καὶ
3625 1007 3686 1058 τὸ
3729 1007 3984 1076 ἐκμάξαι

2398 1100 2525 1162 τοὺς
2548 1098 2717 1161 πόδας
2746 1097 2836 1151 διὰ
2864 1099 2973 1151 τῶν
3006 1098 3229 1169 τριχῶν,
3259 1102 3317 1152 ὲν
3346 1100 3461 1162 τοῖς
3492 1099 3781 1167 ἑπομένοις
3806 1099 3985 1170 ῥηθή-

2401 1205 2597 1243 σεται·
2648 1190 2743 1244 νῦν
2778 1190 2835 1243 δὲ
2882 1191 2983 1261 τῆς
3045 1191 3285 1262 ἱστορίας
3316 1190 3639 1261 ἀρξώμεθα.
3680 1190 3837 1244 Ἐπεὶ
3889 1186 3988 1244 οὖν

2399 1279 2593 1349 ἔμελλε
2653 1282 2791 1350 μετά
2841 1280 3036 1350 μικρὸν
3092 1281 3468 1351 μνημονεῦσαι
3510 1282 3610 1351 τῆς
3657 1281 3753 1334 τοῦ
3806 1280 3986 1351 μύρου

2400 1372 2695 1442 ἀλείψεως,
2729 1373 3125 1442 προληπτικῶς
3152 1373 3391 1428 ἐνταῦθα
3427 1375 3558 1446 περὶ
3579 1373 3672 1427 τοῦ
3698 1373 3990 1445 μέλλοντος

2400 1467 2863 1537 προσημαίνεται.

2477 1578 2495 1611 ι
2529 1557 2882 1613 Ἀπέστειλαν
2914 1557 3007 1611 οὖν
3029 1559 3083 1610 αἱ
3110 1558 3333 1624 ἀδελφαὶ
3350 1558 3515 1611 αὑτοῦ
3545 1558 3805 1627 λέγουσαι
3834 1575 3849 1590 ·
3874 1558 3993 1612 K6-

2404 1664 2506 1716 ριε,
2540 1648 2637 1712 ῑδε,
2673 1647 2731 1699 ὃν
2766 1647 2961 1716 φιλεῖς,
2998 1648 3233 1699 ἀσθενεῖ.
3283 1666 3300 1698 ι
3340 1648 3405 1699 Τί
3450 1647 3651 1718 δήποτε
3692 1650 3794 1701 οὐκ
3823 1648 3992 1701 αὑταὶ

2400 1739 2819 1809 παραγίνονται,
2850 1740 3176 1807 αὐτάγγελοι
3209 1739 3305 1808 τῆς
3334 1739 3630 1809 πρεσϐείας
3652 1740 3947 1808 γενόμεναι
3974 1757 3992 1806 ς

701 1848 839 1901 tient
884 1858 939 1899 et
966 1842 1368 1912 deprecentur?
1401 1842 1629 1895 Maxime
1662 1856 1793 1893 sane
1824 1838 2167 1893 cenﬁdebant
2196 1851 2293 1905 pro

2403 1827 2615 1898 Σφόδρα
2670 1828 3068 1899 τεθαρῤηκυῐαι
3118 1823 3282 1899 ἦσαν,
3336 1829 3538 1899 πολλὴν
3574 1829 3797 1898 ἔχουσαι
3850 1831 3992 1899 πρ³ς

702 1936 1091 1998 familiaritate,
1129 1949 1248 2003 qua:
1298 1934 1430 2002 ipsis
1478 1947 1601 1984 cum
1649 1922 1867 1984 Christo
1902 1928 2293 1981 intercedebat.

699 2027 813 2082 lloc
864 2027 1009 2080 enim
1066 2027 1153 2079 illa
1204 2040 1337 2078 voce
1387 2021 1612 2076 allectus
1663 2022 1839 2075 indice
1890 2020 2292 2089 prodiderunt:

706 2137 725 2170 ι
765 2118 1013 2181 Domine,
1038 2133 1182 2177 ecce,
1218 2130 1377 2183 quem
1410 2128 1577 2175 amas,
1612 2113 1937 2165 inﬁrmatur.
1971 2130 1988 2161 ι
2029 2110 2120 2164 llis
2149 2111 2294 2164 enim

698 2209 944 2262 dolorem
997 2209 1286 2277 quemdam
1325 2194 1588 2259 ac'modo
1628 2221 1733 2258 non
1788 2214 2062 2273 stuporem
2098 2218 2206 2273 prae
2238 2217 2298 2257 se

700 2298 903 2363 ferunt,
940 2298 1081 2366 quod
1124 2296 1357 2348 amicqu
1394 2292 1604 2347 Domini
1643 2294 1867 2347 morbus
1905 2291 2163 2361 attigerit.
2199 2288 2297 2342 Vi-

699 2390 903 2443 debant
936 2390 1099 2443 etiam
1144 2388 1368 2443 fratrem
1408 2386 1568 2441 morti
1598 2387 1800 2442 sensim
1836 2385 2295 2455 apprOpinqnare.

698 2478 995 2533 Tiniebant
1029 2480 1198 2548 igitur
1228 2494 1295 2532 ne
1326 2479 1640 2533 novissimis
1671 2478 1788 2545 ejus
1820 2478 2003 2532 verbis
2050 2485 2299 2546 aspectu-

698 2586 805 2638 que
853 2571 1218 2639 privarentur.
1256 2569 1531 2624 Fortassis
1560 2570 1745 2632 etiam,
1776 2570 1917 2638 quod
1955 2568 2215 2625 Dominus
2243 2570 2297 2623 in

698 2662 921 2718 deserto
969 2663 1087 2716 loco
1132 2672 1588 2726 commoraretur,
1637 2663 1914 2732 segniores
1953 2677 2045 2716 eos
2081 2660 2297 2727 effecit;

699 2770 809 2809 non
843 2754 985 2809 enim
1022 2765 1149 2809 tunc
1180 2755 1233 2809 iu
1269 2754 1490 2809 civitate
1526 2752 1778 2823 degebat,
1809 2752 1905 2807 sed
1942 2757 2076 2805 ultra
2109 2750 2304 2807 Jorda-

700 2863 846 2901 nem.
877 2848 1259 2901 Verumtamen
1290 2847 1357 2900 ab
1386 2845 1545 2901 ofﬁcii
1580 2845 1934 2913 perfectione,
1958 2858 2133 2914 eoque
2154 2844 2299 2913 quod

699 2939 948 3003 dectbat,
981 2941 1135 2993 valde
1173 2940 1438 2993 defecisse
1469 2948 1793 3008 arguuntur.
1827 2934 2129 3005 Oportebat
2154 2936 2298 2990 enim

699 3046 793 3085 eas
832 3030 1226 3083 Sunamitidem
1268 3030 1411 3082 illam
1446 3028 1710 3091 :ernulari,
1745 3042 1865 3095 qua:
1914 3026 2023 3080 ﬁlio
2055 3026 2161 3095 jam
2195 3026 2303 3078 vita

2399 1921 2638 1989 Χριστὸν
2665 1923 2997 1991 οἰκειότητα.
3046 1922 3222 1977 Τοῦτο
3248 1923 3358 1991 γὰρ
3402 1920 3610 1985 ἔδειξαν
3643 1922 3739 1975 καὶ
3768 1921 3857 1974 διὰ
3886 1921 3995 1990 τῆς

2402 2013 2743 2082 περιπαοοῦς
2776 2016 2996 2086 ἐκείνης
3024 2016 3236 2087 φωνῆςέ
3275 2034 3294 2067 ι
3328 2015 3523 2085 Κύριε,
3557 2016 3656 2079 ίδι,
3697 2014 3759 2067 δν
3790 2016 3993 2082 φιλεῖς,

2400 2106 2640 2161 ἀσθενεῖ.
2681 2124 2700 2157 ι
2733 2107 3035 2179 Μονονουχὶ
3068 2109 3179 2178 γὰρ
3209 2107 3595 2179 ἀσχάλλουσιν,
3616 2106 3998 2177 ἐκπληττόμεο

2403 2217 2493 2253 ναι
2524 2200 2640 2263 πῶς
2672 2202 3009 2253 Δεσποτικοῦ
3046 2201 3202 2270 φίλου
3238 2202 3391 2263 νόσος
3423 2199 3731 2270 καθήψατο.
3773 2200 3996 2270 Ἐὡρων

2400 2292 2457 2345 δὲ
2488 2293 2582 2345 καὶ
2611 2295 2705 2345 τὸν
2737 2294 2968 2365 ἀδελφὸν
3005 2294 3084 2361 τῷ
3110 2294 3328 2365 Θανάτῳ
3358 2296 3501 2349 κατά
3532 2295 3708 2366 βραχὺ
3750 2295 3994 2362 γειτνιά-

2404 2383 2587 2449 ζοντα.
2643 2384 3023 2437 Ἐδεδοίκεσαν
3077 2384 3171 2437 οὖν
3216 2386 3291 2456 μὴ
3339 2389 3439 2455 τῆς
3490 2373 3725 2456 ἔσχ’ἀτης
3781 2385 3997 2438 ἐκείνου

2402 2477 2785 2547 ἀπολειφθεῖεν
2836 2477 3024 2547 φωνῆς
3066 2495 3127 2529 τε
3187 2478 3282 2531 καὶ
3344 2479 3544 2549 ὂψεως.
3607 2479 3765 2542 Ἴσως
3807 2480 3861 2531 δὲ
3901 2482 4001 2531 καὶ

2404 2572 2437 2640 ή
2498 2571 2557 2623 ὲν
2632 2572 2697 2642 τῇ
2762 2571 2956 2641 ἐρήμῳ
3044 2570 3141 2623 τοῦ
3235 2571 3492 2643 Σωτῆρος
3568 2574 3821 2645 διατριϐὴ
3902 2574 4001 2626 τὸν

2403 2658 2565 2712 δκνον
2632 2660 2825 2723 αὐταῖς
2891 2658 3253 2727 ἐνεποίησεν·
3302 2662 3365 2714 οὑ
3412 2665 3515 2735 γάρ
3546 2666 3605 2717 ὲν
3646 2664 3801 2717 πόλει
3850 2668 4002 2727 τότε,

2402 2751 2541 2806 ἀλλά
2601 2751 2778 2821 πέραν
2860 2752 3130 2822 Ἰορδάνου
3165 2752 3429 2823 διέτριϐε.
3494 2756 3641 2828 Πλὴν
3697 2757 3813 2810 ἀλλ’
3846 2760 4004 2826 ἐλέγ-

2404 2860 2592 2913 χονται
2637 2844 2781 2896 κατά
2832 2842 2969 2897 πολὺ
3019 2844 3426 2914 διαμαρτοῦσαι
3481 2848 3575 2917 τοῦ
3624 2849 3831 2902 τελείου
3906 2852 4004 2903 καὶ

2406 2937 2739 3006 πρέποντος.
2777 2936 2979 3009 Ἐχρῆν
3011 2937 3117 3011 γὰρ
3146 2940 3345 3004 αὐταῖς
3376 2938 3622 3011 ζηλῶσαι
3660 2943 3760 3013 τὴν
3799 2944 4006 2998 Σουνα-

2414 3028 2617 3098 μίτιδα,
2652 3028 2685 3098 ἢ
2719 3030 2817 3082 καὶ
2847 3031 3175 3101 τεθνηκότος
3210 3033 3311 3103 ῆδη
3341 3034 3436 3086 τοῦ
3468 3035 3660 3099 παιδὸς
3681 3036 3793 3089 οὔτ’
3824 3038 4005 3109 ἀπήλ-

700 3121 982 3185 defuncto,
1031 3136 1130 3175 nec
1179 3137 1329 3187 spem
1385 3121 1607 3188 abjecit,
1649 3134 1824 3188 neque
1874 3118 1940 3172 ad
1991 3116 2297 3171 Carmelum

2410 3137 2592 3186 πισεν,
2621 3119 2735 3174 οὒτ’
2765 3119 2983 3191 ὤκνησε
3008 3122 3242 3194 δραμεῖν
3268 3125 3403 3196 πρὸς
3436 3125 3536 3195 τὴν
3566 3125 3889 3198 Κάρμηλον.

699 3223 938 3267 montem
974 3227 1269 3281 properare
1295 3210 1560 3265 dubitavit
1592 3210 1661 3264 ".

780 3322 801 3356 ι
844 3304 1092 3359 Audiens
1126 3314 1309 3357 autem
1336 3300 1497 3357 Jesus
1527 3303 1705 3355 dixit:
1734 3300 2026 3355 inﬁrmitas
2056 3301 2170 3354 haec
2200 3315 2304 3354 non

615 3405 619 3408 ’
699 3406 783 3452 est
811 3398 878 3452 ad
910 3409 1165 3460 mortem,
1212 3397 1307 3450 sed
1355 3411 1451 3464 pro
1500 3395 1667 3464 gloria
1704 3394 1835 3457 Dei,
1886 3404 1943 3447 ut
1976 3393 2307 3463 gloriﬁcetur

700 3490 872 3545 Filius
900 3489 993 3544 Dei
1026 3506 1121 3557 per
1148 3505 1291 3543 eam.
1328 3508 1346 3539 ι
1386 3489 1450 3541 Et
1483 3504 1609 3540 vero
1641 3502 1813 3541 morte
1845 3487 1993 3539 ﬁnita
2026 3498 2145 3549 est;
2171 3501 2299 3556 quo-

702 3582 863 3635 modo
892 3597 1020 3651 ergo
1051 3582 1116 3634 ad
1150 3592 1379 3633 mortem
1431 3595 1537 3633 non
1588 3594 1709 3633 esse
1740 3578 1914 3632 dixit?
1945 3580 2012 3632 At
2052 3594 2156 3630 non
2190 3587 2307 3631 erat

700 3683 1131 3728 ςοιιερηιίιιιευιιι
1165 3686 1360 3725 vocare
1393 3681 1625 3725 mortem
1659 3685 1779 3723 eam
1811 3685 1972 3739 quam
2007 3679 2304 3740 exceptura

703 3772 822 3819 erat
852 3764 1002 3818 brevi
1036 3763 1387 3817 resurrectio.
1415 3765 1497 3815 An
1534 3763 1698 3833 igitur
1730 3775 1787 3816 ut
1817 3764 1989 3833 gloria
2025 3763 2165 3816 Deus
2194 3762 2305 3816 alli-

698 3865 938 3921 ceretur,
973 3852 1213 3907 Lazarus
1246 3862 1497 3908 mortuus
1524 3852 1647 3907 est?
1677 3853 2051 3922 Nequaquam.
2084 3851 2189 3906 Sed
2219 3853 2307 3907 ille

702 3948 924 4016 quidem
954 3959 1159 4000 natura:
1190 3947 1539 4012 necessitate,
1568 3948 1835 4017 siquidem
1869 3964 2015 4001 mors
2056 3949 2306 4001 humana!

702 4050 908 4092 naturae
926 4039 1219 4107 conjuncta
1236 4049 1339 4103 est,
1357 4038 1624 4093 decessit:
1647 4040 1738 4093 sed
1762 4056 1905 4093 mors
1930 4039 2015 4092 illa
2037 4041 2088 4091 in
2108 4038 2307 4093 divina:

700 4130 886 4197 gloriae
912 4129 1470 4193 vertituecasionem;
1504 4144 1627 4181 nam
1667 4130 1797 4180 illud
1827 4138 1907 4193 ut,
1942 4127 2302 4181 hocloconon

700 4235 918 4271 causam
948 4219 1245 4286 signiﬁcat,
1279 4218 1372 4271 sed
1396 4228 1671 4271 eventum.
1709 4218 1885 4271 Multis
1910 4232 2038 4272 vero
2062 4219 2225 4270 etiam
2252 4219 2303 4270 in

701 4311 837 4364 locis
863 4311 975 4380 (79)
1005 4311 1106 4362 hac
1132 4310 1389 4379 loquendi
1421 4312 1591 4379 figura
1616 4325 1784 4363 sacra:
1810 4308 2031 4363 Litterae
2056 4320 2301 4363 utuntur.

702 4401 969 4471 Propheta
1013 4402 1281 4468 siquidem
1318 4420 1332 4455 :
1375 4420 1393 4454 ι
1452 4402 1779 4465 Excaeeavit,
1825 4402 2024 4470 inquit,
2070 4416 2164 4455 cor
2208 4417 2305 4455 eo-

703 4510 843 4559 rum,
896 4506 957 4548 ut
988 4494 1233 4548 videntes
1266 4510 1371 4549 non
1424 4494 1713 4548 videant”
1754 4510 1767 4546 :
1812 4512 1831 4546 ι
1880 4504 1935 4547 et
1965 4494 2300 4563 Apostolus:

707 4604 727 4638 ι
757 4584 866 4640 Lex
894 4596 1074 4640 autem
1100 4586 1454 4653 subintravit,
1482 4598 1540 4640 ut
1566 4586 1871 4641 abundaret
1893 4586 2153 4641 delictum
2176 4587 2244 4641 ³⁸.
2277 4604 2297 4638 ι

699 4678 766 4734 Et
810 4678 1013 4743 saepius
1049 4679 1357 4748 hujusmodi
1389 4694 1458 4735 ex
1487 4688 1683 4735 eventu
1717 4679 1861 4734 dicta
1911 4678 2095 4748 quivis
2145 4667 2301 4735 inre1

770 4841 815 4873 ³⁸
841 4836 910 4893 lV
944 4836 1077 4906 Reg.
1108 4854 1182 4902 tv,
1225 4837 1279 4891 5.

2485 3318 2504 3351 ι
2549 3298 2815 3363 Ἀκούσας
2850 3299 2905 3353 δὲ
2934 3302 2961 3353 ὁ
3015 3299 3224 3370 Ἰησοῦς
3254 3296 3446 3355 εἶπεν
3482 3302 3633 3374 Αὕτη
3679 3306 3712 3374 ὴ
3744 3306 4005 3360 ἀσθένεια

2409 3390 2510 3443 οὐκ
2560 3391 2678 3442 ἔστι
2719 3392 2857 3461 πρὸς
2906 3392 3162 3458 θάνατον,
3212 3394 3333 3447 ἀλλ’
3376 3395 3522 3466 ὑπὲρ
3575 3396 3675 3463 τῆς
3708 3396 3870 3467 δόξης
3904 3400 4004 3453 τοῦ

2406 3482 2569 3545 Θεοῦ,
2600 3484 2687 3537 ἵνα
2722 3484 2952 3555 δοξασθῇ
2990 3488 3017 3536 6
3052 3486 3177 3547 Υἱὸς
3206 3485 3301 3538 τοῦ
3327 3487 3619 3557 ἀνθρώπου
3652 3486 3720 3541 δι’
3750 3489 3948 3544 αὐτοῦ.
3983 3512 3999 3539 ι

2408 3575 2519 3626 Καὶ
2580 3574 2689 3643 μὴν
2745 3575 2878 3643 πρὸς
2934 3576 3165 3627 θάνατον
3226 3576 3382 3647 ἔληξε
3414 3594 3427 3607 ·
3471 3578 3589 3641 πῶς
3645 3574 3742 3632 οὖν
3796 3579 4002 3633 εἶπενο

2413 3684 2430 3715 ι
2473 3668 2586 3719 Οὐκ
2615 3667 2728 3718 ἐστι
2760 3667 2895 3737 πρὸς
2928 3668 3194 3735 Θάνατονς
3225 3687 3243 3721 ι
3266 3670 3407 3721 Ἀλλ’
3436 3665 3529 3724 οὖν
3556 3672 3655 3724 οὐκ
3682 3667 3750 3742 ἦν
3780 3674 4010 3727 ἀκόλου-

2409 3756 2501 3809 θον
2533 3758 2766 3811 Θάνατον
2798 3760 3067 3829 ὀνομάσαι
3103 3760 3205 3832 τὴν
3261 3762 3398 3831 πρὸς
3444 3761 3620 3834 βραχὺ
3672 3764 4003 3820 ἀποείωσιν.

2407 3846 2536 3919 'Ap‘
2577 3847 2672 3904 οὖν
2695 3851 2783 3903 διὰ
2806 3852 2866 3904 τὸ
2895 3852 3219 3923 δοξασοῆναι
3248 3854 3341 3906 τὸν
3372 3853 3504 3907 Θεδν
3539 3856 3769 3924 τέθνηκε
3816 3857 4009 3920 Λάζα-

2412 3959 2503 4012 ρος
2532 3959 2544 4006 ;
2573 3942 2874 4012 Οὓμενουν.
2918 3945 3061 3996 Ἀλλ’
3101 3946 3129 3997 6
3176 3945 3277 4014 μὲν
3306 3946 3625 4013 ἀναγκαίως
3653 3947 3871 4001 ἀπεῦίω
3899 3967 4009 4018 φυ-

2410 4037 2578 4100 σικῶς
2599 4079 2615 4102 ,
2647 4037 2743 4090 τοῦ
2771 4039 3001 4092 θανάτου
3034 4040 3384 4110 συνημμένου
3416 4044 3481 4111 τῇ
3515 4041 3697 4109 φύσει*
3725 4043 4010 4111 πρόφασις

2408 4127 2462 4178 δὲ
2496 4128 2685 4196 οεῖκῆς
2718 4130 2874 4198 δόξης
2912 4131 2938 4181 6
2967 4130 3198 4193 θάνατος
3226 4132 3441 4200 γέγονε.
3475 4132 3549 4185 Τὸ
3586 4132 3717 4205 γὰρ,
3756 4134 3879 4200 ἵνα,
3912 4138 4011 4188 ὲν-

2408 4222 2587 4275 ταῦσὶα
2619 4224 2720 4276 οὐκ
2744 4225 3109 4291 αἰτιολογικόν
3142 4227 3318 4289 ἐστιν,
3349 4227 3463 4279 ἀλλ’
3488 4229 3553 4280 ὲκ
3571 4231 3667 4298 τῆς
3695 4228 4007 4292 ἐκσάσεως.

2408 4314 2686 4385 Πολλαχοῦ
2734 4315 2790 4367 δὲ
2839 4317 3038 4386 χρῆται
3085 4318 3119 4387 ἡ
3161 4317 3355 4389 Γραφὴ
3409 4318 3587 4388 τούτῳ
3621 4319 3701 4389 τῷ
3735 4321 4007 4389 σχήματι.

2418 4406 2478 4459 '0
2512 4407 2610 4475 μὲν
2642 4408 2749 4477 γάρ
2786 4410 3073 4477 προφήτης
3098 4427 3109 4438 ·
3143 4428 3162 4460 ι
3198 4410 3551 4479 Τετύφλωκε,
3586 4414 3776 4479 φησὶν,
3819 4413 4010 4465 αὐτῶν

2407 4496 2507 4558 τὰς
2556 4496 2836 4562 διανοίας,
2898 4497 2987 4550 ἵνα
3034 4498 3326 4567 βλέποντες
3372 4502 3449 4571 μὴ
3503 4499 3747 4569 βλάψωσι
3780 4515 3793 4530 ·
3838 4519 3859 4552 ι
3907 4505 4010 4556 καὶ

2418 4585 2747 4651 Ἀπόστολος
2775 4602 2789 4617 ’
2844 4606 2863 4639 ι
2900 4588 3087 4658 Νόμος
3148 4590 3423 4659 εἰσῆλθεν,
3476 4591 3561 4644 ἵνα
3615 4590 3891 4663 πλεονάσῃ
3945 4595 4012 4649 τδ

2406 4678 2787 4751 παράπτωμα.
2818 4699 2839 4734 ι
2874 4682 2990 4736 Καὶ
3028 4682 3302 4755 πολλαχοῦ
3345 4702 3430 4749 τις
3458 4684 3614 4756 εὖροι
3650 4685 3717 4739 lx
3739 4683 3837 4739 τοῦ
3863 4687 4009 4741 ἀπο-

1382 4836 1429 4869 "
1462 4835 1567 4890 lsa.
1595 4850 1669 4899 vi,
1714 4834 1816 4901 l9;
1848 4833 2008 4891 Joan.
2066 4850 2165 4901 xu,
2196 4834 2286 4889 ιο.
2366 4834 2411 4867 ⁸⁸
2444 4836 2606 4890 Rom.
2640 4834 2807 4904 v.20.

1951 4954 2285 5018 Francisci
2318 4957 2531 5019 Scorsi
2563 4962 2753 5019 noue.

770 5083 883 5155 (79)
913 5083 1103 5137 Multis
1131 5082 1292 5137 etiam
1327 5082 1477 5136 locis.
1507 5081 1631 5155 Hice
1658 5082 2016 5155 confirmatio
2040 5081 2199 5135 ducta
2230 5097 2295 5137 ex

698 5152 823 5211 aliis
862 5152 1143 5222 utriusque
1201 5155 1533 5207 'I'eslamenti
1564 5153 1695 5205 locis
1731 5154 1956 5221 praecisa
1995 5152 2193 5215 fuerat,
2232 5162 2288 5207 et

696 5228 940 5296 quidem,
956 5233 1015 5277 ut
1032 5225 1296 5290 susiiicari
1320 5226 1464 5286 licet,
1484 5242 1511 5276 a
1543 5224 1766 5277 librario
1786 5224 2293 5296 conipendiicausa,

699 5294 840 5367 quod
868 5298 985 5349 sine
1034 5310 1096 5348 ea
1127 5298 1330 5363 integra
1380 5303 1664 5363 appareret
1716 5294 2164 5367 ess_e_senten_tia,
2196 5294 2293 5367 sed

697 5363 759 5419 ea
800 5369 1049 5419 restituta
1105 5377 1187 5419 est
1224 5368 1486 5417 beneficio
1525 5380 1627 5417 ms.
1657 5366 1741 5417 cui
1774 5363 2033 5418 debemus
2061 5363 2293 5431 integri-

699 5448 865 5491 tatem
904 5436 1060 5505 hujus
1084 5436 1362 5498 homilite;
1400 5445 1484 5487 est
1513 5434 1657 5488 enim
1697 5433 1885 5486 mutila
1912 5442 1968 5487 et
2017 5433 2287 5487 diminuta

697 5507 885 5562 inultis
920 5507 1070 5563 locis.
1101 5506 1451 5575 pluribusque
1480 5505 1717 5573 periodis
1754 5506 1804 5558 in
1844 5515 2073 5575 utroque
2106 5518 2290 5558 exem-

698 5579 834 5647 plari
892 5575 951 5629 Ρ.
983 5586 1038 5629 et
1066 5574 1125 5629 ν.
1175 5575 1287 5647 Nec
1336 5591 1463 5647 vero
1512 5576 1644 5629 satis
1675 5576 1944 5647 integrum
1972 5574 2290 5647 plerumque

696 5644 781 5702 est
829 5647 1109 5715 exemplar
1166 5646 1335 5699 Vatic.
1395 5644 1561 5715 Igitur
1620 5646 1862 5700 subsidio
1898 5644 2291 5715 exemplarisa

698 5718 869 5772 Gallia
952 5713 1252 5783 transmissi
1315 5713 1457 5783 quod
1531 5730 1651 5770 cum
1708 5717 1830 5769 aliis
1897 5713 2293 5770 Parisiensibus

701 5791 857 5844 codd.
890 5788 1146 5845 collatqu
1177 5781 1375 5855 fuerat,
1436 5786 1525 5841 ubi
1552 5801 1613 5843 ea
1646 5803 1763 5857 qua:
1794 5790 1847 5843 in
1883 5787 2005 5843 aliis
2047 5787 2291 5841 detracta

2400 5083 2642 5169 fuerant,
2681 5084 3121 5169 s_alva_comperi,
3185 5086 3396 5169 plenam
3425 5102 3559 5169 eam
3592 5089 4006 5169 perfectamque

2400 5155 2454 5208 in
2482 5155 2654 5229 lucem
2684 5156 2776 5210 do.
2816 5156 2941 5229 Haec
2982 5155 3317 5229 admonitum
3351 5159 3520 5214 semel
3545 5155 3801 5221 lectorem
3822 5155 4000 5229 volui,

2401 5236 2515 5278 uta
2548 5224 2733 5281 labore
2766 5242 2830 5281 ea
2896 5226 3125 5295 singulis
3182 5229 3234 5281 in
3275 5227 3407 5283 locis
3444 5232 3660 5285 notandi
3717 5248 3803 5286 me
3858 5224 4002 5290 libe;

2399 5305 2567 5360 raret,
2590 5296 2858 5365 simulque
2888 5295 3171 5351 liberatam
3205 5299 3362 5352 ﬁdem
3404 5316 3577 5354 meam
3626 5316 3748 5356 esse
3798 5304 4001 5360 intelli-

2396 5376 2563 5433 geret,
2620 5382 2784 5434 quam
2834 5369 2885 5421 in
2939 5368 3060 5420 aliis
3106 5369 3331 5435 praestiti
3370 5370 3644 5435 homiliis;
3708 5372 3797 5427 hic
3843 5378 3996 5430 enim

2395 5446 2541 5489 esset
2597 5436 2858 5507 longioris
2883 5509 2893 5511 μ
2916 5452 3097 5506 opera:
3127 5439 3373 5511 scriptio,
3407 5450 3459 5494 et
3492 5442 3870 5511 multiplicatio
3894 5462 3999 5501 nu-

2400 5520 2698 5580 merorum,
2751 5509 2895 5577 quod
2961 5510 3211 5580 usuvenit
3252 5510 3303 5563 in
3358 5509 3661 5580 liujusmodi
3716 5514 3999 5571 veteribus

2403 5591 2555 5651 Inss._,
2590 5578 2719 5651 _alia
2774 5587 2941 5651 atque
2993 5578 3099 5633 alia
3137 5596 3297 5635 manu
3338 5578 3679 5651 transcripti:
3700 5598 3805 5637 non
3843 5600 3995 5651 raro,

2400 5647 2542 5728 quod
2590 5646 2891 5728 legentibus
2935 5664 3065 5707 mss.
3113 5660 3167 5707 et
3229 5646 3585 5721 interpretum
3622 5654 3677 5709 in
3720 5668 3783 5709 ea
3828 5646 3998 5722 noua

2401 5720 2570 5775 cuivis
2594 5720 2883 5775 constabit.
