4190 6436
124 437 206 504 591

1455 403 1779 469 HOMIUA
1826 400 2001 463 XXV.

3253 394 3358 458 522

127 556 286 612 Sim;
321 543 698 614 συνολὼμενος
729 546 796 611 τῇ
826 534 1115 600 ἀντιτυπία
1140 531 1231 583 τοῦ
1271 521 1668 596 ακρογωνιαῖου
1702 522 1736 577 Α

1829 513 1989 582 dique
2041 513 2440 583 quodammodo
2488 511 2676 565 Judam
2729 511 3063 580 perstringit,
3115 511 3206 579 qui
3264 527 3359 578 per

123 618 250 695 λὶθου
275 637 543 706 Χριστοῦ,
576 637 633 698 ὃς
663 629 960 700 ὠνομάσθη
985 627 1154 689 λίθος
1193 618 1677 689 προσκόμματος.

121 735 290 788 Ταῦτα
313 731 372 784 δὲ
403 729 583 795 λέγων
626 728 651 778 6
694 724 897 791 Κύριος
935 717 1180 785 πλαγίως
1233 729 1348 772 πως
1371 708 1464 761 τοῦ
1507 706 1682 758 ’ἰούδα

123 827 456 878 καθάπτεται
483 820 762 876 ἀσυνέτως
811 812 1368 878 λειποτακτήσαντος,
1426 804 1519 853 καὶ
1577 799 1685 851 τῶν

122 918 262 987 ιίτρῶν
281 914 380 983 τῆς
403 913 601 982 νοητῆς
637 909 876 977 ἡμέρας,
905 898 976 956 ὧν
1002 898 1067 972 ἦν
1097 897 1472 968 συναρίθμιος,
1494 891 1684 944 ἑαυτὸν

123 1011 582 1073 ύπεκστήσαντος,
619 1003 675 1052 ὲν
699 999 775 1067 τῷ
802 999 983 1049 σκότει
1009 995 1064 1047 δὲ
1095 993 1192 1058 τῆς
1217 985 1580 1058 φιλαργυρίας
1597 981 1690 1052 βα-

121 1101 382 1158 ὁεσαντος,
418 1095 516 1146 καὶ
547 1092 636 1144 διὰ
663 1089 820 1142 τοῦτο
852 1087 1052 1147 ἀθλίως
1085 1080 1517 1153 προσκόψαντος.

188 1211 204 1242 ι
251 1189 360 1242 Καὶ
417 1191 558 1256 μετὰ
605 1184 765 1236 τοῦτο
811 1179 935 1234 εἷπε
963 1196 976 1209 °
1011 1176 1263 1246 Λάζαρος
1293 1173 1321 1225 6
1351 1171 1504 1240 φίλος
1533 1166 1690 1236 ἡμῶν

127 1283 474 1350 κεκοίμηται,
510 1277 648 1330 ἀλλὰ
684 1272 992 1344 πορεύομαι
1020 1271 1108 1322 ἵνα
1151 1265 1423 1334 ἐξυπνίσω
1451 1261 1634 1314 αὐτόν.
1669 1277 1685 1309 ι

124 1378 224 1442 Τὴν
259 1372 575 1441 ἀναγκαίαν
607 1366 776 1422 αὑτοῦ
809 1364 946 1434 πρὸς
984 1361 1277 1420 Ἰουδαίους
1330 1356 1514 1424 ἄφιξιν
1542 1352 1697 1424 δηλο-

126 1467 280 1528 ποιεῖ,
315 1465 392 1526 ὡς
452 1463 540 1530 εἴη
577 1458 674 1511 τοῦ
725 1457 982 1529 Λαζάρου
1013 1456 1046 1523 ἡ
1075 1452 1354 1520 κοίμησις.
1384 1447 1607 1508 Δεικνὺς
1638 1445 1695 1497 δὲ

129 1557 211 1607 καί
261 1556 324 1608 τὸ
364 1554 464 1622 τῆς
500 1550 851 1610 ἀναστάσεως
894 1545 1142 1614 εὐχερὲς,
1184 1543 1274 1594 καὶ
1309 1543 1390 1593 ὅτι
1422 1539 1495 1601 ὡς
1531 1537 1699 1596 ὕπνος

129 1647 270 1715 αὖτῷ
301 1643 502 1714 συνέϐη
539 1646 567 1697 6
600 1643 832 1702 Θάνατος
857 1639 1055 1710 μικρὸν
1085 1637 1180 1690 τοῦ
1210 1634 1476 1702 συνήθους
1497 1633 1702 1700 μακρό-

128 1755 276 1807 τερος
304 1751 319 1766 '
363 1756 383 1787 ι
421 1738 697 1805 Λάζαρος,
729 1730 872 1797 εἷπε,
903 1732 1256 1797 κεκοίμηται.
1289 1745 1306 1777 ι
1329 1725 1438 1776 Καὶ
1470 1724 1578 1791 γὰρ
1605 1722 1703 1790 οὐχ

133 1829 268 1882 οἱτω
299 1829 409 1881 τινί
466 1828 650 1899 ῥᾴδιον
675 1824 965 1888 ἐξυπνίσαι
1008 1819 1362 1883 καθεύδοντα,
1388 1817 1512 1869 ὅσον
1547 1818 1700 1884 εὐχε-
1739 1853 1776 1905 η

136 1924 219 1992 ρές
258 1921 451 1988 ἐκείνῳ
480 1921 696 1987 ἐγεῖραι
738 1913 1067 1985 τεθνήξοντα
1095 1931 1109 1944 ’
1144 1912 1374 1980 σύνηθες
1424 1910 1480 1962 δὲ
1513 1907 1706 1961 καθεύ-

133 2013 284 2062 δοντα
321 2009 513 2061 καλεῖν
539 2007 632 2059 τὸν
666 2003 1071 2058 ἀναϐιώσεσθαι
1101 2002 1388 2070 μέλλοντα.
1409 2000 1565 2054 Οὕτω
1597 1999 1706 2069 γὰρ

137 2097 251 2152 εἷπε
281 2102 375 2152 καὶ
411 2099 542 2170 περὶ
576 2096 636 2151 τὺ
669 2097 763 2150 τοῦ
809 2096 1044 2166 Ἰαείρου
1085 2094 1410 2162 θυγάτριον,
1472 2091 1572 2143 οὐκ
1598 2093 1704 2143 άπο

138 2193 342 2257 ἑῦεινεν,
379 2191 518 2246 ἀλλὰ
549 2191 823 2244 καθεύδει.
867 2189 1077 2249 Ἀδαεῖς
1106 2190 1162 2240 δὲ
1203 2188 1352 2247 ὄντες
1384 2185 1433 2237 ol
1467 2184 1708 2253 μαθηταὶ

140 2288 224 2339 τοῦ
253 2287 421 2339 ὕπνον
479 2285 571 2338 τὸν
601 2283 831 2337 Θάνατον
864 2282 1124 2350 λέγεσθαι
1151 2299 1163 2310 ο
1200 2301 1218 2330 ‹
1261 2282 1322 2333 Εἰ
1355 2279 1706 2349 κεκοίμηται,

143 2375 307 2442 εἷπον,
352 2378 666 2447 σωθήσεται
693 2392 706 2405 ³

143 2471 414 2541 σωτηρίας
443 2470 554 2538 γάρ
581 2466 731 2537 αὑτῷ
761 2467 1036 2539 πρόςασις
1075 2466 1103 2516 6
1134 2464 1362 2528 θάνατος
1389 2465 1604 2532 γέγονε.

747 2395 764 2426 ι
794 2376 936 2444 τάχα
965 2391 1069 2426 που
1114 2372 1209 2427 καὶ
1236 2373 1671 2442 προσητεύοντες
1695 2388 1707 2400 ·

217 2672 237 2703 ι
272 2652 405 2704 Τότε
441 2652 572 2716 γοῦν
621 2649 1111 2720 ἀπαρακαλύπτως
1159 2648 1346 2710 αὐτοῖς
1375 2647 1558 2715 λέγει·
1601 2648 1713 2701 Λάο

144 2746 302 2812 ζιρος
357 2744 620 2797 ἀπέθανε.
668 2764 688 2796 ι
717 2745 924 2797 Σκόπει
979 2743 1036 2795 δὲ
1082 2742 1202 2805 πῶς
1251 2742 1338 2794 διὰ
1367 2743 1580 2794 πάντων
1608 2743 1717 2794 τῶν

145 2835 243 2902 τῆς
276 2836 520 2904 ἱστορίας
578 2834 845 2902 ῥημάτων
890 2835 961 2886 τὰ
1009 2834 1109 2902 τῆς
1142 2832 1374 2902 θεωρίας
1397 2832 1720 2901 παρέσπαρ-

145 2943 253 2976 ται.
300 2924 572 2993 Ὀπηνίκα
597 2927 710 2992 γὰρ
742 2923 894 2989 ἔλεγε
933 2923 1270 2991 κοιμηθῆναι
1299 2923 1390 2975 τὸν
1439 2922 1715 2992 Λάζαρον,

150 3017 299 3082 φίλον
326 3018 491 3069 αὑτὸν
545 3015 938 3084 κατωνόμαζε·
979 3035 996 3067 ι
1027 3016 1278 3084 Λάζαρος
1324 3018 1351 3066 6
1375 3016 1527 3079 φίλος
1561 3016 1721 3084 ὴμῶν

151 3108 487 3176 κεκοίμηται.
531 3125 548 3157 ι
595 3107 796 3158 Ἦνίκα
830 3107 885 3159 δὲ
935 3102 1112 3172 εἶπεν,
1153 3106 1472 3171 Ἀπέθανεν,
1533 3106 1721 3168 ἁπλῶς

1785 619 2048 660 summam
2094 605 2457 673 insipientiam
2501 604 2741 659 deseruit
2770 607 3013 659 ordinem
3051 605 3161 675 (89.)
3196 621 3361 674 seque

1785 697 1852 750 ab
1895 694 2242 766 intelligihilis
2289 696 2387 748 diei
2437 697 2604 762 horis,
2640 696 2692 749 in
2725 698 2922 764 quibus
2962 700 3360 752 annumeraba—

1790 800 1895 853 tur,
1928 788 2213 847 subduxit;
2260 797 2420 856 atque
2455 789 2504 841 in
2550 790 2790 843 avaritia:
2829 792 3066 844 tenebris
3109 793 3363 846 incedens

1793 881 2168 936 miserabiliter
2204 881 2271 935 ob
2312 897 2430 935 eam
2471 881 2708 936 oll'endit.

1871 1170 1887 1202 ι
1931 1149 1994 1203 Et
2032 1157 2149 1218 post
2182 1147 2293 1202 lucc
2331 1148 2466 1202 dixit
2497 1149 2575 1201 eis
2608 1164 2622 1199 :
2659 1145 2898 1201 Lazarus
2939 1165 3143 1205 amicus
3184 1164 3367 1207 noster

1796 1243 2028 1306 dormit;
2086 1245 2182 1294 sed
2229 1241 2392 1304 vado,
2438 1250 2496 1294 ιιι
2545 1254 2575 1292 a
2632 1255 2820 1293 somno
2867 1241 3095 1295 excitem
3145 1261 3287 1297 eum.
3341 1263 3361 1295 ι

1799 1337 2029 1392 Causam
2077 1333 2283 1402 aperit,
2321 1348 2486 1400 quare
2534 1333 2586 1386 in
2629 1329 2865 1385 Judaaam
2912 1333 3012 1388 sibi
3065 1337 3370 1391 necessario

1800 1427 2035 1481 eundum
2068 1434 2232 1487 esset,
2262 1440 2379 1491 quae
2409 1423 2624 1490 quidem
2657 1433 2772 1477 erat
2804 1422 2991 1478 Lazari
3026 1441 3270 1481 somnus.
3301 1425 3374 1482 Ut

1803 1533 1932 1573 vero
1977 1517 2287 1570 ostenderet
2359 1530 2517 1584 quam
2569 1516 2669 1569 sibi
2710 1513 2868 1571 facile
2914 1531 3074 1584 atque
3114 1520 3166 1573 in
3215 1536 3376 1573 manu

1807 1621 1951 1666 esset
1981 1625 2102 1665 eum
2135 1624 2163 1661 a
2195 1607 2422 1662 mortuis
2455 1606 2729 1674 excitare,
2761 1618 2816 1663 et
2848 1619 3072 1663 mortem
3111 1611 3182 1663 illi
3212 1611 3376 1665 veluti

1806 1721 2058 1761 somnum
2106 1701 2265 1758 solito
2306 1701 2602 1770 longiorem
2641 1701 2970 1771 Obrepsisse,
3059 1719 3078 1754 ι
3120 1701 3377 1770 Lazarus,

1809 1798 2009 1865 inquit,
2044 1795 2262 1848 dormit.
2302 1811 2320 1844 ι
2364 1793 2573 1846 Etenim
2610 1806 2714 1844 non
2753 1802 2860 1846 tam
2896 1793 3054 1850 facile
3089 1805 3176 1850 est.
3210 1796 3382 1851 cuivis

1809 1887 2225 1958 expergefacere
2287 1886 2682 1952 dormientem,
2739 1902 2901 1952 quam
2968 1889 3040 1942 illi
3109 1901 3382 1942 mortuum

1811 1982 2095 2036 suscitare.
2128 1977 2455 2032 Consuetum
2495 1993 2660 2046 porro
2696 1986 2778 2031 est
2813 1981 3168 2034 dormientem
3203 1981 3383 2035 vocari

1811 2088 1967 2134 eum,
2028 2070 2118 2138 qui
2161 2067 2381 2136 jamjam
2428 2069 2493 2122 sit
2542 2070 2862 2123 revictttrus.
2914 2070 3004 2124 Sic
3043 2073 3185 2124 enim
3229 2082 3283 2126 et
3321 2071 3391 2128 de

1811 2165 1946 2220 Jairi
1996 2164 2104 2218 [ilia
2162 2164 2374 2216 locutus
2425 2171 2506 2215 est
2555 2181 2568 2215 :
2626 2182 2644 2213 ι
2704 2161 2817 2215 Non
2869 2174 2950 2218 est
3003 2175 3247 2229 mortua,
3296 2166 3392 2219 sed

1813 2257 2093 2312 dormit”.
2129 2275 2146 2308 ι
2194 2257 2297 2311 Sed
2333 2273 2454 2311 cum
2489 2256 2738 2324 discipuli
2775 2266 2957 2311 essent
2989 2257 3183 2322 nescii,
3215 2261 3392 2311 sornnl

1815 2364 2010 2404 nouen
2055 2349 2215 2404 tribui
2263 2349 2419 2403 morti
2468 2350 2642 2404 solere
2686 2367 2698 2403 :
2748 2367 2766 2398 ι
2818 2348 2873 2402 Si
2917 2348 3144 2411 dormit,
3173 2349 3392 2416 dixere,

1817 2442 1997 2496 saltus
2041 2449 2156 2506 est,
2196 2462 2214 2493 ι
2263 2451 2316 2495 et
2355 2440 2606 2496 fortassis
2647 2442 2809 2496 etiam
2852 2442 3210 2512 pracdicentes
3253 2444 3396 2511 quod

1821 2547 1935 2588 crat
1960 2536 2231 2602 futurum;
2268 2553 2413 2592 mors
2441 2538 2585 2590 enim
2616 2537 2690 2590 illi
2727 2553 2886 2591 causa
2917 2537 3103 2591 salutis
3132 2537 3251 2591 fuit.

1899 2651 1916 2680 ι
1965 2630 2115 2684 'l'unc
2151 2644 2279 2699 ergo
2315 2627 2472 2682 .Icsus
2508 2627 2644 2682 dixit
2679 2627 2760 2682 eis
2801 2629 3127 2684 manifeste:
3162 2629 3401 2684 Lazarus

1821 2730 2067 2779 mortuus
2097 2731 2201 2777 est.
2235 2741 2254 2772 ι
2290 2723 2526 2775 Advorte
2555 2729 2609 2774 ut
2636 2735 2732 2789 per
2757 2723 2937 2774 omnia
2968 2721 3205 2776 historia:
3237 2725 3399 2776 verba

1823 2817 2094 2886 perspersi
2120 2815 2231 2870 sint
2255 2813 2532 2884 allegorit-i
2563 2827 2783 2878 sensus;
2814 2813 3031 2881 quando
3061 2814 3206 2867 enim
3235 2812 3402 2866 Laza-

1827 2925 1944 2962 rum
1982 2906 2221 2962 dormire
2255 2906 2426 2970 dixit,
2456 2906 2690 2960 amicum
2729 2905 3014 2975 appellavit
3047 2922 3063 2959 :
3105 2923 3124 2956 ι
3165 2905 3403 2960 Lazarus

1827 3000 2032 3054 amicus
2077 3007 2262 3052 noster
2309 2998 2538 3062 dormit;
2586 3015 2604 3048 ι
2652 2997 2882 3064 quando.
2918 3010 3045 3048 vero
3091 3006 3398 3060 mortuum,

1828 3092 2094 3144 Lazarum
2161 3089 2488 3159 simpliciter
2554 3088 2875 3142 nominavit.
2935 3087 3144 3141 Etenim
3213 3088 3405 3142 amicis

153 3199 371 3252 ἐκάλεσε
402 3198 671 3266 Λάζαρον.
701 3199 825 3258 Τοῖς
857 3197 955 3266 μὲν
982 3197 1092 3267 γὰρ
1113 3197 1233 3250 aint
1263 3198 1436 3264 φίλοις
1462 3199 1722 3268 Χριστοῦ,

1829 3184 2024 3240 Christi
2065 3197 2210 3236 mors
2240 3191 2324 3235 est
2357 3196 2582 3234 somnus
2617 3189 2671 3234 et
2732 3179 2914 3249 quies;
2952 3180 3145 3248 quibus
3178 3194 3302 3234 vero
3335 3182 3404 3235 ob

156 3292 321 3352 ὕπνος
349 3295 375 3344 6
410 3292 645 3353 θάνατος
682 3294 772 3344 καὶ
801 3292 1111 3354 ἀνάπαυσις
1150 3291 1376 3358 γίνεται.
1415 3285 1508 3353 Οἷς
1543 3291 1600 3343 δὲ
1633 3291 1727 3344 θά-

156 3395 313 3447 νατος
375 3387 527 3436 ἐστιν
563 3387 587 3434 ὀ
625 3383 718 3434 τοῦ
747 3384 996 3452 σώματος
1027 3385 1304 3452 χωρισμὸς
1333 3382 1418 3434 διὰ
1455 3382 1726 3452 φαυλότη-

155 3493 240 3538 τος
278 3476 407 3544 βίου,
437 3470 582 3528 οὕτοι
621 3475 833 3538 ἀνάξιοι
863 3475 1132 3542 κληθῆναι
1165 3475 1307 3540 φίλοι
1339 3473 1499 3526 Θεοῦ.

231 3589 250 3620 ι
302 3572 405 3622 Καὶ
463 3571 642 3637 χαίρω
697 3567 764 3618 δι’
805 3567 950 3634 ὑμᾶς
998 3567 1080 3619 ὅτι
1136 3567 1197 3619 οὐ
1234 3569 1504 3637 παρήμην
1537 3571 1670 3622 ἐκεῖ.
1706 3589 1724 3619 ι

162 3660 363 3728 Χαίρω,
395 3663 585 3727 φησὶν,
621 3659 774 3724 ὑμῶν
805 3659 1000 3710 ἕνεκα·
1038 3658 1098 3708 τὸ
1127 3661 1234 3727 γὰρ
1267 3659 1340 3730 μὴ
1377 3661 1631 3728 παρεῖναί
1663 3679 1730 3730 με

164 3755 216 3803 ἐν
247 3753 490 3822 Βηθανίᾳ
516 3751 765 3820 μείζονος
804 3751 1041 3812 πίστεως
1083 3750 1212 3819 ὑμῖν
1247 3750 1400 3804 ἔσται
1434 3754 1730 3821 πρόφασις.

164 3847 273 3898 Καὶ
292 3846 518 3905 εἰκότως
538 3861 551 3875 ο
589 3841 780 3912 παρὼν
833 3843 942 3911 γὰρ
971 3843 1162 3897 ἰάσατο
1185 3844 1603 3914 ἀρρωστοῦντα,
1638 3848 1734 3899 καὶ

163 3939 218 3985 τ’,
253 3937 396 4003 μέγα
436 3932 595 3985 τοῦτο
657 3933 843 4001 θαῦμα
884 3931 1229 3986 διεκωλύετο.
1261 3934 1453 4002 Ἀθρει
1493 3934 1557 3999 δὴ
1588 3937 1733 3996 ὅπως

161 4027 246 4078 διά
264 4027 350 4078 τοῦ
372 4027 534 4090 λόγου
563 4023 622 4076 τὸ
646 4024 823 4076 διττὸν
855 4026 962 4076 τῶν
987 4027 1044 4075 ἐν
1065 4025 1210 4093 αὐτῷ
1233 4025 1448 4093 φύσεων
1473 4025 1735 4079 δείκνυσι.

164 4119 233 4170 T6
261 4120 354 4186 μὲν
413 4118 522 4186 γάρ
579 4120 889 4186 προειπεῖν,
933 4119 1006 4179 ὡς
1039 4136 1058 4167 ι
1112 4117 1378 4171 Ἀπέθανε
1409 4118 1677 4187 Λάζαρος,
1713 4138 1730 4169 ι

163 4212 260 4277 τῆς
317 4211 568 4278 θεότητος
621 4205 710 4278 ἦν,
776 4209 838 4261 τὸ
898 4211 954 4262 δὲ
986 4229 1004 4260 ι
1060 4212 1174 4262 υύκ
1220 4213 1370 4280 ἥμην
1416 4215 1551 4275 ἐκεῖ,
1583 4229 1600 4260 ι
1640 4213 1740 4280 τῆς

167 4303 387 4372 σαρκὸ;.

241 4414 258 4444 ι
299 4390 463 4446 Εἶπεν
505 4392 598 4445 οὕν
622 4393 825 4460 Θωμᾶς
849 4392 876 4442 6
896 4392 1189 4460 λεγόμενος
1212 4393 1442 4462 Δίδυμος
1471 4396 1581 4457 τοῖς
1606 4410 1742 4463 συμ-

1839 3275 1977 3330 male
2016 3286 2190 3326 actam
2238 3273 2402 3326 vitam
2452 3288 2599 3326 mors
2645 3283 2722 3326 est
2769 3274 3040 3327 discessus
3083 3285 3114 3325 a
3156 3285 3404 3340 corpore,

1833 3367 2039 3435 indigni
2071 3376 2224 3430 sunt,
2255 3365 2344 3435 qui
2379 3364 2538 3418 amici
2569 3364 2768 3418 Christi
2801 3374 3076 3419 vocentur.

1907 3597 1925 3628 ι
1985 3578 2048 3631 Et
2098 3577 2303 3645 gaudeo
2354 3584 2575 3646 propter
2625 3588 2751 3638 vos,
2793 3572 3050 3641 quoniam
3101 3586 3206 3625 non
3258 3585 3409 3627 eram

1834 3673 1926 3724 ibi.
1968 3690 1984 3720 I
2027 3669 2250 3730 Vestra,
2287 3667 2495 3735 inquit,
2528 3680 2688 3719 causa
2727 3668 2959 3734 gaudeo:
2995 3665 3234 3718 absentia
3268 3665 3413 3717 enim

1839 3772 1955 3811 mea
1995 3774 2021 3809 ιι
2061 3757 2324 3810 Bethania
2363 3755 2582 3822 majoris
2616 3755 2736 3808 ﬁdei
2772 3754 2922 3808 vobis
2955 3756 3058 3806 erit
3088 3755 3322 3809 occasio.
3349 3752 3417 3807 Et

1840 3851 2032 3902 merito
2067 3848 2116 3901 id
2143 3848 2394 3918 quidem;
2426 3861 2669 3914 praesens
2697 3846 2841 3898 enim
2871 3845 2913 3899 si
2941 3845 3150 3909 fuisset,
3174 3853 3421 3904 satiasset

1837 3950 2130 4008 aegrotum,
2187 3949 2348 4007 atque
2401 3941 2501 3992 hoc
2553 3953 2802 4006 magnum
2858 3937 3178 3990 miraculum
3230 3934 3421 3989 fuisset

1841 4031 2180 4098 impeditum.
2213 4030 2347 4083 Vide
2373 4044 2502 4082 vero
2531 4030 2715 4090 etiam,
2747 4039 2804 4081 ut
2839 4029 2939 4081 hoc
2968 4041 3219 4082 sermone
3248 4026 3421 4095 dupli-

1841 4138 1959 4176 cem
1996 4123 2049 4176 in
2086 4137 2145 4175 se
2180 4137 2300 4176 esse
2341 4132 2591 4174 naturam
2631 4122 2900 4176 ostendat.
2934 4119 3234 4175 Prmdicere
3275 4120 3419 4174 enim

1845 4215 2036 4268 Lazari
2072 4225 2299 4268 mortem
2333 4214 2634 4268 divinitatis
2663 4213 2794 4278 fuit;
2828 4213 3071 4268 absentia
3101 4227 3228 4266 vero
3260 4211 3328 4266 ab
3357 4227 3424 4266 eo

1845 4309 1981 4370 loco,
2017 4306 2388 4361 humanitatis.

1922 4397 2082 4469 164
2122 4416 2141 4449 ι
2168 4397 2312 4451 Dixit
2339 4411 2470 4465 ergo
2503 4395 2762 4458 Thomas,
2791 4394 2880 4463 qui
2914 4395 3108 4448 dicitur
3140 4392 3424 4462 Didymus,

169 4486 437 4554 μαθηταῖς
469 4500 484 4514 ο
524 4485 781 4552 Ἀγωμεν
803 4485 895 4537 καὶ
925 4487 1107 4553 ἡμεῖς,
1129 4484 1216 4536 ἵνα
1238 4485 1599 4553 ἀποθάνωμεν
1625 4484 1736 4553 μετ¹

1848 4490 1913 4544 ad
1949 4488 2346 4557 c0ndiscipulos
2383 4504 2396 4540 :
2431 4485 2631 4541 Eamus
2666 4496 2720 4540 et
2751 4501 2868 4550 nos,
2897 4495 2950 4538 et
2982 4486 3278 4538 moriamur
3301 4501 3422 4538 cum

166 4577 351 4630 αὐτοῦ.
384 4596 403 4626 ι
443 4578 504 4629 Ὀ
541 4575 642 4643 μὲν
673 4576 949 4643 πάνσοφος
992 4577 1090 4630 καὶ
1151 4577 1326 4645 μέγας
1357 4579 1742 4648 Χρυσὸστομος

166 4667 341 4720 ταῦτα
391 4669 560 4736 φάναι
617 4667 753 4737 φησὶ
800 4668 892 4719 τὸν
941 4668 1145 4736 Θωμᾶν
1171 4668 1471 4731 δειλιῶντα,
1505 4673 1600 4720 καὶ
1635 4667 1748 4722 οἷον

168 4760 536 4827 ἀσχάλλοντα.
586 4759 746 4810 Ἐπεὶ
803 4758 887 4822 δὲ,
948 4757 1136 4827 φησὶν,
1190 4753 1343 4820 οὕτος
1392 4759 1616 4829 (lava-.62,
1655 4763 1750 4814 καὶ

170 4847 282 4903 οἷον
316 4849 621 4919 αὐτόμολος
663 4851 757 4902 ἐπὶ
781 4857 871 4902 τὸν
893 4851 1141 4903 κίνδυνον
1165 4851 1330 4917 ἵεται,
1366 4851 1749 4922 πληρώσωμεν

172 4943 350 5016 αὐτοῦ
365 4942 428 4995 τὸ
458 4942 710 5012 βούλημα
763 4942 857 4994 καὶ
894 4941 1362 5014 συναποθάνωμεν
1385 4945 1554 5014 αὐτῷ.
1591 4946 1748 4998 Οὕτω

176 5035 276 5102 μὲν
311 5039 340 5088 6
360 5038 462 5104 τὴν
485 5037 736 5103 γλῶτταν
771 5035 1009 5105 χρυσοῦς
1030 5051 1043 5066 ⁸
1081 5038 1108 5088 6
1132 5036 1185 5088 δὲ
1217 5036 1323 5090 τῶν
1349 5041 1746 5108 μεταφράσεων

171 5128 378 5193 γλυκὺς
409 5128 763 5196 συγγραφεὺς
800 5127 1114 5197 παρρησίας
1147 5123 1264 5181 εἷπε
1297 5129 1390 5182 τὸν
1421 5130 1576 5198 λόγον
1605 5127 1746 5185 εἶναι

240 5267 287 5297 ⁸³
312 5264 503 5318 Matth.
530 5280 607 5326 vt,
630 5262 720 5317 24.

1849 4597 1935 4633 eo.
1975 4599 1994 4632 ι
2047 4579 2493 4648 Sapientissitnus
2535 4593 2668 4630 sane
2714 4591 2778 4630 ac
2829 4591 3054 4644 magnus
3099 4575 3425 4645 Chrysosto-

1852 4687 1970 4726 nzus
2003 4672 2114 4740 (85)
2152 4663 2265 4725 haec
2299 4680 2544 4724 autumat
2579 4670 2782 4724 dixisse
2812 4667 3097 4731 Thomam,
3129 4669 3272 4735 quod
3307 4682 3427 4736 per-

1853 4767 2161 4818 timesceret
2187 4772 2240 4816 et
2272 4763 2432 4818 veluti
2497 4771 2873 4825 succenserct;
2915 4761 3136 4828 perinde
3161 4762 3314 4829 quasi
3349 4761 3429 4815 sic

1853 4858 2060 4908 diceret
2096 4871 2109 4907 ;
2147 4855 2414 4918 Quoniam
2453 4860 2736 4920 tantopere
2769 4852 2974 4919 appetit
3008 4861 3257 4914 mortem,
3284 4858 3338 4903 et
3373 4849 3427 4902 itt

1857 4945 2154 5014 periculum
2196 4944 2559 4998 voluntarium
2598 4944 2739 5006 ruit,
2774 4944 3138 5011 obsequamur
3174 4942 3429 4995 voluntati

1859 5041 2029 5102 illius,
2061 5051 2118 5094 et
2160 5055 2268 5094 una
2319 5039 2642 5092 moriamur.
2679 5038 2772 5092 Sic
2818 5054 2948 5091 sane
2994 5039 3082 5107 qni
3133 5052 3296 5092 aurea
3346 5047 3432 5092 est

1859 5134 2069 5201 lingua;
2118 5141 2173 5185 at
2214 5146 2342 5186 vero
2382 5130 2562 5184 suavis
2604 5129 2839 5199 scriptor
2880 5129 3273 5197 Metaphrastes
3317 5130 3430 5201 (86)

1412 5361 1728 5423 Francisci
1774 5365 1980 5426 Scorsi
2019 5371 2205 5425 notte.

245 5485 361 5552 (8‘2)
392 5485 629 5536 Deseruit
661 5484 916 5536 ordinent.
973 5483 1156 5537 Graece
1191 5501 1294 5538 una
1323 5503 1421 5540 vox
1447 5498 1528 5540 t-st
1571 5488 1754 5543 λειπο.

175 5559 531 5621 τακτήσαντα.
589 5558 652 5606 de
679 5569 793 5624 qua
821 5554 940 5606 vide
975 5571 1092 5623 qua:
1131 5556 1557 5624 observavimus,
1607 5562 1755 5614 hom.

177 5625 226 5687 τ,
257 5639 374 5676 ιιοι.
399 5625 495 5687 55.
529 5625 633 5676 col.
666 5623 790 5674 an.

246 5694 815 5769 (83)_Cltrysostamus.
852 5692 1024 5748 Locus
1042 5693 1109 5769 _S.
1137 5695 1528 5769 Chrysostorni,
1600 5716 1755 5769 quem

175 5766 533 5828 'lhcophanes
594 5774 762 5824 notat,
801 5775 881 5817 est
936 5780 998 5817 ex
1042 5765 1184 5817 hom.
1219 5766 1304 5827 τί.
1339 5769 1389 5819 in
1417 5765 1628 5822 Joumt.
1671 5772 1758 5823 ubi

176 5851 249 5890 ωε
283 5835 447 5888 lubet
477 5852 490 5888 ;
518 5835 711 5887 Omna
780 5836 960 5902 itaque
1000 5834 1307 5889 Iudaeorum
1372 5841 1618 5906 impetum
1648 5839 1760 5908 for-

550 5931 822 5992 PA'IROL.
853 5932 968 5991 Gn.
1011 5931 1296 5992 CXXX”.

1855 5493 2152 5553 midabant,
2227 5493 2464 5558 inprimis
2510 5502 2684 5544 autem
2763 5490 3022 5555 Tunnws;
3063 5495 3179 5545 ideo
3221 5491 3437 5560 inquit:

1862 5579 1880 5612 ι
1945 5561 2169 5624 Erimus,
2221 5575 2264 5615 et
2312 5563 2608 5613 moriamur
2657 5579 2770 5614 cum
2814 5577 2913 5625 eo;
2963 5582 2980 5612 ι
3027 5564 3438 5630 quidamautem

1857 5633 2057 5694 dicunt,
2083 5641 2132 5685 et
2161 5649 2274 5684 eum
2302 5633 2429 5682 mori
2461 5647 2681 5698 optasse.
2710 5631 2811 5684 Sed
2853 5633 3080 5700 profecto
3106 5636 3344 5686 timorem
3380 5635 3438 5687 id

1857 5705 2063 5755 verbth
2095 5704 2266 5769 arguit
2294 5713 2340 5754 el
2374 5704 2802 5754 int’recillilatem.

1935 5772 2044 5839 (84)
2077 5771 2474 5836 Metupltrustes.
2525 5771 2640 5836 Quo
2675 5774 2872 5824 Saeculo
2906 5771 3300 5828 vixeritnoster
3334 5773 3445 5839 hic,

1861 5843 2000 5896 unde
2028 5842 2333 5896 necessario
2353 5844 2632 5898 deducitur
2652 5843 2820 5910 ipsius
2844 5841 3218 5906 Metaphrastte
3245 5858 3446 5918 savum,

2949 5936 3011 5997 l7
