4190 6436
178 393 274 456 529

246 523 264 555 ι
313 503 533 569 Ἐκείνη
592 502 724 572 γάρ,
785 500 971 570 φησὶν,
1032 500 1107 563 ὡς
1156 502 1425 569 ἤκουσεν,
1484 496 1836 570 ἐγείρεταιΛ

174 594 325 662 ταχὺ,
372 595 468 644 καὶ
518 592 741 661 ἔρχεται
779 592 913 659 πρὸς
944 593 1106 644 αυτόν
1134 607 1145 620 ’
1184 591 1336 644 οὔπω
1361 592 1469 660 γὰρ
1497 591 1756 660 ἐλήλυθεν

175 680 198 728 δ
246 676 457 745 Ἰησοῦς
491 678 569 738 είς
602 677 699 745 τὴν
731 678 947 743 κώμην,
984 676 1097 729 ἀλλ’
1130 672 1199 745 ἦν
1231 678 1287 729 ὲν
1330 678 1409 745 τῷ
1446 677 1594 743 τόπῳ
1622 676 1754 727 ὅπου

176 766 486 835 ὑπήντησεν
520 766 671 834 αὐτῷ
712 769 743 835 ἡ
788 767 1011 836 Μάρθα.
1064 788 1079 818 ι
1128 768 1204 835 Τῇ
1258 768 1366 835 γὰρ
1419 769 1756 837 προσκλήσει

172 858 265 922 τῆς
288 858 543 926 πράξεως
566 856 733 920 ὀξέως
758 859 789 924 ἡ
814 856 1017 923 θεωρία
1040 857 1397 926 διεγείρεται,
1428 856 1756 925 εὑρίσκουσα

174 949 272 1013 ἔξω
323 949 421 1017 τῆς
485 948 680 1017 κώμης
736 950 825 1000 τὸν
884 948 1110 1016 Κύριον,
1148 950 1452 1011 τουτέστιν,
1502 951 1608 1015 ἔξω
1664 949 1757 1002 τοῦ

175 1041 433 1109 αὲσθητοῦ
484 1041 637 1094 τοῦδε
670 1044 877 1110 κόσμου
919 1044 977 1095 τὸ
1016 1043 1158 1095 θεῖον
1215 1040 1352 1095 εἶναι
1402 1044 1759 1111 καταλαμϐά-

176 1153 357 1198 νουσα,
391 1138 485 1187 καὶ
516 1136 657 1205 ὑπὲρ
691 1139 870 1188 πᾶσαν
901 1134 1157 1205 αἴσθησίν
1181 1153 1236 1187 τε
1264 1136 1357 1187 καὶ
1387 1136 1589 1205 νόησιν.

247 1330 265 1361 ι
302 1312 368 1363 Οἱ
403 1311 497 1364 οὖν
533 1309 782 1363 Ἰουδαῖοι
810 1311 1007 1374 ίδςὸντες
1038 1312 1133 1381 τὴν
1175 1313 1398 1380 Μαρίαν
1434 1314 1515 1365 δτι
1551 1313 1761 1382 ταχέως

176 1406 369 1474 ἀνέστη
439 1407 533 1456 καὶ
586 1405 827 1474 ἐξῆλθεν,
880 1404 1212 1472 ἠκολούθουν
1265 1407 1425 1475 αὐτῇ.
1469 1425 1486 1456 )
1527 1402 1645 1458 Εἶεν
1696 1406 1762 1459 ἂν

190 1500 431 1553 Ἰουδαῖοι
483 1500 623 1551 κατὰ
654 1500 805 1551 τόνδε
855 1501 946 1551 τὸν
988 1500 1155 1551 τύπον
1204 1500 1303 1563 τὰς
1348 1502 1475 1569 περὶ
1534 1500 1764 1570 Μάρθαν

179 1592 266 1643 καὶ
297 1592 522 1660 Μαρίαν
552 1590 1064 1660 παραμυθούμενοι,
1102 1590 1309 1653 πίστις,
1338 1590 1514 1656 ἐλπὶς,
1552 1592 1761 1657 ἀγάπη,

178 1681 228 1734 αῖ
258 1682 509 1749 καθάπερ
556 1682 614 1745 ἐξ
671 1680 1028 1751 Ἰερουσαλὴμ
1075 1681 1175 1750 τῆς
1204 1681 1411 1734 ἄνωθεν
1444 1684 1664 1752 είρήνης
1698 1684 1762 1751 τῇ

177 1768 318 1838 ψυχῇ
382 1768 863 1835 καταπέμπονται.
927 1762 1097 1821 Λῦται
1151 1770 1246 1821 καὶ
1294 1769 1765 1841 συνοδοιποροῦσιν

178 1863 335 1931 αὖτῇ,
376 1878 478 1913 σπε
490 1861 690 1932 υδούσῃ
713 1859 1046 1913 καταλαϐεῖν
1070 1863 1168 1931 τὴν
1195 1860 1364 1925 ὅντως
1395 1864 1559 1933 ζωήν.

253 2063 270 2093 ι
322 2041 534 2095 Ἰδοῦσα
578 2045 764 2107 αὐτὸν,
818 2044 1019 2097 ἔπεσεν
1082 2048 1161 2109 είς
1213 2048 1335 2110 τοὺς
1389 2048 1557 2112 πόδας
1600 2048 1767 2103 αὐτοῦ

182 2138 417 2204 λέγουσα
446 2152 463 2168 ·
504 2138 700 2205 Κύριε,
745 2141 793 2191 εί
826 2135 892 2208 ἧς
941 2132 1065 2201 ὧδε,
1119 2142 1218 2192 οῦκ
1267 2141 1331 2194 ἂν
1382 2141 1619 2193 ἀπέθανὲ
1666 2160 1767 2212 μου

180 2230 477 2296 ὁάδελφὸς.
518 2249 534 2280 ι
597 2229 876 2298 Σύμιρωνα
925 2236 988 2302 τῇ
1041 2234 1243 2303 Μάρθα
1291 2231 1464 2287 λαλεῖ.
1537 2234 1768 2301 Ἀδελφὰ

180 2324 242 2373 si
275 2324 522 2390 ῥήματα,
573 2325 858 2388 συγγενεῖς
895 2327 951 2376 αἱ
1007 2326 1219 2390 φωναί·
1266 2325 1405 2392 πλὴν
1445 2325 1523 2378 δτι
1568 2325 1768 2395 Μάρθα

184 2414 276 2481 μὲν
318 2415 378 2466 οὐ
414 2414 638 2479 λέγεται
690 2418 875 2467 πεσεῖν
924 2417 1004 2477 είς
1050 2417 1177 2479 τοὺς
1238 2417 1403 2479 πόδας
1432 2416 1526 2469 τοῦ
1567 2405 1767 2482 Ἰησοῦ,

180 2506 298 2559 eius
328 2506 593 2561 κλαίουσα
626 2507 986 2577 φθέγγεσθαι.
1024 2508 1172 2579 Λῦτη
1217 2510 1272 2561 δὲ
1319 2510 1548 2579 πράττει
1593 2509 1772 2578 ἀμφό-

180 2614 331 2666 τερα.
376 2598 645 2668 Ἰμείρετο
672 2601 781 2669 γὰρ
812 2600 920 2651 τῶν
962 2602 1137 2653 ποδῶν
1172 2602 1398 2653 ἐκείνων
1430 2600 1767 2669 ἐφάψασθαι,

181 2684 260 2751 οἷς
326 2690 731 2758 παρακλιθεῖσα
791 2693 1055 2761 πρότερον
1111 2694 1205 2744 τοῦ
1272 2692 1364 2760 τῆς
1424 2691 1771 2755 διδασκαλίας

186 2779 449 2843 ἐγεύσατο
506 2781 790 2850 νέκταρος.
856 2782 1092 2842 Τούτους
1151 2782 1274 2842 τοὺς
1313 2781 1548 2852 ὡραίους
1603 2781 1771 2843 πόδας

182 2871 547 2940 διαςερόντως
596 2870 906 2938 ποθήσασα,
948 2873 1211 2944 πρότερον
1248 2874 1347 2942 μὲν
1395 2875 1578 2935 αὐτοῖς
1626 2889 1771 2941 παρ-

186 2961 427 3020 εκάθισε.
493 2961 588 3016 νῦν
632 2962 687 3013 δὲ
734 2964 1146 3027 κατασπάζεται
1179 2968 1291 3028 τοῖς
1350 2966 1581 3035 δάκρυσι
1635 2965 1772 3017 πλύο

186 3070 369 3117 νουσα,
404 3052 637 3121 ὕστερον
664 3054 719 3106 δὲ
747 3054 824 3122 τῷ
859 3054 1017 3126 μύρῳ
1069 3058 1359 3126 ἀλείψασα,
1399 3060 1573 3130 θριξὶν
1610 3066 1771 3123 ἰδίαις

188 3146 471 3212 ἐξέμαξεν.
546 3147 608 3198 ’11
670 3148 779 3216 γὰρ
844 3148 1157 3220 θεωρητικὴ
1210 3152 1356 3221 ψυχὴ
1429 3155 1530 3217 τὰς
1600 3159 1842 3249 καλὰςο

188 3240 480 3301 ἀλαὸἀσεις
514 3240 801 3309 τιθεμένη,
860 3242 1125 3310 πρότερον
1176 3244 1274 3311 μὲν
1320 3246 1471 3315 παρὰ
1502 3251 1628 3313 τοὺς
1675 3270 1773 3319 μυ-

191 3331 405 3391 στικοῦς
455 3331 623 3390 πόδας
662 3330 935 3383 καθίσασα
975 3332 1130 3401 ζητεῖ
1163 3334 1260 3404 τὴν
1305 3336 1564 3406 ἀλήθειαν
1592 3356 1605 3371 ⁶
1653 3336 1774 3396 εἶτα

192 3420 459 3487 μνιηθεῖσα
517 3422 819 3489 ἐφάπτεται
850 3424 1052 3493 νοερὼς
1086 3427 1523 3494 προσεγγίζουσα
1557 3448 1571 3463 ο
1636 3436 1774 3501 μετά

192 3513 359 3566 ταῦτα
416 3514 495 3583 τῷ
562 3515 721 3584 μύρῳ
780 3516 881 3585 τῆς
930 3519 1198 3587 ἀψευδοῦς
1244 3523 1499 3587 γνώσεως
1549 3525 1770 3592 τούτους

191 3608 472 3671 amemus:
506 3612 570 3676 τῇ
599 3611 731 3677 περὶ
764 3611 831 3663 τὰ
861 3611 1007 3681 πάθη
1038 3614 1367 3685 ἀναισθησίᾳ
1394 3616 1769 3685 ἑκμάσσουσα.

190 3699 364 3751 Ἰοῦτο
415 3700 523 3767 γὰρ
574 3702 630 3751 αἱ
681 3702 867 3770 τρίχες
923 3703 1276 3763 αἰνίττονται,
1340 3706 1415 3768 ὡς
1467 3708 1775 3778 αἰσθήσεως

190 3792 426 3858 ἄμοιροι.
462 3792 687 3843 Νοοῖντο
729 3792 775 3842 δ’
809 3794 875 3845 ἂν
910 3794 1068 3856 πόδες
1118 3795 1379 3864 Χριστοῦ,
1421 3799 1520 3851 ὅσα
1550 3799 1774 3853 δυνατὸν

190 3884 428 3935 νοεῖσθαι
476 3886 605 3952 περὶ
652 3885 816 3937 αὑτοῦ
859 3884 937 3956 τῷ
986 3890 1088 3956 τῆς
1140 3888 1270 3957 ὕλης
1312 3889 1506 3941 ἑαυτὸν
1536 3891 1773 3945 ἐκκαθάο

193 3994 367 4044 ραντι.
397 3978 471 4030 Τὸ
503 3978 558 4030 δὲ
583 3980 682 4047 τὴν
711 3979 932 4045 Μαρίαν
958 3979 1165 4033 κλαίειν
1213 3980 1364 4048 δηλοῖ
1382 3981 1441 4032 τὸ
1464 3983 1541 4040 είς
1574 3982 1773 4054 ἑαυτὴν

194 4069 586 4121 συστέλλεσθαι
618 4069 713 4138 τὴν
740 4070 919 4139 ψυχὴν
953 4071 1045 4122 καὶ
1066 4071 1365 4135 συννεύειν,
1398 4072 1774 4144 χωριζομένην

190 4160 299 4209 τῶν
342 4159 645 4228 αἰσθητῶν,
699 4161 828 4212 ὅταν
884 4162 961 4221 είς
1009 4160 1242 4230 θεωρίαν
1278 4163 1550 4231 ἀνάγηται
1581 4180 1592 4194 ·
1648 4163 1774 4232 θερ-

195 4249 485 4314 μαίιδεσθαί
532 4267 593 4300 τε
648 4250 727 4319 τῷ
784 4250 915 4319 θείῳ
978 4252 1158 4321 ἔρωτι,
1206 4253 1653 4323 ἀποδαλλομένην
1700 4257 1775 4321 ὡς

188 4344 403 4411 δάκρυα
454 4344 527 4393 τὰ
581 4343 816 4412 περιττὰ
848 4344 958 4395 τῶν
990 4344 1279 4413 νοημάτων
1331 4348 1426 4400 καὶ
1480 4347 1553 4417 μὴ
1608 4366 1775 4418 προσ-

190 4434 417 4499 ήκοντα.
452 4432 529 4486 Τὸ
560 4433 669 4503 γὰρ
698 4434 935 4500 δάκρυον
967 4436 1212 4504 λυπηροῦ
1244 4438 1447 4501 πάθους
1485 4441 1601 4491 ἐστὶ
1630 4441 1774 4504 νοτὶς

1522 385 1852 447 IIOMILIA
1907 387 2080 447 XXV.
3323 384 3429 449 530

1943 517 1961 549 ι
2002 498 2092 552 Illa
2127 496 2294 562 enim,
2347 498 2543 568 inquit,
2579 509 2635 552 ut
2662 497 2869 552 audivit
2904 498 3078 568 surgit
3104 498 3231 562 cito,
3256 507 3308 551 et
3343 515 3439 553 ve-

1868 588 1948 642 nit
1980 588 2044 640 ad
2073 604 2232 651 eum;
2270 590 2507 642 nondum
2543 588 2690 641 enim
2728 596 2948 642 venerat
2973 588 3131 642 Jesus
3162 588 3214 639 iu
3247 585 3442 642 castei-

1866 681 2001 737 lum.
2035 681 2128 734 sed
2154 688 2271 734 erat
2304 679 2479 732 adhuc
2536 681 2587 732 in
2633 679 2722 732 illo
2764 678 2882 732 loco
2913 679 3002 732 ubi
3038 688 3350 732 occurrcrat
3389 677 3437 731 ei

1868 772 2099 826 Martha.
2163 791 2181 823 ι
2214 773 2397 827 Ascita
2426 772 2567 824 enim
2604 773 2749 825 socia
2794 771 3011 823 actione
3054 771 3267 823 acuitur
3304 784 3438 821 eon-

1869 863 2146 934 templatio
2188 873 2242 917 et
2280 863 2588 927 excitatur;
2623 872 2677 915 et
2713 862 2997 917 Dominum
3035 862 3236 929 reperit
3286 869 3438 913 extra

1867 954 2178 1016 castellum,
2212 954 2312 1006 hoc
2337 962 2439 1016 est,
2466 952 2805 1006 divinitatem
2835 962 2987 1006 extra
3021 948 3438 1003 huncmundum

1867 1046 2116 1100 sensibus
2206 1046 2473 1113 objectum
2546 1054 2600 1098 et
2668 1030 2831 1111 supra
2893 1058 3107 1097 omnem
3174 1040 3439 1095 sentiendi

1868 1136 2307 1207 intelligendique
2358 1136 2464 1187 vim
2528 1134 2879 1189 constitutam
2959 1147 3080 1187 esse
3137 1130 3442 1199 deprehen-

1868 1230 1967 1283 dit.

1951 1340 1968 1372 ι
2004 1319 2173 1374 ,ιιιάςιιί
2226 1334 2354 1389 ergo
2391 1334 2513 1372 cutn
2562 1318 2823 1372 vidissent
2876 1315 3120 1379 Mariam,
3163 1317 3287 1383 quia
3336 1314 3444 1367 cito

1873 1412 2109 1467 surrexit
2158 1424 2211 1465 et
2237 1412 2387 1473 exiit,
2424 1410 2591 1464 secuti
2634 1419 2761 1462 sunt
2789 1423 2929 1461 eam.
2967 1427 2985 1459 ι
3019 1406 3269 1465 Possem,
3300 1402 3441 1473 quod

1871 1503 1935 1555 ad
1960 1501 2103 1555 hunc
2123 1502 2297 1553 locum
2323 1500 2449 1553 facit
2498 1513 2594 1566 per
2617 1497 2828 1553 Juda'os
2851 1497 3113 1551 Martbam
3140 1508 3193 1549 et
3220 1493 3443 1547 Mariam

1871 1594 2232 1653 consolantes,
2270 1592 2419 1655 fides,
2450 1605 2574 1660 spes
2626 1598 2678 1645 et
2707 1588 2946 1642 charitas
2974 1585 3289 1655 significari,
3323 1598 3447 1651 qua:

1872 1699 2001 1738 sane
2033 1684 2178 1739 velut
2206 1699 2272 1737 ex
2318 1682 2618 1736 Jerusalem
2666 1681 2753 1733 illa
2787 1694 3019 1749 superna
3049 1679 3267 1730 civitate
3300 1676 3448 1743 pacis

1874 1778 1924 1829 in
1953 1779 2187 1829 animam
2214 1776 2579 1829 immittuntur
2616 1790 2629 1825 :
2679 1787 2903 1840 quaeque
2931 1770 3264 1825 comitantur
3303 1783 3445 1831 eam,

1798 1849 1994 1934 Bqum
2049 1865 2230 1920 studet
2290 1876 2451 1932 atque
2508 1861 2785 1917 contendit
2842 1876 3023 1914 veram
3090 1856 3305 1925 assequi
3367 1856 3447 1907 vi-

1873 1970 1920 2012 ιιι
1932 1976 2003 2012 tn.

1947 2073 1965 2106 ι
1998 2052 2202 2109 Videns
2231 2067 2377 2116 eum,
2410 2050 2606 2105 cecidit
2635 2049 2700 2103 ad
2743 2049 2908 2116 pedes
2942 2046 3083 2115 ejus,
3112 2056 3165 2101 et
3196 2045 3328 2098 dixit
3351 2044 3397 2098 ei
3430 2062 3444 2097 :

1873 2150 2118 2212 Domine,
2164 2148 2207 2201 si
2238 2146 2437 2201 fuisses
2470 2145 2576 2205 hic,
2612 2159 2715 2198 non
2763 2141 2954 2195 fuisset
2992 2150 3236 2194 mortuus
3282 2139 3451 2190 frater

1870 2260 2046 2298 meus.
2084 2261 2102 2294 ι
2131 2242 2401 2295 Consonat
2424 2254 2542 2291 eum
2570 2236 2791 2290 Μαι-[θαι
2821 2236 3015 2296 dictis;
3048 2247 3265 2286 sorores
3292 2246 3452 2285 voves

1870 2335 2003 2402 ipsa
2030 2335 2302 2394 videntur,
2332 2340 2385 2384 et
2419 2330 2578 2383 verba
2612 2336 2877 2396 cognata:
2910 2332 3135 2390 excepto
3166 2322 3306 2391 quod
3345 2336 3449 2373 non

1873 2429 2072 2482 dicitur
2105 2425 2170 2480 ad
2200 2424 2324 2479 Jesu
2361 2422 2527 2489 pedes
2574 2419 2781 2475 Martha
2820 2417 3104 2480 accidisse,
3139 2430 3237 2469 nec
3274 2413 3448 2467 locuta

1873 2535 1995 2575 cum
2030 2518 2307 2590 lacrytnis.
2332 2516 2457 2570 Haac
2493 2530 2623 2569 vero
2645 2524 2929 2581 utrumque
2958 2517 3179 2582 praestat
3212 2527 3223 2562 :
3259 2508 3452 2561 avebat

1872 2615 2015 2668 enim
2062 2613 2227 2680 pedes
2274 2609 2393 2662 illos
2438 2608 2706 2674 attingere
2738 2606 2803 2658 ad
2838 2618 2972 2673 quos
3016 2612 3140 2656 ante
3190 2600 3449 2653 inclinata

1874 2716 2059 2760 nectar
2087 2705 2344 2758 tlocninre
2369 2708 2702 2771 gusmverat.
2735 2698 2841 2752 llos
2866 2706 2973 2750 tam
3003 2694 3259 2763 pulchros
3287 2693 3452 2761 pedes

1874 2801 2222 2852 vehementer
2257 2805 2514 2864 expetens
2548 2791 2698 2859 prius
2732 2789 2947 2858 quidem
2975 2786 3039 2840 ad
3074 2784 3191 2838 illos
3222 2783 3444 2846 assedit,

1875 2905 2021 2943 nunc
2046 2902 2175 2944 vero
2214 2886 2280 2940 ad
2336 2901 2429 2941 eos
2458 2884 2694 2937 demissa
2722 2879 2973 2951 lacrymis
3002 2878 3151 2941 lavit,
3177 2885 3230 2931 et
3262 2884 3450 2941 postea

1874 2989 2147 3051 unguento
2172 2993 2377 3049 ungens
2404 2978 2517 3031 suis
2547 2974 2759 3041 capillis
2787 2970 3061 3027 abstersit.
3086 2969 3275 3022 Anima
3303 2967 3449 3021 enim

1874 3070 2313 3139 contemplationi
2366 3069 2547 3121 dedita
2598 3066 2887 3136 prmelaras
2937 3063 3054 3115 illas
3104 3060 3451 3115 ascensioues

1873 3166 1972 3219 sibi
2002 3163 2314 3229 diSponens,
2349 3160 2523 3229 primo
2553 3154 2770 3226 quidem
2803 3157 2866 3207 ad
2892 3152 3145 3223 mysticos
3179 3151 3339 3219 pedes
3369 3163 3453 3201 se-

1877 3256 2010 3309 dens
2067 3253 2348 3307 veritatem
2397 3248 2626 3317 qumrit;
2679 3256 2788 3299 tum
2833 3245 2899 3297 de
2944 3243 3139 3296 divinis
3194 3242 3451 3295 instructa

1880 3342 2297 3413 appropinquat,
2322 3348 2377 3393 et
2397 3336 2758 3407 spiritualiter
2780 3350 2873 3388 eos
2896 3334 3141 3403 attingit;
3176 3333 3240 3385 ad
3272 3341 3453 3385 extre-

1880 3452 2022 3488 tnum
2079 3433 2397 3488 certissimae
2454 3428 2781 3499 cognitionis
2836 3434 3111 3494 unguento
3168 3430 3221 3476 et
3287 3422 3455 3474 odore

1878 3528 2171 3597 perfundit,
2197 3536 2247 3578 et
2272 3524 2583 3593 passionum
2613 3522 2887 3574 vacuitate
2918 3515 3030 3586 (92)
3066 3515 3314 3597 detergit.
3342 3514 3454 3567 lloc

1878 3593 2021 3675 enim
2059 3614 2255 3685 'capilli
2300 3615 2453 3685 quasi
2509 3628 2601 3680 per
2637 3613 2863 3680 :nnigma
2916 3609 3208 3663 insinuant,
3240 3593 3313 3658 ἰιι
3360 3606 3452 3673 qui

1879 3726 2072 3766 sensus
2095 3717 2346 3778 expertes
2371 3709 2499 3760 sint.
2536 3705 2706 3759 Porro
2735 3719 2829 3772 per
2858 3703 3022 3770 pedes
3054 3700 3257 3754 Christi
3283 3699 3453 3768 signi-

1882 3804 2026 3857 ﬁcari
2062 3809 2287 3871 possunt
2314 3814 2375 3853 ea
2426 3814 2546 3865 quae
2577 3798 2642 3850 de
2687 3796 2803 3864 ipso
2842 3794 3095 3865 cognosci
3134 3800 3358 3860 possunt
3387 3790 3453 3844 ab

1881 3893 2097 3946 homine
2146 3892 2234 3959 qui
2286 3889 2588 3942 crassiticm
2648 3888 2846 3941 terreni
2906 3886 3133 3940 all'ectus
3188 3881 3452 3951 purgarit.

1881 3983 2061 4038 Fletus
2113 3996 2239 4036 vero
2289 3979 2472 4034 Mariae
2517 3979 2758 4041 indicat,
2792 3977 3020 4047 quodin
3073 3975 3235 4045 168
3275 3974 3452 4026 anima

1880 4078 1992 4131 fieri
2047 4075 2204 4139 solet,
2262 4089 2382 4127 cum
2436 4073 2780 4138 semetipsam
2833 4069 3063 4138 colligit,
3112 4068 3179 4121 ad
3225 4078 3455 4132 seseque

1878 4166 2120 4234 respicit,
2151 4175 2311 4233 atque
2352 4179 2379 4215 a
2418 4162 2712 4216 sensilibus
2744 4169 2967 4214 avocata
3009 4160 3073 4212 ad
3115 4157 3452 4223 contempla-

1878 4258 2076 4311 tionem
2128 4255 2409 4319 evehitur;
2467 4262 2578 4305 tum
2633 4252 2777 4306 enim
2830 4252 3013 4305 divino
3067 4265 3252 4304 amore
3290 4249 3454 4303 effer-

1876 4362 2121 4411 vescens,
2145 4360 2509 4414 supervacuas
2532 4355 2586 4396 et
2618 4343 2820 4397 nullum
2843 4343 3175 4412 pertinentes
3204 4342 3269 4393 ad
3298 4356 3451 4393 nsunt

1879 4437 2238 4507 cogitationes
2268 4435 2421 4502 quasi
2471 4434 2735 4503 lacrymas
2766 4432 2975 4501 abjicit.
3009 4429 3269 4500 Lacryma
3309 4430 3452 4483 enim

194 4525 635 4594 συστελλομένων
669 4526 774 4578 ὑπὸ
816 4526 992 4595 λύπης
1033 4529 1141 4580 τῶν
1196 4530 1365 4598 μυῶν,
1415 4530 1490 4592 ὡς
1516 4532 1613 4601 τὴν
1644 4534 1772 4584 ἀπο-

1883 4532 2074 4583 bumor
2109 4537 2193 4582 est
2230 4543 2256 4579 a
2293 4527 2523 4579 tristitia:
2558 4526 2807 4594 passione
2834 4535 3086 4590 exortus;
3122 4540 3244 4578 cum
3279 4524 3350 4576 ita
3385 4524 3455 4576 ob

192 4615 745 4684 l.}t60;tév1-,v).t6d51
780 4620 917 4687 πρὸς
960 4619 1060 4681 τὰς
1092 4619 1187 4673 τοῦ
1237 4622 1539 4689 ἐγκεφάλου
1574 4622 1780 4690 φλέϐας

189 4706 563 4766 ἀποδίδοσθαι,
590 4707 849 4759 κάκεῖθεν
875 4708 966 4759 ἐπὶ
992 4709 1117 4771 τοὺς
1139 4710 1333 4772 ὁλκοὺς
1353 4709 1459 4761 τῶν
1481 4710 1778 4780 ὀφθαλμῶν

191 4794 678 4863 παραπέμπεσθαι
732 4797 795 4849 τὸ
857 4798 1112 4869 περιττὸν
1172 4800 1627 4869 ἀποκρουομένης
1677 4804 1777 4873 τῆς

189 4900 226 4950 (ρ
240 4901 427 4946 ισεως.

266 4994 286 5026 ι
333 4976 545 5046 Ἰησοῦς
590 4974 705 5042 οῦν,
765 4977 839 5040 ὡς
894 4973 1033 5031 εἶδεν
1089 4978 1259 5048 αὐτὴν
1313 4980 1625 5047 κλαίουσαν,
1680 4983 1775 5037 καὶ

190 5068 318 5127 τοὺς
342 5069 699 5132 συνελθόντας
735 5070 873 5140 αὐτῇ
913 5068 1194 5129 Ἰουδαίους
1221 5072 1526 5139 κλαίοντας,
1560 5075 1774 5146 ἐνεϐρι-

195 5160 409 5228 μήσατο
429 5159 509 5230 τῷ
524 5160 814 5231 πνεύματι,
835 5161 928 5214 καὶ
963 5162 1224 5233 ἐτάραξεν
1247 5164 1491 5217 ἑαυτόν.»
1526 5167 1766 5237 Ἐπειδὴ,

1878 4635 1995 4673 eam
2049 4619 2277 4673 musculi
2328 4617 2799 4685 constringuntur,
2848 4626 2907 4669 ut
2949 4615 3094 4669 velut
3134 4628 3452 4683 expressum

1878 4726 2177 4766 cremorem
2216 4713 2283 4765 ad
2331 4724 2496 4762 venas
2538 4708 2747 4762 cerebri
2802 4708 3075 4769 emittant,
3117 4718 3279 4774 atque
3331 4705 3455 4758 inde

1878 4803 2122 4857 derivent
2157 4805 2207 4855 in
2250 4802 2530 4855 oculorum
2597 4800 2797 4864 sulcos,
2835 4809 3024 4853 natura
3069 4799 3277 4853 scilicet
3312 4798 3455 4867 quod

1879 4893 2204 4964 superﬂuum
2242 4901 2323 4947 est
2365 4892 2680 4961 repellente.

1958 5006 1976 5039 ι
2013 4983 2170 5039 Iesus
2198 4999 2349 5053 ergo,
2388 4994 2446 5037 ut
2481 4985 2612 5036 vidit
2642 4999 2757 5036 eam
2790 4983 3109 5050 plorantem,
3141 4989 3193 5033 et
3241 4978 3455 5034 Iudaeos

1881 5077 1968 5146 qui
2002 5085 2261 5130 venerant
2292 5090 2418 5127 cum
2466 5089 2526 5127 ea
2564 5074 2859 5141 plorantes,
2910 5071 3191 5125 infremuit
3235 5073 3452 5137 Spiritu,

1875 5182 1930 5224 et
1982 5169 2217 5222 turbavit
2267 5168 2637 5236 semetipsum.
2712 5183 2730 5217 ι
2792 5165 3063 5230 Quoniam
3113 5166 3273 5218 sicuti
3313 5164 3451 5218 Deus

1430 5280 1750 5341 Francisci
1790 5281 1998 5342 Scorsi
2030 5282 2212 5342 noue.

262 5395 388 5469 (92)
435 5394 746 5469 Passienum
775 5398 1053 5469 vacuitate.
1083 5398 1178 5453 llic
1199 5407 1280 5452 est
1310 5414 1411 5452 vox
1442 5400 1769 5469 ἀναισθησία

192 5465 403 5538 περἰτὰ
422 5466 716 5538 adequitat:
733 5467 916 5520 eodem
944 5469 1151 5531 recidit,
1184 5479 1344 5537 atque
1367 5470 1625 5535 ἀπάθεια,
1655 5465 1771 5538 qtnn

193 5547 278 5585 est
312 5537 363 5587 in
396 5538 543 5587 born.
579 5534 672 5593 24.
704 5552 915 5604 unoque
962 5539 1119 5592 modo
1149 5534 1393 5593 assensu
1427 5534 1775 5593 amitteut'ro-

195 5608 359 5682 hique
393 5606 869 5682 a_ccipiend:e,__eo
900 5608 1174 5682 nimirum,
1206 5610 1271 5661 de
1312 5626 1415 5677 quo
1447 5610 1653 5679 longius
1702 5606 1771 5664 ibi

194 5674 558 5754 disseruimus
590 5686 701 5754 n_o_t.
728 5675 825 5754 _67,
858 5678 962 5730 col.
1021 5678 1113 5754 5t)__l
1156 5697 1168 5732 :
1197 5688 1251 5731 et
1279 5674 1407 5754 sane
1433 5674 1669 5747 proxime
1692 5697 1776 5735 sc-

194 5745 491 5824 .laietitilius
517 5746 698 5824 verbis
726 5746 841 5824 ipse
879 5762 938 5801 se
974 5748 1222 5815 explicat,
1254 5759 1305 5802 et
1340 5745 1484 5802 aliud
1519 5751 1649 5802 nihil
1682 5766 1775 5817 per

196 5812 561 5885 ἀναισθησίαν
615 5812 906 5887 intelligch
940 5812 1195 5885 ostettdil,
1235 5812 1771 5889 quamalfecliunuzn,

1875 5415 1966 5453 seu
2024 5398 2335 5451 vitiosarum
2388 5397 2849 5463 perturbationum
2911 5396 3304 5464 purgationem.
3363 5397 3453 5448 Ait

1872 5470 2050 5523 enim:
2080 5468 2301 5519 Νοοῖντο
2324 5467 2367 5517 δ’
2398 5467 2464 5519 ἂν
2488 5467 2643 5527 πόδες
2664 5468 2899 5534 Χριστοῦ
2932 5468 3028 5518 ὅσα
3060 5466 3284 5518 δυνατὸν
3316 5468 3453 5517 νοεῖ-

1874 5537 1998 5590 σθαι
2040 5540 2166 5605 περὶ
2193 5536 2357 5589 αὐτοῦ
2388 5537 2465 5603 τῷ
2497 5538 2594 5604 τῆς
2632 5538 2760 5603 ῦλης
2792 5537 2980 5588 ἑαυτὸν
3038 5536 3445 5603 ὲκκαθαίροντι.

1875 5607 2041 5661 Porro
2097 5624 2186 5673 per
2224 5606 2374 5674 pedes
2432 5608 2625 5659 Christi
2679 5608 2969 5676 signiﬁcari
3009 5617 3218 5673 possunt
3247 5621 3309 5657 ea
3335 5620 3451 5676 quas

1873 5682 1935 5732 de
1963 5679 2072 5749 ipso
2102 5680 2340 5745 cognosci
2358 5688 2571 5740 possunt
2613 5679 2676 5731 ab
2730 5674 2820 5743 'eu,
2840 5682 2924 5746 qui
2949 5676 3235 5730 crassitiem
3259 5674 3450 5728 terreni

1875 5750 2088 5818 affectus
2116 5752 2371 5817 purgant.
