4190 6436
213 410 315 473 531

1594 405 1757 463 ΗοΜ
1771 401 1921 461 lIJA
1963 403 2136 463 XXV.

3375 401 3479 461 53B

209 520 493 587 ὁμότιμον.
539 516 615 570 Οὐ
668 515 777 584 γὰρ
824 516 1247 583 εἰσακουσθῆναι
1302 515 1608 582 παρακαλεῖ
1660 515 1801 568 κατὰ

1909 514 2113 565 litatem
2149 513 2421 578 ostendit;
2459 527 2564 566 non
2598 513 2739 565 enim
2770 521 2889 564 orat
2923 520 2982 565 ut
3030 510 3373 574 exaudiatur,
3421 520 3479 565 nt

212 611 308 678 τὴν
338 610 435 676 τῆς
473 606 704 677 Μάρθας
740 606 1041 675 ὑπόληψιν,
1080 606 1217 670 ἀλλ’,
1249 626 1266 658 1
1306 600 1453 669 Οἶδα,
1492 608 1679 674 φησὶν,
1715 608 1794 658 ὅτι

212 700 447 753 παντοτὲ
487 718 588 767 μου
621 698 863 761 ἀκούεις,
902 717 921 748 1
957 698 1032 759 ὡς
1067 697 1356 766 ὀμοουσίου
1386 695 1480 748 τοῦ
1516 695 1672 756 Υιοῠ,
1703 697 1797 748 καὶ

211 794 269 845 οὔ
310 792 475 861 χρεία
517 809 605 860 μοι
645 790 835 859 εὐχῆς,
872 790 1009 842 ἀλλὰ
1048 790 1133 843 διὰ
1174 790 1265 841 τὸν
1303 791 1633 858 παρεστῶτα
1670 790 1796 841 λαὸν

211 884 387 935 ταῦτα
416 882 586 943 λαλῶ,
620 884 704 935 ἵνα
737 882 939 946 γνῶσιν
971 882 1244 948 ἰσοτιμίαν
1274 881 1487 951 Πατρὺς
1518 883 1612 935 καὶ
1642 881 1795 936 Υίοῦ.

214 976 314 1027 Διὰ
345 975 555 1027 τούτων
584 975 641 1026 δὲ
677 975 1049 1043 προτρέπεται
1085 974 1180 1025 καὶ
1216 976 1361 1041 ἡμᾶς
1397 974 1582 1043 εὐχαῖς
1627 974 1799 1026 ἱλεοῦ-

216 1066 341 1121 οθαι
374 1069 433 1120 τὸ
466 1068 619 1121 Θείον
652 1069 771 1131 ἀεὶ,
805 1069 898 1120 καὶ
930 1068 989 1120 τὸ
1018 1070 1118 1134 τῆς
1148 1067 1326 1136 ψυχῆς
1361 1066 1587 1119 ὁπτικὸν
1620 1068 1799 1135 αίρειν

214 1159 322 1212 ἀπο
363 1158 473 1211 τῶν
512 1158 869 1228 χαμαιζήλων
913 1156 1201 1226 νοημάτων
1244 1157 1379 1226 πρὸς
1422 1155 1484 1208 τὸ
1530 1155 1661 1224 ὕψος
1700 1158 1799 1226 τῆς

212 1249 472 1317 Θεωρίας.

286 1360 306 1391 1
358 1342 468 1394 Καὶ
511 1339 685 1393 ταῦτα
735 1340 928 1404 εἰπὼν,
974 1341 1125 1409 φωνῇ
1182 1339 1393 1408 μεγάλῃ
1443 1339 1797 1408 ὲκραύγασε·

212 1432 461 1501 Λάζαρε,
507 1432 666 1502 δεῦρο
712 1432 841 1498 ἔξω.
893 1451 911 1483 1
960 1431 1071 1484 Καὶ
1118 1431 1214 1500 τὴν
1262 1432 1539 1501 θυγατέρα
1575 1433 1801 1500 Ἰαείρου

211 1524 556 1594 ὲγηγερκὼς,
602 1526 698 1576 καὶ
740 1524 832 1576 τὸν
872 1523 988 1576 υἱὸν
1029 1523 1131 1590 τῆς
1175 1525 1348 1592 χήρας
1388 1522 1797 1591 ἐζωοποιηκὼς,

209 1613 269 1664 ού
307 1613 562 1679 φαίνεται
600 1613 814 1682 μεγάλῃ
850 1615 1001 1681 φωνῇ
1039 1613 1349 1685 κεκραγὼς,
1388 1614 1523 1667 ἀλλὰ
1551 1616 1615 1683 τῇ
1656 1618 1798 1684 χειρὶ

210 1703 607 1772 κεκρατηκὼς,
641 1707 736 1757 καὶ
772 1707 958 1774 ἠρέμα
995 1705 1365 1774 πεφωνηκὼς,
1400 1710 1463 1774 τῇ
1494 1707 1597 1775 μέν
1622 1724 1635 1738 ·
1674 1726 1692 1758 1
1734 1708 1796 1760 Ἠ

210 1798 382 1857 παῖς,
428 1796 642 1863 ἐγείρου
688 1811 703 1826 ’
748 1795 827 1863 τῷ
880 1797 975 1848 δέ·
1023 1815 1041 1846 1
1091 1797 1185 1860 Σὺ,
1227 1795 1391 1863 λέγω,
1437 1797 1722 1867 ἀνάστηθι.
1770 1817 1789 1848 1

222 1883 493 1938 Ἐνταῦθα
525 1885 577 1938 δὲ
616 1886 941 1955 διαπρύσιον
974 1885 1238 1955 κέκραγε.
1273 1886 1462 1949 Διατί;
1492 1888 1615 1940 Ὀτι
1652 1888 1795 1940 ὲκεί-

209 1996 315 2030 νων
342 1980 673 2046 προσφάτως
701 1979 1061 2048 τεθνηκότων,
1093 1978 1263 2046 ἐγγύς
1292 1996 1393 2031 που
1421 1980 1512 2032 τοῦ
1544 1981 1794 2051 σώματος

210 2070 397 2139 παρῆν
433 2072 466 2138 ἡ
503 2069 649 2141 ψυχὴ
689 2072 965 2141 (πατρικὴ
1005 2070 1114 2141 γὰρ
1149 2070 1298 2140 ἡμᾶς
1338 2071 1489 2141 φωνὴ
1525 2072 1791 2137 δυσωπεῖ,

208 2164 283 2226 ὡς
322 2164 492 2231 μέγρι
524 2163 624 2231 τῆς
659 2164 851 2235 τρίτης
888 2164 1101 2233 ἡμέρας
1134 2165 1167 2233 ἡ
1205 2164 1349 2232 ψυχὴ
1381 2163 1441 2216 τὸ
1474 2165 1604 2219 ίδιον
1639 2166 1796 2234 σῶμα

207 2257 680 2320 ὲκισκέπτεται),
729 2255 829 2325 τὴν
880 2255 935 2307 δὲ
992 2255 1244 2326 Λαζάρου
1296 2256 1472 2326 ψυχὴν
1525 2258 1797 2327 μακρόθεν

207 2347 371 2400 ποθὲν
418 2346 853 2416 ἐκκαλούμενος,
910 2349 1153 2417 κέκραγε
1207 2348 1419 2420 μεγάλῃ
1466 2351 1637 2419 φωνῇ.
1689 2351 1798 2403 Καὶ

210 2441 401 2509 ἐπειδὴ
429 2442 724 2511 προείρηκε
750 2445 860 2504 τοῖς
891 2442 1189 2505 Ἰουδαίοις,
1223 2462 1241 2492 1
1268 2442 1389 2494 ’Ὀτι
1416 2441 1632 2510 ἔρχεται
1656 2442 1795 2513 ὥρα,

212 2536 304 2585 καὶ
340 2532 436 2587 νῦν
478 2536 648 2596 ἐστιν,
684 2536 770 2585 ὅτε
812 2534 862 2586 οἱ
900 2534 1085 2604 νεκροὶ
1123 2535 1446 2589 ἀκούσονται
1481 2535 1581 2597 τῆς
1616 2536 1798 2603 φωνῆς

210 2625 301 2677 τοῦ
344 2624 475 2677 Υἱοῦ
514 2626 611 2678 τοῦ
652 2625 809 2688 Θεοῦ,
849 2628 943 2679 καὶ
984 2628 1034 2679 ol
1078 2626 1406 2689 ἀκούσοντες
1451 2625 1730 2695 ζήσονται,
1776 2645 1793 2677 1

214 2716 413 2784 πληροῖ
448 2716 511 2767 τὸ
555 2716 881 2783 ἐπάγγελμα
908 2732 921 2744 ·
968 2715 1062 2769 καὶ
1105 2716 1193 2769 διὰ
1228 2717 1325 2784 τῆς
1368 2716 1577 2785 ὑψηλῆς
1617 2719 1801 2786 φωνῆς

212 2807 356 2877 ζωὴν
379 2808 459 2877 τῷ
492 2808 734 2877 κειμένῳ
762 2807 1070 2877 χαρίζεται,
1103 2810 1189 2861 ἵνα
1220 2810 1411 2861 εἰδεῖεν
1428 2809 1533 2871 ὅτι,
1555 2808 1745 2879 ὥσπερ
1776 2812 1804 2862 ὀ

218 2903 441 2970 Πατὴρ,
484 2900 627 2952 οὕτω
657 2902 754 2953 καὶ
783 2903 812 2954 ὀ
865 2901 1024 2963 Υίὺς,
1051 2900 1144 2962 οὓς
1176 2901 1319 2955 θέλει
1351 2901 1620 2964 ζωοποιεῖ.
1654 2900 1803 2970 Αὕτη

215 2996 244 3060 ἡ
278 2995 433 3063 φωνὴ
467 2993 717 3045 σαλπίσει
750 2995 807 3045 ἐν
836 2996 900 3063 τῇ
935 2995 1137 3063 ἐσχάτῃ
1202 2994 1384 3065 ἡμέρᾳ
1412 2995 1503 3047 καὶ
1536 2995 1585 3046 οἱ
1618 2996 1804 3064 νεκροὶ

214 3088 632 3155 ἁναοτήσονται.
669 3087 823 3155 Τάχα
868 3089 923 3139 δὲ
975 3089 1069 3139 καὶ
1105 3088 1165 3139 τὸ
1212 3089 1454 3156 ἐνεργὸν,
1496 3090 1587 3140 καὶ
1637 3089 1800 3156 μέγα,

1902 605 2107 659 Martha
2139 606 2488 674 opinabatur,
2522 605 2615 659 scd
2651 622 2669 656 1
2708 602 2855 667 Scio,
2889 603 3086 673 inqttit,
3116 604 3241 669 quia
3269 618 3481 667 semper

1901 712 1987 751 me
2032 699 2211 761 audis,
2253 716 2270 748 1
2308 706 2490 764 utpme
2537 695 3052 751 consubstantialem
3101 694 3333 759 Filium;
3379 709 3480 746 nec

1901 790 2031 843 mihi
2078 790 2393 858 precatione
2427 804 2562 858 opus
2592 800 2696 851 est,
2726 789 2820 841 sed
2865 798 3083 855 promer
3115 772 3479 839 circumstan-

1903 890 2007 935 lem
2044 884 2293 951 populum
2331 884 2442 936 haec
2481 883 2619 946 dico,
2652 891 2710 935 ttt
2742 883 2921 937 Patris
2953 890 3005 931 et
3043 878 3160 932 Filii
3193 879 3477 947 aequalita-v

1903 980 2010 1027 tem
2061 972 2377 1041 intelligant.
2417 971 2512 1026 llis
2557 972 2719 1025 etiam
2753 972 2933 1024 verbis
2981 984 3077 1022 nos
3111 970 3383 1032 admonet,
3420 978 3477 1022 ut

1900 1078 1996 1131 per
2029 1077 2217 1131 preces
2246 1064 2533 1131 propitium
2568 1062 2724 1116 nobis
2756 1062 2918 1115 Deum
2949 1061 3165 1115 assidue
3190 1059 3475 1122 faciamus,

1899 1164 1955 1208 et
1988 1155 2187 1208 mentis
2215 1155 2428 1207 oculum
2458 1171 2485 1207 a
2518 1154 2748 1209 terrenis
2774 1153 3193 1221 cogitationibus
3220 1154 3285 1205 ad
3315 1152 3479 1205 cmic-

1899 1252 2000 1305 stia
2034 1251 2442 1321 contemplanda
2479 1253 2771 1322 erigamus.
2849 1301 2851 1303 ,

1978 1365 1997 1398 1
2048 1345 2173 1401 Haec
2225 1362 2349 1402 eum
2406 1348 2671 1409 dixisset,
2726 1364 2859 1403 voce
2917 1362 3108 1419 magna
3160 1346 3413 1401 clamavit
3461 1362 3476 1399 :

1904 1437 2124 1503 Lazare,
2178 1440 2297 1492 veni
2330 1439 2498 1495 foras.
2539 1458 2557 1491 1
2601 1439 2662 1493 Ει
2698 1456 2819 1494 cum
2861 1438 2995 1494 Jairi
3042 1439 3205 1493 filiam
3269 1439 3473 1490 cxi-ita-

1901 1530 2000 1591 vit,
2028 1541 2081 1581 et
2113 1545 2233 1583 cum
2270 1532 2443 1584 vidua:
2480 1532 2649 1584 filium
2693 1534 2874 1584 vivum
2910 1532 3164 1593 restituit,
3197 1546 3302 1582 non
3348 1528 3479 1597 legi-

1903 1630 1989 1674 tur
2017 1637 2148 1675 voce
2184 1638 2374 1690 magna
2407 1623 2694 1687 clamasse,
2731 1625 2823 1677 sed
2867 1639 3027 1676 tuanu
3058 1640 3152 1676 eos
3187 1632 3393 1683 tenens,
3427 1628 3481 1670 et

1902 1715 2108 1768 modica
2136 1729 2266 1769 usus
2294 1731 2445 1781 voce,
2484 1716 2558 1770 illi
2589 1716 2808 1786 quidem
2836 1733 2849 1769 :
2882 1734 2899 1767 1
2938 1714 3139 1773 Puella.
3164 1730 3321 1782 surge
3352 1712 3419 1775 ",
3453 1729 3473 1762 1

1903 1806 2024 1859 huic
2052 1821 2201 1871 vero,
2243 1825 2263 1858 1
2312 1807 2431 1861 Tibi
2482 1810 2622 1873 dico,
2650 1824 2810 1878 surge
2844 1810 2910 1873 υ,
2953 1826 2972 1859 1
3028 1808 3114 1861 hic
3154 1820 3282 1859 veto
3318 1804 3479 1856 vehe-

1903 1901 2135 1953 mentius
2183 1900 2461 1955 clamavit.
2499 1901 2635 1967 Quid
2671 1903 2811 1957 hoc?
2844 1902 2998 1969 Quod
3042 1914 3232 1953 eorunt
3268 1901 3355 1966 qui
3394 1911 3479 1949 re-

1897 2007 2026 2046 cens
2059 2004 2214 2046 erant
2250 1994 2445 2047 mortui
2482 1995 2619 2063 (99),
2654 1995 2826 2048 vicina
2846 1993 3243 2061 quodammodo
3266 1989 3478 2055 corpori

1896 2093 2013 2137 erat
2041 2084 2218 2136 anima
2251 2086 2441 2152 (terret
2471 2088 2613 2138 enim
2649 2099 2746 2138 nos
2781 2084 3023 2137 horribili
3055 2088 3233 2150 specie
3264 2096 3360 2133 vox
3392 2079 3478 2132 illa

1900 2175 2141 2241 Patrum,
2167 2177 2307 2243 quod
2334 2178 2584 2229 nimirum
2611 2179 2677 2229 ad
2703 2176 2921 2231 tertium
2947 2189 3114 2244 usque
3138 2174 3277 2226 diem
3302 2171 3477 2224 anima

1899 2267 2171 2335 propriqu
2195 2282 2394 2336 corpus
2418 2268 2650 2337 invisit),
2687 2267 2874 2320 Lazari
2906 2282 3037 2320 vero
3071 2266 3306 2317 animam
3342 2261 3483 2313 velut

1898 2372 1926 2408 e
1974 2356 2267 2426 longinquo
2307 2358 2611 2419 revocarit,
2661 2357 2913 2411 clamavit
2962 2370 3092 2408 voce
3154 2366 3368 2419 magna.
3420 2348 3483 2401 Et

1899 2450 2151 2516 quoniam
2204 2452 2526 2519 prmdixerat
2582 2451 2803 2511 Judmis,
2860 2468 2878 2500 1
2920 2448 3071 2513 Quod
3122 2448 3266 2499 venit
3324 2448 3476 2501 hora.

1901 2551 1957 2595 et
1997 2556 2136 2596 nunc
2171 2551 2291 2604 est,
2348 2543 2566 2611 quando
2623 2542 2816 2595 mortui
2869 2542 3088 2593 audient
3118 2553 3301 2591 vocent
3362 2534 3477 2587 Filii

1905 2632 2035 2695 Dei,
2087 2643 2135 2685 ct
2191 2634 2279 2701 qui
2340 2633 2633 2695 audierint,
2673 2632 2856 2686 vivent
2889 2632 2955 2695 ",
3004 2650 3022 2682 1
3074 2630 3480 2699 praedictionem

1904 2724 2259 2791 implet.th
2308 2727 2472 2778 etiam
2528 2739 2625 2793 per
2670 2723 2831 2775 altam
2888 2722 3028 2775 illam
3080 2736 3264 2774 vocem
3317 2722 3481 2773 vitam

1908 2815 2108 2867 homini
2152 2814 2263 2881 jam
2299 2816 2548 2884 deposito
2590 2816 2833 2877 redouat,
2872 2825 2927 2868 ut
2967 2814 3289 2881 intelligant,
3340 2814 3482 2881 quod

1904 2908 2043 2961 sicut
2074 2906 2256 2970 Pater,
2288 2908 2358 2960 ita
2406 2916 2460 2960 et
2508 2907 2697 2971 Filius,
2747 2922 2882 2974 quos
2910 2908 3019 2960 vult
3070 2907 3327 2959 vivifical.
3363 2904 3484 2957 [hec

1906 3014 2007 3051 vox
2050 2999 2321 3051 resonabit
2371 3008 2618 3052 extremo
2666 2999 2774 3060 die,
2823 3008 2878 3051 et
2926 2999 3120 3050 mortui
3175 3004 3481 3064 resurgent.

1909 3089 2180 3143 Fortassis
2210 3091 2372 3143 etiam
2405 3089 2804 3153 emcau-itatem,
2839 3099 2891 3143 et
2927 3090 3056 3152 vim,
3090 3099 3141 3142 et
3188 3088 3480 3157 potentiam

216 3178 310 3225 καὶ
334 3176 393 3227 τὸ
428 3176 645 3244 ἰσχυρὸν
670 3175 764 3228 τοῦ
795 3176 954 3243 λόγου
988 3178 1227 3245 σημᾶναι
1256 3177 1586 3246 βουλόμενός
1614 3195 1801 3247 φησιν,

1909 3182 2161 3250 loquendi
2208 3183 2514 3250 significare
2569 3182 2903 3252 Evangelista
2957 3183 3163 3246 volens,
3219 3180 3483 3234 clamasse

216 3267 288 3327 ὡς
315 3268 625 3335 ἐκραύγασε
665 3271 812 3337 φωνῇ
846 3269 1052 3338 μεγάλῃ
1074 3286 1089 3299 ’
1129 3269 1363 3338 τοσαύτη
1403 3269 1512 3337 γάρ
1549 3287 1632 3330 τις
1658 3265 1726 3337 ἦν
1750 3273 1805 3322 ἐν

216 3360 279 3426 τῇ
312 3361 466 3426 φωνῇ
498 3360 529 3424 ὴ
566 3358 737 3426 ἰσχὺς,
780 3357 919 3409 ὥστε
961 3358 1196 3429 παρείθη
1235 3358 1333 3421 μὲν
1375 3359 1469 3411 τοῦ
1499 3359 1626 3429 ᾅδου
1654 3362 1686 3430 ἡ
1717 3359 1806 3411 δύο

219 3463 397 3517 ααμις,
432 3450 464 3517 ή
494 3448 641 3517 ψυχὴ
674 3449 730 3500 δὲ
766 3448 958 3501 θᾶττον
990 3452 1052 3501 ἐκ
1072 3448 1180 3500 τῶν
1203 3450 1444 3503 νεκάδων
1475 3451 1722 3519 ἀνέθορε,
1748 3451 1808 3504 τὸ

219 3541 273 3592 δὲ
301 3541 549 3594 διαλυθὲν
580 3543 681 3612 ἠδη
717 3542 877 3612 σῶμα
912 3544 1143 3612 ἰσχυρῶς
1175 3561 1234 3595 τε
1268 3545 1568 3612 ὲτετόνητο,
1604 3544 1695 3596 καὶ
1723 3544 1811 3598 διὰ

1908 3288 2037 3327 voce
2071 3290 2261 3341 magna
2307 3274 2457 3329 dicit.
2491 3274 2659 3328 Tanta
2690 3276 2832 3345 enim
2861 3275 2919 3327 in
2959 3274 3043 3327 illa
3080 3288 3210 3327 voce
3247 3274 3328 3326 vis
3360 3270 3481 3335 fuit,

1910 3375 1965 3418 ut
2000 3376 2053 3420 et
2085 3366 2380 3420 inferorum
2419 3367 2654 3434 potentia
2710 3366 2942 3420 refracta
2980 3366 3068 3429 sit,
3096 3374 3148 3418 et
3178 3366 3358 3419 anima
3390 3380 3484 3418 ce-

1909 3455 2095 3509 leriter
2125 3472 2187 3509 ex
2224 3458 2452 3511 mortuis
2483 3457 2782 3518 exsiluerit,
2818 3471 3015 3525 corpus
3047 3470 3173 3509 vero
3197 3455 3306 3524 jam
3337 3468 3486 3507 reso-

1911 3547 2077 3601 lutum
2108 3557 2543 3619 coagmentatum
2586 3549 2745 3602 fuerit
2776 3559 2830 3603 et
2856 3548 3231 3602 confirmatum
3257 3562 3273 3611 ;
3306 3546 3486 3612 itaque

232 3737 243 3747 .
292 3670 334 3702 ⁸¹
366 3669 559 3725 Matth.
607 3685 685 3733 ix,
730 3670 849 3724 ‘25;
900 3671 946 3701 "
989 3669 1116 3725 Luc.
1158 3684 1254 3737 vn,
1303 3671 1389 3725 ll.
1467 3673 1513 3703 ⁸³
1547 3671 1700 3723 Joun-
1731 3688 1782 3732 ν.
1810 3672 1899 3726 25.

1454 3788 1769 3850 Francisci
1816 3791 2022 3850 Scorsi
2067 3799 2254 3853 llOliB.

226 3899 397 3952 Simul
457 3906 621 3950 etiam
674 3896 909 3949 ostendit
940 3911 999 3948 sc.
1056 3910 1161 3948 non
1212 3896 1370 3946 modo
1428 3907 1483 3948 ut
1535 3896 1806 3948 hominem

226 3986 325 4020 111111
352 3983 474 4020 esse
506 3968 842 4019 contrarium
904 3965 1029 4016 Deo.
1075 3967 1163 4016 sed
1194 3974 1247 4013 ut
1285 3964 1374 4016 Dei
1409 3964 1602 4015 Filium
1644 3965 1718 4016 illi
1749 3979 1807 4017 se

225 4039 481 4108 a-qualem
508 4051 651 4098 esse,
682 4050 802 4108 cum
830 4035 903 4086 ait
941 4050 955 4108 ξ
996 4035 1131 4108 Quia
1162 4049 1365 4099 semper
1387 4052 1471 4108 rme
1497 4037 1675 4096 audis,
1709 4049 1807 4086 nec

228 4103 471 4176 indigere
527 4106 839 4176 precatione
890 4106 955 4155 ad
1012 4103 1246 4163 Patrem,
1301 4107 1394 4156 sed
1438 4114 1660 4171 propter
1700 4108 1807 4157 cir-

226 4175 589 4232 cumstantem
624 4175 881 4243 populum
918 4190 977 4225 ea
1005 4176 1100 4227 nti.

317 4247 411 4310 99)
456 4245 607 4309 Quod
626 4242 837 4305 eorum,
874 4245 965 4312 qui
1017 4260 1192 4297 recens
1239 4254 1385 4297 erant
1428 4245 1639 4295 mortui.
1696 4242 1804 4296 Cur

226 4319 475 4370 Christus
502 4330 691 4381 magna
720 4329 850 4367 voce
887 4316 935 4364 in
960 4316 1261 4367 rcvocanzlo
1287 4318 1355 4367 ab
1379 4314 1570 4365 inferis
1604 4313 1806 4366 Lazaro

224 4403 352 4440 usus
387 4387 486 4447 sit,
514 4398 735 4436 causam
786 4398 904 4436 eam
943 4382 1175 4435 alierum
1225 4384 1487 4443 nonnulli,
1532 4399 1596 4435 ex
1633 4386 1806 4433 inter-

226 4458 504 4523 preuhus,
558 4468 716 4519 quam
752 4454 930 4523 etiam
989 4464 1171 4505 nostcr
1221 4453 1441 4523 Cornel.
1506 4469 1534 4504 a
1597 4452 1805 4519 Lapide

226 4522 410 4587 refert,
442 4535 499 4578 et
541 4524 681 4575 inter
714 4522 850 4577 alias
883 4522 1110 4587 recipit;
1150 4532 1206 4576 ut
1235 4522 1807 4592 significaretscilicet

1912 3914 2027 3949 ntea
2065 3899 2302 3951 editione
2334 3910 2684 3963 apponerem.
2724 3896 2868 3963 quod
2903 3910 3033 3949 sane
3060 3910 3126 3949 ex
3162 3912 3282 3949 meo
3316 3899 3486 3952 solum

1909 3983 2091 4029 sensu,
2132 3970 2382 4023 quamvis
2430 3968 2508 4021 sic
2560 3967 2978 4025 existimassnu,
3011 3968 3125 4017 sine
3165 3966 3267 4018 ulla
3304 3982 3504 4021 auctoa.

1910 4038 2068 4088 ritate
2100 4036 2355 4101 attingere
2410 4052 2512 4088 non
2548 4051 2724 4089 essem
2763 4052 2943 4088 ausus.
2984 4036 3173 4089 Frctus
3224 4039 3489 4103 itaqueea

1906 4108 2170 4173 scriptura
2192 4106 2255 4159 G.
2283 4107 2431 4167 cod.,
2464 4106 2539 4158 sic
2566 4121 2759 4157 ewnseo
2792 4106 3072 4171 legendum
3105 4106 3247 4159 hunc
3276 4108 3446 4159 locum
3474 4125 3488 4172 ;

1908 4194 2028 4228 nam
2060 4186 2110 4227 cl
2170 4177 2343 4228 facilis
2397 4175 2656 4245 scrﬂtenli
2691 4187 2776 4228 est
2813 4186 2952 4229 notae
2993 4176 3152 4227 unius
3187 4177 3491 4245 interroga-

1917 4247 2080 4298 tionis
2111 4247 2368 4310 otnissio;
2405 4255 2458 4297 et
2489 4244 2872 4311 Tthphanent
2915 4246 3112 4312 alioqui
3162 4244 3417 4305 1111011101(
3441 4258 3494 4300 et

1918 4316 2004 4379 qui
2052 4315 2175 4367 aliis
2210 4316 2400 4367 harum
2445 4314 2791 4366 homiliarum
2852 4315 2983 4367 l0i'lS
3032 4314 3232 4366 similes
3283 4316 3493 4368 fabulas

1919 4388 2119 4438 acriter
2151 4384 2386 4438 refutare
2420 4384 2575 4447 solet,
2615 4393 2672 4434 ut
2719 4384 2863 4436 hom.
2902 4384 2973 4437 55
3019 4384 3202 4435 videre
3236 4394 3341 4447 est,
3388 4401 3491 4438 non

1917 4456 2150 4507 arbitror
2189 4456 2238 4504 id
2289 4469 2353 4507 ex
2410 4469 2508 4507 suo
2556 4453 2758 4506 dixisse
2805 4468 3105 4515 consensu;
3144 4469 3266 4507 cum
3306 4456 3491 4518 etiam,

1919 4528 2066 4578 hom.
2110 4524 2174 4575 de
2205 4523 2317 4577 liiio
2340 4524 2512 4575 vidum
2560 4538 2729 4589 nuper
2766 4535 2995 4583 mortuo,
3034 4523 3365 4577 contrarium
3396 4526 3496 4577 do-

223 4615 280 4651 se
312 4569 557 4649 animam
611 4592 799 4645 Lazari
840 4607 901 4644 ex
957 4569 1249 4660 lorngi‘nquo
1286 4569 1379 4645 laet
1416 4601 1625 4646 remoto
1667 4592 1805 4655 loco,
1836 4569 1889 4627 D
1917 4603 2052 4654 real,
2088 4595 2325 4644 animam
2376 4594 2591 4645 scilicet
2636 4569 2789 4645 illius
2841 4608 2903 4645 ex
2952 4569 3325 4645 shbterraneis
3360 4593 3497 4647 locis

226 4680 279 4717 ut
310 4678 442 4733 puta
476 4680 540 4716 ex
575 4662 741 4715 limbo
771 4662 1007 4733 Patrum
1051 4674 1105 4713 ct
1143 4672 1334 4717 centro
1363 4671 1519 4733 terra:
1555 4676 1811 4733 evocare.

226 4731 670 4803 Theophylactus
728 4732 893 4803 etiam
941 4731 1143 4803 aliquid
1202 4733 1370 4803 atldit_
1406 4731 1701 4803 singulare,
1755 4742 1814 4803 ut

228 4800 488 4857 nimirum
545 4818 638 4854 ora
670 4801 951 4868 gentilium
998 4800 1299 4855 refrettaret
1346 4800 1703 4854 fabulantium
1758 4801 1810 4853 in

230 4874 451 4926 tumulis
485 4886 605 4925 esse
637 4872 846 4924 animas
883 4872 987 4923 vita
1019 4868 1396 4924 defunctorum
1435 4886 1449 4921 :
1486 4884 1609 4922 nam
1653 4870 1810 4938 quasi

228 4946 363 4999 foris
420 4956 545 4994 eam
607 4943 837 4995 advocat
897 4955 992 5007 per
1057 4941 1374 4995 clamorem.
1442 4938 1811 5007 Eamdetnque

230 5018 401 5068 ferme
448 5026 671 5063 causam
727 5012 813 5062 hic
872 5008 1230 5076 Theophanes
1266 5025 1387 5063 cum
1439 5010 1651 5062 caeteris
1695 5025 1813 5076 quae

229 5082 369 5138 infra
398 5081 668 5149 congerit,
700 5079 941 5133 adducit.
969 5078 1075 5132 Sed
1108 5090 1160 5132 et
1196 5080 1371 5132 ittnuit
1421 5079 1583 5131 alium
1614 5094 1809 5146 quem-

230 5157 351 5208 dam
381 5148 622 5204 errorem
660 5150 740 5201 vel
786 5150 983 5201 antlctu
1041 5149 1311 5212 fabellam,
1357 5150 1497 5217 quod
1545 5148 1811 5201 1111111111-

231 5228 392 5278 duum
411 5221 1026 5287 deiuorluorntnaninne
1040 5221 1315 5287 pr0prium
1331 5234 1527 5286 corpus
1549 5219 1809 5279 revisant,

229 5309 292 5348 co
320 5299 544 5361 peracto
590 5290 803 5361 longius
854 5291 1168 5361 abscedant.
1216 5291 1320 5361 Sed
1365 5304 1634 5361 ea-u_n_on
1668 5287 1812 5361 111111-

231 5358 428 5416 mando
456 5360 661 5421 innuit,
702 5360 795 5410 sed
837 5358 1123 5412 referendo
1172 5360 1345 5413 solum
1395 5369 1448 5411 et
1485 5358 1804 5420 dubitando,

230 5438 357 5500 quin
391 5435 556 5484 etiam
591 5428 859 5500 negando,
901 5430 945 5500 si
983 5444 1080 5496 per
1113 5429 1593 5500 interrogationem
1628 5428 1811 5500 lcgan—

232 5497 316 5555 tur
347 5516 413 5555 ea
449 5501 629 5561 verba,
656 5497 778 5550 Ὀτι
823 5499 1047 5552 ἐκείνων
1075 5499 1402 5568 προσφάτως
1447 5499 1809 5565 τεθνηκότων,

232 5587 403 5638 usque
433 5575 503 5623 ad
542 5567 965 5637 ἐκκαλούμενος.
999 5570 1065 5622 Et
1122 5567 1338 5636 quidem
1376 5585 1470 5637 per
1510 5568 1815 5635 interroga-

235 5637 433 5695 tionem
460 5653 588 5694 esse
638 5638 889 5706 legenda,
920 5647 1104 5693 monet
1149 5645 1428 5705 exemplar
1460 5638 1578 5692 Gul.
1620 5637 1672 5688 in
1705 5654 1812 5704 quo

236 5713 477 5777 apposita
536 5709 890 5778 interrogatio
941 5711 1007 5776 qd
1059 5709 1323 5778 verbum,
1361 5706 1766 5776 ἐκκαλούμενος
1795 5747 1808 5769 ,

234 5775 354 5833 licet
397 5796 517 5833 eam
568 5793 671 5831 non
704 5775 994 5843 pr'mferant
1034 5779 1089 5832 P.
1134 5789 1192 5832 et
1230 5775 1294 5831 ν.
1346 5780 1503 5833 codd.
1538 5780 1631 5830 sed
1680 5779 1814 5830 satis

236 5850 393 5906 habui
441 5850 604 5905 unius
656 5849 775 5903 cod.
820 5849 1238 5915 auctoritatem;
1288 5857 1344 5903 ut
1393 5862 1513 5905 eam
1562 5850 1726 5903 etiam
1758 5848 1812 5901 iu

1918 4666 2262 4717 diversatam.
2291 4663 2357 4714 ah
2379 4664 2441 4714 iis
2462 4679 2487 4713 a
2512 4662 2730 4714 Christo
2753 4662 2912 4713 fuisse
2937 4663 3341 4716 revocatam.'0
3374 4662 3496 4727 μὲν,

1917 4734 2089 4795 inquit
2121 4733 2215 4795 ibi,
2254 4733 2386 4802 ᾅδης
2415 4731 2635 4802 ὲλέλυτο
2658 4772 2672 4791 ,
2706 4734 2736 4799 ἡ
2762 4733 2819 4783 δὲ
2846 4731 2991 4802 ψυχὴ
3022 4734 3087 4783 ὲκ
3113 4732 3222 4783 τῶν
3258 4733 3497 4784 νεκάὃων

1914 4801 2157 4868 ἀνέθορε.
2195 4801 2382 4855 Saluta
2407 4814 2528 4855 sunt
2557 4801 2840 4868 inferorum
2864 4801 3098 4854 claustra
3120 4841 3133 4863 ,
3165 4810 3213 4853 et
3248 4816 3313 4855 ea:
3359 4819 3500 4855 mor-

1919 4874 2020 4925 tuis
2055 4872 2314 4937 prosilirit
2370 4873 2578 4925 anima.
2626 4870 2757 4923 Vide
2801 4886 2920 4938 quae
2982 4872 3051 4923 ibi
3119 4872 3495 4925 adnotavimus

1915 4951 2026 4995 not.
2061 4940 2156 4997 22.
2193 4940 2426 4993 Verbum
2463 4952 2641 4993 autem
2673 4940 2911 4992 δυσωπεῖ
2950 4955 3013 4993 eo
3044 4941 3221 5001 modo,
3266 4957 3373 5008 quo
3414 4949 3499 4993 est

1915 5028 1941 5062 a
1982 5013 2135 5064 nobis
2162 5012 2455 5075 redditum,
2494 5020 2789 5075 usurpatur
2832 5011 2899 5063 ab
2948 5010 3071 5064 aliis
3119 5011 3496 5075 Scriptorihus,

1914 5090 1969 5133 ut
2005 5098 2031 5131 a
2067 5079 2356 5134 Plutarcho
2404 5083 2456 5132 in
2492 5080 2691 5131 Solone
2723 5098 2737 5133 :
2773 5090 2826 5132 et
2879 5080 3099 5149 etymol.
3144 5081 3372 5144 suadet;
3408 5081 3494 5131 di—

1915 5152 2055 5205 citur
2111 5152 2253 5203 enim
2311 5166 2338 5202 a
2382 5151 2755 5203 contrahenda
2813 5148 3009 5216 fronte,
3063 5150 3318 5202 nimirum
3372 5150 3497 5216 quia

1920 5222 2227 5287 hujusutodi
2268 5220 2455 5281 κακῶς
2514 5218 2697 5287 ἔχουσι
2735 5221 2860 5282 τοὺς
2892 5213 3067 5281 ὦπας.
3102 5220 3328 5288 Elytuol.
3385 5213 3500 5269 ina-

1915 5306 2077 5356 gnum
2123 5290 2511 5349 δυσωπεῖσθαι,
2549 5290 2883 5359 ὑφορᾶσθαι,
2908 5289 3187 5357 φοϐεῖσθαι
3221 5290 3337 5352 μεθ’
3366 5290 3497 5341 ὑπο·

1915 5361 2086 5425 νοίας,
2117 5362 2303 5414 terreri
2332 5375 2426 5425 per
2448 5360 2686 5427 aliquam
2708 5361 3090 5426 suspicionem.
3121 5361 3193 5411 Itltt
3218 5361 3316 5412 hoc
3336 5360 3500 5423 igitur

1918 5432 2189 5483 intellecut
2222 5431 2434 5485 videtur
2465 5431 2538 5481 ita
2584 5431 2969 5497 pr0pemudum
3000 5427 3362 5496 Theophanes
3405 5444 3498 5493 per

1920 5501 2062 5553 illam
2106 5500 2659 5571 puretttltesittrloqtti
2695 5518 2708 5557 :
2740 5499 2838 5552 Hic
2886 5513 2915 5552 a
2965 5498 3216 5571 l’alribtis
3261 5501 3500 5551 traditus

1919 5571 2073 5623 nobis
2108 5569 2307 5633 sermo,
2341 5569 2500 5621 veluti
2537 5571 2810 5638 quoddam
2844 5570 3051 5635 puerile
3087 5570 3500 5622 terriculamen-

1918 5649 2030 5693 tutn
2072 5652 2127 5695 et
2180 5642 2499 5709 φάντασμα,
2528 5656 2625 5693 nos
2659 5649 2920 5703 exterret,
2973 5638 3115 5706 quod
3140 5641 3209 5709 ad
3263 5639 3495 5690 triduum

1919 5726 2089 5776 usque
2145 5708 2338 5765 animae
2392 5710 2631 5765 invisaut
2678 5722 2932 5778 corpora,
2975 5723 3005 5761 a
3055 5708 3257 5779 quibus
3300 5721 3496 5761 exces-

1916 5791 2110 5835 801110.
