4184 6436
741 370 842 436 551

1955 362 2449 425 THEOPHANIS
2490 362 2829 423 CERAMEI

3904 374 4015 435 55?.

737 488 788 539 in
819 482 1038 551 epulum
1086 482 1194 539 illis
1232 482 1600 553 apposuisset,
1640 496 1745 533 una
1778 495 1896 533 cum
1933 480 2062 547 ipsis
2097 479 2148 530 in
2179 492 2331 530 men-

2440 477 2634 544 γήσας,
2672 478 2767 528 καὶ
2798 473 3059 545 προσθείς
3082 475 3159 537 είς
3193 476 3462 543 ἑστίασιν,
3490 479 3659 542 ἔξεισι
3694 484 3813 548 μετ’
3837 488 4029 545 αὐτῶν

734 586 842 628 tem
896 574 1174 629 Olivarum
1225 574 1523 642 egreditur,
1568 583 1622 624 ut
1681 586 1854 640 neque
1889 569 2204 624 Passionem
2234 570 2329 621 de-

733 667 986 733 clinaret,
1020 666 1314 734 (quomodo
1363 666 1507 718 enim
1560 665 1611 717 id
1663 666 1883 723 faceret,
1918 662 2007 730 qui
2060 673 2111 715 et
2143 663 2329 730 prori-

736 760 887 812 derat
924 771 973 811 et
1008 758 1332 824 prtediverat
1388 773 1445 809 se
1479 772 1762 826 passurum
1789 794 1803 816 ,
1834 765 1882 805 ct
1933 764 2113 818 posset
2162 754 2323 806 etiam

734 851 1021 917 quominus
1071 857 1349 917 pateretur
1373 849 1613 917 effugere
1632 849 1676 916 ?)
1712 863 1883 913 neque
1918 862 2043 898 vero
2086 862 2145 899 se
2178 846 2320 897 ultro

741 939 1032 993 Iton‘ticidis
1080 940 1366 1007 objiccrel.
1418 940 1655 992 l’rimutn
1697 938 1837 990 enim
1889 949 2003 988 erat
2040 937 2322 989 consilium

734 1031 1269 1098 dispositionemqne
1325 1030 1570 1081 frustrari
1609 1029 1743 1098 (l9),
1776 1040 1829 1081 et
1865 1029 2107 1097 ignavam
2138 1042 2243 1094 pra:
2272 1040 2328 1078 se

738 1122 884 1177 ferre
958 1123 1363 1187 formidinem;
1421 1124 1646 1177 alterum
1728 1139 1855 1176 vero
1916 1123 2322 1175 excusationem

737 1216 1090 1269 exsecrandis
1143 1216 1459 1269 hominibus
1493 1216 1838 1283 praebuisset,
1877 1213 2031 1279 quasi
2062 1228 2190 1266 vero
2225 1213 2329 1266 mi-

735 1324 839 1361 nus
882 1310 932 1361 in
967 1324 1031 1361 eo
1060 1310 1358 1362 occidendo
1404 1317 1744 1373 peccassent,
1795 1308 1885 1374 qui
1923 1323 1979 1360 se
2014 1305 2325 1360 voluntarie

735 1397 1096 1461 tradidisset,
1152 1408 1205 1449 et
1254 1397 1565 1465 passiOnetn
1627 1398 1693 1449 ab
1748 1398 1882 1466 ipsis
1939 1399 2323 1465 propemodum

736 1489 1105 1542 extorsisset:
1144 1488 1306 1541 simul
1336 1490 1499 1542 etiam
1538 1502 1675 1539 verse
1713 1486 2046 1541 fortitudinis
2078 1501 2135 1539 se
2167 1486 2320 1538 nobis

738 1574 991 1640 proponit
1058 1576 1377 1641 exemplar,
1437 1590 1556 1626 eum
1624 1576 1832 1627 timoris
1884 1586 1937 1627 et
1987 1577 2224 1627 au'aciaz
2271 1589 2328 1627 se

735 1665 1001 1719 victorem
1036 1670 1298 1730 ostendit,
1344 1675 1396 1719 ct
1425 1681 1520 1718 suo
1571 1666 1710 1717 facto
1752 1682 1846 1718 nos
1890 1668 2127 1731 instruit,
2158 1680 2330 1733 neque

737 1772 804 1809 ex
838 1758 1069 1811 adverso
1126 1758 1517 1826 aggredieudas
1567 1776 1690 1813 esse
1744 1760 2069 1810 tentatioues
2097 1798 2110 1822 ,
2154 1774 2329 1825 neque

2442 569 2522 629 είς
2580 568 2641 617 τὸ
2704 568 2831 637 ὅρος
2869 564 2979 617 τῶν
3005 566 3223 631 ὲλαιῶν,
3266 567 3392 620 οὔτε
3413 571 3474 623 τὸ
3503 572 3677 634 πάθος
3724 574 4027 643 ἐκκλίνων,

2440 658 2582 730 [πῶς
2607 658 2716 726 γὰρ
2750 659 2777 709 6
2812 658 2905 711 xui
2961 660 3255 726 προειδὼς,
3303 662 3398 712 καὶ
3450 666 3898 734 προαγορεύσας,
3927 674 4028 722 καὶ

2436 748 2734 817 δυνάμενος
2761 752 2953 815 φυγεῖν
2985 747 3046 799 τὺ
3089 749 3358 820 παθείν;]
3392 750 3517 803 οὔτε
3570 756 3677 823 μὴν
3718 757 4029 825 αὐτόμολος

2440 842 2531 893 ἰὼν
2572 841 2710 909 πρὸς
2752 842 2877 901 τοὺς
2932 844 3199 909 φονευτάς
3229 859 3241 870 ·
3274 844 3335 895 τὸ
3364 846 3462 912 μὲν
3490 847 3596 913 γὰρ
3629 848 3784 911 λύσις
3814 847 3884 920 ἦν
3920 853 4027 921 τῆς

2449 935 2785 1003 οἰκονομίας,
2825 934 2917 984 καὶ
2936 933 3109 985 δειλία
3142 951 3225 996 τις
3255 935 3524 1005 ἀγεννὴ·,
3554 938 3613 989 τὸ
3649 938 3703 991 δὲ
3746 944 4028 1010 πρὸξασιν

2438 1028 2666 1093 παρεῖχε
2705 1028 2815 1077 τοῖς
2854 1024 3151 1092 βδελυροῖς,
3204 1026 3279 1088 ὡς
3310 1027 3409 1095 οὐχ
3441 1028 3713 1099 ἥμαρτον,
3754 1034 4026 1087 ἀποκτεί-

2438 1134 2631 1178 ναντες
2659 1118 2750 1168 τὸν
2781 1119 2973 1169 ἑαυτὸν
3017 1119 3199 1169 ἑκοντὶ
3235 1121 3575 1189 παραδόντα,
3601 1126 3697 1175 καὶ
3729 1132 4025 1197 μονονουχὶ

2437 1209 2498 1259 τὸ
2548 1208 2718 1270 πάθος
2778 1210 3130 1277 ἁρπάσαντα.
3181 1209 3347 1277 Ὁμοῦ
3400 1229 3460 1264 τε
3512 1214 3606 1264 καὶ
3654 1219 3750 1282 τῆς
3783 1218 4024 1287 ἀληθοῦς

2440 1302 2691 1371 ἀνδρείας
2756 1303 2890 1369 ἡμῖν
2946 1304 3120 1366 τύπος
3169 1305 3401 1370 γίνεται,
3448 1306 3637 1373 ὀφθεὶς
3694 1308 3896 1372 δειλίας
3924 1316 4024 1365 καὶ

2439 1392 2676 1459 θράσους
2708 1390 3041 1459 ὑπέρτερος,
3078 1390 3175 1442 καὶ
3200 1390 3473 1443 διδάσκων
3515 1392 3582 1444 δι’
3620 1395 3814 1446 ἑαυτοῦ
3878 1400 4021 1464 μήτε

2436 1483 2603 1549 ὁμόσε
2662 1485 2858 1551 χωρεῖν
2919 1481 3055 1551 πρὸς
3124 1481 3254 1543 τοὺς
3319 1487 3683 1553 πειρασμοὺς,
3726 1490 3865 1553 μήτε
3911 1490 4022 1557 μὴν

2439 1572 2770 1634 ἐπελθόντας
2804 1574 3048 1640 ἀγεννῶς
3081 1574 3581 1641 μορμολύττεσθαι.
3630 1578 3740 1628 Ούκ
3777 1580 3835 1630 ἐν
3866 1582 4020 1647 οἰκία

2435 1666 2493 1715 δὲ
2530 1663 2993 1733 συλλαμϐάνεται,
3044 1664 3233 1733 ἐπειδὴ
3261 1665 3594 1717 ἐδεδίττοντο
3646 1670 3773 1730 τοὺς
3821 1668 4020 1737 ὄχλους

2440 1757 2486 1806 οί
2522 1756 2622 1824 τήν
2674 1754 2970 1819 ἐπιϐουλὴν
3032 1755 3453 1821 ὲξαρτύσαντες.
3483 1758 3543 1809 ΕΞ
3570 1758 3679 1827 γὰρ
3710 1761 3801 1810 καὶ
3835 1761 3910 1830 μὴ
3942 1760 4017 1821 ὡς

739 1863 862 1899 cum
898 1865 997 1901 nos
1027 1850 1307 1912 invadunt,
1336 1865 1431 1916 per
1463 1850 1733 1918 ignaviam
1780 1864 1895 1901 esse
1931 1849 2322 1901 fortnidandas.

2440 1847 2555 1913 Θεῷ
2599 1852 2893 1916 προσεῖχον
2925 1847 3098 1915 αὐτῷ,
3126 1848 3247 1899 ἀλλ’
3281 1851 3344 1899 ἐκ
3377 1850 3475 1916 τῆς
3528 1844 3885 1911 διδασκαλίας
3923 1854 4021 1903 καὶ

739 1938 893 1992 Domi
942 1956 1071 1993 vero
1128 1957 1232 1994 non
1291 1944 1802 2009 comprehenditur,
1852 1959 1915 1995 eo
1956 1943 2097 2008 quod
2141 1942 2327 1995 turbas

740 2032 1006 2085 timebant
1064 2034 1436 2087 insidiatores.
1472 2036 1797 2102 Quanquam
1841 2036 1985 2086 enim
2034 2033 2184 2087 illum
2222 2048 2326 2086 non

740 2125 1063 2191 reputabant
1111 2126 1318 2187 Deum,
1373 2136 1616 2179 attamen
1652 2140 1715 2179 ex
1772 2126 2015 2178 doctrina
2065 2136 2117 2178 et
2161 2126 2325 2176 mira-

740 2214 877 2268 culis
909 2216 1085 2269 virum
1137 2217 1347 2285 justum
1378 2228 1433 2271 et
1478 2220 1801 2286 prophetam
1860 2234 1982 2271 eum
2035 2217 2327 2270 habebant.

2433 1940 2541 1992 τῶν
2571 1940 2865 2007 θαυμάτων
2897 1940 3065 2009 ἄνδρα
3126 1940 3334 1992 δίκαιον
3381 1942 3476 1993 καὶ
3526 1944 3819 2012 προφήτην
3851 1943 4019 1995 αὐτὸν

2437 2034 2708 2101 ἐνόμιζον.
2744 2031 2972 2083 Δίδωσιν
2999 2034 3094 2085 οὖν
3123 2034 3307 2095 αὐτοῖς
3337 2032 3523 2085 ἄδειαν
3543 2033 3606 2085 ἐκ
3630 2050 3689 2085 τε
3713 2035 3813 2101 τῆς
3841 2034 4019 2104 ὧρας,

2438 2128 2501 2175 ἐκ
2528 2142 2587 2176 τε
2612 2124 2704 2176 τοῦ
2740 2125 2905 2176 τόπου
2942 2126 3019 2187 είς
3069 2124 3246 2190 πέρας
3303 2126 3532 2190 ἀγαγεῖν
3566 2126 3626 2177 τὸ
3659 2126 4020 2194 σκαιώρημα.

2437 2214 2608 2265 Πάλιν
2641 2213 2733 2265 οὖν
2758 2216 3016 2283 προλέγει
3054 2216 3166 2277 τοῖς
3198 2213 3476 2281 μαθηταῖς
3499 2216 3561 2266 τὸ
3587 2218 3872 2285 ἐσόμενον.

742 2305 955 2363 Praebet
980 2310 1273 2377 igiturillis
1304 2321 1441 2365 etex
1472 2312 1627 2377 hora,
1658 2321 1712 2365 et
1740 2327 1803 2365 ex
1867 2312 1987 2365 loco
2019 2308 2348 2378 transigendi
2386 2308 2495 2361 doli
2539 2308 2912 2360 securitatem.
2966 2307 3106 2376 Ergo
3176 2322 3368 2362 rursus
3420 2309 3664 2375 praedicit
3712 2310 4021 2380 discipulis,

743 2401 888 2467 quod
912 2414 1235 2455 eventurum
1269 2411 1408 2456 erat.

826 2512 845 2543 c
890 2492 1094 2547 Omnes
1116 2510 1209 2546 vos
1236 2493 1733 2547 scandalizahimini
1766 2492 1815 2546 in
1850 2504 2003 2547 nocte
2022 2493 2163 2557 ista;
2198 2489 2338 2545 scri-

745 2593 895 2651 ptum
975 2592 1061 2636 est
1128 2584 1300 2645 enim,
1341 2582 1503 2651 189
1560 2584 1870 2637 Percntiam
1927 2592 2233 2649 pastorem,
2285 2586 2339 2633 et

747 2676 1133 2744 dispergentnr
1184 2690 1333 2727 oves.
1392 2692 1411 2726 ι
1482 2673 1579 2726 llis
1633 2674 1812 2726 verbis
1866 2672 2105 2725 ostendit
2161 2670 2341 2726 Patris

746 2768 1153 2835 dispensatione
1198 2777 1362 2833 atque
1420 2765 1651 2820 consilio
1701 2766 1941 2826 evenire,
1979 2763 2122 2830 quod
2158 2762 2338 2816 ﬁebat.

752 2860 833 2912 Ob
868 2860 919 2912 id
954 2860 1096 2911 enim
1137 2858 1351 2910 fuerant
1390 2857 1504 2910 llaec
1536 2856 1811 2909 vaticinati
1862 2856 2156 2923 prophetat.
2198 2854 2335 2917 Quid

748 2951 919 3005 vero?
960 2951 1106 3003 dicet
1152 2949 1396 3016 aliquis:
1447 2948 1713 3015 percussit
1764 2947 1927 2999 tilium
1960 2946 2137 3008 Pater,
2174 2959 2335 2998 oves—

2518 2508 2536 2538 ι
2581 2488 2790 2551 Πάντες
2843 2490 3005 2557 ὑμεῖς
3063 2489 3601 2559 σκανδαλισθήσεσθε
3652 2494 3710 2543 ὲν
3765 2498 3828 2562 τῇ
3862 2486 4026 2549 νυκτὶ

2437 2580 2611 2649 ταύτῃ
2641 2597 2653 2609 ·
2682 2581 2997 2650 γέγραπται
3028 2581 3163 2651 γὰρ,
3194 2600 3211 2632 ι
3253 2582 3487 2644 Πατάξω
3513 2585 3604 2634 τον
3634 2584 3893 2649 ποιμένα,
3930 2590 4028 2639 καὶ

2441 2671 3033 2740 διασκορπισθήσονται
3084 2672 3154 2723 τὰ
3222 2672 3499 2741 πρόϐατα.
3554 2692 3573 2723 ι
3608 2675 3862 2725 Δείκνυσι
3935 2677 4028 2729 διὰ

2441 2762 2672 2823 τούτων,
2715 2763 2796 2813 ὅτι
2838 2761 3127 2830 οἰκονομία
3171 2762 3289 2812 ἐστὶ
3335 2763 3575 2831 πατρική
3607 2764 3667 2814 τὸ
3704 2764 4016 2830 γινόμενον.

2443 2854 2542 2904 Διά
2576 2854 2733 2904 τοῦτο
2768 2853 2877 2922 γὰρ
2908 2852 3081 2917 ταῦτα
3136 2854 3418 2922 προφῆται
3452 2856 4024 2923 προεχρησμῴδήοαν.

2445 2942 2510 2996 Τί
2538 2943 2648 3005 οὗ),
2681 2946 2823 2995 είποι
2855 2961 2961 3004 τις,
2989 2945 3014 2995 6
3044 2945 3231 3011 Πατὴρ
3255 2943 3486 3007 ἐπάταξε
3513 2944 3604 2995 τὸν
3636 2945 3783 3007 Υίδν,
3821 2946 3917 2995 καὶ
3953 2946 4025 2997 τὰ

753 3057 860 3110 que
911 3041 1240 3107 dissipavit?
1275 3038 1493 3093 Minime
1528 3054 1655 3092 vero
1693 3056 1707 3091 :
1742 3054 1845 3090 non
1894 3038 2162 3103 percussit
2198 3038 2330 3104 ipse,

2445 3036 2695 3103 πρόϐατα
2766 3035 3191 3104 διεσκόρπισενς
3226 3033 3507 3102 Οὖμενουν
3533 3051 3546 3064 ·
3578 3035 3678 3084 οὐκ
3709 3033 4023 3099 ἐπάταξεν,

750 3135 842 3187 sed
882 3150 966 3186 Stll
1007 3133 1361 3201 dispositione
1397 3132 1608 3186 consilii
1652 3130 1859 3197 percuti
1894 3146 2015 3182 eum
2065 3130 2330 3196 permisit,

750 3236 803 3281 et
841 3242 961 3279 cum
996 3225 1290 3294 prohibere
1341 3232 1556 3290 posset,
1589 3222 1698 3290 pati
1732 3222 1876 3273 sivit.
1911 3221 2141 3273 Sanctus
2174 3219 2337 3288 igitur

750 3319 943 3371 Petrus
972 3333 1092 3369 cum
1135 3330 1324 3367 amore
1377 3313 1651 3377 ferveret,
1707 3327 1805 3364 nec
1838 3326 1965 3364 vero
2014 3313 2141 3361 satis
2193 3320 2337 3362 recte

753 3417 957 3459 natura:
994 3406 1362 3458 inﬁrmitatem
1392 3403 1788 3465 consideraret,
1821 3401 1885 3452 ad
1920 3400 2334 3467 promissionem

757 3512 863 3557 non
911 3497 1138 3565 negandi
1172 3497 1337 3555 illius.
1371 3493 1517 3547 addit
1551 3492 1714 3548 etiam
1761 3508 1818 3545 se
1844 3493 2290 3545 coinmoriturntn
2320 3506 2335 3542 :

759 3607 775 3638 ι
819 3588 1040 3641 Etiamsi
1105 3586 1410 3655 oportuerit
1475 3600 1559 3636 me
1626 3584 1763 3635 mori
1824 3593 2042 3647 tecum,
2115 3599 2221 3635 non
2289 3592 2339 3636 te

754 3680 1005 3747 negabo:
1040 3678 1133 3730 sed
1181 3679 1418 3729 animam
1455 3689 1629 3727 meam
1684 3688 1879 3741 ponam
1932 3688 2028 3742 pro
2064 3685 2133 3726 te.
2173 3693 2188 3723 ι
2233 3673 2336 3727 Sed

757 3769 1014 3822 Dominus
1093 3768 1381 3821 manifeste
1447 3767 1786 3834 negationem
1840 3764 1915 3817 illi
1965 3766 2334 3834 praznuutiat:

760 3880 778 3911 ι
818 3861 989 3914 Hodie
1028 3861 1079 3912 in
1112 3871 1267 3912 nocte
1314 3859 1433 3920 hac,
1482 3859 1794 3926 priusquam
1829 3857 1999 3920 gallus
2032 3872 2218 3909 vocem
2253 3858 2334 3909 bis

754 3951 998 4012 dederit,
1039 3959 1120 4003 ter
1159 3963 1243 4001 tne
1278 3964 1335 4001 es
1394 3958 1707 4015 negaturus.
1745 3964 1761 3995 ι
1824 3943 1913 3997 Sic
1944 3948 2086 3999 enim
2123 3945 2337 4000 Marcus

755 4040 1095 4094 enucleatius
1129 4041 1268 4111 (20),
1296 4054 1458 4108 quam
1486 4038 1600 4102 alii,
1628 4039 1864 4105 scripsit.
1899 4039 2161 4102 Quoniam
2194 4040 2336 4092 enim

751 4131 962 4184 Sciebat
995 4130 1278 4195 Dominus,
1312 4129 1529 4182 Petrum
1563 4138 1691 4181 tunc
1722 4128 1940 4195 quidem
1994 4140 2337 4195 negaturum,

758 4234 943 4290 postea
974 4238 1101 4277 vero
1137 4238 1235 4291 pro
1268 4238 1326 4276 se
1355 4222 1701 4285 moriturum,
1731 4222 1893 4274 verba
1932 4221 2019 4272 illa
2050 4222 2295 4289 apposuit
2323 4240 2337 4275 :

764 4334 783 4364 ι
810 4313 1032 4377 Hodie.)
1057 4325 1110 4367 et
1140 4332 1158 4365 ι
1196 4314 1248 4367 in
1283 4325 1442 4367 nocte
1473 4314 1604 4376 hac;
1636 4331 1654 4363 ι
1692 4316 1849 4365 modo
1872 4332 1974 4367 non
2007 4314 2087 4367 sic
2110 4315 2330 4368 dicens:

756 4406 936 4459 Pones
991 4405 1208 4473 quidem
1271 4419 1368 4472 pro
1423 4417 1507 4457 me
1560 4405 1799 4457 animum
1844 4413 2026 4464 lnam;
2096 4406 2190 4456 sed
2250 4404 2329 4457 bis

758 4494 861 4547 hac
890 4504 1044 4547 nocte
1085 4508 1169 4547 me
1200 4493 1426 4560 negabis
1450 4532 1464 4553 .
1508 4502 1724 4545 noctem
1759 4507 1954 4546 vocans
1999 4493 2126 4545 illud
2157 4494 2334 4560 ipsum

761 4583 1085 4653 proditiOnis
1121 4593 1337 4652 tempus
1364 4623 1379 4646 ,
1414 4593 1467 4636 et
1503 4598 1567 4636 ex
1602 4584 1713 4650 ipsa
1764 4585 2049 4651 negatione
2093 4586 2341 4635 tenebras

759 4676 925 4729 tuenti
976 4674 1218 4740 otl‘usas;
1263 4675 1351 4744 qui
1389 4675 1531 4728 enim
1566 4675 1738 4728 lucem
1776 4684 1970 4745 negat,
2017 4676 2067 4727 in
2105 4675 2340 4728 tenebris

757 4767 980 4821 omnino
1019 4776 1291 4821 versatur.

2440 3128 2573 3179 ἀλλὰ
2592 3128 2938 3195 παταχθῆναι
2962 3127 3323 3195 οἰκονομικῶς
3342 3127 3709 3196 συνεχώρησε,
3729 3130 3822 3179 καὶ⁵
3870 3130 4026 3180 εἴασε

2442 3219 2660 3281 πιθεῖν,
2710 3218 2913 3287 καίπερ
2985 3217 3229 3270 κωλῦσαι
3289 3218 3609 3282 δυνάμενος.
3656 3219 3713 3271 '0
3762 3219 3861 3287 μὲν
3930 3217 4027 3271 οὖν

2443 3311 2587 3377 ἱερὸς
2639 3311 2867 3378 Πέτρος,
2904 3310 3170 3380 διάπυρος
3229 3308 3305 3360 ὢν
3337 3310 3599 3380 ἐραστὴς,
3638 3310 3712 3376 μὴ
3742 3312 3923 3374 καλῶς
3966 3313 4023 3365 Ξὲ

2442 3402 2861 3469 περισκοπήσας
2896 3402 2993 3467 τῆς
3021 3403 3235 3467 φύσεως
3293 3402 3389 3469 τήν
3444 3401 3734 3453 ἀσθένειαν
3784 3402 3923 3468 πρὸς
3961 3404 4025 3455 τὸ

2446 3493 2518 3561 μὴ
2558 3492 2901 3560 ἀρνήσασθαι
2926 3532 2939 3555 ,
2971 3494 3064 3544 καὶ
3126 3490 3523 3543 συναποθανεῖν
3579 3492 3980 3559 ἐπαγγέλλεται
4005 3510 4021 3523 ο

2448 3604 2464 3634 ι
2502 3586 2617 3634 Kiv
2647 3584 2738 3652 δὲῃ
2779 3599 2845 3651 με
2883 3583 2978 3633 σὺν
3015 3582 3099 3633 σοὶ
3156 3581 3489 3643 ἀποθανεῖν,
3524 3585 3584 3634 ού
3626 3584 3697 3649 μή
3733 3598 3792 3632 σε
3831 3583 4020 3647 ἀπαρ-

2443 3677 2699 3742 νήσομαι,
2738 3676 2875 3726 ἀλλά
2927 3674 3026 3743 τὴν
3070 3674 3252 3743 ψυχήν
3307 3692 3409 3741 μου
3467 3674 3610 3744 ὑπὲρ
3654 3675 3750 3726 σοῦ
3792 3674 3963 3743 θήσω.
3992 3697 4023 3721 ι

2455 3768 2595 3817 Ἀλλ’
2623 3770 2649 3819 6
2686 3767 2889 3835 Κύριος
2935 3766 3425 3835 ἀπαρακαλύπτως
3485 3766 3633 3834 αὐτῷ
3681 3766 3878 3835 μηνύει
3918 3768 4023 3835 τὴν

2443 3858 2673 3927 ἄρνησιν
2702 3874 2714 3886 ·
2764 3876 2780 3906 ι
2819 3859 3067 3925 Σήμερον
3099 3862 3154 3907 ὲν
3190 3861 3255 3925 τῇ
3279 3857 3437 3908 νυκτὶ
3464 3857 3639 3928 ταύτῃ
3660 3896 3675 3921 ,
3708 3858 3841 3927 πρὶν
3873 3859 3906 3928 ή
3938 3858 4025 3923 δὶς

2442 3948 2710 4016 ἀλέκτορα
2739 3947 2986 4015 φωνῆσαι
3007 3984 3021 4008 ,
3056 3948 3358 4016 ἀπαρνήσῃ
3388 3964 3453 4014 με
3490 3948 3608 4015 τρίς
3636 3964 3647 3975 ο
3692 3966 3710 3996 ι
3746 3948 3889 3999 οὕτω
3910 3948 4023 4015 γὰρ

2442 4039 2469 4087 6
2492 4038 2716 4107 Μάρκος
2738 4039 2847 4090 τῶν
2866 4039 3042 4089 ἄλλων
3063 4036 3299 4105 ἔγραψεν
3348 4037 3767 4107 ἀκριὸέστερον.
3792 4039 4018 4105 Ἐπειδὴ

2442 4134 2553 4197 γὰρ
2578 4129 2692 4199 ᾔδει
2726 4131 2753 4181 6
2783 4130 2985 4197 Κύριος
3013 4128 3087 4189 ὡς
3114 4128 3210 4180 νῦν
3247 4130 3346 4197 μὲν
3385 4129 3760 4198 ἀρνηθήσεται
3786 4130 4017 4197 Πέτρος,

2445 4220 2670 4289 ὕστερον
2714 4221 2900 4288 μέντοι
2947 4220 3306 4273 ἀποθανεῖται
3361 4218 3501 4290 ὑπὲρ
3554 4218 3746 4281 αὑτοῦ,
3793 4224 4022 4289 προστί-

2444 4312 2569 4379 θησι
2592 4313 2651 4363 τὸ
2682 4313 2954 4381 σήμερον,
2983 4313 3079 4364 καὶ
3109 4314 3168 4364 ὲν
3196 4315 3261 4381 τῇ
3294 4312 3456 4364 νυκτὶ
3485 4313 3686 4380 ταύτῃ,
3724 4316 4026 4381 μονονουχὶ

2439 4405 2631 4471 λέγων,
2662 4407 2735 4465 ὡς
2766 4405 2963 4473 Θήσεις
2991 4404 3089 4473 μὲν
3128 4403 3225 4472 τὴν
3270 4405 3447 4473 ψυχήν
3481 4420 3574 4455 σου
3602 4404 3739 4473 ὑπὲρ
3772 4404 3931 4471 ἐμοῦ,
3964 4406 4025 4455 ὲν

2443 4496 2630 4563 μέντοι
2660 4498 2724 4563 τῇ
2782 4495 2943 4547 νυκτὶ
2998 4496 3212 4564 ἀρνήσῃ
3274 4509 3385 4563 με’
3417 4494 3589 4546 νύκτα
3635 4494 3809 4559 λέγων
3854 4494 4026 4545 αὑτὸν

2436 4588 2528 4637 τὸν
2561 4589 2661 4652 τῆς
2697 4586 2991 4655 προδοσίας
3024 4586 3235 4653 καιρὸν,
3270 4586 3363 4637 καὶ
3394 4586 3489 4637 τὸν
3513 4587 3578 4637 ὲκ
3609 4586 3705 4653 τῆς
3726 4587 4021 4653 ἀρνήσεως

2440 4678 2772 4745 σκοτισμόν⁸
2812 4679 2839 4729 6
2906 4678 3014 4745 γὰρ
3067 4678 3401 4746 ἀρνούμενος
3449 4677 3510 4730 τὸ
3576 4676 3691 4745 φῶς
3736 4678 3796 4728 ὲν
3830 4678 4023 4731 σκότει

2440 4770 2657 4830 πάντως
2692 4769 2831 4821 ἐστί.

2029 4922 2352 4985 Francisci
2385 4926 2594 4987 Scorsi
2637 4930 2821 4984 notis.

759 5072 945 5126 obtulit
982 5084 1074 5135 pro
1127 5067 1278 5120 nobis
1333 5065 1643 5117 oblationem
1694 5067 2107 5135 erraui/icium
2168 5087 2343 5123 sacer-

759 5147 856 5194 dot
890 5139 1024 5190 idem
1073 5147 1117 5189 et
1181 5138 1359 5204 Agnus
1409 5136 1499 5185 Dei
1557 5136 1646 5201 qni
1694 5134 1824 5187 tollit
1889 5150 2099 5203 peccata
2137 5142 2338 5193 mundi.

837 5210 950 5280 U9)
986 5206 1273 5280 Consilium
1298 5205 1791 5280 dispositionemqne
1845 5208 2115 5280 frustrari.
2141 5206 2335 5280 _\'isum

763 5273 867 5332 hoc
920 5278 1039 5329 loco
1095 5278 1156 5326 τὸ
1182 5273 1494 5342 οἰκονομίαν
1556 5276 1797 5340 pluribus
1843 5278 2331 5342 circumscribere;

761 5362 921 5416 quam
951 5356 1132 5398 tamen
1190 5358 1370 5416 vocem
1426 5343 1558 5396 alias
1604 5344 1927 5416 simpliciter
1966 5348 2120 5405 verti.
2159 5348 2337 5399 lncar-

765 5412 1078 5469 nationem:
1130 5416 1222 5465 sed
1252 5412 1339 5463 hic
1374 5427 1477 5464 non
1532 5423 1639 5463 tam
1675 5416 1844 5477 ipsam
1878 5414 2331 5479 Incaruationem,

764 5500 927 5553 quam
1000 5480 1395 5553 lncarnatiouis
1436 5481 1757 5553 consilium
1823 5484 2336 5552 dispositionemqoe

765 5551 1051 5620 significat,
1110 5552 1267 5603 sicuti
1331 5561 1385 5602 et
1434 5551 1619 5603 inl‘ra:
1671 5551 1950 5603 Δείκννσιν
2002 5557 2063 5603 ἐκ
2110 5551 2333 5617 τούτων,

764 5626 846 5676 ὅτι
870 5623 1153 5690 οἰκονομία
1178 5622 1293 5671 ἐστὶ
1322 5623 1562 5689 πατρική
1609 5622 1666 5671 τὸ
1698 5624 1979 5690 γινόμενον
2001 5662 2015 5676 .
2046 5621 2141 5673 His
2173 5628 2337 5676 verbis

766 5694 991 5745 ostendit
1030 5688 1210 5743 Patris
1238 5688 1625 5753 dispensatione
1662 5688 1834 5759 atque
1872 5695 2084 5744 consilio
2120 5696 2337 5755 evenire,

768 5765 905 5829 quod
944 5761 1113 5814 ﬁebat.
1156 5760 1231 5813 De
1279 5774 1385 5827 quo
1422 5763 1539 5815 fuse
1574 5762 1799 5815 disserui
1834 5762 1977 5815 hotn.
2018 5762 2069 5827 5,
2104 5774 2211 5817 not.
2250 5764 2337 5818 98.

2513 5070 2868 5138 (20)Marcns
2917 5069 3249 5126 enucleatius.
3299 5069 3355 5123 S.
3410 5070 3643 5125 Marcum
3704 5073 4018 5130 distinctius

2441 5142 2805 5209 negationem,
2855 5153 3013 5204 quam
3047 5140 3193 5211 alios
3228 5142 3584 5208 evangelistas
3619 5148 4019 5211 conscripsisse

2440 5206 2532 5261 ait'
2556 5211 2641 5261 hic
2666 5218 2853 5260 auctor
2879 5225 2893 5271 ;
2932 5209 3074 5274 quod
3094 5206 3431 5263 Maldonatus
3467 5222 3645 5263 noster
3675 5206 4013 5277 observavit,

2438 5280 2750 5345 addiditque
2784 5279 3065 5336 rationem,
3118 5291 3210 5329 seu
3258 5280 3619 5347 conjecturam
3645 5296 3796 5333 suam
3832 5300 3844 5333 :
3884 5282 4016 5337 Pro-

2439 5348 2628 5411 babile,
2695 5347 2888 5413 inquit,
2953 5348 3082 5397 mihi
3148 5350 3352 5400 videtur
3401 5348 3639 5399 Marcum
3703 5365 3766 5401 ex
3829 5351 4014 5415 Petro,

2435 5418 2585 5485 cujus
2630 5418 2917 5488 discipulus
2986 5424 3117 5488 erat,
3173 5419 3506 5476 intellexisse.
3571 5434 3672 5488 non
3708 5420 3879 5473 solum
3908 5440 4014 5488 qua

2436 5488 2711 5548 sententia,
2769 5485 2856 5537 sed
2911 5486 3093 5549 quibus
3154 5490 3313 5539 etiam
3361 5489 3527 5540 verbis
3596 5487 3695 5539 sibi
3766 5485 4015 5547 Christus

2435 5557 2765 5622 pra'dirisset
2802 5556 2929 5622 fore,
2969 5568 3019 5605 ut
3070 5566 3145 5608 ter
3176 5573 3292 5608 eum
3335 5574 3395 5609 ea
3439 5567 3585 5609 nocte
3632 5570 3864 5626 negaret,
3915 5564 4014 5611 iis-

2435 5630 2650 5693 demque
2686 5627 2847 5678 verbis
2882 5640 3030 5676 usum
3092 5628 3271 5692 luisse.
3312 5627 3374 5678 Et
3424 5628 3526 5678 alia
3586 5629 3707 5679 item
3759 5630 3809 5678 in
3870 5634 4019 5686 hunc

2438 5710 2675 5769 sensuro.
2697 5697 2869 5769 Atque
2911 5699 3007 5769 hoc
3038 5707 3121 5769 est
3156 5700 3294 5769 quod
3338 5698 3407 5748 ait
3446 5697 3632 5749 Noster
3665 5696 3757 5750 :'0
3785 5700 4017 5769 Μάρκος

2440 5765 2542 5815 τῶν
2592 5766 2762 5817 ἄλλων
2800 5765 3035 5832 ἕγραᾲεν
3075 5766 3479 5834 ἀκριϐέστερον.
