4184 6436
680 377 789 442 559

1886 362 1989 421 'I‘H
2002 355 2385 420 EOPHANIS
2421 354 2767 414 CERAMEI

3848 342 3963 407 560

679 491 830 559 pluut
857 486 1142 539 restituere
1175 478 1481 533 volentibus
1518 471 1785 541 amputari
1814 470 1998 537 iussit.
2038 464 2259 519 Fortas—

2389 462 2433 514 τά
2466 463 2576 514 τῶν
2607 462 2880 515 Ἰουδαίων
2904 454 3020 519 ὦτα
3066 459 3422 525 κατατεμεῖν,
3459 454 3838 526 βουληθέντων
3862 454 3963 505 τὸν

683 585 762 637 sis
792 582 954 636 etiam
978 578 1120 649 quod
1150 592 1179 629 a
1201 575 1365 630 Petro
1384 570 1609 641 pra-cisa
1638 566 1804 621 fuerit
1829 561 2067 617 auricula
2090 559 2261 621 servi,

685 675 903 741 signum
936 648 1057 731 fuit,
1089 666 1206 734 ejus
1238 665 1379 734 quod
1407 660 1711 731 posteriore
1740 668 1984 721 tempore
2014 648 2263 718 discipuli

686 764 934 821 effecturi
959 769 1134 814 erant.
1166 758 1426 812 Futurum
1458 754 1657 823 quippe
1689 757 1828 811 eral,
1856 758 1913 799 ut
1943 743 2266 797 informatos

684 859 827 919 illos,
856 863 909 908 et
931 852 1209 920 corporeis
1240 849 1404 902 rebus
1439 844 1766 898 inhaerentes
1800 838 1991 890 littera:
2044 832 2266 885 intelle-

676 958 827 1008 ctus,
866 945 957 1013 qui
1012 942 1125 1012 jam
1178 937 1489 993 Iudaeorum
1523 930 2037 1002 prazoccttpaverant
2086 937 2264 985 aures,

689 1035 756 1089 ab
798 1036 864 1089 iis
889 1032 1067 1103 gladio
1098 1028 1326 1099 spiritus
1356 1033 1696 1079 resecarent.

758 1129 910 1181 Tunc
947 1126 1022 1177 ait
1050 1124 1125 1178 illi
1151 1122 1308 1175 Jesus
1356 1135 1369 1172 :
1404 1137 1421 1169 t
1452 1117 1723 1172 Converte
1755 1112 1993 1182 gladium
2028 1122 2180 1163 tuum
2212 1110 2263 1161 in

700 1221 878 1274 locum
915 1233 1074 1271 suum
1107 1233 1119 1267 :
1162 1227 1350 1267 omnes
1375 1211 1520 1263 enim
1544 1208 1635 1276 qui
1667 1206 1901 1273 gladium
1935 1202 2265 1269 acceperint,

690 1313 870 1383 gladio
907 1312 1182 1381 peribunt.
1213 1325 1229 1355 ι
1266 1299 1639 1374 chreltendit
1701 1296 1963 1351 Dominus
2023 1295 2267 1357 Petrum,

692 1407 836 1475 quod
872 1402 1261 1470 praeceptioues
1300 1396 1500 1465 legales
1526 1393 1691 1445 etiam
1751 1400 1862 1441 tum
1916 1396 2221 1442 sectaretur
2252 1403 2263 1437 :

689 1497 834 1568 quod
858 1496 901 1549 si
936 1494 1069 1563 legis
1102 1489 1386 1553 beneficio,
1426 1485 1620 1550 inquit,
1656 1482 1723 1536 ad
1759 1496 1845 1535 me
1873 1480 2267 1534 defendendum

694 1592 888 1654 tttcris,
927 1589 1215 1643 considera
1246 1587 1407 1636 etiam
1447 1581 1620 1650 legem
1652 1579 1971 1647 praecipere,
2004 1582 2062 1626 ut
2092 1571 2270 1642 gladio

692 1693 937 1753 pereant,
966 1682 1055 1751 qui
1104 1677 1419 1745 acceperint
1452 1673 1712 1742 gladium.
1746 1670 1827 1722 An
1874 1669 2125 1719 humana:
2153 1663 2271 1732 Opis

697 1774 957 1843 indigeo?
987 1789 1053 1825 au
1107 1786 1192 1824 me
1224 1784 1330 1822 non
1366 1780 1591 1836 possum
1646 1761 1929 1817 accersitis
1963 1758 2269 1827 legionibus

693 1868 1007 1936 angelorum
1073 1862 1137 1915 ab
1189 1859 1631 1914 adversariorum
1687 1855 1889 1922 impetu
1944 1847 2269 1905 defensare?

695 1960 789 2014 scd
847 1958 1259 2024 Scripturarum
1314 1948 1536 2004 oracula
1589 1953 1808 2015 oportet
1861 1940 2095 2010 impleri.
2127 1938 2273 2002 Quo-

696 2057 837 2105 niam
870 2050 1028 2119 193
1055 2049 1196 2101 enim
1239 2047 1517 2097 decretum
1559 2048 1698 2102 erat,
1735 2047 1793 2090 ut
1822 2034 2077 2088 Christus
2123 2042 2275 2100 pate-

698 2158 874 2209 retur,
924 2143 1111 2196 ethoc
1156 2146 1275 2190 erat
1311 2148 1534 2206 prorsus
1574 2128 1934 2192 immutabile,
1978 2126 2097 2180 ideo
2154 2138 2277 2192 pro-

699 2245 877 2310 pltvtte
910 2238 1024 2289 Itmc
1057 2232 1237 2287 omnia
1294 2227 1749 2297 praenuntiaruut.
1800 2220 1953 2285 Quod
1998 2218 2141 2270 enim
2174 2230 2279 2270 nec

699 2332 866 2385 ludas
901 2330 1188 2395 agniturus
1219 2322 1412 2375 fuisset
1451 2318 1761 2376 Dominum,
1796 2314 1896 2366 nisi
1928 2312 2041 2380 ipse
2072 2312 2276 2362 voluis-

703 2436 807 2483 set,
838 2420 1076 2475 ostendit
1127 2416 1383 2473 Joauucs,
1418 2425 1542 2465 cum
1594 2410 1671 2462 ait
1726 2409 2092 2474 interrogatos
2124 2416 2220 2456 eos
2250 2416 2278 2457 tt

711 2514 938 2564 Domino
987 2509 1196 2560 fuisse:
1246 2521 1266 2553 ι
1310 2500 1479 2567 Quem
1510 2495 1788 2567 quaeritis?
1824 2494 1895 2547 illi
1947 2508 2075 2547 vero
2129 2492 2282 2545 disco

707 2614 871 2658 runt:
911 2601 1093 2655 Jcsuttt
1125 2594 1464 2650 Nazareuum
1506 2593 1586 2656 ‘5;
1622 2609 1639 2642 ι
1682 2603 1779 2642 nec
1809 2596 2057 2656 poterant
2083 2584 2131 2638 ei
2167 2597 2279 2636 ma-

707 2713 807 2751 nus
842 2694 1063 2756 inferre,
1097 2699 1525 2755 necngnoscerc,
1554 2684 1727 2735 donec
1761 2681 1877 2749 ipse
1908 2677 2279 2748 permisisset.

710 2788 865 2855 Quod
902 2786 980 2838 uti
1008 2784 1404 2837 demonstraret
1432 2774 1716 2835 Dominus,
1740 2770 1876 2825 dixit
1907 2770 2012 2824 illis
2047 2786 2059 2822 :
2094 2787 2113 2821 ι
2141 2768 2286 2823 Tan-

706 2897 871 2952 quam
910 2882 976 2933 ad
1009 2882 1276 2931 latronem
1312 2871 1503 2926 existis
1533 2883 1658 2922 cum
1712 2866 1930 2936 gladiis,
1964 2873 2017 2918 et
2050 2863 2286 2918 fustibus

708 2970 1165 3042 comprehendere
1195 2982 1299 3020 me.
1336 2984 1354 3015 ι
1392 2963 1531 3028 Quid
1559 2975 1716 3029 opus,
1743 2958 1936 3027 inquit,
1971 2966 2091 3010 erat
2139 2956 2290 3009 belli-

713 3070 793 3123 cis
822 3063 1026 3119 armis?
1056 3076 1182 3116 num
1212 3073 1313 3127 ego
1348 3066 1632 3125 tyrannus,
1654 3062 1748 3106 aut
1780 3050 1962 3104 latro?
2003 3050 2130 3119 quid
2161 3062 2289 3103 vero

2366 555 2496 607 ναὸν
2523 554 2961 622 ἀναδείμασθαι·
3006 551 3148 620 τάχα
3171 551 3227 603 δὲ
3262 551 3355 601 καὶ
3383 551 3445 601 τὸ
3472 550 3576 600 ὑπὸ
3602 547 3698 600 τοῦ
3740 548 3959 615 Πέτρςυ

2367 648 2673 715 ἐκκοπῆναι
2696 646 2756 698 τὸ
2776 642 2869 709 οὖς
2891 644 2986 698 τοῦ
3011 645 3223 697 οἰκέτου
3255 645 3484 711 σημεῖον
3506 637 3576 711 ἦν
3598 642 3696 709 τῆς
3726 640 3960 707 ὕστερον

2368 739 2656 806 ἐνεργείας
2690 737 2796 788 τῶν
2835 734 3118 806 μαθητῶν.
3153 733 3424 802 Ἐμελλον
3454 732 3566 801 γὰρ
3608 734 3673 801 τῇ
3709 730 3965 800 μαχαίρᾳ

2365 830 2461 882 τοῦ
2519 830 2831 898 πνεύματο;
2891 828 3126 896 ἐκκόψαι
3184 826 3282 888 τὰς
3318 824 3870 895 προκαταϐληθείαας
3902 827 3965 872 ἐν

2366 924 2487 982 ταῖς
2533 922 2724 982 ἀκοαῖς
2778 918 2889 971 τῶν
2932 919 3204 971 Ἰουδαίων
3252 918 3575 988 σωματικὰς
3624 919 3835 976 ἐννοίας
3865 914 3964 965 τοῦ

2368 1013 2723 1083 γράμματος.

2447 1125 2463 1153 ι
2506 1105 2641 1156 Τότε
2675 1104 2825 1171 λέγει
2882 1102 3034 1171 αὐτῷ
3086 1104 3114 1155 ὁ
3150 1102 3363 1170 Ἰησοῦς
3390 1117 3402 1129 ο
3451 1098 3833 1171 Ἀπόστρεψον
3864 1098 3967 1167 τὴν

2376 1199 2654 1267 μάχαιράν
2681 1215 2776 1249 σου
2813 1198 2896 1260 είς
2943 1197 3037 1249 τὸν
3079 1196 3245 1248 τόπον
3280 1195 3478 1263 αὐτῆς.
3524 1194 3737 1254 Πάντες
3769 1193 3881 1261 γάρ
3914 1192 3967 1243 οι

2372 1293 2628 1353 λαϐόντες
2696 1292 2979 1359 μάχαιραν
3052 1290 3109 1341 ἐν
3167 1288 3419 1357 μαχαίρᾳ.
3472 1285 3897 1339 ἀποθανοῦνται.
3943 1304 3962 1334 ι

2383 1385 2647 1454 Ἐπιτιμᾷ
2677 1384 2755 1449 τῷ
2791 1386 2981 1453 Πέτρῳ
3012 1385 3040 1434 ὁ
3068 1383 3297 1450 Κύριος,
3333 1382 3411 1443 ὡς
3443 1380 3523 1432 ἔτι
3556 1382 3809 1448 ἑπομένῳ
3844 1381 3969 1438 ταῖς

2372 1479 2626 1547 νομικαῖς
2649 1474 2951 1537 διατάξεσι.
2975 1474 3084 1527 Καὶ
3116 1473 3265 1542 είτῷ
3299 1475 3472 1541 νόμῳ,
3503 1472 3659 1540 φησι,
3694 1471 3969 1539 κέχρησαι

2372 1572 2451 1628 εἰς
2480 1569 2755 1639 βοήθειαν,
2793 1568 2987 1619 σκόπει
3016 1569 3095 1618 ὅτι
3122 1569 3148 1617 ὁ
3178 1567 3344 1634 νόμος
3384 1566 3511 1626 τοὺς
3554 1564 3820 1624 λαϐόντας
3853 1562 3966 1630 μά-

2372 1678 2573 1732 χαιραν
2600 1663 2659 1713 ἐν
2694 1660 2943 1731 μαχαίρᾳ
2980 1660 3192 1711 κελεύει
3216 1658 3534 1710 ἀποθανεῖν.
3597 1658 3690 1724 Μὴ
3719 1656 3827 1724 γὰρ
3865 1657 3965 1705 ἀνα

2326 1808 2345 1859 ,
2374 1754 2655 1823 θρωπίνης
2681 1753 2797 1822 είμι
2828 1751 3079 1821 βοηθείας
3112 1752 3354 1820 ἐπιδεὴς.
3382 1750 3473 1819 Μὴ
3502 1749 3612 1818 γὰρ
3636 1748 3697 1799 οὐ
3726 1747 3970 1821 δύναμαι

2373 1849 2637 1917 λεγεῶσιν
2669 1847 2922 1916 ἀγγέλων
2944 1848 3068 1909 τοὺς
3115 1845 3373 1905 ἐπιόντας
3420 1841 3775 1913 ἀμύνασθαις
3830 1840 3970 1891 ἀλλά

2374 1942 2456 1995 δεῖ
2492 1940 2853 2011 πληρωθῆναι
2909 1939 2979 1990 τὰ
3030 1938 3140 1991 τῶν
3197 1935 3430 2006 Γραφῶν
3484 1934 3968 2005 χρησμῳδήματα.

2390 2034 2545 2086 Ἐπεὶ
2576 2032 2686 2101 γὰρ
2720 2030 3057 2105 ,προώριστο
3107 2028 3302 2081 παθεῖν
3340 2027 3431 2079 τὸν
3481 2026 3742 2095 Χριστὸν,
3779 2027 3873 2076 καὶ
3903 2020 3973 2094 ἦν

2377 2128 2538 2181 τοῦτο
2569 2125 2918 2178 παντάπασιν
2939 2122 3303 2193 ἀμετάθετον,
3340 2122 3428 2173 δια
3456 2120 3614 2173 τοῦτο
3639 2121 3731 2172 καὶ
3757 2120 3806 2172 οἱ
3835 2136 3975 2188 προ-

2380 2221 2550 2290 φῆται
2583 2220 2802 2272 ἅπαντα
2839 2216 3351 2287 προκατήγγειλαν.
3387 2217 3515 2267 Ὀτι
3549 2214 3657 2283 γὰρ
3689 2213 3809 2265 οὑδὲ
3834 2214 3975 2264 Ἰού-

2381 2312 2477 2375 δας
2503 2312 2720 2379 ἐπέγνω
2742 2310 2930 2373 αὑτὸν,
2964 2310 3013 2361 εί
3048 2309 3123 2379 μὴ
3157 2308 3372 2379 ἢθελεν,
3422 2306 3694 2375 ἐδήλωσεν
3724 2308 3751 2356 ὁ
3786 2305 3979 2355 Ἰωαν-

2382 2423 2481 2476 νης
2512 2404 2679 2456 εἰπών
2703 2418 2717 2432 ·
2750 2422 2768 2453 ι
2809 2403 2900 2465 Ὠς
2928 2403 3218 2473 ἠρώτησεν
3258 2400 3457 2461 αὐτούς
3485 2415 3499 2429 ο
3540 2400 3675 2451 Τίνα
3710 2399 3930 2465 ζητεῖτε
3960 2413 3977 2460 ;

2384 2500 2448 2553 Οἱ
2469 2498 2526 2551 δὲ
2552 2493 2707 2551 εἷπον
2728 2513 2742 2527 ο
2780 2478 2987 2565 Ἰησοῦν
3009 2495 3101 2546 τὸν
3133 2494 3485 2561 Ναζωραῖον,
3523 2510 3541 2543 ι
3577 2492 3668 2543 καὶ
3700 2491 3979 2559 οὖκίσχυ-

2388 2609 2488 2645 σαν
2520 2590 2803 2670 ἐπιϐαλεῖν
2851 2586 3002 2658 αὐτῷ
3055 2582 3155 2648 τὰς
3187 2590 3402 2655 χεῖρας,
3442 2585 3473 2653 ἢ
3511 2584 3833 2651 ἐπιγνῶναι.
3871 2584 3983 2643 ἕως

2389 2688 2551 2752 αὐτὸς
2578 2686 2764 2747 αὐτοῖς
2802 2684 2960 2737 τοῦτο
3016 2682 3339 2751 ἐπέτρεψεν.
3375 2682 3441 2733 Ὃ
3472 2680 3536 2749 δὴ
3584 2680 3680 2732 καὶ
3733 2680 3983 2747 ἐλέγχων

2389 2777 2544 2834 εἶπεν
2575 2779 2796 2838 αὐτοῖς·
2834 2796 2851 2827 ι
2899 2776 2985 2837 Ὠς
3008 2776 3101 2829 ἐπὶ
3144 2774 3351 2845 λῃστὴν
3401 2770 3654 2841 ἐξήλθετε
3692 2770 3830 2839 μετά
3872 2789 3984 2836 μα-

2391 2873 2601 2945 χαιρῶν
2628 2871 2722 2923 καὶ⁵
2752 2870 2926 2937 ξύλων
2977 2867 3265 2920 συλλαϐεῖν
3314 2884 3402 2935 με.
3444 2884 3462 2916 ι
3519 2865 3604 2925 Τί,
3640 2864 3828 2931 φησιν,
3869 2864 3985 2914 ἔδει

2393 2966 2573 3019 ὅπλων
2603 2962 2917 3031 πολεμικῶν
2941 2978 2955 3025 ;
2983 2960 3057 3029 μὴ
3085 2958 3195 3027 γὰρ
3223 2957 3509 3025 τύραννος,
3540 2956 3571 3023 ἢ
3603 2957 3807 3025 λῃστής
3834 2956 3980 3022 εἰμι.

2397 3055 2461 3107 Τί
2481 3055 2523 3106 δ’
2559 3053 2625 3106 ἂν
2674 3051 2893 3120 ὤνησαν
2926 3052 3072 3118 ὑμᾶς
3106 3049 3261 3114 ξύλα,
3307 3048 3401 3100 καὶ
3437 3046 3732 3115 μάχαιραι,
3770 3048 3818 3095 εί
3850 3046 3985 3096 συλ-

711 3162 868 3215 vobis
921 3158 1094 3211 fustes
1144 3162 1199 3207 et
1236 3149 1400 3221 gladii
1453 3145 1721 3216 profuturi
1756 3146 2006 3207 fuissent,
2054 3142 2157 3196 nisi
2190 3156 2285 3210 ego

2393 3146 2668 3217 ληφθῆναι
2697 3146 2797 3197 οὐκ
2821 3144 3054 3213 ἦθελονς
3089 3144 3181 3194 καὶ
3206 3140 3366 3209 δῆλον
3387 3140 3447 3203 ἐξ
3476 3132 3551 3192 ὧν
3588 3138 3710 3190 καθ’
3739 3138 3985 3207 ἑκάστην

715 3266 799 3305 me
849 3242 1235 3317 comprehendi
1280 3238 1618 3294 voluissem?
1658 3237 1800 3305 quod
1845 3251 1909 3288 ex
1959 3249 2023 3288 co
2077 3234 2285 3301 perspi-

714 3356 873 3393 cuum
903 3347 1007 3402 est,
1033 3335 1178 3402 quod
1208 3348 1331 3387 cum
1368 3331 1473 3385 mei
1506 3330 1754 3383 docentis
1789 3328 2033 3395 quotidie
2068 3327 2121 3379 in
2148 3336 2288 3379 tetu-

712 3432 801 3496 plo
850 3428 1008 3498 potiri
1072 3426 1429 3488 conaremiui,
1498 3436 1603 3475 non
1640 3420 1908 3474 valuistis.
1970 3418 2026 3471 lu
2080 3428 2289 3485 tempus

713 3523 857 3577 enim
900 3520 1229 3574 conveniens
1267 3519 1316 3569 id
1345 3514 1699 3569 reservabam
1734 3530 1747 3565 :
1780 3512 1873 3565 sed
1900 3511 2014 3565 haec
2038 3521 2119 3563 est
2154 3507 2287 3562 hora

718 3624 919 3677 vestra,
950 3628 1113 3683 quam
1148 3624 1317 3679 usque
1345 3610 1410 3661 ad
1442 3606 1924 3661 liesurrectionem
1986 3618 2160 3657 meam
2197 3618 2290 3654 ac-

717 3708 961 3777 cepistis.
1016 3708 1317 3771 Angustum
1370 3701 1519 3754 enim
1585 3710 1798 3765 tempus
1862 3696 2173 3759 habebitis,
2237 3705 2290 3746 ct

715 3799 933 3864 quidem
972 3810 998 3845 ιι
1032 3791 1297 3853 tenebris,
1332 3792 1434 3842 hoc
1467 3796 1551 3841 est
1607 3802 1637 3838 a
1689 3784 1904 3838 diabolo
1930 3784 2138 3851 agitati.
2170 3782 2293 3835 Haec

719 3889 888 3949 dixit,
920 3896 974 3939 ct
1005 3885 1262 3938 cantinuo
1294 3878 1563 3933 vulnerati
1599 3875 1897 3929 auriculam
1943 3882 2122 3928 sanat.
2149 3873 2295 3939 Quo-

718 3982 860 4031 niam
896 3978 1040 4029 enint
1086 3974 1326 4027 futurum
1367 3981 1509 4032 erat,
1538 3978 1595 4021 ut
1629 3969 1733 4037 ipsi
1772 3968 1914 4020 idem
1960 3974 2145 4035 postea
2198 3965 2295 4017 im-

718 4070 967 4139 pingeret
1000 4065 1236 4133 alapam,
1294 4078 1361 4115 ne
1402 4060 1703 4115 ulciscendi
1746 4060 1933 4111 animo
1964 4057 2134 4110 videri
2171 4071 2295 4125 pos-

721 4171 802 4212 set
840 4160 889 4211 id
924 4157 1127 4218 facere,
1176 4155 1427 4208 restituta
1460 4152 1767 4205 valetudine
1805 4150 1953 4203 illutu
2000 4150 2295 4203 inexcusa-

721 4254 881 4304 bilent
919 4249 1172 4303 reddidit.
1206 4244 1320 4299 Non
1358 4249 1457 4299 abs
1489 4260 1546 4297 re
1572 4259 1701 4296 vero
1733 4256 1933 4296 nomen
1968 4239 2297 4295 serviJoan-

724 4361 819 4401 nes
856 4344 1128 4414 apposuit,
1168 4342 1313 4411 quod
1345 4340 1587 4393 Malcltus
1620 4337 1831 4391 scilicet
1856 4347 2163 4389 vocaretur.
2193 4331 2299 4387 Sed

724 4441 983 4507 quoniam
1043 4451 1263 4507 regnum
1319 4431 1662 4503 significatur
1721 4430 1833 4498 ('27)
1889 4431 1991 4482 hoc
2052 4427 2298 4489 nomine,

2392 3243 2452 3292 ἐν
2483 3239 2559 3308 τῷ
2602 3237 2731 3308 ἱερῷ
2774 3253 2839 3306 με
2871 3235 3215 3293 διδάσκοντα,
3265 3234 3444 3285 καίτοι
3485 3232 3746 3292 πολλάκις
3782 3230 3986 3298 fdo-fu}-

2395 3330 2580 3390 θέντες
2604 3329 2923 3396 κατασχεῖν,
2953 3328 3054 3377 οὐκ
3088 3325 3371 3392 ἰσχύσατε.
3405 3323 3819 3392 Ἐταμιευὸμην
3874 3324 3986 3393 γάρ

2394 3421 2485 3472 τὸν
2510 3422 2706 3488 καιρὸν
2734 3418 2825 3469 τὸν
2852 3418 3227 3485 προσήκοντα,
3263 3414 3379 3467 ἀλλ’
3401 3413 3543 3483 αὕτη
3585 3416 3735 3467 ἐστὶν
3768 3416 3923 3481 ὑμῶν
3954 3419 3985 3482 η

2399 3512 2543 3581 ὥρα,
2574 3512 2648 3580 ἢν
2687 3509 2945 3578 εἰλήφατε
2976 3508 3104 3577 ἄχρι
3138 3506 3236 3575 τῆς
3297 3507 3646 3567 ἀναστάσεως
3677 3524 3803 3574 μου.
3854 3508 3994 3557 Συν-

2396 3602 2727 3671 εσταλμένον
2784 3599 2894 3668 γάρ
2924 3596 3077 3662 ἕξετε
3105 3599 3195 3651 τὸν
3221 3598 3416 3669 καιρὸν
3448 3598 3554 3650 ὑπὸ
3593 3598 3688 3649 τοῦ
3730 3600 3988 3659 σκότους,

2397 3697 2567 3763 ἧγουν
2592 3694 2686 3745 τοῦ
2710 3692 2962 3746 διαϐόλου
2985 3690 3467 3759 συνελαυνόμενοι.
3496 3690 3683 3741 Ταῦτα
3712 3687 3859 3748 εἷπε,
3892 3693 3993 3743 καὶ

2396 3786 2490 3839 τοῦ
2524 3786 2824 3854 πληγέντος
2858 3783 3023 3846 εὐθὺς
3058 3782 3359 3852 θεραπεύει
3392 3782 3453 3835 τὸ
3485 3777 3598 3844 οὖς.
3634 3782 3856 3848 Ἐπειδὴ
3880 3784 3993 3852 γὰρ

2399 3878 2559 3938 αὐτὸς
2622 3874 2847 3944 ἔμελλεν
2905 3873 3055 3942 αὑτῷ
3107 3872 3292 3926 δοῦναι
3332 3872 3588 3943 ῥάπισμα
3622 3871 3874 3941 ὕστερον,
3903 3874 3993 3925 tv:

2404 3972 2478 4040 μὴ
2502 3968 2631 4040 δόξῃ
2662 3968 2802 4019 κατὰ
2836 3965 3052 4035 ἄμυναν
3074 3966 3257 4042 ,τοῦτο
3294 3964 3551 4034 ποιῆσαι,
3604 3969 3751 4016 ποιεῖ
3798 3965 3994 4017 τοῦτον

2401 4063 2489 4113 διά
2518 4060 2620 4128 τῆς
2658 4058 2955 4128 θεραπείας
2990 4057 3429 4125 ἀναπολόγητον.
3472 4057 3587 4108 Οὐκ
3636 4055 3882 4126 ἀκαίρως
3934 4057 3993 4107 δὲ

2404 4154 2497 4204 καὶ
2520 4152 2582 4203 τὸ
2613 4150 2791 4218 ὄνομα
2832 4147 2929 4201 τοῦ
2957 4147 3150 4202 δούλου
3186 4151 3213 4201 ὁ
3276 4148 3535 4216 Ἰωάννης
3585 4147 3878 4214 ἐδήλωσεν,
3915 4146 3997 4208 ὡς

2403 4239 2628 4310 Μάλχος
2659 4240 2946 4308 ἐκέκλητο.
3000 4239 3144 4289 Ἀλλ’
3174 4238 3363 4308 ἐπειδὴ
3385 4237 3480 4289 τοῦ
3504 4238 3770 4303 ὀνόματος
3792 4238 3997 4291 τούτου

2403 4336 2464 4387 τὸ
2514 4334 2918 4403 σημαινόμενον
2969 4332 3265 4396 βασιλεία
3297 4331 3437 4393 ἐστὶ,
3488 4330 3793 4393 δείκνυται,
3828 4330 3907 4393 ὡς
3942 4333 3998 4382 οἱ

2404 4427 2513 4481 τῶν
2545 4427 2823 4479 Ἰουδαίων
2855 4426 3158 4495 ἀρχιερεῖς,
3218 4425 3320 4494 τὴν
3374 4424 3527 4491 σφῶν
3586 4423 3870 4491 βασιλείαν
3913 4427 3999 4485 είς

725 4532 963 4587 ostendit
1013 4528 1299 4598 pontifices
1331 4523 1641 4579 Judaorum
1677 4535 1901 4591 regnum
1933 4535 2087 4573 suum
2117 4520 2285 4574 demu-

2406 4517 2651 4570 δουλείαν
2689 4489 3035 4584 κατήγαγον..
3086 4489 3306 4581 φθόνον,
3348 4489 3445 4567 καλ
3477 4489 3765 4582 φιλαυτίας
3810 4514 3997 4568 δοῦλοι

729 4635 876 4677 tasse
913 4623 965 4674 iu
996 4621 1337 4679 servitutem,
1365 4631 1488 4670 cum
1521 4614 1738 4668 invidia:
1784 4624 1837 4667 et
1868 4612 2071 4666 amoris
2096 4610 2298 4679 proprii

726 4713 869 4768 servi
931 4711 1058 4764 l'acti
1117 4717 1322 4763 essent.
1376 4706 1638 4760 Dominus
1687 4705 1851 4772 igitur
1895 4704 2007 4770 jam
2053 4702 2301 4755 liotorunt

728 4805 976 4858 manibus
1007 4802 1295 4855 tenebatur
1316 4839 1331 4863 ,
1376 4815 1438 4853 ac
1465 4796 1713 4865 discipuli
1743 4810 1934 4849 omnes
1966 4794 2305 4864 aufugerunt

730 4894 1109 4964 promissionis
1138 4892 1292 4947 obliti
1325 4910 1338 4945 :
1374 4901 1428 4946 el.
1484 4890 1872 4959 prophetarum
1904 4887 2123 4942 oracula
2188 4888 2328 4943 itu-.

728 4989 870 5053 pleta
905 4996 1031 5040 sunt
1061 5005 1074 5039 :
1110 5004 1129 5036 ι
1170 4984 1477 5038 Percutiam
1510 4982 1813 5044 Pastorem,
1838 4991 1888 5032 ct
1923 4980 2304 5047 dispcrgcutur

730 5096 857 5132 oves
876 5080 942 5144 ⁶⁶;
987 5098 1003 5127 ι
1043 5078 1346 5148 ligaverunt
1401 5074 1611 5135 Jesum,
1648 5084 1703 5127 et
1738 5074 1839 5125 alia
1872 5074 2153 5141 prophetia
2192 5073 2307 5126 exi-

740 5186 854 5223 tutn
904 5171 1133 5223 habuit:
1170 5188 1189 5220 ι
1226 5171 1482 5222 Dixerunt
1524 5168 1664 5220 intra
1717 5166 2038 5234 semetipsos
2096 5184 2106 5218 :
2152 5165 2309 5235 Lige-

731 5281 851 5318 mus
871 5263 1098 5332 justum,
1119 5263 1377 5332 quoniam
1407 5260 1609 5314 inutilis
1627 5258 1785 5313 nobis
1806 5270 1888 5312 est
1909 5259 1974 5323 ⁶⁷;
2006 5278 2022 5309 ι
2051 5258 2306 5315 fortassis

731 5358 895 5411 etiam
924 5366 977 5410 ct
1011 5356 1125 5423 ipse
1171 5356 1257 5408 illa
1310 5354 1526 5407 Davidis
1558 5352 1720 5404 verba
1753 5352 1961 5420 placide
1994 5352 2305 5406 insusurra-

809 5514 1030 5569 “Joau.
1069 5530 1220 5576 xvm,
1254 5512 1305 5566 5.
1384 5515 1427 5544 ⁸³
1466 5512 1632 5588 Zath.
1668 5528 1787 5576 xm,
1837 5514 1886 5564 7.

2408 4610 2718 4679 γενόμενοι.
2760 4609 2819 4660 Ὀ
2848 4608 2947 4676 μὲν
2970 4604 3064 4660 οὖν
3089 4602 3156 4677 ἦν
3188 4607 3248 4657 ἐν
3275 4608 3395 4668 ταῖς
3415 4604 3525 4658 τῶν
3548 4605 3759 4675 δημίων
3780 4607 3997 4675 χερσὶν,

2410 4703 2461 4754 οῖ
2481 4702 2538 4754 δὲ
2568 4700 2815 4771 μαθηταὶ
2839 4698 3077 4765 φυγάδες
3104 4698 3356 4765 ἐγένοντο
3383 4697 3484 4764 τῆς
3513 4696 3845 4763 ἐπαγγελίας
3872 4700 4003 4749 ἐπι-

2410 4794 2723 4862 λαθόμενοι,
2754 4790 2821 4843 τά
2848 4790 2903 4841 δὲ
2938 4788 3050 4841 τῶν
3097 4787 3397 4858 προφητῶν
3427 4789 3783 4858 ἐπεραίνετο·
3828 4807 3847 4838 ι
3882 4788 4004 4840 Πα-

2412 4887 2561 4949 τάξω
2582 4886 2672 4937 τὸν
2704 4884 2958 4951 ποιμένα,
2986 4883 3079 4934 καὶ
3108 4879 3710 4950 διασκορπισθήσονται
3754 4879 3822 4931 τά
3858 4881 4007 4947 πρό.-

2410 4982 2570 5033 ϐατα.
2616 4997 2634 5028 ι
2674 4976 2967 5047 Ἐδέσμουν
2993 4974 3086 5027 τὸν
3127 4972 3358 5041 Ἰησοῦν,
3394 4973 3490 5024 καὶ
3517 4970 3650 5039 άλλη
3680 4971 4004 5040 προφητεία

2415 5074 2588 5139 πέρας
2618 5069 2949 5137 ἐλάμϐανεν.
2986 5062 3152 5118 Εἶπον
3184 5066 3243 5116 ὲν
3268 5066 3483 5127 ἑαυτοῖς
3505 5080 3518 5092 ·
3549 5083 3568 5115 ι
3605 5064 3871 5132 Δήσωμεν
3905 5062 4005 5115 τὸν

2412 5163 2647 5224 δίκαιον,
2680 5162 2762 5211 ὅτι
2793 5159 3130 5228 δύσχρηστος
3169 5157 3303 5226 ἡμῖν
3333 5157 3483 5207 ἐστι·
3535 5172 3554 5204 ιν
3592 5156 3734 5223 τάχα
3767 5171 3868 5205 που
3905 5157 4005 5205 καὶ

2413 5259 2576 5319 αὐτὸς
2625 5255 2809 5324 ἠρέμα
2839 5252 2975 5321 πρὸς
3029 5249 3124 5302 τὸν
3153 5249 3377 5319 Πατέρα
3416 5246 3779 5318 ὑπεψιθύριζε
3809 5248 3875 5298 τά
3902 5246 4003 5297 τοῦ

2415 5351 2578 5405 Δῖδίδ
2601 5369 2612 5380 ·
2655 5368 2673 5399 ι
2713 5346 3109 5417 Διαῤῥήξωμεν
3146 5344 3273 5406 τοὺς
3300 5343 3533 5412 δεσμοὺς
3562 5340 3772 5406 αὐτῶν,
3809 5360 3827 5391 ι
3863 5342 3999 5393 καί·

1968 5513 2007 5543 ⁵⁷
2032 5513 2158 5583 Sap.
2193 5531 2285 5579 \‘ll,
2323 5517 2409 5569 12.

1964 5664 2284 5723 Ριιιιςιεοί
2326 5661 2536 5724 Secrsi
2578 5671 2763 5718 noue.

810 5813 924 5887 (Ξῖ)
986 5811 1215 5881 Regnum
1249 5811 1604 5881 signi/temur.
1643 5808 1837 5863 Malclti
1885 5824 2077 5862 nomen
2106 5824 2133 5860 a
2166 5794 2285 5889 πίῃς]

2389 5808 2589 5879 gnatit.
2627 5805 2777 5861 Unde
2816 5790 2952 5867 ’ᾖε
2998 5823 3107 5862 rex.
