4184 6436
265 408 368 470 569

1615 402 1944 465 HOMILIA
1986 404 2229 469 XXVII.

3421 411 3522 475 570

263 520 387 572 σθαι
422 522 590 573 αὑτὸν
634 522 734 585 τάς
788 522 1013 583 ἀκτῖνας
1046 521 1142 575 τοῦ
1188 522 1531 591 Πνεύματος.
1580 540 1597 574 ι
1640 520 1831 581 Οὐδεὶς

1949 530 2096 573 nocte
2133 521 2399 587 evcurrit,
2434 522 2532 577 hoc
2564 533 2669 585 est,
2734 533 3022 590 aatcptam
3059 522 3300 591 Spiritus
3331 522 3513 593 fulgo-

265 614 371 680 γὰρ
398 610 624 664 δύναται
651 614 850 677 εἰπεῖν,
881 614 1089 682 Κύριον
1133 612 1365 683 Ἰησοῦν,
1402 616 1449 665 sl
1488 614 1563 683 μὴ
1594 614 1653 663 ὲν
1683 610 1851 664 Ilvati-

270 719 400 769 ματι
424 702 585 772 ἁγίῳ.
630 722 647 753 ι
680 733 750 743 —-
776 722 794 756 ι
846 704 1013 756 Οὖπω
1035 701 1102 774 ἢν
1131 704 1357 773 Πνεῦμα
1378 704 1536 773 ἅγιον
1559 720 1572 736 ο
1618 705 1710 757 καὶ
1740 703 1849 772 γὰρ

263 794 420 845 οὔπω
454 794 665 863 Ἰησοῦς
702 795 787 848 διὰ
817 797 1056 864 σταυροῦ
1100 796 1441 861 ὲδεδόξαστο.
1477 797 1631 864 Τάχα
1664 796 1719 847 δὲ
1753 796 1849 849 καὶ

266 887 561 939 ἀκόλουθον
592 883 683 957 ἦν,
738 888 829 940 τὸν
874 890 1169 956 ἐπιγνόντα
1228 889 1439 959 Ἰησοῦν
1471 889 1560 941 διὰ
1587 888 1845 951 πίστεως,

264 980 357 1031 καὶ.
382 979 548 1032 πάλιν
574 980 633 1031 ὲν
657 984 720 1049 τῇ
747 981 886 1051 αὐλῇ
910 983 1004 1033 τοῦ
1030 984 1293 1042 σκιὼδους
1318 982 1484 1050 νόμου
1515 981 1846 1050 ἐμμένοντα,

266 1072 479 1123 καὶτὸν
528 1072 831 1143 ὑπηρέταις
890 1074 982 1125 τοῦ
1036 1075 1463 1135 ἀποκτείναντος
1518 1075 1848 1143 γρᾶμματος

264 1160 460 1216 ἑαυτὸν
489 1163 938 1233 καταμιγνύοντα
964 1165 1068 1216 ὑπὸ
1089 1166 1189 1232 τῆς
1225 1165 1519 1232 παιίίσκης
1547 1164 1645 1232 τῆς
1692 1180 1847 1231 νομι-

265 1254 388 1322 κῆς,
420 1273 493 1324 φη
507 1258 590 1322 μὶ,
616 1255 874 1326 λατρείας
907 1256 1045 1325 πρὸς
1065 1257 1162 1324 τὴν
1204 1256 1434 1325 ἄρνησιν
1456 1255 1557 1317 τῆς
1590 1256 1848 1322 ἀληθείας

266 1346 611 1411 ἐφέλκεσθαι,
644 1347 750 1410 ἓως
776 1347 842 1399 ἀν
889 1351 916 1399 6
951 1348 1310 1409 ἀποστολικὶις
1368 1347 1524 1415 λόγος
1554 1348 1582 1398 6
1627 1346 1847 1415 μηνύων
1885 1417 1891 1421 _

264 1440 360 1507 τὴν
389 1439 609 1509 ἡμέραν
637 1441 735 1507 τῆς
777 1440 1015 1503 πίστεως
1052 1439 1301 1507 καθάπερ
1332 1439 1585 1507 ἀλέκτωρ
1619 1439 1845 1509 φωνήσῃ
1891 1449 1895 1453 ·

264 1529 555 1597 κεκραγὼς
608 1528 934 1599 διαπρύσιον
962 1548 976 1561 ·
1022 1548 1041 1581 ι
1090 1530 1152 1583 Ἦ
1192 1531 1287 1597 νὶιξ
1344 1529 1668 1599 προέκοψεν,
1724 1532 1756 1598 ἡ
1789 1528 1845 1580 δὲ

261 1617 445 1688 ἡμέρα
475 1620 709 1688 ἧγγικεν
734 1637 748 1651 ·
791 1640 810 1672 ι
840 1624 934 1673 καὶ
964 1622 1085 1674 τότε
1122 1621 1356 1686 ἐξελθὼν
1382 1620 1487 1685 ἔξω
1520 1621 1618 1689 τῆς
1643 1619 1739 1672 τοῦ
1764 1620 1848 1670 νό-

263 1728 363 1778 μου
424 1712 586 1773 σκιᾶς
646 1713 876 1766 κλαύσει
928 1714 1167 1783 πικρῶς,
1200 1706 1446 1766 τουτέστι
1480 1714 1577 1782 τὴν
1618 1712 1847 1780 πικρίαν

260 1804 367 1855 τῶν
414 1807 662 1873 νομικῶν
723 1806 1237 1876 παραηρημάτων,
1280 1807 1677 1859 συνεκκενώσει
1733 1808 1844 1866 τοὶς

257 1898 543 1968 δάκρυσιν.
602 1897 760 1951 υῦτω
799 1898 908 1971 γὰρ
965 1899 1061 1952 καὶ
1120 1900 1329 1969 Πέτρος
1383 1902 1483 1952 οὐκ
1511 1901 1570 1951 ἐν
1602 1902 1667 1967 τῇ
1704 1898 1840 1966 αὐλῇ

262 1991 444 2058 μένων
480 1991 769 2056 ἔκλαυσεν,
803 1992 919 2045 ἀλλ’
945 1993 1177 2059 ἐξελθὼν
1198 1993 1305 2056 ἔξω
1336 1993 1445 2044 τῶν
1476 1992 1839 2061 πραγμάτων,

260 2085 350 2136 καὶ
383 2083 583 2150 λόγων,
652 2086 747 2136 καὶ
803 2084 1023 2148 τόπων,
1074 2084 1183 2136 τῶν
1218 2084 1501 2153 ἀρνεῖσθαι
1545 2083 1845 2136 ποιούντων

258 2175 347 2226 τὸν
389 2178 619 2245 Κύριον.
656 2176 1069 2246 Ἀρνησαμένου
1120 2176 1252 2244 γοῦν
1286 2177 1434 2241 ἅπαξ
1483 2176 1577 2228 τοῦ
1613 2176 1842 2245 Πέτρου,

260 2267 286 2317 6
320 2268 575 2339 ἀλέκτωρ
618 2268 903 2337 ἐφώνησεν
926 2289 941 2302 -
973 2270 1060 2320 ὅτε
1093 2268 1152 2321 δὲ
1202 2268 1301 2327 τάς
1332 2269 1524 2331 λοιπὰς
1552 2268 1647 2321 δύο
1676 2268 1847 2338 ἀρνή-

259 2375 371 2419 σεις
411 2360 686 2427 ἐπήγαγε,
718 2359 838 2413 τότε
875 2362 970 2412 καὶ
999 2360 1028 2411 6
1074 2361 1325 2429 ἀλέκτωρ
1356 2360 1519 2413 πάλιν
1568 2358 1843 2427 ὲφὼνησε,

259 2451 353 2506 καὶ
383 2449 530 2504 οὕτω
555 2452 637 2504 δεῖ
661 2454 805 2504 νοεῖν
825 2451 886 2504 τδ
911 2452 1017 2504 ὑπὸ
1050 2452 1143 2504 τοῦ
1176 2453 1404 2520 Μάρκου
1434 2452 1603 2523 ῥηθέν
1622 2470 1634 2483 ο
1662 2471 1680 2502 ι
1708 2451 1845 2520 Πρὶν

261 2541 531 2607 ἀλέκτορα
580 2544 830 2610 φωνῆσαι
851 2543 955 2605 δὶς,
985 2545 1107 2612 τρὶς
1138 2544 1433 2614 ἀπαρνήσῃ
1470 2560 1559 2612 με.
1594 2562 1609 2592 ι
1642 2542 1785 2595 Ἀλλ’
1818 2543 1845 2593 6

265 2633 362 2702 μὲν
419 2636 626 2703 Πέτρος
678 2635 937 2706 περιδεὴς
968 2634 1064 2697 ῶν,
1134 2636 1232 2688 οὐκ
1281 2634 1481 2705 ᾔσθετο
1512 2636 1724 2703 ταχέως
1752 2634 1843 2685 τοῦ

266 2723 583 2793 πτώματος.
629 2726 688 2779 ὀ
714 2726 770 2779 δὲ
797 2727 1002 2796 Κύριος
1038 2728 1325 2795 στραφεὶς,
1381 2728 1503 2779 Emi
1529 2729 1629 2780 οὐκ
1651 2722 1719 2796 ἦν
1758 2727 1847 2780 διὰ

264 2819 426 2885 λόγου
480 2820 869 2882 κατονειδίσαι,
923 2820 1061 2887 προς
1097 2820 1410 2887 ἀνάμνησιν
1458 2819 1582 2883 ἄγει
1639 2819 1725 2870 διὰ
1749 2820 1844 2869 τοῦ

269 2908 606 2976 βλέμματος.
638 2910 743 2960 Καὶ
772 2910 799 2959 6
834 2910 1040 2979 Πέτρος
1093 2910 1277 2973 εὐθὺς,
1311 2910 1386 2965 ὡς
1422 2912 1487 2963 ἓν
1517 2912 1579 2961 ὲκ
1608 2912 1717 2961 τῶν
1749 2912 1846 2962 δα-

267 3002 451 3071 κρύων
487 3005 562 3071 μὴ
619 3004 930 3073 κατάφορος
983 3004 1235 3073 γένηται,
1295 3005 1391 3055 καὶ
1424 3004 1673 3072 μαθητὴς
1704 3000 1847 3056 εἶναι

264 3095 605 3165 ὐποπτευθῇ.
633 3096 863 3159 ἐξελθὼν
897 3097 1001 3162 ἔξω
1029 3098 1126 3165 τῆς
1152 3098 1371 3165 ἀνόμων
1398 3098 1589 3165 αὐλῆς,
1634 3098 1847 3167 πικρῶς

1954 627 2040 665 res
2072 614 2366 680 exciperet.
2404 632 2423 665 ι
2473 612 2661 679 Nemo,
2695 615 2862 679 enim,
2894 624 3072 683 potest
3112 614 3296 668 dicere
3342 614 3525 668 Domi-

1953 718 2078 754 num
2109 702 2293 756 Jesum
2324 704 2425 759 nisi
2454 704 2507 758 in
2536 704 2739 773 Spirittt
2770 706 3048 760 sancto".
3077 723 3096 755 ι
3132 706 3375 760 Nondum
3408 716 3529 761 erat

1950 792 2187 861 Spiritus
2223 796 2399 860 datus,
2440 796 2563 865 quia
2615 794 2770 850 Iesus
2828 796 3066 850 nonduin
3104 807 3221 849 erat
3252 796 3524 864 gloriﬁca-

1953 895 2038 940 tus
2058 886 2128 939 ⁷⁸.
2162 904 2179 935 ι
2218 885 2490 941 Fortassis
2545 888 2708 938 etiam
2767 902 3108 953 consequens
3143 898 3279 948 crat,
3319 897 3396 949 ut,
3434 888 3522 953 qui
3602 908 3609 914 ·

1950 991 2046 1044 per
2099 978 2256 1031 ﬁdem
2297 992 2515 1032 noverat
2557 978 2769 1041 Iesum,
2796 990 2848 1031 et
2881 996 3072 1033 rursus
3128 979 3179 1032 in
3215 981 3356 1032 atrio
3391 981 3523 1047 legis

1950 1069 2257 1122 umbratilis
2289 1068 2453 1139 198
2477 1070 2890 1134 innitorabatur,
2910 1086 3140 1138 seseque
3166 1070 3382 1131 litterae,
3406 1086 3526 1138 qua!

1949 1160 2151 1214 occidit
2214 1162 2486 1215 minisnis
2528 1163 2904 1216 immiscuerat
2952 1164 3019 1217 ab
3078 1163 3297 1225 ancilla,
3339 1163 3524 1231 legali,

1951 1254 2193 1322 inquatn,
2226 1254 2374 1309 οιιίιιι
2410 1257 2476 1309 ad
2518 1257 2797 1310 veritatem
2827 1258 3129 1323 negandam
3176 1258 3524 1324 pertrahere-

1948 1354 2060 1408 tur,
2092 1347 2267 1399 donec
2291 1347 2627 1413 apostolicus
2671 1362 2852 1401 sermo
2892 1348 3067 1403 instar
3107 1348 3355 1400 canentis
3400 1347 3524 1415 galli

1953 1440 2086 1493 tlietn
2123 1440 2245 1493 lidei
2276 1441 2537 1496 nuntians
2581 1440 2783 1495 clarius
2814 1441 3078 1494 clamaret
3109 1458 3122 1494 ι
3160 1459 3178 1491 ι
3229 1439 3341 1491 Nox
3389 1454 3527 1508 prze-

1949 1534 2135 1595 cessit,
2179 1532 2297 1585 dies
2342 1544 2520 1587 autem
2573 1534 3118 1602 apprOpinqnavit";
3166 1553 3185 1587 ι
3225 1544 3350 1587 tunc
3398 1547 3527 1585 vero

1950 1624 2020 1676 ab
2062 1626 2252 1677 umbra
2300 1625 2435 1694 legis
2465 1642 2741 1694 egressus,
2776 1626 2931 1679 ﬂeret
2965 1642 3185 1691 amare;
3217 1626 3523 1679 amaritiem

1949 1716 2158 1769 scilicet
2198 1716 2451 1784 legalium
2488 1718 2933 1771 Observationum
2970 1718 3367 1786 perlacrymas
3401 1732 3529 1770 eva—

1949 1817 2158 1859 cnaret.
2192 1807 2286 1860 Sic
2319 1807 2464 1860 enim
2493 1816 2547 1860 et
2584 1806 2777 1861 Petrus
2807 1821 2914 1859 non
2964 1806 3134 1867 flevit,
3164 1806 3294 1863 .duut
3328 1808 3529 1859 mansit

1951 1898 2002 1950 in
2032 1899 2191 1958 atrio.
2222 1898 2313 1951 sed
2344 1907 2632 1967 postquam
2662 1914 2724 1953 ex
2775 1900 2951 1959 factis.
2986 1909 3041 1953 et
3070 1899 3252 1963 dictis,
3280 1911 3335 1951 et
3370 1898 3527 1962 locis,

1948 2006 2069 2060 qua:
2101 1999 2158 2043 nt
2184 1992 2470 2044 Dominum
2507 2000 2729 2059 negaret
2758 1991 3075 2054 effecerant,
3138 2006 3195 2044 se
3243 1989 3526 2043 subduxit.

1948 2077 2119 2134 Porro
2160 2088 2338 2132 autem
2373 2081 2437 2131 ad
2470 2081 2699 2147 primam
2734 2080 2879 2135 Petri
2914 2080 3257 2147 negationem
3286 2079 3530 2132 cantavit

1949 2170 2140 2238 gallus.
2170 2170 2270 2226 Ubi
2304 2187 2433 2225 vero
2465 2171 2702 2241 reliquas
2739 2171 2872 2224 duas
2903 2172 3120 2239 adjecit,
3156 2179 3285 2224 tunc
3332 2172 3528 2223 iterum

1949 2263 2125 2331 gallus
2192 2264 2467 2327 cantavit;
2522 2273 2690 2332 atque
2744 2264 2817 2316 ita
2879 2264 3327 2331 intelligendum,
3387 2265 3529 2330 quod

1949 2358 2158 2412 dictum
2200 2367 2285 2410 est
2318 2374 2344 2409 a
2381 2357 2560 2410 Marco
2598 2375 2612 2408 τ
2648 2376 2667 2408 ι
2704 2357 3008 2424 Antequam
3036 2357 3206 2425 gallus
3231 2356 3313 2409 his
3343 2373 3527 2409 \'0(‘Ctll

1949 2451 2180 2510 dederit.
2215 2462 2299 2504 ter
2339 2466 2424 2517 me
2460 2465 2519 2504 es
2557 2458 2855 2521 negaturus
2879 2452 2945 2503 ιθ.
2985 2469 3003 2501 ι
3043 2449 3147 2503 Sed
3182 2450 3376 2504 Petrus
3404 2450 3530 2503 dum

1952 2544 2270 2610 trepidaret,
2306 2543 2485 2597 adhuc
2539 2557 2646 2597 non
2699 2542 2886 2598 statim
2922 2542 3133 2611 lapsum
3165 2557 3287 2596 esse
3316 2558 3376 2595 se
3403 2557 3534 2595 seu-

1949 2634 2059 2699 sit;
2117 2633 2377 2687 Dominus
2409 2648 2537 2686 vero
2577 2648 2896 2696 conversus,
2947 2634 3204 2703 quoniam
3269 2636 3445 2687 verbis
3478 2635 3529 2688 ei

1949 2725 2281 2795 exprobrare
2306 2740 2412 2778 non
2432 2725 2650 2788 licebat,
2671 2727 2950 2780 oculorum
2967 2726 3216 2794 conjectu
3245 2728 3529 2781 conscien-

1949 2819 2076 2871 tiam
2112 2818 2309 2887 arguit.
2356 2818 2448 2871 Ille
2480 2832 2611 2872 vero
2645 2819 2906 2872 continuo
2937 2834 3001 2870 ex
3035 2818 3324 2887 impiorum
3363 2820 3526 2881 atrio,

1951 2920 2103 2963 utne
2145 2925 2241 2978 per
2269 2910 2541 2979 lacrymas
2576 2910 3096 2978 deprehenderetur.
3146 2922 3198 2962 rt
3233 2908 3529 2977 discipulus

1949 3015 2073 3055 esse
2096 3000 2461 3067 judicaretur,
2492 3002 2782 3061 excedens,
2808 3016 2991 3054 amare
3019 3000 3341 3068 deploravit,
3368 3014 3531 3068 nega-

1966 3095 2130 3149 tionis
2184 3094 2604 3147 amaritudinem
2686 3093 2941 3161 larrymis
2997 3093 3204 3148 dulcem
3264 3092 3526 3146 emciens.

259 3185 597 3254 ὠλοφύρετο,
628 3184 727 3254 τὴν
752 3188 815 3238 ὲκ
850 3187 950 3253 τῆς
975 3188 1260 3255 ἀρνήσεως
1286 3187 1511 3256 πικρίαν
1537 3186 1844 3252 γλυκαίνων

1954 3186 2074 3240 Hcce
2105 3187 2269 3256 igitur
2306 3201 2402 3255 per
2432 3196 2646 3239 noctem
2685 3196 2838 3253 gesta
2866 3195 2991 3239 sunt

261 3281 372 3340 τοῖς
394 3279 655 3345 δάκρυσι.
690 3278 875 3330 Ταῦτα
907 3280 1008 3345 μὲν
1038 3279 1131 3330 οὖν
1172 3284 1229 3330 ἐν
1266 3280 1425 3331 νυκτὶ
1470 3280 1842 3347 διεπράττετο.

338 3390 354 3419 ι
390 3371 613 3441 Πρωῖας
638 3371 695 3423 δὲ
724 3371 1048 3440 γενομένης,
1078 3371 1407 3441 συμϐούλιον
1429 3371 1621 3423 ἔλαϐον
1644 3371 1846 3433 πάντες

259 3465 307 3515 ei
336 3465 615 3533 ἀρχιερεῖς
646 3466 740 3515 καὶ
777 3466 824 3515 οἱ
874 3464 1237 3533 πρεσϐύτεροι
1280 3463 1373 3517 τοῦ
1404 3464 1535 3516 λαοῦ
1584 3465 1726 3515 κατά
1751 3463 1844 3515 τοῦ

272 3555 472 3624 Ἰησοῦ,
490 3554 631 3606 ὥστε
659 3554 969 3608 θανατῶσαι
988 3556 1149 3607 αὐτόν
1169 3572 1184 3584 ·
1217 3556 1308 3609 καὶ
1340 3556 1603 3625 δήσαντες
1627 3557 1846 3624 ἀπήγαο

260 3666 378 3720 γον,
423 3650 519 3702 καὶ
544 3650 875 3719 παρέδωκαν
908 3653 1072 3703 αὐτὸν
1100 3652 1311 3721 Ποντίῳ
1362 3651 1583 3720 Πιλάτῳ
1612 3650 1690 3719 τῷ
1715 3654 1813 3718 ήγε
1831 3679 1847 3691 -

265 3744 409 3811 p.6vt.
458 3761 476 3793 ι
513 3743 605 3812 Μὴ
647 3742 1014 3811 παρέλθωμεν
1052 3743 1348 3805 ἀσκέπτως
1370 3745 1430 3796 τὸ
1453 3744 1541 3797 διὰ
1576 3744 1673 3811 τῆς
1699 3744 1845 3795 ἱστο-

264 3834 386 3904 ρίας
407 3832 762 3901 δηλούμενον,
797 3833 917 3895 πῶς
942 3836 990 3885 οί
1029 3832 1128 3902 μὲν
1158 3833 1404 3902 μαθηταὶ
1426 3833 1837 3886 σκανδαλισθένο

262 3941 353 3985 τες
392 3926 451 3975 ἐν
486 3923 646 3976 νυκτλ⁵
670 3924 770 3976 οὐκ
793 3925 1145 3993 ὲκκρίνονται
1175 3941 1187 3953 ·
1233 3925 1369 3992 φησι
1405 3925 1515 3993 γὰρ
1546 3926 1575 3977 6
1621 3925 1843 3993 Σωτήρ·

268 4035 289 4069 σ
332 4016 548 4077 Πάντες
604 4016 765 4084 ὑμεῖς
834 4015 1371 4085 σκανδαλισθήσεσθε
1444 4018 1503 4068 ἐν
1556 4020 1621 4086 τῇ
1685 4020 1843 4070 νυκτὶ

260 4110 453 4178 ταύτῃ.
494 4126 513 4159 ι
555 4108 720 4163 Ἀλλὰ
773 4109 869 4161 καὶ
934 4108 1140 4175 Πέτρος
1178 4108 1373 4171 νυκτὸς
1426 4110 1696 4178 ἀρνεῖται,
1753 4111 1844 4163 καὶ

263 4202 711 4269 συγγινώσκεται
736 4216 749 4231 ⁸
788 4194 933 4254 οὗτοι
974 4200 1031 4252 δὲ
1066 4202 1284 4269 πρωῖας
1312 4202 1617 4271 γενομένης
1669 4220 1851 4271 παρα-

263 4296 449 4354 δόντες
480 4294 573 4345 τὸν
602 4292 831 4361 Κύριον,
870 4293 1252 4359 ἀσύγγνωστοι
1292 4295 1692 4360 μεμενήκασιν.
1727 4294 1848 4345 Ἐν-

264 4384 459 4437 τεῦθεν
486 4381 877 4451 διδασκόμεθα,
918 4382 992 4445 ὡς
1022 4382 1090 4434 τὰ
1118 4383 1218 4451 μὲν
1261 4387 1319 4434 ἐν
1362 4383 1555 4453 ἀγνοίᾳ
1590 4384 1683 4435 καὶ
1732 4384 1849 4435 νεόε-

262 4494 383 4547 τητι
408 4473 728 4543 σφάλματα,
756 4474 831 4536 ὡς
853 4475 911 4526 ὲν
936 4476 1092 4526 νυκτὶ
1132 4475 1228 4526 καὶ
1257 4476 1437 4545 σκότῳ
1470 4477 1843 4545 πραττόμενα,

2027 3401 2046 3435 ι
2092 3381 2248 3435 Mane
2282 3389 2462 3434 autem
2496 3380 2658 3442 l'acto,
2729 3382 3015 3433 a-onsilium
3062 3381 3304 3433 inierunt
3336 3395 3529 3434 omnes

1951 3476 2227 3544 principes
2265 3473 2639 3534 sacerdotum,
2671 3482 2725 3526 et
2770 3473 3016 3526 acutiores
3058 3473 3236 3541 populi
3268 3473 3531 3526 adversus

1951 3566 2158 3631 Jesuut,
2219 3575 2277 3618 ut
2328 3581 2449 3619 eum
2489 3564 2650 3619 morti
2705 3565 2985 3617 traderent
3020 3583 3035 3618 :
3065 3576 3118 3615 et
3159 3565 3395 3618 vinctum
3433 3564 3530 3616 ad-

1951 3663 2251 3719 duxerunt,
2298 3666 2350 3710 et
2405 3657 2747 3710 tradiderunt
2781 3656 2976 3709 Pontio
3014 3654 3192 3710 Pilato
3229 3656 3466 3725 pratsidi.
3506 3675 3524 3706 ι

1953 3751 2028 3803 Ne
2059 3751 2191 3804 illud
2228 3751 2329 3802 hoc
2374 3748 2493 3801 loco
2526 3749 2822 3800 observare
2854 3749 3360 3816 praetermittamus,
3387 3748 3527 3815 quod

1952 3858 2048 3911 per
2108 3842 2392 3895 historiam
2459 3840 2776 3903 indicatur,
2835 3857 2941 3909 qua
3004 3840 3218 3893 ratione
3279 3839 3529 3905 discipuli

1953 3936 2167 4001 quidem
2196 3934 2249 3984 iu
2278 3943 2435 3984 nocte
2464 3932 2816 3985 scandalizati
2853 3948 2960 3985 non
2988 3931 3349 3999 reprobantur
3378 3929 3528 3997 (58);

1952 4026 2027 4078 ait
2073 4025 2343 4091 siquidem
2398 4022 2696 4077 Dominus:
2739 4042 2757 4074 ι
2815 4023 3016 4077 Omnes
3065 4037 3159 4075 vos
3210 4020 3529 4075 scandalum

1952 4117 2225 4185 patiemini
2254 4118 2309 4168 in
2340 4130 2425 4169 me
2459 4116 2509 4167 in
2541 4125 2699 4170 nocte
2729 4117 2851 4169 ista.
2890 4135 2907 4165 ι
2956 4113 3096 4179 Quin
3134 4113 3303 4166 etiam
3334 4111 3533 4166 Petrus

1952 4211 2004 4263 in
2040 4218 2194 4263 nocte
2242 4218 2422 4276 negat,
2482 4217 2539 4261 et
2588 4208 2801 4261 veniam
2836 4210 3081 4272 obtinet;
3120 4208 3173 4261 lti
3209 4221 3338 4260 vero
3372 4220 3533 4259 mane
3589 4226 3591 4228 ·

1954 4299 2116 4363 facto,
2146 4299 2431 4352 tradentes
2465 4298 2752 4351 Dominum
2787 4300 2905 4351 sine
2930 4298 3085 4352 venia
3125 4308 3528 4352 remanserunt.

1956 4392 2089 4444 llinc
2124 4405 2257 4443 sane
2306 4391 2586 4452 docemur,
2623 4405 2742 4459 qua:
2786 4405 2881 4457 per
2912 4389 3278 4458 ignorantiam
3316 4398 3370 4443 et
3402 4400 3534 4442 teta-

1953 4482 2022 4536 tis
2067 4481 2441 4535 inﬁrmitatem
2497 4480 2642 4534 velut
2698 4481 2748 4532 in
2810 4491 2989 4542 nocte,
3025 4481 3371 4548 tenebrisque
3407 4495 3533 4548 pce-

258 4537 657 4637 εοσύγγνωᾶτα
682 4568 929 4636 γίνεται·
958 4566 1027 4619 τὰ
1055 4566 1111 4619 δὲ
1144 4569 1201 4620 ἒν
1241 4537 1427 4636 ἡλικίᾴ
1458 4537 1661 4637 τελείᾳ,
1685 4537 1789 4621 ’ὅτε
1819 4570 1846 4621 ὁ

1950 4586 2189 4640 cantur,
2237 4574 2399 4629 facile
2441 4572 2770 4634 condonari;
2814 4588 2934 4640 quae
2983 4587 3115 4626 vero
3160 4570 3531 4641 perlectajant

257 4656 415 4724 λόγος
444 4654 788 4723 ὲπιλάμψας,
820 4653 1079 4721 γνώσεως
1112 4654 1236 4719 ἄξια
1282 4656 1555 4725 κρίνεται.
1600 4657 1849 4711 Ἰουδαῖοι

257 4745 350 4799 οὖν
406 4744 750 4813 παραδόντες
811 4742 1106 4812 Ῥωμαίοις
1151 4746 1245 4797 τὸν
1279 4745 1506 4813 Κύριον,
1538 4750 1659 4808 ταῖς
1710 4748 1846 4802 Ῥω-

261 4837 442 4912 μαίων
482 4835 827 4905 πολιορκίαις
858 4836 1013 4888 αὐτοὶ
1043 4837 1443 4909 παρεδόθησαν,
1477 4841 1572 4891 καὶ
1598 4843 1697 4904 τας
1738 4843 1849 4894 τῶν

258 4928 566 4998 προφητῶν
586 4928 729 4997 ἀρὰς
760 4930 843 4988 είς
884 4929 1114 4991 ἑαυτοὺς
1142 4932 1563 4985 ὶπεσπάσαντοο
1603 4954 1621 4986 ι
1649 4936 1849 5001 Καθὼς

258 5021 551 5090 ἐποίησας,
581 5022 716 5090 φησὶ
746 5022 884 5092 πρὸς
906 5023 1008 5092 τὴν
1037 5024 1361 5092 συναγωγὴν
1414 5025 1651 5089 Ἀδδιοῦ,
1673 5031 1848 5093 οὕτως

328 5154 416 5227 "ll
450 5156 579 5210 Cor.
628 5174 729 5219 xtl,
760 5159 812 5212 5.
890 5160 938 5192 ’⁸
957 5159 1116 5215 Joan.
1145 5178 1245 5229 νιι,
1272 5164 1362 5218 '59.

1438 5167 1483 5199 τ’
1509 5164 1665 5220 Rom.
1709 5185 1825 5232 xm,
1852 5167 1939 5221 12.

1942 4678 2122 4731 astate,
2158 4684 2279 4720 cum
2333 4667 2469 4720 ratio
2491 4666 2688 4728 elnrct,
2716 4667 3026 4733 cognitione
3049 4680 3111 4719 ac
3135 4664 3341 4732 ju-licio
3366 4664 3528 4731 digna

1939 4758 2199 4824 indicari.
2231 4756 2401 4812 Judaei
2434 4759 2600 4825 igitur
2624 4772 2747 4811 cmn
2786 4756 3049 4812 Romanis
3092 4756 3382 4811 Dominum
3418 4765 3533 4808 tra-

1947 4848 2237 4913 didissent,
2271 4849 2639 4902 Romanorum
2691 4849 2790 4917 ipsi
2848 4847 3113 4901 obsidioni
3144 4847 3330 4901 traditi
3367 4856 3532 4909 sunt;

1944 4951 1996 4997 et
2024 4944 2411 5013 prOphetarum
2440 4941 2589 4994 diras
2620 4941 2688 4994 ad
2726 4955 2785 4995 se
2819 4950 3207 5009 pertraxerunt
3234 4957 3248 4992 :
3308 4957 3326 4989 ι
3360 4936 3533 4991 Sicuti

1947 5034 2144 5099 fecisti,
2180 5035 2253 5086 ait
2287 5035 2352 5085 ad
2391 5031 2735 5103 Syuagogam
2778 5033 3004 5098 Abdias,
3043 5033 3122 5085 sic
3166 5033 3271 5085 erit
3307 5029 3399 5083 tibi
3438 5038 3536 5085 :et

2015 5169 2063 5200 “
2083 5170 2249 5223 Marc.
2286 5184 2397 5227 XIV.
2426 5168 2516 5221 30.

1507 5285 1822 5347 Francisci
1858 5287 2068 5348 Scorsi
2106 5292 2295 5347 notat.

329 5412 449 5479 (38)
498 5410 620 5465 Non
705 5411 1076 5471 reprobantur.
1140 5411 1474 5478 Exemplaria
1549 5430 1682 5469 mss.
1740 5415 1842 5469 hoc

258 5487 380 5541 loco
412 5483 614 5536 habent
654 5481 1029 5545 ῐκκλὶνονται,;
1075 5486 1168 5534 sed
1203 5483 1376 5538 facilis
1409 5500 1565 5537 error
1604 5488 1843 5552 irrepere

256 5555 435 5623 potuit
464 5565 530 5625 ut
552 5553 581 5603 λ
615 5564 710 5615 pro
742 5572 773 5620 ρ
808 5553 1179 5625 Δθοι-ιιιιτοειιιπι.
1228 5552 1608 5625 Ἐκκρίνονται
1694 5555 1839 5609 enim

255 5622 455 5679 sensus
488 5624 702 5675 videtur
733 5623 971 5692 exigere,
1012 5632 1070 5674 ιιι
1106 5633 1270 5688 patet.
1324 5622 1511 5692 Itaque
1538 5628 1618 5678 sic
1653 5640 1843 5677 Curen-

257 5693 383 5749 σιανί
414 5700 468 5747 et
526 5692 695 5746 edidi.
759 5691 1030 5746 Czeterum
1072 5693 1215 5759 quod
1259 5691 1495 5761 pertinet
1527 5697 1591 5746 ad
1635 5696 1843 5749 morale

254 5767 674 5833 documentum,
701 5764 843 5830 quod
866 5776 931 5833 ex
955 5762 1180 5833 historia
1194 5778 1345 5817 more
1362 5780 1462 5817 suo
1477 5762 1842 5833 Theophanes

254 5833 463 5900 educit,
514 5832 648 5889 facit
710 5833 838 5887 illud
895 5831 1039 5887 Psal.
1087 5848 1259 5891 xxiv:
1303 5833 1503 5889 Delicta
1538 5831 1840 5906 jurintutis

1943 5431 2095 5476 meat,
2124 5425 2171 5467 et
2207 5416 2539 5482 ignorantia:
2580 5430 2721 5465 meas
2766 5432 2827 5467 ne
2874 5416 3195 5477 memineris,
3249 5413 3533 5466 Domine:

1943 5486 1995 5537 in
2026 5501 2184 5552 quem
2221 5486 2394 5537 locum
2433 5486 2710 5547 Bellaria,
2740 5482 3149 5547 Commemorat,
3175 5486 3367 5549 inquit,
3415 5501 3532 5544 pe:-

1948 5571 2068 5608 cata
2100 5555 2428 5623 juventutis,
2456 5564 2503 5606 et
2541 5555 2903 5622 ignorantias.
2937 5556 2987 5605 id
3026 5568 3098 5606 est
3145 5556 3338 5607 delicta
3388 5570 3531 5605 com-

1951 5628 2115 5678 missa
2146 5640 2209 5677 ea:
2238 5625 2567 5693 inﬁrmitate,
2605 5634 2652 5675 et
2681 5625 3000 5690 ignorantia,
3026 5629 3150 5693 quia
3185 5626 3314 5677 iisis
3365 5625 3531 5693 magis

1939 5712 2097 5765 quam
2133 5694 2254 5747 aliis
2280 5692 2516 5747 convenit
2540 5694 2937 5765 misericordia,
2974 5692 3126 5761 juxta
3189 5695 3317 5747 illud
3374 5692 3524 5745 Pauli

1942 5762 2052 5819 lad
2083 5765 2222 5818 Tim.
2262 5779 2381 5830 cap.
2423 5778 2484 5817 I:
2530 5762 2956 5818 Misericordiam
3015 5776 3326 5819 consecutus
3390 5780 3531 5825 sum,

1936 5836 2061 5896 quia
2087 5836 2339 5904 ignorans
2372 5834 2496 5903 feci.
