4184 6436
685 315 790 378 575

1865 322 2273 382 ΤΠΕΟΡΗΛΝ
2288 324 2354 382 [S
2399 326 2743 387 CEltAM'EI

3826 330 3937 393 576

682 432 938 498 expedire
962 446 1019 485 se
1044 435 1325 501 satagebat
1363 447 1375 484 :
1411 450 1431 482 ι
1468 432 1727 499 Accipite,
1764 432 1955 501 inquit,
1989 450 2109 487 cum
2142 452 2253 496 vos,

2374 438 2535 489 Ἀ).λᾶ
2563 440 2714 491 ταῦτ’
2744 439 2953 506 ἔφασαν
3001 442 3189 510 ἐπειδὴ
3240 446 3549 510 σταυρῶσαι
3600 443 3785 506 αὐτοῖς
3836 446 3936 499 οὐκ

683 533 738 576 et
773 522 1070 576 secundum
1110 524 1278 591 legem
1322 537 1555 576 vestram
1583 524 1819 589 judicate
1850 542 1994 590 eum,
2040 545 2058 577 ι
2097 527 2257 580 modo

688 631 791 667 non
841 608 918 669 sic
972 617 1198 668 dicens:
1245 616 1299 669 Si
1352 616 1433 668 lex
1495 624 1671 669 vestra
1708 628 1813 670 tam
1858 618 1999 670 fatua
2048 628 2153 681 est,
2200 631 2259 673 ut

686 708 849 759 etiam
889 707 1236 761 innocentem
1271 709 1449 775 puniri
1498 707 1706 774 jubeat,
1746 710 1955 762 utimini
1998 710 2099 763 hac
2144 711 2258 780 lege

686 808 863 849 vestra
921 810 1027 849 tam
1074 799 1319 854 immani.
1361 799 1497 865 Quid
1544 799 1706 867 igitur
1758 800 2017 855 vecordes
2053 802 2126 854 illi
2196 818 2258 857 ac

689 889 882 955 impii?
927 910 942 941 ι
983 889 1147 945 Nobis
1203 908 1306 946 non
1344 892 1467 944 licet
1507 892 1813 945 interﬁcere
1846 909 2194 964 quemquam.
2233 914 2253 946 ›

686 982 847 1049 Ᾱῑηυὶ
883 992 931 1033 et
972 980 1309 1048 Stephanum
1348 983 1614 1051 lapidasse
1639 1025 1653 1048 ,
1697 996 1747 1037 et
1781 982 2040 1039 Jacobum
2082 998 2261 1040 sustu-

686 1073 814 1125 IiSse
875 1074 1090 1139 planum
1151 1084 1251 1125 est.
1303 1073 1499 1125 Verum
1561 1075 1662 1126 hoc
1714 1076 1912 1127 idcirco
1970 1079 2259 1139 dixerunt,

684 1166 808 1231 quia
847 1180 949 1216 non
999 1165 1200 1217 liccbat
1234 1157 1331 1217 'cis
1381 1182 1709 1234 quemquam
1766 1167 2033 1235 supplicio
2081 1172 2260 1222 crucis

684 1254 932 1320 allicere,
990 1257 1083 1311 sed
1144 1258 1193 1308 in
1251 1257 1621 1311 Romanorum
1685 1260 1735 1311 id
1794 1270 1912 1313 erat
1969 1271 2256 1328 potestate.

685 1346 983 1413 Opottehat
1021 1362 1146 1401 vero
1178 1357 1230 1400 et
1263 1348 1349 1401 hic
1390 1350 1599 1415 impleri
1634 1364 1939 1403 sermonem
1978 1350 2123 1411 Jesu,
2157 1367 2263 1420 quo

684 1437 840 1504 201
884 1437 1164 1504 discipulis
1195 1438 1424 1490 dixerat.
1462 1437 1782 1491 tradendum
1814 1453 1872 1491 se
1903 1441 2176 1506 gentibus,
2209 1450 2263 1492 et

684 1533 1055 1586 occidendum.
1104 1532 1229 1586 lateo
1278 1543 1329 1585 et
1364 1531 1597 1586 Joannes
1633 1535 1746 1585 ait:
1788 1552 1804 1583 ι
1847 1532 1915 1586 Ut
1941 1536 2258 1589 sertnoJesu

689 1622 1025 1688 impleretur,
1064 1638 1224 1690 quem
1275 1622 1485 1673 dixerat
1541 1620 1874 1689 signiﬁcans,
1926 1637 2027 1688 qua
2091 1632 2263 1676 morte

684 1725 828 1766 esset
870 1715 1183 1766 moriturus.
1222 1732 1242 1763 ι
1278 1712 1472 1765 lterum
1504 1728 1633 1781 ergo
1676 1715 2023 1782 interrogavit
2059 1713 2262 1768 Pilatus

684 1804 906 1859 Jesum:
948 1823 966 1856 ι
1004 1805 1153 1859 Unde
1186 1820 1243 1858 es
1279 1806 1379 1858 tu?
1418 1824 1437 1856 ι
1476 1805 1563 1859 Ille
1614 1820 1741 1859 vero
1791 1818 1977 1874 negata
2034 1822 2259 1874 respon-

685 1900 857 1959 sione,
906 1915 1023 1966 quae
1072 1915 1230 1965 supra
1265 1912 1480 1966 captum
1523 1898 1637 1964 ejus
1674 1909 1790 1953 erat
1835 1900 2035 1963 futura,
2074 1916 2260 1957 rursus

687 2001 848 2043 tacet.
910 1990 1048 2055 Quid
1102 1992 1263 2059 igitur
1320 1989 1562 2042 Pilatus?
1598 2009 1615 2040 ι
1652 1990 1776 2043 Milti
1828 2009 1929 2043 non
1982 1992 2261 2061 loqueris?

685 2081 873 2135 Nescis
902 2084 1029 2150 quia
1069 2093 1391 2151 potesmteui
1432 2084 1602 2136 habeo
1629 2084 1946 2151 erucillgere
1984 2096 2051 2145 te,
2085 2096 2136 2138 et
2168 2101 2265 2155 po-

690 2184 935 2229 tesmtem
988 2175 1162 2229 habeo
1209 2175 1486 2229 dimittere
1518 2176 1601 2229 te?
1639 2195 1657 2227 ι
1703 2180 1878 2245 Atque
1914 2177 2002 2230 ille
2044 2178 2259 2246 quidem

687 2266 928 2319 Romana
964 2278 1229 2333 potestate
1280 2269 1589 2331 insolescit;
1630 2258 1875 2323 Salvator
1918 2283 2043 2323 vero
2090 2268 2263 2323 Patris

686 2358 1017 2412 voluntatem
1071 2361 1334 2427 opponit:
1374 2379 1391 2409 ι
1426 2357 1543 2413 Non
1578 2360 1808 2415 haberes
1850 2372 2169 2430 potestatem
2209 2363 2261 2415 in

688 2467 772 2505 me
804 2451 988 2516 ullam,
1025 2453 1125 2504 nisi
1159 2453 1254 2505 tibi
1289 2454 1470 2504 datum
1513 2451 1701 2506 fuisset
1730 2453 1985 2521 desuper,
2020 2472 2038 2505 ›
2079 2454 2263 2508 datum

688 2544 817 2598 illud
869 2560 1088 2609 vocans,
1153 2545 1294 2614 quod
1343 2556 1460 2598 erat
1514 2546 1858 2613 permissum.
1920 2549 2055 2601 lllud
2114 2563 2263 2613 vero,

688 2644 945 2704 quantum
987 2637 1147 2692 habet
1200 2638 1459 2705 stuporis,
1500 2640 1640 2707 quod
1683 2638 1855 2693 .ludici
1896 2641 2114 2708 quidem
2160 2655 2264 2696 non

688 2733 855 2784 multa
906 2732 1197 2799 reSpondit,
1258 2746 1479 2785 uxorem
1531 2747 1657 2787 vero
1698 2733 1838 2786 illius
1888 2733 2112 2786 oraculo
2172 2734 2267 2786 ad-

692 2834 871 2877 monet
904 2863 919 2888 ,
957 2833 1012 2877 et
1059 2838 1278 2892 pavore,
1318 2833 1366 2878 et
1400 2826 1844 2893 consternatione
1876 2825 2017 2879 illam
2063 2825 2267 2893 implet,

691 2925 749 2969 ut
779 2916 1031 2968 nimirum
1062 2914 1270 2972 Pilatus
1314 2921 1439 2971 hinc
1485 2917 1856 2971 fortitudinem
1889 2919 2032 2987 ejus,
2062 2919 2152 2987 qui
2179 2919 2267 2987 ju-

688 3005 976 3062 dicabatur
1021 3021 1085 3061 ex
1135 3009 1349 3063 silentio
1391 3012 1795 3075 obstupesceret
1823 3050 1839 3071 ,
1884 3010 2009 3064 inde
2037 3026 2164 3064 vero
2198 3015 2267 3065 at)

691 3116 861 3157 uxore
909 3104 960 3156 in
1012 3117 1089 3174 ea}
1127 3102 1393 3156 sententia
1445 3101 1881 3165 conﬁrmaretur,
1918 3116 2021 3154 non
2076 3118 2266 3170 purum

694 3195 990 3258 hominem,
1040 3196 1130 3249 sed
1176 3196 1337 3249 etiam
1385 3194 1551 3249 Deum
1602 3209 1631 3248 a
1679 3208 1737 3249 se
1771 3194 2027 3263 judicari.
2075 3192 2267 3247 Verum

690 3284 863 3339 Pilato
897 3288 1107 3355 species
1132 3286 1311 3339 oblata
1351 3300 1455 3339 non
1492 3295 1600 3349 est,
1651 3301 1720 3340 ne
1762 3284 2051 3341 formidine
2098 3286 2272 3340 victus

692 3381 866 3446 ipsum
893 3379 1231 3443 absolveret,
1272 3388 1433 3449 atq-te
1465 3380 1537 3432 ita
1584 3380 1763 3433 divina
1796 3380 2126 3447 dispensatio
2166 3394 2269 3433 non

691 3472 1099 3539 perﬁceretur:
1143 3487 1318 3540 neque
1364 3473 1505 3525 enim
1562 3486 1628 3525 ne
1682 3481 1957 3540 pateretur
2000 3471 2269 3535 Christus,

692 3563 780 3617 illa
815 3574 1029 3618 ostensa
1063 3575 1166 3627 est,
1201 3567 1294 3617 sed
1328 3566 1403 3617 uti
1435 3565 1627 3617 mulier
1658 3564 1965 3619 salvaretur
1989 3565 2124 3633 (ιε),
2151 3582 2269 3619 cum

695 3665 752 3709 ut
784 3670 911 3709 vero
939 3656 1116 3709 simile
1149 3656 1381 3719 videtur,
1420 3656 1578 3723 digna
1616 3662 1778 3721 esset,
1817 3656 1903 3709 cui
1942 3658 2114 3710 visum
2146 3656 2271 3710 illud

692 3748 1046 3817 ohjieeretur,
1095 3757 1256 3817 atque
1289 3750 1360 3802 ita
1399 3750 1561 3803 etiam
1602 3757 1761 3818 typus
1790 3748 2049 3803 Ecclesiae
2092 3758 2275 3802 osten-

698 3843 942 3893 deretur.
979 3838 1247 3910 Nupserat
1290 3842 1432 3894 enim
1467 3840 1551 3893 illa
1585 3840 1901 3910 iutelligibili
1944 3838 2138 3903 Pilato,
2173 3841 2277 3894 hoc

697 3944 779 3986 est
811 3933 1041 3986 naturali
1071 3933 1196 4002 legi,
1224 3934 1315 3987 sed
1339 3942 1523 4001 postea
1551 3932 1769 3985 Christo
1801 3933 2045 3985 adhaesit.
2071 3930 2278 3986 Pilatus

697 4038 859 4094 porro
895 4025 1043 4078 rudis
1072 4024 1339 4093 quispiam
1376 4024 1537 4077 homo
1576 4022 1762 4086 fuisse,
1802 4034 1855 4078 et
1900 4024 2063 4077 simul
2115 4026 2273 4079 meti-

694 4118 919 4172 eulosus
957 4120 1200 4183 arguitur
1233 4134 1247 4170 :
1282 4132 1476 4187 aquam
1518 4118 1662 4171 enim
1694 4118 1963 4187 accipiens
2003 4120 2131 4173 tavit
2161 4135 2274 4173 ma-

696 4225 824 4274 nus,
872 4220 926 4265 et
968 4220 1075 4263 tam
1123 4210 1303 4279 gravis
1350 4208 1642 4263 occisionis
1688 4222 1902 4277 poenam
1934 4218 2157 4264 externa
2188 4210 2275 4263 illa

695 4302 875 4370 specie
915 4302 1280 4371 expurgavit:
1330 4300 1495 4355 verbo
1545 4301 1761 4368 quidem
1809 4301 2157 4355 innocentem
2183 4315 2277 4356 se-

697 4394 870 4463 ipsum
918 4392 1160 4458 faciens,
1209 4409 1268 4448 re
1324 4402 1503 4446 autem
1540 4392 1651 4462 ipsa
1690 4392 1983 4446 humanum
2030 4394 2277 4446 timorem

2360 530 2509 596 ἐξῆν,
2556 532 2692 583 ἀλλὰ
2725 533 2790 599 τῇ
2824 531 3041 599 ἐξουσίᾳ
3086 533 3378 599 Ῥωμαίων
3425 528 3495 602 ἦν
3547 533 3608 588 τὸ
3657 534 3935 587 ἀνασταυ-

2364 620 2512 690 ροῠν.
2555 624 2701 675 Ἕδει
2754 624 2811 676 δὲ
2857 623 3143 677 κάνταῦθα
3205 624 3365 693 λόγον
3423 626 3783 697 πληρωθῆναι
3838 628 3933 680 τοῦ

2372 712 2571 778 Ἰησοῦ,
2609 714 2668 765 ὃν
2701 710 2818 764 εἷπε
2864 717 2979 774 τοῖς
3029 715 3320 784 μαθηταῖς,
3350 718 3431 769 ὅτι
3492 718 3935 785 παραδοθήσεται

2360 807 2470 867 τοῖς
2502 804 2701 869 ἔθνεσι,
2730 804 2824 858 καὶ
2854 805 3353 877 ἁποκτανθήσεται.
3387 807 3484 859 Διά
3514 808 3671 858 τοῦτο
3696 810 3723 859 6
3759 808 3934 861 Ἰωάν-

2358 911 2458 964 νης
2491 899 2685 964 φησίν·
2731 916 2748 949 ι
2772 898 2887 952 Ἵνα
2918 902 2945 952 ὁ
2972 899 3129 965 λόγος
3176 898 3270 951 τοῦ
3304 898 3478 967 Ἰησοῦ
3536 899 3800 967 πληρωθῇ
3840 915 3937 966 cn;-

2366 988 2572 1056 μαίνων
2604 990 2744 1061 ποίῳ
2771 990 2987 1060 θανάτῳ
3038 990 3263 1059 ἔμελλεν
3294 991 3680 1059 ἀποθνήσκειν.
3718 1010 3733 1040 ι
3771 990 3937 1041 Πάλιν

2363 1078 2455 1133 οὗν
2480 1080 2765 1151 ἠρώτησεν
2793 1085 2820 1135 ὀ
2865 1084 3098 1145 Πίλάτος
3133 1083 3225 1135 τὸν
3262 1082 3474 1153 Ἰησοῦν
3495 1101 3507 1112 ·
3558 1100 3577 1132 ι
3606 1081 3777 1133 Πόθεν
3809 1078 3889 1143 si;
3915 1101 3932 1131 ι

2374 1172 2432 1224 '0
2471 1174 2528 1225 δὲ
2561 1175 2634 1235 ὡς
2667 1174 2728 1225 ού
2776 1173 3035 1244 χωρητὴν
3071 1170 3236 1227 οὖσαν
3287 1172 3437 1241 αὐτῷ
3488 1171 3587 1238 τὴν
3645 1170 3939 1237 ἀπόκρισιν

2364 1266 2743 1329 ἀπαναίνεται,
2798 1267 2891 1320 καὶ
2961 1261 3119 1328 αὖθις
3180 1267 3327 1334 σιγᾷ.
3370 1265 3434 1316 Τί
3487 1262 3639 1315 οὖνὸ
3676 1262 3939 1326 Πιλᾶτος

2369 1376 2384 1405 ι
2428 1358 2580 1424 Ἐμοὶ
2609 1358 2670 1410 ού
2688 1358 2901 1421 λαλεϊςς
2928 1358 3030 1410 οὐκ
3056 1353 3227 1419 οἶδας,
3257 1358 3337 1407 ὃτι
3372 1356 3622 1419 ἐξουσίαν
3637 1354 3746 1423 ἔχω
3777 1370 3943 1405 σται-

2366 1450 2543 1516 ριῖισαί
2580 1467 2661 1513 σε,
2691 1452 2783 1502 καὶ
2812 1450 3068 1515 ἐξουσίαν
3112 1449 3221 1518 ἔχω
3249 1446 3519 1500 ἀπολῦσαί
3562 1463 3651 1509 σε;
3684 1466 3701 1497 ι
3747 1446 3807 1498 Ὀ
3844 1446 3943 1513 μὲν

2364 1545 2430 1611 τῇ
2482 1542 2766 1612 Ῥωμαϊκῇ
2824 1541 3045 1613 ἐξουσίᾳ
3100 1541 3419 1610 θρύπτεται,
3455 1541 3484 1592 6
3532 1539 3588 1591 δὲ
3624 1539 3816 1607 Σωτήρ
3847 1541 3947 1606 τὴν

2365 1633 2458 1685 τοῦ
2487 1633 2700 1701 Πατρδς
2728 1633 2979 1684 εὐδοκίαν
3004 1630 3394 1701 προϐάλλεται.
3430 1629 3592 1681 (Οὐκ
3618 1627 3763 1696 εἶχες
3797 1627 3949 1689 ἐξου-

2369 1724 2491 1774 οἷον
2541 1723 2823 1790 οὐδεμίαν,
2874 1725 2922 1775 εί
2981 1724 3057 1791 μὴ
3106 1718 3176 1791 ἦν
3218 1739 3303 1775 σοι
3335 1720 3618 1790 δεδομένον
3653 1717 3891 1775 ἄνωθεν,
3925 1735 3942 1765 ι

2365 1815 2659 1881 Δεδομένον
2681 1817 2741 1866 τὸ
2775 1814 3274 1885 συγκεχωρημένον
3306 1812 3497 1866 εἰπών.
3531 1812 3741 1863 Ἐκεῖνο
3760 1809 3818 1860 δὲ
3847 1808 3954 1860 πό-

2366 1921 2465 1972 σης
2498 1904 2891 1974 καταπλήξεως
2923 1904 3175 1973 ἔμπλεων
3207 1899 3295 1973 ἦν,
3328 1904 3409 1955 ὅτι
3444 1902 3522 1972 τῷ
3562 1902 3660 1967 μὲν
3714 1900 3948 1967 δικαστῇ

2366 1996 2463 2049 οὐκ
2503 1997 2845 2067 ἀπεκρίνατο
2882 1996 3076 2060 πολλὰ,
3108 1998 3172 2065 τῇ
3214 1996 3270 2047 δὲ
3323 1995 3548 2062 γυναικὶ
3599 1992 3768 2046 αὑτοῦ
3815 2010 3949 2060 χρηο

2369 2089 2613 2158 ματίζων
2645 2089 2837 2149 πτοίας
2865 2089 2962 2141 καὶ
2992 2091 3240 2157 ταραχῆς
3272 2087 3587 2155 ἐνεπίμπλα
3618 2084 3842 2152 πολλῆς,
3863 2086 3949 2134 ἵνα

2365 2184 2432 2252 τῇ
2464 2182 2593 2251 εμὲν
2635 2185 2813 2251 σιωπῇ
2877 2182 2976 2250 τὴν
3034 2182 3291 2247 ἀνδρείαν
3321 2183 3348 2232 ὁ
3383 2172 3607 2241 Πιλᾶτος
3644 2180 3737 2230 τοῦ
3772 2195 3955 2245 κρινου

2371 2275 2533 2344 μένου
2573 2271 2927 2342 καταπλαγῇ,
2951 2271 3103 2341 παρὰ
3127 2271 3183 2323 δὲ
3212 2271 3311 2338 τῆς
3337 2270 3608 2337 ὁμοζύγου
3652 2267 3949 2337 βεεαιωθῇ,

2367 2368 2443 2430 ὡς
2487 2368 2547 2420 οὔ
2586 2366 2742 2435 ψιλὸν
2769 2366 3057 2435 ἄνθρωπον
3110 2364 3309 2434 κρίνει,
3342 2364 3479 2417 ἀλλὰ
3513 2366 3623 2432 γὰρ
3660 2364 3755 2414 καὶ
3784 2362 3945 2412 θεόν.

2370 2460 2483 2527 Οὐχ
2509 2458 2611 2528 δρᾷ
2635 2458 2692 2512 δὲ
2727 2457 2962 2520 Πιλάτος
2994 2456 3055 2508 τὸ
3081 2457 3290 2527 ὅραμα,
3341 2454 3432 2511 ἵνα
3466 2454 3543 2524 μὴ
3602 2453 3958 2523 κατοῤῥωδή-

2372 2567 2473 2614 σας
2499 2550 2749 2619 ἀπολύσῃ
2781 2548 2967 2613 αὐτὸν,
3000 2549 3094 2602 καὶ
3121 2550 3191 2602 τὰ
3222 2549 3321 2617 τῆς
3366 2547 3676 2615 οίκονομίας
3709 2546 3769 2597 οὐ
3800 2544 3953 2597 τελε-

2373 2644 2474 2713 σθῇ
2502 2661 2517 2677 ο
2558 2644 2620 2696 ού
2654 2643 2763 2711 γὰρ
2798 2634 2888 2696 ἶνα
2924 2641 2999 2711 μὴ
3058 2641 3209 2711 πάθη
3266 2640 3521 2711 Χριστὸς.
3558 2638 3794 2705 ἐδείχθη,
3832 2635 3950 2687 ἀλλ’

2370 2734 2458 2787 ἵνα
2494 2733 2639 2804 σωθῇ
2666 2735 2698 2802 ὴ
2726 2733 2883 2801 γυνὴ,
2901 2731 3026 2796 ἀξία
3055 2727 3209 2787 οὖσα.
3233 2731 3307 2793 ὡς
3332 2732 3495 2790 ἔοικε,
3530 2728 3785 2794 τοιαύτης
3810 2729 3952 2778 ἀπο-

2372 2826 2680 2895 καλύψεως.
2700 2827 2795 2879 καὶ
2832 2825 2932 2894 τῆς
2984 2822 3315 2891 Ἐκκλησίας
3351 2824 3377 2874 6
3403 2822 3567 2882 vim;
3587 2822 3793 2888 δειχθῇ.
3817 2820 3954 2870 Euv-

2372 2918 2536 2989 νῴκει
2559 2919 2658 2987 μὲν
2679 2918 2786 2987 γὰρ
2807 2918 2900 2969 καὶ⁸
2918 2917 3057 2984 αὐτὴ
3075 2916 3155 2986 τῷ
3175 2914 3350 2985 νοητῷ
3372 2914 3591 2983 Πιλάτῳ
3605 2913 3684 2980 τῷ
3702 2914 3850 2981 νόμῳ
3875 2911 3956 2979 τῷ

2375 3010 2612 3080 φυσικῷ,
2647 3010 2763 3063 ἀλλ’
2796 3010 3025 3077 ὕστερον
3053 3006 3305 3078 ᾠκειώθη
3359 3005 3602 3076 Χριστῷ.
3634 3004 3958 3073 Ἐλέγχεταί

2296 3133 2340 3191 c
2375 3119 2438 3170 γε
2478 3103 2585 3169 μὴν
2619 3103 2645 3152 6
2676 3099 2907 3161 Πιλάτος
2937 3100 3136 3167 εὐήθης
3190 3116 3273 3160 τις
3306 3097 3381 3150 ὢν
3414 3099 3507 3150 καὶ
3529 3096 3818 3164 ψοφοδεὴς.
3847 3098 3963 3147 Λα-

2376 3193 2485 3247 δὼν
2506 3193 2617 3262 γὰρ
2661 3193 2807 3261 ὕδωρ
2841 3191 3086 3260 ἐνίψατο,
3125 3192 3220 3243 καὶ
3272 3191 3470 3243 τούτου
3506 3190 3667 3257 φόνου
3704 3189 3864 3258 δίκην
3895 3188 3963 3240 τό

2378 3304 2441 3354 γε
2502 3288 2680 3340 δοκεῖν
2739 3284 3102 3348 ἀπεκλύζετο,
3136 3284 3281 3351 λόγῳ
3342 3286 3439 3351 μὲν
3488 3282 3681 3334 ἀθωῶν
3740 3282 3960 3342 ἑαυτὸν,

2379 3380 2528 3448 ἔργῳ
2576 3379 2632 3430 δὲ
2695 3377 3013 3448 προκρίνων
3046 3376 3140 3427 τοῦ
3193 3375 3407 3427 δικαίου
3466 3374 3563 3439 τὴν
3595 3373 3965 3441 ἀνθρωπίνην

2379 3470 2534 3525 αἰδῶ.
2576 3471 2643 3522 Ἥ
2674 3470 2729 3522 δέ
2758 3469 2871 3521 τῶν
2905 3467 3180 3520 Ἰουδαίων
3197 3467 3360 3518 ἀθλία
3400 3465 3634 3534 πληθὺς,
3663 3465 3722 3517 τὸ
3748 3465 3968 3517 δίκαιον

2380 3559 2543 3632 αἷμα,
2575 3563 2635 3616 οὐ
2671 3563 2832 3631 μόνον
2865 3562 3007 3615 κατὰ
3058 3562 3155 3628 τῆς
3216 3559 3351 3620 ἰδίας
3384 3558 3659 3626 ἐπέγραψε
3695 3558 3965 3624 κεφαλῆς,

2380 3658 2515 3713 ἀλλὰ
2565 3657 2671 3709 τῶν
2725 3659 2934 3709 τέκνων
2967 3653 3168 3709 αὐτῶν.
3199 3654 3442 3720 Ἐ’ραντο
3494 3654 3603 3717 γάρ
3624 3668 3635 3679 ⁸
3677 3670 3694 3700 ι
3724 3650 3797 3703 τὸ
3823 3646 3970 3716 αἷμα

2381 3748 2548 3802 αὐτοῦ
2582 3748 2667 3817 ἐφ’
2696 3749 2846 3816 ἡμᾶς
2888 3748 2980 3799 καὶ
3019 3746 3113 3797 ἐπὶ
3146 3745 3213 3796 τὰ
3259 3744 3427 3795 τέκνα
3484 3742 3662 3811 ἡμῶν.
3704 3742 3852 3793 »Καῖ
3902 3740 3973 3808 δὴ

2381 3840 2588 3910 ταύτης
2643 3839 2868 3900 ἐνδίκως
2898 3838 3000 3907 τῆς
3038 3838 3179 3906 ἀρᾶς
3216 3834 3663 3903 παραπήλαυσαν
3718 3833 3972 3900 μαχαίρς

2381 3932 2789 3994 κατακοπέντες
2835 3930 3141 3999 Ῥωμαϊκῇ.
3176 3929 3299 3980 Ὀτι
3350 3926 3407 3978 δέ
3458 3928 3546 3977 καὶ
3588 3926 3616 3977 6
3647 3925 3876 3983 Πιλᾶτος
3908 3926 3973 3973 οἱ.

2386 4024 2560 4091 πάντη
2607 4023 2966 4091 ἀνέγκλητος,
3022 4020 3222 4085 ἔδειξεν
3272 4018 3445 4070 εἰπὼν
3490 4020 3518 4069 6
3561 4018 3785 4083 Σωτήρ·
3826 4037 3842 4066 ι
3870 4020 3975 4067 Διὶ

2382 4115 2540 4167 τοῦτο
2566 4117 2593 4166 6
2627 4113 2955 4183 παραδιδούς
2989 4130 3054 4181 με
3098 4129 3182 4164 σοι
3234 4111 3459 4180 μείζονα
3487 4112 3764 4177 ἁμαρτίαν
3795 4110 3969 4176 ἔχει..

2394 4204 2453 4257 Ὀ
2493 4204 2591 4273 μὲν
2616 4199 2708 4256 οὖν
2743 4203 2974 4266 Πιλᾶτος
3017 4203 3341 4271 παρέδωκεν
3371 4201 3556 4260 αὐτὸν,
3588 4199 3673 4250 ἵνα
3712 4215 3974 4265 σταυρω-

2384 4298 2484 4367 θῇσ
2525 4299 2551 4349 6
2580 4296 2635 4348 δὲ
2666 4296 2967 4365 τολμητίας
3012 4294 3215 4355 Ἰούδας
3246 4294 3353 4355 ἕως
3382 4293 3480 4360 μὲν
3520 4291 3670 4359 ἐώρα
3699 4292 3974 4360 κρινὸμε-

2383 4406 2475 4441 νον
2507 4388 2596 4440 τὸν
2621 4387 2871 4457 Σωτῆρα,
2905 4388 2966 4438 ού
2991 4385 3367 4455 ’μετεσάλλετο
3390 4402 3401 4414 ο
3433 4383 3573 4454 ᾤετο
3610 4384 3738 4448 γὰρ,
3775 4383 3851 4441 ὡς
3880 4386 3982 4434 ἐπὶ

696 4486 916 4552 iustitia:
949 4500 1291 4555 praeponens.
1326 4482 1515 4539 Infelix
1558 4499 1686 4539 vero
1712 4484 1939 4554 papulus
1965 4483 2269 4539 Iudaeorum

2389 4477 2564 4555 βραχὺ
2613 4476 2983 4546 χλευάσαντες
3046 4474 3230 4537 αὑτὸν,
3307 4473 3533 4543 ὕστερον
3578 4472 3978 4526 ἀπολύσουσιν,

696 4578 1013 4644 sanguinem
1039 4577 1243 4645 justum
1278 4594 1382 4632 non
1430 4562 1588 4630 modo
1623 4592 1745 4640 suo,
1782 4580 1875 4631 sed
1924 4578 2088 4631 etiam
2141 4577 2282 4631 tilio-

700 4682 817 4722 rum
847 4683 1073 4721 suorum
1097 4668 1259 4738 capiti
1294 4667 1570 4735 irrogavit.
1594 4667 2014 4721 Dicebantenim
2043 4686 2055 4721 :
2083 4686 2103 4719 ι
2139 4668 2272 4723 San-

698 4760 817 4827 guis
861 4758 980 4827 ejus
1026 4773 1187 4827 super
1235 4772 1355 4821 nos,
1400 4768 1454 4811 et
1484 4771 1647 4825 super
1681 4756 1821 4811 ﬁlios
1860 4766 2113 4823 nostros;
2160 4778 2178 4810 ι
2226 4768 2283 4814 et

700 4851 919 4919 quidem
960 4851 1168 4921 justum
1219 4851 1381 4920 hujus
1423 4850 1831 4919 imprecationis
1875 4851 2082 4905 exitum
2133 4852 2277 4906 nacti

700 4952 826 4996 sunt
856 4942 1056 4998 concisi
1090 4942 1271 5013 gladio
1300 4942 1692 4997 Romanorum.
1724 4941 1878 5008 Quod
1912 4958 2040 4997 vero
2072 4942 2279 4999 Pilatus

2399 4571 2545 4630 Ἰδὼν
2579 4572 2660 4630 δὲ,
2710 4570 2791 4623 ὅτι
2827 4568 3157 4637 κατεκρίθη,
3209 4567 3447 4629 καὶτοῖς
3490 4566 3856 4634 στρατιώταις
3907 4560 3982 4633 ἦν

2384 4662 2626 4728 ἔκδοτος,
2661 4661 3123 4731 καταξαινόμενος
3168 4659 3272 4711 ὑπὸ
3303 4657 3396 4710 τοῦ
3429 4658 3755 4717 συνειδότος,
3788 4656 3981 4717 αἰδοῦς

2385 4774 2445 4809 τε
2500 4757 2592 4808 καὶ
2638 4754 2816 4824 λύπης
2858 4754 2919 4806 ἐν
2988 4752 3297 4823 μεταιχμίῳ
3349 4750 3664 4819 γενόμενος,
3700 4750 3790 4801 καὶ
3844 4752 3983 4812 τοὺς

2388 4852 2539 4920 παρὰ
2594 4851 2813 4902 πάντων
2851 4846 3216 4915 ὀνειδισμοὺς,
3256 4844 3331 4906 ὡς
3386 4846 3555 4905 εἰκὸς,
3598 4842 3987 4910 λογιζόμενος,

2390 4947 2573 5013 ῥίπτει
2605 4948 2663 4997 ἐν
2700 4944 2779 5014 τῷ
2816 4943 2930 5013 ναῷ
2962 4944 3029 4995 τὰ
3063 4942 3325 5012 ἀργύρια,
3352 4939 3735 5009 ἡμαρτηκέναι
3778 4938 3986 5007 ὁμολο-

1929 5081 2256 5143 Frencisci
2290 5083 2497 5144 Scorsi
2548 5098 2734 5145 notae.

777 5201 888 5270 (δὲ)
926 5200 1031 5256 Sed
1056 5210 1133 5254 uti
1157 5201 1349 5254 mulier
1377 5203 1693 5255 salvaretur.
1732 5202 1895 5255 Multa
1938 5204 2274 5256 somniorum

705 5287 905 5343 genera
927 5273 1591 5343 distinguuntscriptores,
1634 5274 1776 5327 inter
1794 5288 1931 5338 quos
1947 5273 2274 5336 Macrobius.

707 5342 933 5397 Stilum.
965 5342 1059 5393 liti.
1089 5358 1126 5403 ι,
1157 5357 1276 5410 cap.
1304 5343 1360 5406 ὃ,
1381 5358 1499 5410 qua!
1528 5360 1632 5397 non
1670 5344 2058 5411 estpraesentis
2075 5344 2271 5407 negotii

710 5427 1020 5467 recensere.
1083 5412 1157 5465 Ex
1231 5415 1434 5468 uostris
1492 5412 1730 5468 Joannes
1794 5413 2153 5477 Maldouatus,
2231 5418 2281 5466 in

712 5486 855 5538 hunc
886 5483 1061 5535 locum
1113 5482 1342 5552 Evaug.,
1377 5496 1610 5551 quatuor
1670 5492 1921 5537 numerat
1956 5500 1969 5537 :
2012 5483 2282 5547 Naturale,

714 5553 944 5614 tuurale,
976 5553 1241 5618 divinum,
1283 5555 1634 5615 diabolicum,
1668 5569 1788 5621 qua:
1852 5555 2087 5607 breviter
2142 5554 2286 5620 leges

715 5624 983 5691 explicata
1009 5625 1150 5692 apud
1188 5623 1385 5692 ipsum.
1426 5624 1673 5678 Divinum
1710 5639 1856 5687 vero,
1888 5640 1993 5677 non
2058 5624 2285 5676 diaboli-

718 5709 839 5750 cmu
876 5693 1040 5747 luisse
1071 5695 1342 5748 somnium
1385 5696 1568 5747 uxoris
1622 5694 1776 5747 l‘ilati
1827 5695 2128 5749 immissum
2164 5709 2290 5757 pro-

720 5763 951 5823 babilius
982 5764 1218 5832 videtur,
1252 5764 1394 5835 quod
1423 5776 1475 5819 et
1502 5763 1783 5835 Origenes,
1841 5765 2097 5829 ltilirius,
2159 5762 2293 5832 Leo,

2387 5222 2554 5258 serui.
2596 5206 2651 5265 ‘2,
2688 5204 2761 5258 De
2798 5202 2959 5262 Ραη..
2990 5202 3324 5272 Chrys-lost"
3372 5199 3614 5261 Ilier0u.,
3683 5197 3978 5266 Ειιιιιῖιηη

2387 5276 2710 5345 Theunhyl..
2742 5279 2809 5345 ah
2850 5280 2963 5341 ipso
2996 5273 3226 5345 laudati,
3275 5273 3471 5345 quibus
3528 5272 3987 5345 adnumeramlus

2386 5349 2475 5401 hic
2512 5342 2725 5400 Noster.
2752 5344 2892 5410 Quin
2919 5354 2972 5396 et
3007 5344 3236 5397 salutem
3277 5359 3341 5394 ex
3382 5342 3485 5393 hoc
3536 5342 3770 5403 somnio,
3826 5344 3983 5406 quod

2382 5418 2449 5469 de
2488 5417 2709 5470 Christo
2752 5416 2940 5470 habuit
2973 5415 3115 5468 illaut
3160 5413 3328 5466 fuisse
3385 5412 3662 5463 mulierem
3704 5425 3984 5461 ιτυιιδοινιι-

2387 5498 2494 5540 tam
2521 5487 2875 5554 probabiliter
2906 5485 3191 5552 Origenes,
3217 5484 3528 5552 Chrysost.,
3563 5480 3931 5554 et'l'ueophyl
3962 5521 3980 5542 ,

2385 5553 2726 5612 existimant.
2766 5554 2961 5610 Noster
2991 5570 3098 5609 non
3134 5555 3183 5606 id
3243 5554 3439 5615 solum,
3496 5553 3589 5604 sed
3654 5560 3709 5603 et
3770 5562 3985 5617 myste-

2391 5630 2553 5693 rium,
2584 5641 2677 5680 seu
2715 5637 2898 5697 typum
2934 5628 2985 5678 in
3022 5626 3122 5680 hac
3154 5624 3379 5679 historia
3422 5621 3671 5694 agnoscit
3733 5622 3988 5677 breviter

2390 5701 2456 5752 ab
2488 5700 2607 5768 ipso
2636 5698 2993 5752 insinuatum.
