4184 6436
169 420 264 480 585

1483 408 1812 469 ΠΟΜΗΛΛ
1855 409 2095 469 XXVII.

3311 403 3410 463 5.88

170 528 300 579 λαῶν
324 543 337 555 ·
370 526 528 596 ἡμῶν
550 543 607 578 τε
629 525 737 577 τῶν
767 527 826 589 ἐξ
856 522 1027 575 ἐθνῶν
1079 520 1511 583 πιστ;υσάντων,
1545 520 1731 571 κάκεί-

1852 518 2044 584 iniquis
2080 524 2357 585 reputatus
2381 520 2544 570 est".
2581 537 2598 569 ι
2632 518 2697 571 Et
2722 517 2878 569 simul
2904 516 3020 570 inec
3044 515 3273 568 duorum
3297 527 3414 567 erat

166 637 262 671 νων
294 617 406 670 τῶν
430 620 494 669 ὲκ
552 615 859 686 περιτομῆς
885 631 902 647 ο
937 615 1240 684 ἀμφότεροι
1292 613 1403 683 γὰρ
1430 606 1576 681 ἦμεν
1614 611 1736 663 ἄνο-

170 727 274 779 μοι,
309 711 406 762 καὶ
437 712 591 775 σφίσι
624 709 820 779 λῃσταί
845 724 859 739 ⁸
890 710 937 760 οἱ
975 706 1073 775 μὲν
1114 705 1427 777 παραϐάται
1455 702 1547 756 τοῦ
1570 702 1734 770 νόμου

164 802 250 854 τοῦ
280 800 542 872 φυσικοῦ,
572 802 625 853 οἱ
647 802 702 853 δὲ
731 801 869 870 πρὸς
898 800 1184 868 τούτῳκαὶ
1209 798 1303 851 τοῦ
1354 795 1628 867 γραπτοῦ.

236 1094 253 1126 ι
293 1076 407 1128 Καὶ
467 1073 747 1141 ἐπέθηκαν
798 1071 898 1141 τὴν
936 1071 1122 1123 αἰτίαν
1148 1070 1336 1122 ὲπάνω
1362 1068 1459 1136 τῆς
1492 1067 1737 1135 κεφαλῆς

166 1166 325 1221 αὐτοῦ
400 1166 835 1234 γεγραμμένην·
863 1157 1033 1225 υῦτός
1074 1165 1223 1214 ἐστιν
1250 1162 1278 1212 ὁ
1333 1159 1587 1229 βασιλεὺς
1632 1159 1740 1210 τῶν

176 1261 466 1314 Ἰουδαίων.
504 1278 523 1309 ι
569 1257 793 1327 Ἐπειδὴ
843 1259 917 1327 μὴ
978 1258 1192 1327 προσῆν
1256 1254 1407 1323 αὐτῷ
1463 1253 1738 1321 ἔγκλημα,

159 1340 491 1420 τυραννικὴν
544 1348 698 1418 αὑτῷ
752 1349 1001 1401 ἐπίθεσιν
1047 1345 1333 1417 προσάψαι
1397 1345 1738 1416 βουλόμενοι,

162 1446 437 1513 γραφῆναι
476 1442 565 1495 τὸν
590 1442 770 1493 τίτλον
794 1441 1238 1511 παρεσκεύασαν.
1281 1439 1420 1490 Ἀλλ’
1438 1441 1465 1490 ὁ
1484 1437 1740 1497 Πιλάτος,

163 1536 510 1606 στῃλητεύων
563 1532 748 1589 αὐτῶν
800 1534 861 1586 τὸ
895 1531 1191 1603 κακόηθες,
1227 1532 1322 1584 καὶ
1376 1530 1567 1596 ὥσπερ
1608 1529 1743 1578 ἁπο-

162 1629 512 1695 λοτούμενος.
562 1628 638 1690 ὡς
695 1626 761 1679 ἂν
797 1628 871 1695 μή
900 1643 983 1689 τις
1035 1624 1294 1677 κοινωνὸν
1318 1622 1482 1675 αὑτὸν
1501 1623 1614 1683 τοῖς
1647 1619 1743 1688 λῃο

166 1724 313 1781 σεαίς
339 1720 527 1789 οἰηθῇ,
559 1719 750 1790 ὥσπερ
793 1721 907 1781 τοῖς
950 1718 1229 1779 Ἰουδαίοις
1276 1714 1603 1782 σπούδασμα
1650 1708 1741 1782 ἦν,

162 1810 242 1861 διὰ
281 1810 383 1878 τῆς
421 1811 516 1863 τοῦ
578 1811 761 1862 τιτλου
814 1812 1128 1880 ἐπιγραφῆς
1188 1810 1513 1878 ἑπιφράττει
1534 1806 1742 1859 τούτοιν

164 1902 526 1971 τὰ-στὸματα,
550 1902 626 1965 ὡς
660 1905 756 1954 ἐπὶ
782 1905 1049 1971 τροπαίου
1080 1902 1226 1964 τινὸς
1257 1899 1652 1970 ἀναστηλώσας
1673 1896 1742 1950 τά

166 1998 507 2065 γράμματα·
534 1998 627 2049 καὶ
704 1997 901 2057 αὐτοὺς
972 1997 1073 2065 μὲν
1118 1994 1502 2065 καταισχύνων
1558 1990 1743 2061 ὅτιτῷ

168 2088 313 2153 εςών
365 2087 587 2154 βασιλεί
647 2088 1053 2155 ἐπανέστησαν,
1088 2087 1250 2139 αὑτὸν
1306 2086 1363 2138 δὲ
1397 2086 1487 2138 ἐπ’
1519 2084 1743 2154 οὐδεμιᾷ

167 2180 312 2248 αἰτία
368 2180 617 2233 παθόντα
676 2180 897 2242 δεικνύς
926 2196 939 2209 ·
975 2182 1068 2233 καὶ
1116 2182 1176 2232 οῦ
1211 2182 1311 2249 μιᾷ
1339 2180 1580 2250 γλώττῃ,
1608 2177 1747 2231 ἀλλὰ

165 2277 341 2341 τρισὶν
370 2274 617 2335 άπάσαις
651 2276 858 2340 φωναῖς
890 2274 991 2341 τὴν
1022 2274 1295 2327 Ἰουδαίων
1318 2274 1517 2343 μανίαν
1543 2271 1743 2343 δηλῶν.

178 2364 515 2434 ᾯκονόμητο
551 2364 607 2417 δὲ
635 2368 669 2434 ἡ
730 2365 825 2418 τοῦ
882 2367 1065 2419 τίτλου
1095 2365 1305 2438 γραφὴ,
1344 2366 1432 2419 ἕνα
1464 2363 1695 2435 ὕστερον
1720 2364 1750 2416 ὁ

168 2456 256 2509 τοῦ
287 2457 504 2526 Κυρίου
564 2458 800 2527 σταυρὸς
840 2459 1055 2528 μηνυθῇ
1076 2474 1091 2487 ο
1127 2459 1338 2511 άτιτλοι
1390 2459 1498 2527 γὰρ
1527 2454 1671 2526 ἦσαν
1700 2456 1749 2509 οἱ

167 2551 267 2599 τὴν
318 2548 560 2620 λῃστῶν.
614 2548 676 2602 'H
731 2550 915 2618 μέντοι
953 2552 1116 2621 τριχὴ
1168 2550 1263 2603 τοῦ
1296 2551 1476 2604 τίτλου
1538 2551 1748 2623 γραφὴ,

169 2641 331 2705 {Estis
382 2644 477 2695 τὸν
529 2643 917 2713 σταυρωθέντα
974 2644 1198 2714 βασιλέα
1248 2646 1621 2716 προακτικῆς,
1655 2647 1751 2699 καὶ

171 2736 426 2804 φυτικῆς,
465 2742 559 2789 καί
586 2738 922 2808 δεολογικῆς
965 2739 1308 2808 φιλοσοφίας.
1355 2739 1619 2809 Ῥωμαῖοι
1654 2741 1754 2809 μὲν

170 2827 238 2887 ὡς
296 2828 717 2897 ἀνδρικώτερα,
778 2830 878 2897 τῆς
941 2830 1251 2899 πρακτικῆς
1292 2832 1398 2883 εισι
1443 2831 1750 2899 σύμῦολον·

170 2917 431 2987 Ἕλληνες
459 2920 517 2972 δὲ
553 2921 651 2989 τῆς
680 2926 940 2990 φυσικῆς,
966 2923 1043 2985 ὡς
1073 2921 1311 2976 ἐνταῦθα
1356 2923 1754 2995 ἐνασχολούμε-

172 3028 247 3062 vo:
272 3030 285 3040 -
325 3013 418 3065 διὰ
449 3012 508 3064 δὲ
538 3012 638 3064 τοῦ
681 3012 985 3079 Ἐϐραϊστὶ,
1014 3016 1046 3083 ἡ
1074 3013 1324 3080 θεολογὶα
1357 3015 1655 3079 δέδεικται,
1678 3017 1757 3080 ὡς

169 3105 544 3161 ἀνατιθέντων
589 3106 857 3177 Ἐϐραίων
884 3106 1151 3161 ἀνέκαθεν
1181 3108 1258 3178 τῷ
1293 3107 1432 3178 Θεῷ.

239 3402 258 3434 ι
304 3386 372 3435 0i
422 3384 478 3436 ξι
545 3384 1059 3453 παραπορευόμενοι
1124 3384 1516 3454 ἐσλαειφήμουν
1568 3386 1751 3448 αὑτὸν,

168 3478 449 3538 κινοῦντες
485 3478 584 3536 τὰς
611 3478 859 3544 κεφαλὰς
890 3478 1071 3530 αὐτῶν
1107 3480 1200 3531 καὶ
1242 3480 1495 3545 λέγοντες
1516 3498 1528 3508 ·
1571 3478 1629 3530 Ὀ
1659 3496 1757 3532 κα·-

164 3570 383 3622 τιλύων
413 3572 507 3621 τὸν
544 3572 694 3631 ναὸν,
730 3573 825 3622 καὶ
866 3574 924 3621 ὲν
951 3574 1133 3640 τρισὶν
1168 3574 1399 3643 ἡμέραις
1428 3573 1753 3643 οἰκοδομῶν,

170 3662 342 3715 σῶσον
380 3663 633 3715 σςαυτόι..
666 3663 729 3714 Et
763 3662 889 3724 Υὲὸς
923 3657 974 3715 εἴ
1008 3663 1106 3716 τοῦ
1144 3664 1307 3729 Θεοῦ,
1344 3666 1617 3735 κατάϐηθι
1648 3668 1758 3719 άπὸ

163 3754 254 3804 τοῦ
288 3754 555 3824 σταυροῦ.
599 3756 672 3806 Τὸ
722 3755 767 3807 δ’
800 3756 933 3807 αὐτὸ
984 3756 1079 3809 καὶ
1108 3758 1155 3809 οε
1190 3757 1407 3828 λῃσταὶ,
1440 3761 1489 3811 οἱ
1516 3777 1754 3813 συσταυ-

167 3846 443 3912 ρωθὲιτες
499 3847 670 3915 αὐτῷ.
713 3868 731 3897 ι
773 3848 972 3917 Πρώην
1006 3849 1105 3917 μὲν
1160 3852 1428 3919 πειράσας
1460 3854 1517 3904 ὲν
1541 3854 1615 3921 τῷ
1638 3855 1753 3923 ὄρει

160 3938 248 3986 τὸν
282 3939 501 4006 Κύριον
530 3941 556 3989 ὁ
581 3938 853 4001 διάϐολος,
889 3940 986 3992 καὶ
1020 3940 1296 4011 λαμπρῶς
1339 3943 1615 4013 ἡττηθεὶς,
1650 3947 1756 3997 arr-

161 4028 287 4096 ἐπη
329 4029 509 4081 αὑτοῦ
544 4031 648 4094 ἓως
682 4030 877 4098 καιροῦ
914 4034 1105 4102 φησὶν,
1141 4036 1171 4087 ὀ
1220 4037 1461 4099 Λουκᾶς.
1509 4037 1600 4088 τὸν
1627 4038 1755 4105 ἄχρι

159 4120 372 4182 πάθους
441 4123 731 4190 σημαίνων
768 4126 958 4191 καιρόν
982 4139 996 4153 ⁸
1040 4126 1182 4178 κατὰ
1212 4126 1320 4195 γὰρ
1342 4129 1405 4179 τὸ
1431 4127 1599 4189 πάθος
1623 4130 1758 4197 ῥαγ-

160 4210 306 4275 δαῖος
369 4216 825 4285 ὲπειςέςρρησεν,
871 4214 960 4272 οἷά
981 4235 1064 4281 τις
1109 4221 1482 4283 ἀνυπόστατος
1536 4220 1753 4286 θύελλα,

160 4310 511 4375 πειρασμοῖς
578 4308 1014 4377 ἁλλεπαλλήλοις
1098 4312 1440 4375 ἁδιαστάτως
1505 4314 1758 4382 πολεμῶν

157 4398 328 4467 αὐτῷ.
373 4398 669 4470 Προδότην
698 4402 957 4467 γενέσθαι
984 4406 1419 4473 παρασκευάσας
1459 4404 1551 4457 τὶν
1583 4406 1759 4474 μαθη-

157 4496 270 4559 τὴν,
335 4495 604 4561 φυγάδας
658 4495 715 4548 δὲ
775 4498 901 4559 τοὺς
958 4498 1179 4562 λοιποὺς
1228 4500 1501 4569 μαθητάς,
1532 4503 1757 4573 ἔξαρνον

156 4586 259 4638 rei»:
295 4590 538 4642 πάντων
573 4589 909 4657 θερμότατον
938 4592 1147 4661 Πέτρον
1172 4608 1186 4623 ·
1225 4590 1343 4645 εἶτα
1372 4593 1603 4664 ἐξέμηνε
1631 4596 1757 4658 τοὺς

158 4676 561 4748 Γραμματεῐς,
592 4682 841 4751 διήγειρε
868 4684 995 4745 τοὺς
1050 4684 1265 4754 ὄχλους,
1327 4687 1571 4755 ἠγρίωσε
1629 4688 1758 4751 τοὺς

158 4772 483 4841 ὑπηρέτας,
546 4774 640 4827 τὸν
695 4773 959 4845 δικαστὴν
1011 4776 1378 4845 ὑπεχάλασεν,
1432 4778 1615 4831 αὐτῶν
1653 4779 1760 4831 τῶν

156 4867 678 4936 σνσταυρωθέντων
708 4866 808 4929 τὰς
830 4865 1083 4935 γλώσσας
1107 4867 1366 4937 ὑπέθηξε.
1394 4870 1504 4923 Καὶ
1539 4871 1763 4939 πληρώ-

158 4976 249 5021 σας
282 4958 465 5030 ἱπερ⁶
490 4959 783 5025 ἔσπευδεν,
816 4961 942 5012 ἐπεὶ
972 4959 1121 5033 ἑώρα
1147 4961 1519 5031 μακροθύμως
1543 4964 1760 5016 ἅπαντα

155 5052 449 5118 στέγοντα,
482 5052 831 5121 προσϐάλλει
858 5052 951 5106 καὶ
999 5054 1057 5105 ὲν
1087 5052 1237 5123 αὐτῷ
1277 5053 1353 5123 τῷ
1381 5054 1625 5125 σταυρῴο
1661 5073 1761 5107 πα⁶

159 5148 529 5209 ρασκευααας
622 5147 752 5209 τοὺς
803 5148 1365 5216 παραπορευομένους
1413 5146 1761 5219 βλασφημεῖν

156 5239 243 5290 καὶ
274 5238 476 5291 λαλεῖν
510 5252 525 5265 ·
574 5254 595 5287 ι
638 5238 698 5289 Et
730 5238 857 5300 Υἱὸς
887 5234 938 5290 εἷ
969 5239 1063 5293 τοῦ
1094 5238 1252 5305 Θεοῦ,
1284 5240 1507 5295 κάτελθε
1534 5242 1643 5298 ἀπὸ
1666 5242 1760 5293 τοῦ

158 5332 421 5400 σταυροῦ.
468 5353 490 5383 ι
533 5330 714 5384 Τοῦτο
764 5332 870 5384 κάν
892 5332 972 5402 τῷ
1008 5333 1126 5404 ὄρει
1156 5332 1460 5402 φθέγγετο·
1489 5353 1506 5384 ι
1540 5334 1600 5387 El
1637 5334 1762 5396 )‘t‘u;

155 5422 198 5475 εἷ
230 5427 324 5478 τοῦ
363 5426 548 5490 Θεοῦ,
574 5426 698 5477 εἰπὲ
724 5424 813 5477 ἴνα
843 5428 893 5477 οἱ
919 5425 1056 5478 λίθοι
1075 5420 1391 5495 οὗτοιάρτοι
1415 5428 1700 5494 γένωνται.
1733 5446 1751 5478 ι

158 5515 260 5567 Καὶ
299 5516 480 5579 αὖθις
516 5530 531 5544 ⁸
569 5532 587 5564 ι
631 5514 690 5567 El
730 5515 860 5577 Υἱὸς
919 5513 966 5567 εἷ
1000 5517 1091 5569 τοῦ
1143 5516 1303 5581 Θεοῦ,
1337 5514 1499 5585 βάλλε
1532 5515 1759 5568 σεαυτὸν

158 5612 315 5665 κατω.
350 5632 370 5663 ι
416 5610 549 5665 Καὶ
575 5606 672 5659 νῦν
703 5608 791 5661 διὰ.
818 5609 931 5662 τῶν
965 5610 1180 5663 ἀσεϐῶν
1224 5610 1512 5681 στομάτων
1546 5608 1757 5675 συνῳδὰ

158 5703 309 5757 πάλιν
332 5705 508 5758 λαλεῖ
538 5717 555 5730 ’
591 5720 609 5751 ι
651 5699 713 5753 Εἰ
776 5700 904 5764 Υἱὸς
962 5697 1013 5755 εἴ
1040 5701 1135 5755 τοῦ
1194 5702 1355 5768 Θεοῦ,
1392 5700 1623 5755 κάτελθε
1650 5702 1758 5755 ἀπὸ

217 5864 262 5897 ’³
294 5862 403 5922 Ιελ.
437 5876 578 5923 LIII,
613 5859 695 5913 l2.
778 5860 825 5892 ’⁸
868 5858 999 5915 Luc.
1050 5879 1120 5925 ιν,
1164 5864 1251 5918 15.

470 5961 769 6019 Parant.
808 5961 1266 6023 GtLCXXXII.

1327 5861 1371 5893 ’⁷
1413 5859 1605 5915 Matth.
1648 5876 1717 5926 ιν,
1763 5860 1815 5914 5.

1841 609 2157 676 papulnrum
2191 610 2630 679 prmsigniftcatto
2656 628 2667 661 :
2698 620 2752 662 et
2786 617 3027 661 nostrum
3054 606 3297 676 quidem,
3321 606 3412 674 qui

1838 714 1905 753 ex
1941 700 2195 768 gentibus
2230 702 2588 761 credidimus,
2635 710 2689 754 et
2718 716 2905 755 eorum
2941 701 3033 768 qui
3067 716 3131 753 ex
3176 700 3413 753 circum-

1840 792 2047 847 cisione
2086 805 2262 848 erant.
2295 795 2467 847 Ambo
2495 795 2641 848 cnim
2673 808 2892 848 eramus
2923 794 3117 862 iniqui,
3146 803 3202 846 et
3242 793 3415 846 latro-

1843 898 1938 937 nes
1989 884 2259 948 invicem;
2320 900 2417 939 nos
2451 884 2714 938 naturalis
2761 884 2916 954 legis,
2966 883 3039 938 illi
3071 898 3200 937 vero
3248 885 3415 937 etiam

1841 974 2057 1043 scriptae
2088 986 2533 1043 transgressores.

1919 1085 1938 1117 ι
1986 1066 2051 1119 Et
2082 1078 2378 1135 posuerunt
2420 1084 2580 1137 super
2615 1078 2774 1137 caput
2814 1070 2930 1136 eius
2976 1084 3197 1123 causam
3250 1069 3424 1136 ipsius

1842 1161 2098 1226 scriptam
2137 1176 2150 1210 :
2192 1158 2290 1213 llic
2314 1170 2507 1213 estrex
2538 1160 2867 1215 Judceorum.
2905 1180 2922 1212 ι
2966 1161 3099 1227 Quia
3132 1163 3337 1215 nullum
3369 1162 3421 1214 in

1844 1264 1908 1303 eo
1945 1251 2117 1304 inerat
2143 1252 2369 1316 crimen,
2404 1264 2459 1304 ut
2493 1253 2619 1305 illud
2644 1251 2909 1305 alit-elatae
2943 1254 3242 1313 tyrannidis
3268 1250 3424 1305 afl’inc

1843 1350 2057 1411 gerent,
2098 1343 2309 1396 titulum
2357 1346 2699 1397 scribendum
2734 1356 3019 1399 curarunt.
3067 1346 3135 1398 At
3197 1345 3423 1406 Pilatus,

1845 1443 1905 1485 ut
1934 1448 2124 1486 eorum
2153 1441 2368 1487 notaret
2402 1434 2684 1497 malitiam,
2714 1450 2776 1489 ac
2800 1436 3086 1489 Dominum
3128 1437 3295 1488 veluti
3341 1446 3426 1489 tu-

1847 1533 2079 1587 taretur,
2119 1538 2185 1577 ne
2223 1526 2345 1593 quis
2381 1540 2503 1579 enm
2534 1525 2587 1577 in
2620 1527 2896 1600 communi
2946 1541 3066 1579 cum
3124 1526 3426 1580 latratiibus

1846 1630 2010 1668 causa
2056 1615 2222 1670 fuisse
2272 1617 2630 1677 existimaret,
2652 1617 2703 1670 id
2729 1616 2871 1684 quod
2899 1614 3066 1669 Judaei
3100 1618 3382 1669 stndelwn
3411 1632 3423 1675 ;

1848 1722 1945 1776 per
1973 1708 2279 1777 lntjusmodi
2316 1708 2451 1761 tituli
2499 1708 2914 1776 inscriptionem
2963 1722 3151 1761 eorum
3200 1708 3429 1761 occlusit

1848 1812 1968 1862 ora,
2000 1814 2062 1853 ac
2090 1799 2251 1854 veluti
2284 1809 2544 1867 tropmum
2568 1801 2839 1869 quoddam
2860 1800 3070 1854 litteras
3095 1815 3189 1853 eas
3214 1799 3423 1853 erexit:

1850 1904 1908 1946 et
1952 1891 2056 1946 illis
2094 1891 2313 1960 quidem
2360 1892 2620 1960 pudorem
2667 1892 2919 1961 injiciens
2963 1893 3107 1959 quod
3161 1892 3213 1944 in
3266 1906 3426 1943 suum

1848 1984 2091 2053 ipsorum
2134 1983 2332 2054 Regem
2365 1985 2688 2039 seditionem
2732 1988 3052 2046 movissent,
3088 1985 3261 2052 ipsum
3299 1998 3429 2035 vero

1849 2078 1996 2132 nulla
2027 2092 2188 2131 causa
2222 2079 2496 2140 meritum,
2532 2085 2589 2131 ut
2622 2085 2923 2147 pateretur,
2964 2077 3280 2136 ostendens,
3329 2091 3429 2127 nec

1850 2186 1979 2225 vero
2004 2186 2107 2224 una
2141 2169 2345 2239 lingua,
2389 2170 2483 2224 sed
2516 2171 2769 2224 omnibus
2826 2170 3001 2223 tribus
3031 2169 3278 2224 dialectis
3333 2168 3429 2222 «Ιιιο

1852 2264 2091 2319 deorum
2144 2264 2412 2319 insaniam
2467 2264 2723 2333 prodens.
2778 2263 2903 2319 llaec
2962 2280 3092 2319 vero
3152 2264 3295 2318 tituli
3348 2266 3430 2317 in-

1849 2357 2077 2427 scriptio
2113 2366 2263 2411 certo
2319 2358 2546 2411 consilio
2592 2357 2858 2426 disposita
2908 2356 3032 2422 fuit,
3086 2366 3143 2411 ut
3200 2359 3433 2427 posteris

1851 2461 1998 2506 esset
2026 2451 2249 2517 indicio,
2285 2466 2407 2519 qua
2441 2467 2574 2504 crux
2609 2449 2822 2505 Domini
2874 2451 3087 2505 fuisset.
3136 2450 3430 2505 Latronum

1854 2545 2051 2613 quippe
2105 2557 2297 2598 cruces
2352 2543 2709 2614 inscriptione
2757 2548 3038 2601 carebant.
3090 2544 3244 2612 Quod
3306 2562 3435 2602 vero

1856 2636 2053 2706 triplici
2088 2636 2283 2707 lingutc
2319 2637 2575 2692 idiomate
2602 2640 2841 2707 scriptus
2874 2639 2996 2702 fuit,
3031 2642 3432 2703 ostenditeutn,

1853 2729 1945 2795 qui
1973 2737 2130 2782 actus
2162 2729 2214 2781 in
2241 2742 2463 2783 crucem
2499 2739 2641 2795 erat,
2670 2731 2722 2783 in
2769 2732 2916 2784 omni
2949 2731 3289 2800 philosOpltia
3321 2742 3433 2788 tum

1856 2819 2117 2889 practica,
2161 2829 2271 2876 tum
2309 2824 2566 2888 naturali,
2600 2839 2721 2877 cum
2753 2826 3058 2895 theologica
3092 2842 3315 2896 regnum
3342 2827 3441 2882 ob-

1857 2910 2048 2964 tinere.
2086 2909 2315 2965 Romani
2364 2911 2562 2982 quippe
2611 2922 2667 2967 ut
2709 2912 2964 2970 fortiores
3006 2916 3260 2986 practice
3291 2929 3440 2987 symo

1859 3004 2043 3058 bolum
2084 3014 2246 3070 sunt;
2280 3003 2451 3059 Graeci
2484 3020 2612 3059 vero
2654 3009 2939 3073 naturalis,
2988 3019 3046 3063 ut
3076 3010 3170 3078 qui
3203 3010 3255 3063 in
3284 3026 3346 3065 ea
3378 3026 3437 3064 se

1861 3107 2197 3165 occuparunt
2224 3117 2238 3162 ;
2267 3112 2360 3164 per
2379 3096 2701 3153 Hebraieam
2733 3101 2966 3171 denique
2989 3104 3165 3157 divina
3194 3104 3438 3160 doctrinm

1782 3219 1825 3277 ε
1862 3190 2162 3257 signiﬁcata
2200 3200 2302 3253 est,
2330 3191 2531 3261 quippe
2561 3208 2686 3249 eum
2710 3195 2779 3250 ab
2807 3196 2965 3251 initio
2994 3196 3202 3254 Hebrtei
3236 3199 3437 3257 fuerint

1860 3280 1968 3333 Deo
2000 3282 2204 3336 devoti.

1934 3406 1951 3437 ι
2005 3385 2403 3443 Pt'aetereuntes
2440 3400 2619 3447 autem
2661 3394 3109 3462 blaspltemnbant
3136 3413 3279 3463 eum,
3319 3416 3438 3454 mov

1860 3490 2050 3532 ventes
2086 3480 2267 3548 capita
2304 3494 2423 3545 Sua,
2453 3493 2505 3536 et
2547 3485 2791 3541 dicentes
2830 3504 2844 3540 :
2882 3486 2983 3552 Qui
3020 3490 3250 3546 deStruis
3299 3504 3439 3546 tent—

1858 3570 2003 3637 plum
2032 3569 2147 3635 Dei,
2185 3582 2240 3626 et
2283 3573 2333 3626 in
2391 3575 2562 3629 tribus
2617 3576 2809 3630 diebus
2854 3579 3173 3647 reaedilicas,
3227 3585 3438 3641 saltum

1861 3661 1946 3718 fac
1999 3664 2342 3732 temetipsum
2387 3685 2399 3721 :
2443 3669 2486 3721 si
2542 3668 2709 3725 Filius
2760 3671 2852 3726 Dei
2907 3688 2967 3728 es
2998 3716 3011 3738 ,
3054 3675 3322 3732 descende
3373 3682 3439 3733 de

1860 3771 2044 3811 cruce.
2083 3757 2137 3810 Id
2171 3759 2348 3826 ipsum
2401 3771 2581 3815 autem
2628 3772 2683 3816 et
2732 3767 2994 3831 latrones,
3049 3770 3138 3839 qui
3190 3772 3437 3826 crucifixi

1859 3861 2013 3904 erant
2047 3865 2171 3903 cum
2213 3866 2299 3905 eo.
2344 3870 2362 3903 ι
2406 3851 2592 3922 Nuper
2638 3869 2771 3910 sane
2823 3857 3069 3915 diabolus
3100 3878 3220 3916 cum
3258 3865 3440 3918 Domi-

1860 3958 1988 3997 num
2057 3945 2109 3996 in
2144 3954 2327 3999 monte
2376 3954 2640 3999 tentasset
2685 3956 2737 4000 et
2766 3950 3003 4018 gloriose
3056 3953 3125 4006 ab
3162 3968 3229 4009 eo
3278 3970 3438 4024 supe-

1860 4045 2013 4088 ratus
2039 4044 2205 4099 esset,
2239 4037 2490 4093 discessit
2520 4039 2589 4093 ab
2618 4056 2704 4105 eo,
2757 4058 2931 4112 usque
2978 4048 3043 4101 ad
3076 4055 3311 4120 tempus,
3362 4056 3438 4109 ait

1862 4125 2143 4190 Lucas",
2212 4138 2423 4198 tempus
2487 4133 2696 4187 scilicet
2758 4133 3031 4191 Passionis
3099 4141 3434 4209 significans.

1862 4219 2015 4273 Tunc
2048 4220 2191 4273 enim
2232 4221 2523 4275 violentlor
2558 4224 2611 4277 in
2643 4240 2767 4279 eum
2817 4228 3075 4297 impetum
3128 4231 3255 4288 fecit
3284 4237 3439 4303 quasi

1865 4317 2024 4371 turbo
2072 4317 2295 4385 quidam
2340 4318 2505 4389 206
2554 4320 2912 4389 irrequietus,
2949 4326 3068 4378 aliis
3112 4337 3273 4397 atque
3318 4332 3439 4385 aliis

1866 4410 2260 4463 tentationibus
2302 4426 2424 4464 eum
2472 4413 2815 4467 continenter
2864 4431 3203 4487 oppugnatis.
3240 4419 3317 4475 Ex
3357 4425 3440 4477 di-

1864 4499 2085 4568 scipulis
2115 4501 2449 4567 proditorem
2483 4518 2670 4569 unum,
2701 4503 2957 4573 fugitivos
2989 4510 3126 4565 alios
3165 4512 3303 4576 fieri,
3334 4515 3437 4569 Pe-

1865 4603 2030 4655 trum.
2082 4594 2174 4663 qui
2236 4597 2473 4650 maxime
2517 4599 2758 4651 omnium
2811 4614 2996 4653 amore
3054 4602 3318 4669 fervebat,
3370 4610 3436 4660 ad

1860 4686 2162 4755 negandum
2198 4687 2416 4756 adegit;
2465 4697 2651 4758 postea
2684 4689 2889 4745 Scribis
2936 4691 3173 4747 furorem
3229 4696 3433 4765 injecit,

1860 4778 2153 4831 concitavit
2185 4778 2390 4843 turbas,
2433 4778 2676 4834 efferavit
2707 4784 3005 4849 ministros,
3037 4786 3272 4855 judicent
3303 4791 3437 4845 sub.

1862 4870 2031 4933 duxit,
2091 4872 2330 4939 ipsorum
2392 4874 2481 4938 qui
2531 4888 2633 4927 una
2678 4876 2922 4931 cruciﬁxi
2990 4886 3167 4945 erant,
3225 4880 3437 4951 linguas

1864 4962 2098 5017 exacuit.
2157 4960 2221 5015 Et
2271 4977 2397 5016 cum
2450 4976 2679 5020 conatus
2726 4968 3069 5023 adhibuisset
3100 4987 3309 5037 omnes,
3343 4976 3433 5028 ubi

1862 5055 1993 5107 vidit
2019 5070 2140 5107 eum
2167 5054 2345 5108 omnia
2376 5053 2498 5109 forti
2520 5057 2702 5111 animo
2730 5061 3019 5127 sustinere,
3048 5063 3098 5115 in
3125 5066 3240 5131 ipsa
3271 5081 3433 5123 cruce

1862 5145 2010 5200 illum
2042 5145 2373 5213 aggreditur,
2404 5159 2465 5198 ac
2496 5159 2886 5214 praetereuntes
2915 5151 3059 5218 ipsos
3083 5152 3332 5222 impellit,
3372 5169 3430 5210 ut

1863 5234 2241 5303 blaspltement
2312 5250 2378 5289 ac
2428 5236 2658 5293 dicant:
2697 5256 2713 5288 ι
2758 5236 2813 5291 8i
2857 5236 3022 5294 Filius
3067 5242 3156 5296 Dei
3207 5259 3287 5307 es,
3336 5245 3433 5300 de-

1863 5328 2061 5382 scende
2111 5328 2178 5381 de
2226 5342 2412 5382 cruce.
2445 5346 2463 5379 ι
2514 5328 2705 5382 Simile
2760 5330 2887 5398 quid
2934 5332 3097 5388 etiam
3139 5334 3192 5389 in
3245 5349 3430 5390 monte

1866 5421 2126 5475 dixerat:
2161 5438 2178 5471 ι
2218 5420 2274 5473 Si
2332 5418 2499 5474 Filius
2549 5419 2641 5473 Dei
2702 5436 2781 5483 es,
2830 5424 2915 5477 dic
2967 5435 3025 5478 ut
3080 5426 3284 5495 lapides
3344 5429 3429 5481 isti

1852 5524 2036 5581 ‘panes
2066 5511 2255 5565 fiant"
2278 5530 2323 5575 ,ι
2352 5523 2405 5566 et
2436 5527 2628 5567 rursus
2661 5530 2674 5565 :
2724 5531 2743 5564 ι
2780 5512 2835 5566 Si
2867 5513 3034 5569 Filius
3052 5517 3144 5571 Dei
3169 5534 3249 5584 es,
3276 5519 3431 5574 mitte

1868 5617 1920 5661 te
1955 5607 2206 5661 deorsum
2225 5604 2295 5659 ".
2323 5625 2340 5658 ι
2375 5605 2439 5658 Et
2496 5620 2639 5660 nunc
2665 5619 2759 5674 per
2790 5604 3076 5672 impiorum
3104 5622 3200 5662 ora
3229 5609 3424 5667 iterum

1868 5714 2105 5755 consona
2143 5697 2416 5771 ptioribus
2470 5699 2630 5753 verba
2677 5697 2882 5769 profert
2914 5717 2927 5753 :
2967 5719 2986 5754 ι
3025 5699 3082 5757 Si
3121 5700 3288 5757 Filius
3330 5702 3427 5761 Dei

1893 5861 1935 5891 ’³
1973 5858 2102 5914 ibid.
2146 5856 2200 5911 li.

2970 5951 3038 6015 19
