  <div class='ocr_page' id='page_1' title='image "/cluster/home/n/w/nwhite01/storage/ocr_20150623/132/nnc1.0046979662/309.png"; bbox 0 0 4184 6436; ppageno 0'>
   <div class='ocr_carea' id='block_1_1' title="bbox 767 357 872 422">
    <p class='ocr_par' dir='ltr' id='par_1_1' title="bbox 767 357 872 422">
     <span class='ocr_line' id='line_1_1' title="bbox 767 357 872 422; baseline -0.029 0"><span class='ocrx_word' id='word_1_1' title='bbox 767 357 872 422; x_wconf 76' lang='lat'><strong>599</strong></span> 
     </span>
    </p>
   </div>
   <div class='ocr_carea' id='block_1_2' title="bbox 1959 361 2829 429">
    <p class='ocr_par' dir='ltr' id='par_1_2' title="bbox 1959 361 2829 429">
     <span class='ocr_line' id='line_1_2' title="bbox 1959 361 2829 429; baseline 0.009 -8"><span class='ocrx_word' id='word_1_2' title='bbox 1959 361 2452 427; x_wconf 75' lang='lat' dir='ltr'><strong>TlI&#39;EOPllANlS</strong></span> <span class='ocrx_word' id='word_1_3' title='bbox 2491 368 2829 429; x_wconf 78' lang='lat' dir='ltr'><strong>CERAMEI</strong></span> 
     </span>
    </p>
   </div>
   <div class='ocr_carea' id='block_1_3' title="bbox 3926 370 4024 430">
    <p class='ocr_par' dir='ltr' id='par_1_3' title="bbox 3926 370 4024 430">
     <span class='ocr_line' id='line_1_3' title="bbox 3926 370 4024 430; baseline 0 -1"><span class='ocrx_word' id='word_1_4' title='bbox 3926 370 4024 430; x_wconf 84' lang='lat'><strong>600</strong></span> 
     </span>
    </p>
   </div>
   <div class='ocr_carea' id='block_1_4' title="bbox 765 470 2332 564">
    <p class='ocr_par' dir='ltr' id='par_1_4' title="bbox 765 470 2332 546">
     <span class='ocr_line' id='line_1_4' title="bbox 765 470 2332 546; baseline 0.003 -22"><span class='ocrx_word' id='word_1_5' title='bbox 765 471 969 524; x_wconf 90' lang='lat' dir='ltr'><strong>doloris</strong></span> <span class='ocrx_word' id='word_1_6' title='bbox 1015 470 1251 540; x_wconf 81' lang='lat' dir='ltr'><strong>gladium</strong></span> <span class='ocrx_word' id='word_1_7' title='bbox 1305 470 1445 524; x_wconf 89' lang='lat' dir='ltr'><strong>intra</strong></span> <span class='ocrx_word' id='word_1_8' title='bbox 1496 471 1788 542; x_wconf 71' lang='lat' dir='ltr'><strong>prmcordia</strong></span> <span class='ocrx_word' id='word_1_9' title='bbox 1834 487 2153 543; x_wconf 76' lang='lat' dir='ltr'><strong>exceperat,</strong></span> <span class='ocrx_word' id='word_1_10' title='bbox 2185 492 2332 546; x_wconf 85' lang='lat' dir='ltr'><strong>quem</strong></span> 
     </span>
    </p>
   </div>
   <div class='ocr_carea' id='block_1_5' title="bbox 2435 470 4020 564">
    <p class='ocr_par' dir='ltr' id='par_1_5' title="bbox 2448 479 4020 551">
     <span class='ocr_line' id='line_1_5' title="bbox 2448 479 4020 551; baseline 0 -21"><span class='ocrx_word' id='word_1_11' title='bbox 2448 481 2846 550; x_wconf 75' lang='grc' dir='ltr'>προηγόρευσε.</span> <span class='ocrx_word' id='word_1_12' title='bbox 2880 483 2954 551; x_wconf 81' lang='grc' dir='ltr'>τῷ</span> <span class='ocrx_word' id='word_1_13' title='bbox 2989 481 3336 551; x_wconf 70' lang='grc' dir='ltr'><strong>ἠγαπημένῳ</strong></span> <span class='ocrx_word' id='word_1_14' title='bbox 3384 481 3601 551; x_wconf 84' lang='grc' dir='ltr'>μαθητῇ</span> <span class='ocrx_word' id='word_1_15' title='bbox 3634 479 4020 550; x_wconf 67' lang='grc' dir='ltr'><strong>παρατίθησιν,</strong></span> 
     </span>
    </p>
   </div>
   <div class='ocr_carea' id='block_1_6' title="bbox 766 568 2346 643">
    <p class='ocr_par' dir='ltr' id='par_1_6' title="bbox 766 568 2346 643">
     <span class='ocr_line' id='line_1_6' title="bbox 766 568 2346 643; baseline 0.006 -24"><span class='ocrx_word' id='word_1_16' title='bbox 766 568 1000 636; x_wconf 78' lang='lat' dir='ltr'><strong>Symeon</strong></span> <span class='ocrx_word' id='word_1_17' title='bbox 1059 568 1146 619; x_wconf 89' lang='lat' dir='ltr'><strong>ille</strong></span> <span class='ocrx_word' id='word_1_18' title='bbox 1191 568 1515 635; x_wconf 57' lang='lat' dir='ltr'><strong>praedixerat</strong></span> <span class='ocrx_word' id='word_1_19' title='bbox 1568 568 1767 622; x_wconf 89' lang='lat' dir='ltr'><strong>dilecto</strong></span> <span class='ocrx_word' id='word_1_20' title='bbox 1813 570 2107 638; x_wconf 90' lang='lat' dir='ltr'><strong>discipulo,</strong></span> <span class='ocrx_word' id='word_1_21' title='bbox 2159 583 2346 643; x_wconf 88' lang='lat' dir='ltr'><strong>utpote</strong></span> 
     </span>
    </p>
   </div>
   <div class='ocr_carea' id='block_1_7' title="bbox 763 657 2342 727">
    <p class='ocr_par' dir='ltr' id='par_1_7' title="bbox 763 657 2342 727">
     <span class='ocr_line' id='line_1_7' title="bbox 763 657 2342 727; baseline 0.006 -19"><span class='ocrx_word' id='word_1_22' title='bbox 763 673 921 723; x_wconf 83' lang='lat' dir='ltr'><strong>puro.</strong></span> <span class='ocrx_word' id='word_1_23' title='bbox 951 667 1004 710; x_wconf 88' lang='lat' dir='ltr'><strong>et</strong></span> <span class='ocrx_word' id='word_1_24' title='bbox 1038 657 1271 724; x_wconf 79' lang='lat' dir='ltr'><strong>Virgini,</strong></span> <span class='ocrx_word' id='word_1_25' title='bbox 1305 671 1357 710; x_wconf 91' lang='lat' dir='ltr'><strong>et</strong></span> <span class='ocrx_word' id='word_1_26' title='bbox 1394 675 1560 726; x_wconf 79' lang='lat' dir='ltr'><strong>usque</strong></span> <span class='ocrx_word' id='word_1_27' title='bbox 1588 660 1654 710; x_wconf 87' lang='lat' dir='ltr'><strong>ad</strong></span> <span class='ocrx_word' id='word_1_28' title='bbox 1682 670 1922 713; x_wconf 85' lang='lat' dir='ltr'><strong>extrema</strong></span> <span class='ocrx_word' id='word_1_29' title='bbox 1953 663 2188 727; x_wconf 89' lang='lat' dir='ltr'><strong>pericula</strong></span> <span class='ocrx_word' id='word_1_30' title='bbox 2221 681 2342 718; x_wconf 92' lang='lat' dir='ltr'><strong>cum</strong></span> 
     </span>
    </p>
   </div>
   <div class='ocr_carea' id='block_1_8' title="bbox 763 744 2343 819">
    <p class='ocr_par' dir='ltr' id='par_1_8' title="bbox 763 744 2343 819">
     <span class='ocr_line' id='line_1_8' title="bbox 763 744 2343 819; baseline 0.008 -23"><span class='ocrx_word' id='word_1_31' title='bbox 763 749 880 814; x_wconf 84' lang='lat' dir='ltr'><strong>ipso</strong></span> <span class='ocrx_word' id='word_1_32' title='bbox 931 744 1241 812; x_wconf 88' lang='lat' dir='ltr'><strong>persisteuti</strong></span> <span class='ocrx_word' id='word_1_33' title='bbox 1285 749 1631 801; x_wconf 90' lang='lat' dir='ltr'><strong>commendat</strong></span> <span class='ocrx_word' id='word_1_34' title='bbox 1681 766 1691 798; x_wconf 93' lang='lat'>:</span> <span class='ocrx_word' id='word_1_35' title='bbox 1746 750 1835 816; x_wconf 87' lang='lat' dir='ltr'><strong>qui</strong></span> <span class='ocrx_word' id='word_1_36' title='bbox 1885 750 2125 805; x_wconf 80' lang='lat' dir='ltr'><strong>dolorem</strong></span> <span class='ocrx_word' id='word_1_37' title='bbox 2174 754 2343 819; x_wconf 87' lang='lat' dir='ltr'><strong>ipsius</strong></span> 
     </span>
    </p>
   </div>
   <div class='ocr_carea' id='block_1_9' title="bbox 763 839 2342 911">
    <p class='ocr_par' dir='ltr' id='par_1_9' title="bbox 763 839 2342 911">
     <span class='ocr_line' id='line_1_9' title="bbox 763 839 2342 911; baseline 0.007 -20"><span class='ocrx_word' id='word_1_38' title='bbox 763 840 932 892; x_wconf 75' lang='lat' dir='ltr'><strong>lenire</strong></span> <span class='ocrx_word' id='word_1_39' title='bbox 985 850 1197 906; x_wconf 88' lang='lat' dir='ltr'><strong>posset,</strong></span> <span class='ocrx_word' id='word_1_40' title='bbox 1237 850 1287 891; x_wconf 81' lang='lat' dir='ltr'><strong>et</strong></span> <span class='ocrx_word' id='word_1_41' title='bbox 1338 839 1612 894; x_wconf 82' lang='lat' dir='ltr'><strong>Passionis</strong></span> <span class='ocrx_word' id='word_1_42' title='bbox 1661 843 1976 911; x_wconf 80' lang='lat' dir='ltr'><strong>mysterium</strong></span> <span class='ocrx_word' id='word_1_43' title='bbox 2025 859 2088 898; x_wconf 93' lang='lat' dir='ltr'><strong>ex</strong></span> <span class='ocrx_word' id='word_1_44' title='bbox 2143 845 2342 902; x_wconf 81' lang='lat' dir='ltr'><strong>divinis</strong></span> 
     </span>
    </p>
   </div>
   <div class='ocr_carea' id='block_1_10' title="bbox 760 930 1342 996">
    <p class='ocr_par' dir='ltr' id='par_1_10' title="bbox 760 930 1342 996">
     <span class='ocr_line' id='line_1_10' title="bbox 760 930 1342 996; baseline 0.005 -14"><span class='ocrx_word' id='word_1_45' title='bbox 760 930 1032 996; x_wconf 69' lang='lat' dir='ltr'><strong>explicare</strong></span> <span class='ocrx_word' id='word_1_46' title='bbox 1063 931 1342 985; x_wconf 76' lang='lat' dir='ltr'><strong>doctrinis.</strong></span> 
     </span>
    </p>
   </div>
   <div class='ocr_carea' id='block_1_11' title="bbox 832 1017 2342 1089">
    <p class='ocr_par' dir='ltr' id='par_1_11' title="bbox 832 1017 2342 1089">
     <span class='ocr_line' id='line_1_11' title="bbox 832 1017 2342 1089; baseline 0.004 -17"><span class='ocrx_word' id='word_1_47' title='bbox 832 1017 956 1074; x_wconf 83' lang='lat' dir='ltr'><strong>Post</strong></span> <span class='ocrx_word' id='word_1_48' title='bbox 988 1022 1099 1075; x_wconf 73' lang='lat' dir='ltr'><strong>ltzec</strong></span> <span class='ocrx_word' id='word_1_49' title='bbox 1130 1035 1256 1073; x_wconf 84' lang='lat' dir='ltr'><strong>vero</strong></span> <span class='ocrx_word' id='word_1_50' title='bbox 1277 1023 1500 1089; x_wconf 74' lang='lat' dir='ltr'><strong>protulit</strong></span> <span class='ocrx_word' id='word_1_51' title='bbox 1527 1021 1654 1075; x_wconf 90' lang='lat' dir='ltr'><strong>illttd</strong></span> <span class='ocrx_word' id='word_1_52' title='bbox 1683 1020 1915 1076; x_wconf 83' lang='lat' dir='ltr'><strong>Psalmi:</strong></span> <span class='ocrx_word' id='word_1_53' title='bbox 1953 1041 1969 1074; x_wconf 74' lang='grc' dir='ltr'><strong>ι</strong></span> <span class='ocrx_word' id='word_1_54' title='bbox 2003 1021 2169 1086; x_wconf 85' lang='lat' dir='ltr'><strong>Deus,</strong></span> <span class='ocrx_word' id='word_1_55' title='bbox 2200 1021 2342 1078; x_wconf 87' lang='lat' dir='ltr'><strong>Deus</strong></span> 
     </span>
    </p>
   </div>
   <div class='ocr_carea' id='block_1_12' title="bbox 761 1113 2340 1184">
    <p class='ocr_par' dir='ltr' id='par_1_12' title="bbox 761 1113 2340 1184">
     <span class='ocr_line' id='line_1_12' title="bbox 761 1113 2340 1184; baseline 0.003 -20"><span class='ocrx_word' id='word_1_56' title='bbox 761 1128 946 1175; x_wconf 80' lang='lat' dir='ltr'><strong>meus,</strong></span> <span class='ocrx_word' id='word_1_57' title='bbox 997 1113 1123 1182; x_wconf 84' lang='lat' dir='ltr'><strong>quid</strong></span> <span class='ocrx_word' id='word_1_58' title='bbox 1175 1113 1507 1182; x_wconf 73' lang='lat' dir='ltr'><strong>deteiiquisti</strong></span> <span class='ocrx_word' id='word_1_59' title='bbox 1568 1116 1728 1168; x_wconf 80' lang='lat' dir='ltr'><strong>me‘?</strong></span> <span class='ocrx_word' id='word_1_60' title='bbox 1781 1133 1800 1166; x_wconf 74' lang='grc' dir='ltr'><strong><em>ι</em></strong></span> <span class='ocrx_word' id='word_1_61' title='bbox 1861 1129 1967 1167; x_wconf 88' lang='lat' dir='ltr'><strong>non</strong></span> <span class='ocrx_word' id='word_1_62' title='bbox 2027 1117 2168 1182; x_wconf 90' lang='lat' dir='ltr'><strong>quod</strong></span> <span class='ocrx_word' id='word_1_63' title='bbox 2225 1116 2340 1184; x_wconf 90' lang='lat' dir='ltr'><strong>ipse</strong></span> 
     </span>
    </p>
   </div>
   <div class='ocr_carea' id='block_1_13' title="bbox 757 1204 2339 1276">
    <p class='ocr_par' dir='ltr' id='par_1_13' title="bbox 757 1204 2339 1276">
     <span class='ocr_line' id='line_1_13' title="bbox 757 1204 2339 1276; baseline 0.003 -21"><span class='ocrx_word' id='word_1_64' title='bbox 757 1204 1050 1258; x_wconf 88' lang='lat' dir='ltr'><strong>derelictus</strong></span> <span class='ocrx_word' id='word_1_65' title='bbox 1080 1215 1246 1270; x_wconf 87' lang='lat' dir='ltr'><strong>esset,</strong></span> <span class='ocrx_word' id='word_1_66' title='bbox 1282 1205 1363 1259; x_wconf 83' lang='lat' dir='ltr'><strong>vel</strong></span> <span class='ocrx_word' id='word_1_67' title='bbox 1395 1207 1515 1276; x_wconf 90' lang='lat' dir='ltr'><strong>opis</strong></span> <span class='ocrx_word' id='word_1_68' title='bbox 1548 1206 1812 1276; x_wconf 73' lang='lat' dir='ltr'><strong>indigeret</strong></span> <span class='ocrx_word' id='word_1_69' title='bbox 1845 1224 1857 1260; x_wconf 94' lang='lat'>:</span> <span class='ocrx_word' id='word_1_70' title='bbox 1892 1207 2002 1276; x_wconf 86' lang='lat' dir='ltr'><strong>jam</strong></span> <span class='ocrx_word' id='word_1_71' title='bbox 2036 1208 2178 1260; x_wconf 88' lang='lat' dir='ltr'><strong>enim</strong></span> <span class='ocrx_word' id='word_1_72' title='bbox 2213 1215 2339 1260; x_wconf 93' lang='lat' dir='ltr'><strong>ante</strong></span> 
     </span>
    </p>
   </div>
   <div class='ocr_carea' id='block_1_14' title="bbox 758 1297 2338 1364">
    <p class='ocr_par' dir='ltr' id='par_1_14' title="bbox 758 1297 2338 1364">
     <span class='ocr_line' id='line_1_14' title="bbox 758 1297 2338 1364; baseline 0.003 -17"><span class='ocrx_word' id='word_1_73' title='bbox 758 1297 1106 1361; x_wconf 73' lang='lat' dir='ltr'><strong>praedixerat,</strong></span> <span class='ocrx_word' id='word_1_74' title='bbox 1138 1298 1277 1364; x_wconf 85' lang='lat' dir='ltr'><strong>quod</strong></span> <span class='ocrx_word' id='word_1_75' title='bbox 1317 1316 1336 1348; x_wconf 72' lang='grc' dir='ltr'><strong>ι</strong></span> <span class='ocrx_word' id='word_1_76' title='bbox 1373 1297 1491 1351; x_wconf 91' lang='lat' dir='ltr'><strong>Non</strong></span> <span class='ocrx_word' id='word_1_77' title='bbox 1523 1313 1641 1350; x_wconf 87' lang='lat' dir='ltr'><strong>sum</strong></span> <span class='ocrx_word' id='word_1_78' title='bbox 1677 1298 1846 1361; x_wconf 91' lang='lat' dir='ltr'><strong>solus,</strong></span> <span class='ocrx_word' id='word_1_79' title='bbox 1874 1298 1966 1351; x_wconf 92' lang='lat' dir='ltr'><strong>sed</strong></span> <span class='ocrx_word' id='word_1_80' title='bbox 1998 1297 2159 1352; x_wconf 82' lang='lat' dir='ltr'><strong>Pater</strong></span> <span class='ocrx_word' id='word_1_81' title='bbox 2189 1311 2338 1352; x_wconf 91' lang='lat' dir='ltr'><strong>meus</strong></span> 
     </span>
    </p>
   </div>
   <div class='ocr_carea' id='block_1_15' title="bbox 757 1385 2337 1460">
    <p class='ocr_par' dir='ltr' id='par_1_15' title="bbox 757 1385 2337 1460">
     <span class='ocr_line' id='line_1_15' title="bbox 757 1385 2337 1460; baseline 0.003 -21"><span class='ocrx_word' id='word_1_82' title='bbox 757 1403 970 1441; x_wconf 84' lang='lat' dir='ltr'><strong>mecum</strong></span> <span class='ocrx_word' id='word_1_83' title='bbox 1024 1390 1164 1451; x_wconf 74' lang='lat' dir='ltr'><strong>est&#39;,</strong></span> <span class='ocrx_word' id='word_1_84' title='bbox 1210 1408 1228 1440; x_wconf 75' lang='grc' dir='ltr'><strong>ι</strong></span> <span class='ocrx_word' id='word_1_85' title='bbox 1285 1391 1378 1444; x_wconf 91' lang='lat' dir='ltr'><strong>scd</strong></span> <span class='ocrx_word' id='word_1_86' title='bbox 1425 1390 1778 1444; x_wconf 85' lang='lat' dir='ltr'><strong>humanitatis</strong></span> <span class='ocrx_word' id='word_1_87' title='bbox 1829 1400 2008 1460; x_wconf 87' lang='lat' dir='ltr'><strong>partes</strong></span> <span class='ocrx_word' id='word_1_88' title='bbox 2056 1385 2252 1459; x_wconf 81' lang='lat' dir='ltr'><strong>agens,</strong></span> <span class='ocrx_word' id='word_1_89' title='bbox 2284 1399 2337 1444; x_wconf 90' lang='lat' dir='ltr'><strong>et</strong></span> 
     </span>
    </p>
   </div>
   <div class='ocr_carea' id='block_1_16' title="bbox 755 1481 2338 1551">
    <p class='ocr_par' dir='ltr' id='par_1_16' title="bbox 755 1481 2338 1551">
     <span class='ocr_line' id='line_1_16' title="bbox 755 1481 2338 1551; baseline 0.003 -21"><span class='ocrx_word' id='word_1_90' title='bbox 755 1491 940 1532; x_wconf 84' lang='lat' dir='ltr'><strong>nostra</strong></span> <span class='ocrx_word' id='word_1_91' title='bbox 987 1481 1087 1534; x_wconf 87' lang='lat' dir='ltr'><strong>sibi</strong></span> <span class='ocrx_word' id='word_1_92' title='bbox 1136 1483 1475 1544; x_wconf 85' lang='lat' dir='ltr'><strong>attribuens,</strong></span> <span class='ocrx_word' id='word_1_93' title='bbox 1516 1483 1783 1551; x_wconf 85' lang='lat' dir='ltr'><strong>nobisque</strong></span> <span class='ocrx_word' id='word_1_94' title='bbox 1831 1483 2261 1537; x_wconf 88' lang='lat' dir='ltr'><strong>misericordiam</strong></span> <span class='ocrx_word' id='word_1_95' title='bbox 2307 1495 2338 1535; x_wconf 91' lang='lat' dir='ltr'><strong>e</strong></span> 
     </span>
    </p>
   </div>
   <div class='ocr_carea' id='block_1_17' title="bbox 755 1573 2336 1640">
    <p class='ocr_par' dir='ltr' id='par_1_17' title="bbox 755 1573 2336 1640">
     <span class='ocr_line' id='line_1_17' title="bbox 755 1573 2336 1640; baseline 0.004 -18"><span class='ocrx_word' id='word_1_96' title='bbox 755 1574 892 1624; x_wconf 72' lang='lat' dir='ltr'><strong>uelo</strong></span> <span class='ocrx_word' id='word_1_97' title='bbox 925 1573 1167 1626; x_wconf 76' lang='lat' dir='ltr'><strong>eliciens.</strong></span> <span class='ocrx_word' id='word_1_98' title='bbox 1198 1573 1305 1626; x_wconf 79' lang='lat' dir='ltr'><strong>Nos</strong></span> <span class='ocrx_word' id='word_1_99' title='bbox 1331 1575 1475 1626; x_wconf 75' lang='lat' dir='ltr'><strong>enim</strong></span> <span class='ocrx_word' id='word_1_100' title='bbox 1511 1575 1753 1628; x_wconf 82' lang='lat' dir='ltr'><strong>derelicti</strong></span> <span class='ocrx_word' id='word_1_101' title='bbox 1787 1590 2026 1640; x_wconf 72' lang='lat' dir='ltr'><strong>eramus,</strong></span> <span class='ocrx_word' id='word_1_102' title='bbox 2058 1585 2112 1627; x_wconf 92' lang='lat' dir='ltr'><strong>ut</strong></span> <span class='ocrx_word' id='word_1_103' title='bbox 2143 1575 2336 1628; x_wconf 81' lang='lat' dir='ltr'><strong>extulit</strong></span> 
     </span>
    </p>
   </div>
   <div class='ocr_carea' id='block_1_18' title="bbox 755 1663 2334 1733">
    <p class='ocr_par' dir='ltr' id='par_1_18' title="bbox 755 1663 2334 1733">
     <span class='ocr_line' id='line_1_18' title="bbox 755 1663 2334 1733; baseline 0.001 -16"><span class='ocrx_word' id='word_1_104' title='bbox 755 1663 988 1733; x_wconf 77' lang='lat' dir='ltr'><strong>theologi</strong></span> <span class='ocrx_word' id='word_1_105' title='bbox 1018 1680 1116 1718; x_wconf 84' lang='lat' dir='ltr'><strong>vox</strong></span> <span class='ocrx_word' id='word_1_106' title='bbox 1148 1663 1280 1733; x_wconf 78' lang='grc'><strong>(65).</strong></span> <span class='ocrx_word' id='word_1_107' title='bbox 1312 1663 1455 1717; x_wconf 76' lang='lat' dir='ltr'><strong>Dixit</strong></span> <span class='ocrx_word' id='word_1_108' title='bbox 1478 1666 1642 1717; x_wconf 86' lang='lat' dir='ltr'><strong>etiam</strong></span> <span class='ocrx_word' id='word_1_109' title='bbox 1671 1665 1771 1718; x_wconf 86' lang='lat' dir='ltr'><strong>hoc</strong></span> <span class='ocrx_word' id='word_1_110' title='bbox 1805 1679 2092 1732; x_wconf 88' lang='lat' dir='ltr'><strong>personam</strong></span> <span class='ocrx_word' id='word_1_111' title='bbox 2123 1665 2334 1719; x_wconf 84' lang='lat' dir='ltr'><strong>lsraelis</strong></span> 
     </span>
    </p>
   </div>
   <div class='ocr_carea' id='block_1_19' title="bbox 755 1755 2332 1827">
    <p class='ocr_par' dir='ltr' id='par_1_19' title="bbox 755 1755 2332 1827">
     <span class='ocr_line' id='line_1_19' title="bbox 755 1755 2332 1827; baseline 0.001 -19"><span class='ocrx_word' id='word_1_112' title='bbox 755 1775 950 1825; x_wconf 71' lang='lat' dir='ltr'><strong>agens.</strong></span> <span class='ocrx_word' id='word_1_113' title='bbox 1000 1760 1087 1827; x_wconf 85' lang='lat' dir='ltr'><strong>qui</strong></span> <span class='ocrx_word' id='word_1_114' title='bbox 1137 1773 1309 1827; x_wconf 89' lang='lat' dir='ltr'><strong>usque</strong></span> <span class='ocrx_word' id='word_1_115' title='bbox 1354 1758 1490 1811; x_wconf 88' lang='lat' dir='ltr'><strong>adeo</strong></span> <span class='ocrx_word' id='word_1_116' title='bbox 1537 1755 1715 1811; x_wconf 82' lang='lat' dir='ltr'><strong>fuerat</strong></span> <span class='ocrx_word' id='word_1_117' title='bbox 1765 1757 2086 1820; x_wconf 87' lang='lat' dir='ltr'><strong>destitutus,</strong></span> <span class='ocrx_word' id='word_1_118' title='bbox 2133 1767 2189 1810; x_wconf 91' lang='lat' dir='ltr'><strong>ut</strong></span> <span class='ocrx_word' id='word_1_119' title='bbox 2242 1756 2332 1811; x_wconf 93' lang='lat' dir='ltr'><strong>Dei</strong></span> 
     </span>
    </p>
   </div>
   <div class='ocr_carea' id='block_1_20' title="bbox 2447 573 4018 644">
    <p class='ocr_par' dir='ltr' id='par_1_20' title="bbox 2447 573 4018 644">
     <span class='ocr_line' id='line_1_20' title="bbox 2447 573 4018 644; baseline -0.001 -20"><span class='ocrx_word' id='word_1_120' title='bbox 2447 573 2523 635; x_wconf 84' lang='grc' dir='ltr'>ὼς</span> <span class='ocrx_word' id='word_1_121' title='bbox 2560 573 2812 643; x_wconf 78' lang='grc' dir='ltr'>καθαρῷ,</span> <span class='ocrx_word' id='word_1_122' title='bbox 2848 573 2943 626; x_wconf 73' lang='grc' dir='ltr'><strong>καὶ</strong></span> <span class='ocrx_word' id='word_1_123' title='bbox 2979 573 3259 644; x_wconf 81' lang='grc' dir='ltr'><strong>παρθένῳ,</strong></span> <span class='ocrx_word' id='word_1_124' title='bbox 3295 573 3392 625; x_wconf 76' lang='grc' dir='ltr'>καὶ</span> <span class='ocrx_word' id='word_1_125' title='bbox 3431 573 3594 642; x_wconf 80' lang='grc' dir='ltr'>μέχρι</span> <span class='ocrx_word' id='word_1_126' title='bbox 3627 573 3737 624; x_wconf 83' lang='grc' dir='ltr'>τῶν</span> <span class='ocrx_word' id='word_1_127' title='bbox 3778 573 4018 640; x_wconf 77' lang='grc' dir='ltr'>ἐσχάτων</span> 
     </span>
    </p>
   </div>
   <div class='ocr_carea' id='block_1_21' title="bbox 2449 662 4013 734">
    <p class='ocr_par' dir='ltr' id='par_1_21' title="bbox 2449 662 4013 734">
     <span class='ocr_line' id='line_1_21' title="bbox 2449 662 4013 734; baseline -0.003 -18"><span class='ocrx_word' id='word_1_128' title='bbox 2449 665 2712 716; x_wconf 82' lang='grc' dir='ltr'>κινδύνων</span> <span class='ocrx_word' id='word_1_129' title='bbox 2768 664 2920 733; x_wconf 79' lang='grc' dir='ltr'>αύτῷ</span> <span class='ocrx_word' id='word_1_130' title='bbox 2974 665 3404 734; x_wconf 79' lang='grc' dir='ltr'>παραμείναντι,</span> <span class='ocrx_word' id='word_1_131' title='bbox 3447 665 3538 716; x_wconf 77' lang='grc' dir='ltr'>καὶ</span> <span class='ocrx_word' id='word_1_132' title='bbox 3587 663 3876 730; x_wconf 81' lang='grc' dir='ltr'>δυναμένῳ</span> <span class='ocrx_word' id='word_1_133' title='bbox 3927 662 4013 727; x_wconf 55' lang='grc' dir='ltr'><strong>τὲ)</strong></span> 
     </span>
    </p>
   </div>
   <div class='ocr_carea' id='block_1_22' title="bbox 2445 754 4016 826">
    <p class='ocr_par' dir='ltr' id='par_1_22' title="bbox 2445 754 4016 826">
     <span class='ocr_line' id='line_1_22' title="bbox 2445 754 4016 826; baseline -0.002 -19"><span class='ocrx_word' id='word_1_134' title='bbox 2445 755 2622 826; x_wconf 86' lang='grc' dir='ltr'>λύπην</span> <span class='ocrx_word' id='word_1_135' title='bbox 2674 756 2844 825; x_wconf 83' lang='grc' dir='ltr'>αὐτῆς</span> <span class='ocrx_word' id='word_1_136' title='bbox 2897 758 3252 819; x_wconf 77' lang='grc' dir='ltr'>κατευνᾶσαι,</span> <span class='ocrx_word' id='word_1_137' title='bbox 3296 756 3391 808; x_wconf 73' lang='grc' dir='ltr'>καὶ</span> <span class='ocrx_word' id='word_1_138' title='bbox 3435 756 3493 808; x_wconf 80' lang='grc' dir='ltr'><strong>τὸ</strong></span> <span class='ocrx_word' id='word_1_139' title='bbox 3546 757 3847 825; x_wconf 76' lang='grc' dir='ltr'>μυστήριον</span> <span class='ocrx_word' id='word_1_140' title='bbox 3881 754 4016 805; x_wconf 64' lang='grc' dir='ltr'>ἐκδιη</span> 
     </span>
    </p>
   </div>
   <div class='ocr_carea' id='block_1_23' title="bbox 2440 846 3876 918">
    <p class='ocr_par' dir='ltr' id='par_1_23' title="bbox 2440 846 3876 918">
     <span class='ocr_line' id='line_1_23' title="bbox 2440 846 3876 918; baseline 0 -18"><span class='ocrx_word' id='word_1_141' title='bbox 2440 847 2599 912; x_wconf 82' lang='grc' dir='ltr'>δάξαι</span> <span class='ocrx_word' id='word_1_142' title='bbox 2632 846 2728 900; x_wconf 83' lang='grc' dir='ltr'>τοῦ</span> <span class='ocrx_word' id='word_1_143' title='bbox 2765 847 2970 911; x_wconf 83' lang='grc' dir='ltr'><strong>πάθους</strong></span> <span class='ocrx_word' id='word_1_144' title='bbox 3002 850 3122 911; x_wconf 82' lang='grc' dir='ltr'>ταῖς</span> <span class='ocrx_word' id='word_1_145' title='bbox 3153 847 3496 916; x_wconf 84' lang='grc' dir='ltr'>θεολογικαῖς</span> <span class='ocrx_word' id='word_1_146' title='bbox 3529 850 3876 918; x_wconf 80' lang='grc' dir='ltr'>είσηγήσεσι.</span> 
     </span>
    </p>
   </div>
   <div class='ocr_carea' id='block_1_24' title="bbox 2515 1018 4021 1096">
    <p class='ocr_par' dir='ltr' id='par_1_24' title="bbox 2515 1018 4021 1096">
     <span class='ocr_line' id='line_1_24' title="bbox 2515 1018 4021 1096; baseline -0.001 -16"><span class='ocrx_word' id='word_1_147' title='bbox 2515 1026 2670 1080; x_wconf 78' lang='grc' dir='ltr'>Μετὰ</span> <span class='ocrx_word' id='word_1_148' title='bbox 2701 1024 2757 1077; x_wconf 68' lang='grc' dir='ltr'>δὲ</span> <span class='ocrx_word' id='word_1_149' title='bbox 2781 1024 2956 1077; x_wconf 80' lang='grc' dir='ltr'>ταῦτα</span> <span class='ocrx_word' id='word_1_150' title='bbox 2990 1022 3053 1078; x_wconf 63' lang='lat' dir='ltr'><strong>ab</strong></span> <span class='ocrx_word' id='word_1_151' title='bbox 3097 1023 3375 1094; x_wconf 79' lang='grc' dir='ltr'>ψαλμικὸν</span> <span class='ocrx_word' id='word_1_152' title='bbox 3413 1025 3592 1076; x_wconf 78' lang='grc' dir='ltr'>ἐκεῖνο</span> <span class='ocrx_word' id='word_1_153' title='bbox 3632 1018 3754 1078; x_wconf 79' lang='grc' dir='ltr'>εἷπε</span> <span class='ocrx_word' id='word_1_154' title='bbox 3815 1025 3986 1096; x_wconf 66' lang='grc' dir='ltr'>ῥητόν</span> <span class='ocrx_word' id='word_1_155' title='bbox 4008 1041 4021 1054; x_wconf 90' lang='grc'><strong>·</strong></span> 
     </span>
    </p>
   </div>
   <div class='ocr_carea' id='block_1_25' title="bbox 2449 1118 4018 1187">
    <p class='ocr_par' dir='ltr' id='par_1_25' title="bbox 2449 1118 4018 1187">
     <span class='ocr_line' id='line_1_25' title="bbox 2449 1118 4018 1187; baseline -0.002 -16"><span class='ocrx_word' id='word_1_156' title='bbox 2449 1138 2468 1171; x_wconf 79' lang='lat' dir='ltr'><strong>t</strong></span> <span class='ocrx_word' id='word_1_157' title='bbox 2515 1119 2574 1172; x_wconf 89' lang='lat'><strong>&#39;0</strong></span> <span class='ocrx_word' id='word_1_158' title='bbox 2607 1118 2761 1182; x_wconf 73' lang='grc' dir='ltr'>Θεὸς,</span> <span class='ocrx_word' id='word_1_159' title='bbox 2794 1120 2823 1172; x_wconf 87' lang='grc' dir='ltr'><strong>ὸ</strong></span> <span class='ocrx_word' id='word_1_160' title='bbox 2857 1119 2990 1180; x_wconf 85' lang='grc' dir='ltr'>Θεός</span> <span class='ocrx_word' id='word_1_161' title='bbox 3040 1135 3165 1187; x_wconf 82' lang='grc' dir='ltr'>μου,</span> <span class='ocrx_word' id='word_1_162' title='bbox 3214 1118 3302 1170; x_wconf 80' lang='grc' dir='ltr'>ινα</span> <span class='ocrx_word' id='word_1_163' title='bbox 3349 1119 3400 1169; x_wconf 84' lang='grc' dir='ltr'><strong>τί</strong></span> <span class='ocrx_word' id='word_1_164' title='bbox 3453 1136 3520 1187; x_wconf 86' lang='grc' dir='ltr'><strong>με</strong></span> <span class='ocrx_word' id='word_1_165' title='bbox 3563 1119 3962 1184; x_wconf 51' lang='grc' dir='ltr'>ἐγκατέλιπες</span> <span class='ocrx_word' id='word_1_166' title='bbox 4002 1138 4018 1168; x_wconf 75' lang='grc' dir='ltr'><strong><em>ι</em></strong></span> 
     </span>
    </p>
   </div>
   <div class='ocr_carea' id='block_1_26' title="bbox 2440 1210 4020 1283">
    <p class='ocr_par' dir='ltr' id='par_1_26' title="bbox 2440 1210 4020 1283">
     <span class='ocr_line' id='line_1_26' title="bbox 2440 1210 4020 1283; baseline -0.001 -18"><span class='ocrx_word' id='word_1_167' title='bbox 2440 1215 2539 1283; x_wconf 84' lang='grc' dir='ltr'><strong>οὐχ</strong></span> <span class='ocrx_word' id='word_1_168' title='bbox 2569 1214 2651 1266; x_wconf 85' lang='grc' dir='ltr'><strong>ὅτι</strong></span> <span class='ocrx_word' id='word_1_169' title='bbox 2671 1212 2834 1275; x_wconf 78' lang='grc' dir='ltr'>αὐτὸς</span> <span class='ocrx_word' id='word_1_170' title='bbox 2858 1211 3341 1280; x_wconf 73' lang='grc' dir='ltr'>ὲγκαταλέλειπτο,</span> <span class='ocrx_word' id='word_1_171' title='bbox 3371 1210 3402 1280; x_wconf 78' lang='grc' dir='ltr'>ἢ</span> <span class='ocrx_word' id='word_1_172' title='bbox 3433 1210 3756 1278; x_wconf 75' lang='grc' dir='ltr'>ἐπι-κουρίας</span> <span class='ocrx_word' id='word_1_173' title='bbox 3803 1210 3988 1263; x_wconf 82' lang='grc' dir='ltr'>ὲδὲετο</span> <span class='ocrx_word' id='word_1_174' title='bbox 4007 1228 4020 1243; x_wconf 90' lang='grc'><strong>·</strong></span> 
     </span>
    </p>
   </div>
   <div class='ocr_carea' id='block_1_27' title="bbox 2439 1300 4023 1375">
    <p class='ocr_par' dir='ltr' id='par_1_27' title="bbox 2439 1300 4023 1375">
     <span class='ocr_line' id='line_1_27' title="bbox 2439 1300 4023 1375; baseline -0.004 -17"><span class='ocrx_word' id='word_1_175' title='bbox 2439 1305 2764 1375; x_wconf 83' lang='grc' dir='ltr'><strong>προειρήκει</strong></span> <span class='ocrx_word' id='word_1_176' title='bbox 2795 1304 2927 1371; x_wconf 78' lang='grc' dir='ltr'>γὰρ,</span> <span class='ocrx_word' id='word_1_177' title='bbox 2957 1303 3039 1354; x_wconf 82' lang='grc' dir='ltr'>ὅτι</span> <span class='ocrx_word' id='word_1_178' title='bbox 3076 1321 3094 1354; x_wconf 76' lang='grc' dir='ltr'>ι</span> <span class='ocrx_word' id='word_1_179' title='bbox 3121 1301 3234 1354; x_wconf 80' lang='grc' dir='ltr'><strong>Οὐκ</strong></span> <span class='ocrx_word' id='word_1_180' title='bbox 3265 1301 3383 1369; x_wconf 81' lang='grc' dir='ltr'>είμὶ</span> <span class='ocrx_word' id='word_1_181' title='bbox 3419 1301 3600 1370; x_wconf 83' lang='grc' dir='ltr'><strong>μόνος,</strong></span> <span class='ocrx_word' id='word_1_182' title='bbox 3627 1300 3743 1354; x_wconf 76' lang='grc' dir='ltr'>ἀλλ’</span> <span class='ocrx_word' id='word_1_183' title='bbox 3772 1301 3801 1351; x_wconf 78' lang='grc' dir='ltr'>ὁ</span> <span class='ocrx_word' id='word_1_184' title='bbox 3834 1301 4023 1369; x_wconf 68' lang='grc' dir='ltr'>Πατήρ</span> 
     </span>
    </p>
   </div>
   <div class='ocr_carea' id='block_1_28' title="bbox 2442 1389 4024 1465">
    <p class='ocr_par' dir='ltr' id='par_1_28' title="bbox 2442 1389 4024 1465">
     <span class='ocr_line' id='line_1_28' title="bbox 2442 1389 4024 1465; baseline 0.006 -24"><span class='ocrx_word' id='word_1_185' title='bbox 2442 1410 2544 1465; x_wconf 86' lang='grc' dir='ltr'><strong>μου</strong></span> <span class='ocrx_word' id='word_1_186' title='bbox 2601 1394 2716 1462; x_wconf 71' lang='grc' dir='ltr'><strong>μεττ</strong></span> <span class='ocrx_word' id='word_1_187' title='bbox 2763 1392 2899 1462; x_wconf 79' lang='grc' dir='ltr'>ἐμοῦ</span> <span class='ocrx_word' id='word_1_188' title='bbox 2964 1392 3149 1454; x_wconf 77' lang='grc' dir='ltr'>ἐστιν,</span> <span class='ocrx_word' id='word_1_189' title='bbox 3209 1410 3228 1442; x_wconf 79' lang='lat' dir='ltr'><strong>s</strong></span> <span class='ocrx_word' id='word_1_190' title='bbox 3283 1390 3399 1442; x_wconf 84' lang='grc' dir='ltr'>ἀλλ’</span> <span class='ocrx_word' id='word_1_191' title='bbox 3447 1392 3510 1442; x_wconf 82' lang='grc' dir='ltr'>ὲκ</span> <span class='ocrx_word' id='word_1_192' title='bbox 3566 1389 3864 1456; x_wconf 86' lang='grc' dir='ltr'><strong>προσώπου</strong></span> <span class='ocrx_word' id='word_1_193' title='bbox 3929 1390 4024 1456; x_wconf 77' lang='grc' dir='ltr'><strong>τῆς</strong></span> 
     </span>
    </p>
   </div>
   <div class='ocr_carea' id='block_1_29' title="bbox 2439 1480 4026 1556">
    <p class='ocr_par' dir='ltr' id='par_1_29' title="bbox 2439 1480 4026 1556">
     <span class='ocr_line' id='line_1_29' title="bbox 2439 1480 4026 1556; baseline -0.006 -16"><span class='ocrx_word' id='word_1_194' title='bbox 2439 1485 2865 1556; x_wconf 83' lang='grc' dir='ltr'>άνθρωπότητος</span> <span class='ocrx_word' id='word_1_195' title='bbox 2907 1484 3080 1538; x_wconf 78' lang='grc' dir='ltr'>ταῦτα</span> <span class='ocrx_word' id='word_1_196' title='bbox 3130 1482 3309 1545; x_wconf 86' lang='grc' dir='ltr'>λαλεῖ,</span> <span class='ocrx_word' id='word_1_197' title='bbox 3361 1481 3734 1549; x_wconf 77' lang='grc' dir='ltr'><strong>οἰκειούμενος</strong></span> <span class='ocrx_word' id='word_1_198' title='bbox 3769 1480 3829 1532; x_wconf 71' lang='grc' dir='ltr'>τὺ</span> <span class='ocrx_word' id='word_1_199' title='bbox 3888 1481 4026 1549; x_wconf 77' lang='grc' dir='ltr'><strong>ἠμέ-</strong></span> 
     </span>
    </p>
   </div>
   <div class='ocr_carea' id='block_1_30' title="bbox 2436 1569 4024 1648">
    <p class='ocr_par' dir='ltr' id='par_1_30' title="bbox 2436 1569 4024 1648">
     <span class='ocr_line' id='line_1_30' title="bbox 2436 1569 4024 1648; baseline -0.008 -18"><span class='ocrx_word' id='word_1_200' title='bbox 2436 1595 2616 1648; x_wconf 80' lang='grc' dir='ltr'>τερον,</span> <span class='ocrx_word' id='word_1_201' title='bbox 2646 1577 2740 1629; x_wconf 79' lang='grc' dir='ltr'>καὶ</span> <span class='ocrx_word' id='word_1_202' title='bbox 2767 1576 2945 1628; x_wconf 74' lang='grc' dir='ltr'>ἕλκων</span> <span class='ocrx_word' id='word_1_203' title='bbox 2971 1578 3050 1638; x_wconf 87' lang='grc' dir='ltr'><strong>είς</strong></span> <span class='ocrx_word' id='word_1_204' title='bbox 3081 1576 3228 1643; x_wconf 75' lang='grc' dir='ltr'>ἡμᾶς</span> <span class='ocrx_word' id='word_1_205' title='bbox 3265 1572 3357 1624; x_wconf 80' lang='grc' dir='ltr'>τὸν</span> <span class='ocrx_word' id='word_1_206' title='bbox 3384 1570 3591 1626; x_wconf 72' lang='grc' dir='ltr'>ἄνωθεν</span> <span class='ocrx_word' id='word_1_207' title='bbox 3619 1570 3788 1623; x_wconf 81' lang='grc' dir='ltr'>ἔλεον.</span> <span class='ocrx_word' id='word_1_208' title='bbox 3831 1569 4024 1636; x_wconf 82' lang='grc' dir='ltr'>Ἡμεῖς</span> 
     </span>
    </p>
   </div>
   <div class='ocr_carea' id='block_1_31' title="bbox 2438 1660 4026 1741">
    <p class='ocr_par' dir='ltr' id='par_1_31' title="bbox 2438 1660 4026 1741">
     <span class='ocr_line' id='line_1_31' title="bbox 2438 1660 4026 1741; baseline -0.009 -16"><span class='ocrx_word' id='word_1_209' title='bbox 2438 1672 2547 1741; x_wconf 81' lang='grc' dir='ltr'><strong>γὰρ</strong></span> <span class='ocrx_word' id='word_1_210' title='bbox 2573 1665 2714 1740; x_wconf 83' lang='grc' dir='ltr'>ἦμεν</span> <span class='ocrx_word' id='word_1_211' title='bbox 2736 1669 2785 1721; x_wconf 80' lang='grc' dir='ltr'>οι</span> <span class='ocrx_word' id='word_1_212' title='bbox 2820 1665 3408 1735; x_wconf 80' lang='grc' dir='ltr'>ἑγκαταλελειμμένοι,</span> <span class='ocrx_word' id='word_1_213' title='bbox 3449 1663 3523 1725; x_wconf 81' lang='grc' dir='ltr'>ὣς</span> <span class='ocrx_word' id='word_1_214' title='bbox 3557 1679 3688 1730; x_wconf 82' lang='grc' dir='ltr'>φησι</span> <span class='ocrx_word' id='word_1_215' title='bbox 3718 1660 3870 1729; x_wconf 79' lang='grc' dir='ltr'><strong>φωνὴ</strong></span> <span class='ocrx_word' id='word_1_216' title='bbox 3903 1661 4026 1711; x_wconf 82' lang='grc' dir='ltr'>θεο-</span> 
     </span>
    </p>
   </div>
   <div class='ocr_carea' id='block_1_32' title="bbox 2437 1749 4022 1829">
    <p class='ocr_par' dir='ltr' id='par_1_32' title="bbox 2437 1749 4022 1829">
     <span class='ocr_line' id='line_1_32' title="bbox 2437 1749 4022 1829; baseline -0.009 -15"><span class='ocrx_word' id='word_1_217' title='bbox 2437 1763 2651 1829; x_wconf 82' lang='grc' dir='ltr'>λογικὴ.</span> <span class='ocrx_word' id='word_1_218' title='bbox 2713 1760 2877 1827; x_wconf 80' lang='grc' dir='ltr'><strong>Λέγει</strong></span> <span class='ocrx_word' id='word_1_219' title='bbox 2926 1758 2983 1812; x_wconf 85' lang='grc' dir='ltr'>δὲ</span> <span class='ocrx_word' id='word_1_220' title='bbox 3031 1757 3128 1810; x_wconf 77' lang='grc' dir='ltr'>καὶ</span> <span class='ocrx_word' id='word_1_221' title='bbox 3182 1754 3341 1808; x_wconf 82' lang='grc' dir='ltr'>τοῦτο</span> <span class='ocrx_word' id='word_1_222' title='bbox 3427 1755 3492 1806; x_wconf 77' lang='grc' dir='ltr'>ἐκ</span> <span class='ocrx_word' id='word_1_223' title='bbox 3557 1750 3854 1821; x_wconf 79' lang='grc' dir='ltr'>προσώπου</span> <span class='ocrx_word' id='word_1_224' title='bbox 3928 1749 4022 1802; x_wconf 75' lang='grc' dir='ltr'>τοῦ</span> 
     </span>
    </p>
   </div>
   <div class='ocr_carea' id='block_1_33' title="bbox 751 1843 2332 1923">
    <p class='ocr_par' dir='ltr' id='par_1_33' title="bbox 751 1848 2332 1920">
     <span class='ocr_line' id='line_1_33' title="bbox 751 1848 2332 1920; baseline 0 -19"><span class='ocrx_word' id='word_1_225' title='bbox 751 1854 963 1906; x_wconf 62' lang='lat' dir='ltr'><strong>ocrisor</strong></span> <span class='ocrx_word' id='word_1_226' title='bbox 983 1854 1258 1915; x_wconf 89' lang='lat' dir='ltr'><strong>evaderet,</strong></span> <span class='ocrx_word' id='word_1_227' title='bbox 1279 1865 1450 1920; x_wconf 90' lang='lat' dir='ltr'><strong>e0que</strong></span> <span class='ocrx_word' id='word_1_228' title='bbox 1477 1850 1892 1918; x_wconf 68' lang='lat' dir='ltr'><strong>progrederetur</strong></span> <span class='ocrx_word' id='word_1_229' title='bbox 1916 1851 2172 1903; x_wconf 46' lang='lat' dir='ltr'><strong>audaciai.</strong></span> <span class='ocrx_word' id='word_1_230' title='bbox 2198 1848 2332 1904; x_wconf 89' lang='lat' dir='ltr'><strong>Cum</strong></span> 
     </span>
    </p>
   </div>
   <div class='ocr_carea' id='block_1_34' title="bbox 2435 1843 4024 1923">
    <p class='ocr_par' dir='ltr' id='par_1_34' title="bbox 2450 1843 4024 1923">
     <span class='ocr_line' id='line_1_34' title="bbox 2450 1843 4024 1923; baseline -0.01 -15"><span class='ocrx_word' id='word_1_231' title='bbox 2450 1854 2688 1923; x_wconf 77' lang='grc' dir='ltr'>Ἰσραὴλ,</span> <span class='ocrx_word' id='word_1_232' title='bbox 2705 1853 2788 1906; x_wconf 77' lang='grc' dir='ltr'><strong>δτι</strong></span> <span class='ocrx_word' id='word_1_233' title='bbox 2806 1849 3042 1920; x_wconf 80' lang='grc' dir='ltr'><strong>τοσαύτη</strong></span> <span class='ocrx_word' id='word_1_234' title='bbox 3063 1849 3291 1918; x_wconf 73' lang='grc' dir='ltr'>γέγονεν</span> <span class='ocrx_word' id='word_1_235' title='bbox 3317 1847 3398 1909; x_wconf 78' lang='grc' dir='ltr'>εἰς</span> <span class='ocrx_word' id='word_1_236' title='bbox 3420 1846 3586 1899; x_wconf 78' lang='grc' dir='ltr'>αὑτὸν</span> <span class='ocrx_word' id='word_1_237' title='bbox 3608 1843 4024 1910; x_wconf 66' lang='grc' dir='ltr'>ὲγκατάλειῲις,</span> 
     </span>
    </p>
   </div>
   <div class='ocr_carea' id='block_1_35' title="bbox 749 1939 2329 2009">
    <p class='ocr_par' dir='ltr' id='par_1_35' title="bbox 749 1939 2329 2009">
     <span class='ocr_line' id='line_1_35' title="bbox 749 1939 2329 2009; baseline 0.001 -18"><span class='ocrx_word' id='word_1_238' title='bbox 749 1953 878 2003; x_wconf 67' lang='lat' dir='ltr'><strong>ergo</strong></span> <span class='ocrx_word' id='word_1_239' title='bbox 926 1955 1043 2006; x_wconf 68' lang='lat' dir='ltr'><strong>quae</strong></span> <span class='ocrx_word' id='word_1_240' title='bbox 1094 1941 1158 1993; x_wconf 90' lang='lat' dir='ltr'><strong>de</strong></span> <span class='ocrx_word' id='word_1_241' title='bbox 1211 1940 1329 2009; x_wconf 91' lang='lat' dir='ltr'><strong>ipso</strong></span> <span class='ocrx_word' id='word_1_242' title='bbox 1376 1948 1526 1993; x_wconf 84' lang='lat' dir='ltr'><strong>crant</strong></span> <span class='ocrx_word' id='word_1_243' title='bbox 1577 1941 1756 1992; x_wconf 85' lang='lat' dir='ltr'><strong>omnia</strong></span> <span class='ocrx_word' id='word_1_244' title='bbox 1805 1939 2098 2006; x_wconf 81' lang='lat' dir='ltr'><strong>explesset,</strong></span> <span class='ocrx_word' id='word_1_245' title='bbox 2138 1940 2272 1992; x_wconf 82' lang='lat' dir='ltr'><strong>dixit</strong></span> <span class='ocrx_word' id='word_1_246' title='bbox 2316 1956 2329 1992; x_wconf 95' lang='lat'>:</span> 
     </span>
    </p>
   </div>
   <div class='ocr_carea' id='block_1_36' title="bbox 755 2030 2330 2101">
    <p class='ocr_par' dir='ltr' id='par_1_36' title="bbox 755 2030 2330 2101">
     <span class='ocr_line' id='line_1_36' title="bbox 755 2030 2330 2101; baseline 0.002 -19"><span class='ocrx_word' id='word_1_247' title='bbox 755 2051 774 2082; x_wconf 72' lang='grc' dir='ltr'><em>α</em></span> <span class='ocrx_word' id='word_1_248' title='bbox 825 2030 1275 2086; x_wconf 87' lang='lat' dir='ltr'><strong>Cunsummatum</strong></span> <span class='ocrx_word' id='word_1_249' title='bbox 1330 2042 1433 2087; x_wconf 90' lang='lat' dir='ltr'><strong>est.</strong></span> <span class='ocrx_word' id='word_1_250' title='bbox 1487 2051 1505 2085; x_wconf 74' lang='grc' dir='ltr'><strong><em>ι</em></strong></span> <span class='ocrx_word' id='word_1_251' title='bbox 1560 2030 1672 2086; x_wconf 83' lang='lat' dir='ltr'><strong>Hoc</strong></span> <span class='ocrx_word' id='word_1_252' title='bbox 1720 2041 1800 2087; x_wconf 90' lang='lat' dir='ltr'><strong>est</strong></span> <span class='ocrx_word' id='word_1_253' title='bbox 1847 2042 1900 2087; x_wconf 91' lang='lat' dir='ltr'><strong>et</strong></span> <span class='ocrx_word' id='word_1_254' title='bbox 1947 2034 2330 2101; x_wconf 82' lang='lat' dir='ltr'><strong>prophetarum</strong></span> 
     </span>
    </p>
   </div>
   <div class='ocr_carea' id='block_1_37' title="bbox 749 2123 2332 2194">
    <p class='ocr_par' dir='ltr' id='par_1_37' title="bbox 749 2123 2332 2194">
     <span class='ocr_line' id='line_1_37' title="bbox 749 2123 2332 2194; baseline 0.001 -16"><span class='ocrx_word' id='word_1_255' title='bbox 749 2128 994 2188; x_wconf 83' lang='lat' dir='ltr'><strong>oracula,</strong></span> <span class='ocrx_word' id='word_1_256' title='bbox 1024 2133 1076 2178; x_wconf 91' lang='lat' dir='ltr'><strong>ct</strong></span> <span class='ocrx_word' id='word_1_257' title='bbox 1111 2125 1291 2178; x_wconf 86' lang='lat' dir='ltr'><strong>divina</strong></span> <span class='ocrx_word' id='word_1_258' title='bbox 1336 2124 1693 2193; x_wconf 79' lang='lat' dir='ltr'><strong>dispensatio,</strong></span> <span class='ocrx_word' id='word_1_259' title='bbox 1729 2130 1783 2179; x_wconf 91' lang='lat' dir='ltr'><strong>et</strong></span> <span class='ocrx_word' id='word_1_260' title='bbox 1817 2123 2038 2179; x_wconf 85' lang='lat' dir='ltr'><strong>Judaica</strong></span> <span class='ocrx_word' id='word_1_261' title='bbox 2084 2125 2332 2194; x_wconf 80' lang='lat' dir='ltr'><strong>impietas</strong></span> 
     </span>
    </p>
   </div>
   <div class='ocr_carea' id='block_1_38' title="bbox 748 2217 2333 2286">
    <p class='ocr_par' dir='ltr' id='par_1_38' title="bbox 748 2217 2333 2286">
     <span class='ocr_line' id='line_1_38' title="bbox 748 2217 2333 2286; baseline 0.001 -16"><span class='ocrx_word' id='word_1_262' title='bbox 748 2221 814 2271; x_wconf 85' lang='lat' dir='ltr'><strong>ad</strong></span> <span class='ocrx_word' id='word_1_263' title='bbox 858 2219 1016 2271; x_wconf 88' lang='lat' dir='ltr'><strong>ftuem</strong></span> <span class='ocrx_word' id='word_1_264' title='bbox 1057 2217 1315 2286; x_wconf 88' lang='lat' dir='ltr'><strong>perducta</strong></span> <span class='ocrx_word' id='word_1_265' title='bbox 1355 2217 1470 2286; x_wconf 80' lang='lat' dir='ltr'><strong>jam</strong></span> <span class='ocrx_word' id='word_1_266' title='bbox 1514 2227 1658 2272; x_wconf 90' lang='lat' dir='ltr'><strong>sunt.</strong></span> <span class='ocrx_word' id='word_1_267' title='bbox 1695 2217 1879 2286; x_wconf 85' lang='lat' dir='ltr'><strong>Itaque</strong></span> <span class='ocrx_word' id='word_1_268' title='bbox 1922 2217 2162 2273; x_wconf 87' lang='lat' dir='ltr'><strong>clamans</strong></span> <span class='ocrx_word' id='word_1_269' title='bbox 2200 2233 2333 2272; x_wconf 90' lang='lat' dir='ltr'><strong>voce</strong></span> 
     </span>
    </p>
   </div>
   <div class='ocr_carea' id='block_1_39' title="bbox 746 2309 2330 2380">
    <p class='ocr_par' dir='ltr' id='par_1_39' title="bbox 746 2309 2330 2380">
     <span class='ocr_line' id='line_1_39' title="bbox 746 2309 2330 2380; baseline 0 -16"><span class='ocrx_word' id='word_1_270' title='bbox 746 2326 943 2380; x_wconf 76' lang='lat' dir='ltr'><strong>magna</strong></span> <span class='ocrx_word' id='word_1_271' title='bbox 977 2329 989 2364; x_wconf 91' lang='lat'>:</span> <span class='ocrx_word' id='word_1_272' title='bbox 1030 2331 1048 2362; x_wconf 75' lang='grc' dir='ltr'><strong>ι</strong></span> <span class='ocrx_word' id='word_1_273' title='bbox 1081 2309 1263 2375; x_wconf 86' lang='lat' dir='ltr'><strong>Pater,</strong></span> <span class='ocrx_word' id='word_1_274' title='bbox 1296 2312 1346 2364; x_wconf 89' lang='lat' dir='ltr'><strong>in</strong></span> <span class='ocrx_word' id='word_1_275' title='bbox 1377 2327 1568 2365; x_wconf 85' lang='lat' dir='ltr'><strong>manus</strong></span> <span class='ocrx_word' id='word_1_276' title='bbox 1599 2324 1717 2365; x_wconf 88' lang='lat' dir='ltr'><strong>tuas</strong></span> <span class='ocrx_word' id='word_1_277' title='bbox 1736 2313 2056 2366; x_wconf 85' lang='lat' dir='ltr'><strong>commendo</strong></span> <span class='ocrx_word' id='word_1_278' title='bbox 2084 2311 2330 2380; x_wconf 79' lang='lat' dir='ltr'><strong>Spiritum</strong></span> 
     </span>
    </p>
   </div>
   <div class='ocr_carea' id='block_1_40' title="bbox 746 2401 2331 2473">
    <p class='ocr_par' dir='ltr' id='par_1_40' title="bbox 746 2401 2331 2473">
     <span class='ocr_line' id='line_1_40' title="bbox 746 2401 2331 2473; baseline 0.001 -18"><span class='ocrx_word' id='word_1_279' title='bbox 746 2417 960 2466; x_wconf 74' lang='lat' dir='ltr'><strong>meum,</strong></span> <span class='ocrx_word' id='word_1_280' title='bbox 1004 2422 1026 2453; x_wconf 68' lang='grc' dir='ltr'><em>ι</em></span> <span class='ocrx_word' id='word_1_281' title='bbox 1075 2409 1129 2455; x_wconf 84' lang='lat' dir='ltr'><strong>et</strong></span> <span class='ocrx_word' id='word_1_282' title='bbox 1174 2413 1333 2470; x_wconf 77' lang='lat' dir='ltr'><strong>caput</strong></span> <span class='ocrx_word' id='word_1_283' title='bbox 1379 2403 1672 2466; x_wconf 65' lang='lat' dir='ltr'><strong>inclinans,</strong></span> <span class='ocrx_word' id='word_1_284' title='bbox 1723 2404 1940 2456; x_wconf 84' lang='lat' dir='ltr'><strong>tradidit</strong></span> <span class='ocrx_word' id='word_1_285' title='bbox 1971 2404 2241 2473; x_wconf 89' lang='lat' dir='ltr'><strong>spiritum.</strong></span> <span class='ocrx_word' id='word_1_286' title='bbox 2277 2401 2331 2457; x_wconf 90' lang='lat' dir='ltr'><strong>ln</strong></span> 
     </span>
    </p>
   </div>
   <div class='ocr_carea' id='block_1_41' title="bbox 748 2491 2334 2561">
    <p class='ocr_par' dir='ltr' id='par_1_41' title="bbox 748 2491 2334 2561">
     <span class='ocr_line' id='line_1_41' title="bbox 748 2491 2334 2561; baseline 0.001 -17"><span class='ocrx_word' id='word_1_287' title='bbox 748 2493 832 2545; x_wconf 88' lang='lat' dir='ltr'><strong>his</strong></span> <span class='ocrx_word' id='word_1_288' title='bbox 863 2502 1041 2544; x_wconf 85' lang='lat' dir='ltr'><strong>autem</strong></span> <span class='ocrx_word' id='word_1_289' title='bbox 1077 2501 1129 2545; x_wconf 93' lang='lat' dir='ltr'><strong>et</strong></span> <span class='ocrx_word' id='word_1_290' title='bbox 1158 2491 1326 2545; x_wconf 86' lang='lat' dir='ltr'><strong>Joelis</strong></span> <span class='ocrx_word' id='word_1_291' title='bbox 1357 2501 1436 2545; x_wconf 88' lang='lat' dir='ltr'><strong>est</strong></span> <span class='ocrx_word' id='word_1_292' title='bbox 1471 2491 1686 2560; x_wconf 86' lang='lat' dir='ltr'><strong>impleta</strong></span> <span class='ocrx_word' id='word_1_293' title='bbox 1726 2492 2002 2561; x_wconf 85' lang='lat' dir='ltr'><strong>prophetia</strong></span> <span class='ocrx_word' id='word_1_294' title='bbox 2045 2511 2058 2546; x_wconf 94' lang='lat'>:</span> <span class='ocrx_word' id='word_1_295' title='bbox 2103 2511 2120 2543; x_wconf 83' lang='lat' dir='ltr'><strong>t</strong></span> <span class='ocrx_word' id='word_1_296' title='bbox 2158 2492 2246 2545; x_wconf 90' lang='lat' dir='ltr'><strong>Sol</strong></span> <span class='ocrx_word' id='word_1_297' title='bbox 2281 2501 2334 2546; x_wconf 90' lang='lat' dir='ltr'><strong>et</strong></span> 
     </span>
    </p>
   </div>
   <div class='ocr_carea' id='block_1_42' title="bbox 747 2580 2332 2646">
    <p class='ocr_par' dir='ltr' id='par_1_42' title="bbox 747 2580 2332 2646">
     <span class='ocr_line' id='line_1_42' title="bbox 747 2580 2332 2646; baseline 0 -10"><span class='ocrx_word' id='word_1_298' title='bbox 747 2584 871 2636; x_wconf 89' lang='lat' dir='ltr'><strong>luna</strong></span> <span class='ocrx_word' id='word_1_299' title='bbox 919 2580 1478 2646; x_wconf 82' lang='lat' dir='ltr'><strong>contenebrabuntur,</strong></span> <span class='ocrx_word' id='word_1_300' title='bbox 1525 2581 1787 2636; x_wconf 89' lang='lat' dir='ltr'><strong>Dominus</strong></span> <span class='ocrx_word' id='word_1_301' title='bbox 1854 2593 2032 2636; x_wconf 88' lang='lat' dir='ltr'><strong>autem</strong></span> <span class='ocrx_word' id='word_1_302' title='bbox 2091 2582 2157 2637; x_wconf 90' lang='lat' dir='ltr'><strong>de</strong></span> <span class='ocrx_word' id='word_1_303' title='bbox 2203 2582 2332 2636; x_wconf 80' lang='lat' dir='ltr'><strong>Sion</strong></span> 
     </span>
    </p>
   </div>
   <div class='ocr_carea' id='block_1_43' title="bbox 748 2673 2324 2736">
    <p class='ocr_par' dir='ltr' id='par_1_43' title="bbox 748 2673 2324 2736">
     <span class='ocr_line' id='line_1_43' title="bbox 748 2673 2324 2736; baseline 0.001 -11"><span class='ocrx_word' id='word_1_304' title='bbox 748 2676 1035 2736; x_wconf 74' lang='lat' dir='ltr'><strong>clamabit,</strong></span> <span class='ocrx_word' id='word_1_305' title='bbox 1067 2685 1122 2727; x_wconf 91' lang='lat' dir='ltr'><strong>et</strong></span> <span class='ocrx_word' id='word_1_306' title='bbox 1167 2677 1231 2729; x_wconf 90' lang='lat' dir='ltr'><strong>de</strong></span> <span class='ocrx_word' id='word_1_307' title='bbox 1274 2673 1573 2728; x_wconf 81' lang='lat' dir='ltr'><strong>Jerusalem</strong></span> <span class='ocrx_word' id='word_1_308' title='bbox 1622 2676 1767 2728; x_wconf 82' lang='lat' dir='ltr'><strong>dal-it</strong></span> <span class='ocrx_word' id='word_1_309' title='bbox 1819 2691 2000 2729; x_wconf 77' lang='lat' dir='ltr'><strong>vocezn</strong></span> <span class='ocrx_word' id='word_1_310' title='bbox 2053 2676 2266 2728; x_wconf 64' lang='lat' dir='ltr'><strong>snam“.</strong></span> <span class='ocrx_word' id='word_1_311' title='bbox 2307 2695 2324 2726; x_wconf 71' lang='grc' dir='ltr'><strong><em>ι</em></strong></span> 
     </span>
    </p>
   </div>
   <div class='ocr_carea' id='block_1_44' title="bbox 747 2768 2332 2836">
    <p class='ocr_par' dir='ltr' id='par_1_44' title="bbox 747 2768 2332 2836">
     <span class='ocr_line' id='line_1_44' title="bbox 747 2768 2332 2836; baseline -0.001 -13"><span class='ocrx_word' id='word_1_312' title='bbox 747 2770 958 2823; x_wconf 77' lang='lat' dir='ltr'><strong>Clamat</strong></span> <span class='ocrx_word' id='word_1_313' title='bbox 993 2783 1124 2822; x_wconf 83' lang='lat' dir='ltr'><strong>voce</strong></span> <span class='ocrx_word' id='word_1_314' title='bbox 1161 2783 1376 2832; x_wconf 70' lang='lat' dir='ltr'><strong>magna,</strong></span> <span class='ocrx_word' id='word_1_315' title='bbox 1413 2781 1472 2820; x_wconf 88' lang='lat' dir='ltr'><strong>ttt</strong></span> <span class='ocrx_word' id='word_1_316' title='bbox 1506 2771 1755 2821; x_wconf 86' lang='lat' dir='ltr'><strong>ostendat</strong></span> <span class='ocrx_word' id='word_1_317' title='bbox 1791 2770 2028 2821; x_wconf 74' lang='lat' dir='ltr'><strong>animum</strong></span> <span class='ocrx_word' id='word_1_318' title='bbox 2073 2768 2239 2836; x_wconf 78' lang='lat'><strong>210</strong></span> <span class='ocrx_word' id='word_1_319' title='bbox 2274 2781 2332 2822; x_wconf 83' lang='lat' dir='ltr'><strong>se</strong></span> 
     </span>
    </p>
   </div>
   <div class='ocr_carea' id='block_1_45' title="bbox 747 2858 2334 2930">
    <p class='ocr_par' dir='ltr' id='par_1_45' title="bbox 747 2858 2334 2930">
     <span class='ocr_line' id='line_1_45' title="bbox 747 2858 2334 2930; baseline 0.001 -18"><span class='ocrx_word' id='word_1_320' title='bbox 747 2875 844 2929; x_wconf 91' lang='lat' dir='ltr'><strong>pro</strong></span> <span class='ocrx_word' id='word_1_321' title='bbox 875 2875 971 2914; x_wconf 81' lang='lat' dir='ltr'><strong>sua</strong></span> <span class='ocrx_word' id='word_1_322' title='bbox 1005 2870 1271 2930; x_wconf 86' lang='lat' dir='ltr'><strong>potestate</strong></span> <span class='ocrx_word' id='word_1_323' title='bbox 1304 2860 1598 2913; x_wconf 85' lang='lat' dir='ltr'><strong>dimittere.</strong></span> <span class='ocrx_word' id='word_1_324' title='bbox 1630 2858 1687 2912; x_wconf 93' lang='lat' dir='ltr'><strong>ln</strong></span> <span class='ocrx_word' id='word_1_325' title='bbox 1721 2859 1895 2912; x_wconf 71' lang='lat' dir='ltr'><strong>Patris</strong></span> <span class='ocrx_word' id='word_1_326' title='bbox 1930 2874 2057 2912; x_wconf 79' lang='lat' dir='ltr'><strong>vero</strong></span> <span class='ocrx_word' id='word_1_327' title='bbox 2086 2861 2334 2913; x_wconf 88' lang='lat' dir='ltr'><strong>manibus</strong></span> 
     </span>
    </p>
   </div>
   <div class='ocr_carea' id='block_1_46' title="bbox 745 2952 2330 3021">
    <p class='ocr_par' dir='ltr' id='par_1_46' title="bbox 745 2952 2330 3021">
     <span class='ocr_line' id='line_1_46' title="bbox 745 2952 2330 3021; baseline -0.001 -14"><span class='ocrx_word' id='word_1_328' title='bbox 745 2970 863 3007; x_wconf 90' lang='lat' dir='ltr'><strong>eam</strong></span> <span class='ocrx_word' id='word_1_329' title='bbox 918 2955 1298 3019; x_wconf 88' lang='lat' dir='ltr'><strong>commendat,</strong></span> <span class='ocrx_word' id='word_1_330' title='bbox 1349 2964 1408 3008; x_wconf 90' lang='lat' dir='ltr'><strong>ttt</strong></span> <span class='ocrx_word' id='word_1_331' title='bbox 1461 2963 1718 3021; x_wconf 85' lang='lat' dir='ltr'><strong>tanquam</strong></span> <span class='ocrx_word' id='word_1_332' title='bbox 1774 2952 2079 3020; x_wconf 87' lang='lat' dir='ltr'><strong>depositum</strong></span> <span class='ocrx_word' id='word_1_333' title='bbox 2135 2954 2330 3006; x_wconf 85' lang='lat' dir='ltr'><strong>iterum</strong></span> 
     </span>
    </p>
   </div>
   <div class='ocr_carea' id='block_1_47' title="bbox 744 3043 2333 3115">
    <p class='ocr_par' dir='ltr' id='par_1_47' title="bbox 744 3043 2333 3115">
     <span class='ocr_line' id='line_1_47' title="bbox 744 3043 2333 3115; baseline -0.002 -15"><span class='ocrx_word' id='word_1_334' title='bbox 744 3057 942 3100; x_wconf 84' lang='lat' dir='ltr'><strong>sumat.</strong></span> <span class='ocrx_word' id='word_1_335' title='bbox 977 3049 1148 3114; x_wconf 81' lang='lat' dir='ltr'><strong>Atque</strong></span> <span class='ocrx_word' id='word_1_336' title='bbox 1183 3049 1282 3100; x_wconf 88' lang='lat' dir='ltr'><strong>hoc</strong></span> <span class='ocrx_word' id='word_1_337' title='bbox 1318 3054 1419 3112; x_wconf 89' lang='lat' dir='ltr'><strong>est,</strong></span> <span class='ocrx_word' id='word_1_338' title='bbox 1452 3047 1595 3115; x_wconf 83' lang='lat' dir='ltr'><strong>quod</strong></span> <span class='ocrx_word' id='word_1_339' title='bbox 1633 3045 1846 3100; x_wconf 77' lang='lat' dir='ltr'><strong>dixerat</strong></span> <span class='ocrx_word' id='word_1_340' title='bbox 1873 3044 2073 3100; x_wconf 62' lang='lat' dir='ltr'><strong>ludatis</strong></span> <span class='ocrx_word' id='word_1_341' title='bbox 2109 3064 2122 3099; x_wconf 92' lang='lat'><strong>:</strong></span> <span class='ocrx_word' id='word_1_342' title='bbox 2166 3063 2184 3096; x_wconf 80' lang='grc' dir='ltr'><strong>ι</strong></span> <span class='ocrx_word' id='word_1_343' title='bbox 2220 3043 2333 3115; x_wconf 81' lang='lat' dir='ltr'><strong>Ego</strong></span> 
     </span>
    </p>
   </div>
   <div class='ocr_carea' id='block_1_48' title="bbox 745 3137 2321 3207">
    <p class='ocr_par' dir='ltr' id='par_1_48' title="bbox 745 3137 2321 3207">
     <span class='ocr_line' id='line_1_48' title="bbox 745 3137 2321 3207; baseline -0.004 -14"><span class='ocrx_word' id='word_1_344' title='bbox 745 3155 885 3207; x_wconf 84' lang='lat' dir='ltr'><strong>pono</strong></span> <span class='ocrx_word' id='word_1_345' title='bbox 934 3139 1168 3192; x_wconf 83' lang='lat' dir='ltr'><strong>animam</strong></span> <span class='ocrx_word' id='word_1_346' title='bbox 1221 3154 1426 3204; x_wconf 84' lang='lat' dir='ltr'><strong>meam,</strong></span> <span class='ocrx_word' id='word_1_347' title='bbox 1460 3147 1516 3192; x_wconf 84' lang='grc' dir='ltr'>ιιι</span> <span class='ocrx_word' id='word_1_348' title='bbox 1556 3138 1753 3191; x_wconf 83' lang='lat' dir='ltr'><strong>iterum</strong></span> <span class='ocrx_word' id='word_1_349' title='bbox 1804 3153 2011 3190; x_wconf 88' lang='lat' dir='ltr'><strong>sumam</strong></span> <span class='ocrx_word' id='word_1_350' title='bbox 2060 3137 2254 3201; x_wconf 84' lang='lat' dir='ltr'><strong>eam’;</strong></span> <span class='ocrx_word' id='word_1_351' title='bbox 2304 3155 2321 3187; x_wconf 71' lang='grc' dir='ltr'><strong>ι</strong></span> 
     </span>
    </p>
   </div>
   <div class='ocr_carea' id='block_1_49' title="bbox 745 3229 2332 3299">
    <p class='ocr_par' dir='ltr' id='par_1_49' title="bbox 745 3229 2332 3299">
     <span class='ocr_line' id='line_1_49' title="bbox 745 3229 2332 3299; baseline -0.001 -16"><span class='ocrx_word' id='word_1_352' title='bbox 745 3231 902 3283; x_wconf 78' lang='lat' dir='ltr'><strong>s&#39;mnl</strong></span> <span class='ocrx_word' id='word_1_353' title='bbox 950 3232 1148 3295; x_wconf 82' lang='lat' dir='ltr'><strong>etiam,</strong></span> <span class='ocrx_word' id='word_1_354' title='bbox 1195 3242 1252 3283; x_wconf 92' lang='lat' dir='ltr'><strong>ut</strong></span> <span class='ocrx_word' id='word_1_355' title='bbox 1301 3231 1456 3284; x_wconf 87' lang='lat' dir='ltr'><strong>nobis</strong></span> <span class='ocrx_word' id='word_1_356' title='bbox 1509 3245 1657 3299; x_wconf 88' lang='lat' dir='ltr'><strong>spem</strong></span> <span class='ocrx_word' id='word_1_357' title='bbox 1711 3230 1894 3292; x_wconf 73' lang='lat' dir='ltr'><strong>daret,</strong></span> <span class='ocrx_word' id='word_1_358' title='bbox 1938 3244 2044 3282; x_wconf 91' lang='lat' dir='ltr'><strong>non</strong></span> <span class='ocrx_word' id='word_1_359' title='bbox 2097 3229 2332 3298; x_wconf 77' lang='lat' dir='ltr'><strong>amplius</strong></span> 
     </span>
    </p>
   </div>
   <div class='ocr_carea' id='block_1_50' title="bbox 746 3319 2334 3385">
    <p class='ocr_par' dir='ltr' id='par_1_50' title="bbox 746 3319 2334 3385">
     <span class='ocr_line' id='line_1_50' title="bbox 746 3319 2334 3385; baseline -0.003 -10"><span class='ocrx_word' id='word_1_360' title='bbox 746 3324 917 3375; x_wconf 87' lang='lat' dir='ltr'><strong>ituras</strong></span> <span class='ocrx_word' id='word_1_361' title='bbox 950 3322 1014 3374; x_wconf 89' lang='lat' dir='ltr'><strong>ad</strong></span> <span class='ocrx_word' id='word_1_362' title='bbox 1049 3320 1274 3385; x_wconf 91' lang='lat' dir='ltr'><strong>inferos,</strong></span> <span class='ocrx_word' id='word_1_363' title='bbox 1308 3323 1400 3374; x_wconf 86' lang='lat' dir='ltr'><strong>sed</strong></span> <span class='ocrx_word' id='word_1_364' title='bbox 1435 3321 1488 3374; x_wconf 92' lang='lat' dir='ltr'><strong>in</strong></span> <span class='ocrx_word' id='word_1_365' title='bbox 1524 3319 1614 3372; x_wconf 91' lang='lat' dir='ltr'><strong>Dei</strong></span> <span class='ocrx_word' id='word_1_366' title='bbox 1655 3335 1814 3372; x_wconf 91' lang='lat' dir='ltr'><strong>manu</strong></span> <span class='ocrx_word' id='word_1_367' title='bbox 1845 3319 2181 3372; x_wconf 83' lang='lat' dir='ltr'><strong>credentium</strong></span> <span class='ocrx_word' id='word_1_368' title='bbox 2217 3319 2334 3372; x_wconf 82' lang='lat' dir='ltr'><strong>ani-</strong></span> 
     </span>
    </p>
   </div>
   <div class='ocr_carea' id='block_1_51' title="bbox 749 3411 2334 3482">
    <p class='ocr_par' dir='ltr' id='par_1_51' title="bbox 749 3411 2334 3482">
     <span class='ocr_line' id='line_1_51' title="bbox 749 3411 2334 3482; baseline -0.001 -16"><span class='ocrx_word' id='word_1_369' title='bbox 749 3430 862 3467; x_wconf 85' lang='lat' dir='ltr'><strong>tuas</strong></span> <span class='ocrx_word' id='word_1_370' title='bbox 908 3414 1023 3482; x_wconf 72' lang='lat'><strong>(66)</strong></span> <span class='ocrx_word' id='word_1_371' title='bbox 1071 3428 1190 3466; x_wconf 84' lang='lat' dir='ltr'><strong>esse</strong></span> <span class='ocrx_word' id='word_1_372' title='bbox 1230 3413 1597 3480; x_wconf 83' lang='lat' dir='ltr'><strong>deponendas.</strong></span> <span class='ocrx_word' id='word_1_373' title='bbox 1629 3411 1857 3464; x_wconf 81' lang='lat' dir='ltr'><strong>Inclinat</strong></span> <span class='ocrx_word' id='word_1_374' title='bbox 1894 3427 2022 3464; x_wconf 90' lang='lat' dir='ltr'><strong>vero</strong></span> <span class='ocrx_word' id='word_1_375' title='bbox 2064 3421 2243 3479; x_wconf 90' lang='lat' dir='ltr'><strong>caput,</strong></span> <span class='ocrx_word' id='word_1_376' title='bbox 2277 3420 2334 3464; x_wconf 92' lang='lat' dir='ltr'><strong>ut</strong></span> 
     </span>
    </p>
   </div>
   <div class='ocr_carea' id='block_1_52' title="bbox 748 3502 2328 3574">
    <p class='ocr_par' dir='ltr' id='par_1_52' title="bbox 748 3502 2328 3574">
     <span class='ocr_line' id='line_1_52' title="bbox 748 3502 2328 3574; baseline -0.003 -16"><span class='ocrx_word' id='word_1_377' title='bbox 748 3517 974 3558; x_wconf 76' lang='lat' dir='ltr'><strong>mortem</strong></span> <span class='ocrx_word' id='word_1_378' title='bbox 1017 3506 1167 3574; x_wconf 88' lang='lat' dir='ltr'><strong>quasi</strong></span> <span class='ocrx_word' id='word_1_379' title='bbox 1211 3504 1462 3557; x_wconf 76' lang='lat' dir='ltr'><strong>famulam</strong></span> <span class='ocrx_word' id='word_1_380' title='bbox 1502 3503 1662 3557; x_wconf 86' lang='lat' dir='ltr'><strong>veluti</strong></span> <span class='ocrx_word' id='word_1_381' title='bbox 1701 3513 1832 3556; x_wconf 89' lang='lat' dir='ltr'><strong>nutu</strong></span> <span class='ocrx_word' id='word_1_382' title='bbox 1874 3503 1940 3554; x_wconf 85' lang='lat' dir='ltr'><strong>ad</strong></span> <span class='ocrx_word' id='word_1_383' title='bbox 1984 3517 2042 3554; x_wconf 93' lang='lat' dir='ltr'><strong>sc</strong></span> <span class='ocrx_word' id='word_1_384' title='bbox 2081 3502 2328 3556; x_wconf 74' lang='lat' dir='ltr'><strong>advocet.</strong></span> 
     </span>
    </p>
   </div>
   <div class='ocr_carea' id='block_1_53' title="bbox 744 3595 2332 3665">
    <p class='ocr_par' dir='ltr' id='par_1_53' title="bbox 744 3595 2332 3665">
     <span class='ocr_line' id='line_1_53' title="bbox 744 3595 2332 3665; baseline -0.001 -15"><span class='ocrx_word' id='word_1_385' title='bbox 744 3596 941 3650; x_wconf 76' lang='lat' dir='ltr'><strong>Libet&#39;e</strong></span> <span class='ocrx_word' id='word_1_386' title='bbox 981 3597 1179 3665; x_wconf 75' lang='grc' dir='ltr'>ηιιίρρθ</span> <span class='ocrx_word' id='word_1_387' title='bbox 1216 3611 1412 3664; x_wconf 88' lang='lat' dir='ltr'><strong>corpus</strong></span> <span class='ocrx_word' id='word_1_388' title='bbox 1448 3610 1604 3648; x_wconf 90' lang='lat' dir='ltr'><strong>suum</strong></span> <span class='ocrx_word' id='word_1_389' title='bbox 1641 3595 1867 3663; x_wconf 72' lang='lat' dir='ltr'><strong>proiecit</strong></span> <span class='ocrx_word' id='word_1_390' title='bbox 1900 3596 1950 3647; x_wconf 92' lang='lat' dir='ltr'><strong>in</strong></span> <span class='ocrx_word' id='word_1_391' title='bbox 1990 3603 2238 3658; x_wconf 73' lang='lat' dir='ltr'><strong>mortem,</strong></span> <span class='ocrx_word' id='word_1_392' title='bbox 2275 3605 2332 3648; x_wconf 93' lang='lat' dir='ltr'><strong>ut</strong></span> 
     </span>
    </p>
   </div>
   <div class='ocr_carea' id='block_1_54' title="bbox 744 3687 2330 3758">
    <p class='ocr_par' dir='ltr' id='par_1_54' title="bbox 744 3687 2330 3758">
     <span class='ocr_line' id='line_1_54' title="bbox 744 3687 2330 3758; baseline 0 -18"><span class='ocrx_word' id='word_1_393' title='bbox 744 3700 800 3742; x_wconf 77' lang='lat' dir='ltr'><strong>nt</strong></span> <span class='ocrx_word' id='word_1_394' title='bbox 842 3697 1032 3742; x_wconf 87' lang='lat' dir='ltr'><strong>natura</strong></span> <span class='ocrx_word' id='word_1_395' title='bbox 1081 3690 1204 3743; x_wconf 78' lang='lat' dir='ltr'><strong>licet</strong></span> <span class='ocrx_word' id='word_1_396' title='bbox 1237 3689 1511 3758; x_wconf 73' lang='lat' dir='ltr'><strong>passionis</strong></span> <span class='ocrx_word' id='word_1_397' title='bbox 1544 3689 1682 3742; x_wconf 79' lang='lat' dir='ltr'><strong>mala</strong></span> <span class='ocrx_word' id='word_1_398' title='bbox 1723 3687 2051 3750; x_wconf 73' lang='lat' dir='ltr'><strong>sustineret,</strong></span> <span class='ocrx_word' id='word_1_399' title='bbox 2081 3698 2134 3739; x_wconf 89' lang='lat' dir='ltr'><strong>et</strong></span> <span class='ocrx_word' id='word_1_400' title='bbox 2168 3702 2330 3755; x_wconf 85' lang='lat' dir='ltr'><strong>supta</strong></span> 
     </span>
    </p>
   </div>
   <div class='ocr_carea' id='block_1_55' title="bbox 750 3779 2330 3850">
    <p class='ocr_par' dir='ltr' id='par_1_55' title="bbox 750 3779 2330 3850">
     <span class='ocr_line' id='line_1_55' title="bbox 750 3779 2330 3850; baseline -0.003 -15"><span class='ocrx_word' id='word_1_401' title='bbox 750 3795 1001 3838; x_wconf 88' lang='lat' dir='ltr'><strong>naturam</strong></span> <span class='ocrx_word' id='word_1_402' title='bbox 1063 3782 1242 3836; x_wconf 89' lang='lat' dir='ltr'><strong>divina</strong></span> <span class='ocrx_word' id='word_1_403' title='bbox 1307 3782 1504 3835; x_wconf 88' lang='lat' dir='ltr'><strong>virtute</strong></span> <span class='ocrx_word' id='word_1_404' title='bbox 1568 3791 1895 3850; x_wconf 70' lang='lat' dir='ltr'><strong>resurgeret.</strong></span> <span class='ocrx_word' id='word_1_405' title='bbox 1945 3779 2139 3834; x_wconf 89' lang='lat' dir='ltr'><strong>Statim</strong></span> <span class='ocrx_word' id='word_1_406' title='bbox 2201 3796 2330 3848; x_wconf 81' lang='lat' dir='ltr'><strong>ergo</strong></span> 
     </span>
    </p>
   </div>
   <div class='ocr_carea' id='block_1_56' title="bbox 743 3874 2331 3945">
    <p class='ocr_par' dir='ltr' id='par_1_56' title="bbox 743 3874 2331 3945">
     <span class='ocr_line' id='line_1_56' title="bbox 743 3874 2331 3945; baseline -0.003 -13"><span class='ocrx_word' id='word_1_407' title='bbox 743 3878 1011 3932; x_wconf 86' lang='lat' dir='ltr'><strong>scinditur</strong></span> <span class='ocrx_word' id='word_1_408' title='bbox 1048 3878 1219 3930; x_wconf 87' lang='lat' dir='ltr'><strong>velum</strong></span> <span class='ocrx_word' id='word_1_409' title='bbox 1261 3876 1477 3945; x_wconf 86' lang='lat' dir='ltr'><strong>templi,</strong></span> <span class='ocrx_word' id='word_1_410' title='bbox 1509 3876 1651 3943; x_wconf 86' lang='lat' dir='ltr'><strong>quod</strong></span> <span class='ocrx_word' id='word_1_411' title='bbox 1689 3885 1807 3929; x_wconf 87' lang='lat' dir='ltr'><strong>erat</strong></span> <span class='ocrx_word' id='word_1_412' title='bbox 1841 3877 2084 3929; x_wconf 77' lang='lat' dir='ltr'><strong>velamen</strong></span> <span class='ocrx_word' id='word_1_413' title='bbox 2121 3876 2175 3927; x_wconf 91' lang='lat' dir='ltr'><strong>in</strong></span> <span class='ocrx_word' id='word_1_414' title='bbox 2215 3874 2331 3942; x_wconf 89' lang='lat' dir='ltr'><strong>ipso</strong></span> 
     </span>
    </p>
   </div>
   <div class='ocr_carea' id='block_1_57' title="bbox 748 3969 2332 4038">
    <p class='ocr_par' dir='ltr' id='par_1_57' title="bbox 748 3969 2332 4038">
     <span class='ocr_line' id='line_1_57' title="bbox 748 3969 2332 4038; baseline 0.001 -18"><span class='ocrx_word' id='word_1_415' title='bbox 748 3971 930 4037; x_wconf 86' lang='lat' dir='ltr'><strong>templi</strong></span> <span class='ocrx_word' id='word_1_416' title='bbox 979 3972 1154 4024; x_wconf 87' lang='lat' dir='ltr'><strong>medio</strong></span> <span class='ocrx_word' id='word_1_417' title='bbox 1200 3985 1264 4023; x_wconf 83' lang='lat' dir='ltr'><strong>ex</strong></span> <span class='ocrx_word' id='word_1_418' title='bbox 1310 3980 1539 4037; x_wconf 87' lang='lat' dir='ltr'><strong>utraque</strong></span> <span class='ocrx_word' id='word_1_419' title='bbox 1584 3976 1737 4038; x_wconf 88' lang='lat' dir='ltr'><strong>parte</strong></span> <span class='ocrx_word' id='word_1_420' title='bbox 1776 3969 2064 4022; x_wconf 84' lang='lat' dir='ltr'><strong>distentum</strong></span> <span class='ocrx_word' id='word_1_421' title='bbox 2110 3985 2170 4021; x_wconf 78' lang='lat' dir='ltr'><strong>ea</strong></span> <span class='ocrx_word' id='word_1_422' title='bbox 2213 3982 2332 4038; x_wconf 70' lang='lat' dir='ltr'><strong>qua:</strong></span> 
     </span>
    </p>
   </div>
   <div class='ocr_carea' id='block_1_58' title="bbox 745 4063 2334 4136">
    <p class='ocr_par' dir='ltr' id='par_1_58' title="bbox 745 4063 2334 4136">
     <span class='ocr_line' id='line_1_58' title="bbox 745 4063 2334 4136; baseline -0.003 -18"><span class='ocrx_word' id='word_1_423' title='bbox 745 4067 796 4118; x_wconf 93' lang='lat' dir='ltr'><strong>in</strong></span> <span class='ocrx_word' id='word_1_424' title='bbox 829 4066 1007 4136; x_wconf 75' lang='lat' dir='ltr'><strong>adytis</strong></span> <span class='ocrx_word' id='word_1_425' title='bbox 1051 4074 1228 4130; x_wconf 88' lang='lat' dir='ltr'><strong>erant,</strong></span> <span class='ocrx_word' id='word_1_426' title='bbox 1258 4073 1312 4118; x_wconf 88' lang='lat' dir='ltr'><strong>et</strong></span> <span class='ocrx_word' id='word_1_427' title='bbox 1343 4063 1441 4118; x_wconf 72' lang='lat' dir='ltr'><strong>spii</strong></span> <span class='ocrx_word' id='word_1_428' title='bbox 1476 4063 1745 4117; x_wconf 76' lang='lat' dir='ltr'><strong>sacerdoti</strong></span> <span class='ocrx_word' id='word_1_429' title='bbox 1779 4064 2069 4132; x_wconf 82' lang='lat' dir='ltr'><strong>spectanda</strong></span> <span class='ocrx_word' id='word_1_430' title='bbox 2105 4064 2334 4116; x_wconf 79' lang='lat' dir='ltr'><strong>abscon-</strong></span> 
     </span>
    </p>
   </div>
   <div class='ocr_carea' id='block_1_59' title="bbox 742 4153 2330 4228">
    <p class='ocr_par' dir='ltr' id='par_1_59' title="bbox 742 4153 2330 4228">
     <span class='ocr_line' id='line_1_59' title="bbox 742 4153 2330 4228; baseline -0.003 -16"><span class='ocrx_word' id='word_1_431' title='bbox 742 4160 909 4222; x_wconf 88' lang='lat' dir='ltr'><strong>dens,</strong></span> <span class='ocrx_word' id='word_1_432' title='bbox 948 4173 1047 4228; x_wconf 82' lang='lat' dir='ltr'><strong>per</strong></span> <span class='ocrx_word' id='word_1_433' title='bbox 1092 4158 1234 4227; x_wconf 88' lang='lat' dir='ltr'><strong>quod</strong></span> <span class='ocrx_word' id='word_1_434' title='bbox 1289 4166 1404 4208; x_wconf 85' lang='lat' dir='ltr'><strong>erat</strong></span> <span class='ocrx_word' id='word_1_435' title='bbox 1457 4171 1714 4210; x_wconf 88' lang='lat' dir='ltr'><strong>accessus</strong></span> <span class='ocrx_word' id='word_1_436' title='bbox 1765 4155 1832 4207; x_wconf 85' lang='lat' dir='ltr'><strong>ad</strong></span> <span class='ocrx_word' id='word_1_437' title='bbox 1888 4156 2023 4223; x_wconf 90' lang='lat' dir='ltr'><strong>ipsa.</strong></span> <span class='ocrx_word' id='word_1_438' title='bbox 2063 4153 2330 4218; x_wconf 89' lang='lat' dir='ltr'><strong>Quoniam</strong></span> 
     </span>
    </p>
   </div>
   <div class='ocr_carea' id='block_1_60' title="bbox 742 4245 2329 4318">
    <p class='ocr_par' dir='ltr' id='par_1_60' title="bbox 742 4245 2329 4318">
     <span class='ocr_line' id='line_1_60' title="bbox 742 4245 2329 4318; baseline -0.003 -15"><span class='ocrx_word' id='word_1_439' title='bbox 742 4269 873 4306; x_wconf 68' lang='grc' dir='ltr'><strong>γει-ο</strong></span> <span class='ocrx_word' id='word_1_440' title='bbox 902 4252 954 4304; x_wconf 83' lang='grc' dir='ltr'><strong>ἰιι</strong></span> <span class='ocrx_word' id='word_1_441' title='bbox 989 4265 1138 4304; x_wconf 91' lang='lat' dir='ltr'><strong>more</strong></span> <span class='ocrx_word' id='word_1_442' title='bbox 1173 4249 1402 4318; x_wconf 88' lang='lat' dir='ltr'><strong>positum</strong></span> <span class='ocrx_word' id='word_1_443' title='bbox 1436 4245 1634 4301; x_wconf 60' lang='lat' dir='ltr'><strong>ludatis</strong></span> <span class='ocrx_word' id='word_1_444' title='bbox 1667 4258 1806 4312; x_wconf 88' lang='lat' dir='ltr'><strong>erat,</strong></span> <span class='ocrx_word' id='word_1_445' title='bbox 1836 4247 2036 4302; x_wconf 85' lang='lat' dir='ltr'><strong>auditis</strong></span> <span class='ocrx_word' id='word_1_446' title='bbox 2073 4247 2127 4299; x_wconf 91' lang='lat' dir='ltr'><strong>in</strong></span> <span class='ocrx_word' id='word_1_447' title='bbox 2161 4245 2329 4300; x_wconf 87' lang='lat' dir='ltr'><strong>Deum</strong></span> 
     </span>
    </p>
   </div>
   <div class='ocr_carea' id='block_1_61' title="bbox 741 4341 2330 4414">
    <p class='ocr_par' dir='ltr' id='par_1_61' title="bbox 741 4341 2330 4414">
     <span class='ocr_line' id='line_1_61' title="bbox 741 4341 2330 4414; baseline -0.004 -14"><span class='ocrx_word' id='word_1_448' title='bbox 741 4345 1118 4414; x_wconf 75' lang='lat' dir='ltr'><strong>ltlnspltemiis,</strong></span> <span class='ocrx_word' id='word_1_449' title='bbox 1146 4344 1463 4399; x_wconf 82' lang='lat' dir='ltr'><strong>vestimenta</strong></span> <span class='ocrx_word' id='word_1_450' title='bbox 1491 4341 1798 4395; x_wconf 90' lang='lat' dir='ltr'><strong>discindere</strong></span> <span class='ocrx_word' id='word_1_451' title='bbox 1828 4359 1842 4395; x_wconf 87' lang='lat'><strong>:</strong></span> <span class='ocrx_word' id='word_1_452' title='bbox 1876 4341 2134 4410; x_wconf 92' lang='lat' dir='ltr'><strong>templum</strong></span> <span class='ocrx_word' id='word_1_453' title='bbox 2168 4342 2330 4395; x_wconf 89' lang='lat' dir='ltr'><strong>etiam</strong></span> 
     </span>
    </p>
   </div>
   <div class='ocr_carea' id='block_1_62' title="bbox 743 4432 2332 4509">
    <p class='ocr_par' dir='ltr' id='par_1_62' title="bbox 743 4432 2332 4509">
     <span class='ocr_line' id='line_1_62' title="bbox 743 4432 2332 4509; baseline -0.001 -19"><span class='ocrx_word' id='word_1_454' title='bbox 743 4440 1040 4509; x_wconf 74' lang='lat' dir='ltr'><strong>lugentium</strong></span> <span class='ocrx_word' id='word_1_455' title='bbox 1078 4438 1314 4506; x_wconf 89' lang='lat' dir='ltr'><strong>speciem</strong></span> <span class='ocrx_word' id='word_1_456' title='bbox 1351 4451 1458 4504; x_wconf 71' lang='lat' dir='ltr'><strong>pra:</strong></span> <span class='ocrx_word' id='word_1_457' title='bbox 1495 4449 1552 4488; x_wconf 92' lang='lat' dir='ltr'><strong>se</strong></span> <span class='ocrx_word' id='word_1_458' title='bbox 1589 4432 1715 4497; x_wconf 90' lang='lat' dir='ltr'><strong>fert,</strong></span> <span class='ocrx_word' id='word_1_459' title='bbox 1752 4449 1921 4502; x_wconf 76' lang='lat' dir='ltr'><strong>usque</strong></span> <span class='ocrx_word' id='word_1_460' title='bbox 1956 4434 2092 4486; x_wconf 89' lang='lat' dir='ltr'><strong>adeo</strong></span> <span class='ocrx_word' id='word_1_461' title='bbox 2125 4433 2332 4488; x_wconf 87' lang='lat' dir='ltr'><strong>facinus</strong></span> 
     </span>
    </p>
   </div>
   <div class='ocr_carea' id='block_1_63' title="bbox 2435 1936 4024 2010">
    <p class='ocr_par' dir='ltr' id='par_1_63' title="bbox 2435 1936 4024 2010">
     <span class='ocr_line' id='line_1_63' title="bbox 2435 1936 4024 2010; baseline -0.008 -12"><span class='ocrx_word' id='word_1_462' title='bbox 2435 1946 2510 2009; x_wconf 78' lang='grc' dir='ltr'>ὡς</span> <span class='ocrx_word' id='word_1_463' title='bbox 2539 1945 2821 2006; x_wconf 81' lang='grc' dir='ltr'>θεοκτὸνος</span> <span class='ocrx_word' id='word_1_464' title='bbox 2851 1941 3130 2010; x_wconf 86' lang='grc' dir='ltr'>γενέσθαι,</span> <span class='ocrx_word' id='word_1_465' title='bbox 3183 1942 3278 1994; x_wconf 85' lang='grc' dir='ltr'><strong>καί</strong></span> <span class='ocrx_word' id='word_1_466' title='bbox 3328 1940 3490 2009; x_wconf 81' lang='grc' dir='ltr'>μέχρι</span> <span class='ocrx_word' id='word_1_467' title='bbox 3520 1937 3777 1990; x_wconf 83' lang='grc' dir='ltr'>τοσούτου</span> <span class='ocrx_word' id='word_1_468' title='bbox 3817 1936 4024 2004; x_wconf 74' lang='grc' dir='ltr'>φθάσαι</span> 
     </span>
    </p>
   </div>
   <div class='ocr_carea' id='block_1_64' title="bbox 2436 2026 4028 2106">
    <p class='ocr_par' dir='ltr' id='par_1_64' title="bbox 2436 2026 4028 2106">
     <span class='ocr_line' id='line_1_64' title="bbox 2436 2026 4028 2106; baseline -0.011 -15"><span class='ocrx_word' id='word_1_469' title='bbox 2436 2037 2809 2106; x_wconf 77' lang='grc' dir='ltr'>τολμήματος.</span> <span class='ocrx_word' id='word_1_470' title='bbox 2864 2033 3050 2087; x_wconf 86' lang='grc' dir='ltr'>Πάντα</span> <span class='ocrx_word' id='word_1_471' title='bbox 3088 2032 3144 2085; x_wconf 82' lang='grc' dir='ltr'>δὲ</span> <span class='ocrx_word' id='word_1_472' title='bbox 3176 2033 3245 2084; x_wconf 79' lang='grc' dir='ltr'>τὰ</span> <span class='ocrx_word' id='word_1_473' title='bbox 3298 2032 3429 2099; x_wconf 81' lang='grc' dir='ltr'>περὶ</span> <span class='ocrx_word' id='word_1_474' title='bbox 3464 2030 3631 2084; x_wconf 80' lang='grc' dir='ltr'>αὑτοῦ</span> <span class='ocrx_word' id='word_1_475' title='bbox 3666 2027 3769 2097; x_wconf 71' lang='grc' dir='ltr'><strong>ἤδη</strong></span> <span class='ocrx_word' id='word_1_476' title='bbox 3819 2026 4028 2096; x_wconf 75' lang='grc' dir='ltr'>πεπληο</span> 
     </span>
    </p>
   </div>
   <div class='ocr_carea' id='block_1_65' title="bbox 2443 2119 4028 2200">
    <p class='ocr_par' dir='ltr' id='par_1_65' title="bbox 2443 2119 4028 2200">
     <span class='ocr_line' id='line_1_65' title="bbox 2443 2119 4028 2200; baseline -0.009 -16"><span class='ocrx_word' id='word_1_477' title='bbox 2443 2129 2655 2200; x_wconf 74' lang='grc' dir='ltr'>ρωκὼς,</span> <span class='ocrx_word' id='word_1_478' title='bbox 2696 2123 2854 2181; x_wconf 76' lang='grc' dir='ltr'>εἷπε·</span> <span class='ocrx_word' id='word_1_479' title='bbox 2895 2145 2914 2178; x_wconf 73' lang='lat' dir='ltr'><strong>c</strong></span> <span class='ocrx_word' id='word_1_480' title='bbox 2950 2126 3297 2179; x_wconf 78' lang='grc' dir='ltr'>Τετέλεσται.</span> <span class='ocrx_word' id='word_1_481' title='bbox 3331 2143 3349 2176; x_wconf 79' lang='lat' dir='ltr'><strong>s</strong></span> <span class='ocrx_word' id='word_1_482' title='bbox 3386 2123 3650 2176; x_wconf 79' lang='grc' dir='ltr'>Τουτέστι</span> <span class='ocrx_word' id='word_1_483' title='bbox 3686 2122 3782 2174; x_wconf 76' lang='grc' dir='ltr'><strong>καὶ</strong></span> <span class='ocrx_word' id='word_1_484' title='bbox 3814 2120 3881 2172; x_wconf 80' lang='grc' dir='ltr'>τὰ</span> <span class='ocrx_word' id='word_1_485' title='bbox 3915 2119 4028 2171; x_wconf 75' lang='grc' dir='ltr'>τῶν</span> 
     </span>
    </p>
   </div>
   <div class='ocr_carea' id='block_1_66' title="bbox 2438 2212 4029 2293">
    <p class='ocr_par' dir='ltr' id='par_1_66' title="bbox 2438 2212 4029 2293">
     <span class='ocr_line' id='line_1_66' title="bbox 2438 2212 4029 2293; baseline -0.007 -18"><span class='ocrx_word' id='word_1_486' title='bbox 2438 2222 2754 2293; x_wconf 82' lang='grc' dir='ltr'>προφητῶν,</span> <span class='ocrx_word' id='word_1_487' title='bbox 2790 2221 2885 2274; x_wconf 77' lang='grc' dir='ltr'>καὶ</span> <span class='ocrx_word' id='word_1_488' title='bbox 2920 2220 2987 2273; x_wconf 70' lang='grc' dir='ltr'>τὰ</span> <span class='ocrx_word' id='word_1_489' title='bbox 3022 2221 3121 2289; x_wconf 83' lang='grc' dir='ltr'><strong>τῆς</strong></span> <span class='ocrx_word' id='word_1_490' title='bbox 3151 2217 3489 2286; x_wconf 76' lang='grc' dir='ltr'>οἰκονομίας,</span> <span class='ocrx_word' id='word_1_491' title='bbox 3525 2217 3619 2269; x_wconf 79' lang='grc' dir='ltr'><strong>καὶ</strong></span> <span class='ocrx_word' id='word_1_492' title='bbox 3662 2216 3731 2268; x_wconf 65' lang='grc' dir='ltr'>τιτι</span> <span class='ocrx_word' id='word_1_493' title='bbox 3755 2217 3856 2284; x_wconf 73' lang='grc' dir='ltr'>τῆς</span> <span class='ocrx_word' id='word_1_494' title='bbox 3898 2212 4029 2265; x_wconf 78' lang='grc' dir='ltr'>Ἰου-</span> 
     </span>
    </p>
   </div>
   <div class='ocr_carea' id='block_1_67' title="bbox 2435 2307 4028 2382">
    <p class='ocr_par' dir='ltr' id='par_1_67' title="bbox 2435 2307 4028 2382">
     <span class='ocr_line' id='line_1_67' title="bbox 2435 2307 4028 2382; baseline -0.006 -15"><span class='ocrx_word' id='word_1_495' title='bbox 2435 2315 2630 2382; x_wconf 67' lang='grc' dir='ltr'>δαϊκῆς</span> <span class='ocrx_word' id='word_1_496' title='bbox 2682 2313 2939 2376; x_wconf 74' lang='grc' dir='ltr'>ἀσεϐείας</span> <span class='ocrx_word' id='word_1_497' title='bbox 2981 2313 3158 2382; x_wconf 85' lang='grc' dir='ltr'>πέρας</span> <span class='ocrx_word' id='word_1_498' title='bbox 3203 2313 3445 2376; x_wconf 73' lang='grc' dir='ltr'>ἐδέξατο.</span> <span class='ocrx_word' id='word_1_499' title='bbox 3491 2311 3601 2362; x_wconf 72' lang='grc' dir='ltr'><strong>Καὶ</strong></span> <span class='ocrx_word' id='word_1_500' title='bbox 3630 2307 3774 2361; x_wconf 79' lang='grc' dir='ltr'>οὔτω</span> <span class='ocrx_word' id='word_1_501' title='bbox 3814 2307 4028 2376; x_wconf 77' lang='grc' dir='ltr'>κράξας</span> 
     </span>
    </p>
   </div>
   <div class='ocr_carea' id='block_1_68' title="bbox 2438 2397 4026 2476">
    <p class='ocr_par' dir='ltr' id='par_1_68' title="bbox 2438 2397 4026 2476">
     <span class='ocr_line' id='line_1_68' title="bbox 2438 2397 4026 2476; baseline -0.009 -16"><span class='ocrx_word' id='word_1_502' title='bbox 2438 2410 2587 2476; x_wconf 72' lang='grc' dir='ltr'><strong>φωνῇ</strong></span> <span class='ocrx_word' id='word_1_503' title='bbox 2631 2405 2879 2476; x_wconf 81' lang='grc' dir='ltr'>μεγά).ῃ’</span> <span class='ocrx_word' id='word_1_504' title='bbox 2920 2423 2937 2456; x_wconf 78' lang='grc' dir='ltr'><strong>ι</strong></span> <span class='ocrx_word' id='word_1_505' title='bbox 2973 2405 3177 2472; x_wconf 86' lang='grc' dir='ltr'>Πάτερ,</span> <span class='ocrx_word' id='word_1_506' title='bbox 3213 2404 3291 2464; x_wconf 82' lang='grc' dir='ltr'><strong>είς</strong></span> <span class='ocrx_word' id='word_1_507' title='bbox 3315 2400 3507 2471; x_wconf 81' lang='grc' dir='ltr'>χεῖράς</span> <span class='ocrx_word' id='word_1_508' title='bbox 3551 2416 3646 2451; x_wconf 90' lang='grc' dir='ltr'><strong>σου</strong></span> <span class='ocrx_word' id='word_1_509' title='bbox 3678 2397 4026 2465; x_wconf 67' lang='grc' dir='ltr'>παρατίθημι</span> 
     </span>
    </p>
   </div>
   <div class='ocr_carea' id='block_1_69' title="bbox 2436 2488 4028 2567">
    <p class='ocr_par' dir='ltr' id='par_1_69' title="bbox 2436 2488 4028 2567">
     <span class='ocr_line' id='line_1_69' title="bbox 2436 2488 4028 2567; baseline -0.011 -13"><span class='ocrx_word' id='word_1_510' title='bbox 2436 2505 2496 2554; x_wconf 69' lang='grc' dir='ltr'>τὸ</span> <span class='ocrx_word' id='word_1_511' title='bbox 2521 2498 2740 2566; x_wconf 68' lang='grc' dir='ltr'>πνεῦμά</span> <span class='ocrx_word' id='word_1_512' title='bbox 2775 2515 2900 2567; x_wconf 87' lang='grc' dir='ltr'>μου,</span> <span class='ocrx_word' id='word_1_513' title='bbox 2929 2515 2946 2548; x_wconf 77' lang='grc' dir='ltr'><strong>ι</strong></span> <span class='ocrx_word' id='word_1_514' title='bbox 2977 2497 3071 2548; x_wconf 74' lang='grc' dir='ltr'>καὶ</span> <span class='ocrx_word' id='word_1_515' title='bbox 3102 2495 3290 2558; x_wconf 78' lang='grc' dir='ltr'>κλίνας</span> <span class='ocrx_word' id='word_1_516' title='bbox 3318 2494 3418 2561; x_wconf 79' lang='grc' dir='ltr'><strong>τὴν</strong></span> <span class='ocrx_word' id='word_1_517' title='bbox 3445 2492 3709 2560; x_wconf 81' lang='grc' dir='ltr'>κεφαλὴν,</span> <span class='ocrx_word' id='word_1_518' title='bbox 3736 2488 4028 2558; x_wconf 73' lang='grc' dir='ltr'>παρέδωκε</span> 
     </span>
    </p>
   </div>
   <div class='ocr_carea' id='block_1_70' title="bbox 2435 2583 4026 2659">
    <p class='ocr_par' dir='ltr' id='par_1_70' title="bbox 2435 2583 4026 2659">
     <span class='ocr_line' id='line_1_70' title="bbox 2435 2583 4026 2659; baseline -0.008 -13"><span class='ocrx_word' id='word_1_519' title='bbox 2435 2595 2498 2646; x_wconf 81' lang='grc' dir='ltr'><strong>τὸ</strong></span> <span class='ocrx_word' id='word_1_520' title='bbox 2552 2592 2791 2659; x_wconf 73' lang='grc' dir='ltr'>πνεῦμα.</span> <span class='ocrx_word' id='word_1_521' title='bbox 2852 2589 2942 2641; x_wconf 86' lang='grc' dir='ltr'>Ἐν</span> <span class='ocrx_word' id='word_1_522' title='bbox 2988 2588 3043 2641; x_wconf 81' lang='grc' dir='ltr'>δὲ</span> <span class='ocrx_word' id='word_1_523' title='bbox 3077 2586 3420 2654; x_wconf 55' lang='grc' dir='ltr'>τούτοκμαὶ</span> <span class='ocrx_word' id='word_1_524' title='bbox 3449 2587 3476 2636; x_wconf 80' lang='grc' dir='ltr'>ὁ</span> <span class='ocrx_word' id='word_1_525' title='bbox 3506 2585 3601 2637; x_wconf 76' lang='grc' dir='ltr'>τοῦ</span> <span class='ocrx_word' id='word_1_526' title='bbox 3651 2584 3804 2649; x_wconf 78' lang='grc' dir='ltr'><strong>Ἰωὴλ</strong></span> <span class='ocrx_word' id='word_1_527' title='bbox 3849 2583 4026 2652; x_wconf 53' lang='lat' dir='ltr'><strong>tm-</strong></span> 
     </span>
    </p>
   </div>
   <div class='ocr_carea' id='block_1_71' title="bbox 2442 2678 4026 2758">
    <p class='ocr_par' dir='ltr' id='par_1_71' title="bbox 2442 2678 4026 2758">
     <span class='ocr_line' id='line_1_71' title="bbox 2442 2678 4026 2758; baseline -0.008 -18"><span class='ocrx_word' id='word_1_528' title='bbox 2442 2687 2601 2758; x_wconf 82' lang='grc' dir='ltr'><strong>ροῦτο</strong></span> <span class='ocrx_word' id='word_1_529' title='bbox 2630 2684 2923 2758; x_wconf 81' lang='grc' dir='ltr'>χρησμός·</span> <span class='ocrx_word' id='word_1_530' title='bbox 2967 2700 2986 2734; x_wconf 81' lang='lat' dir='ltr'><strong>t</strong></span> <span class='ocrx_word' id='word_1_531' title='bbox 3023 2683 3082 2735; x_wconf 89' lang='lat'><strong>&#39;0</strong></span> <span class='ocrx_word' id='word_1_532' title='bbox 3106 2683 3257 2751; x_wconf 82' lang='grc' dir='ltr'>ἧλιος</span> <span class='ocrx_word' id='word_1_533' title='bbox 3288 2683 3382 2733; x_wconf 70' lang='grc' dir='ltr'><strong>καὶ</strong></span> <span class='ocrx_word' id='word_1_534' title='bbox 3407 2682 3604 2750; x_wconf 77' lang='grc' dir='ltr'>σελήνη</span> <span class='ocrx_word' id='word_1_535' title='bbox 3639 2678 4026 2742; x_wconf 81' lang='grc' dir='ltr'>σκοτάσουσιν,</span> 
     </span>
    </p>
   </div>
   <div class='ocr_carea' id='block_1_72' title="bbox 2437 2769 4024 2849">
    <p class='ocr_par' dir='ltr' id='par_1_72' title="bbox 2437 2769 4024 2849">
     <span class='ocr_line' id='line_1_72' title="bbox 2437 2769 4024 2849; baseline -0.01 -14"><span class='ocrx_word' id='word_1_536' title='bbox 2437 2785 2464 2835; x_wconf 79' lang='grc' dir='ltr'><strong>δ</strong></span> <span class='ocrx_word' id='word_1_537' title='bbox 2499 2781 2557 2834; x_wconf 84' lang='grc' dir='ltr'>δὲ</span> <span class='ocrx_word' id='word_1_538' title='bbox 2598 2779 2800 2849; x_wconf 85' lang='grc' dir='ltr'>Κύριος</span> <span class='ocrx_word' id='word_1_539' title='bbox 2835 2779 2900 2829; x_wconf 81' lang='grc' dir='ltr'>ὲκ</span> <span class='ocrx_word' id='word_1_540' title='bbox 2951 2772 3091 2826; x_wconf 84' lang='grc' dir='ltr'><strong>Σιὼν</strong></span> <span class='ocrx_word' id='word_1_541' title='bbox 3140 2772 3534 2842; x_wconf 77' lang='grc' dir='ltr'>άνακράξεται,</span> <span class='ocrx_word' id='word_1_542' title='bbox 3588 2773 3681 2823; x_wconf 69' lang='grc' dir='ltr'><strong>καὶ</strong></span> <span class='ocrx_word' id='word_1_543' title='bbox 3717 2771 3776 2821; x_wconf 82' lang='grc' dir='ltr'>ὲν</span> <span class='ocrx_word' id='word_1_544' title='bbox 3816 2769 4024 2836; x_wconf 77' lang='grc' dir='ltr'>Ἰερου-</span> 
     </span>
    </p>
   </div>
   <div class='ocr_carea' id='block_1_73' title="bbox 2439 2862 4027 2944">
    <p class='ocr_par' dir='ltr' id='par_1_73' title="bbox 2439 2862 4027 2944">
     <span class='ocr_line' id='line_1_73' title="bbox 2439 2862 4027 2944; baseline -0.011 -16"><span class='ocrx_word' id='word_1_545' title='bbox 2439 2875 2622 2944; x_wconf 82' lang='grc' dir='ltr'>σαλὴμ</span> <span class='ocrx_word' id='word_1_546' title='bbox 2654 2871 2817 2926; x_wconf 87' lang='grc' dir='ltr'>δώσει</span> <span class='ocrx_word' id='word_1_547' title='bbox 2840 2867 3022 2941; x_wconf 80' lang='grc' dir='ltr'>φωνὴν</span> <span class='ocrx_word' id='word_1_548' title='bbox 3047 2867 3234 2920; x_wconf 71' lang='grc' dir='ltr'>αὑτοῦ.</span> <span class='ocrx_word' id='word_1_549' title='bbox 3265 2885 3284 2918; x_wconf 80' lang='lat' dir='ltr'><strong>s</strong></span> <span class='ocrx_word' id='word_1_550' title='bbox 3315 2868 3470 2936; x_wconf 79' lang='grc' dir='ltr'><strong>Φωνῇ</strong></span> <span class='ocrx_word' id='word_1_551' title='bbox 3506 2865 3561 2918; x_wconf 76' lang='grc' dir='ltr'>δὲ</span> <span class='ocrx_word' id='word_1_552' title='bbox 3593 2862 3806 2934; x_wconf 80' lang='grc' dir='ltr'><strong>μεγάλῃ</strong></span> <span class='ocrx_word' id='word_1_553' title='bbox 3830 2862 4027 2929; x_wconf 70' lang='grc' dir='ltr'>φωνεῖ,</span> 
     </span>
    </p>
   </div>
   <div class='ocr_carea' id='block_1_74' title="bbox 2435 2956 4028 3028">
    <p class='ocr_par' dir='ltr' id='par_1_74' title="bbox 2435 2956 4028 3028">
     <span class='ocr_line' id='line_1_74' title="bbox 2435 2956 4028 3028; baseline -0.01 -7"><span class='ocrx_word' id='word_1_554' title='bbox 2435 2968 2660 3028; x_wconf 81' lang='grc' dir='ltr'>δεικνὺς</span> <span class='ocrx_word' id='word_1_555' title='bbox 2711 2965 2793 3017; x_wconf 83' lang='grc' dir='ltr'><strong>ὅτι</strong></span> <span class='ocrx_word' id='word_1_556' title='bbox 2843 2963 2963 3014; x_wconf 80' lang='grc' dir='ltr'>κατ’</span> <span class='ocrx_word' id='word_1_557' title='bbox 3005 2958 3272 3025; x_wconf 42' lang='grc' dir='ltr'>ἐξουσίαν,</span> <span class='ocrx_word' id='word_1_558' title='bbox 3301 2959 3498 3027; x_wconf 80' lang='grc' dir='ltr'>ἀφίησι</span> <span class='ocrx_word' id='word_1_559' title='bbox 3548 2958 3647 3027; x_wconf 78' lang='grc' dir='ltr'>τὴν</span> <span class='ocrx_word' id='word_1_560' title='bbox 3684 2957 3890 3025; x_wconf 61' lang='grc' dir='ltr'>ψυχὴν.</span> <span class='ocrx_word' id='word_1_561' title='bbox 3931 2956 4028 3016; x_wconf 82' lang='grc' dir='ltr'><strong>Εἰς</strong></span> 
     </span>
    </p>
   </div>
   <div class='ocr_carea' id='block_1_75' title="bbox 2437 3045 4030 3128">
    <p class='ocr_par' dir='ltr' id='par_1_75' title="bbox 2437 3045 4030 3128">
     <span class='ocr_line' id='line_1_75' title="bbox 2437 3045 4030 3128; baseline -0.009 -18"><span class='ocrx_word' id='word_1_562' title='bbox 2437 3059 2630 3128; x_wconf 84' lang='grc' dir='ltr'>χεῖρας</span> <span class='ocrx_word' id='word_1_563' title='bbox 2655 3055 2710 3108; x_wconf 70' lang='grc' dir='ltr'>δὶ</span> <span class='ocrx_word' id='word_1_564' title='bbox 2742 3051 2837 3105; x_wconf 81' lang='grc' dir='ltr'>τοῦ</span> <span class='ocrx_word' id='word_1_565' title='bbox 2873 3051 3086 3121; x_wconf 74' lang='grc' dir='ltr'>Πατρδς</span> <span class='ocrx_word' id='word_1_566' title='bbox 3119 3048 3511 3119; x_wconf 80' lang='grc' dir='ltr'>παρατίθησιν,</span> <span class='ocrx_word' id='word_1_567' title='bbox 3542 3047 3608 3099; x_wconf 82' lang='grc' dir='ltr'><strong>ἶν’</strong></span> <span class='ocrx_word' id='word_1_568' title='bbox 3631 3045 3793 3108; x_wconf 78' lang='grc' dir='ltr'>αὖθις</span> <span class='ocrx_word' id='word_1_569' title='bbox 3811 3047 3887 3106; x_wconf 85' lang='grc' dir='ltr'>ὠς</span> <span class='ocrx_word' id='word_1_570' title='bbox 3917 3061 4030 3095; x_wconf 75' lang='grc' dir='ltr'>πο.-</span> 
     </span>
    </p>
   </div>
   <div class='ocr_carea' id='block_1_76' title="bbox 2359 3132 4031 3252">
    <p class='ocr_par' dir='ltr' id='par_1_76' title="bbox 2359 3132 4031 3252">
     <span class='ocr_line' id='line_1_76' title="bbox 2359 3132 4031 3252; baseline -0.01 -51"><span class='ocrx_word' id='word_1_571' title='bbox 2359 3195 2402 3252; x_wconf 76' lang='lat' dir='ltr'><strong><em>C</em></strong></span> <span class='ocrx_word' id='word_1_572' title='bbox 2439 3145 2828 3216; x_wconf 80' lang='grc' dir='ltr'>ρακαταθήκην</span> <span class='ocrx_word' id='word_1_573' title='bbox 2853 3140 2992 3210; x_wconf 70' lang='grc' dir='ltr'>λάϐῃ</span> <span class='ocrx_word' id='word_1_574' title='bbox 3027 3139 3217 3210; x_wconf 80' lang='grc' dir='ltr'>αὐτὴν,</span> <span class='ocrx_word' id='word_1_575' title='bbox 3239 3137 3517 3192; x_wconf 73' lang='grc' dir='ltr'>καὶτοῦτο</span> <span class='ocrx_word' id='word_1_576' title='bbox 3548 3132 3640 3206; x_wconf 81' lang='grc' dir='ltr'><strong>ἦν,</strong></span> <span class='ocrx_word' id='word_1_577' title='bbox 3668 3135 3696 3188; x_wconf 84' lang='grc' dir='ltr'><strong>δ</strong></span> <span class='ocrx_word' id='word_1_578' title='bbox 3731 3135 3883 3202; x_wconf 72' lang='grc' dir='ltr'>ἔλεγε</span> <span class='ocrx_word' id='word_1_579' title='bbox 3913 3136 4031 3196; x_wconf 79' lang='grc' dir='ltr'>τοίς</span> 
     </span>
    </p>
   </div>
   <div class='ocr_carea' id='block_1_77' title="bbox 2451 3228 4032 3302">
    <p class='ocr_par' dir='ltr' id='par_1_77' title="bbox 2451 3228 4032 3302">
     <span class='ocr_line' id='line_1_77' title="bbox 2451 3228 4032 3302; baseline -0.009 -8"><span class='ocrx_word' id='word_1_580' title='bbox 2451 3239 2730 3300; x_wconf 79' lang='grc' dir='ltr'>Ἰουδαίοις</span> <span class='ocrx_word' id='word_1_581' title='bbox 2754 3255 2767 3267; x_wconf 82' lang='grc'><strong><em>-</em></strong></span> <span class='ocrx_word' id='word_1_582' title='bbox 2797 3255 2814 3287; x_wconf 80' lang='grc' dir='ltr'><strong>ε</strong></span> <span class='ocrx_word' id='word_1_583' title='bbox 2856 3233 2997 3301; x_wconf 78' lang='grc' dir='ltr'><strong>Ἐγὼ</strong></span> <span class='ocrx_word' id='word_1_584' title='bbox 3031 3233 3225 3302; x_wconf 88' lang='grc' dir='ltr'>τίθημι</span> <span class='ocrx_word' id='word_1_585' title='bbox 3256 3232 3354 3300; x_wconf 80' lang='grc' dir='ltr'><strong>τὴν</strong></span> <span class='ocrx_word' id='word_1_586' title='bbox 3384 3230 3565 3300; x_wconf 78' lang='grc' dir='ltr'>ψυχήν</span> <span class='ocrx_word' id='word_1_587' title='bbox 3598 3248 3722 3300; x_wconf 86' lang='grc' dir='ltr'>μου,</span> <span class='ocrx_word' id='word_1_588' title='bbox 3749 3229 3838 3282; x_wconf 84' lang='grc' dir='ltr'><strong>ίνα</strong></span> <span class='ocrx_word' id='word_1_589' title='bbox 3858 3228 4032 3282; x_wconf 83' lang='grc' dir='ltr'>πάλιν</span> 
     </span>
    </p>
   </div>
   <div class='ocr_carea' id='block_1_78' title="bbox 2435 3321 4031 3398">
    <p class='ocr_par' dir='ltr' id='par_1_78' title="bbox 2435 3321 4031 3398">
     <span class='ocr_line' id='line_1_78' title="bbox 2435 3321 4031 3398; baseline -0.011 -11"><span class='ocrx_word' id='word_1_590' title='bbox 2435 3335 2585 3387; x_wconf 79' lang='grc' dir='ltr'>λάϐω</span> <span class='ocrx_word' id='word_1_591' title='bbox 2624 3332 2817 3398; x_wconf 72' lang='grc' dir='ltr'>αὑτήν.</span> <span class='ocrx_word' id='word_1_592' title='bbox 2854 3349 2871 3381; x_wconf 72' lang='grc' dir='ltr'><strong>ι</strong></span> <span class='ocrx_word' id='word_1_593' title='bbox 2916 3329 3028 3382; x_wconf 78' lang='grc' dir='ltr'><strong>Καὶ</strong></span> <span class='ocrx_word' id='word_1_594' title='bbox 3076 3327 3196 3394; x_wconf 71' lang='grc' dir='ltr'><strong>ἅμα</strong></span> <span class='ocrx_word' id='word_1_595' title='bbox 3249 3324 3428 3385; x_wconf 81' lang='grc' dir='ltr'>διδοὺς</span> <span class='ocrx_word' id='word_1_596' title='bbox 3476 3322 3700 3382; x_wconf 74' lang='grc' dir='ltr'>ἐλπίδας</span> <span class='ocrx_word' id='word_1_597' title='bbox 3756 3321 3915 3389; x_wconf 77' lang='grc' dir='ltr'>ἡμῖν,</span> <span class='ocrx_word' id='word_1_598' title='bbox 3968 3321 4031 3371; x_wconf 73' lang='grc' dir='ltr'>τὸ</span> 
     </span>
    </p>
   </div>
   <div class='ocr_carea' id='block_1_79' title="bbox 2440 3412 4029 3498">
    <p class='ocr_par' dir='ltr' id='par_1_79' title="bbox 2440 3412 4029 3498">
     <span class='ocr_line' id='line_1_79' title="bbox 2440 3412 4029 3498; baseline -0.011 -19"><span class='ocrx_word' id='word_1_599' title='bbox 2440 3427 2638 3498; x_wconf 79' lang='grc' dir='ltr'>μηκέτι</span> <span class='ocrx_word' id='word_1_600' title='bbox 2693 3425 2892 3492; x_wconf 83' lang='grc' dir='ltr'>χωρεῖν</span> <span class='ocrx_word' id='word_1_601' title='bbox 2946 3422 3024 3483; x_wconf 89' lang='grc' dir='ltr'><strong>είς</strong></span> <span class='ocrx_word' id='word_1_602' title='bbox 3079 3419 3207 3490; x_wconf 75' lang='grc' dir='ltr'>ᾅδου</span> <span class='ocrx_word' id='word_1_603' title='bbox 3254 3418 3353 3478; x_wconf 76' lang='grc' dir='ltr'><strong>τὰς</strong></span> <span class='ocrx_word' id='word_1_604' title='bbox 3410 3415 3588 3484; x_wconf 78' lang='grc' dir='ltr'>ψυχὰς</span> <span class='ocrx_word' id='word_1_605' title='bbox 3627 3413 3742 3494; x_wconf 83' lang='grc' dir='ltr'><strong>τῶν</strong></span> <span class='ocrx_word' id='word_1_606' title='bbox 3787 3412 4029 3473; x_wconf 69' lang='grc' dir='ltr'>πιστῶν,</span> 
     </span>
    </p>
   </div>
   <div class='ocr_carea' id='block_1_80' title="bbox 2436 3504 4033 3587">
    <p class='ocr_par' dir='ltr' id='par_1_80' title="bbox 2436 3504 4033 3587">
     <span class='ocr_line' id='line_1_80' title="bbox 2436 3504 4033 3587; baseline -0.011 -15"><span class='ocrx_word' id='word_1_607' title='bbox 2436 3521 2551 3574; x_wconf 85' lang='grc' dir='ltr'>ἀλλ’</span> <span class='ocrx_word' id='word_1_608' title='bbox 2598 3520 2675 3578; x_wconf 86' lang='grc' dir='ltr'><strong>είς</strong></span> <span class='ocrx_word' id='word_1_609' title='bbox 2716 3519 2906 3587; x_wconf 76' lang='grc' dir='ltr'>χεῖρας</span> <span class='ocrx_word' id='word_1_610' title='bbox 2945 3509 3081 3566; x_wconf 78' lang='grc' dir='ltr'>Θεοῦ</span> <span class='ocrx_word' id='word_1_611' title='bbox 3129 3507 3556 3579; x_wconf 76' lang='grc' dir='ltr'>παρατίθεσθαι.</span> <span class='ocrx_word' id='word_1_612' title='bbox 3598 3505 3784 3556; x_wconf 75' lang='grc' dir='ltr'>κλίνει</span> <span class='ocrx_word' id='word_1_613' title='bbox 3833 3504 3888 3556; x_wconf 84' lang='grc' dir='ltr'>δὲ</span> <span class='ocrx_word' id='word_1_614' title='bbox 3925 3505 4033 3572; x_wconf 72' lang='grc' dir='ltr'>τὴν</span> 
     </span>
    </p>
   </div>
   <div class='ocr_carea' id='block_1_81' title="bbox 2435 3596 4033 3680">
    <p class='ocr_par' dir='ltr' id='par_1_81' title="bbox 2435 3596 4033 3680">
     <span class='ocr_line' id='line_1_81' title="bbox 2435 3596 4033 3680; baseline -0.012 -15"><span class='ocrx_word' id='word_1_615' title='bbox 2435 3611 2681 3680; x_wconf 81' lang='grc' dir='ltr'>κεφαλὴν</span> <span class='ocrx_word' id='word_1_616' title='bbox 2737 3604 2849 3661; x_wconf 76' lang='grc' dir='ltr'>οἷον</span> <span class='ocrx_word' id='word_1_617' title='bbox 2902 3606 3134 3674; x_wconf 82' lang='grc' dir='ltr'>νεύματι</span> <span class='ocrx_word' id='word_1_618' title='bbox 3208 3601 3462 3668; x_wconf 88' lang='grc' dir='ltr'>καθάπερ</span> <span class='ocrx_word' id='word_1_619' title='bbox 3515 3596 3878 3668; x_wconf 84' lang='grc' dir='ltr'>θεραπαινίδα</span> <span class='ocrx_word' id='word_1_620' title='bbox 3922 3596 4033 3663; x_wconf 77' lang='grc' dir='ltr'>τὴν</span> 
     </span>
    </p>
   </div>
   <div class='ocr_carea' id='block_1_82' title="bbox 2435 3686 4033 3773">
    <p class='ocr_par' dir='ltr' id='par_1_82' title="bbox 2435 3686 4033 3773">
     <span class='ocr_line' id='line_1_82' title="bbox 2435 3686 4033 3773; baseline -0.014 -15"><span class='ocrx_word' id='word_1_621' title='bbox 2435 3704 2723 3773; x_wconf 79' lang='grc' dir='ltr'>τελευτὴν,</span> <span class='ocrx_word' id='word_1_622' title='bbox 2803 3695 3309 3769; x_wconf 82' lang='grc' dir='ltr'>προσκαλούμενος.</span> <span class='ocrx_word' id='word_1_623' title='bbox 3374 3691 3508 3745; x_wconf 77' lang='grc' dir='ltr'>Μετ’</span> <span class='ocrx_word' id='word_1_624' title='bbox 3582 3687 3833 3752; x_wconf 82' lang='grc' dir='ltr'>ἐξουσίας</span> <span class='ocrx_word' id='word_1_625' title='bbox 3916 3686 4033 3755; x_wconf 76' lang='grc' dir='ltr'><strong>γὰρ</strong></span> 
     </span>
    </p>
   </div>
   <div class='ocr_carea' id='block_1_83' title="bbox 2437 3777 4034 3868">
    <p class='ocr_par' dir='ltr' id='par_1_83' title="bbox 2437 3777 4034 3868">
     <span class='ocr_line' id='line_1_83' title="bbox 2437 3777 4034 3868; baseline -0.013 -18"><span class='ocrx_word' id='word_1_626' title='bbox 2437 3797 2662 3868; x_wconf 81' lang='grc' dir='ltr'>προῖετο</span> <span class='ocrx_word' id='word_1_627' title='bbox 2719 3793 2781 3845; x_wconf 81' lang='grc' dir='ltr'><strong>τὸ</strong></span> <span class='ocrx_word' id='word_1_628' title='bbox 2826 3793 2960 3845; x_wconf 77' lang='grc' dir='ltr'>ἴδιον</span> <span class='ocrx_word' id='word_1_629' title='bbox 3017 3787 3179 3856; x_wconf 76' lang='grc' dir='ltr'>σῶμα</span> <span class='ocrx_word' id='word_1_630' title='bbox 3232 3785 3312 3848; x_wconf 83' lang='grc' dir='ltr'><strong>είς</strong></span> <span class='ocrx_word' id='word_1_631' title='bbox 3374 3783 3628 3843; x_wconf 80' lang='grc' dir='ltr'>θάνατον,</span> <span class='ocrx_word' id='word_1_632' title='bbox 3687 3779 3775 3830; x_wconf 79' lang='grc' dir='ltr'>ἵνα</span> <span class='ocrx_word' id='word_1_633' title='bbox 3832 3777 3928 3829; x_wconf 72' lang='grc' dir='ltr'>καὶ</span> <span class='ocrx_word' id='word_1_634' title='bbox 3961 3778 4034 3829; x_wconf 70' lang='grc' dir='ltr'><strong>τά</strong></span> 
     </span>
    </p>
   </div>
   <div class='ocr_carea' id='block_1_84' title="bbox 2437 3871 4035 3957">
    <p class='ocr_par' dir='ltr' id='par_1_84' title="bbox 2437 3871 4035 3957">
     <span class='ocr_line' id='line_1_84' title="bbox 2437 3871 4035 3957; baseline -0.014 -13"><span class='ocrx_word' id='word_1_635' title='bbox 2437 3891 2586 3957; x_wconf 78' lang='grc' dir='ltr'>πάθη</span> <span class='ocrx_word' id='word_1_636' title='bbox 2624 3884 2871 3955; x_wconf 83' lang='grc' dir='ltr'>φυσικῶς</span> <span class='ocrx_word' id='word_1_637' title='bbox 2906 3882 3142 3949; x_wconf 77' lang='grc' dir='ltr'>ὑποστῇ,</span> <span class='ocrx_word' id='word_1_638' title='bbox 3173 3881 3267 3930; x_wconf 77' lang='grc' dir='ltr'>καὶ</span> <span class='ocrx_word' id='word_1_639' title='bbox 3289 3876 3430 3945; x_wconf 84' lang='grc' dir='ltr'>ὑπὲρ</span> <span class='ocrx_word' id='word_1_640' title='bbox 3457 3875 3618 3945; x_wconf 76' lang='grc' dir='ltr'>φύσιν</span> <span class='ocrx_word' id='word_1_641' title='bbox 3663 3871 3859 3932; x_wconf 83' lang='grc' dir='ltr'>θεῐκῶς</span> <span class='ocrx_word' id='word_1_642' title='bbox 3893 3871 4035 3922; x_wconf 74' lang='grc' dir='ltr'>ἀνα.-</span> 
     </span>
    </p>
   </div>
   <div class='ocr_carea' id='block_1_85' title="bbox 2438 3964 4036 4053">
    <p class='ocr_par' dir='ltr' id='par_1_85' title="bbox 2438 3964 4036 4053">
     <span class='ocr_line' id='line_1_85' title="bbox 2438 3964 4036 4053; baseline -0.015 -16"><span class='ocrx_word' id='word_1_643' title='bbox 2438 3985 2561 4053; x_wconf 75' lang='grc' dir='ltr'>στῇ.</span> <span class='ocrx_word' id='word_1_644' title='bbox 2625 3979 2851 4033; x_wconf 79' lang='grc' dir='ltr'>’Λυτίκα</span> <span class='ocrx_word' id='word_1_645' title='bbox 2890 3971 2984 4028; x_wconf 75' lang='grc' dir='ltr'><strong>οὖν</strong></span> <span class='ocrx_word' id='word_1_646' title='bbox 3019 3971 3269 4044; x_wconf 78' lang='grc' dir='ltr'>σχίζεται</span> <span class='ocrx_word' id='word_1_647' title='bbox 3309 3969 3405 4022; x_wconf 83' lang='grc' dir='ltr'>τοῦ</span> <span class='ocrx_word' id='word_1_648' title='bbox 3441 3967 3568 4021; x_wconf 81' lang='grc' dir='ltr'>ναοῦ</span> <span class='ocrx_word' id='word_1_649' title='bbox 3609 3966 3671 4018; x_wconf 75' lang='grc' dir='ltr'><strong>τὸ</strong></span> <span class='ocrx_word' id='word_1_650' title='bbox 3701 3964 4036 4016; x_wconf 67' lang='grc' dir='ltr'>κατατέτα-</span> 
     </span>
    </p>
   </div>
   <div class='ocr_carea' id='block_1_86' title="bbox 2437 4051 4034 4141">
    <p class='ocr_par' dir='ltr' id='par_1_86' title="bbox 2437 4051 4034 4141">
     <span class='ocr_line' id='line_1_86' title="bbox 2437 4051 4034 4141; baseline -0.013 -17"><span class='ocrx_word' id='word_1_651' title='bbox 2437 4051 2572 4141; x_wconf 31' lang='grc' dir='ltr'>σμ-α,</span> <span class='ocrx_word' id='word_1_652' title='bbox 2598 4070 2736 4138; x_wconf 81' lang='grc' dir='ltr'>ὅπερ</span> <span class='ocrx_word' id='word_1_653' title='bbox 2757 4062 2824 4137; x_wconf 75' lang='grc' dir='ltr'><strong>ἢν</strong></span> <span class='ocrx_word' id='word_1_654' title='bbox 2846 4065 3003 4132; x_wconf 82' lang='grc' dir='ltr'>ὀθόνη</span> <span class='ocrx_word' id='word_1_655' title='bbox 3038 4061 3345 4131; x_wconf 81' lang='grc' dir='ltr'>καθιεμένη</span> <span class='ocrx_word' id='word_1_656' title='bbox 3373 4056 3623 4128; x_wconf 64' lang='grc' dir='ltr'>διαμπὰξ</span> <span class='ocrx_word' id='word_1_657' title='bbox 3655 4059 3735 4118; x_wconf 81' lang='grc' dir='ltr'><strong>είς</strong></span> <span class='ocrx_word' id='word_1_658' title='bbox 3764 4054 3899 4107; x_wconf 77' lang='grc' dir='ltr'>αὐτὸ</span> <span class='ocrx_word' id='word_1_659' title='bbox 3927 4051 4034 4104; x_wconf 76' lang='grc' dir='ltr'>τοῦ</span> 
     </span>
    </p>
   </div>
   <div class='ocr_carea' id='block_1_87' title="bbox 2436 4146 4038 4232">
    <p class='ocr_par' dir='ltr' id='par_1_87' title="bbox 2436 4146 4038 4232">
     <span class='ocr_line' id='line_1_87' title="bbox 2436 4146 4038 4232; baseline -0.014 -14"><span class='ocrx_word' id='word_1_660' title='bbox 2436 4164 2565 4218; x_wconf 79' lang='grc' dir='ltr'>ναοῦ</span> <span class='ocrx_word' id='word_1_661' title='bbox 2596 4162 2658 4215; x_wconf 78' lang='grc' dir='ltr'>τὸ</span> <span class='ocrx_word' id='word_1_662' title='bbox 2696 4159 3043 4232; x_wconf 83' lang='grc' dir='ltr'>μεσαίτατον,</span> <span class='ocrx_word' id='word_1_663' title='bbox 3080 4154 3451 4218; x_wconf 73' lang='grc' dir='ltr'>συσκιάξουσα</span> <span class='ocrx_word' id='word_1_664' title='bbox 3507 4152 3573 4204; x_wconf 78' lang='grc' dir='ltr'>τὰ</span> <span class='ocrx_word' id='word_1_665' title='bbox 3623 4150 3882 4218; x_wconf 74' lang='grc' dir='ltr'>ἐσόμενα,</span> <span class='ocrx_word' id='word_1_666' title='bbox 3933 4146 4038 4197; x_wconf 66' lang='grc' dir='ltr'><strong>καὶ</strong></span> 
     </span>
    </p>
   </div>
   <div class='ocr_carea' id='block_1_88' title="bbox 2441 4239 4036 4327">
    <p class='ocr_par' dir='ltr' id='par_1_88' title="bbox 2441 4239 4036 4327">
     <span class='ocr_line' id='line_1_88' title="bbox 2441 4239 4036 4327; baseline -0.014 -17"><span class='ocrx_word' id='word_1_667' title='bbox 2441 4258 2588 4327; x_wconf 76' lang='grc' dir='ltr'>μόνῳ</span> <span class='ocrx_word' id='word_1_668' title='bbox 2619 4255 2694 4322; x_wconf 79' lang='grc' dir='ltr'>τῷ</span> <span class='ocrx_word' id='word_1_669' title='bbox 2719 4254 2856 4322; x_wconf 83' lang='grc' dir='ltr'>ίερεῖ</span> <span class='ocrx_word' id='word_1_670' title='bbox 2875 4249 3067 4312; x_wconf 84' lang='grc' dir='ltr'>θεατὰ,</span> <span class='ocrx_word' id='word_1_671' title='bbox 3098 4249 3196 4300; x_wconf 73' lang='grc' dir='ltr'><strong>καὶ</strong></span> <span class='ocrx_word' id='word_1_672' title='bbox 3225 4247 3437 4316; x_wconf 83' lang='grc' dir='ltr'>βάσιμα</span> <span class='ocrx_word' id='word_1_673' title='bbox 3465 4240 3696 4296; x_wconf 80' lang='grc' dir='ltr'>ποιοῦσα</span> <span class='ocrx_word' id='word_1_674' title='bbox 3732 4240 3802 4291; x_wconf 82' lang='grc' dir='ltr'>τὰ</span> <span class='ocrx_word' id='word_1_675' title='bbox 3829 4239 4036 4291; x_wconf 76' lang='grc' dir='ltr'>ἄδυτα.</span> 
     </span>
    </p>
   </div>
   <div class='ocr_carea' id='block_1_89' title="bbox 2449 4329 4037 4417">
    <p class='ocr_par' dir='ltr' id='par_1_89' title="bbox 2449 4329 4037 4417">
     <span class='ocr_line' id='line_1_89' title="bbox 2449 4329 4037 4417; baseline -0.014 -15"><span class='ocrx_word' id='word_1_676' title='bbox 2449 4347 2668 4417; x_wconf 81' lang='grc' dir='ltr'>Ἐπειδὴ</span> <span class='ocrx_word' id='word_1_677' title='bbox 2698 4345 2756 4398; x_wconf 79' lang='grc' dir='ltr'>δὲ</span> <span class='ocrx_word' id='word_1_678' title='bbox 2785 4346 2898 4405; x_wconf 82' lang='grc' dir='ltr'>τοῖς</span> <span class='ocrx_word' id='word_1_679' title='bbox 2933 4339 3207 4402; x_wconf 85' lang='grc' dir='ltr'>Ἰουδαίοις</span> <span class='ocrx_word' id='word_1_680' title='bbox 3241 4337 3364 4400; x_wconf 76' lang='grc' dir='ltr'>ἔθος</span> <span class='ocrx_word' id='word_1_681' title='bbox 3388 4333 3455 4406; x_wconf 81' lang='grc' dir='ltr'>ἦν</span> <span class='ocrx_word' id='word_1_682' title='bbox 3486 4337 3544 4388; x_wconf 80' lang='grc' dir='ltr'><strong>ὲν</strong></span> <span class='ocrx_word' id='word_1_683' title='bbox 3577 4335 3695 4395; x_wconf 84' lang='grc' dir='ltr'>ταῖς</span> <span class='ocrx_word' id='word_1_684' title='bbox 3727 4333 3855 4400; x_wconf 72' lang='grc' dir='ltr'>περὶ</span> <span class='ocrx_word' id='word_1_685' title='bbox 3886 4329 4037 4381; x_wconf 77' lang='grc' dir='ltr'><strong>Θεοῦ</strong></span> 
     </span>
    </p>
   </div>
   <div class='ocr_carea' id='block_1_90' title="bbox 2439 4423 4038 4512">
    <p class='ocr_par' dir='ltr' id='par_1_90' title="bbox 2439 4423 4038 4512">
     <span class='ocr_line' id='line_1_90' title="bbox 2439 4423 4038 4512; baseline -0.013 -18"><span class='ocrx_word' id='word_1_686' title='bbox 2439 4439 2818 4512; x_wconf 71' lang='grc' dir='ltr'>βλασφημίαις</span> <span class='ocrx_word' id='word_1_687' title='bbox 2874 4435 2981 4505; x_wconf 84' lang='grc' dir='ltr'>τὴν</span> <span class='ocrx_word' id='word_1_688' title='bbox 3031 4432 3238 4501; x_wconf 73' lang='grc' dir='ltr'>ἐσθῆτα</span> <span class='ocrx_word' id='word_1_689' title='bbox 3289 4426 3744 4500; x_wconf 78' lang='grc' dir='ltr'>περιρῤηγνύειν,</span> <span class='ocrx_word' id='word_1_690' title='bbox 3797 4423 3870 4475; x_wconf 85' lang='grc' dir='ltr'>τὰ</span> <span class='ocrx_word' id='word_1_691' title='bbox 3917 4423 4038 4474; x_wconf 79' lang='grc' dir='ltr'><strong>τῶν</strong></span> 
     </span>
    </p>
   </div>
   <div class='ocr_carea' id='block_1_91' title="bbox 742 4516 2332 4598">
    <p class='ocr_par' dir='ltr' id='par_1_91' title="bbox 742 4527 2326 4598">
     <span class='ocr_line' id='line_1_91' title="bbox 742 4527 2326 4598; baseline -0.003 -14"><span class='ocrx_word' id='word_1_692' title='bbox 742 4532 873 4584; x_wconf 81' lang='lat' dir='ltr'><strong>illud</strong></span> <span class='ocrx_word' id='word_1_693' title='bbox 910 4529 1223 4598; x_wconf 74' lang='lat' dir='ltr'><strong>deplorans,</strong></span> <span class='ocrx_word' id='word_1_694' title='bbox 1256 4541 1314 4583; x_wconf 88' lang='lat' dir='ltr'><strong>ut</strong></span> <span class='ocrx_word' id='word_1_695' title='bbox 1349 4528 1512 4582; x_wconf 88' lang='lat' dir='ltr'><strong>etiam</strong></span> <span class='ocrx_word' id='word_1_696' title='bbox 1553 4529 1722 4580; x_wconf 61' lang='lat' dir='ltr'><strong>instar</strong></span> <span class='ocrx_word' id='word_1_697' title='bbox 1760 4528 1954 4580; x_wconf 73' lang='lat' dir='ltr'><strong>tunica:</strong></span> <span class='ocrx_word' id='word_1_698' title='bbox 1987 4527 2164 4581; x_wconf 85' lang='lat' dir='ltr'><strong>velunt</strong></span> <span class='ocrx_word' id='word_1_699' title='bbox 2200 4528 2326 4581; x_wconf 89' lang='lat' dir='ltr'><strong>abs-</strong></span> 
     </span>
    </p>
   </div>
   <div class='ocr_carea' id='block_1_92' title="bbox 2435 4516 4042 4598">
    <p class='ocr_par' dir='ltr' id='par_1_92' title="bbox 2441 4516 4042 4592">
     <span class='ocr_line' id='line_1_92' title="bbox 2441 4516 4042 4592; baseline -0.011 -6"><span class='ocrx_word' id='word_1_700' title='bbox 2441 4532 2781 4586; x_wconf 86' lang='grc' dir='ltr'>πενθούντων</span> <span class='ocrx_word' id='word_1_701' title='bbox 2814 4531 2842 4581; x_wconf 85' lang='grc' dir='ltr'>ὁ</span> <span class='ocrx_word' id='word_1_702' title='bbox 2883 4526 3011 4586; x_wconf 82' lang='grc' dir='ltr'>ναὸς</span> <span class='ocrx_word' id='word_1_703' title='bbox 3053 4520 3478 4592; x_wconf 79' lang='grc' dir='ltr'>σχηματίζεται,</span> <span class='ocrx_word' id='word_1_704' title='bbox 3519 4517 3776 4571; x_wconf 79' lang='grc' dir='ltr'>τοσοῦτον</span> <span class='ocrx_word' id='word_1_705' title='bbox 3823 4516 4042 4570; x_wconf 64' lang='grc' dir='ltr'>ἀποδνο</span> 
     </span>
    </p>
   </div>
   <div class='ocr_carea' id='block_1_93' title="bbox 742 4621 2327 4688">
    <p class='ocr_par' dir='ltr' id='par_1_93' title="bbox 742 4621 2327 4688">
     <span class='ocr_line' id='line_1_93' title="bbox 742 4621 2327 4688; baseline -0.001 -12"><span class='ocrx_word' id='word_1_706' title='bbox 742 4627 948 4678; x_wconf 78' lang='lat' dir='ltr'><strong>t-iudat.</strong></span> <span class='ocrx_word' id='word_1_707' title='bbox 984 4625 1256 4678; x_wconf 86' lang='lat' dir='ltr'><strong>Fortassis</strong></span> <span class='ocrx_word' id='word_1_708' title='bbox 1290 4625 1452 4676; x_wconf 85' lang='lat' dir='ltr'><strong>etiam</strong></span> <span class='ocrx_word' id='word_1_709' title='bbox 1491 4624 1799 4675; x_wconf 79' lang='lat' dir='ltr'><strong>vastitatem</strong></span> <span class='ocrx_word' id='word_1_710' title='bbox 1835 4636 1988 4674; x_wconf 89' lang='lat' dir='ltr'><strong>suam</strong></span> <span class='ocrx_word' id='word_1_711' title='bbox 2026 4621 2124 4688; x_wconf 86' lang='lat' dir='ltr'><strong>ipsi</strong></span> <span class='ocrx_word' id='word_1_712' title='bbox 2163 4635 2327 4675; x_wconf 88' lang='lat' dir='ltr'><strong>even-</strong></span> 
     </span>
    </p>
   </div>
   <div class='ocr_carea' id='block_1_94' title="bbox 742 4713 2325 4780">
    <p class='ocr_par' dir='ltr' id='par_1_94' title="bbox 742 4713 2325 4780">
     <span class='ocr_line' id='line_1_94' title="bbox 742 4713 2325 4780; baseline -0.002 -9"><span class='ocrx_word' id='word_1_713' title='bbox 742 4729 917 4771; x_wconf 71' lang='lat' dir='ltr'><strong>turam</strong></span> <span class='ocrx_word' id='word_1_714' title='bbox 950 4717 1075 4770; x_wconf 81' lang='lat' dir='ltr'><strong>inde</strong></span> <span class='ocrx_word' id='word_1_715' title='bbox 1109 4717 1466 4780; x_wconf 87' lang='lat' dir='ltr'><strong>denuntians;</strong></span> <span class='ocrx_word' id='word_1_716' title='bbox 1509 4730 1572 4767; x_wconf 87' lang='lat' dir='ltr'><strong>ac</strong></span> <span class='ocrx_word' id='word_1_717' title='bbox 1608 4715 1768 4768; x_wconf 84' lang='lat' dir='ltr'><strong>simul</strong></span> <span class='ocrx_word' id='word_1_718' title='bbox 1804 4713 2054 4766; x_wconf 87' lang='lat' dir='ltr'><strong>indicans</strong></span> <span class='ocrx_word' id='word_1_719' title='bbox 2085 4713 2325 4768; x_wconf 88' lang='lat' dir='ltr'><strong>divinam</strong></span> 
     </span>
    </p>
   </div>
   <div class='ocr_carea' id='block_1_95' title="bbox 813 4855 1752 4919">
    <p class='ocr_par' dir='ltr' id='par_1_95' title="bbox 813 4855 1752 4919">
     <span class='ocr_line' id='line_1_95' title="bbox 813 4855 1752 4919; baseline -0.003 -10"><span class='ocrx_word' id='word_1_720' title='bbox 813 4859 832 4887; x_wconf 73' lang='grc' dir='ltr'>ε</span> <span class='ocrx_word' id='word_1_721' title='bbox 859 4857 998 4910; x_wconf 63' lang='grc' dir='ltr'>Ρρσι.</span> <span class='ocrx_word' id='word_1_722' title='bbox 1027 4872 1140 4919; x_wconf 75' lang='lat' dir='ltr'><strong>xxt,</strong></span> <span class='ocrx_word' id='word_1_723' title='bbox 1171 4857 1216 4909; x_wconf 93' lang='grc' dir='ltr'>Ι.</span> <span class='ocrx_word' id='word_1_724' title='bbox 1296 4861 1313 4890; x_wconf 84' lang='grc'><strong>⁷</strong></span> <span class='ocrx_word' id='word_1_725' title='bbox 1337 4855 1499 4909; x_wconf 84' lang='lat' dir='ltr'><strong>Joan.</strong></span> <span class='ocrx_word' id='word_1_726' title='bbox 1527 4872 1635 4917; x_wconf 86' lang='lat' dir='ltr'><strong>xvt,</strong></span> <span class='ocrx_word' id='word_1_727' title='bbox 1662 4855 1752 4909; x_wconf 75' lang='lat'><strong>3‘3.</strong></span> 
     </span>
    </p>
   </div>
   <div class='ocr_carea' id='block_1_96' title="bbox 2443 4606 4042 4690">
    <p class='ocr_par' dir='ltr' id='par_1_96' title="bbox 2443 4606 4042 4690">
     <span class='ocr_line' id='line_1_96' title="bbox 2443 4606 4042 4690; baseline -0.01 -17"><span class='ocrx_word' id='word_1_728' title='bbox 2443 4621 2669 4690; x_wconf 77' lang='grc' dir='ltr'>ρόμενος</span> <span class='ocrx_word' id='word_1_729' title='bbox 2702 4618 2984 4686; x_wconf 77' lang='grc' dir='ltr'>τόλμημα,</span> <span class='ocrx_word' id='word_1_730' title='bbox 3010 4615 3105 4666; x_wconf 79' lang='grc' dir='ltr'>καὶ</span> <span class='ocrx_word' id='word_1_731' title='bbox 3137 4613 3212 4674; x_wconf 85' lang='grc' dir='ltr'>ὡς</span> <span class='ocrx_word' id='word_1_732' title='bbox 3243 4613 3449 4683; x_wconf 86' lang='grc' dir='ltr'>χιτῶνα</span> <span class='ocrx_word' id='word_1_733' title='bbox 3478 4606 3734 4680; x_wconf 74' lang='grc' dir='ltr'>διέρρηξε</span> <span class='ocrx_word' id='word_1_734' title='bbox 3757 4607 3818 4658; x_wconf 83' lang='grc' dir='ltr'>τὺ</span> <span class='ocrx_word' id='word_1_735' title='bbox 3852 4621 4042 4660; x_wconf 79' lang='grc' dir='ltr'>κατα-</span> 
     </span>
    </p>
   </div>
   <div class='ocr_carea' id='block_1_97' title="bbox 2438 4699 4038 4783">
    <p class='ocr_par' dir='ltr' id='par_1_97' title="bbox 2438 4699 4038 4783">
     <span class='ocr_line' id='line_1_97' title="bbox 2438 4699 4038 4783; baseline -0.012 -16"><span class='ocrx_word' id='word_1_736' title='bbox 2438 4715 2698 4783; x_wconf 78' lang='grc' dir='ltr'>πέτασμα</span> <span class='ocrx_word' id='word_1_737' title='bbox 2718 4727 2732 4742; x_wconf 77' lang='grc' dir='ltr'><strong>ο</strong></span> <span class='ocrx_word' id='word_1_738' title='bbox 2760 4712 2901 4779; x_wconf 83' lang='grc' dir='ltr'>τάχα</span> <span class='ocrx_word' id='word_1_739' title='bbox 2941 4725 3042 4761; x_wconf 89' lang='grc' dir='ltr'><strong>που</strong></span> <span class='ocrx_word' id='word_1_740' title='bbox 3072 4707 3167 4760; x_wconf 81' lang='grc' dir='ltr'>καὶ</span> <span class='ocrx_word' id='word_1_741' title='bbox 3187 4706 3288 4775; x_wconf 80' lang='grc' dir='ltr'><strong>τὴν</strong></span> <span class='ocrx_word' id='word_1_742' title='bbox 3333 4704 3472 4758; x_wconf 85' lang='grc' dir='ltr'>ίδίαν</span> <span class='ocrx_word' id='word_1_743' title='bbox 3501 4703 3786 4772; x_wconf 69' lang='grc' dir='ltr'>ἐρήμωσιν</span> <span class='ocrx_word' id='word_1_744' title='bbox 3813 4699 4038 4770; x_wconf 74' lang='grc' dir='ltr'>προδη-</span> 
     </span>
    </p>
   </div>
   <div class='ocr_carea' id='block_1_98' title="bbox 1831 4853 2818 4922">
    <p class='ocr_par' dir='ltr' id='par_1_98' title="bbox 1831 4853 2818 4922">
     <span class='ocr_line' id='line_1_98' title="bbox 1831 4853 2818 4922; baseline 0 -15"><span class='ocrx_word' id='word_1_745' title='bbox 1831 4853 1991 4909; x_wconf 77' lang='lat' dir='ltr'><strong>&#39;Jocl</strong></span> <span class='ocrx_word' id='word_1_746' title='bbox 2026 4855 2225 4922; x_wconf 72' lang='lat'><strong>&quot;1,15,</strong></span> <span class='ocrx_word' id='word_1_747' title='bbox 2260 4855 2343 4911; x_wconf 85' lang='grc'><strong>16.</strong></span> <span class='ocrx_word' id='word_1_748' title='bbox 2419 4859 2439 4889; x_wconf 87' lang='grc'><strong>⁹</strong></span> <span class='ocrx_word' id='word_1_749' title='bbox 2462 4857 2620 4912; x_wconf 78' lang='lat' dir='ltr'><strong>Jaatt.</strong></span> <span class='ocrx_word' id='word_1_750' title='bbox 2653 4873 2704 4920; x_wconf 73' lang='grc' dir='ltr'>ι,</span> <span class='ocrx_word' id='word_1_751' title='bbox 2734 4857 2818 4908; x_wconf 86' lang='lat' dir='ltr'><strong>l7.</strong></span> 
     </span>
    </p>
   </div>
   <div class='ocr_carea' id='block_1_99' title="bbox 1982 4991 2790 5056">
    <p class='ocr_par' dir='ltr' id='par_1_99' title="bbox 1982 4991 2790 5056">
     <span class='ocr_line' id='line_1_99' title="bbox 1982 4991 2790 5056; baseline -0.004 -2"><span class='ocrx_word' id='word_1_752' title='bbox 1982 4991 2315 5056; x_wconf 76' lang='lat' dir='ltr'><strong>Frattoisci</strong></span> <span class='ocrx_word' id='word_1_753' title='bbox 2347 4995 2556 5056; x_wconf 79' lang='lat' dir='ltr'><strong>Scorsi</strong></span> <span class='ocrx_word' id='word_1_754' title='bbox 2604 5002 2790 5053; x_wconf 66' lang='lat' dir='ltr'><strong>notae.</strong></span> 
     </span>
    </p>
   </div>
   <div class='ocr_carea' id='block_1_100' title="bbox 815 5120 2331 5190">
    <p class='ocr_par' dir='ltr' id='par_1_100' title="bbox 815 5120 2331 5190">
     <span class='ocr_line' id='line_1_100' title="bbox 815 5120 2331 5190; baseline 0 -15"><span class='ocrx_word' id='word_1_755' title='bbox 815 5125 929 5189; x_wconf 72' lang='lat'><strong>(65)</strong></span> <span class='ocrx_word' id='word_1_756' title='bbox 976 5121 1043 5176; x_wconf 91' lang='lat' dir='ltr'><strong>Ut</strong></span> <span class='ocrx_word' id='word_1_757' title='bbox 1074 5122 1262 5175; x_wconf 67' lang='lat' dir='ltr'><strong>extulit</strong></span> <span class='ocrx_word' id='word_1_758' title='bbox 1293 5120 1543 5190; x_wconf 79' lang='lat' dir='ltr'><strong>Tlteoiogi</strong></span> <span class='ocrx_word' id='word_1_759' title='bbox 1565 5137 1680 5176; x_wconf 71' lang='lat' dir='ltr'><strong>vox.</strong></span> <span class='ocrx_word' id='word_1_760' title='bbox 1713 5120 1848 5175; x_wconf 89' lang='lat' dir='ltr'><strong>Cum</strong></span> <span class='ocrx_word' id='word_1_761' title='bbox 1869 5121 2189 5190; x_wconf 80' lang='lat' dir='ltr'><strong>Gregorium</strong></span> <span class='ocrx_word' id='word_1_762' title='bbox 2224 5121 2331 5176; x_wconf 83' lang='lat' dir='ltr'><strong>Na-</strong></span> 
     </span>
    </p>
   </div>
   <div class='ocr_carea' id='block_1_101' title="bbox 740 5193 2329 5253">
    <p class='ocr_par' dir='ltr' id='par_1_101' title="bbox 740 5193 2329 5253">
     <span class='ocr_line' id='line_1_101' title="bbox 740 5193 2329 5253; baseline -0.003 -3"><span class='ocrx_word' id='word_1_763' title='bbox 740 5200 1066 5250; x_wconf 75' lang='lat' dir='ltr'><strong>zianzenum</strong></span> <span class='ocrx_word' id='word_1_764' title='bbox 1123 5195 1274 5253; x_wconf 67' lang='lat' dir='ltr'><strong>citat.</strong></span> <span class='ocrx_word' id='word_1_765' title='bbox 1331 5197 1407 5247; x_wconf 87' lang='lat' dir='ltr'><strong>sic</strong></span> <span class='ocrx_word' id='word_1_766' title='bbox 1462 5209 1584 5246; x_wconf 89' lang='lat' dir='ltr'><strong>eum</strong></span> <span class='ocrx_word' id='word_1_767' title='bbox 1640 5193 1778 5245; x_wconf 87' lang='lat' dir='ltr'><strong>solet</strong></span> <span class='ocrx_word' id='word_1_768' title='bbox 1830 5193 2139 5246; x_wconf 84' lang='lat' dir='ltr'><strong>descrtbere</strong></span> <span class='ocrx_word' id='word_1_769' title='bbox 2191 5193 2329 5247; x_wconf 85' lang='grc' dir='ltr'>Κατ’</span> 
     </span>
    </p>
   </div>
   <div class='ocr_carea' id='block_1_102' title="bbox 738 5263 2333 5336">
    <p class='ocr_par' dir='ltr' id='par_1_102' title="bbox 738 5263 2333 5336">
     <span class='ocr_line' id='line_1_102' title="bbox 738 5263 2333 5336; baseline 0 -17"><span class='ocrx_word' id='word_1_770' title='bbox 738 5267 956 5336; x_wconf 78' lang='grc' dir='ltr'>ἐξοχὴν.</span> <span class='ocrx_word' id='word_1_771' title='bbox 1019 5264 1307 5336; x_wconf 69' lang='grc' dir='ltr'>θεολογική</span> <span class='ocrx_word' id='word_1_772' title='bbox 1355 5264 1600 5330; x_wconf 80' lang='grc' dir='ltr'>γλῶσσα,</span> <span class='ocrx_word' id='word_1_773' title='bbox 1637 5263 1834 5336; x_wconf 77' lang='grc' dir='ltr'>μοῦσα,</span> <span class='ocrx_word' id='word_1_774' title='bbox 1891 5274 1947 5317; x_wconf 91' lang='lat' dir='ltr'><strong>et</strong></span> <span class='ocrx_word' id='word_1_775' title='bbox 2010 5263 2130 5316; x_wconf 83' lang='lat' dir='ltr'><strong>aliis</strong></span> <span class='ocrx_word' id='word_1_776' title='bbox 2195 5280 2333 5331; x_wconf 83' lang='lat' dir='ltr'><strong>quos</strong></span> 
     </span>
    </p>
   </div>
   <div class='ocr_carea' id='block_1_103' title="bbox 740 5334 2328 5405">
    <p class='ocr_par' dir='ltr' id='par_1_103' title="bbox 740 5334 2328 5405">
     <span class='ocr_line' id='line_1_103' title="bbox 740 5334 2328 5405; baseline -0.001 -15"><span class='ocrx_word' id='word_1_777' title='bbox 740 5334 900 5405; x_wconf 77' lang='lat' dir='ltr'><strong>supra</strong></span> <span class='ocrx_word' id='word_1_778' title='bbox 941 5334 1120 5388; x_wconf 82' lang='lat' dir='ltr'><strong>notavi</strong></span> <span class='ocrx_word' id='word_1_779' title='bbox 1159 5337 1330 5405; x_wconf 82' lang='lat' dir='ltr'><strong>modis</strong></span> <span class='ocrx_word' id='word_1_780' title='bbox 1370 5352 1382 5388; x_wconf 95' lang='lat'><strong>:</strong></span> <span class='ocrx_word' id='word_1_781' title='bbox 1426 5337 1512 5388; x_wconf 84' lang='lat' dir='ltr'><strong>hic</strong></span> <span class='ocrx_word' id='word_1_782' title='bbox 1539 5347 1718 5405; x_wconf 84' lang='lat' dir='ltr'><strong>a_utem</strong></span> <span class='ocrx_word' id='word_1_783' title='bbox 1754 5334 1905 5387; x_wconf 90' lang='lat' dir='ltr'><strong>locus</strong></span> <span class='ocrx_word' id='word_1_784' title='bbox 1957 5344 2042 5388; x_wconf 90' lang='lat' dir='ltr'><strong>est</strong></span> <span class='ocrx_word' id='word_1_785' title='bbox 2093 5351 2156 5387; x_wconf 85' lang='lat' dir='ltr'><strong>ex</strong></span> <span class='ocrx_word' id='word_1_786' title='bbox 2188 5346 2328 5388; x_wconf 87' lang='lat' dir='ltr'><strong>orat.</strong></span> 
     </span>
    </p>
   </div>
   <div class='ocr_carea' id='block_1_104' title="bbox 739 5401 2329 5475">
    <p class='ocr_par' dir='ltr' id='par_1_104' title="bbox 739 5401 2329 5475">
     <span class='ocr_line' id='line_1_104' title="bbox 739 5401 2329 5475; baseline -0.003 -13"><span class='ocrx_word' id='word_1_787' title='bbox 739 5401 818 5461; x_wconf 52' lang='grc' dir='ltr'><strong>ὅδ’</strong></span> <span class='ocrx_word' id='word_1_788' title='bbox 864 5428 875 5462; x_wconf 92' lang='lat'><strong>:</strong></span> <span class='ocrx_word' id='word_1_789' title='bbox 929 5407 1019 5459; x_wconf 84' lang='grc' dir='ltr'>Ἐν</span> <span class='ocrx_word' id='word_1_790' title='bbox 1053 5404 1230 5475; x_wconf 51' lang='grc' dir='ltr'>-αύτῷ</span> <span class='ocrx_word' id='word_1_791' title='bbox 1267 5405 1324 5457; x_wconf 78' lang='grc' dir='ltr'>δὲ</span> <span class='ocrx_word' id='word_1_792' title='bbox 1367 5407 1505 5472; x_wconf 83' lang='grc' dir='ltr'>ὅπερ</span> <span class='ocrx_word' id='word_1_793' title='bbox 1534 5401 1686 5455; x_wconf 80' lang='grc' dir='ltr'>εἶπον</span> <span class='ocrx_word' id='word_1_794' title='bbox 1719 5406 1883 5456; x_wconf 85' lang='grc' dir='ltr'>τυπεῖ</span> <span class='ocrx_word' id='word_1_795' title='bbox 1932 5405 1991 5455; x_wconf 79' lang='grc' dir='ltr'><strong>τὸ</strong></span> <span class='ocrx_word' id='word_1_796' title='bbox 2025 5406 2292 5475; x_wconf 85' lang='grc' dir='ltr'>ἡμέτερον</span> <span class='ocrx_word' id='word_1_797' title='bbox 2316 5421 2329 5435; x_wconf 92' lang='grc'><strong>·</strong></span> 
     </span>
    </p>
   </div>
   <div class='ocr_carea' id='block_1_105' title="bbox 740 5471 2333 5546">
    <p class='ocr_par' dir='ltr' id='par_1_105' title="bbox 740 5471 2333 5546">
     <span class='ocr_line' id='line_1_105' title="bbox 740 5471 2333 5546; baseline -0.001 -16"><span class='ocrx_word' id='word_1_798' title='bbox 740 5480 902 5546; x_wconf 74' lang='grc' dir='ltr'>ἡμεῖς</span> <span class='ocrx_word' id='word_1_799' title='bbox 926 5478 1033 5546; x_wconf 80' lang='grc' dir='ltr'><strong>γὰρ</strong></span> <span class='ocrx_word' id='word_1_800' title='bbox 1050 5471 1273 5546; x_wconf 22' lang='grc' dir='ltr'>ἦμενίοί</span> <span class='ocrx_word' id='word_1_801' title='bbox 1305 5475 1768 5543; x_wconf 76' lang='grc' dir='ltr'>καταλελειμένοι,</span> <span class='ocrx_word' id='word_1_802' title='bbox 1791 5475 1886 5527; x_wconf 70' lang='grc' dir='ltr'>καὶ</span> <span class='ocrx_word' id='word_1_803' title='bbox 1911 5471 2333 5545; x_wconf 67' lang='grc' dir='ltr'>παρεώραμένοι</span> 
     </span>
    </p>
   </div>
   <div class='ocr_carea' id='block_1_106' title="bbox 738 5545 2323 5618">
    <p class='ocr_par' dir='ltr' id='par_1_106' title="bbox 738 5545 2323 5618">
     <span class='ocr_line' id='line_1_106' title="bbox 738 5545 2323 5618; baseline -0.003 -16"><span class='ocrx_word' id='word_1_804' title='bbox 738 5545 1006 5618; x_wconf 72' lang='grc' dir='ltr'>πρότερον</span> <span class='ocrx_word' id='word_1_805' title='bbox 1059 5563 1072 5575; x_wconf 91' lang='grc'><strong>·</strong></span> <span class='ocrx_word' id='word_1_806' title='bbox 1123 5545 1315 5600; x_wconf 78' lang='lat' dir='ltr'><strong>Verum</strong></span> <span class='ocrx_word' id='word_1_807' title='bbox 1377 5550 1429 5598; x_wconf 86' lang='lat' dir='ltr'><strong>in</strong></span> <span class='ocrx_word' id='word_1_808' title='bbox 1483 5563 1536 5599; x_wconf 76' lang='lat' dir='ltr'><strong>se</strong></span> <span class='ocrx_word' id='word_1_809' title='bbox 1591 5547 1704 5614; x_wconf 83' lang='lat' dir='ltr'><strong>ipso</strong></span> <span class='ocrx_word' id='word_1_810' title='bbox 1766 5556 2110 5609; x_wconf 72' lang='lat' dir='ltr'><strong>reprrrsentat</strong></span> <span class='ocrx_word' id='word_1_811' title='bbox 2167 5566 2180 5599; x_wconf 91' lang='lat'><strong>:</strong></span> <span class='ocrx_word' id='word_1_812' title='bbox 2231 5564 2323 5599; x_wconf 84' lang='lat' dir='ltr'><strong>nos</strong></span> 
     </span>
    </p>
   </div>
   <div class='ocr_carea' id='block_1_107' title="bbox 739 5618 2345 5686">
    <p class='ocr_par' dir='ltr' id='par_1_107' title="bbox 739 5618 2345 5686">
     <span class='ocr_line' id='line_1_107' title="bbox 739 5618 2345 5686; baseline -0.002 -14"><span class='ocrx_word' id='word_1_813' title='bbox 739 5622 879 5672; x_wconf 82' lang='lat' dir='ltr'><strong>enim</strong></span> <span class='ocrx_word' id='word_1_814' title='bbox 929 5635 1140 5671; x_wconf 87' lang='lat' dir='ltr'><strong>eramus</strong></span> <span class='ocrx_word' id='word_1_815' title='bbox 1193 5618 1430 5670; x_wconf 80' lang='lat' dir='ltr'><strong>derelicti</strong></span> <span class='ocrx_word' id='word_1_816' title='bbox 1475 5619 1552 5669; x_wconf 79' lang='lat' dir='ltr'><strong>illi</strong></span> <span class='ocrx_word' id='word_1_817' title='bbox 1586 5618 1755 5682; x_wconf 81' lang='lat' dir='ltr'><strong>prius,</strong></span> <span class='ocrx_word' id='word_1_818' title='bbox 1813 5628 1970 5686; x_wconf 81' lang='lat' dir='ltr'><strong>atque</strong></span> <span class='ocrx_word' id='word_1_819' title='bbox 2020 5619 2345 5682; x_wconf 79' lang='lat' dir='ltr'><strong>contempti.’</strong></span> 
     </span>
    </p>
   </div>
   <div class='ocr_carea' id='block_1_108' title="bbox 739 5687 2320 5751">
    <p class='ocr_par' dir='ltr' id='par_1_108' title="bbox 739 5687 2320 5751">
     <span class='ocr_line' id='line_1_108' title="bbox 739 5687 2320 5751; baseline -0.002 -8"><span class='ocrx_word' id='word_1_820' title='bbox 739 5690 1006 5744; x_wconf 70' lang='lat' dir='ltr'><strong>l’rteclare</strong></span> <span class='ocrx_word' id='word_1_821' title='bbox 1037 5689 1284 5742; x_wconf 75' lang='lat' dir='ltr'><strong>eumdem</strong></span> <span class='ocrx_word' id='word_1_822' title='bbox 1313 5703 1534 5742; x_wconf 72' lang='lat' dir='ltr'><strong>sensum</strong></span> <span class='ocrx_word' id='word_1_823' title='bbox 1573 5690 1764 5740; x_wconf 79' lang='lat' dir='ltr'><strong>extulit</strong></span> <span class='ocrx_word' id='word_1_824' title='bbox 1799 5687 1855 5740; x_wconf 92' lang='lat' dir='ltr'><strong>S.</strong></span> <span class='ocrx_word' id='word_1_825' title='bbox 1876 5687 2007 5751; x_wconf 84' lang='lat' dir='ltr'><strong>Lco,</strong></span> <span class='ocrx_word' id='word_1_826' title='bbox 2038 5703 2202 5740; x_wconf 87' lang='lat' dir='ltr'><strong>sertn.</strong></span> <span class='ocrx_word' id='word_1_827' title='bbox 2231 5687 2320 5751; x_wconf 76' lang='lat' dir='ltr'><strong>l6,</strong></span> 
     </span>
    </p>
   </div>
   <div class='ocr_carea' id='block_1_109' title="bbox 740 5757 2322 5826">
    <p class='ocr_par' dir='ltr' id='par_1_109' title="bbox 740 5757 2322 5826">
     <span class='ocr_line' id='line_1_109' title="bbox 740 5757 2322 5826; baseline -0.001 -16"><span class='ocrx_word' id='word_1_828' title='bbox 740 5766 803 5813; x_wconf 85' lang='lat' dir='ltr'><strong>tle</strong></span> <span class='ocrx_word' id='word_1_829' title='bbox 836 5764 973 5814; x_wconf 82' lang='lat' dir='ltr'><strong>Pan.</strong></span> <span class='ocrx_word' id='word_1_830' title='bbox 1031 5757 1212 5813; x_wconf 82' lang='lat' dir='ltr'><strong>&#39;lnde</strong></span> <span class='ocrx_word' id='word_1_831' title='bbox 1242 5769 1317 5811; x_wconf 80' lang='lat' dir='ltr'><strong>est</strong></span> <span class='ocrx_word' id='word_1_832' title='bbox 1367 5759 1506 5822; x_wconf 87' lang='lat' dir='ltr'><strong>quod</strong></span> <span class='ocrx_word' id='word_1_833' title='bbox 1557 5771 1714 5826; x_wconf 82' lang='lat' dir='ltr'><strong>caput</strong></span> <span class='ocrx_word' id='word_1_834' title='bbox 1767 5769 2003 5811; x_wconf 82' lang='lat' dir='ltr'><strong>nostrum</strong></span> <span class='ocrx_word' id='word_1_835' title='bbox 2063 5757 2322 5812; x_wconf 79' lang='lat' dir='ltr'><strong>Dominus</strong></span> 
     </span>
    </p>
   </div>
   <div class='ocr_carea' id='block_1_110' title="bbox 739 5830 2323 5897">
    <p class='ocr_par' dir='ltr' id='par_1_110' title="bbox 739 5830 2323 5897">
     <span class='ocr_line' id='line_1_110' title="bbox 739 5830 2323 5897; baseline -0.003 -10"><span class='ocrx_word' id='word_1_836' title='bbox 739 5830 894 5887; x_wconf 74' lang='lat' dir='ltr'><strong>Jesus</strong></span> <span class='ocrx_word' id='word_1_837' title='bbox 956 5832 1198 5886; x_wconf 73' lang='lat' dir='ltr'><strong>Christus</strong></span> <span class='ocrx_word' id='word_1_838' title='bbox 1251 5832 1426 5884; x_wconf 81' lang='lat' dir='ltr'><strong>omnia</strong></span> <span class='ocrx_word' id='word_1_839' title='bbox 1469 5831 1520 5883; x_wconf 84' lang='lat' dir='ltr'><strong>in</strong></span> <span class='ocrx_word' id='word_1_840' title='bbox 1572 5847 1624 5884; x_wconf 70' lang='lat' dir='ltr'><strong>sc</strong></span> <span class='ocrx_word' id='word_1_841' title='bbox 1679 5831 1912 5897; x_wconf 75' lang='lat' dir='ltr'><strong>corporis</strong></span> <span class='ocrx_word' id='word_1_842' title='bbox 1957 5831 2037 5883; x_wconf 82' lang='lat' dir='ltr'><strong>sui</strong></span> <span class='ocrx_word' id='word_1_843' title='bbox 2092 5834 2323 5884; x_wconf 75' lang='lat' dir='ltr'><strong>membra</strong></span> 
     </span>
    </p>
   </div>
   <div class='ocr_carea' id='block_1_111' title="bbox 2429 5116 4040 5189">
    <p class='ocr_par' dir='ltr' id='par_1_111' title="bbox 2429 5116 4040 5189">
     <span class='ocr_line' id='line_1_111' title="bbox 2429 5116 4040 5189; baseline -0.002 -16"><span class='ocrx_word' id='word_1_844' title='bbox 2429 5121 2842 5189; x_wconf 77' lang='lat' dir='ltr'><strong>transformans,</strong></span> <span class='ocrx_word' id='word_1_845' title='bbox 2876 5118 3014 5185; x_wconf 82' lang='lat' dir='ltr'><strong>quod</strong></span> <span class='ocrx_word' id='word_1_846' title='bbox 3052 5117 3177 5170; x_wconf 83' lang='lat' dir='ltr'><strong>olim</strong></span> <span class='ocrx_word' id='word_1_847' title='bbox 3214 5117 3266 5167; x_wconf 86' lang='lat' dir='ltr'><strong>in</strong></span> <span class='ocrx_word' id='word_1_848' title='bbox 3315 5116 3526 5169; x_wconf 78' lang='lat' dir='ltr'><strong>Psalmo</strong></span> <span class='ocrx_word' id='word_1_849' title='bbox 3565 5125 3926 5176; x_wconf 76' lang='lat' dir='ltr'><strong>eructat-erat.</strong></span> <span class='ocrx_word' id='word_1_850' title='bbox 3983 5121 4040 5170; x_wconf 74' lang='lat' dir='ltr'><strong>id</strong></span> 
     </span>
    </p>
   </div>
   <div class='ocr_carea' id='block_1_112' title="bbox 2429 5189 4044 5258">
    <p class='ocr_par' dir='ltr' id='par_1_112' title="bbox 2429 5189 4044 5258">
     <span class='ocr_line' id='line_1_112' title="bbox 2429 5189 4044 5258; baseline -0.004 -13"><span class='ocrx_word' id='word_1_851' title='bbox 2429 5193 2485 5245; x_wconf 81' lang='lat' dir='ltr'><strong>in</strong></span> <span class='ocrx_word' id='word_1_852' title='bbox 2513 5191 2770 5258; x_wconf 83' lang='lat' dir='ltr'><strong>su&#39;pplicio</strong></span> <span class='ocrx_word' id='word_1_853' title='bbox 2811 5191 2980 5244; x_wconf 82' lang='lat' dir='ltr'><strong>crucis</strong></span> <span class='ocrx_word' id='word_1_854' title='bbox 3033 5190 3128 5242; x_wconf 83' lang='lat' dir='ltr'><strong>sub</strong></span> <span class='ocrx_word' id='word_1_855' title='bbox 3169 5189 3563 5258; x_wconf 71' lang='lat' dir='ltr'><strong>redemptorum</strong></span> <span class='ocrx_word' id='word_1_856' title='bbox 3633 5203 3855 5258; x_wconf 79' lang='lat' dir='ltr'><strong>suorum</strong></span> <span class='ocrx_word' id='word_1_857' title='bbox 3911 5206 4044 5244; x_wconf 77' lang='lat' dir='ltr'><strong>rore</strong></span> 
     </span>
    </p>
   </div>
   <div class='ocr_carea' id='block_1_113' title="bbox 2429 5257 4047 5327">
    <p class='ocr_par' dir='ltr' id='par_1_113' title="bbox 2429 5257 4047 5327">
     <span class='ocr_line' id='line_1_113' title="bbox 2429 5257 4047 5327; baseline -0.002 -12"><span class='ocrx_word' id='word_1_858' title='bbox 2429 5257 2694 5315; x_wconf 71' lang='lat' dir='ltr'><strong>clamabat</strong></span> <span class='ocrx_word' id='word_1_859' title='bbox 2744 5277 2762 5314; x_wconf 91' lang='lat'><strong><em>:</em></strong></span> <span class='ocrx_word' id='word_1_860' title='bbox 2795 5271 2834 5327; x_wconf 69' lang='grc' dir='ltr'><strong>ίσ</strong></span> <span class='ocrx_word' id='word_1_861' title='bbox 2869 5261 3008 5312; x_wconf 70' lang='grc' dir='ltr'><strong>Πρω</strong></span> <span class='ocrx_word' id='word_1_862' title='bbox 3046 5274 3212 5316; x_wconf 78' lang='lat' dir='ltr'><strong>meus.</strong></span> <span class='ocrx_word' id='word_1_863' title='bbox 3263 5257 3403 5310; x_wconf 81' lang='lat' dir='ltr'><strong>Deus</strong></span> <span class='ocrx_word' id='word_1_864' title='bbox 3441 5274 3608 5316; x_wconf 75' lang='lat' dir='ltr'><strong>meus.</strong></span> <span class='ocrx_word' id='word_1_865' title='bbox 3651 5257 3842 5324; x_wconf 82' lang='lat' dir='ltr'><strong>utquid</strong></span> <span class='ocrx_word' id='word_1_866' title='bbox 3880 5259 4047 5312; x_wconf 76' lang='lat' dir='ltr'><strong>dere-</strong></span> 
     </span>
    </p>
   </div>
   <div class='ocr_carea' id='block_1_114' title="bbox 2431 5328 4043 5402">
    <p class='ocr_par' dir='ltr' id='par_1_114' title="bbox 2431 5328 4043 5402">
     <span class='ocr_line' id='line_1_114' title="bbox 2431 5328 4043 5402; baseline -0.001 -18"><span class='ocrx_word' id='word_1_867' title='bbox 2431 5334 2636 5402; x_wconf 76' lang='lat' dir='ltr'><strong>liquisti</strong></span> <span class='ocrx_word' id='word_1_868' title='bbox 2664 5332 2786 5385; x_wconf 85' lang='lat' dir='ltr'><strong>me?</strong></span> <span class='ocrx_word' id='word_1_869' title='bbox 2824 5350 2842 5382; x_wconf 76' lang='grc' dir='ltr'><strong>ι</strong></span> <span class='ocrx_word' id='word_1_870' title='bbox 2874 5330 2976 5402; x_wconf 73' lang='lat' dir='ltr'><strong>Alii</strong></span> <span class='ocrx_word' id='word_1_871' title='bbox 3013 5330 3142 5383; x_wconf 85' lang='lat' dir='ltr'><strong>item</strong></span> <span class='ocrx_word' id='word_1_872' title='bbox 3185 5328 3494 5402; x_wconf 76' lang='lat' dir='ltr'><strong>gravissimi</strong></span> <span class='ocrx_word' id='word_1_873' title='bbox 3531 5330 3724 5402; x_wconf 69' lang='lat' dir='ltr'><strong>Patres</strong></span> <span class='ocrx_word' id='word_1_874' title='bbox 3752 5342 3820 5402; x_wconf 54' lang='grc' dir='ltr'><strong>εξ)</strong></span> <span class='ocrx_word' id='word_1_875' title='bbox 3862 5339 4043 5402; x_wconf 66' lang='lat' dir='ltr'><strong>sensu</strong></span> 
     </span>
    </p>
   </div>
   <div class='ocr_carea' id='block_1_115' title="bbox 2433 5396 4043 5467">
    <p class='ocr_par' dir='ltr' id='par_1_115' title="bbox 2433 5396 4043 5467">
     <span class='ocr_line' id='line_1_115' title="bbox 2433 5396 4043 5467; baseline -0.002 -14"><span class='ocrx_word' id='word_1_876' title='bbox 2433 5396 2597 5458; x_wconf 69' lang='lat' dir='ltr'><strong>verba</strong></span> <span class='ocrx_word' id='word_1_877' title='bbox 2631 5403 2835 5455; x_wconf 82' lang='lat' dir='ltr'><strong>Christi</strong></span> <span class='ocrx_word' id='word_1_878' title='bbox 2871 5401 3322 5467; x_wconf 87' lang='lat' dir='ltr'><strong>interpretantur,</strong></span> <span class='ocrx_word' id='word_1_879' title='bbox 3368 5399 3720 5457; x_wconf 78' lang='lat' dir='ltr'><strong>Athanasius,</strong></span> <span class='ocrx_word' id='word_1_880' title='bbox 3761 5396 4043 5466; x_wconf 74' lang='lat' dir='ltr'><strong>Cyrillus,</strong></span> 
     </span>
    </p>
   </div>
   <div class='ocr_carea' id='block_1_116' title="bbox 2433 5467 4040 5543">
    <p class='ocr_par' dir='ltr' id='par_1_116' title="bbox 2433 5467 4040 5543">
     <span class='ocr_line' id='line_1_116' title="bbox 2433 5467 4040 5543; baseline -0.003 -17"><span class='ocrx_word' id='word_1_881' title='bbox 2433 5473 2785 5543; x_wconf 81' lang='lat' dir='ltr'><strong>Augustinus.</strong></span> <span class='ocrx_word' id='word_1_882' title='bbox 2826 5470 3205 5543; x_wconf 74' lang='lat' dir='ltr'><strong>Sedlongiom</strong></span> <span class='ocrx_word' id='word_1_883' title='bbox 3241 5469 3305 5521; x_wconf 90' lang='lat' dir='ltr'><strong>de</strong></span> <span class='ocrx_word' id='word_1_884' title='bbox 3339 5471 3439 5543; x_wconf 84' lang='lat' dir='ltr'><strong>hoc</strong></span> <span class='ocrx_word' id='word_1_885' title='bbox 3486 5467 3604 5522; x_wconf 88' lang='lat' dir='ltr'><strong>loco</strong></span> <span class='ocrx_word' id='word_1_886' title='bbox 3649 5485 3753 5521; x_wconf 91' lang='lat' dir='ltr'><strong>non</strong></span> <span class='ocrx_word' id='word_1_887' title='bbox 3799 5469 4040 5537; x_wconf 78' lang='lat' dir='ltr'><strong>addam,</strong></span> 
     </span>
    </p>
   </div>
   <div class='ocr_carea' id='block_1_117' title="bbox 2429 5540 3492 5614">
    <p class='ocr_par' dir='ltr' id='par_1_117' title="bbox 2429 5540 3492 5614">
     <span class='ocr_line' id='line_1_117' title="bbox 2429 5540 3492 5614; baseline -0.002 -21"><span class='ocrx_word' id='word_1_888' title='bbox 2429 5540 2548 5614; x_wconf 53' lang='lat' dir='ltr'><strong>qua}</strong></span> <span class='ocrx_word' id='word_1_889' title='bbox 2583 5545 2646 5598; x_wconf 87' lang='lat' dir='ltr'><strong>ab</strong></span> <span class='ocrx_word' id='word_1_890' title='bbox 2675 5541 3063 5614; x_wconf 75' lang='lat' dir='ltr'><strong>interpretibus</strong></span> <span class='ocrx_word' id='word_1_891' title='bbox 3088 5550 3214 5594; x_wconf 91' lang='lat' dir='ltr'><strong>sunt</strong></span> <span class='ocrx_word' id='word_1_892' title='bbox 3242 5540 3492 5614; x_wconf 80' lang='lat' dir='ltr'><strong>petenda.</strong></span> 
     </span>
    </p>
   </div>
   <div class='ocr_carea' id='block_1_118' title="bbox 2503 5609 4048 5681">
    <p class='ocr_par' dir='ltr' id='par_1_118' title="bbox 2503 5609 4048 5681">
     <span class='ocr_line' id='line_1_118' title="bbox 2503 5609 4048 5681; baseline -0.001 -13"><span class='ocrx_word' id='word_1_893' title='bbox 2503 5614 2617 5681; x_wconf 86' lang='lat'><strong>(66)</strong></span> <span class='ocrx_word' id='word_1_894' title='bbox 2661 5613 2763 5668; x_wconf 84' lang='lat' dir='ltr'><strong>Sed</strong></span> <span class='ocrx_word' id='word_1_895' title='bbox 2788 5609 2840 5664; x_wconf 77' lang='lat' dir='ltr'><strong>in</strong></span> <span class='ocrx_word' id='word_1_896' title='bbox 2872 5612 2968 5666; x_wconf 81' lang='lat' dir='ltr'><strong>Dei</strong></span> <span class='ocrx_word' id='word_1_897' title='bbox 3001 5625 3160 5663; x_wconf 83' lang='lat' dir='ltr'><strong>manu</strong></span> <span class='ocrx_word' id='word_1_898' title='bbox 3192 5611 3516 5662; x_wconf 76' lang='lat' dir='ltr'><strong>credentium</strong></span> <span class='ocrx_word' id='word_1_899' title='bbox 3552 5609 3782 5662; x_wconf 84' lang='lat' dir='ltr'><strong>animas.</strong></span> <span class='ocrx_word' id='word_1_900' title='bbox 3812 5611 3890 5666; x_wconf 78' lang='lat' dir='ltr'><strong>Ex</strong></span> <span class='ocrx_word' id='word_1_901' title='bbox 3929 5611 4048 5667; x_wconf 81' lang='lat' dir='ltr'><strong>bne</strong></span> 
     </span>
    </p>
   </div>
   <div class='ocr_carea' id='block_1_119' title="bbox 2427 5681 4047 5747">
    <p class='ocr_par' dir='ltr' id='par_1_119' title="bbox 2427 5681 4047 5747">
     <span class='ocr_line' id='line_1_119' title="bbox 2427 5681 4047 5747; baseline -0.003 -7"><span class='ocrx_word' id='word_1_902' title='bbox 2427 5686 2548 5740; x_wconf 86' lang='lat' dir='ltr'><strong>loco</strong></span> <span class='ocrx_word' id='word_1_903' title='bbox 2572 5685 2967 5738; x_wconf 89' lang='lat' dir='ltr'><strong>convenienter</strong></span> <span class='ocrx_word' id='word_1_904' title='bbox 2993 5681 3265 5747; x_wconf 78' lang='lat' dir='ltr'><strong>colligitur</strong></span> <span class='ocrx_word' id='word_1_905' title='bbox 3300 5691 3446 5732; x_wconf 87' lang='lat' dir='ltr'><strong>recta</strong></span> <span class='ocrx_word' id='word_1_906' title='bbox 3475 5682 3742 5733; x_wconf 77' lang='lat' dir='ltr'><strong>sententia</strong></span> <span class='ocrx_word' id='word_1_907' title='bbox 3775 5685 3842 5735; x_wconf 82' lang='lat' dir='ltr'><strong>dc</strong></span> <span class='ocrx_word' id='word_1_908' title='bbox 3882 5693 4047 5738; x_wconf 83' lang='lat' dir='ltr'><strong>statu</strong></span> 
     </span>
    </p>
   </div>
   <div class='ocr_carea' id='block_1_120' title="bbox 2430 5750 4044 5826">
    <p class='ocr_par' dir='ltr' id='par_1_120' title="bbox 2430 5750 4044 5826">
     <span class='ocr_line' id='line_1_120' title="bbox 2430 5750 4044 5826; baseline -0.001 -16"><span class='ocrx_word' id='word_1_909' title='bbox 2430 5757 2734 5809; x_wconf 86' lang='lat' dir='ltr'><strong>animarum</strong></span> <span class='ocrx_word' id='word_1_910' title='bbox 2785 5763 2906 5826; x_wconf 90' lang='lat' dir='ltr'><strong>post</strong></span> <span class='ocrx_word' id='word_1_911' title='bbox 2969 5761 3224 5817; x_wconf 82' lang='lat' dir='ltr'><strong>mortem,</strong></span> <span class='ocrx_word' id='word_1_912' title='bbox 3282 5750 3351 5805; x_wconf 89' lang='lat' dir='ltr'><strong>de</strong></span> <span class='ocrx_word' id='word_1_913' title='bbox 3397 5766 3504 5820; x_wconf 77' lang='lat' dir='ltr'><strong>qua</strong></span> <span class='ocrx_word' id='word_1_914' title='bbox 3559 5752 3794 5807; x_wconf 80' lang='lat' dir='ltr'><strong>disserui</strong></span> <span class='ocrx_word' id='word_1_915' title='bbox 3857 5769 4044 5824; x_wconf 77' lang='lat' dir='ltr'><strong>supra</strong></span> 
     </span>
    </p>
   </div>
   <div class='ocr_carea' id='block_1_121' title="bbox 2427 5826 2669 5884">
    <p class='ocr_par' dir='ltr' id='par_1_121' title="bbox 2427 5826 2669 5884">
     <span class='ocr_line' id='line_1_121' title="bbox 2427 5826 2669 5884; baseline -0.017 -2"><span class='ocrx_word' id='word_1_916' title='bbox 2427 5836 2537 5884; x_wconf 56' lang='grc' dir='ltr'><strong>ηομ</strong></span> <span class='ocrx_word' id='word_1_917' title='bbox 2578 5826 2669 5881; x_wconf 63' lang='lat' dir='ltr'><strong>Si.</strong></span> 
     </span>
    </p>
   </div>
  </div>
