4184 6436
737 353 847 417 603

1940 351 2436 410 THEOPHANIS
2479 353 2816 412 CERAMEI

3893 366 3992 434 506

739 467 941 517 factum
983 473 1084 518 est.
1121 463 1287 531 Igitur
1326 477 1420 528 per
1457 471 1694 514 reserata
1741 462 1984 529 sepulcra
2025 470 2078 514 et
2117 461 2307 514 infero

2430 461 2632 529 Κυρίου
2662 465 2980 528 ἀνάστασις.
3022 468 3144 518 Ὅτε
3182 466 3256 534 δὲ,
3283 470 3470 537 ἐξῆλθε
3518 474 3609 524 τοῦ
3640 474 3813 540 τάφου
3854 477 3879 525 ὁ
3916 479 4011 543 ἀρ-

739 573 859 609 rnm
904 559 1130 617 eversio,
1161 562 1217 608 et
1259 555 1467 606 Domini
1506 555 1829 606 resurrectio
1873 554 2144 607 declarata
2214 563 2314 606 est.

737 644 841 702 Ubi
879 632 1006 700 vero
1031 646 1238 699 Auctor
1270 645 1459 699 salutis
1494 656 1694 698 nostr:e
1727 646 1923 710 prodiit
1953 661 2015 698 ex
2049 645 2316 713 sepulcro,

738 754 866 795 tnnc
913 754 1044 793 sane
1089 750 1144 793 et
1189 738 1363 793 sancti
1413 738 1513 806 ipsi
1563 739 1794 791 vinculis
1846 737 2037 792 mortis
2081 738 2316 802 expediti

739 843 1012 883 emersere
1069 845 1100 885 e
1161 828 1561 891 monumentis,
1610 828 1737 880 illud
1795 824 1948 881 Osca:
2000 826 2238 881 dicentes
2299 844 2313 880 :

746 938 764 971 ι
803 921 1029 974 Curabit
1063 935 1160 974 nos
1196 927 1251 973 et
1287 933 1451 974 sanos
1488 918 1648 972 faciet
1682 927 1799 985 post
1836 917 1951 972 dies
1987 918 2139 981 duos,
2177 926 2229 970 et
2260 917 2312 971 in

735 1017 824 1069 die
862 1020 1017 1070 tertia
1051 1030 1397 1082 resnrgemus
1421 1014 1484 1068 ".
1519 1033 1538 1067 ι
1572 1015 1748 1085 Atque
1776 1014 1847 1068 ita
1882 1014 2124 1068 laetantes
2154 1029 2315 1067 vene-

737 1120 862 1162 runt
906 1112 960 1162 In
1002 1118 1247 1176 sanctam
1293 1108 1605 1172 civitatem,
1635 1118 1688 1161 et
1730 1122 1845 1159 eam
1893 1121 2012 1174 qua:
2055 1106 2106 1158 in
2153 1105 2314 1159 lenis

734 1212 838 1258 est.
871 1209 926 1254 et
963 1216 1082 1254 eam
1124 1216 1243 1269 quae
1285 1199 1339 1252 in
1377 1197 1571 1263 Edem,
1609 1199 1946 1267 pra‘cedente
1989 1198 2228 1262 Christo,
2258 1207 2314 1252 et

730 1291 1023 1355 latronem,
1051 1302 1212 1360 prout
1241 1291 1356 1360 ipse
1387 1291 1733 1359 promiserat,
1765 1290 2164 1344 introducente.

776 1382 957 1438 'Tuuc
995 1383 1433 1439 animadvertens
1475 1380 1753 1444 centurio,
1785 1383 1864 1436 uti
1908 1383 2170 1436 Dominus
2213 1399 2310 1438 sua

729 1490 853 1529 cum
886 1484 1152 1545 potestate
1180 1475 1532 1544 exspirasset,
1565 1483 1620 1527 ut
1649 1476 1832 1528 scissse
1865 1484 2058 1543 petrae,
2081 1485 2134 1527 et
2165 1482 2307 1529 terra

730 1578 1017 1627 concussa,
1048 1579 1217 1632 usque
1249 1563 1384 1617 adeo
1418 1571 1773 1631 compunctus
1809 1573 1913 1625 est,
1944 1571 2000 1616 ut
2041 1563 2307 1628 crederet,

729 1666 784 1710 et
811 1657 1090 1712 Christum
1120 1656 1313 1712 Filium
1346 1655 1440 1712 Dei
1474 1659 1734 1712 fateretur
1764 1674 1778 1710 :
1814 1669 2000 1723 postea
2030 1673 2156 1713 vero
2186 1673 2311 1713 san-

729 1752 910 1819 guinis
947 1752 1259 1806 testimonio
1299 1751 1413 1818 (69)
1452 1759 1863 1805 consummatus
1899 1760 2001 1805 est.
2025 1748 2144 1804 Jam
2182 1765 2310 1804 vero

2430 552 2599 621 κηγδς
2644 554 2743 622 τῆς
2769 557 3042 626 σωτηρίας
3077 560 3235 629 ἡμῶν
3262 601 3276 625 ,
3317 562 3436 613 τότε
3470 564 3532 630 δὴ
3568 567 3631 616 ἐκ
3663 567 3772 616 τῶν
3794 571 4008 634 μνςμά-

2427 661 2539 696 των
2578 647 2671 698 καὶ
2716 646 2872 698 αὐτοὶ
2904 651 3231 719 ἀνενήχοντο
3280 653 3580 722 ἀνειμένοι,
3631 660 3724 709 καὶ
3759 659 4007 724 λέγοντες

2426 733 2494 785 τὰ
2527 736 2619 786 τοῦ
2662 736 2820 806 Ὠσηὲ
2844 754 2859 768 ο
2905 757 2922 789 ι
2967 739 3199 794 ’ἰάσεται
3236 746 3403 812 ἡμᾶς,
3447 748 3538 798 καὶ
3573 749 3827 800 νεοτώσει
3865 752 4005 818 ἡμᾶς

2427 827 2566 892 μετὰ
2595 826 2688 880 δύο
2717 829 2956 899 ἡμέρας,
3001 834 3104 912 ⁸καὶ
3151 836 3207 886 ὲν
3236 838 3301 904 τῇ
3354 835 3538 905 ἡμέρᾳ
3574 840 3638 906 τῇ
3687 839 3847 910 τρίτῃ
3881 844 4004 892 ἁνα-

2428 920 2756 988 στησόμεθα.
2798 941 2816 973 ι
2851 924 2960 976 Καὶ
2987 924 3128 979 οὕτω
3178 929 3463 997 χαίροντες
3507 930 3758 997 εἰσῆλθον
3785 934 3880 992 si;
3914 933 4005 1001 τὴν

2425 1007 2589 1076 ἁγίαν
2638 1010 2817 1076 πόλιν,
2851 1015 2953 1084 τήν
2985 1033 3043 1068 τε
3100 1018 3368 1086 ἐπίγειον,
3407 1021 3500 1071 καὶ
3529 1021 3629 1085 τὴν
3669 1021 3772 1089 τῆς
3823 1023 4003 1094 Ἐὂὲμ,

2424 1102 2817 1173 προοδεύοντος
2845 1109 2939 1162 τοῦ
2980 1111 3257 1180 Σωτῆρος,
3285 1114 3382 1166 καὶ
3411 1113 3501 1166 τὸν
3521 1115 3725 1188 λῃστὴν
3752 1120 4004 1186 εἰσάγον-

2420 1211 2534 1256 τος,
2567 1198 2711 1251 κατὰ
2741 1199 2840 1270 τὴν
2872 1201 3187 1271 ὕπόσλεσιν.

2498 1288 2632 1341 Τότε
2679 1288 2744 1358 δὴ
2790 1293 2886 1345 καὶ
2913 1295 2940 1345 ό
2980 1295 3305 1363 κεντυρίων,
3360 1295 3487 1348 ἰδὼν
3541 1297 3659 1356 πῶς
3712 1297 4003 1361 ἐξέπνευσε

2424 1383 2542 1452 μετ’
2577 1382 2845 1461 ἐξουσίας,
2880 1384 2999 1444 πῶς
3031 1388 3088 1439 αἱ
3117 1387 3315 1457 πέτραι
3339 1389 3695 1458 ἐσχίσθησαν,
3728 1392 3822 1442 καὶ
3862 1393 3894 1459 ἡ
3933 1392 4002 1458 γῆ

2419 1474 2768 1545 ὲκεκλόνητο,
2821 1477 2903 1537 είς
2937 1477 3208 1546 τοσαύτην
3255 1473 3358 1550 ἧκε
3399 1480 3875 1544 κατὰνυξιν.ὦστε
3909 1483 4002 1532 καὶ

2419 1567 2777 1629 πεπίστευκε,
2809 1569 2900 1620 καὶ
2929 1569 3055 1620 Υίδν
3071 1567 3207 1622 Θεοῦ
3241 1570 3332 1622 τὸν
3356 1571 3591 1640 Χριστὸν
3621 1572 4001 1640 ὡμολόγησεν.

2421 1655 2689 1726 ’Υστερον
2739 1657 2796 1709 δὲ
2856 1659 2951 1711 καὶ
3005 1659 3332 1730 μσρτυρικῷ
3374 1661 3582 1733 -αῖματι
3631 1661 4002 1713 ἐτετελείωτο.

2419 1751 2564 1825 Ὅρα
2597 1753 2656 1806 δὲ
2686 1754 2781 1806 καὶ
2806 1755 2915 1807 τῶν
2965 1755 3289 1825 μαθητριῶν
3320 1757 3420 1825 τὴν
3469 1756 3817 1824 προσεδρίαν,
3860 1756 4000 1822 πόση

729 1843 1012 1896 considera
1062 1857 1226 1911 quam
1268 1843 1474 1897 fuerint
1518 1841 1754 1897 assiduae
1795 1842 2050 1898 mulieres
2090 1842 2307 1897 alumnaz

2419 1823 2505 1911 τις
2525 1843 2616 1918 ἦν.
2661 1823 3024 1901 Ἣκολούθουν
3055 1823 3164 1901 ἀπό
3193 1849 3292 1917 τῆς
3321 1823 3618 1909 Γαλιλαίας
3639 1823 4004 1914 διακονούμε-

734 1936 934 1988 (ἶιιιὶειί
967 1936 1251 1990 doctrinae.
1281 1934 1566 1990 Comitata:
1609 1942 1731 1989 sunt
1763 1949 1793 1987 ε
1823 1933 2043 1989 Galilaea
2077 1950 2318 1989 commo-

730 2025 921 2079 dantes
954 2025 1002 2078 ei
1031 2027 1096 2080 de
1128 2041 1224 2080 sua
1259 2041 1320 2080 re
1355 2044 1368 2080 :
1406 2035 1591 2094 postea
1626 2026 1675 2076 in
1710 2025 1970 2094 periculis
2007 2024 2316 2095 adfuerunt,

727 2129 777 2169 et
816 2134 938 2170 rum
981 2119 1289 2172 traheretur
1329 2120 1393 2172 ad
1433 2133 1649 2172 crucem
1687 2129 1883 2173 secuta:
1919 2128 2046 2173 sunt
2082 2120 2317 2189 complo-

732 2221 946 2276 rantes;
978 2220 1031 2265 et
1060 2213 1109 2265 in
1143 2211 1607 2266 crucem'suhlato
1639 2211 2000 2275 assederunt,
2029 2222 2080 2264 et
2123 2213 2316 2282 persti-

728 2312 942 2366 lct'unl,
975 2315 1032 2357 ut
1059 2305 1416 2359 observarent
1442 2305 1531 2360 'nbi
1567 2305 1912 2375 sepeliretur,
1946 2315 2003 2359 ut
2030 2315 2310 2376 postquam

720 2394 1030 2451 Juda‘orum
1074 2398 1251 2451 rabies
1290 2398 1652 2454 dcferhuisset
1719 2399 2179 2470 securitatemque
2214 2415 2314 2452 na-

727 2499 830 2544 ctte
874 2497 1087 2552 essent,
1117 2491 1366 2544 venirent
1411 2494 1476 2544 ad
1524 2507 1720 2560 corpus
1765 2502 2040 2561 unguento
2087 2492 2311 2561 perfun-

727 2583 981 2636 dentium.

804 2691 824 2724 ι
869 2671 1042 2728 Judaei
1087 2689 1237 2743 ergo.
1273 2676 1530 2744 quoniam
1583 2678 1884 2732 Parasceve
1930 2688 2069 2741 erat,
2104 2689 2161 2734 ut
2204 2697 2309 2737 non

725 2776 1070 2820 remanerent
1133 2767 1184 2820 in
1228 2783 1394 2822 cruce
1427 2784 1654 2836 corpora
1696 2769 1933 2825 Sabhalo
1970 2771 2131 2842 212
2173 2775 2311 2843 (erat

2416 1957 2508 1992 ναι
2536 1940 2601 1992 ὲκ
2640 1940 2751 1992 τῶν
2793 1939 2980 2007 σφίσιν
3009 1939 3240 1990 ἰνόντων
3276 1938 3603 2008 χρημάτων,
3637 1933 3756 1989 εἶτα
3792 1939 3850 1988 ἐν
3889 1938 4005 1998 τοῖς

2417 2029 2689 2092 κινδύνοις
2736 2029 3018 2099 παρῆσαν,
3077 2028 3358 2097 ἑλκομένῳ
3383 2045 3444 2081 τε
3473 2028 3566 2080 ἐπὶ
3596 2024 3835 2095 σταυροῦ
3872 2029 4006 2094 ἠκο-

2415 2122 2638 2175 λούθουν
2670 2121 3092 2191 ὀλοφυρόμεναι,
3139 2121 3235 2172 καὶ
3270 2118 3705 2188 προσηλουμένῳ
3748 2118 4002 2188 παρεκά-

2415 2214 2592 2277 θοντο,
2629 2213 2725 2266 καὶ
2777 2211 3156 2283 προσήδρευον
3192 2207 3634 2280 περισκοποῦσαι
3674 2209 3784 2278 ὅπῃ
3830 2224 4006 2258 κατα-

2414 2311 2665 2381 θήσεται,
2699 2309 2774 2372 ὡς
2816 2306 3016 2377 ἂνητῆς
3055 2306 3261 2373 λύσσης
3288 2304 3399 2357 τῶν
3431 2301 3708 2356 Ἰουδαίων
3741 2299 4006 2366 λωφησά-

2412 2420 2535 2473 σης,
2577 2401 2762 2465 ἀδείας
2799 2399 3143 2472 δραξάμεναι
3173 2397 3383 2452 ἔλθοιεν
3417 2396 3513 2450 καὶ
3554 2392 3900 2464 περιχυθεῖξν
3926 2390 4005 2459 τῷ

2412 2509 2488 2546 σω
2497 2509 2647 2562 ματι.

2485 2695 2504 2728 ι
2540 2674 2604 2728 Οἱ
2644 2672 2742 2742 μὲν
2793 2672 3068 2731 Ἰουδαῖοι,
3131 2670 3221 2722 ἵνα
3252 2667 3327 2737 μὴ
3378 2668 3540 2737 μείνῃ
3577 2664 3647 2719 τὰ
3681 2664 3913 2736 σώματα
3946 2666 4008 2718 ἐν

2412 2769 2492 2837 τῷ
2534 2764 2778 2835 σταυρῷ,
2817 2763 2943 2817 ἐπεὶ
2975 2762 3309 2834 Παρασκευὴ
3340 2755 3408 2834 ἦν
3445 2755 3535 2830 (ἦν
3570 2759 3679 2829 γὰρ
3715 2760 3934 2827 μεγάλη
3973 2762 4007 2829 ἡ

723 2855 868 2908 enim
901 2872 1131 2926 magnus
1167 2857 1281 2912 dies
1303 2859 1390 2913 ille
1419 2857 1690 2926 Sabbati),
1726 2874 2052 2929 rogaverunt
2081 2864 2306 2918 Pilatum

2413 2861 2590 2932 ἡμέρα
2621 2859 2809 2927 ἐκείνη
2836 2856 2931 2910 τοῦ
2960 2855 3289 2923 Σαδΰάτου),
3308 2852 3603 2924 ἠρώτησαν
3626 2852 3717 2904 τὸν
3745 2852 4006 2913 Πιλᾶτον,

727 2957 784 3000 ut
819 2947 1204 3018 frangerentur
1228 2965 1415 3004 eormn
1446 2967 1628 3016 crura,
1656 2962 1708 3004 et
1740 2954 2076 3009 tollerentur.
2109 2975 2125 3008 ι
2157 2955 2310 3012 Post-

720 3055 883 3107 quam
915 3041 1313 3096 ferocissimum
1356 3043 1489 3097 illud
1529 3043 1740 3098 facinus
1781 3056 2186 3114 perpetrassent
2214 3065 2309 3118 per

719 3131 958 3197 speciem
996 3131 1351 3199 observanda:
1388 3132 1543 3203 legis,
1581 3135 1651 3188 illi
1693 3133 1801 3190 Deo
1824 3137 1995 3191 invisi
2031 3149 2087 3191 et
2131 3142 2311 3208 perdi-

2407 2955 2495 3007 ἵνα
2552 2951 2903 3018 κατεαγῶσιν
2952 2950 3142 3003 αὐτῶν
3196 2951 3266 3017 τᾲ
3298 2950 3487 3017 σκέλη,
3546 2945 3640 2998 καὶ
3674 2945 3940 3015 ἀρθῶσιν.
3981 2964 4002 2995 ι

2395 3035 2639 3113 «Ἐπειδὴ
2669 3045 2731 3096 τὸ
2754 3044 3032 3114 τολμηρὸν
3086 3042 3274 3104 αὐτοῖς
3304 3041 3462 3093 τοῦτο
3511 3039 3673 3109 ἔργον
3710 3038 3999 3104 διήνυστο,

2413 3133 2925 3206 νομοφυλακοῢντες
2945 3149 2960 3164 ⁸
3005 3132 3167 3203 δῆθεν
3193 3133 3242 3184 oi
3277 3132 3600 3201 θεομισεῖςη
3623 3128 3716 3181 καὶ
3746 3127 4000 3192 ἐξώλεις,

720 3220 914 3275 tissimi
949 3221 1213 3289 homines,
1249 3233 1302 3278 et
1336 3225 1490 3278 malis
1525 3226 1698 3293 geniis
1730 3228 1947 3295 agitati,
1982 3230 2250 3298 petierunt
2278 3247 2307 3286 a

2417 3231 2513 3284 καὶ
2541 3227 2942 3297 κακοδαίμονες
2975 3225 3190 3292 ἀξιοῦσι
3226 3225 3315 3277 τὸν
3360 3223 3606 3293 ἡγεμόνα
3659 3221 4007 3289 κατεαγῆναι

717 3313 982 3380 ιιι-διεῖδε,
1023 3323 1082 3368 ut
1135 3331 1296 3370 crura
1343 3316 1726 3388 frangerentur
1766 3333 1954 3373 eorum
1996 3322 2086 3389 qui
2135 3323 2307 3378 crucis

2415 3320 2521 3373 τῶν
2546 3317 3151 3373 ἀνασκολωπισθέντων
3176 3314 3246 3367 τὰ
3275 3314 3442 3383 σκέλη
3464 3331 3478 3345 ο
3515 3311 3651 3382 ὁμοῦ
3685 3313 3784 3379 μὲν
3813 3312 4006 3362 ὲτιιτα-

717 3408 985 3476 snpplicio
1034 3410 1257 3462 mactati
1308 3410 1556 3476 fuerant;
1594 3411 1754 3464 simul
1805 3423 1860 3465 ut
1904 3412 2034 3468 Jesu
2082 3427 2308 3469 mortem

719 3510 1169 3568 approperarent,
1196 3500 1358 3555 simul
1387 3510 1442 3555 ut
1470 3501 1601 3572 legis
1631 3504 2004 3570 praseriptum
2034 3507 2309 3561 custodire

709 3593 1111 3663 jutlicarenlur.
1147 3595 1238 3651 Sic
1280 3595 1424 3650 enim
1470 3605 1806 3678 praeceperat
1846 3597 2057 3668 Moyses
2107 3618 2120 3654 :
2177 3617 2197 3651 ι
2249 3600 2306 3655 Si

717 3685 883 3740 fuerit
928 3687 981 3740 in
1025 3687 1212 3755 aliquo
1253 3687 1519 3758 judicium
1567 3690 1781 3754 mortis,
1814 3700 1868 3744 et
1910 3692 2307 3759 suspenderitis

713 3794 839 3832 eum
914 3795 1078 3848 super
1136 3781 1381 3849 lignum,
1451 3797 1558 3835 non
1624 3783 1857 3836 dormiet
1919 3798 2119 3851 corpus
2185 3785 2305 3853 ejus

711 3886 878 3940 super
917 3871 1153 3942 lignum;
1198 3876 1293 3927 sed
1336 3876 1612 3942 sepultura
1657 3876 1929 3943 scpelietis
1962 3892 2084 3930 eum
2124 3877 2174 3930 in
2218 3879 2305 3933 die

712 3963 801 4017 illa
829 3965 891 4017 “.
928 3983 947 4016 ι
997 3965 1293 4019 Latronum
1329 3967 1493 4032 igitur
1528 3967 1706 4021 adhuc
1764 3969 2085 4035 spirantium
2131 3970 2303 4026 clavis

709 4058 1022 4110 contrivere
1050 4050 1336 4122 membra;
1378 4056 1563 4111 Jesum
1607 4071 1736 4111 vero
1779 4068 2046 4111 mortuum
2090 4063 2303 4126 conspi-

709 4148 845 4212 cati,
875 4147 1017 4202 idem
1059 4149 1112 4202 in
1153 4161 1220 4203 eo
1256 4163 1362 4203 non
1393 4147 1575 4204 fecere
1613 4167 1627 4202 :
1669 4164 1846 4216 neque
1861 4151 2017 4215 .enim
2048 4149 2130 4205 fas
2157 4159 2297 4213 erat,

707 4248 767 4293 ut
797 4254 967 4294 sacrm
1006 4239 1147 4293 illius
1183 4240 1420 4295 victima
1454 4255 1579 4296 ossa
1617 4241 2118 4311 coufringerentur,
2155 4257 2297 4310 quo-

703 4329 850 4384 niam
877 4331 1043 4384 etiam
1075 4328 1200 4402 agni
1235 4331 1396 4402 typici
1430 4326 1516 4386 lex
1540 4316 1789 4388 vetuerat
1813 4346 1937 4386 ossa
1965 4333 2286 4387 comminui.

2415 3412 2671 3482 χύνοντες
2701 3410 2802 3480 τὴν
2850 3410 3027 3480 Ἰησοῦ
3056 3407 3339 3476 τελευτὴν,
3373 3405 3668 3474 φυλάττειν
3691 3403 3736 3453 δ’
3766 3403 4005 3470 ὑποκρι-

2413 3505 2629 3572 νόμενοι
2691 3504 2786 3557 καὶ
2835 3501 2896 3555 τὸ
2939 3501 3168 3570 νομικὸν
3227 3499 3609 3569 παρατήρημα
3639 3513 3652 3524 ·
3693 3494 3838 3548 οὕτω
3890 3496 4005 3565 γὰρ

2410 3597 2655 3666 Μωῦσῆς
2699 3595 3006 3649 ἐνετείλατο
3032 3612 3045 3624 ·
3083 3613 3100 3646 ι
3154 3594 3282 3646 Ἐὰν
3320 3593 3548 3662 γένηται
3581 3589 3637 3641 ἐν
3669 3606 3776 3640 τινι
3820 3589 4008 3657 κρῖμα

2412 3691 2670 3755 θανάτου,
2704 3690 2798 3744 καὶ⁵
2825 3688 3142 3760 κρεμάσατε
3172 3686 3338 3739 αὑτὸν
3388 3685 3481 3737 ἐπὶ
3529 3683 3711 3747 ξύλου,
3747 3682 3849 3733 οὐκ
3879 3684 4010 3732 ἐπι-

2409 3783 2812 3854 κοιμηθήσεται
2854 3781 2914 3834 τὸ
2950 3780 3110 3846 σῶμα
3152 3777 3320 3831 αὐτοῦ
3369 3777 3464 3828 επὶ
3517 3774 3594 3843 τῷ
3645 3772 3808 3842 ξύλῳ,
3863 3772 4008 3822 ἀλλὰ

2410 3877 2560 3944 ταφῇ
2639 3873 2843 3943 θάψετε
2899 3871 3036 3925 αὐτὸ
3077 3873 3135 3923 ὲν
3181 3873 3248 3940 τῇ
3303 3869 3490 3939 ἡμέρα
3548 3867 3755 3938 ἐκείνῃ.
3798 3883 3816 3915 s
3874 3865 4008 3916 Τῶν

2409 3966 2510 4034 μὲν
2539 3958 2633 4017 οὖν
2662 3961 2877 4035 λῃστῶν
2908 3963 3260 4031 ἐμπνεόντων
3302 3960 3384 4012 ἔτι
3413 3959 3482 4010 τὰ
3516 3957 3687 4024 σκέλη
3735 3956 4008 4024 ῥοπάλοις

2407 4053 2759 4123 συνέτριψαν.
2815 4052 2920 4106 Τὸν
2964 4051 3022 4105 δὲ
3068 4049 3295 4121 Ἰησοῦν,
3328 4050 3403 4114 ὠς
3435 4046 3577 4102 εἶδον
3628 4048 4003 4117 τεθνήξαντα,

2401 4143 2563 4197 τοῦτο
2596 4144 2692 4214 μὲν
2723 4143 2823 4197 οὐκ
2852 4144 3181 4214 εἰργάσαντο
3209 4159 3223 4173 ⁸
3259 4142 3319 4196 ού
3360 4144 3468 4212 γὰρ
3501 4137 3568 4210 ἦν
3597 4142 3756 4210 θέμις
3796 4158 4006 4193 κατεα-

2401 4239 2565 4308 γῆναι
2590 4236 2687 4290 τοῦ
2721 4237 2869 4309 ἱεροῦ
2900 4235 3147 4306 θύματος
3175 4236 3245 4289 τὰ
3272 4237 3433 4299 ὀστᾶ,
3460 4237 3543 4287 ὅτι
3575 4235 3668 4286 καὶ
3708 4231 3808 4286 τοῦ
3835 4250 4006 4285 τυπι-

2401 4331 2501 4386 κοῦ
2552 4329 2728 4402 ἀμνοῦ
2769 4330 3083 4401 συντρίϐειν
3125 4329 3196 4383 τὰ
3242 4329 3378 4382 ὀστᾶ
3425 4329 3454 4381 ό
3493 4327 3660 4398 νόμος
3693 4326 4003 4379 ἀπείπατο.

701 4424 775 4477 At
816 4438 946 4477 vero
989 4424 1163 4478 audax
1211 4425 1432 4493 quidam
1482 4424 1637 4478 miles
1684 4424 1824 4480 latus
1871 4424 2056 4480 lancea
2106 4425 2296 4494 perfo-

2413 4424 2748 4494 Ετρατιώτης
2777 4423 2836 4478 δέ
2865 4439 2951 4486 τις
2993 4421 3201 4493 θρασὺς
3231 4419 3402 4492 λόγχῃ
3432 4420 3532 4488 τὴν
3562 4417 3807 4484 πλευρὰν
3835 4418 4009 4469 ἀντε-

703 4513 845 4569 ravit
876 4531 890 4568 :
923 4525 980 4571 et
1006 4515 1267 4571 continuo
1299 4517 1559 4572 inusitata
1585 4519 1932 4586 maximeque
1956 4518 2290 4572 admit-altilis

2413 4518 2620 4588 ιόρησε,
2674 4515 2770 4568 καὶ
2836 4514 3042 4568 αὐτίκα
3099 4513 3420 4584 παραδόξου
3478 4510 3762 4580 θαύματος
3826 4507 4006 4578 ἔργον

711 4623 798 4662 res
859 4618 940 4662 est
985 4622 1304 4664 consecuta.
1352 4609 1567 4664 Etenim
1617 4610 1771 4679 quasi
1826 4625 1891 4664 ex
1944 4627 2051 4666 uno
2105 4611 2290 4666 lateris

701 4698 853 4751 fonte
882 4706 937 4752 et
962 4699 1160 4753 flumen
1194 4708 1249 4754 et
1275 4714 1525 4755 cruorem
1560 4702 1821 4754 extraxit.
1855 4700 1931 4754 Ac
1965 4717 2064 4770 per
2090 4717 2288 4770 aquam

698 4789 916 4856 quidem
941 4789 1174 4844 deletum
1200 4799 1284 4845 est
1308 4792 1590 4845 servitutis
1616 4801 1815 4845 nostrae
1839 4792 2290 4862 chirographum;

2397 4607 2844 4678 ἐπηκολούθησεν
2877 4623 2892 4638 ο
2924 4607 3000 4668 ὡς
3026 4606 3136 4677 γὰρ
3166 4607 3230 4658 εκ
3258 4607 3392 4690 ¹μιᾶς
3436 4602 3662 4664 πίδακος
3692 4604 3794 4672 τῆς
3823 4603 4006 4654 πλευ-

2403 4702 2524 4770 ρᾶς,
2559 4700 2775 4773 ῥεῖθρον
2803 4699 2900 4754 καὶ
2952 4698 3168 4768 λείθρον
3197 4695 3458 4762 ἰξώσατο.
3496 4693 3610 4746 Καὶ
3639 4693 3729 4745 διὰ.
3764 4694 3865 4762 μὲν
3892 4697 4000 4750 τοῦ

2399 4793 2591 4856 ὕδατος
2614 4794 2677 4846 τὸ
2713 4793 2813 4861 τῆς
2842 4789 3090 4852 δουλείας
3114 4788 3298 4858 gilva
3330 4786 3699 4856 χειρόγραφον
3745 4787 4003 4855 ἀπηλει-

699 4894 798 4947 per
838 4880 1158 4952 sanguinem
1206 4897 1339 4936 vero
1384 4884 1529 4953 regia
1579 4883 1804 4938 libertas
1851 4883 2012 4938 nobis
2055 4884 2292 4952 ascripta

2413 4902 2531 4952 ρετο
2564 4901 2578 4914 ·
2621 4885 2712 4937 διὰ
2744 4884 2801 4937 δὲ
2833 4882 2928 4936 τοῦ
2958 4883 3193 4948 αἵματος
3231 4878 3488 4949 βασιλικὴ
3530 4877 3818 4946 ἐλευθερία
3851 4883 4002 4949 ἡμῖν

698 4981 801 5025 est.
840 4971 947 5026 Seu
993 4973 1224 5029 fortasse
1267 4976 1488 5045 sanguis
1520 4978 1586 5029 ad
1621 4977 2021 5030 damnationem
2054 4975 2294 5030 Jutlaica:

2413 4977 2776 5048 ὣπεγράφετο,
2818 4976 2851 5047 ἢ
2885 4979 3029 5044 τάχα
3060 4974 3122 5028 τδ
3165 4973 3265 5044 μὲν
3309 4966 3454 5042 αἷμα
3489 4972 3628 5040 πρὸς
3681 4973 4003 5043 καταδίκην

664 5086 668 5090 ·
699 5065 1067 5132 improbitatis
1090 5065 1318 5133 effluxit,
1342 5069 1565 5139 sanguis
1594 5081 1722 5123 vero
1749 5067 1815 5122 ad
1842 5067 2071 5122 salutem
2100 5081 2288 5122 eorum

2413 5067 2588 5120 .6λυσε
2647 5067 2747 5137 τῆς
2791 5066 3066 5121 Ἰουδαίων
3113 5063 3472 5135 φαυλότητος,
3518 5062 3580 5116 τὸ
3618 5062 3677 5117 δὲ
3727 5061 3877 5133 ὕδωρ
3905 5067 3997 5128 εις

771 5207 814 5239 ⁸⁸
835 5207 973 5265 Osee
997 5225 1074 5275 vr,
1096 5210 1152 5275 2,
1177 5213 1232 5267 ὅ.
1311 5210 1356 5244 ³⁸
1383 5213 1540 5267 Deut.
1568 5228 1685 5280 ιιι,
1710 5212 1802 5268 25.

1936 5328 2264 5392 Francisci
2296 5329 2510 5393 Scorsi
2551 5338 2741 5394 notte.

719 5480 722 5482 ·
769 5464 885 5536 (69)
947 5465 1234 5538 Sanguinis
1293 5469 1616 5523 testimonio.
1679 5469 1875 5538 Degeo
1941 5469 2019 5520 sic
2081 5468 2278 5523 Baron.
2383 5468 2511 5521 dam
2553 5470 2764 5538 scriptis
2819 5466 3512 5535 trndidernnt.Longinunt
3557 5464 3991 5538 nominaAenm-

697 5550 806 5592 tom
844 5538 861 5591 Ι
904 5555 918 5591 :
958 5536 1125 5591 Porro
1155 5541 1509 5593 centurionem
1559 5540 1698 5592 Imm:
1748 5536 2041 5608 Longinum
2077 5541 2285 5591 nomine
2383 5540 2604 5609 denique
2660 5536 2858 5594 rat-tom
2915 5542 3077 5608 fuisse
3126 5541 3343 5593 militent
3375 5541 3597 5609 iillum.
3648 5536 3990 5609 qui__lancea

695 5609 1024 5678 cppellatunt
1076 5609 1283 5674 fuisse,
1343 5609 1644 5676 Christique
1695 5606 2129 5676 ﬁdem—secutum
2187 5609 2285 5660 ab-
2341 5606 2528 5663 ‘Iattts
2588 5610 2798 5663 Domini
2875 5606 3104 5676 aperuit.
3171 5609 3295 5663 Haec
3372 5608 3682 5678 Baronius,
3741 5606 3988 5678 Exstant

697 5675 903 5752 dicasse
929 5695 983 5730 se
1007 5695 1038 5731 α
1081 5680 1301 5739 militia,
1337 5698 1399 5732 ac
1423 5681 1647 5752 denique
1682 5675 1751 5733 ad
1780 5680 2286 5752 martyriipalmam
2384 5695 2551 5752 porro
2596 5691 2715 5736 acta
2763 5675 3098 5738 centurionis
3142 5682 3286 5752 apud
3331 5679 3598 5750 Metaphr.
3636 5677 3721 5731 die
3765 5675 3832 5731 16
3866 5676 3983 5732 0c-

697 5749 1001 5821 ndvolasse,
1031 5757 1294 5811 testantur
1319 5752 1411 5820 qui
1445 5749 1567 5821 ejus
1602 5768 1684 5805 res
1721 5761 1894 5819 gestas
1939 5751 2284 5816 scripserunt.
2389 5751 2580 5806 tobris.

702 5819 787 5874 Ea;
823 5821 1010 5887 quibus
1039 5819 1577 5893 redarguunturpqui
1615 5838 1680 5878 ex
1719 5821 2036 5891 apocrypltis
2072 5821 2290 5889 quibus-
