4184 6436
212 385 311 450 641

1557 380 1887 439 ΙΙΟΜῙῌΛ
1928 380 2145 440 XXXI.

3362 387 3468 449 64:2

214 497 546 564 οἰκουμένην
579 494 747 545 Ξονῶν
774 494 1170 562 διεσπάρησαν,
1199 490 1536 560 πανταχόθεν
1556 490 1649 541 τὸν
1670 490 1783 540 δια-

1891 490 2130 555 undique
2185 488 2453 541 diaimlum
2499 492 2544 542 vi
2584 494 2841 546 doctrinm
2898 506 3269 559 removerunt,
3319 512 3369 550 et
3400 518 3466 553 ex

212 589 366 640 ϐολον
407 588 495 640 διὰ
529 588 623 655 τῆς
663 586 1009 646 διδασκαλίας
1053 584 1428 654 ἀπείργοντες,
1472 584 1565 634 καὶ
1602 581 1780 647 πάσης

210 682 374 732 αὐτὸν
437 681 534 748 τῆς
593 678 921 744 οἰκουμένης
961 676 1399 744 ὑπερορίζοντες,
1434 674 1564 741 ἡμῖν
1603 672 1659 722 δὲ
1685 673 1782 738 τὴν

207 772 317 824 τῶν
339 772 588 840 οὐρανῶν
612 770 887 839 βασιλείαν
910 766 1423 835 παρασκευάζοντες
1445 764 1784 816 εὐεπίϐατον·

207 856 274 930 ἧς
300 863 513 927 γένοιτο
538 856 739 920 πάντ’ἆς
763 859 907 927 ἡμᾶς
936 858 1214 923 ἐπιτυχεῖν
1243 856 1425 923 χάριτι
1454 854 1548 905 τοῦ
1583 853 1786 921 Κυρίου

211 954 369 1021 ἡμῶν
403 951 586 1018 Ἰησοῦ
628 950 890 1019 Χριστοῦ,
954 948 1074 1018 μεθ’
1105 945 1165 1000 οἶ)
1205 947 1282 1016 τῷ
1320 948 1485 1016 Harp"
1511 945 1656 1010 δόξα,
1695 946 1787 996 καὶ

214 1045 288 1112 τῷ
312 1046 565 1111 ζωοποιῴ
602 1044 903 1111 Πνεέιματι,
940 1041 1032 1092 νῦν
1064 1043 1152 1093 καὶ
1189 1042 1266 1102 εἰς
1297 1040 1420 1100 τοὺς
1449 1039 1647 1098 αἰῶνας
1674 1036 1781 1088 τῶν

210 1138 444 1187 αἰώνων.
496 1136 550 1186 Ἀ
562 1140 690 1203 μην.

793 1248 1031 1299 OMIAIA
1067 1245 1192 1299 ΛΝ.

566 1362 669 1426 Εἰς
698 1360 763 1412 τὸ
804 1360 1085 1426 τέταρτον
1130 1359 1426 1412 Ἐωθινόν.

284 1476 509 1545 Ἐπειδὴ
545 1475 673 1545 περὶ
728 1477 826 1543 τῆς
876 1474 1229 1544 ζωοπαρόχου
1266 1472 1503 1543 Χριστοῦ
1546 1473 1783 1527 ἀναστά-

208 1583 345 1626 σεως
402 1567 431 1616 ὁ
466 1564 623 1629 λόγος
682 1566 845 1632 ἡμῶν
907 1562 1183 1635 θιασεύειν
1238 1563 1487 1632 βούλεται
1522 1565 1781 1632 σήμερον.

203 1656 377 1715 διῦτε,
404 1655 497 1706 καὶ
530 1655 726 1722 ἴδωμεν
760 1654 901 1706 κατὰ
928 1654 1019 1705 τὸν
1062 1653 1289 1705 Ἡσαΐου
1315 1655 1493 1720 λόγον,
1520 1656 1784 1718 γυναῖκας

204 1747 310 1801 ἀπὸ
342 1748 471 1808 θέας
505 1746 833 1814 ἐρχομένας,
867 1746 961 1795 καὶ
1003 1744 1381 1813 κηρυττούσας
1431 1746 1530 1796 ὅσα
1562 1744 1783 1796 τεθέατ-

1892 582 2040 632 muni
2102 592 2368 633 terrarum
2420 583 2553 637 orbc
2613 588 3080 653 extermimtrnnt;
3136 589 3292 640 nobis
3344 606 3470 645 wro

1894 670 2106 726 iacilem
2134 675 2197 723 ad
2227 674 2449 728 emleste
2486 692 2707 745 regnum
2748 682 3061 733 munit-runt
3096 683 3234 732 viam
3264 699 3277 735 :
3312 686 3464 748 cujus

1894 778 1993 815 nos
2044 764 2247 816 utinam
2293 781 2479 819 omnes
2513 780 2790 835 compotes
2828 772 3124 823 ellit-iumur
3156 776 3324 840 gratia
3367 776 3464 824 lto-

1896 854 2025 906 mini
2063 855 2230 906 nostri
2266 852 2391 909 Jcsu
2428 858 2651 921 Christi,
2680 877 2908 926 quocum
2962 860 3105 914 Patri
3160 876 3207 914 et
3240 866 3466 931 Spiritui

1892 945 2184 997 viviﬁcanti
2224 947 2395 1016 gloria
2425 960 2506 1002 est
2539 966 2700 1016 nunc,
2725 962 2776 1002 et
2812 952 2861 1003 in
2890 956 3084 1007 saecula
3122 958 3464 1009 szcculmum.

1891 1036 2064 1089 Amen

2418 1240 2696 1295 llOMlLlA
2743 1242 2940 1298 XXXI.

2307 1355 2373 1409 In
2403 1369 2649 1427 quartum
2693 1358 3039 1416 Matutinum.

1960 1463 2228 1530 Quoniam
2272 1470 2336 1521 de
2385 1470 2587 1524 Christi
2637 1475 3032 1529 resurrectione
3089 1476 3252 1528 vitam
3324 1490 3465 1543 prte-

1892 1556 2053 1609 bcme
2083 1559 2236 1613 nobis
2262 1562 2437 1614 oratio
2475 1564 2933 1620 hodierna-debet
2970 1568 3202 1632 institui,
3229 1587 3324 1635 age
3353 1571 3465 1639 jaul

1885 1645 2041 1710 juxta
2096 1648 2246 1703 Isaize
2285 1653 2509 1705 verba"
2542 1656 2821 1708 videamus
2870 1658 3125 1712 mulieres
3174 1676 3201 1712 a
3252 1674 3468 1728 ενι-ι·ιῆ-

1887 1737 2009 1790 eulo
2045 1740 2344 1807 venientes,
2365 1752 2420 1795 et
2446 1758 2783 1812 quaecunque
2817 1748 3053 1801 viderint
3083 1752 3464 1815 pmdicantes.

201 1852 310 1889 ται.
339 1830 512 1888 Αὖται
534 1835 589 1885 δὲ
623 1835 765 1884 εἰσιν
790 1832 845 1884 at
876 1833 1005 1901 περὶ
1040 1832 1137 1900 τὴν
1163 1831 1530 1900 Μαγδαληνὴν
1562 1830 1782 1899 Μαρίαν

1890 1828 1980 1882 liae
2016 1846 2146 1882 vero
2176 1842 2305 1885 sunt
2338 1834 2649 1900 Magdalena
2681 1837 2910 1905 ejusque
2939 1840 3169 1893 comites
3196 1853 3467 1911 Unguenta

205 1926 691 1994 μυροκομίστριαι.
724 1922 1001 1992 Ὀπηνὶκα
1035 1922 1129 1973 τοῦ
1164 1922 1358 1988 φθόνου
1386 1920 1492 1971 τῶν
1514 1918 1781 1989 μισοοέων

214 2016 486 2068 Ἰουδαίων
525 2017 896 2083 λωφήσαντος,
935 2014 1029 2065 καὶ
1067 2013 1159 2065 τοῦ
1192 2012 1564 2081 φθονουμένου
1595 2028 1781 2079 σωμα-

206 2110 367 2171 τικῶς
408 2112 468 2159 ἐν
490 2108 567 2177 τῷ
590 2110 749 2176 τάφῳ
780 2107 1231 2170 σαὸὀατίσαντος,
1259 2107 1316 2169 ὃς
1345 2107 1408 2175 δὴ
1445 2104 1601 2175 θεῐκῇ
1633 2107 1783 2170 ἐξου-

204 2203 294 2271 σία
319 2202 412 2254 τὸν
445 2202 577 2272 ᾇδην
622 2200 927 2265 σκυλεύσας
960 2202 1250 2271 ἐγήγερτο.

278 2406 295 2437 ι
334 2386 417 2456 Τῇ
451 2386 549 2457 μιᾷ
575 2384 684 2437 τῶν
721 2384 1015 2438 Σαϐδάτων
1049 2384 1248 2455 ὄρθρου
1281 2384 1491 2456 βαθέως
1526 2383 1781 2453 ἔρχονται

204 2477 291 2528 ἐπὶ
330 2477 391 2528 τὸ
419 2479 686 2546 μνημεῖον
713 2478 977 2547 φέρουσαι
1006 2476 1041 2530 ἃ.
1070 2477 1381 2547 ἡτοίμασαν
1426 2475 1717 2547 ἀρώματα.
1757 2495 1774 2526 ι

208 2572 376 2641 Ἀλλη
402 2570 460 2624 δὲ
495 2574 633 2640 αὕτη
676 2571 972 2625 ἐπιστασία
1004 2572 1112 2623 τῶν
1154 2570 1313 2639 ἱερῶν
1346 2571 1627 2638 γυναικῶν
1665 2570 1782 2623 διοι⁸

206 2666 447 2735 φέρουσα
487 2665 733 2727 ἐκείνων,
759 2664 889 2734 περὶ
920 2658 996 2717 ὧν
1025 2666 1053 2716 ὁ
1077 2664 1375 2727 Ματθαῖος,
1403 2664 1498 2716 καὶ
1530 2664 1780 2733 Μάρκος,

205 2759 298 2810 καὶ
366 2756 622 2827 Ἰωάννης
682 2757 1051 2827 συνέγραψαν,
1116 2758 1284 2818 ὼςὲκ
1316 2758 1408 2809 τοῦ
1443 2757 1635 2827 καιροῦ
1690 2758 1783 2809 καὶ

205 2848 297 2900 τοῦ
324 2850 621 2917 προσώπου
658 2849 1076 2915 τεκμαίρεσθαι.
1114 2847 1370 2917 Ἰωάννης
1414 2849 1508 2917 μὲν
1547 2848 1655 2917 γὰρ
1683 2848 1780 2915 μό-

205 2956 302 3007 νην
364 2940 503 3006 φησὶ
559 2937 662 3007 τὴν
713 2938 1075 3008 Μαγδαληνὴν
1113 2938 1287 2991 ἐλθεῖν
1341 2940 1432 2990 ἐπὶ
1489 2942 1549 2991 τὸ
1597 2944 1783 3009 μνῆμα

206 3029 371 3099 πρωῒ,
436 3032 496 3081 οὐ
560 3029 705 3099 μύρα
740 3029 1093 3098 κυμίζουσαν,
1155 3029 1290 3081 ἀλλὰ
1325 3029 1676 3097 βουλομένην,
1707 3030 1782 3090 ὡς

206 3122 369 3183 ἔοικε.
412 3124 482 3190 τῇ
513 3121 612 3190 θέᾳ.
643 3122 736 3173 τοῦ
768 3121 940 3189 τάφου
982 3121 1243 3189 κουφίσαι
1280 3123 1375 3188 τῆς
1406 3123 1689 3189 συμφορᾶς
1723 3121 1782 3171 τὺ

206 3216 389 3285 βάρος.
416 3214 575 3267 Οὕτω
601 3215 693 3266 καὶ
726 3216 751 3263 ὁ
782 3213 1058 3276 Ματθαῖος
1083 3214 1181 3283 τὴν
1204 3214 1373 3283 αὐτὴν
1393 3213 1779 3283 Μαγδαληνὴν,

204 3311 293 3360 καὶ
328 3309 427 3377 τὴν
473 3305 733 3359 Ἰακώόου
770 3306 1010 3375 Μαρίαν,
1049 3304 1146 3373 ὀψὲ
1179 3304 1473 3357 Σαὸὅάτων
1506 3305 1654 3372 ἄγων
1688 3306 1782 3355 ἐπὶ

206 3399 262 3450 τὸ
294 3399 488 3467 μνῆμα
546 3396 625 3465 τῷ
678 3395 841 3463 λόγῳ,
897 3396 995 3447 οὐκ
1031 3394 1304 3464 ἀρώματα
1349 3393 1596 3461 κομίζειν
1628 3391 1782 3445 εἶπεν

210 3491 403 3553 αὑτὰς,
430 3488 546 3544 ἀλλ’
578 3490 672 3541 ἐπὶ
693 3490 753 3540 τὸ
781 3488 1060 3557 θεωρῆσαι
1090 3487 1183 3539 τὸν
1205 3490 1375 3554 τάφον
1405 3487 1599 3541 ὲλῢεῖν.
1638 3488 1782 3539 Κου-

208 3582 423 3648 φίςεται
476 3582 587 3651 γὰρ
647 3580 863 3649 ἡψυχὴ
916 3579 1011 3631 τοῦ
1045 3579 1425 3647 ὲπιὸρίθυντος
1460 3579 1557 3648 τῆς
1608 3578 1783 3648 λύπης

208 3674 429 3743 βάρους,
453 3672 589 3723 ὅταν
618 3670 713 3722 τοῦ
739 3669 1076 3738 ποθουμένου
1098 3668 1189 3720 τὸν
1206 3668 1436 3738 ἔσχατον
1459 3669 1783 3737 σημαντῆρα

205 3766 294 3815 τὸν
309 3765 484 3831 τάφον
502 3763 625 3831 ἀρᾷ,
654 3776 989 3812 συνεκκενου
1000 3759 1167 3829 μένης
1188 3761 1253 3828 τῇ
1287 3758 1387 3827 θέᾳ
1406 3758 1502 3827 τῆς
1527 3758 1783 3828 ἀθυμίας,

207 3855 296 3905 καὶ
353 3854 431 3914 ὡς
486 3852 683 3919 νέφους
730 3850 898 3920 ἀχλὺς
963 3848 1503 3919 συναποθλιδομένης
1549 3852 1659 3912 τοῖς
1694 3850 1788 3902 δά-

208 3964 389 4014 κρυσι.
446 3944 673 4011 Μᾶρκος
724 3942 781 3993 δὲ
832 3943 929 3995 καὶ
979 3941 1193 4003 Λουκᾶς
1247 3940 1784 4009 ἁρωματοςροροῦντα

209 4034 491 4103 κομίζουσι
517 4036 583 4102 τῇ
617 4032 759 4100 σορῷ
788 4032 856 4083 τὰ
886 4030 1085 4098 γύναια
1104 4050 1117 4061 ο
1159 4034 1255 4083 καὶ
1284 4032 1313 4083 ὁ
1347 4033 1443 4101 μὲν
1480 4031 1579 4101 τὴν
1603 4032 1785 4085 Σαλώ·

213 4124 471 4195 μην,ὸδὲ
500 4125 599 4193 τὴν
652 4123 912 4177 Ἰωάνναν
964 4125 1084 4187 ταῖς
1137 4124 1382 4192 Μαρίαις
1436 4124 1781 4195 συναριθμεῖ.

213 4217 348 4286 ΙΙρὸς
371 4218 585 4277 τοᾶτοις
615 4214 670 4266 δὲ
694 4216 970 4279 Ματθαῖος
996 4216 1095 4284 μὲν
1124 4218 1219 4267 καὶ
1249 4216 1473 4285 Μάρκος
1496 4218 1587 4270 ἕνα
1618 4216 1785 4288 ὀφθῆ-

212 4326 291 4360 ναι
329 4309 523 4369 αὑταῖς
571 4307 781 4375 ἔφασαν
823 4308 914 4360 τὸν
968 4306 1229 4374 ἄγγελον·
1296 4307 1546 4377 Ἰωάννης
1580 4308 1635 4361 δὲ
1690 4311 1783 4361 καὶ

212 4402 422 4461 Λουκᾶς
470 4398 564 4450 δύο
598 4399 907 4468 εἰρήκασιν.
972 4400 1036 4451 ‘U
1075 4400 1139 4469 δὴ
1173 4400 1264 4451 καὶ
1294 4400 1576 4470 ζητήσεως
1612 4401 1779 4468 ἄξιον,

212 4492 295 4543 διὰ
330 4490 385 4541 τί
412 4491 534 4563 ταῖς
571 4490 671 4559 μὲν
705 4486 785 4551 εἷς
818 4489 1166 4556 ἐπεφαίνετο,
1208 4492 1328 4553 ταῖς
1351 4489 1406 4541 δὲ
1448 4492 1544 4543 δύο
1600 4491 1783 4546 ὠπτά-

213 4600 380 4639 νοντο.
409 4583 545 4645 Ταῖς
577 4583 675 4652 μὲν
706 4580 797 4635 οὖν
820 4582 1097 4651 οίομέναις
1127 4578 1269 4636 εἶναι
1305 4582 1403 4652 μὲν
1432 4585 1489 4635 ὲν
1528 4583 1606 4654 τῷ
1628 4585 1783 4655 τάφῳ

212 4676 295 4725 τὸν
338 4672 569 4741 Κύριον,
626 4670 705 4724 ἔτι
743 4671 799 4723 δὲ
842 4671 938 4723 καὶ
994 4672 1131 4741 μετὰ
1163 4671 1373 4741 νεκρῶν
1405 4670 1784 4740 λογιζομέναις

215 4766 392 4829 αὐτὸν,
444 4759 525 4826 εἷς
576 4762 811 4831 ἄγγελος
847 4762 1176 4831 ἐπεφαίνετο
1223 4762 1463 4833 μηνυτὴς
1496 4764 1595 4831 τῆς
1626 4764 1784 4831 ἐγέρ-

213 4873 365 4919 σεως.
398 4856 534 4917 Ταῖς
563 4872 627 4923 γε
663 4856 769 4925 μὴν
814 4854 1229 4924 διαπορούσαις,
1286 4856 1379 4907 καὶ
1432 4854 1781 4923 νομιζούσαις

213 4949 313 5001 ὑπὸ
335 4947 431 5000 τοῦ
472 4946 744 5016 κλαπῆναι
773 4945 834 4997 τὸ
873 4946 1209 4997 Δεσποτικὸν
1244 4945 1421 5015 σῶμα,
1460 4946 1591 5006 δυὰς
1619 4946 1786 5013 ἀγγέ-

213 5040 315 5093 λων
347 5040 611 5109 ἐφίστατο
641 5036 922 5102 δεικνῦσα,
979 5036 1055 5100 ὡς
1090 5036 1359 5089 ἀδύνατον
1390 5037 1661 5106 κλαπῆναι
1693 5038 1786 5090 τὸν

212 5130 314 5183 ὑπὸ
340 5130 604 5183 τοιούτων
634 5128 892 5197 φυλάκων
930 5128 1363 5199 φρουρούμενον.
1386 5127 1544 5181 Οὖτω
1569 5131 1635 5199 τῇ
1664 5128 1787 5182 Μα-

214 5224 304 5294 ρίᾳ
383 5225 454 5293 τῇ
512 5220 850 5292 Μαγδαληνῇ
911 5222 1025 5283 τοῖς
1078 5221 1349 5291 μαθηταῖς
1392 5220 1646 5291 εἰπούσῃ,
1704 5222 1784 5274 ὄτι

224 5334 242 5367 ι
279 5311 468 5386 Ἦραν
498 5315 590 5367 τὸν
621 5312 827 5383 Κύριον
850 5316 915 5367 ὲκ
948 5312 1042 5365 τοῦ
1081 5314 1373 5383 μνημείου,
1414 5332 1431 5365 ι
1467 5313 1561 5365 δύο
1587 5314 1789 5384 λευχει-

220 5407 504 5478 μονοῦντες
537 5406 862 5478 ὡρὰθησαν,
897 5406 996 5475 τῆς
1044 5405 1298 5473 τοιαύτης
1325 5407 1494 5476 αὐτὴν
1528 5406 1786 5470 ὑπονοίας

280 5552 449 5607 “Isa.
489 5568 658 5617 xxvii,
698 5552 782 5604 Η.
859 5548 1049 5605 “Luc.
1076 5563 1228 5613 XXIV,
1256 5548 1279 5603 1
1306 5563 1457 5619 seqq.

1890 1930 2186 1987 portantes.
2250 1921 2542 1992 Postquam
2610 1926 2897 1993 impiorum
2962 1927 3269 1982 Judaaorum
3328 1948 3462 1985 cun-

1886 2012 2125 2082 quiesset
2160 2017 2381 2081 invidia,
2415 2028 2469 2071 et
2503 2017 2612 2081 ille,
2644 2018 2729 2071 cui
2784 2018 3145 2083 invidehatur,
3195 2025 3247 2074 in
3284 2024 3467 2092 sepul-

1886 2121 1980 2160 cro
2031 2123 2261 2176 corpore
2322 2110 2671 2177 requiescens
2736 2110 3033 2165 Sabbaunn
3085 2113 3311 2181 egisset,
3373 2116 3466 2186 qui

1887 2202 2103 2268 quidem
2139 2212 2407 2270 poteSIate
2442 2202 2625 2255 divtua
2668 2204 2895 2272 direptis
2934 2204 3234 2259 inferorum
3280 2207 3468 2276 spoliis

1884 2293 2179 2348 Suscitatus
2209 2305 2292 2348 est
2311 2295 2375 2350 “.

1966 2406 1984 2439 ι
2030 2385 2146 2441 Una
2208 2385 2566 2441 Sabbatorum
2618 2390 2777 2444 valde
2821 2390 3065 2445 diluculo
3117 2394 3346 2446 veniunt
3394 2394 3461 2447 ad

1887 2486 2294 2529 monumentum
2320 2486 2619 2544 portantes,
2640 2493 2757 2545 qua:
2781 2490 3127 2549 paraverant,
3151 2493 3417 2539 aromata.
3444 2502 3462 2536 ι

1884 2568 2001 2619 Alia
2054 2569 2167 2621 haec
2232 2577 2547 2623 sanctarum
2606 2571 2896 2625 mulierum
2948 2574 3022 2643 ('5)
3068 2574 3327 2630 sedulitas
3362 2587 3465 2637 est.

1888 2670 2051 2727 atque
2088 2662 2154 2713 ab
2204 2659 2311 2713 illis
2347 2662 2602 2724 diversa,
2659 2666 2723 2715 de
2785 2664 2980 2731 quibus
3032 2664 3358 2729 Mattlueus.
3415 2678 3470 2723 et

1890 2752 2124 2816 Marcus,
2182 2762 2236 2806 et
2295 2752 2536 2808 Joannes
2594 2756 3063 2824 conscripserunt,
3103 2772 3367 2829 quantum
3401 2776 3465 2814 ex

1890 2854 2133 2913 tempore
2184 2849 2250 2913 et;
2282 2861 2347 2899 ex
2396 2861 2625 2915 persona
2662 2848 2858 2914 conjici
2903 2860 3097 2917 potest.
3138 2851 3271 2905 Nam
3300 2851 3469 2908 Jo:tn-

1888 2951 1983 2988 nes
2029 2937 2243 3004 quidem
2300 2936 2469 2991 solam
2503 2938 2716 2993 venisse
2750 2938 3117 3010 Magdalenazu
3164 2943 3341 3014 inquit
3401 2947 3468 2998 ad

1888 3037 2299 3080 monumentum
2336 3043 2516 3093 mane,
2544 3046 2647 3084 non
2674 3042 2947 3101 unguenta
2985 3045 3311 3102 portantem.
3344 3037 3465 3100 sed,

1888 3127 1945 3168 ut
1976 3116 2270 3171 verisimile
2311 3129 2414 3183 est,
2449 3121 2757 3187 cupientem
2813 3132 3033 3189 aspectu
3071 3125 3302 3193 sepulcri
3339 3141 3469 3196 gra-

1892 3223 2010 3261 vem
2043 3208 2205 3260 animi
2244 3209 2617 3277 aagritudinem
2663 3212 2916 3267 allevare.
2962 3211 3040 3267 Ita
3072 3225 3124 3268 et
3161 3214 3468 3284 Mattheus,

1892 3299 2135 3354 eamdem
2187 3300 2550 3368 Magdalenam
2602 3314 2655 3357 et
2718 3304 2940 3359 Mariam
2996 3304 3181 3361 Jacobi
3247 3322 3469 3377 vespere

1894 3391 2115 3447 Sabbati
2153 3395 2218 3446 ad
2271 3394 2581 3462 sepulcrum
2621 3410 2873 3451 sermone
2907 3398 3205 3462 deducens.
3240 3416 3344 3453 non
3374 3417 3470 3458 eas

1893 3490 2135 3534 aromata
2163 3480 2347 3535 tulisse
2378 3483 2530 3547 dicit,
2554 3485 2647 3536 sed
2678 3484 2892 3539 venisse
2926 3487 3110 3542 videre
3135 3489 3465 3556 sepulcrum.

1894 3570 2132 3625 Levatur
2162 3575 2307 3626 enim
2352 3574 2604 3627 mmroris
2635 3575 2871 3643 pondere
2899 3591 3193 3645 oppressus
3226 3582 3465 3645 animus,

1893 3680 2013 3718 eum
2047 3664 2310 3718 tumulmu
2359 3666 2433 3718 uti
2486 3677 2819 3735 postremum
2868 3672 3032 3725 amati
3069 3673 3353 3743 vesugium
3392 3677 3470 3729 vi-

1894 3758 2004 3822 det,
2037 3772 2158 3810 cum
2217 3771 2281 3809 eo
2334 3769 2555 3825 aspecm
2608 3759 2777 3813 animi
2808 3763 3074 3831 aegritudo
3108 3763 3378 3830 dematur,
3414 3774 3469 3820 et

1894 3846 2147 3917 lacrymis
2198 3848 2352 3916 quasi
2429 3849 2637 3902 nebulae
2688 3851 2864 3919 caligo
2919 3851 3271 3907 dissolvtuur.
3326 3853 3470 3909 Mar-

1892 3953 1991 3993 cus
2034 3953 2161 3991 vero
2208 3948 2261 3993 et
2306 3936 2483 3993 Lucas
2521 3940 2776 3995 mulieres
2835 3952 3079 3997 aromata
3129 3944 3367 3999 ferentes
3400 3948 3467 4000 ad

1893 4030 2198 4096 sepulcrum
2247 4031 2485 4093 sismnt;
2523 4040 2578 4084 et
2627 4031 2717 4085 ille
2754 4033 2972 4099 quidem
3027 4035 3326 4103 Salomem,
3378 4040 3467 4094 hic

1891 4136 2021 4176 vero
2044 4119 2306 4175 Joannam
2330 4119 2519 4175 Mariis
2556 4121 2901 4178 adnumerat.
2927 4124 3005 4176 Ad
3035 4127 3149 4180 luec
3179 4125 3465 4185 Mattlueu:

1893 4214 2106 4283 quidem
2133 4221 2187 4266 et
2210 4212 2420 4267 Marcus
2448 4227 2613 4265 unum
2642 4214 2748 4267 illis
2770 4216 2943 4267 visum
2972 4215 3130 4286 231
3168 4228 3465 4273 memorant

1892 4308 2179 4375 angelum;
2214 4301 2453 4358 Joannes
2488 4319 2618 4359 vero
2646 4316 2695 4359 et
2727 4304 2899 4358 Lucas
2933 4308 3090 4360 duos.
3130 4309 3281 4374 Quud
3334 4327 3464 4365 sane

1892 4397 2107 4466 dignum
2137 4404 2222 4450 est
2250 4396 2391 4465 quod
2436 4396 2787 4465 exquiramus
2822 4414 2834 4450 :
2870 4399 2998 4466 quid
3031 4411 3134 4461 est,
3178 4402 3320 4468 quod
3356 4403 3460 4456 illis

1892 4489 2107 4557 quidem
2155 4501 2293 4540 unus
2342 4487 2616 4554 apparuit,
2650 4488 2737 4542 his
2770 4504 2897 4543 vero
2931 4491 3076 4545 duo?
3101 4490 3211 4545 Illis
3239 4493 3459 4561 quidem

1890 4580 2032 4647 quod
2086 4576 2489 4630 arbitrarentur
2539 4575 2827 4631 Dominum
2881 4581 3058 4634 adhuc
3095 4582 3148 4635 in
3214 4584 3461 4651 sepulcro

1890 4684 2011 4724 esse
2040 4677 2094 4721 et
2128 4668 2180 4721 in
2213 4680 2550 4722 mortuorum
2584 4683 2809 4722 numero
2840 4679 3119 4738 putarent,
3146 4689 3284 4729 unus
3314 4675 3461 4728 visus

1883 4769 1966 4814 cst
2004 4759 2251 4828 angelus,
2276 4757 2367 4826 qui
2418 4760 2871 4813 resurrectionem
2910 4762 3122 4815 doceret
3148 4780 3163 4819 :
3190 4764 3299 4817 illis
3332 4779 3459 4819 vero

1888 4855 2113 4908 incertis
2146 4852 2337 4916 animi,
2369 4861 2424 4904 et
2457 4852 2732 4905 sublatum
2768 4854 2977 4907 ῡοιιιὶηἰ
3027 4869 3223 4922 corpus
3265 4857 3457 4933 existi-

1885 4946 2156 4999 mantibus
2186 4946 2292 4998 duo
2322 4943 2615 4998 astiterunt
2651 4946 2852 5015 angeli,
2889 4955 2946 4999 ut
2993 4956 3174 5001 essent
3230 4949 3455 5011 indicio,

1891 5055 1996 5093 non
2033 5039 2270 5107 potuisse
2306 5036 2450 5092 furto
2483 5037 2695 5091 Domini
2733 5053 2934 5106 corpus
2965 5038 3170 5093 auferri
3202 5041 3270 5093 ab
3310 5040 3459 5105 ejus-

1892 5131 2034 5185 modi
2066 5129 2379 5186 custodibus
2410 5142 2771 5185 asservatum.
2795 5130 2869 5183 Ita
2903 5129 3085 5186 Maria:
3108 5132 3458 5202 Magdalenae,

1890 5240 2008 5294 qua:
2054 5225 2332 5294 discipulis
2378 5223 2593 5280 dixerat
2624 5241 2640 5282 :
2677 5244 2695 5278 ι
2753 5226 3016 5282 Tulerunt
3075 5226 3361 5282 Dominum
3399 5229 3463 5282 de

1894 5330 2248 5372 monumento
2270 5317 2336 5383 ",
2382 5336 2401 5368 ι
2438 5318 2546 5373 duo
2576 5320 2848 5374 candidati
2886 5321 2986 5375 visi
3030 5332 3176 5385 sunt,
3207 5323 3299 5391 qui
3343 5336 3462 5376 eam

1892 5409 1959 5463 ab
1998 5408 2085 5462 illa
2126 5408 2383 5477 opinione
2426 5409 2780 5478 deducerent,
2825 5421 2881 5466 et
2934 5429 3078 5467 nime
3130 5414 3295 5468 etiam
3333 5427 3467 5483 quo-

1536 5549 1755 5607 “Joan.
1782 5570 1834 5619 κ,
1861 5556 1913 5609 ‘2.

1442 5672 1760 5736 Francisci
1797 5672 2007 5735 Scorsi
2047 5677 2232 5735 notae.

283 5795 354 5864 (Ζ)
405 5796 523 5849 Alia
572 5798 680 5850 hac
731 5806 1031 5851 sanctarum
1083 5799 1387 5853 mulierum.
1444 5798 1630 5853 Patres
1680 5800 1769 5868 qui

224 5862 453 5923 diversas
479 5867 765 5924 mulierum
792 5868 1152 5939 profectiones
1177 5874 1242 5927 ad
1272 5872 1577 5944 sepulcrum
1604 5862 1774 5927 fuisse

1884 5808 2140 5862 censent,
2188 5799 2237 5851 in
2290 5812 2395 5864 qua
2449 5795 2712 5849 sententia
2764 5790 2958 5848 Noster
3010 5792 3097 5847 bic
3147 5800 3256 5852 est.
3302 5788 3462 5847 retuli

1887 5873 2034 5926 lion).
2061 5870 2152 5937 29,
2190 5879 2304 5924 not.
2332 5869 2421 5937 δί,
2449 5881 2614 5937 quam
2649 5866 2786 5920 vide.
