4184 6436
203 394 303 456 653

1528 387 1858 449 HOMILIA
1904 392 2157 452 XXXII.

3372 398 3479 462 654

203 525 395 569 musa,
438 507 515 571 ὡς
546 506 645 560 καὶ
676 507 801 570 τοὺς
826 504 1104 568 ἐναντίους
1134 502 1365 573 ἄγεσθαι
1418 505 1512 556 καὶ
1563 503 1746 557 λαλεῖν
1773 522 1785 535 ·

1906 507 2067 572 :ebat,
2111 507 2297 561 turbas
2356 522 2483 560 vero
2538 507 2604 561 ad
2656 521 2718 561 se
2776 508 3143 575 pertrahebat,
3202 519 3257 562 ut
3318 514 3485 566 etiam

203 616 221 648 t
251 598 521 649 Οὐδέποτε
548 597 720 659 οὕτως
747 596 1012 665 ἐλάλησεν
1043 595 1365 664 ἄνθρωπος.
1407 613 1424 645 ι
1466 592 1594 656 Τοῖς
1620 594 1804 665 ἔργοις

204 688 259 742 δὲ
290 690 415 743 θεία
447 706 533 751 τις
560 690 748 741 εἵπετο
784 689 1037 757 δύναμις,
1082 690 1312 756 νεύματι
1358 687 1504 756 μόνῳ
1534 686 1629 738 καὶ
1659 689 1802 757 ὁρμῇ

205 782 299 834 τοῦ
333 781 646 851 θελήματος
700 782 799 845 τὰς
855 781 1046 841 νόσους
1099 779 1559 849 ἀποκαθαίρουσα
1592 794 1606 809 ⁸
1659 777 1801 831 ὥστε

207 871 362 937 αὖθις
388 876 516 936 τοὺς
546 876 741 943 ὄχλους
771 874 1012 944 άναδοᾷν
1046 889 1058 902 ’
1110 890 1128 923 t
1164 873 1438 926 Οὐδέποτε
1463 870 1637 934 οὕτως
1667 871 1803 925 d60-

212 982 330 1033 μεν.
367 984 386 1017 ι
442 965 517 1018 Τὸ
568 967 625 1018 δὲ
657 982 671 997 ι
713 984 731 1016 t
762 965 1003 1018 ἐναντίον
1044 963 1141 1017 τοῦ
1171 962 1307 1016 Θεοῦ
1341 964 1435 1015 καὶ
1475 962 1675 1026 παντὸς
1705 963 1800 1016 τοῦ

205 1057 375 1121 λαοῦ,
419 1078 437 1111 ι
500 1059 701 1127 ἀγαθοὶ
761 1057 1082 1127 νομίζονται
1139 1056 1484 1126 ὑποκρίσεως
1536 1057 1799 1127 σχήματι,

203 1152 432 1221 μισητοὶ
458 1152 515 1205 δέ
542 1155 649 1204 είσι
674 1150 751 1221 τῷ
781 1150 898 1221 Θεῷ
923 1167 937 1181 ·
974 1150 1035 1201 τὸ
1067 1149 1123 1201 δὲ
1154 1149 1432 1218 κατάμφω
1456 1148 1669 1201 εὐδοκεῖ
1701 1147 1802 1217 μὲν

200 1247 385 1315 μόνοις
450 1248 565 1308 τοῖς
601 1245 833 1307 τελείοις
868 1244 1039 1298 ἐστίν.
1102 1238 1234 1297 Εἶτα
1282 1242 1363 1304 είς
1409 1242 1503 1294 τὸν
1554 1241 1801 1312 ἡγεμόνα

201 1337 529 1405 παράδοσιν,
588 1338 685 1391 καὶ
729 1337 880 1400 τέλος
926 1336 1095 1391 αὐτὸν
1149 1336 1239 1390 τὸν
1296 1337 1551 1406 σταυρὸν,
1587 1335 1682 1387 καὶ
1724 1334 1801 1398 ὡς

201 1430 480 1499 μεγίστων
537 1430 907 1499 άποτυχὸντες
956 1429 1209 1485 ἐλπίδων.
1274 1447 1291 1480 t
1345 1429 1558 1497 Ἡμεῖς,
1611 1428 1796 1498 φησιν,

196 1524 505 1592 ἠλπίζομεν
529 1525 611 1576 ὅτι
644 1524 807 1587 αὑτός
840 1526 993 1577 ἐστιν
1046 1524 1074 1575 ὁ
1118 1523 1331 1592 μέλλων
1359 1521 1799 1592 λυτροῦσθαιτξιν

207 1616 466 1685 Ἰσραήλο
500 1636 519 1668 s
583 1615 690 1686 πρὸ
721 1620 832 1687 γὰρ
866 1615 963 1669 τοῦ
1021 1616 1237 1678 Πάθους
1288 1616 1457 1677 ἄλλας
1501 1616 1799 1685 ὑπολήψεις

195 1710 356 1778 ἔσχον
405 1712 541 1781 περ)⁵
593 1711 838 1780 Χριστοῦ
871 1727 884 1741 ·
918 1710 1267 1779 βασιλεύσειν
1303 1711 1411 1782 γὰρ
1442 1709 1605 1762 αὑτὸν
1641 1707 1798 1775 βασι-

194 1802 345 1854 λείαν
372 1802 622 1869 ἐπίγειον
648 1802 839 1873 ᾤοντο,
877 1803 1089 1871 καὶτῆς
1126 1801 1415 1870 Ῥωμαίων
1438 1800 1798 1869 ἐπικρατείας

1910 599 2211 652 adversarii
2245 597 2665 665 adducerentur,
2703 610 2758 653 et
2810 602 3053 655 dicereut
3084 620 3096 653 :
3150 620 3166 652 ι
3202 600 3487 670 Nunquam

1908 687 1988 740 sic
2043 686 2253 742 locutus
2290 699 2373 743 est
2398 690 2557 742 homo
2584 692 2652 743 ⁷ο.
2703 711 2720 743 ι
2758 691 2933 759 Opera
2986 710 3114 749 vero
3159 696 3339 751 divina
3410 698 3490 750 vis

1908 778 2154 849 quaedam
2209 782 2595 846 comitabatur,
2637 799 2755 851 quae
2812 795 2944 838 nutu
3013 788 3182 841 solum
3234 798 3490 858 motuque

1904 869 2200 925 voluntatis
2248 874 2468 927 morbos
2537 874 2895 945 abstergeret,
2963 886 3021 931 ut
3084 877 3267 931 itidem
3320 883 3488 933 turba:

1906 962 2269 1018 acclamareut
2307 982 2320 1018 :
2383 982 2402 1015 ι
2434 963 2720 1036 Nunquam
2752 967 2833 1021 sic
2891 970 3125 1025 vidimus
3152 971 3221 1025 “.
3266 988 3285 1023 ι
3332 970 3486 1037 Quod

1906 1066 2089 1111 autem
2129 1057 2299 1122 addit,
2351 1076 2370 1110 t
2397 1072 2577 1112 coram
2623 1061 2731 1113 Deo
2758 1070 2812 1115 et
2858 1063 3005 1116 onmi
3039 1064 3259 1132 populo,
3293 1082 3309 1114 ι
3371 1066 3489 1117 ideo

1903 1161 2008 1217 est,
2046 1155 2190 1221 quod
2226 1153 2407 1221 specie
2459 1167 2521 1207 ac
2577 1155 2923 1209 simulatione
2982 1159 3204 1227 quidam
3279 1158 3405 1211 boni
3458 1173 3489 1210 a

1904 1244 2105 1313 populo
2170 1244 2458 1308 habentur,
2512 1230 2604 1299 sed
2658 1246 2768 1301 Deo
2818 1248 2975 1301 invisi
3039 1261 3204 1305 sunt:
3252 1261 3305 1304 at
3360 1266 3490 1306 vero

1905 1338 2121 1406 utrique
2194 1338 2390 1391 hOnutn
2453 1338 2627 1393 videri
2698 1340 2826 1395 solis
2882 1340 3139 1410 perfettis
3203 1344 3487 1413 centingit.

1902 1427 2031 1482 Post
2063 1430 2197 1495 hate,
2230 1431 2499 1498 quomodo
2549 1432 2765 1501 praesidi
2812 1436 3045 1488 traditus
3088 1446 3251 1503 atque
3289 1435 3354 1487 ad
3394 1453 3490 1487 ex-

1906 1531 2135 1574 tremum
2174 1521 2467 1577 ctueilixus
2528 1535 2699 1591 esset,
2736 1525 3053 1599 adjuugunl,
3098 1528 3285 1596 utique
3347 1529 3491 1595 ipsos

1903 1628 2025 1682 spes
2063 1625 2271 1680 magna?
2330 1614 2642 1672 (muratae:
2690 1634 2705 1665 ι
2738 1614 2870 1679 Nos,
2914 1618 3185 1687 inquiunt,
3232 1621 3492 1687 speraba-

1904 1722 2044 1772 mus,
2078 1708 2219 1775 quod
2257 1709 2369 1775 ipse
2425 1720 2571 1763 esset
2626 1711 3001 1779 redempturus
3052 1706 3239 1767 Israel.
3275 1732 3291 1763 ι
3344 1716 3491 1767 Alias

1901 1800 2048 1854 enim
2078 1810 2203 1853 ante
2224 1798 2538 1855 Passinnem
2561 1802 2626 1856 de
2644 1802 2859 1856 Christo
2887 1806 3174 1875 opiniones
3199 1808 3487 1861 habebant:

195 1895 645 1965 ἁφαρπάςαιτὸν
692 1896 934 1965 Ἰσραήλ.
990 1894 1176 1967 Ταύτῃ
1220 1911 1303 1947 τοι
1352 1893 1447 1946 καὶ
1475 1892 1684 1960 ἔλεγον,
1721 1890 1796 1954 ὡς

1906 1902 2253 1960 regnaturum
2289 1893 2495 1949 scilicet
2532 1895 2584 1947 in
2629 1904 2800 1961 terra,
2831 1906 2882 1950 et
2935 1914 2961 1950 a
2998 1897 3367 1954 Romanorum
3401 1902 3496 1953 du-

200 2004 219 2037 t
263 1986 606 2056 Ἠλπίζομεν
633 1988 715 2039 ὅτι
767 1986 932 2049 αὑτός
971 1988 1122 2039 ἐστιν
1160 1988 1187 2038 ὁ
1217 1985 1429 2055 μέλλων
1464 1981 1795 2054 λυτροῦσθαι

194 2080 285 2132 τὶν
328 2080 575 2151 Ἰσραήλ.
616 2100 636 2134 s
679 2081 904 2144 ’ἰδόντες
935 2081 992 2133 δὲ
1024 2079 1188 2133 αὑτὸν
1213 2079 1425 2149 ἀτίμως
1448 2078 1591 2132 οὕτω
1628 2088 1799 2132 κατα-

194 2174 481 2243 κρι¹.ἐντα,
526 2176 620 2228 καὶ
650 2174 884 2229 θάνατον
914 2173 1280 2227 ἐπονείδιστον
1321 2172 1618 2244 θνήξαντα,
1658 2170 1796 2241 πρὸς

196 2268 356 2330 ἄλλας
388 2268 650 2330 ὑπονοίας
681 2268 1007 2339 ἐτράποντο,
1039 2266 1181 2320 ὥστε
1204 2267 1298 2319 καὶ
1322 2263 1794 2336 καταμέμφεσθαι

198 2358 426 2421 ἑαυτοὺς
470 2360 703 2423 είκαίαις
724 2359 938 2412 ἐλπίσιν
966 2357 1429 2429 βουκολουμένους
1447 2358 1527 2421 είς
1547 2358 1608 2410 τὸ
1638 2356 1787 2430 πρίν.

1904 1985 2112 2037 minatu
2144 1983 2395 2053 populum
2441 1984 2655 2039 Israelis
2707 1987 3108 2044 vindicaturum
3142 1991 3459 2044 arbitraban
3483 2020 3495 2032 -

1899 2084 2009 2130 tur.
2048 2076 2161 2133 lloc
2222 2078 2369 2132 enim
2432 2078 2538 2135 sibi
2599 2079 2731 2144 vult,
2795 2082 2938 2149 quod
2985 2082 3289 2137 dixerunt:
3334 2083 3495 2145 «Nos

1897 2183 2077 2226 autem
2146 2171 2521 2239 sperabamus,
2590 2172 2731 2242 quod
2783 2174 2896 2241 ipse
2923 2185 3064 2229 esset
3116 2178 3496 2245 redempturus

1895 2266 2084 2321 Israel.
2116 2284 2135 2319 ι
2168 2264 2304 2319 Cum
2332 2281 2463 2321 vero
2493 2281 2640 2333 eum,
2680 2278 2827 2322 tanta
2864 2284 2985 2323 cum
3017 2270 3311 2339 ignominia
3341 2270 3497 2323 datu-

1895 2365 2107 2422 natum,
2142 2360 2461 2425 probrosam
2483 2369 2714 2415 mortem
2738 2360 2941 2417 obiisse
2961 2362 3248 2428 vidissent,
3280 2364 3332 2418 in
3364 2362 3496 2419 alias

210 2453 444 2509 traducti
513 2464 644 2510 sunt
692 2456 1079 2525 cogitationes,
1146 2464 1207 2509 ut
1276 2456 1438 2510 etiam
1491 2468 1549 2509 se
1607 2454 1754 2524 ipsos
1805 2454 2291 2524 reprehenderent,
2364 2455 2507 2525 quod
2568 2455 2715 2510 inani
2769 2456 2859 2511 illa
2916 2472 3014 2528 spe
3068 2470 3226 2514 antea
3302 2476 3359 2516 se
3404 2476 3496 2529 prt-

200 2558 428 2602 τιεεειιι.

277 2660 295 2692 t
336 2642 449 2693 Καὶ
480 2640 593 2694 ἰδοὺ
633 2642 825 2712 τρίτην
853 2650 1061 2712 ταύτην
1114 2643 1332 2713 ἡμέραν
1376 2643 1501 2709 ἄγει
1530 2642 1794 2713 σήμερον,

200 2733 292 2799 ἀφ’
354 2726 421 2785 οὗ
479 2732 654 2784 ταῦτα
696 2734 907 2801 γέγονε.
948 2752 968 2785 ι
1028 2735 1331 2804 Μονονουχὶ
1387 2733 1548 2787 τοῦτό
1607 2750 1794 2803 φησιν,

202 2826 277 2889 ὡς
309 2826 469 2879 Πᾶσα
501 2828 635 2895 ἡμῖν
665 2827 977 2899 περιῃρέθη
1022 2827 1176 2891 ἐλπίς
1208 2844 1222 2860 ο
1276 2829 1434 2898 τρίτη
1466 2828 1605 2901 -γάρ
1649 2830 1798 2882 ἐστιν

204 2918 341 2987 αῦτη
375 2919 666 2988 τεθνηκότι
716 2921 888 2989 αὐτῷ,
922 2922 1020 2975 καὶ
1051 2922 1153 2991 ἤδη
1204 2938 1307 2975 που
1366 2922 1509 2991 τάχα
1552 2922 1649 2974 τοῦ
1696 2919 1801 2975 σώ-

208 3029 377 3081 ματος
413 3013 649 3065 ἅπτεται
677 3014 710 3082 ἠ
739 3012 1027 3083 διαφθορά.
1065 3008 1197 3065 Εἶτα
1226 3014 1423 3079 ἐπάγει
1452 3015 1542 3065 καὶ
1569 3015 1667 3075 τὰς
1702 3013 1798 3066 ὁπ-

204 3106 398 3167 τασίας
436 3105 546 3155 τῶν
578 3105 881 3171 γυναικῶν,
903 3106 1159 3176 ἀμυδρῶς
1184 3107 1354 3169 αὐτὰς
1390 3108 1797 3176 ἀφηγούμενος.

281 3218 300 3247 ι
348 3199 510 3250 Ἀλλὰ
543 3200 639 3251 καὶ
692 3200 959 3265 γυναῖκές
1003 3216 1149 3263 τινες
1204 3200 1263 3265 ἐξ
1315 3202 1473 3270 ἡμῶν
1503 3201 1800 3269 ἐξέστησαν
1833 3262 1867 3276 η

1984 2662 2001 2693 ‹
2025 2640 2083 2694 Et
2109 2642 2272 2712 236
2293 2657 2420 2696 ecce
2442 2644 2595 2697 tertia
2620 2646 2734 2699 dies
2752 2656 2832 2700 est
2859 2645 3037 2709 hodie,
3058 2648 3199 2716 quod
3220 2650 3332 2703 hrec
3350 2649 3492 2703 facta

1907 2745 2052 2790 sunt.
2095 2756 2113 2787 ι
2153 2736 2390 2790 Perinde
2458 2752 2522 2791 ac
2581 2737 2624 2790 si
2708 2738 2954 2793 dicerent
2990 2757 3002 2792 :
3041 2737 3230 2793 Omnis
3287 2741 3500 2795 sublata

1910 2828 2067 2882 nobis
2098 2843 2223 2897 spes
2253 2838 2368 2895 est;
2419 2830 2612 2883 tertius
2672 2830 2814 2883 enim
2880 2831 2968 2885 hic
3021 2833 3089 2887 ab
3142 2833 3259 2901 ejus
3327 2844 3502 2886 nteit-.-

1908 2921 2088 2988 agitur
2115 2918 2257 2979 dies,
2294 2928 2347 2971 et
2383 2918 2494 2986 jam
2536 2918 2767 2974 fortasse
2834 2921 3109 2991 corrumpi
3153 2934 3391 2988 emptum
3418 2933 3501 2977 est

1901 3027 2117 3079 corpus.
2178 3011 2313 3065 Tum
2372 3012 2553 3065 subdit
2610 3012 2897 3067 mulierum
2958 3016 3088 3080 visa,
3134 3030 3307 3085 eaque
3364 3019 3499 3071 sub-

1897 3106 2128 3158 obscure
2150 3113 2357 3157 narrat.

1985 3212 2003 3243 ‹
2036 3193 2141 3246 Sed
2190 3203 2245 3247 et
2271 3194 2527 3248 mulieres
2550 3196 2799 3264 qumdam
2843 3211 2906 3250 ex
2943 3199 3145 3253 nostris
3180 3205 3498 3255 terruerunt

207 3294 378 3361 ἡμᾶς,
408 3296 699 3362 γενόμεναι
745 3292 959 3361 ὗρθριαι
1003 3294 1096 3344 ἐπὶ
1147 3292 1206 3345 τὸ
1256 3264 1543 3361 μνημεῖον,
1594 3264 1693 3344 καί
1724 3291 1800 3360 μὴ

1906 3301 2029 3348 nos,
2086 3299 2207 3353 qua:
2263 3295 2389 3340 ante
2439 3286 2614 3340 lucem
2674 3286 2897 3343 fuerunt
2942 3288 3008 3343 ad
3064 3303 3499 3357 monumentum,

212 3385 469 3452 εὑροῦσαι
509 3388 570 3435 τὸ
613 3385 773 3453 σῶμα
803 3384 990 3447 αὑτοῦ,
1026 3380 1190 3455 ἦλθον
1223 3384 1479 3451 λέγουσαι
1508 3386 1603 3437 καὶ
1636 3386 1802 3436 ὀπτα-

214 3476 331 3527 σίαν
390 3476 643 3542 ἀγγέλων
701 3476 1029 3546 ἑωρακέναι,
1080 3476 1130 3528 οἳ
1166 3476 1352 3544 ἔλεγον
1404 3478 1567 3530 αὐτὸν
1616 3477 1737 3547 ζῇν.
1779 3496 1797 3529 s

216 3568 517 3620 Ἐκττασιν
558 3568 651 3619 τὸν
698 3568 1099 3638 εὑαγγελισμὶν
1134 3570 1415 3637 ὀνομάζει,
1450 3564 1562 3622 οἷον
1598 3586 1805 3639 ιραντα⁴

218 3661 380 3731 πεώδη
432 3660 556 3713 τινὰ
606 3662 870 3730 ταραχήν.
914 3680 929 3711 ι
966 3662 1073 3713 Καὶ
1113 3661 1354 3730 ἀπῆλθόν
1379 3680 1523 3725 τινες
1552 3664 1661 3716 τῶν
1707 3663 1803 3716 σὺν

215 3757 367 3823 ἡμῖν,
428 3754 527 3806 καὶ
572 3748 733 3824 εὗρον
789 3753 985 3816 οὕτως.
1047 3773 1065 3805 ι
1128 3755 1337 3825 Πέτρον
1389 3756 1483 3808 καὶ
1549 3757 1805 3827 Ἰωάννην

218 3848 492 3916 ὖποδηλοί,
517 3850 568 3900 οἳ
600 3848 667 3901 τὰ
693 3847 794 3915 μὲν
826 3846 1009 3899 ὀθόνια
1033 3841 1192 3911 εἶδον,
1232 3847 1397 3900 αὑτὸν
1426 3850 1479 3901 δὲ
1508 3850 1608 3902 οὐκ
1637 3846 1803 3908 εἶδον.

217 3942 325 4009 Τῆς
368 3941 631 4010 τοιαύτης
688 3935 783 3992 οὖν
824 3940 1091 4009 νωχελίας
1132 3940 1481 4009 άνακομίζων
1533 3944 1730 4003 αὐτοὺς
1778 3945 1807 3997 ὁ

220 4034 429 4104 Σωτὴρ,
465 4032 794 4103 ἐπιπλήττει
852 4032 1135 4102 σφοδρῶς,
1191 4034 1282 4085 καὶ
1314 4034 1668 4096 κατονειδίζει
1739 4032 1805 4103 ὴς

222 4125 437 4195 βραδεῖς
467 4125 562 4177 καὶ
592 4123 857 4194 ἢλιθίους,
896 4126 990 4175 καὶ
1018 4124 1257 4194 τοσαύτῃ
1293 4124 1493 4195 νωθείᾳ
1528 4142 1800 4197 κεκρατη-

226 4222 441 4287 μένους,
466 4219 723 4286 ἀγνῶτάς
747 4234 805 4269 τε
828 4217 994 4286 νόμου
1027 4216 1122 4269 καὶ
1154 4218 1473 4287 προφητῶν,
1499 4218 1589 4270 καί
1619 4235 1803 4288 φησιν’

229 4328 249 4363 t
278 4307 347 4363 Ὃ
380 4310 625 4380 ἀνόητοι,
660 4309 756 4361 καὶ
790 4307 1008 4377 βραδεῖς
1039 4308 1104 4376 τῇ
1140 4308 1336 4377 καρδίᾳ
1370 4309 1464 4361 τοῦ
1503 4309 1802 4373 πιστεύειν,

221 4399 298 4465 οἷς
325 4403 600 4473 ἐλάλησαν
629 4403 680 4453 οί
720 4400 1025 4468 προφῆται.
1066 4419 1083 4451 ι
1125 4395 1258 4452 Εἶτα
1291 4400 1579 4470 σαφηνίζει
1612 4405 1706 4456 καὶ
1740 4404 1807 4456 τὰ

221 4495 633 4566 τεθεσπισμένα
677 4495 790 4557 τοῖς
830 4493 1109 4560 θεολόγοις
1142 4493 1272 4563 περὶ
1304 4494 1497 4559 αὑτοῦ,
1555 4496 1649 4549 καὶ
1701 4496 1808 4550 δεί-

1906 3389 1960 3432 et
1988 3393 2092 3433 non
2128 3380 2347 3432 invento
2414 3394 2642 3450 corpore
2708 3380 2849 3450 ejus,
2914 3393 3186 3437 venerunt
3257 3384 3499 3439 dicentes

1908 3487 1967 3527 se
1996 3471 2157 3527 etiam
2199 3473 2463 3527 visionem
2513 3472 2827 3541 angelorum
2884 3474 3111 3539 vidisse,
3170 3479 3263 3546 qui
3316 3480 3500 3533 dicunt

1905 3580 2027 3620 eum
2070 3568 2274 3621 vivere.
2317 3585 2333 3617 ι
2398 3566 2606 3621 Bonum
2671 3568 2920 3622 nuntiutn
2998 3570 3496 3624 consternationem

1907 3660 2105 3714 mentis
2136 3658 2391 3729 appellat,
2434 3670 2488 3713 et
2534 3660 2688 3728 quasi
2722 3664 2920 3729 spectri
2975 3663 3494 3717 terriculamentatu.

1915 3769 1935 3802 ι
1964 3749 2025 3804 Ει
2074 3750 2325 3805 abierunt
2363 3752 2582 3821 quidam
2622 3767 2686 3805 ex
2725 3754 2925 3807 nostris
2957 3753 3022 3805 ad
3058 3769 3492 3821 monumentum,

1908 3856 1962 3902 et
1996 3848 2066 3902 ita
2122 3847 2464 3901 invenerunt.
2502 3866 2520 3899 ι
2578 3848 2794 3903 Petrum
2868 3858 2921 3904 et
2982 3848 3247 3921 Joannem
3302 3852 3496 3918 innuit,

1910 3940 2002 4007 qtti
2046 3938 2361 3993 linteamina
2395 3939 2615 4007 quidem
2662 3940 2938 4002 viderunt,
2990 3940 3165 4009 ipsum
3222 3954 3349 3993 vero
3394 3956 3496 3995 non

1908 4032 2179 4085 viderunt.
2223 4030 2363 4085 lluic
2396 4033 2591 4085 mentis
2625 4032 2934 4086 hebetudini
2969 4031 3220 4087 Salmtor
3268 4045 3326 4086 ut
3383 4050 3500 4087 tne-

1910 4124 2154 4185 deretur,
2206 4124 2437 4194 castigat
2498 4124 2721 4189 acriter,
2782 4133 2835 4178 et
2866 4126 3175 4178 tarditatem
3226 4139 3287 4177 ac
3318 4125 3499 4178 stulti-

1910 4219 2038 4272 tiam
2111 4231 2302 4271 eorum
2361 4217 2674 4285 exprobrat,
2737 4216 2832 4286 qui
2905 4215 3207 4283 hujusmodi
3284 4226 3500 4283 torpore

1911 4310 2307 4374 detinerentur,
2360 4311 2563 4379 quique
2618 4309 2786 4379 legem
2841 4322 2911 4364 ac
2949 4311 3243 4379 prophetas
3285 4309 3501 4378 ignora-

1911 4414 2054 4469 rent,
2089 4412 2140 4457 et
2179 4403 2254 4456 ait
2291 4420 2303 4455 :
2340 4421 2357 4453 ι
2396 4401 2577 4467 Stulti,
2608 4413 2662 4458 et
2696 4403 2833 4459 tardi
2881 4405 3045 4459 corde
3070 4403 3133 4457 ad
3168 4402 3499 4457 credendum

1910 4494 1963 4547 in
1996 4494 2273 4557 omnibus,
2305 4508 2423 4563 quae
2466 4493 2632 4549 locuti
2685 4505 2813 4550 sunt
2843 4496 3173 4565 prophetam
3208 4492 3346 4548 Tum
3378 4508 3503 4547 ora-

222 4606 428 4654 κνυσιν,
465 4588 543 4652 ὡς
586 4584 880 4639 ἀκόλουθον
904 4582 973 4656 ἦν
1022 4586 1344 4657 ὁμιληκὲναι
1390 4587 1551 4641 αὑτὸν
1596 4589 1802 4663 θανάτῳ

1912 4587 2035 4643 cula
2091 4588 2329 4658 explicat
2378 4590 2444 4643 de
2469 4602 2527 4642 se
2575 4603 2605 4642 a
2640 4588 2919 4657 protihetis
2962 4588 3106 4653 data,
3166 4597 3221 4642 et
3267 4587 3503 4642 ostendit

223 4682 304 4734 ἐπ’
333 4678 628 4749 εὐεργεσίᾳ
679 4679 778 4747 τῆς
809 4676 1043 4749 φύσεως.
1078 4676 1237 4731 Οὖτω
1262 4677 1359 4750 τὴν
1392 4679 1565 4749 ἀχλὺν
1593 4681 1802 4737 ἀποκα-

289 4841 335 4874 ¹⁶
388 4840 553 4901 Joan.
623 4861 722 4913 vn,
774 4846 864 4902 48.
957 4847 1000 4879 ’⁸
1047 4845 1217 4903 Marc.
1269 4864 1330 4914 tt,
1381 4847 1469 4903 1‘2.

1916 4681 2086 4735 fuisse
2156 4680 2505 4745 conveniens,
2578 4690 2637 4736 ut
2692 4691 2921 4736 mortem
2976 4689 3277 4751 Oppeteret,
3360 4681 3502 4734 unde

1460 4982 1787 5046 Francisci
1820 4983 2027 5044 Scorsi
2065 4988 2250 5044 notae.

224 5130 335 5187 qua
362 5116 479 5176 τοῖς
510 5110 695 5187 λόγοις
722 5110 964 5187 Χριστοῦ
984 5109 1339 5187 ἐπεκάθητο,
1364 5123 1483 5187 (ψει
1516 5108 1574 5187 in_
1599 5121 1807 5187 sermo-_-

226 5175 376 5241 nibus
415 5175 515 5241 seu
557 5175 737 5250 potius
774 5175 941 5236 labris
974 5181 1177 5235 Christi
1207 5175 1632 5250 assumens
1665 5178 1801 5250 verti

226 5258 283 5309 τὸ
308 5248 643 5325 ἐπεκάθητο.
671 5250 865 5325 :l‘rahit
895 5254 1039 5306 enim
1078 5252 1177 5325 hic,
1196 5266 1281 5325 me
1316 5248 1582 5325 loquendi
1612 5248 1801 5325 modus

227 5328 290 5381 ad
314 5328 363 5381 id
390 5321 637 5395 quod'de
670 5322 872 5377 Pericle
901 5323 1354 5395 prmstantissimo
1388 5321 1799 5395 Atheniensium

226 5392 431 5452 oratore
464 5395 727 5466 Eupolem
760 5395 985 5466 dixisse,
1009 5403 1063 5466 et
1087 5392 1411 5466 deACetltegu
1432 5392 1801 5466 [innumerum

224 5466 445 5522 Ennium
480 5458 648 5520 tradit
674 5464 745 5519 M.
778 5462 986 5518 Tullius
1016 5464 1109 5517 lth.
1146 5463 1218 5518 De
1242 5458 1401 5517 claris
1428 5462 1583 5517 Orat.
1620 5458 1802 5515 listed)

221 5554 369 5608 quam
402 5545 592 5592 vocant
619 5535 828 5608 Cra-ci,
855 5533 1005 5608 cujus
1033 5535 1246 5604 effector
1273 5544 1347 5587 est
1392 5544 1593 5608 orator.
1646 5530 1801 5583 lianc

222 5604 433 5661 suadam
466 5608 749 5676 appellarit
784 5606 1007 5671 Ennius,
1033 5607 1148 5674 ejus
1178 5617 1351 5659 autem
1377 5604 1663 5676 Cet/tegunt
1694 5619 1802 5676 rne-

222 5682 413 5758 dullarn
449 5672 615 5758 fuisse
648 5679 775 5758 uult,
811 5688 863 5728 ut
881 5672 1231 5758 lquamdeatn
1255 5677 1334 5758 'in
1366 5674 1586 5758 Ιξςνὶείὶς
1617 5672 1801 5758 ,Ιαίπὶε
1840 5730 1852 5739 ,

224 5745 709 5816 δεηρεὶῑἘυμοίὶε
760 5747 1115 5807 sessitavisse.
1171 5748 1326 5818 hujus
1387 5747 1466 5818 ltic
1513 5745 1799 5818 medullam

226 5814 448 5875 uestrum
511 5814 775 5875 oratorem
856 5819 1016 5883 [uisse
1082 5814 1299 5872 dixerit.
1372 5817 1495 5872 Hec
1565 5814 1797 5871 Tullius.

227 5893 424 5964 Addam
451 5903 505 5949 el
528 5892 594 5948 de
621 5894 951 5961 Antiphunte
976 5902 1195 5948 ot'atnre
1240 5892 1424 5947 itidem
1450 5889 1792 5953 Atheniensi,

1913 5106 2067 5175 cujus
2089 5105 2278 5169 Arist.,
2308 5118 2344 5159 ll
2374 5101 2523 5156 Rhet.
2553 5112 2606 5159 et
2636 5103 2929 5173 aliiszlocis,
2957 5104 3280 5160 testimoniis
3306 5108 3493 5163 utitur.

1911 5176 2033 5242 llic,
2088 5177 2331 5246 ittquam,
2392 5175 2589 5243 legitur
2636 5186 2805 5229 artetn
2863 5190 2985 5231 esse
3030 5176 3330 5245 professus,
3393 5196 3497 5244 qua

1909 5250 2070 5320 aegris
2102 5247 2321 5320 animis
2349 5247 2688 5320 curationem
2728 5246 3042 5320 adhiberet.
3087 5248 3245 5315 Atqui
3284 5249 3335 5301 id
3389 5247 3496 5302 Co-

1906 5317 2075 5374 rinthi
2111 5318 2384 5389 proposita
2419 5317 2631 5384 publice
2668 5317 2847 5389 tabula
2891 5318 2943 5370 in
2978 5332 3081 5389 qua
3129 5333 3188 5372 se
3225 5321 3493 5374 medicum

1908 5386 2215 5445 animorum
2236 5389 2585 5458 ptwdit'ahat,
2611 5389 2675 5440 de
2692 5386 2887 5455 Gorgia
2914 5386 3041 5442 vero
3064 5388 3326 5443 Leontino
3353 5390 3493 5444 haud

1909 5462 2174 5517 absimilis
2210 5465 2290 5513 vis
2323 5459 2583 5513 suadendi
2622 5459 2983 5526 quodcunque
3015 5460 3175 5513 vellet
3219 5463 3384 5515 etiam
3436 5461 3489 5515 in

1908 5531 2162 5587 familiari
2197 5545 2447 5585 sermone
2483 5530 2694 5599 legitur.
2734 5529 2839 5582 Sed
2888 5533 2998 5583 haec
3029 5532 3094 5585 de
3133 5531 3215 5584 his
3251 5532 3490 5585 homini-

1909 5605 2007 5659 bus
2052 5607 2132 5658 vel
2167 5603 2297 5656 falsa
2335 5603 2414 5655 vel
2448 5616 2576 5654 vero
2607 5601 2811 5668 majora
2859 5601 2909 5654 in
2944 5601 3163 5656 Christo
3186 5605 3491 5659 verissima.

1907 5673 2106 5729 Eodem
2144 5676 2322 5741 lepore
2343 5671 2555 5743 dicendi
2592 5672 2744 5741 ἱερὰν
2775 5672 3064 5743 Σειρήνην.
3107 5688 3349 5727 sanctam
3397 5675 3488 5728 Si-

1906 5761 2093 5802 renem
2120 5744 2353 5814 appellat
2372 5742 2648 5798 Christum
2678 5761 2689 5796 :
2720 5743 2869 5807 θείας
2896 5742 3113 5812 ἴυ-ίγας,
3133 5744 3343 5800 divinas
3373 5746 3493 5800 ille—

1907 5822 2098 5874 cebras
2161 5834 2211 5872 tu
2264 5818 2381 5885 ipso
2424 5818 2589 5871 luisse
2628 5817 2701 5869 ait
2747 5815 2907 5883 inl'ra,
2946 5820 3012 5873 de
3066 5833 3171 5887 quo
3220 5826 3345 5874 nota
3396 5817 3489 5873 25.
