4184 6436
255 366 361 430 657

1593 364 1922 428 llOMlLIA
1964 369 2211 433 XXXII.

3402 378 3512 441 658

267 480 435 531 Ἀλλὰ
471 480 771 549 προφθάνει
810 480 908 549 τὴν
942 480 1118 533 αὐτῶν
1142 482 1419 551 ’παχύτητα
1448 482 1705 553 Χριστος,
1739 481 1825 533 καὶ

1937 494 2051 535 rum
2096 482 2497 537 lestinatiuncm
2559 483 2815 539 Dominus
2865 486 3153 539 antevertit
3183 525 3197 549 ,
3231 486 3509 542 etSimoui

254 572 331 638 τῷ
358 571 566 639 Σίμωνι
593 570 975 639 ἐμφανίζεται,
998 571 1076 640 τῷ
1101 572 1194 624 τοῦ
1232 572 1479 643 μείζονος
1514 573 1623 627 τῶν
1653 575 1827 643 μαθη-

251 661 365 715 τῶν
415 660 691 730 ἀξιώματι
745 663 873 725 τοὺς
930 662 1125 726 ἄλλους
1178 665 1563 735 πιστούμενος.
1611 667 1829 738 Ἐπειδὴ

251 752 360 820 γὰρ
386 753 555 821 λῆρον
597 754 875 822 ἡγήσαντο
916 755 985 806 τά
1027 754 1135 807 τῶν
1178 757 1452 824 γυναικῶν
1509 758 1827 823 εὐαγγέλια,

250 843 327 909 τῷ
384 842 576 911 Πέτρῳ
616 842 1082 897 ἀνακαλύπτεται.
1129 845 1189 897 Εἰ
1213 846 1270 899 δὲ
1301 846 1396 898 καὶ
1428 846 1532 909 ὅτι,
1571 848 1665 899 καὶ
1696 848 1824 916 ὅπη,

251 934 346 985 καὶ
378 936 529 995 ὅπως
570 932 726 1003 ὤφθη
784 934 861 1003 τῷ
904 936 1132 1004 Σίμωνι,
1178 936 1229 988 οἱ
1263 938 1649 1005 εὐαγγελισταὶ
1684 956 1827 991 σεσι-

250 1028 513 1094 γήκασιν,
548 1028 683 1080 ἀλλὰ
736 1028 1026 1081 πιστοῦται
1071 1031 1170 1099 τὴν
1217 1032 1485 1086 ὀπτασίαν
1539 1034 1694 1103 καὶὴ
1732 1034 1825 1086 τοῦ

252 1119 493 1185 μεγάλου
550 1118 763 1172 Παύλου
825 1121 977 1191 φωνὴ
1027 1121 1300 1190 λέγουσα·
1363 1142 1379 1173 ι
1422 1124 1545 1177 Ὀτι
1595 1125 1829 1195 Χριστὸς

249 1210 530 1262 ἀπέθανεν
571 1211 715 1281 ὑπὲρ
744 1212 851 1263 τῶν
879 1214 1167 1283 ἁμαρτιῶν
1197 1216 1374 1286 ἡμῶν,
1398 1218 1490 1269 καὶ
1520 1217 1601 1270 ὅτι
1632 1218 1826 1289 ἐτάφη,

250 1302 340 1351 καὶ
407 1301 710 1371 ἐγήγερται
762 1306 827 1375 τῇ
881 1306 1043 1377 τρίτῃ
1104 1308 1320 1379 ἡμέρᾳ,
1388 1310 1480 1362 καὶ
1534 1310 1615 1363 ὅτι
1672 1309 1828 1381 ὤφθη

251 1395 442 1462 Κηφᾷ.
472 1412 489 1444 ι
1720 1418 1724 1421 ·

338 1486 652 1557 Τοιγαροῦν
712 1488 806 1540 καὶ¹
872 1489 1056 1560 ἡμεῖς,
1122 1484 1167 1543 ὦ
1221 1492 1470 1561 φιλόθεον
1527 1496 1828 1567 ἄθροισμα,

248 1575 343 1645 τὴν
376 1576 647 1648 ξυνωρίδα
690 1580 897 1650 ταύτην
945 1582 1055 1633 τῶν
1099 1584 1358 1652 μαθητῶν
1411 1590 1784 1660 μιμησώμεθα
1816 1608 1830 1623 ·

247 1671 341 1722 καὶ
393 1671 823 1739 καταλείψαντες
873 1675 971 1744 τὴν
1052 1675 1406 1748 Ἰερουσαλὴμ
1458 1681 1677 1750 ἐκείνην
1732 1684 1831 1751 τὴν

248 1765 693 1833 προφητοκτόνον
766 1767 867 1836 μὲν
933 1770 1243 1838 πρότερον,
1316 1774 1716 1839 Χριστοκτὸνον
1771 1777 1827 1831 δὲ

247 1853 495 1925 ὕστερον,
533 1856 600 1926 ἦν
640 1857 735 1910 καὶ
766 1859 931 1921 αὐτὸς
967 1860 1251 1926 ταλανίζει
1275 1865 1301 1915 ὁ
1333 1865 1589 1934 Χριστὸς,
1622 1867 1697 1931 ὠς
1720 1868 1827 1923 τῶν

246 1951 545 2017 προφητῶν
577 1951 927 2020 φονεύτριαν,
960 1955 1053 2007 καὶ
1078 1956 1185 2007 τῶν
1215 1957 1529 2012 ἀποστόλων
1558 1961 1825 2015 λιθοϐολί-

247 2058 473 2108 στριαν·
539 2044 621 2110 εἴη
677 2044 723 2096 δ’
754 2045 847 2098 οὖν
898 2046 1035 2117 αὐτὴ
1093 2050 1125 2118 ή
1182 2050 1348 2102 κακία
1399 2053 1497 2121 τῆς
1541 2054 1744 2125 ἀρετῆς
1793 2057 1824 2125 ἡ

245 2134 548 2199 άντίθετος,
609 2139 640 2207 ἡ
696 2141 1174 2210 ἁνασταυρὼσασα
1234 2144 1335 2213 τῆς
1410 2145 1669 2215 ἀληθείας
1735 2149 1826 2200 τὸν

247 2226 474 2296 Κύριον,
545 2229 670 2292 τοὺς
731 2231 787 2283 δὲ
846 2237 1224 2306 προφητικοὺς
1279 2238 1373 2290 καὶ
1432 2239 1824 2306 ἀποστολικοὺς

247 2320 437 2387 λόγους
478 2322 924 2389 ἀπολακτίζουοα
950 2370 964 2392 ,
999 2331 1204 2396 ταύτην
1236 2330 1632 2399 ἀποφυγόντες,
1658 2337 1822 2389 σπεύ-

248 2430 428 2481 σωμεν
476 2416 574 2483 τὴν
611 2416 806 2488 κώμην
833 2421 1165 2475 καταλαϐεῖν
1202 2423 1504 2493 Ἐμμαοὺς,
1537 2426 1638 2495 τὴν
1684 2447 1824 2498 πρα-

248 2509 439 2573 κτικὴν
502 2508 707 2579 ἀρετὴν
744 2511 842 2581 τὴν
889 2512 1204 2583 ἀπέχουσαν
1247 2517 1497 2579 σταδίους
1530 2519 1821 2587 ἑξήκοντα,

243 2598 528 2667 δηλοῦντος
553 2600 644 2653 τοῦ
669 2604 905 2673 ἀριθμοῦ
930 2606 1026 2675 τὴν
1054 2607 1503 2679 δεκαπλουμὲνην
1529 2613 1690 2678 ἑξάδα
1716 2615 1825 2667 τῶν

245 2692 495 2753 ἐντολῶν,
524 2696 594 2746 δι’
623 2690 697 2748 ὧν
727 2696 824 2766 τὴν
846 2698 941 2750 τοῦ
975 2699 1109 2752 θεοῦ
1140 2700 1421 2769 βασιλείαν
1453 2703 1825 2775 κληρονομοῦ-

246 2798 326 2834 σιν
381 2785 428 2835 οἱ
483 2785 705 2840 δίκαιοι.
744 2790 1177 2860 Δεκαπλουμὲνη
1228 2792 1337 2863 γάρ
1393 2794 1822 2867 δι’ὲργασίαςή

243 2881 521 2945 πρακτικὴ
556 2880 752 2949 ἁρετὴ,
796 2882 1133 2953 πληθύνεται
1183 2888 1263 2947 είς
1318 2886 1607 2956 ἑξήκοντα,
1642 2889 1824 2952 καθὼς

244 2972 298 3018 ἐν
326 2973 392 3037 τῇ
431 2970 524 3021 τοῦ
570 2972 778 3041 σπόρου
828 2974 1115 3046 παραϐολῇ
1151 2977 1577 3048 μεμαθήκαμεν.
1604 2981 1824 3052 Ταύτην

242 3060 304 3127 δὴ
354 3060 429 3122 ὡς
474 3060 742 3131 ἐξήκοντα
787 3065 972 3117 στάδια
1004 3066 1381 3134 διανὺσαντες,
1433 3071 1679 3141 ὀψόμεθα
1732 3074 1821 3126 τὸν

1934 589 1990 627 se
2023 575 2309 628 videndum
2343 574 2567 650 prazbet,
2609 585 2666 629 ut
2712 578 3034 631 auctoritate
3069 577 3188 645 ejus
3220 578 3309 645 qui
3344 580 3513 646 major

1934 666 2075 718 inter
2127 666 2423 734 discipulos
2453 678 2588 730 erat,
2641 668 2799 722 ﬁdem
2834 667 3038 721 faceret
3089 670 3320 722 eteteris.
3360 668 3513 732 Quo-

1933 757 2075 807 niam
2119 758 2259 809 enim
2294 758 2549 810 mulieres
2579 757 2717 811 bene
2757 759 3073 813 nuntiantes
3104 761 3289 828 nugari
3327 762 3514 812 existi-

1930 855 2231 911 maverant,
2296 850 2541 917 apparuit
2620 848 2800 904 Petro.
2857 849 3009 916 Quod
3063 851 3106 904 si
3155 854 3390 917 quando,
3453 863 3509 906 et

1929 940 2197 1008 quomodo
2224 940 2431 995 Simoni
2464 942 2533 997 sit
2560 942 2730 1005 visus,
2768 944 3118 1013 evangelista}
3153 944 3509 1009 reticuerunt,

1932 1042 2167 1085 attamen
2206 1031 2349 1086 hanc
2406 1035 2796 1101 apparitionem
2861 1035 3151 1089 conﬁrmat
3194 1037 3370 1103 magni
3409 1052 3508 1090 vox

1935 1124 2083 1177 Pauli
2115 1127 2345 1180 dicentis
2376 1142 2395 1180 :
2442 1125 2733 1192 thoniam
2763 1128 3008 1181 Christus
3039 1136 3284 1181 mortuus
3313 1137 3393 1179 est
3416 1144 3512 1195 pro

1934 1216 2167 1283 peccatis
2214 1217 2455 1280 nostris,
2510 1226 2564 1270 et
2631 1219 2753 1285 quia
2817 1217 3059 1285 sepultus
3101 1228 3200 1279 est.
3267 1228 3319 1272 et
3384 1220 3509 1286 quia

1932 1306 2169 1360 surrexit
2201 1308 2359 1361 tertia
2408 1310 2511 1369 die,
2553 1317 2608 1362 et
2663 1310 2786 1376 quia
2835 1310 2983 1363 visus
3021 1318 3100 1363 est
3164 1310 3357 1378 Cc-plnc
3387 1311 3450 1361 ⁷³.
3488 1329 3505 1360 ι

2004 1492 2065 1545 Et
2093 1508 2188 1548 nos
2242 1492 2423 1562 igitur,
2473 1509 2505 1548 ο
2542 1495 2630 1547 Dei
2660 1496 2949 1548 amantium
2983 1507 3176 1556 cmtus.
3218 1497 3318 1549 hoc
3353 1497 3512 1549 dist-i-

1932 1584 2177 1652 pulornm
2236 1598 2329 1649 par
2361 1585 2651 1647 imitemur,
2698 1582 2766 1638 et'
2792 1585 3041 1638 derelicta
3081 1587 3167 1638 illa
3203 1586 3510 1640 Jerusalem

1929 1692 2048 1745 qua:
2081 1675 2371 1745 prophetas
2433 1679 2689 1743 primum,
2728 1678 2925 1731 deinde
2978 1677 3253 1731 Christum
3287 1680 3507 1741 uri-idit,

1930 1785 2089 1837 quam
2125 1779 2177 1822 et
2244 1770 2358 1834 ipse
2393 1768 2641 1821 Christus
2706 1772 2962 1837 prtedirat
3014 1771 3304 1832 infelicem,
3368 1774 3511 1839 quod

1933 1862 2222 1931 prophetas
2251 1862 2607 1925 interemerit,
2646 1869 2699 1913 et
2753 1862 3027 1930 apostolos
3054 1862 3322 1931 lzipidai-it,
3350 1863 3511 1915 adeo—

1931 1971 2033 2021 que
2068 1970 2159 2023 per
2187 1954 2326 2007 hanc
2358 1954 2544 2007 vitium
2595 1953 2891 2022 signiﬁcari
2927 1964 3123 2023 potest,
3169 1955 3351 2006 \‘it‘tttti
3377 1969 3511 2004 eou-

1931 2048 2177 2109 trarium,
2224 2047 2474 2114 quodque
2512 2046 2794 2099 Dominum
2828 2046 3075 2099 veritatis
3112 2047 3256 2098 cruri
3291 2044 3510 2106 sttmxit,

1929 2138 2312 2206 prophetarum
2406 2152 2535 2190 vero
2633 2138 3112 2206 apostolorumque
3174 2138 3513 2189 sermonibus

1929 2231 2222 2285 reluctatur
2254 2270 2269 2294 ,
2324 2229 2392 2285 ab
2426 2230 2551 2296 hac,
2602 2230 2841 2299 inquam,
2900 2226 3268 2298 profugientes
3323 2228 3386 2279 ad
3418 2242 3511 2281 ca-

1928 2325 2142 2379 stellum
2201 2324 2456 2376 Emmaus
2505 2322 2791 2390 pervenire
2843 2321 3178 2382 studeamus,
3216 2320 3510 2389 praetieam

1927 2418 2047 2471 dico
2083 2418 2338 2470 virtutem
2368 2414 2547 2468 stadia
2581 2414 2863 2480 sexaginta
2911 2412 3223 2465 distantem.
3263 2412 3381 2477 Quo
3414 2426 3513 2464 nu-

1929 2525 2075 2563 mero
2108 2508 2382 2564 senarium
2435 2517 2825 2577 praeceptorum
2882 2506 3064 2560 decies
3102 2505 3510 2573 multiplicatum

1925 2605 2252 2669 OSIemlitur,
2270 2603 2436 2673 238
2452 2615 2547 2670 per
2563 2617 2679 2671 qure
2696 2601 2828 2669 justi
2854 2601 3001 2670 regni
3029 2600 3120 2653 Dei
3144 2600 3510 2652 lurreditateiu

1925 2698 2144 2748 adt-unt.
2182 2694 2392 2748 Etenim
2432 2694 2603 2746 virtus
2633 2695 2871 2760 practica
2912 2708 3006 2762 per
3062 2692 3305 2746 actiones
3330 2692 3511 2744 decies

1928 2787 2278 2855 multiplicata
2309 2788 2608 2854 adaugetur
2659 2784 2726 2837 ad
2778 2785 3083 2853 sexaginta,
3117 2784 3272 2837 sicuti
3335 2784 3386 2837 in
3426 2799 3513 2836 se-

1928 2882 2123 2933 mentis
2166 2877 2422 2947 parabola
2466 2878 2772 2932 didicimus.
2812 2876 2978 2946 Hujus
3012 2876 3177 2945 igitur
3203 2876 3364 2929 veluti
3401 2886 3516 2927 sta-

1925 2974 2133 3025 diorum
2174 2972 2452 3040 sexaginta
2497 2986 2657 3023 cursu
2713 2969 2962 3023 confecto
2999 2969 3299 3022 videbimus
3329 2967 3512 3020 Domi-

1926 3083 2054 3120 num
2121 3066 2401 3119 nobiscum
2464 3079 2566 3115 una
2627 3062 2983 3130 spiritualiter
3040 3060 3408 3114 ambulantem
3460 3069 3514 3112 et

243 3152 471 3219 Κύριον,
506 3149 619 3207 οἷον
655 3156 1058 3224 συμϐαδίξοντα
1103 3161 1235 3229 ἡμῖν
1268 3163 1471 3233 νοερῶς
1518 3164 1611 3217 καὶ¹
1638 3165 1814 3218 διαλε·

1930 3162 2295 3214 lisserentem.
2352 3155 2619 3208 Virtutem
2659 3155 2800 3208 enim
2874 3151 3219 3222 persequenti
3278 3150 3513 3203 Verbum

242 3248 493 3315 γόμενον.
530 3250 621 3318 Τῷ
650 3250 759 3319 γάρ
793 3252 1031 3320 μετιόντι
1070 3255 1169 3319 τὴν
1208 3255 1413 3324 ἀρετὴν
1442 3259 1822 3329 συμπαραθέει

240 3341 267 3389 ό
300 3340 495 3405 Λόγος,
531 3341 822 3394 διανιστῶν
864 3343 924 3395 τὸ
956 3346 1189 3415 νωθρὸν,
1228 3350 1321 3400 καὶ
1352 3349 1451 3419 τὴν
1487 3350 1624 3403 ἰδίαν
1654 3355 1825 3424 παρέ-

243 3449 350 3497 χων
395 3431 591 3501 ῥοπὴν,
645 3427 712 3501 ἦς
760 3434 890 3486 ἄνευ
940 3438 1302 3505 κατορθοῦται
1354 3442 1463 3492 τῶν
1516 3443 1825 3513 θεαρέστων

242 3523 416 3590 ἔργων
448 3524 626 3577 οὐδέν.
683 3527 1021 3595 Συμὸιϐάζει
1058 3530 1114 3581 δὲ
1153 3533 1178 3582 ὁ
1211 3532 1383 3601 Λόγος
1428 3536 1693 3607 πρότερον
1724 3538 1823 3608 μὲν

245 3616 437 3684 ίτχνῶς
510 3616 923 3686 θεωρούμενος,
986 3620 1214 3690 ὕστερον
1275 3625 1332 3677 δὲ
1389 3628 1824 3703 τηλαυγέστερον

244 3708 673 3779 φανερούμενος.
736 3712 801 3763 Αἱ
853 3713 963 3782 γὰρ
997 3713 1107 3766 τῶν
1155 3715 1430 3786 ἐναρέτων
1477 3719 1649 3789 ψυχαὶ
1703 3722 1827 3774 ὅσον

244 3798 627 3867 καθαίρονται,
671 3802 929 3854 τοσοῦτον
977 3804 1071 3854 καὶ
1124 3805 1216 3857 τὸν
1262 3807 1397 3861 Θεὸν
1443 3809 1825 3877 γινώσκουσιν.

256 3890 732 3945 ’Λποκαλύπτεται
766 3896 823 3946 δὲ
862 3896 1064 3963 μᾶλλον
1111 3899 1298 3962 αὐτοῖς
1335 3901 1391 3952 ἐν
1416 3903 1481 3972 τῇ
1518 3903 1707 3957 κλάσει
1733 3906 1826 3959 τοῦ

246 3982 431 4050 ἄρτου,
468 3985 523 4034 ὲν
548 3987 613 4052 τῇ
650 3986 952 4055 μεταλήψει
982 3988 1185 4059 δηλαδὴ
1206 3990 1316 4043 τῶν
1348 3994 1593 4061 φρικτῶν
1618 4013 1828 4067 μυστη-

249 4076 393 4141 ρίων.
457 4076 518 4126 ΕΞ
565 4076 608 4127 δ’
650 4076 769 4145 ἅμα
815 4080 1146 4148 φανεροῦται
1202 4085 1321 4145 τοῖς
1371 4084 1667 4153 μαθηταῖς,
1732 4092 1829 4141 καὶ

247 4169 403 4231 εὐθὺς
439 4171 681 4238 ἄφαντος
714 4171 949 4237 γίνεται,
986 4173 1062 4244 μὴ
1086 4174 1379 4248 θαυμάσῃς
1408 4196 1420 4208 ·
1450 4182 1696 4232 τοιοῦτον
1721 4181 1828 4252 γὰρ

246 4263 303 4313 τὸ
349 4264 493 4315 θεῖον
532 4264 730 4327 κάλλος
763 4282 776 4294 ·
820 4266 959 4333 ὁμοῦ
1011 4269 1365 4339 καταλάμπει
1404 4272 1515 4324 τῶν
1547 4274 1825 4345 κεκαθαρ-

248 4357 421 4423 μένων
466 4357 558 4408 τὸν
612 4356 761 4422 νοῦν,
797 4358 892 4411 καὶ
940 4359 1015 4421 ὡς
1062 4362 1319 4431 ἀστραπὴ
1365 4365 1502 4433 ταχὺ
1559 4367 1833 4438 ὑποχωρεῖ

246 4450 530 4516 γενόμενος)
563 4450 830 4518 ἄληπτον,
866 4451 941 4514 ὼς
994 4456 1089 4505 καὶ
1124 4455 1289 4507 πόθον
1336 4459 1585 4525 ἐμποιεῖν
1617 4463 1682 4530 τῇ
1726 4478 1825 4513 καο

1930 3251 2188 3313 accurrit,
2248 3248 2555 3303 tarditatem
2625 3248 2892 3309 excitans,
2942 3256 2998 3298 et
3060 3261 3217 3299 suum
3267 3245 3514 3312 prxlteus

1931 3342 2244 3410 impulsum,
2279 3339 2397 3391 sine
2430 3353 2535 3404 quo
2566 3337 2768 3389 nullum
2797 3350 2933 3405 Opus
2956 3338 3097 3405 quod
3137 3334 3246 3387 Deo
3277 3335 3512 3402 plaeeat,

1927 3435 2062 3488 elliti
2106 3441 2251 3487 recte
2302 3440 2496 3499 potest.
2554 3428 2855 3482 Comitatur
2891 3443 3053 3496 porro
3119 3442 3216 3480 nos
3278 3425 3512 3479 Vettium

1928 3529 2081 3597 prius
2121 3526 2338 3596 quidem
2373 3524 2608 3577 tenuiter
2648 3525 2845 3585 visum,
2884 3530 3006 3589 post
3042 3536 3170 3573 vero
3217 3521 3381 3574 etiam
3411 3519 3516 3571 cla-

1930 3623 2045 3674 ritts
2078 3632 2371 3688 apparens.
2406 3616 2612 3668 Animae
2663 3615 2859 3683 quippe
2888 3636 2891 3639 ·
2923 3629 3107 3665 eorum
3164 3613 3253 3681 qui
3324 3612 3516 3664 virtuti

1932 3713 2170 3774 student,
2206 3721 2408 3779 quanto
2461 3716 2755 3777 purgantur
2812 3708 3000 3774 magis,
3033 3721 3099 3759 eo
3134 3707 3297 3759 Deum
3340 3705 3515 3771 magis

1932 3785 2261 3875 agnoscunt.
2293 3801 2399 3854 Sed
2460 3800 2801 3853 manifestius
2845 3800 2924 3852 eis
2958 3800 3010 3851 in
3065 3799 3327 3852 fraetione
3360 3801 3515 3867 panis

1932 3898 2191 3965 apt-ritur,
2218 3897 2319 3950 hoc
2342 3906 2447 3960 est,
2489 3895 2542 3947 in
2570 3892 2832 3947 tremendi
2866 3890 3247 3947 communione
3270 3890 3514 3961 mysterii

1934 3990 2071 4060 (ἐῶ).
2104 3989 2331 4055 Quodsi
2379 3988 2537 4041 simul
2576 4003 2639 4042 ac
2679 3985 2959 4055 discipulis
2997 4000 3054 4038 se
3088 3986 3343 4048 ostendit,
3380 4002 3514 4038 conv

1936 4085 2081 4138 tiunu
2104 4084 2265 4136 etiam
2292 4083 2359 4135 ab
2393 4082 2507 4148 ejus
2536 4079 2708 4133 oculis
2732 4094 2788 4133 se
2815 4078 3087 4138 subducit,
3121 4092 3185 4131 ne
3209 4078 3509 4132 admirere:

1934 4177 2052 4229 talis
2100 4176 2243 4227 cnim
2299 4182 2383 4225 est
2469 4172 2648 4226 divina
2706 4170 3070 4241 pulchritudo.
3128 4170 3297 4223 Simul
3355 4180 3522 4235 atque

1934 4268 2203 4322 tuentibus
2247 4266 2396 4335 puris
2448 4262 2647 4327 elucet,
2698 4264 2941 4330 protinus
3002 4262 3273 4327 etiam,ttt
3339 4260 3518 4329 fulgur

1933 4361 2195 4421 ahscedit,
2232 4374 2350 4411 cum
2398 4356 2780 4425 comprehendi
2830 4370 2935 4407 non
2971 4355 3163 4423 possit,
3216 4355 3289 4407 ita
3344 4364 3401 4406 ttt
3434 4356 3516 4405 in-

1935 4452 2245 4520 ttxlligentiae
2316 4448 2521 4519 injiciat
2574 4447 2927 4512 desiderium,
2984 4456 3036 4501 et
3086 4448 3151 4499 ad
3223 4447 3517 4514 impensius

247 4542 629 4612 ταλήψει,’καὶ
669 4544 806 4614 πρὸς
834 4543 895 4596 τὸ
947 4546 1132 4614 μεῖζον
1183 4548 1434 4613 ὲφὲλκειν
1472 4551 1571 4621 τὴν
1613 4519 1825 4623 ἐρῶσαν

1937 4549 2171 4601 studium
2224 4550 2496 4596 amantem
2540 4540 2817 4608 pertrahat
2887 4529 3119 4591 anim‘am
3156 4556 3169 4589 :
3209 4547 3265 4589 ut
3291 4539 3355 4591 ad
3386 4553 3516 4592 san-

245 4632 440 4702 ψυχήν.
488 4637 696 4687 ’Δνεῖτε
728 4636 821 4687 καὶ
869 4636 1006 4704 πρὸς
1044 4637 1142 4699 τὰς
1176 4638 1329 4702 θείας
1364 4640 1663 4707 ἀναϐάσεις
1693 4646 1827 4697 ἀνά-

247 4725 453 4789 γεαθαι,
512 4728 607 4778 καὶ
658 4726 939 4797 γλίχεσθαι
987 4729 1224 4794 διακαῶς
1281 4731 1373 4785 τὸν
1416 4734 1537 4786 ὅλον
1594 4735 1823 4805 ἥμερον,

246 4816 336 4884 τὴν
367 4818 539 4871 ἀΐδιον
575 4818 787 4885 ἔφεσιν,
817 4820 917 4890 τὴν
954 4821 1167 4875 ἑνιαίαν
1197 4824 1386 4891 φύσιν,
1416 4828 1517 4897 τὴν
1546 4828 1826 4898 μακαρίαν

245 4909 481 4980 Θεότητα
515 4928 528 4940 ·
669 4911 872 4981 πρέπει
926 4913 1083 4983 τιμὴ,
1148 4916 1243 4968 καὶ
1292 4919 1443 4971 πᾶσα
1500 4918 1665 4986 δόξα,
1733 4923 1829 4976 καὶ

250 5001 501 5072 ὖμιιησις,
546 5003 640 5054 καὶ
678 5003 1156 5075 μεγαλοπρέπεια.
1206 5006 1301 5062 νῦν
1327 5011 1422 5062 καὶ
1460 5012 1571 5076 ἀεὶ,
1612 5013 1706 5067 καὶ
1744 5014 1827 5077 εἰς

244 5095 365 5157 τοὺς
387 5092 597 5157 αἰῶνας
634 5097 741 5149 τῶν
764 5095 999 5153 αἰώνων.
1043 5098 1238 5170 Ἀμήν.

310 5275 351 5307 ⁷⁸
383 5276 401 5331 l
444 5276 572 5331 Cur.
608 5292 695 5341 xv,
728 5276 781 5331 ι.

1936 4652 2053 4696 ctas
2096 4636 2441 4691 escensiones
2472 4632 2754 4697 evehatur,
2800 4641 2855 4685 et
2889 4633 3145 4685 ardenter
3170 4630 3519 4695 com-upiSt-at

1935 4748 2056 4786 eum
2094 4739 2265 4783 totum
2323 4727 2527 4787 videre,
2578 4723 2943 4785 dulcedinem,
2985 4738 3106 4792 quin
3157 4723 3357 4776 satiare
3410 4737 3515 4772 non

1935 4833 2134 4896 potest,
2181 4830 2350 4875 totum
2402 4833 2623 4873 suavem
2670 4816 3002 4871 desiderium
3048 4825 3334 4877 ειξιοτιιιιιιι,
3398 4816 3515 4866 siu-

1936 4917 2173 4987 gnlarem
2209 4922 2477 4977 naturam,
2510 4910 2723 4965 beatam
2776 4907 3137 4969 divinitatem,
3176 4908 3259 4960 cui
3290 4906 3518 4959 debetur

1938 4992 2132 5071 Ιιοιιότ,
2173 5016 2227 5062 et
2248 5004 2423 5060 omnis
2455 5004 2647 5073 gloria,
2679 5013 2733 5056 et
2780 5001 2919 5064 laus,
2958 5012 3012 5055 et
3045 5002 3338 5066 veneratio,
3375 5017 3519 5055 [ωηο

1936 5112 1989 5158 et
2013 5114 2227 5169 semper
2255 5105 2309 5152 et
2368 5095 2423 5148 in
2480 5094 2675 5149 secula
2721 5092 3068 5148 saeculorum.
3107 5094 3300 5148 Auucu.

1474 5400 1804 5465 Francisci
1838 5406 2050 5468 Scorsi
2083 5414 2268 5468 notae.

311 5541 425 5603 (Ἡ)
461 5537 525 5593 In
558 5542 815 5612 tremendi
850 5540 1213 5596 communione
1246 5546 1500 5612 mysterii.
1533 5546 1810 5602 Christum

245 5611 291 5661 in
321 5612 587 5664 [rat-tione
614 5610 769 5677 panis
797 5626 1141 5665 consecrasse
1170 5610 1564 5670 Eueliaristiatu
1590 5630 1816 5672 COIISi'IIl

246 5682 455 5745 plurimi
495 5680 683 5734 Patres
732 5681 883 5734 relati
918 5696 947 5735 a
990 5680 1260 5744 Cornelio,
1296 5686 1383 5749 qui
1444 5686 1581 5739 idem
1629 5690 1811 5741 sentit.

244 5762 437 5813 Aperte
462 5752 526 5823 S.
588 5752 868 5821 Augustin.
924 5769 1087 5807 scrin.
1131 5754 1247 5813 HO.
1299 5756 1363 5808 de
1399 5766 1625 5823 tempore
1664 5776 1677 5812 :
1720 5757 1816 5810 Ubi

246 5823 402 5879 etimit
444 5822 703 5880 Dominus
748 5825 960 5894 agnosri
1008 5825 1061 5878 in
1109 5825 1366 5894 fractionc
1413 5831 1562 5896 panis
1597 5845 1611 5881 :
1645 5831 1816 5883 securi

1921 5567 2128 5615 sumus,
2157 5567 2344 5621 panem
2376 5550 2691 5631 frangimus,
2726 5558 2775 5603 et
2831 5548 3114 5629 Dominnnt
3148 5550 3512 5629 agnoscimus,

1925 5621 2093 5675 noluit
2126 5622 2358 5690 agnosci,
2391 5621 2496 5674 nisi
2531 5622 2601 5673 ibi
2634 5629 2846 5688 propter
2878 5636 2991 5686 nos,
3026 5620 3115 5688 qui
3154 5635 3255 5671 non
3290 5635 3406 5670 enm
3440 5621 3516 5671 ri-

1924 5694 2034 5744 δυνί
2084 5689 2295 5746 eramus
2332 5693 2385 5745 in
2438 5708 2619 5759 carne,
2656 5702 2704 5745 et
2757 5700 2931 5744 tamen
2988 5689 3360 5744 mandumluri
3399 5692 3515 5758 ejus

1925 5779 1984 5814 ('(l
1994 5778 2159 5818 1⁸118111.
