4184 6436
229 374 325 443 661

1542 383 1867 443 HOMIle
1910 384 2195 451 ΧΧΧΙΗ.

3374 400 3481 461 662

227 491 310 541 διὰ
350 489 461 541 τῶν
519 491 809 561 ίστορικῶς
867 495 1173 565 γινομένων
1231 496 1367 565 προς
1426 497 1663 567 θεωρίαν
1714 499 1801 550 τὸν

1912 502 2141 555 cundum
2187 505 2463 559 historiam
2502 517 2656 577 gesta
2691 519 2834 574 sunt,
2868 510 2933 564 ad
2972 509 3479 576 contemplat'wnem

226 580 347 631 νοῦν
370 581 733 652 διανίστησιν.
774 584 837 636 Ἦ
866 585 959 639 οὖν
980 587 1182 655 πρωῖα,
1204 587 1392 657 ἐπειδὴ
1420 589 1805 653 ἀνατεταλκὼς

224 666 287 738 ἦν
330 671 408 732 ὼς
462 672 521 735 ἐξ
569 673 837 742 ἀνατολῆς
883 676 978 728 τοῦ
1032 678 1205 745 τάφου
1253 679 1349 747 τῆς
1403 679 1751 747 δικαιοσύνης
1780 683 1806 734 6

229 762 414 824 Ἤλιος
440 782 457 795 ·
474 765 664 817 σκοτία
687 765 764 827 δὲ,
783 767 865 819 ὅτι
888 769 1003 831 τοῖς
1027 770 1338 839 ἀνθρώποις
1364 773 1611 841 ἠγνοεῖτο
1639 774 1716 825 ἔτι
1747 774 1807 825 τὸ

226 854 414 923 Θαῦμσ.
447 857 548 925 τῆς
585 858 965 923 ἀναστάσεως.
1006 862 1084 913 Οὑ
1114 862 1266 930 λέγει
1306 864 1364 916 δὲ
1393 866 1475 917 ὅτι
1501 866 1687 933 βλέπει
1715 868 1806 919 τὸν

225 947 369 1001 λίθον
396 951 856 1020 ἀποκυλισθέντα,
887 953 1066 1008 καίτοι
1115 954 1290 1019 οὕτως
1319 958 1368 1010 oi
1396 962 1545 1029 τρεῖς
1574 961 1807 1028 εὐαγγε-

224 1040 405 1095 λισταὶ
462 1045 849 1116 ἀφηγήσαντο.
912 1048 1056 1101 Ἀλλ’
1094 1051 1122 1102 6
1174 1052 1349 1120 μέγας
1401 1053 1658 1125 Ἰωάννης
1695 1057 1807 1119 τοῖς

227 1136 516 1206 ίστορικῶς
534 1142 853 1209 γενομένοις
866 1143 966 1205 τάς
988 1144 1305 1211 θεολογικάς
1332 1150 1541 1212 ἐννοίας
1561 1151 1807 1220 συνήθως

226 1231 445 1313 μιγνὺς,
475 1232 713 1301 ἀρθῆναι
747 1234 838 1287 τὸν
867 1234 1018 1288 λίθον
1055 1237 1187 1307 φησί
1214 1254 1229 1270 ο
1262 1239 1413 1293 δοκεῖ
1448 1242 1555 1311 γὰρ
1588 1242 1647 1294 οὺ
1677 1244 1806 1315 περὶ

220 1319 314 1372 τοῦ
344 1323 611 1393 αἰσθητοῦ
647 1324 795 1379 λίθου
826 1326 1008 1394 λέγειν
1051 1330 1238 1393 ἀπλῶς
1265 1347 1276 1360 ·
1318 1333 1525 1396 ἐκεῖνος
1572 1335 1679 1405 γὰρ
1707 1337 1807 1390 ούκ

223 1410 362 1481 ἤρθη
391 1413 455 1463 ἐκ
489 1414 583 1465 τοῦ
620 1417 920 1486 μνημείου,
947 1419 1086 1473 ἀλλά
1116 1421 1216 1491 τῆς
1244 1422 1417 1494 θύρας
1446 1426 1641 1495 μικρὸν
1668 1427 1807 1480 ἀπο-

223 1502 311 1556 θεν
342 1507 688 1563 ὲκεκύλιστο·
730 1512 865 1565 άλλά
894 1512 989 1567 τοῦ
1033 1515 1435 1586 ἀκρογωνιαίου
1473 1520 1619 1573 λίθου
1669 1520 1808 1591 Χρι-

226 1597 372 1651 στοῦ.
414 1599 770 1671 ’Υπηγάγετο
818 1605 875 1658 δέ
913 1624 980 1674 με
1024 1609 1163 1677 πρὸς
1210 1610 1420 1679 ταύτην
1458 1612 1558 1680 τὴν
1596 1612 1807 1670 ἔννοιαν

222 1687 247 1736 6
279 1689 448 1751 αὐτὸς
470 1685 628 1755 οὗτος
650 1694 1069 1763 εὐαγγελιστὴς,
1089 1699 1185 1752 νῦν
1207 1701 1306 1769 μὲν
1334 1703 1502 1756 είπών
1523 1719 1535 1731 ³
1566 1724 1583 1756 ι
1607 1705 1807 1760 Βλέπει

219 1783 307 1834 τὸν
336 1782 484 1836 λίθον
513 1786 757 1855 ἠρμένον
796 1790 860 1841 ὲκ
905 1790 999 1843 τοῦ
1035 1793 1333 1862 μνημείου·
1374 1816 1391 1847 ι
1429 1798 1713 1865 παριστῶν
1750 1798 1807 1852 δὲ

219 1877 489 1944 λέγουσαν
520 1880 619 1950 τὴν
649 1882 1028 1954 Μαγδαληνήν
1054 1902 1066 1915 ·
1109 1903 1134 1939 ε
1169 1882 1349 1957 Ἦραν
1393 1890 1484 1942 τὸν
1512 1890 1717 1962 Κύριον
1741 1892 1805 1944 ὲκ

218 1970 311 2024 τοῦ
348 1972 647 2043 μνημείου,
686 1994 705 2026 ι
742 1975 836 2029 καὶ
878 1977 966 2031 διὰ
1003 1978 1097 2031 τοῦ
1135 1980 1406 2051 ἑπομένου
1444 1984 1611 2052 ῥητοῦ
1638 1985 1806 2055 ἐφερ-

222 2064 485 2132 μηνεύων
512 2067 570 2119 τὸ
601 2067 1041 2138 προηγούμενον.
1078 2069 1306 2137 Γέγονεν
1345 2071 1455 2141 γὰρ
1487 2072 1562 2134 ὡς
1590 2072 1807 2141 ἀληθῶς

218 2158 246 2206 6
286 2156 645 2228 Ἐμμανουήλ
676 2158 854 2230 πέτρα
875 2160 1201 2225 σκανδάλου,
1221 2161 1316 2214 καὶ
1347 2160 1493 2225 λίθος
1521 2164 1806 2235 προσκόμ-

224 2269 414 2318 ματος.
470 2245 643 2316 Οὗτός
701 2255 850 2308 ἔστιν
899 2255 929 2308 6
975 2255 1123 2319 λίθος
1172 2254 1232 2309 ὃν
1292 2257 1704 2329 ἀπεδοκίμασαν
1756 2262 1803 2314 οἱ

220 2344 577 2414 Γραμματεῖς
632 2348 729 2401 καὶ
755 2348 865 2401 τῶν
904 2348 1175 2404 Ἰουδαίων
1197 2349 1245 2401 οἱ
1276 2349 1517 2421 ἑξαρχοι,
1539 2353 1587 2405 οἱ
1618 2353 1686 2407 τά
1709 2355 1803 2409 τοῦ

220 2438 387 2507 νόμου
415 2438 577 2507 δῆθεν
594 2442 1011 2511 οἰκονομοῦντες
1035 2448 1368 2519 ἐντάλματα.
1399 2447 1561 2501 Ἀλλά
1582 2448 1807 2516 γέγονεν

218 2534 297 2595 εἰς
328 2534 580 2604 κεφαλὴν
614 2535 843 2603 γωνίας,
883 2539 1009 2603 τοὺς
1038 2541 1133 2595 δύο
1173 2543 1339 2605 λαοὺς
1376 2543 1455 2605 είς
1478 2542 1673 2596 ἑαυτὸν
1705 2542 1806 2612 ἀρ-

224 2628 560 2695 μοσάμενος.
613 2631 723 2683 Καὶ
780 2634 922 2703 τάχα
976 2636 1112 2703 πρὸς
1160 2636 1358 2689 τοῦτον
1411 2637 1502 2689 τὸν
1550 2637 1699 2690 λίθον
1746 2638 1807 2690 τὸ

219 2720 555 2789 ἡγεμονικὸν
598 2724 819 2793 ἐρείσας
871 2725 1088 2792 Ἰακὼϐ,
1137 2729 1231 2784 καὶ
1266 2730 1524 2793 ὑπνώσας
1555 2731 1663 2785 ἀπὸ
1694 2732 1805 2786 τῶν

220 2810 502 2878 αἰσθητῶν
530 2813 588 2866 ὲν
615 2815 890 2888 φαντασίᾳ
924 2818 1025 2887 τῆς
1060 2822 1258 2891 νοητῆς
1287 2822 1478 2890 γέγονε
1513 2824 1801 2893 κλίμακος.

220 2902 428 2955 Τοῦτον
484 2904 578 2958 τὸν
630 2906 780 2960 λίθον
839 2910 1108 2975 είκὸνιζεν
1163 2914 1194 2983 ἠ
1253 2915 1428 2985 πέτρα
1478 2916 1510 2985 ἡ
1566 2916 1644 2987 τῷ
1690 2916 1806 2987 λαῷ

223 2995 494 3063 βλύζουσα
543 3000 781 3069 δαψιλῶς
828 3004 920 3055 τὸν
953 3005 1153 3057 ποτόν
1195 3006 1371 3072 οὕτως
1413 3009 1663 3073 εἰπόντος
1708 3013 1805 3067 τοῦ

225 3089 467 3157 Παύλου,
506 3092 581 3153 ὡς
618 3111 637 3143 ‹
674 3095 901 3149 Ἐπινον
933 3099 997 3150 ὲκ
1059 3103 1441 3172 πνευματικῆς
1477 3105 1806 3161 ἀκολουθού-

1908 599 2068 664 erigit
2106 608 2363 652 mentem.
2404 602 2532 655 Erat
2591 603 2752 671 igitur
2785 618 2962 666 mane,
2994 606 3134 673 quod
3173 618 3202 657 e
3233 606 3484 671 sepulcro

1910 688 2000 742 Sol
2030 690 2255 757 jttslitize
2286 692 2429 746 velut
2466 708 2527 747 ev
2575 697 2790 749 oriente
2823 710 2881 749 se
2901 698 3209 751 extulerat:
3246 700 3487 751 tenebras

1910 797 2037 837 vero
2083 784 2192 852 (‘29)
2220 823 2233 847 ,
2280 785 2423 854 quod
2482 786 2803 855 hominibus,
2841 788 3020 847 adhuc
3067 792 3487 844 resurrectionis

1909 877 2222 947 mysterium
2252 878 2624 946 ignorabatur.
2653 880 2765 933 Non
2798 896 2926 933 vero
2947 880 3079 934 dicit
3104 881 3303 934 vidisse
3331 898 3478 934 revu-

1908 967 2078 1022 lutum
2112 969 2372 1037 lapidem;
2406 972 2551 1039 atqui
2585 972 2637 1025 id
2669 982 2775 1027 tres
2798 973 3148 1043 evangelista
3173 974 3483 1025 narrarunt!

1909 1061 2292 1116 Verumtamen
2336 1080 2563 1131 magnus
2597 1064 2681 1118 ille
2705 1062 2941 1119 Joannes
2972 1082 3093 1119 cum
3128 1066 3211 1119 his
3242 1080 3361 1133 qua:
3394 1081 3483 1117 se.

1911 1158 2145 1209 cundum
2178 1155 2463 1211 historiam
2505 1158 2647 1213 facta
2680 1170 2809 1213 sunt
2838 1198 2853 1221 ,
2887 1158 3221 1229 theologicos
3268 1174 3483 1219 sensus.

1910 1257 1968 1299 ut
1998 1251 2305 1313 consuevit,
2338 1251 2644 1305 admiscens
2676 1255 2951 1306 sublatum
2994 1252 3224 1318 lapidem
3260 1256 3362 1315 ait;
3407 1255 3487 1301 vi-

1908 1339 2068 1392 detur
2092 1344 2234 1395 enim
2269 1357 2377 1395 non
2424 1345 2489 1395 tle
2534 1345 2774 1397 sensibili
2817 1346 2996 1413 lapide
3038 1346 3358 1413 simpliciter
3404 1346 3485 1397 ln-

1908 1430 1999 1499 qui
2048 1430 2159 1504 ('50)
2190 1449 2205 1487 ι
2234 1434 2319 1487 ille
2346 1434 2489 1488 enim
2535 1435 2637 1487 οὐκ
2668 1434 2833 1503 ἤρθη,
2856 1437 2955 1489 hoc
2983 1445 3087 1499 est,
3118 1451 3220 1487 non
3248 1435 3487 1487 elevatus

1912 1537 1940 1574 a
1983 1534 2356 1590 monumento,
2404 1527 2496 1579 sed
2543 1526 2612 1580 ab
2645 1527 2784 1584 ostio
2818 1541 2919 1578 non
2956 1539 3065 1579 tant
3111 1528 3267 1593 longe
3314 1529 3487 1577 fuerat

1912 1615 2223 1667 revolutus:
2256 1618 2346 1671 sed
2396 1618 2460 1671 de
2492 1616 2734 1684 angulari
2771 1617 2944 1685 lapide
2975 1617 3209 1669 Christo.
3249 1618 3488 1668 Adduvit

1912 1721 1997 1760 me
2033 1722 2161 1761 vero
2196 1718 2253 1760 ut
2307 1707 2380 1761 ita
2432 1708 2791 1777 intelligerent
2844 1709 2959 1776 ipse
3004 1708 3091 1762 hic
3126 1709 3484 1775 evangelista.

1911 1800 2147 1868 quicum
2195 1800 2295 1854 hoc
2335 1801 2454 1854 loco
2494 1802 2760 1856 dixisset:
2797 1818 2817 1851 ι
2847 1800 3004 1854 Videt
3032 1801 3265 1869 lapidem
3308 1800 3489 1851 subta-

1912 1900 2023 1946 tum
2063 1909 2091 1947 a
2138 1902 2508 1959 monumento,
2555 1910 2572 1943 ι
2630 1894 2801 1959 ipsam
2861 1893 3053 1945 deinde
3114 1892 3485 1955 Magdalenam

1909 1982 2214 2051 loquentem
2280 1983 2443 2037 facit:
2490 2001 2508 2034 ι
2557 1981 2821 2037 Tulerunt
2866 1982 3029 2053 240
3079 1981 3360 2035 Dominum
3419 1981 3487 2036 de

1911 2085 2289 2141 monumento,
2320 2095 2338 2127 ι
2379 2077 2599 2145 perinde
2642 2090 2705 2130 ac
2727 2076 2972 2143 sequenti
3004 2074 3151 2128 dicto
3178 2075 3487 2142 praecedens

1908 2165 2319 2234 interpretetur.
2343 2162 2540 2220 Factus
2567 2166 2708 2220 enim
2738 2178 2922 2218 revera
2955 2176 3038 2219 est
3059 2164 3145 2218 ille
3172 2165 3488 2217 Enunanut-I

1907 2267 2062 2327 petra
2108 2254 2376 2320 scandali,
2408 2263 2461 2310 et
2496 2256 2631 2326 lapis
2664 2254 2982 2311 olfensionis
3006 2256 3073 2310 7".
3095 2254 3192 2310 Hic
3222 2256 3362 2325 lapis
3385 2266 3486 2318 est,

1909 2366 2071 2423 quem
2108 2350 2470 2421 reprobarunt
2507 2350 2713 2406 Scriba:
2762 2360 2814 2406 et
2845 2350 3120 2421 principes
3153 2348 3487 2409 Iudaeorum,

1908 2446 2003 2515 qui
2032 2446 2287 2501 nimirum
2324 2446 2457 2516 legis
2496 2455 2765 2516 prmcepta
2820 2444 3247 2499 :edificabant".
3272 2442 3377 2497 Sed
3411 2442 3489 2493 ta-

1908 2549 2027 2596 ctus
2045 2550 2128 2595 est
2152 2539 2204 2593 in
2231 2539 2413 2608 anguli
2443 2548 2627 2609 caput,
2650 2540 2784 2595 duos
2809 2539 3037 2609 pepulos
3063 2540 3113 2593 in
3136 2554 3193 2593 se
3219 2539 3335 2603 ipso
3360 2554 3491 2589 cun-

1911 2643 2155 2689 nectens.
2186 2633 2251 2688 Et
2270 2634 2518 2687 fortassis
2546 2633 2709 2686 etiam
2736 2635 2838 2687 hoc
2861 2634 3034 2701 lapide
3062 2631 3253 2691 Jacoh,
3280 2632 3486 2699 pri-tri—

1908 2742 2033 2798 pem
2078 2727 2275 2781 animae
2316 2736 2527 2795 partem
2558 2724 2811 2790 fulciens,
2850 2737 2905 2779 et
2936 2723 3167 2794 sopitus,
3207 2724 3486 2776 abaliena-

1910 2827 2104 2887 tusque
2136 2834 2165 2871 a
2203 2816 2363 2871 rebus
2398 2816 2581 2870 sensui
2613 2816 2871 2883 objectis,
2908 2814 3302 2881 lutettigibilem
3341 2814 3485 2865 illam

1908 2913 2111 2968 scalam
2143 2926 2239 2981 per
2264 2910 2499 2981 speciem
2525 2908 2742 2962 vidit".
2772 2908 2923 2962 llune
2953 2890 3182 2977 lapidem
3212 2919 3366 2977 petra
3393 2907 3482 2959 illa

1912 3003 2274 3069 adumbravit,
2303 3019 2365 3057 ex
2400 3017 2505 3071 qua
2542 3002 2738 3070 populo
2780 3012 2936 3070 potus
2974 2999 3188 3055 abunde
3226 3000 3488 3063 manavit,

1911 3095 1985 3149 ita
2035 3097 2251 3149 dicente
2290 3093 2491 3155 Paulo,
2538 3094 2680 3162 quod
2744 3110 2761 3143 ι
2807 3091 3075 3169 Bibebaut
3106 3092 3170 3144 de
3215 3090 3487 3159 spirituali

225 3185 557 3254 σης’πέτρας
582 3203 595 3217 ·
626 3188 658 3256 ή
692 3187 747 3240 δὲ
780 3189 952 3258 πέτρα
979 3186 1046 3260 ἦν
1080 3192 1109 3243 6
1154 3194 1445 3264 Χριστός.)
1486 3191 1655 3264 Οὗτος
1684 3196 1752 3272 ἦν
1779 3205 1806 3257 6

1912 3196 2282 3255 consequente
2328 3202 2422 3241 eos
2475 3197 2624 3253 petra
2670 3191 2870 3252 :petra
2930 3194 3108 3237 autem
3164 3194 3282 3237 erat
3328 3183 3489 3235 Chri-

226 3275 370 3337 ).i‘i.c
393 3277 422 3327 6
459 3276 691 3345 τμηθεὶς
725 3280 850 3331 ἀνευ
895 3284 1229 3352 χειρὸς,,καὶ
1273 3288 1670 3358 συντρίψαςτά
1699 3293 1809 3348 τῶν

223 3367 499 3435 δαιμόνων
540 3369 909 3442 βδελύγματα,
965 3378 1107 3430 κατὰ
1152 3378 1251 3448 τὴν
1294 3379 1387 3432 τοῦ
1428 3383 1630 3455 Δανιὴλ
1676 3404 1813 3458 προ-

226 3476 544 3528 αγορευσιν.

300 3575 317 3604 ι
347 3557 547 3624 Τρέχει
580 3552 695 3621 οὖν,
750 3561 843 3613 καὶ
882 3560 1100 3631 ἔρχεται
1139 3565 1275 3635 πρὸς
1318 3567 1539 3638 Σίμωνα
1583 3572 1809 3643 Πέτρον,

228 3650 315 3699 καὶ
354 3651 494 3720 πρὸς
528 3652 619 3703 τὸν
645 3652 806 3707 ἄλλον
848 3656 1123 3728 μαθητὴν,
1159 3660 1219 3711 ὃν
1250 3662 1441 3730 ἠγάπα
1477 3666 1505 3719 6
1545 3665 1751 3737 Ἰησοῦς
1774 3690 1803 3723 η»

227 3741 291 3792 Τί
322 3742 386 3812 δή
400 3760 567 3805 nota;
607 3745 744 3813 Οὐχὶ
790 3749 885 3799 καὶ
915 3751 1026 3810 τοῖς
1061 3749 1269 3814 λοιποῖς
1300 3757 1648 3821 ἀποστόλοις,
1672 3760 1813 3815 ἀλλά

227 3832 419 3903 Πέτρῳ
481 3834 575 3886 καὶ
650 3836 873 3909 Ἰωάννῃ
944 3838 1128 3906 μόνοις
1207 3841 1380 3895 ταῦτα
1464 3847 1811 3918 μεμήνυκεν;

238 3925 463 3995 Ἐπειδὴ
523 3928 572 3979 οἱ
627 3929 728 3997 μὲν
786 3928 935 3983 ἄλλοι
1005 3935 1491 4005 κατορῤωδηκότες
1543 3940 1643 4010 τὴν
1706 3944 1814 3997 τῶν

241 4016 526 4069 Ἰουδαίων
604 4019 803 4072 λύτταν
867 4021 1211 4093 ἐκρύπτοντο
1258 4043 1269 4055 ·
1333 4029 1539 4098 Πέτρος
1602 4033 1659 4085 δὲ
1720 4038 1815 4088 καὶ

238 4106 499 4175 Ἰωὰννης
537 4106 857 4177 ἀδεέστερον
900 4111 1318 4182 ἀνεστρέφοντο.
1365 4118 1424 4170 '0
1468 4120 1565 4188 μὲν
1599 4120 1675 4184 ὡς
1714 4123 1812 4194 ἥδη

227 4199 549 4277 πιστευθεὶς
570 4204 632 4253 ἐκ
656 4200 751 4255 τοῦ
782 4202 1023 4273 ἐνόρκως
1056 4207 1421 4278 ἀρνήσασθαι,
1440 4213 1467 4263 6
1496 4212 1551 4264 δὲ
1574 4216 1814 4281 γνωστὸς

226 4290 301 4343 ὦν
340 4292 421 4361 τῷ
460 4293 712 4363 ἀρχιερεῖ
748 4295 866 4347 κατ’
893 4296 1051 4349 οὐδὲν
1097 4298 1414 4355 έδεδίττετο.
1465 4304 1692 4370 Τούτοις
1722 4304 1815 4363 οὖν

226 4384 481 4451 ἀλύουσι,
518 4385 613 4437 καὶ
659 4388 1153 4457 πεφροντισμένως
1194 4396 1565 4462 περιτυχοῡσά
1603 4416 1770 4468 φησιν
1796 4418 1811 4434 ·

232 4494 250 4526 ι
290 4471 482 4546 ’Πραν
505 4477 598 4549 τὸν
637 4477 839 4548 Κύριον
886 4480 951 4533 ἐκ
990 4481 1082 4534 τού
1116 4485 1408 4552 μνημείου.
1449 4505 1466 4538 ι
1514 4490 1675 4559 ᾭετο
1706 4494 1816 4567 γάρ

226 4567 288 4618 ἐκ
316 4568 651 4635 γυναικείας
682 4569 992 4637 ἀσθενείας,
1035 4572 1113 4634 ὡς
1160 4574 1358 4639 ἔοικεν,
1390 4578 1494 4630 ὑπὸ
1516 4580 1609 4633 τοῦ
1646 4601 1817 4653 μετα,-

229 4660 596 4730 κουφισθῆναι
654 4663 745 4714 τὸν
792 4662 1018 4734 Κύριον.
1084 4663 1224 4718 Ἀλλ’
1256 4667 1304 4719 οἱ
1357 4669 1599 4741 μαθηταὶ
1660 4675 1814 4746 ὄντες

229 4752 584 4823 ἑδραιοτέρου
614 4755 987 4825 φρονήματος,
1028 4755 1125 4809 καὶ
1154 4757 1222 4810 τά
1266 4759 1396 4813 ὄντα
1429 4762 1815 4826 ὑποτοπάσαν-

294 4896 391 4952 ⁷⁸1
429 4896 577 4951 Petr.
612 4914 675 4963 ιι,
709 4898 763 4952 7.
838 4899 884 4931 ⁷⁸
910 4897 1101 4956 Matth.
1146 4916 1260 4967 ut,
1310 4901 1400 4955 42.

1478 4905 1523 4937 ⁷⁸
1563 4905 1701 4963 Gen.
1731 4926 1925 4979 xxvnt,
1968 4911 2055 4966 12.

1915 3280 2112 3336 stus".
2143 3298 2160 3333 ι
2195 3278 2294 3333 Hic
2328 3278 2465 3348 lapis
2493 3277 2609 3340 fuit,
2639 3278 2729 3345 qui
2758 3278 2901 3330 nulla
2937 3291 3128 3329 manus
3157 3290 3321 3343 Opera
3345 3274 3489 3327 exci-

1914 3387 2008 3427 sus
2037 3372 2474 3425 abominationes
2517 3369 2842 3423 daemonium
2880 3367 3161 3431 contrivit,
3190 3368 3342 3436 juxta
3382 3366 3487 3419 Da-

1916 3466 2073 3523 nielis
2101 3463 2597 3534 przedictionem".

1992 3577 2012 3613 ι
2059 3559 2243 3614 Currit
2281 3572 2432 3627 ergo,
2468 3566 2523 3610 et
2575 3555 2818 3609 venit‘ad
2856 3555 3134 3607 Simonem
3176 3553 3394 3607 Petrum
3440 3563 3494 3604 et

1916 3654 1981 3708 ad
2014 3652 2176 3706 alium
2224 3649 2546 3718 discipulum
2604 3664 2763 3717 quem
2805 3647 3066 3715 diligebat
3103 3643 3278 3699 Jesus.
3313 3664 3329 3695 ι
3354 3644 3491 3709 Quid

1916 3749 1989 3801 ita
2025 3744 2281 3799 tandem?
2314 3741 2432 3796 Non
2458 3744 2669 3796 caeteris
2698 3743 2861 3795 etiam
2898 3738 3197 3806 discipulis,
3235 3738 3327 3791 sed
3362 3736 3495 3789 solis

1916 3840 2080 3897 Petro
2135 3854 2198 3894 ac
2234 3836 2429 3895 Joanni
2458 3838 2574 3893 haec
2610 3836 2909 3891 indicavit?
2940 3835 3209 3901 Quoniam
3248 3835 3337 3886 alii
3374 3832 3496 3901 qui~

1916 3937 2035 3991 dem
2060 3934 2369 3989 Judmorum
2396 3932 2598 3986 rabiem
2621 3930 2975 3985 formidantes
2996 3944 3052 3982 se
3074 3928 3495 3985 abscmtderaul,

1919 4028 2113 4083 Petrus
2148 4041 2279 4079 vero
2327 4034 2382 4078 et
2423 4023 2663 4077 Joannes
2691 4024 3052 4076 eontltlentius
3095 4020 3497 4073 versabantur:

1920 4123 2009 4177 ille
2036 4120 2254 4191 quidem
2287 4120 2430 4188 quod
2459 4117 2568 4185 jam
2612 4115 2769 4172 fidem
2814 4126 3008 4169 nactus
3036 4124 3154 4168 erat
3176 4128 3237 4166 ex
3262 4126 3326 4165 eo
3357 4113 3501 4181 quod

1920 4230 2040 4268 cum
2079 4212 2392 4281 iuramento
2434 4218 2762 4280 negaverat;
2795 4209 2880 4262 hic
2914 4223 3044 4262 vero
3084 4222 3148 4259 eo
3180 4193 3322 4275 quod
3351 4205 3500 4258 Pon-

1922 4308 2051 4361 titici
2101 4315 2263 4361 notus
2307 4314 2444 4365 erat,
2482 4304 2615 4357 nihil
2654 4303 2965 4355 verebatur.
3002 4299 3115 4353 llnc
3165 4301 3325 4367 igitur
3370 4312 3505 4350 ιιτω-

1923 4410 2102 4455 rentes
2140 4407 2194 4452 et
2229 4396 2490 4452 sollicitos
2520 4410 2644 4449 cum
2677 4392 3012 4453 oﬂ'cndisset,
3047 4395 3156 4445 ait:
3194 4409 3211 4441 ι
3241 4389 3504 4443 Τιιιυοιιιιι

1924 4494 2206 4549 Dominum
2244 4490 2307 4546 de
2348 4495 2724 4543 monumento.
2778 4504 2795 4537 ι
2846 4483 3207 4539 Existimabat
3243 4483 3383 4536 enim
3435 4497 3499 4535 ex

1849 4559 1894 4615 Β
1926 4588 2175 4644 muliebri
2223 4584 2612 4646 imbecillitate,
2643 4593 2695 4636 ιιι
2738 4583 2974 4646 videtur,
3025 4599 3051 4633 ιι
3096 4580 3351 4649 quopiam
3387 4579 3498 4645 (3i)

1929 4681 2215 4737 hominum
2248 4688 2493 4731 avectum
2530 4676 2656 4729 inde
2704 4675 2911 4728 fuisse:
2958 4672 3205 4741 discipuli
3244 4688 3373 4723 vero
3405 4673 3500 4722 tir-

1927 4775 2097 4830 miore
2123 4787 2284 4827 sensu
2320 4786 2442 4825 cum
2493 4778 2697 4831 essent,
2735 4767 3074 4835 suspicantes
3109 4767 3181 4831 id,
3226 4765 3366 4833 quod
3417 4780 3503 4817 res

2130 4911 2175 4943 ⁷⁷
2210 4909 2380 4965 lCor.
2408 4925 2479 4975 tv,
2518 4908 2572 4962 4.
2650 4908 2695 4939 ⁷⁸
2726 4907 2861 4960 Dan.
2893 4923 2954 4968 ιι,
2988 4906 3079 4960 45.

1469 5045 1798 5109 Francisci
1829 5046 2033 5110 Scorsi
2074 5052 2259 5109 notae.

227 5167 519 5235 pusculum
557 5164 831 5220 communi
871 5164 1232 5236 appellatione
1278 5168 1507 5234 dixeris;
1541 5182 1665 5224 cum
1698 5188 1819 5227 cre-

227 5251 353 5304 pera
399 5240 522 5313 lux,
574 5239 622 5288 id
662 5245 745 5289 est
779 5237 958 5313 _duhia
1013 5237 1138 5313 (hoc
1177 5238 1319 5313 enim
1372 5250 1454 5294 est
1506 5244 1813 5313 Crepusculi

229 5312 478 5376 etymon)
512 5312 654 5362 inter
684 5306 931 5360 umbram
979 5308 1173 5371 noctis,
1206 5318 1259 5363 et
1291 5309 1462 5364 lucem
1494 5306 1814 5373 exoi-ietttis.

229 5382 311 5433 vel
339 5380 645 5432 Occidentis
671 5378 822 5431 satis.

299 5449 415 5523 (29)
455 5442 702 5503 Tenebr'w
728 5464 871 5523 gero.
911 5447 1176 5523 ΕιιιῐιόιεῐιιΔ
1218 5451 1539 5504 sententiam
1564 5454 1817 5523 jnyslit‘c

235 5511 421 5591 elicuit
458 5531 683 5591 sanctus
728 5520 918 5591 Petrus
949 5520 1200 5591 Chrysol.
1266 5535 1429 5575 serui.
1460 5524 1524 5575 de
1558 5511 1767 5577 pair/ta
1797 5539 1814 5576 :

233 5590 558 5657 Resurgentc
612 5590 823 5643 Christo
877 5590 1122 5657 ﬁdelibiu
1174 5592 1387 5662 lucescit
1438 5608 1637 5662 vesper.
1696 5594 1815 5649 Dies

229 5662 540 5731 inﬁdelibus
596 5664 898 5716 tenebrescit
942 5677 958 5714 :
999 5661 1269 5731 discipulis
1322 5679 1426 5716 nox
1475 5661 1715 5717 mutatur
1760 5668 1817 5718 in

228 5734 386 5786 (tiam.
452 5729 661 5786 Judwis
721 5734 831 5785 dies
896 5729 1152 5799 vertitur,
1216 5743 1267 5786 et
1323 5743 1564 5789 mutatur
1616 5737 1669 5789 in
1725 5754 1817 5789 no-

230 5814 356 5855 ctem
378 5845 393 5866 ,
433 5812 543 5857 etc.

301 5875 418 5947 (30)
454 5873 783 5945 Simpliciter
808 5873 1217 5946 ἰοιιιιὶ.¹Δπλῶς,
1240 5890 1346 5933 uno
1379 5878 1561 5946 modo,
1589 5878 1814 5935 vcl'uno

1919 5186 2079 5225 sensu
2112 5189 2124 5225 :
2157 5169 2413 5239 supponit
2442 5167 2585 5221 enim
2617 5182 2836 5222 sensum
2869 5164 3155 5221 litteralem
3193 5179 3284 5219 seu
3335 5167 3503 5220 nistn-

1921 5243 2283 5312 ricumhquml
2317 5241 2427 5305 ipse
2460 5251 2648 5294 auctor
2673 5239 3012 5312 pArmmomtit,
3042 5247 3090 5290 ct
3120 5252 3147 5290 ιι
3178 5252 3302 5290 voce
3328 5239 3501 5306 ἠρμέ-

1919 5330 2009 5365 νον
2030 5324 2084 5367 et
2115 5309 2280 5385 ἦραν,
2302 5312 2498 5385 quibus
2531 5327 2657 5365 usus
2689 5309 2745 5363 S.
2777 5310 3032 5385 Joannes,
3065 5323 3182 5385 qnm
3210 5318 3263 5385 et
3290 5314 3500 5369 tolli-re,

1919 5385 2033 5436 sive
2070 5378 2282 5438 elevare
2322 5378 2383 5435 in
2422 5382 2615 5443 altum,
2653 5392 2704 5433 et
2739 5382 3059 5433 submovere
3092 5378 3359 5445 signiticet
3391 5382 3503 5430 sive

1918 5452 2170 5508 Latinum
2222 5454 2385 5517 tullo;
2449 5467 2663 5506 sensum
2711 5451 2948 5504 extrahit
2999 5450 3156 5502 aiinm
3215 5450 3501 5517 mysticum

1920 5540 2068 5579 more
2097 5540 2213 5578 suo.
2250 5523 2383 5577 Vide
2414 5525 2476 5578 de
2506 5538 2637 5576 voce
2665 5522 2851 5584 ἁπλῶς
2885 5524 3026 5576 hum.
3065 5520 3148 5583 1?,
3184 5535 3240 5573 η.
3276 5520 3360 5575 18.

1991 5596 2103 5665 (51)
2153 5597 2193 5648 Α
2229 5594 2496 5664 quopiam.
2536 5592 2589 5645 lu
2630 5594 2781 5665 MSS.
2828 5594 3053 5647 habetur
3100 5592 3207 5665 dab
3232 5592 3320 5642 τοῦ
3354 5590 3502 5665 utilia

1918 5662 2104 5731 sensu,
2134 5662 2305 5719 setl'in
2340 5667 2583 5733 margine
2614 5664 2805 5719 Gallic.
2838 5665 2973 5718 bene
3000 5664 3348 5733 emendatum
3391 5662 3501 5713 ἀπό

1916 5754 2033 5801 του,
2060 5752 2114 5790 ιιι
2150 5738 2218 5789 sit
2247 5753 2340 5788 του
2372 5731 2679 5790 eueliticum
2713 5752 2807 5801 pro
2828 5734 2969 5797 τινός
3005 5736 3199 5798 Attice,
3234 5747 3295 5785 ea
3329 5731 3500 5786 forma

1920 5826 2020 5877 qua
2052 5809 2208 5863 iidem
2245 5807 2403 5863 Attici
2440 5809 2628 5863 dicunt
2660 5810 2836 5878 εῖτῳ,
2872 5809 2915 5861 si
2956 5806 3061 5862 cui.
