4184 6436
204 378 303 440 665

1522 370 1853 431 HOMILIA
1891 373 2176 434 XXXIII.

3347 388 3456 452 656

203 498 256 544 ιν
359 490 598 543 τελεῖται
627 492 661 560 ἡ
688 488 781 542 τοῦ
815 488 1023 559 Κυρίου
1055 490 1339 557 οἰκονομία
1358 529 1373 553 ,
1400 488 1683 540 τουτέστιν
1713 489 1772 539 ἐν

1885 487 2037 539 modo
2070 488 2121 539 itt
2157 487 2377 553 atrium,
2410 490 2461 542 iit
2493 505 2601 559 quo
2630 492 2967 560 dispensatio
3001 496 3178 549 divina
3241 503 3456 565 perlici-

203 587 265 653 τῇ
302 584 412 635 τῶν
446 582 605 634 οείων
635 582 924 651 νοημάτων
955 578 1181 649 γνώσει,
1214 582 1262 633 ει
1302 579 1377 650 μὴ
1409 580 1649 647 γνωστὸς
1686 581 1772 650 εἴη

203 675 296 741 τῆς
344 672 647 741 φιλοσόφου
705 672 813 725 τῶν
879 672 1085 735 ἔξωθεν
1138 673 1358 740 χάριτος
1388 689 1400 733 ;
1433 669 1635 733 ’Ἄννας
1666 672 1776 739 γὰρ

202 765 374 834 χάρις
405 766 791 837 ἑρμηνεύεται,
846 763 1104 830 Καῖάφας
1132 762 1187 814 δὲ
1232 760 1554 829 ἰχνευτής·
1590 760 1660 813 δι’
1701 754 1776 812 ὧν

202 858 459 926 δηλοῦται
488 861 519 926 ἡ
551 859 709 927 χάρις
744 856 840 909 τοῦ
874 854 1260 909 ἀποδεικτικοῦ
1292 851 1655 921 συλλογισμοῦ
1680 853 1775 905 τοῦ

202 953 299 1021 τὴν
332 950 600 1020 ἀλήθειαν
629 951 1031 1019 ἀνιχνεύοντος.

279 1147 340 1198 ⁸0
372 1146 509 1213 γοῦν
532 1145 793 1214 Ἰωάννης
824 1142 1068 1211 γνωστὸς
1100 1142 1201 1214 μὲν
1223 1182 1236 1205 ,
1268 1140 1327 1193 οὐ
1374 1142 1483 1210 μὴν
1524 1140 1678 1209 φίλος
1709 1134 1778 1206 ἦν

203 1239 279 1308 τῷ
315 1240 613 1308 ἁρχιερεῖυ
650 1234 1010 1305 ἡγαπημένος
1071 1233 1258 1303 μέντοι
1294 1232 1375 1301 τῷ
1398 1231 1603 1301 Ἰησοῦ.
1656 1232 1776 1303 Χρὴ

203 1332 308 1401 γὰρ
345 1332 441 1385 τὸν
478 1330 736 1401 μετιόντα
763 1329 863 1400 τὴν
915 1324 1228 1397 πρακτικὴν
1266 1323 1491 1393 ἀρετὴν,
1533 1323 1776 1391 γνωστὸν

1879 588 1966 632 ιιιι·
1999 579 2134 649 (Si),
2158 580 2255 633 hoc
2288 591 2392 643 est,
2416 582 2465 634 in
2488 584 2795 637 divinorum
2820 589 3183 655 cognitionem
3208 590 3455 655 intraret,

1880 665 1984 717 nisi
2050 679 2290 721 externa:
2331 670 2683 737 philosophiae
2713 675 2942 740 gratiam
2985 679 3257 744 cognitam
3291 680 3457 732 habe—

1880 755 2001 808 t'ct?
2030 758 2179 810 Antia
2223 759 2366 811 cnim
2398 763 2566 827 gratia
2611 764 2748 832 (35),
2780 764 3017 833 Caipltas
3058 784 3183 821 vero
3232 770 3457 839 indaga-

1880 858 1961 899 tor
2014 849 2446 915 interpretantur
2475 872 2486 905 :
2530 871 2622 922 per
2652 872 2789 925 quos
2820 858 3073 912 nitnirttm
3110 861 3461 916 detnonstra~

1886 940 1981 993 tiri
2007 940 2301 1009 syllogismi
2362 945 2560 998 donum
2584 950 2909 1015 ostenditur,
2946 966 3042 1020 per
3077 966 3235 1021 quem
3263 959 3458 1009 veritas

1889 1032 2201 1101 indagator.

1957 1136 2193 1193 Joannes
2245 1141 2408 1210 igitur
2456 1156 2616 1199 notus
2662 1146 2902 1216 quidem,
2934 1167 3036 1205 non
3077 1168 3206 1207 vero
3251 1154 3460 1208 anticus

1887 1231 2150 1298 pontiﬁci,
2173 1232 2267 1286 sed
2312 1234 2541 1291 dilectus
2575 1238 2701 1294 Jesu
2732 1248 2870 1294 erat.
2901 1240 3127 1312 Oportet
3157 1246 3300 1299 enim
3333 1262 3457 1300 eum

1889 1324 1975 1392 qui
2010 1326 2305 1393 practicam
2334 1330 2587 1385 virtutem
2627 1343 3001 1403 consectatur,
3038 1338 3304 1407 cognitam
3342 1340 3461 1410 qui-

1434 1478 1761 1543 Francisei
1796 1480 2004 1543 Scorsi
2034 1488 2219 1545 notae.

203 1641 375 1687 mant.
404 1631 462 1683 S.
495 1630 851 1699 Hieronymus
879 1630 932 1683 in
960 1629 1045 1682 illa
1068 1626 1361 1694 verbajam
1392 1626 1559 1699 relata
1586 1625 1772 1699 Isaias:

204 1704 320 1757 Non
348 1704 489 1767 quod
516 1702 679 1761 Deus,
698 1696 911 1768 inquit,
940 1701 1004 1753 sit
1032 1700 1280 1752 inimicus
1308 1698 1604 1768 sapientiae,
1624 1696 1774 1763 cujus

202 1787 275 1827 est
324 1773 511 1835 Pater,
570 1780 618 1824 et
653 1787 745 1839 per
778 1767 931 1839 quem
964 1771 1134 1823 omnis
1166 1779 1241 1822 est
1275 1767 1655 1839 inqhominibus
1678 1783 1777 1839 Vsa-

1882 1631 2324 1715 contemplationi
2359 1632 2458 1715 dat.
2483 1651 2727 1715 operam,
2762 1641 3076 1715 syllogismo
3108 1654 3454 1715 demonstra-

1884 1708 2017 1782 tivo,
2037 1716 2136 1771 per
2156 1717 2323 1782 quem
2348 1708 2550 1782 veritas
2575 1708 2884 1782 indagator,
2904 1708 3090 1767 eadem
3121 1714 3456 1782 philosophia

1882 1781 2107 1851 externa
2138 1772 2425 1840 desumpto
2452 1772 2771 1851 ttti_debe're
2811 1772 2912 1835 hoc
2959 1772 3235 1851 intelligit,
3269 1772 3456 1848 cogni-

201 1844 426 1920 pieiitia.
474 1843 563 1895 sed
614 1838 731 1920 cum
755 1838 1143 1920 _addil_ttrncnt2
1194 1838 1407 1920 posuit;
1462 1838 1779 1920 sapientiam
1812 1856 1852 1911 η
1884 1842 2085 1896 tionem
2111 1857 2251 1920 eam,
2286 1838 2403 1910 qua:
2433 1846 2651 1920 tle‘Deo
2674 1851 2941 1919 rebusque
2975 1853 3041 1904 ab
3078 1838 3192 1920 ipso
3220 1838 3456 1908 conditis

202 1907 408 1977 populi.
441 1922 491 1966 et
522 1912 857 1976 prudentium
904 1911 1068 1963 illius.
1106 1911 1165 1962 Et
1200 1911 1259 1963 S.
1294 1908 1578 1975 Augustin.
1613 1907 1708 1961 lib.
1746 1922 1780 1959 χ

206 1984 281 2038 De
312 1984 550 2043 civitate,
584 1997 705 2049 cap.
738 1981 809 2033 28
836 1998 848 2035 :
888 1979 1004 2034 Non
1056 1997 1207 2033 suam
1251 1981 1300 2031 iit
1332 1980 1403 2031 eis
1433 1978 1698 2043 perdidit,
1730 1983 1780 2030 et

204 2055 452 2120 reprobat
488 2069 643 2122 quam
678 2054 787 2116 ipse
815 2051 1051 2113 donarit,
1075 2052 1161 2104 sed
1185 2066 1340 2122 quam
1376 2049 1780 2122 ipsigarrogant,

203 2119 291 2195 qui
328 2141 434 2177 non
469 2119 661 2176 habent
690 2123 876 2192 ipsius.
916 2123 1240 2195 lllustrisgad
1290 2120 1430 2173 hanc
1466 2119 1779 2195 di_stinc_ti9_-

208 2186 327 2247 item
370 2195 650 2260 sapientiae
711 2186 882 2255 locus,
915 2208 1005 2245 seu
1064 2193 1243 2259 potius
1285 2199 1392 2243 tota
1449 2190 1610 2258 epist.
1650 2188 1680 2239 7
1720 2186 1778 2260 ὃ.

210 2257 455 2334 Dionysii
491 2264 754 2333 AtCOpag.
787 2264 850 2317 ad
884 2257 1267 2334 Polycarpunt,
1302 2260 1353 2313 itt
1381 2257 1580 2334 quatit;
1610 2257 1778 2334 Apol-

210 2328 446 2403 lophane
473 2328 795 2401 philosopho
826 2345 907 2388 est
936 2328 1128 2387 sermo
1147 2328 1778 2403 eiusdemamicissi‘mo,

207 2399 331 2460 dum
366 2399 545 2460 adhuc
578 2399 819 2471 aeniium
852 2405 1288 2475 agerentivitam,
1323 2402 1411 2475 qni
1442 2411 1620 2454 tamen
1656 2399 1780 2475 Dio-

208 2478 360 2545 nysio
390 2470 750 2537 obtrectabat,
783 2470 923 2543 quod
957 2475 1021 2526 ad
1069 2470 1272 2527 Ch'risti
1323 2471 1481 2525 ﬁdem
1513 2470 1780 2525 accessis-

208 2558 290 2602 set
337 2565 349 2599 :
402 2561 564 2615 Quam
617 2548 778 2599 etiam
816 2547 929 2611 ipse
978 2554 1161 2607 postea
1211 2553 1428 2596 secutus
1472 2549 1584 2615 est;
1620 2550 1673 2595 et
1723 2554 1781 2615 se

210 2610 479 2685 suamque
536 2610 931 2685 philosophiam
986 2614 1281 2683 Evangelia
1333 2613 1588 2685 submisit
1636 2629 1665 2685 a

210 2682 512 2758 Polycarpo
538 2682 832 2758 traductus
857 2689 924 2758 ad
953 2682 1251 2758 Christum.
1280 2685 1405 2758 Erat
1430 2683 1591 2758 igitur
1621 2682 1782 2758 Apol-

212 2752 465 2828 IOphanis
501 2758 763 2825 sapientia
798 2756 1017 2810 Christo
1053 2756 1267 2828 inimica
1318 2757 1442 2828 dum
1490 2752 1779 2828 Eyangelio

211 2822 889 2894 obsisteretfcouciliata
943 2827 1265 2880 Christiana:
1319 2824 1600 2894 sapientiae
1657 2822 1777 2886 fuit,

212 2915 333 2953 cum
364 2892 599 2951 credidit
633 2896 871 2951 Christo.
912 2896 1002 2950 Sic
1043 2898 1221 2963 itaque
1258 2896 1323 2949 de
1366 2910 1431 2947 eo
1465 2892 1520 2947 S.
1558 2892 1778 2961 Dionys.

215 2969 266 3023 iit
302 2970 390 3022 illa
421 2968 597 3035 Epist.
624 2986 636 3020 :
662 2968 1077 3035 Apollophaitem
1101 2969 1261 3020 etiam
1303 2969 1476 3031 ipsum
1511 2966 1626 3017 dico
1654 2964 1782 3017 divi-

216 3040 296 3093 nis
326 3040 645 3093 testimoniis
696 3040 896 3105 nefarie
925 3041 977 3091 in
1016 3039 1195 3091 divina
1241 3038 1338 3089 uti.
1397 3036 1587 3088 Rerum
1641 3035 1781 3087 enim

212 3113 457 3168 scientia.
500 3126 615 3179 qua:
643 3110 707 3161 ab
755 3126 813 3162 eo
868 3118 1005 3163 recte
1054 3107 1383 3174 philosOphia
1415 3106 1631 3168 dicitur,
1674 3113 1721 3157 et
1750 3119 1782 3155 a

213 3180 393 3233 divino
429 3181 597 3233 Paulo
632 3179 727 3232 Ι)ρὶ
757 3182 1013 3246 sapientia
1059 3179 1326 3247 appellata
1361 3184 1459 3240 est,
1496 3179 1564 3228 ad
1598 3187 1781 3247 auctos

212 3266 344 3311 rem,
379 3262 426 3303 et
462 3268 639 3304 rerum
674 3252 928 3315 ipsarum,
962 3262 1008 3302 et
1064 3246 1294 3303 sCientia:
1335 3248 1441 3301 veri
1491 3246 1787 3315 philosOphi

209 3324 435 3373 excitari
465 3322 779 3389 perducique
818 3321 1125 3373 debuerunt.
1165 3321 1239 3372 Ac
1268 3337 1329 3372 ne
1356 3318 1584 3369 aliorum
1615 3316 1789 3389 potius

210 3408 371 3461 quam
410 3394 525 3460 ejus
576 3388 882 3446 sententiam
932 3402 1125 3461 contra
1172 3391 1469 3444 institutum
1525 3388 1786 3456 refellam,

209 3460 508 3531 intelligere
552 3462 774 3514 debebat
804 3460 1225 3530 Apollophanes,
1277 3462 1365 3529 qui
1398 3460 1602 3522 sapiens
1633 3467 1785 3531 esset,

210 3536 342 3587 nihil
392 3529 633 3603 unquam
680 3535 735 3585 in
788 3529 1278 3599 ordinemotuque
1330 3532 1627 3603 rcwlestium
1682 3529 1788 3603 (de

208 3607 396 3671 eclipsi
460 3598 736 3670 loquitur,
786 3618 905 3674 qum
965 3598 1197 3656 Christo
1233 3602 1465 3674 patiente
1522 3602 1633 3674 visa
1683 3598 1785 3668 est)

209 3678 374 3729 aliter
393 3687 550 3743 atque
579 3684 655 3728 est
683 3671 877 3727 mutari
900 3674 1153 3742 potuisse.
1183 3673 1285 3725 nisi
1314 3688 1455 3730 eum,
1481 3671 1567 3739 qui
1592 3672 1783 3735 ipsum,

209 3758 255 3800 et
296 3750 348 3798 in
386 3757 535 3799 statu
569 3746 824 3806 continet,
862 3754 911 3797 et
954 3745 1269 3811 procreavit,
1314 3744 1600 3800 habuisset,
1633 3743 1786 3808 cujus

208 3827 341 3869 nutu
380 3834 445 3868 ac
467 3827 633 3879 motu,
671 3832 727 3867 eo
756 3817 1010 3870 deductus
1041 3824 1196 3876 esset,
1223 3816 1334 3881 qui,
1371 3823 1424 3864 ut
1455 3824 1529 3865 est
1572 3814 1624 3861 in
1651 3812 1785 3864 uiri-

211 3890 289 3940 nis
324 3888 477 3939 libris
508 3890 785 3953 scriptum,
820 3887 949 3955 facit
982 3897 1028 3939 et
1066 3898 1231 3937 mutat
1267 3887 1465 3937 omnia.
1504 3883 1613 3955 lluc
1643 3881 1788 3955 fruge

208 3970 456 4010 mentum
514 3973 579 4010 ex
639 3958 723 4008 illa
784 3952 954 4025 E'ptst.
1023 3956 1259 4022 longiore
1321 3952 1591 4018 εχει-ψει,
1643 3954 1785 4025 quod

206 4031 380 4095 magis
422 4029 487 4080 ad
532 4043 641 4080 rent
698 4023 1065 4081 aﬁirmandant
1117 4026 1339 4083 faceret.
1388 4023 1783 4095 Graecaotnisi,

203 4093 331 4165 quia
379 4115 485 4151 non
534 4100 667 4150 satis
709 4100 759 4150 in
796 4107 1042 4167 promptu
1097 4107 1149 4149 et
1214 4097 1478 4161 longiora.
1531 4093 1785 4167 Clemens

205 4164 365 4221 Alex.
413 4167 614 4221 Slrom.
642 4170 734 4221 lib.
771 4164 835 4222 I_:
869 4164 961 4219 Est
995 4184 1117 4229 ergo
1149 4170 1305 4221 etiam
1348 4168 1398 4218 in
1430 4164 1782 4230 philosophia,

202 4256 323 4306 qua:
375 4240 523 4307 furto
577 4248 843 4305 suscepta,
878 4249 925 4290 et
967 4240 1124 4291 veluti
1162 4257 1191 4289 a
1232 4236 1541 4290 Prometheo
1595 4250 1783 4307 parum

202 4302 385 4378 ignis;
421 4311 513 4372 qui
554 4302 757 4361 utiliter
795 4302 1093 4369 circitatur,
1143 4318 1191 4361 et
1252 4307 1520 4373 vestigium
1571 4302 1783 4378 aliquod

200 4376 508 4447 sapientiai,
540 4390 585 4431 et
625 4390 796 4431 motus
834 4397 864 4433 a
899 4380 1023 4432 Deo.
1052 4381 1129 4431 Ad
1160 4389 1460 4431 extremum
1498 4391 1600 4427 non
1629 4376 1787 4447 omit-

203 4455 403 4505 tendus
435 4456 599 4505 etiam
645 4461 846 4514 noster,
878 4452 969 4519 qui
1007 4450 1107 4502 ltoe
1140 4451 1313 4515 ipsum
1345 4452 1501 4519 doCet
1529 4460 1691 4515 supra
1731 4446 1782 4498 itt

202 4522 355 4574 hutn.
390 4522 482 4585 15,
510 4537 630 4589 qua:
660 4531 743 4575 est
774 4524 836 4574 de
878 4518 1064 4589 parati.
1099 4520 1291 4578 Cwua',
1327 4518 1413 4569 ubi
1444 4532 1538 4587 per
1570 4533 1664 4569 eos
1689 4518 1777 4581 qui

200 4594 389 4644 villam
419 4588 621 4645 emis~e
671 4588 1023 4649 excusarunt.
1068 4591 1418 4659 philosophos
1469 4600 1519 4659 et
1556 4588 1782 4659 Creticus

199 4664 411 4728 signari
453 4664 548 4727 ait,
584 4665 672 4730 qui
708 4662 760 4713 in
811 4664 973 4725 rilltc,
1006 4663 1101 4713 hoc
1130 4672 1204 4714 est
1238 4658 1422 4713 mundi
1470 4658 1625 4730 hujus
1660 4672 1783 4710 con-

199 4729 668 4801 templatione,“
726 4734 1044 4799 inspectione
1097 4732 1337 4793 OCCttt'ali
1370 4734 1431 4781 ab
1492 4729 1779 4801 hvangelio

201 4799 468 4855 retardati
500 4804 711 4871 fuerunt
740 4818 759 4854 :
784 4818 877 4857 eos
907 4815 1084 4857 tamen
1120 4802 1329 4856 facilius
1358 4799 1779 4871 potuisseacce-

200 4876 353 4937 ili-re,
387 4891 552 4942 quam
578 4877 664 4941 qni
705 4888 927 4927 uxorem
956 4874 1243 4932 duxerant,
1270 4874 1369 4924 hoc
1400 4884 1501 4935 εει,
1536 4870 1779 4940 volupta-

202 4946 350 4997 tibus
383 4947 633 5011 corporis
661 4959 720 4999 se
749 4946 1140 5011 tuanciparattt.
1184 4944 1288 5007 Qui
1316 4944 1473 5007 enim,
1512 4944 1623 4995 haec
1653 4954 1779 4996 sunt

198 5020 452 5068 auctoris
491 5015 650 5068 \etba
703 5030 763 5067 ex
825 5024 1007 5067 nostra
1056 5014 1429 5076 translatione,
1462 5013 1531 5066 ad
1564 5014 1777 5081 sapien-

198 5087 333 5137 tiam
415 5086 576 5153 hujus
630 5087 811 5137 mundi
861 5088 1097 5137 animum
1154 5086 1487 5150 appulerunt,
1561 5094 1776 5147 possunt

197 5160 364 5208 etiam
386 5156 663 5224 Evangelii
681 5155 971 5208 doctrinam
989 5156 1249 5217 recipere:
1273 5172 1393 5206 nam
1417 5165 1462 5207 et
1489 5154 1774 5218 naturalis,

198 5237 247 5278 et
296 5228 527 5281 moralis
559 5224 863 5280 Grtvcorttm
894 5226 1219 5294 philosophia
1254 5228 1427 5293 potius
1459 5228 1527 5279 ad
1576 5224 1774 5277 Christi

197 5297 360 5362 [idem
396 5298 589 5350 ducere
637 5306 822 5362 potest.
844 5296 935 5367 7E:
972 5297 1053 5350 his
1088 5298 1251 5367 igitur
1278 5298 1528 5350 omnibus
1555 5294 1774 5349 Patrum

200 5367 359 5437 locis,
397 5379 457 5422 et
483 5383 550 5421 ex
579 5370 811 5437 ipsumet
839 5366 1187 5435 Theophanis
1218 5383 1377 5421 sensu
1427 5367 1772 5437 perspicuum

197 5436 409 5505 factum
443 5449 549 5502 est,
577 5433 680 5506 qua
714 5439 922 5491 ratione
946 5433 1133 5492 eadem
1181 5446 1405 5490 externa
1427 5433 1771 5504 philosophia

196 5511 445 5570 dicatur,
491 5510 797 5563 adversaria
852 5509 1070 5562 Christo
1106 5509 1357 5561 nimirum
1412 5516 1680 5574 quatenus
1720 5506 1773 5558 in

196 5581 329 5644 ipsis
366 5581 714 5648 philosophis
750 5580 847 5634 fuit
891 5581 1028 5633 male
1078 5593 1140 5633 ea
1190 5578 1485 5641 utentibus,
1531 5585 1582 5629 et
1623 5576 1775 5629 obsi-

196 5658 485 5705 Stcntitats
516 5652 637 5705 lidei
672 5650 899 5713 Christi,
930 5651 1436 5718 eademquedebeat
1459 5663 1578 5702 esse
1600 5648 1772 5699 amica

192 5722 535 5775 Christiana:
582 5722 965 5791 philosophia,
1017 5733 1284 5792 quatenus
1317 5730 1399 5773 est
1439 5720 1639 5773 donum
1675 5718 1775 5792 ah-

194 5804 342 5853 ιμιιιιι
384 5794 506 5852 ιιι-ι,
547 5802 601 5846 et
640 5795 691 5845 ιιι
728 5788 808 5846 δυ’
835 5796 947 5863 ipsa
985 5788 1220 5862 spectata
1263 5801 1438 5859 potest
1488 5792 1649 5843 etiam
1683 5788 1773 5863 .l“?

196 5880 322 5919 tate
365 5878 652 5931 nostram;
683 5866 821 5934 quel
855 5860 981 5921 tero
1013 5860 1406 5934 consequenter
1438 5862 1509 5916 ait
1534 5875 1660 5914 etth
1682 5860 1771 5928 qui

1812 4560 1859 4618 D

1883 1926 1980 1989 per
2011 1913 2312 1989 naturalem
2332 1915 2815 1989 ratiocinationem
2843 1913 3162 1989 acquiritur.
3191 1925 3311 1976 usui
3337 1941 3458 1978 esse.

1886 1980 1951 2058 ad
1974 1984 2443 2058 feritatenLcirca
2470 1985 2638 2040 Deum
2670 1980 3119 2058 int'estiga'nilatn,
3152 1980 3298 2054 iuxta
3329 1995 3458 2049 illud

1888 2052 1950 2106 D.
1974 2051 2121 2106 Pauli
2154 2056 2219 2107 ad
2256 2053 2414 2127 Rom.
2444 2058 2586 2125 (cap.
2631 2058 2686 2125 t)
2721 2077 2732 2113 :
2783 2051 3079 2115 lnvisibilia
3119 2051 3255 2115 enim
3292 2066 3456 2127 ipsius

1886 2138 1917 2174 a
1948 2126 2418 2205 creaturaintundi
2458 2144 2549 2205 per
2582 2144 2642 2182 ea
2689 2147 2806 2200 qum
2836 2133 2976 2199 facta
3008 2144 3154 2205 sunt,
3188 2135 3456 2186 intellecta

1886 2196 2303 2270 conspiciuntur,
2366 2196 2711 2270 sempiterna'
2748 2196 2949 2269 quoque
3002 2203 3116 2270 ejus
3175 2207 3339 2258 t'lt’ltts
3408 2216 3457 2257 et

1885 2265 2154 2344 divinitas.
2190 2266 2698 2344 Idemquelongius
2750 2265 2950 2325 dicitur
3002 2265 3133 2337 Sap.
3184 2290 3301 2337 χιιι,
3336 2290 3458 2341 qua:

1886 2336 2122 2403 cognitio
2151 2350 2246 2390 seu
2280 2339 2628 2393 ratiocinatio
2658 2344 2822 2396 etiam
2869 2336 3130 2396 naturalis
3176 2355 3322 2398 recte
3357 2336 3457 2400 ilo-

1886 2407 2431 2486 nunt_e_t_gratiaADei
2469 2410 2687 2486 dicitur,
2715 2424 2870 2477 prout
2896 2414 3032 2468 idem
3063 2425 3286 2468 sanctus
3323 2415 3459 2468 l‘an-

1886 2474 2217 2553 lus,_ibi‘de_nt
2250 2477 2437 2553 :_Quia
2470 2482 2607 2553 quod
2634 2474 2813 2553 notum
2847 2494 2923 2537 est
2972 2486 3086 2543 Dei.
3117 2487 3457 2553 manifestum

1884 2556 1957 2623 est
1992 2548 2044 2599 in
2084 2548 2229 2623 illis;
2261 2547 2399 2623 Deus
2421 2547 2567 2623 enim
2599 2552 2708 2606 illis
2744 2556 3122 2623 manifestavit.
3153 2547 3325 2623 Atque
3355 2557 3458 2610 hoc.

1885 2617 1951 2671 de
1985 2619 2292 2691 cognitione
2343 2620 2456 2685 Dei,
2491 2631 2547 2676 ut
2580 2626 2818 2677 auctoris
2855 2617 3061 2680 natum
3091 2617 3307 2691 plantitn
3341 2638 3455 2691 est;

1887 2695 1941 2739 et
1988 2688 2159 2743 videri
2197 2699 2372 2759 potest
2403 2693 2622 2760 copiose
2658 2703 2946 2748 tractatum
3010 2712 3037 2748 ιι
3094 2688 3305 2750 Joanne
3340 2688 3457 2749 [ia-Q

1887 2772 2083 2837 masc.
2133 2761 2313 2837 statim
2372 2762 2527 2837 initio
2559 2765 2679 2817 libri
2711 2780 2725 2816 ι
2760 2764 2833 2817 De
2857 2766 2978 2833 ﬁde.
3024 2767 3111 2819 tibi
3148 2769 3287 2834 quod
3322 2766 3462 2822 Deus

1886 2830 1977 2885 sit.
2011 2838 2065 2882 et
2111 2830 2253 2895 quod
2307 2847 2466 2891 unus,
2497 2835 2834 2888 demonstrat
2857 2830 3045 2888 etiam
3078 2830 3335 2891 adversus
3366 2854 3460 2891 eos

1885 2900 1975 2973 qui
2008 2909 2247 2973 nostram
2290 2901 2623 2973 Scripturam
2655 2920 2758 2957 non
2811 2907 3164 2973 recepissent.
3194 2906 3458 2961 (heterum

1887 2970 2052 3022 etiam
2111 2970 2452 3025 ratiocinatio
2497 2976 2762 3030 naturalis
2813 2977 2863 3030 in
2901 2970 3115 3032 homine
3148 2977 3459 3032 Christiano

1892 3040 2010 3093 usui
2044 3056 2162 3095 esse
2197 3051 2370 3110 potest
2407 3042 2471 3097 ad
2526 3048 2892 3111 cognitionem
2931 3048 3047 3111 Dei,
3101 3058 3160 3102 ut
3216 3048 3459 3102 aucturis

1889 3124 2097 3170 eorum,
2133 3126 2251 3180 qum
2282 3128 2443 3181 supra
2491 3127 2738 3169 naturam
2789 3129 2912 3172 sunt
2965 3130 3018 3171 et
3073 3118 3177 3174 ﬁde
3224 3120 3289 3172 de
3352 3120 3461 3173 Deo

1891 3181 2210 3260 creduntur,
2250 3187 2393 3252 quod
2428 3185 2567 3260 idem
2603 3185 2785 3260 Joan.
2810 3190 3126 3243 Datnascen.
3155 3190 3330 3260 rcipsa
3363 3189 3459 3243 do-

1893 3259 2000 3316 cet,
2033 3255 2123 3322 qui
2179 3270 2243 3308 ex
2298 3258 2528 3322 quadam
2576 3258 2823 3327 analogia
2876 3260 3024 3314 verbi
3061 3255 3252 3325 creati,
3315 3261 3457 3327 quod

1894 3332 2312 3400 nostra_mente
2373 3327 2697 3400 concipitur,
2734 3340 2786 3382 et
2838 3330 3060 3400 spiritus
3106 3345 3200 3384 ore
3260 3331 3454 3400 prolati

1894 3408 2054 3467 manu
2085 3393 2577 3467 ducit_credentem
2608 3400 2671 3450 ad
2706 3393 2930 3452 mercati
2968 3398 3151 3462 Verbi,
3175 3393 3460 3467 sanctique

1894 3461 2130 3531 Spiritus
2188 3464 2423 3536 aliquam
2482 3468 2871 3536 cognitionem.
2926 3470 2990 3522 lit
3032 3461 3164 3523 sane
3231 3461 3457 3535 logicaui

1893 3534 2386 3610 ratiocinationem,
2423 3534 2884 3610 sive—formatum
2936 3551 3052 3593 arte
3087 3534 3459 3610 syl10gistuutn

1892 3604 2111 3678 humani
2148 3607 2473 3666 intellectus.
2504 3609 2546 3661 si
2574 3610 2638 3661 ad
2672 3612 2954 3664 materiam
2981 3604 3455 3678 ﬁdei'applicctnr,

1893 3676 2007 3727 usui
2060 3690 2180 3729 esse
2232 3678 2295 3728 ad
2352 3678 2865 3742 contemplationem
2915 3676 3220 3734 divinarum
3277 3695 3457 3732 rerum

1890 3746 2012 3819 quis
2051 3746 2306 3819 dubitet?
2338 3747 2633 3819 Conclusio
2667 3751 2885 3819 quidem
2925 3751 3249 3819 theologica,
3276 3764 3395 3818 qua:
3429 3766 3461 3804 τι

1892 3816 2171 3883 principiis
2208 3832 2299 3883 per
2328 3818 2483 3871 ﬁdem
2534 3816 2699 3883 nmis,
2756 3831 2811 3873 et
2846 3816 3239 3875 deductis—sire
3272 3816 3465 3873 ambo-

1891 3887 2017 3950 bus,
2053 3888 2164 3940 sive
2199 3903 2305 3941 uno
2363 3888 2627 3956 principio
2683 3890 2827 3953 ﬁdei,
2890 3900 2940 3944 et
2990 3892 3159 3945 altero
3223 3892 3461 3945 naturali

1890 3957 2196 4021 deducitur,
2246 3957 2470 4011 scientia
2527 3968 2611 4012 est
2666 3960 2921 4026 perfecta.
2988 3960 3248 4027 Quamvis
3312 3962 3460 4016 enim

1889 4027 2159 4080 evidentia
2209 4039 2412 4087 careat.
2450 4030 2734 4095 :equivalet
2769 4041 2946 4084 tamen
2994 4033 3266 4085 evidentia
3306 4040 3462 4083 natu-

1891 4096 1985 4169 rali
2021 4106 2241 4165 propter
2290 4099 2699 4163 certitudinetn,
2738 4117 2857 4169 qua:
2910 4102 2961 4153 itt
3010 4102 3292 4169 principiis
3336 4101 3459 4154 ﬁdei

1890 4168 2051 4229 inest,
2084 4180 2204 4240 quae
2239 4169 2409 4237 magis
2438 4178 2584 4240 certa
2632 4180 2775 4231 sunt,
2811 4186 2972 4239 quam
3024 4174 3137 4240 ipsa
3193 4168 3457 4238 principia

1891 4248 2095 4308 naturae
2129 4237 2329 4290 lumine
2360 4237 2663 4299 manifesta,
2701 4237 2861 4305 atque
2898 4243 2969 4293 ita
2996 4237 3273 4308 comparat
3297 4242 3459 4294 intel-

1890 4307 2188 4375 ligentiam,
2226 4316 2283 4360 ut
2325 4309 2458 4361 citra
2489 4324 2649 4362 omne
2684 4308 2901 4363 fallendi
2940 4307 3239 4378 periculum
3276 4320 3459 4363 teneat

1887 4392 1948 4431 ea
1980 4392 2097 4445 quae
2128 4379 2405 4444 cognoscit
2435 4380 2761 4433 auctoritate
2807 4381 2987 4434 divina
3023 4382 3272 4435 subnixa.
3305 4382 3457 4446 Quod

1888 4450 2044 4501 docte
2083 4449 2385 4519 etgcopiose
2420 4458 2614 4502 tractat
2661 4449 2929 4519 Josepltns
2971 4451 3305 4518 Augustinus
3335 4466 3455 4506 soc.

1891 4530 2089 4589 uestra:
2138 4517 2391 4571 Panorm.
2432 4519 2483 4570 ιιι
2511 4534 2672 4585 opere
2701 4517 2871 4589 nuper
2908 4517 3130 4580 eilito’in
3166 4537 3179 4573 I
3209 4532 3348 4588 part.
3392 4522 3452 4574 υ.

1888 4587 2128 4642 Thomas.
2158 4589 2343 4656 Itaque
2375 4590 2487 4641 lucc
2523 4587 2867 4643 ratiocinatio
2896 4592 3127 4644 humana
3157 4587 3220 4644 et
3240 4592 3457 4645 scienti-o

1888 4659 1984 4711 lica
2021 4659 2277 4727 theologi,
2327 4660 2372 4711 si
2431 4658 2602 4727 magis
2644 4662 2943 4715 illustratur
2975 4662 3081 4714 alio
3114 4660 3336 4723 lumine,
3368 4662 3453 4714 vel

1884 4731 2026 4781 dono
2058 4730 2353 4798 sapietttitl‘,
2387 4740 2440 4782 et
2484 4729 2807 4792 intellectus,
2840 4732 2983 4798 quod
3028 4732 3167 4785 Deus
3197 4739 3450 4784 contem-

1884 4798 2051 4867 planti
2105 4800 2241 4855 solet
2295 4800 2601 4863 inlundere,
2643 4803 2846 4868 poterit
2881 4801 3163 4870 theologia:
3207 4802 3449 4871 mystica:

1882 4885 2000 4923 esse
2023 4871 2353 4940 adjnmento,
2378 4885 2497 4937 quae
2520 4872 2707 4924 eadem
2731 4881 2816 4924 est
2847 4880 3009 4940 atque
3039 4871 3445 4938 contemplatio.

1880 4941 2055 5009 Atque
2089 4943 2191 4994 hoc
2238 4951 2339 5000 est,
2372 4942 2515 5007 quod
2557 4941 2634 4993 ait
2672 4941 3034 5010 Theophanes
3062 4943 3451 4995 tietn0ttstrati-

1880 5026 2005 5081 tium
2036 5010 2405 5081 syllogismum
2435 5012 2708 5081 cognitum
2734 5025 2853 5064 esse
2882 5012 3319 5079 contemplationi
3358 5014 3449 5062 de-

1880 5080 2028 5134 bere.
2072 5080 2279 5134 Paruut
2330 5093 2511 5134 autem
2577 5080 2742 5135 refert
2789 5081 2855 5134 ad
2908 5096 3017 5134 rem
3090 5082 3443 5149 propositam,

1881 5161 2061 5205 utrum
2100 5167 2162 5205 ea
2212 5152 2607 5205 demonstratio
2650 5152 2720 5204 sit
2749 5166 2867 5219 quae
2896 5164 2961 5203 ex
2998 5151 3176 5203 causis
3207 5150 3443 5212 esseudi,

1880 5232 1938 5273 ut
1971 5224 2158 5277 dicunt
2203 5222 2542 5284 scholastici,
2577 5224 2843 5287 procedit,
2896 5233 2951 5275 et
2998 5221 3198 5273 dicitur
3226 5232 3446 5287 propter

1878 5293 2029 5357 quid,
2077 5308 2142 5345 an
2190 5306 2309 5361 quae
2357 5291 2599 5358 procedit
2633 5306 2699 5343 ex
2746 5293 2927 5346 causis
2970 5291 3356 5359 cognoscendi,
3392 5298 3447 5341 et

1878 5363 2077 5416 dicitur
2109 5364 2496 5416 demonstratio
2530 5363 2679 5430 quia.
2733 5362 2973 5429 Utraque
3004 5363 3146 5413 enim
3203 5361 3444 5423 proderit

1878 5433 2288 5500 contemplanti.
2318 5433 2391 5485 De
2413 5448 2514 5499 qua
2545 5434 2741 5500 duplici
2785 5433 3247 5485 demonstratione
3285 5430 3444 5494 igitur

1878 5503 1933 5555 in
1972 5504 2061 5555 lib.
2095 5503 2311 5570 Analyt.
2345 5504 2411 5553 ab
2440 5501 2665 5556 Aristot.
2704 5515 2755 5554 et
2794 5502 2851 5555 S.
2878 5501 3071 5553 Thom.
3098 5500 3218 5570 aliis
3249 5512 3440 5570 eorum

1878 5568 2283 5641 interpretibus,
2322 5582 2375 5626 et
2410 5575 2477 5625 ab
2526 5575 2637 5640 ipso
2670 5570 2899 5641 Jusepho
2929 5572 3157 5637 August.
3198 5568 3313 5619 llilT.
3346 5582 3439 5620 \‘tt.

1950 5646 2060 5710 (54)
2104 5646 2254 5695 Anna
2282 5646 2417 5697 enim
2446 5646 2637 5712 gratia.
2670 5644 2823 5695 Patet
2861 5657 2925 5694 ex
2961 5641 3139 5693 radice
3191 5647 3282 5723 ῙΣΠ
3316 5652 3444 5706 gra-

1879 5718 1945 5769 tis
1978 5718 2125 5766 dare.

1948 5786 2060 5852 (55)
2102 5784 2332 5850 Caiplius
2361 5788 2661 5854 indagator.
2685 5783 2759 5837 De
2791 5783 2891 5837 hoc
2924 5791 3102 5851 clytno
3142 5778 3259 5832 vide
3296 5778 3444 5832 ιιυω.

1880 5871 2045 5924 um,
2077 5867 2187 5910 tto'.
2223 5856 2307 5909 51.
