4184 6436
735 342 839 402 657

1942 351 2437 416 THEOPHANIS
2476 354 2813 418 CERAlIEI

3907 368 4017 431 668

731 464 854 506 item
899 453 1102 507 habere
1146 463 1425 506 externam
1474 453 1893 527 philosophiam,
1942 463 2039 515 sed
2089 465 2298 518 anticun

2433 465 2535 535 μὲν
2588 464 2732 521 εἶναι
2761 471 2829 539 τῇ
2872 468 3165 542 φιλοσοφίᾳ
3199 475 3264 543 τῇ
3321 472 3585 544 θύραθεν,
3638 476 3795 545 φῖλον
3838 481 3898 532 δὲ
3937 484 4016 552 τῷ

724 559 850 600 esse
884 545 1052 599 verbo
1101 545 1373 597 veritatis.
1406 545 1524 598 Alia
1570 548 1737 602 etiam
1799 550 2009 604 ratione
2064 567 2163 622 per
2218 555 2317 610 hos

725 638 1025 704 discipulos
1070 636 1384 690 iudicantur
1436 641 1667 693 actionis
1728 643 2318 716 contemplationisque

726 730 1111 798 proprietates.
1139 728 1354 783 Etenim
1388 728 1583 785 Petrus
1602 732 1821 801 quidem
1849 737 2101 803 negavit,
2133 736 2314 793 Joan-

730 833 829 871 nes
885 833 1017 871 vero
1077 820 1277 872 mansit
1349 818 1630 875 immotus.
1679 820 1852 876 Homo
1914 826 2058 880 enim
2122 829 2314 883 activae

727 910 942 961 deditus
975 912 1101 963 vita:
1143 920 1244 976 est,
1292 927 1415 965 cum
1459 927 1489 967 a
1530 924 1680 968 recto
1712 915 1949 983 labatur,
1980 918 2061 973 vel
2095 929 2314 988 propter

722 1002 970 1065 rorporis
997 1002 1393 1071 inﬁrmitatem,
1422 1004 1503 1059 vel
1527 1004 1666 1061 forte
1696 1008 1858 1061 etiam
1891 1019 2313 1081 proptersuper-

722 1094 864 1144 hiatu
892 1096 1115 1148 mentis:
1139 1104 1192 1148 et
1214 1096 1434 1164 quidem
1463 1107 1544 1151 ter
1569 1099 1856 1153 Dominum
1879 1114 2059 1170 negat,
2086 1104 2307 1161 veleum

720 1200 975 1239 sermone
1007 1201 1389 1256 contemnens,
1420 1190 1506 1244 vel
1554 1193 1633 1247 ira
1667 1194 1861 1258 victus,
1894 1196 1975 1249 vel
2026 1196 2309 1254 inhonesta

720 1279 903 1348 aliqua
936 1282 1233 1347 cupiditate
1265 1278 1549 1340 Subactus.
1581 1285 1661 1339 Ad
1694 1301 1814 1354 quae
1845 1289 2023 1354 gallus
2054 1304 2305 1357 cantans,

716 1374 942 1441 pervigil
973 1374 1184 1429 scilicet
1244 1378 1593 1433 conscientia:
1624 1382 1890 1445 custodia,
1928 1399 2049 1437 eum
2084 1388 2305 1452 excitat,

714 1475 773 1517 ut
797 1468 996 1521 sentiat
1030 1483 1151 1537 qua:
1178 1485 1461 1539 perperam
1504 1470 1648 1525 facta
1685 1485 1833 1527 sunt.
1874 1473 1978 1539 Qui
2017 1491 2158 1531 vero
2185 1488 2307 1546 post

713 1561 982 1615 actionem
1004 1565 1485 1633 contemplationis
1507 1566 1627 1620 luce
1665 1568 1974 1622 illustratur
2006 1570 2059 1624 in
2094 1573 2301 1637 anima,

711 1662 765 1705 et
796 1654 993 1710 divinae
1021 1656 1285 1710 doctrina:
1328 1658 1491 1721 ﬁlius,
1526 1659 1687 1713 sicuti
1733 1660 1874 1713 ﬁlius
1923 1662 2150 1716 tonitrui
2185 1664 2305 1718 elli-

708 1746 942 1810 citur“,
975 1763 1249 1816 nunquam
1284 1759 1561 1805 avertetur
1582 1766 1611 1804 a
1643 1760 1792 1807 recto
1827 1752 1962 1825 (56).
1991 1754 2097 1810 Sed
2127 1756 2300 1811 Evan-

706 1837 831 1905 gelii
867 1840 1029 1894 verba
1069 1841 1269 1896 iterum
1300 1856 1671 1899 resuntamus.

786 2042 805 2076 ι
856 2025 1064 2079 Etcum
1098 2040 1156 2081 se
1186 2026 1526 2095 inclinasset,
1560 2029 1695 2084 vidit
1733 2030 2053 2088 linteamina
2102 2035 2299 2105 posita,

702 2130 808 2171 non
858 2125 1037 2171 tamen
1095 2120 1341 2174 introivit
1370 2120 1436 2201 ⁸⁸.
1471 2140 1488 2172 ι
1527 2120 1689 2194 242
1745 2122 2112 2181 Praecucurrit
2161 2143 2296 2184 sane

699 2230 943 2296 δηαιιιῖξιῦ.
989 2215 1228 2276 velocior
1278 2216 1541 2288 pedibus;
1577 2234 1681 2275 non
1745 2228 1926 2277 tamen
1984 2236 2104 2295 qua;
2158 2223 2301 2278 intra

702 2336 1012 2406 sepulcrum
1045 2333 1341 2404 spectanda
1376 2347 1534 2389 erant
1567 2334 1973 2404 contemplatus
2004 2329 2118 2400 est.
2153 2321 2301 2379 Pone

699 2448 832 2486 vero
875 2447 1224 2499 consequens
1274 2430 1491 2494 Petrus,
1530 2428 1905 2496 auhelansque
1940 2423 2221 2495 pervenit;
2247 2428 2301 2482 et

699 2527 753 2579 in
812 2526 1047 2596 sepulcri
1113 2526 1276 2595 adyta
1334 2525 1724 2594 introgressus,
1759 2537 1879 2593 quae
1934 2521 2068 2579 inibi
2137 2530 2301 2579 erant

697 2621 984 2689 mysteria,
1030 2620 1214 2683 videt;
1272 2630 1395 2688 post
1452 2620 1601 2675 hunc
1658 2634 1788 2675 vero
1829 2620 1995 2675 etiam
2050 2618 2297 2677 Joannes

696 2714 1026 2783 ingreditur.
1068 2712 1141 2766 Ita
1172 2720 1227 2767 et
1256 2713 1309 2767 in
1344 2713 1651 2769 Tiberiadis
1679 2723 1872 2785 stagno
1897 2716 2048 2786 prior
2076 2715 2298 2785 quidem

695 2806 923 2873 agnovit
957 2806 1271 2871 Dominum,
1298 2815 1350 2860 et
1394 2805 1558 2861 Petro
1599 2806 1899 2861 indicavit:
1935 2808 2030 2862 sed
2078 2805 2297 2873 Petrus,

703 2918 824 2957 cum
859 2912 1162 2967 enatasset,
1198 2901 1346 2971 prior
1372 2900 1662 2956 Dominum
1691 2901 1943 2957 convenit
1970 2901 2037 2955 “.

775 3015 793 3048 ι
844 2994 1004 3050 Venit
1028 3011 1157 3063 ergo
1193 2994 1382 3049 Simon
1416 2993 1618 3050 Petrus
1664 3010 1902 3064 sequens
1936 3010 2087 3058 eum,
2125 3001 2179 3049 et
2203 2994 2291 3048 itt-

698 3083 884 3138 trcivit
915 3083 968 3136 in
1000 3096 1441 3151 monumentum,
1476 3093 1532 3139 et
1559 3084 1697 3139 vidit
1725 3084 2044 3139 linteamina
2096 3086 2291 3154 posita,

697 3184 752 3229 et
800 3174 1108 3243 sudarium,
1161 3178 1305 3244 quod
1360 3177 1538 3231 fuerat
1589 3192 1751 3248 super
1789 3186 1954 3244 caput
1995 3177 2133 3246 ejus,
2188 3193 2293 3231 non

697 3284 819 3322 cum
853 3269 1265 3325 linteaminibus
1310 3270 1575 3338 positum,
1613 3271 1707 3323 sed
1745 3269 2037 3335 separatim
2088 3269 2298 3322 involu-

620 3400 623 3401 ν
698 3370 812 3414 tum
874 3363 925 3415 in
984 3378 1155 3415 unum
1201 3362 1434 3417 locum.)
1480 3361 1885 3416 Linteatninum
1925 3362 2295 3429 spectaculum

696 3455 923 3508 evidens
964 3464 1079 3507 erat
1110 3455 1529 3510 resurrectionis
1562 3454 1821 3509 indicium
1858 3453 1996 3524 (37).
2030 3454 2294 3520 Quoniam

699 3549 843 3599 enim
898 3547 1116 3616 myrrha
1160 3556 1215 3601 ct
1262 3546 1383 3603 aloe
1434 3547 1807 3617 conglutinata
1860 3544 2081 3599 fuerant
2132 3546 2295 3601 lintea

699 3657 824 3697 cum
852 3639 1065 3696 Domini
1091 3657 1322 3710 corpore
1349 3643 1481 3714 (vim
1517 3642 1732 3697 scilicet
1757 3641 1847 3695 illa
1879 3640 2077 3695 habent
2109 3641 2295 3694 adlue-

698 3733 973 3795 resccndi,
1012 3747 1077 3786 ac
1132 3732 1349 3787 diﬂicile
1403 3730 1834 3799 distrahuntur),
1872 3731 2074 3786 divinae
2128 3731 2299 3785 solius

699 3837 817 3879 erat
861 3825 1082 3879 virtutis
1117 3840 1178 3880 ea
1226 3825 1383 3880 facile
1411 3839 1699 3879 secernere
1732 3839 1762 3878 a
1793 3838 2044 3894 corpore.
2076 3822 2211 3877 Nam
2249 3824 2295 3879 si

700 3917 851 3973 fures
878 3904 1339 3987 insidiatoresque
1392 3918 1644 3973 nocturni
1671 3931 1868 3988 corpus
1893 3917 2054 3972 furati
2088 3928 2293 3981 essent,

700 4026 807 4064 non
831 4018 1038 4063 tantum
1066 4010 1389 4065 habuissent
1416 4011 1532 4074 otii,
1560 4019 1621 4065 ut
1650 3994 1872 4078 possent
1905 4011 2057 4079 prius
2091 4011 2297 4066 nudare

701 4104 957 4166 cadaver,
1003 4117 1129 4157 cum
1173 4103 1482 4171 praesertim
1543 4103 1767 4172 myrrha
1820 4104 2098 4157 conditum
2150 4112 2296 4158 esset

701 4202 867 4260 atque
912 4201 1253 4257 concretum,
1292 4202 1347 4247 et
1387 4192 1633 4247 custodia
1690 4192 1821 4246 illud
1872 4204 2205 4261 asservaret,
2243 4203 2298 4249 et

705 4293 815 4336 tam
848 4284 1040 4351 ingens
1086 4298 1275 4338 saxum
1325 4294 1741 4339 monumentum
1776 4286 2110 4341 Obstrueret.
2142 4287 2295 4354 Quod

700 4372 745 4427 si
784 4375 1160 4443 sepulcrorum
1184 4374 1495 4438 eﬂ‘ossores,
1519 4375 1604 4430 vel
1639 4386 1985 4446 grassatores
2023 4378 2127 4432 tale
2157 4379 2293 4432 raci-

2427 557 2626 628 ἁληθεῖ
2648 558 2793 629 λόγῳ
2819 559 2921 629 τῆς
2948 562 3208 626 πίστεως.
3245 565 3357 617 Καὶ
3389 565 3564 630 ἄλλως
3596 567 3653 621 δὲ
3685 569 3775 621 διά
3801 572 4015 625 τούτων

2424 650 2533 702 τῶν
2582 651 2843 722 μαθητῶν
2877 654 2972 706 καὶ⁵
3019 655 3122 724 τῆς
3171 656 3425 726 πράξεως
3478 660 3572 712 καὶ
3622 660 3725 728 τῆς
3772 662 4015 732 θεωρίας

2425 742 2692 813 ἰδιότητες
2717 745 3051 800 δείκνυνται.
3094 748 3153 801 '0
3189 749 3289 817 μὲν
3320 750 3430 819 γὰρ
3464 752 3669 820 Πέτρος
3703 755 4011 824 ἠρνήσατο,

2422 830 2680 903 Ἰωάννης
2720 834 2797 903 δὲῖ
2827 837 3126 905 ἀκλόνητος
3179 840 3421 909 ἔμεινεν.
3465 842 3526 894 Ὀ
3575 844 3673 910 μὲν
3707 846 3815 914 γὰρ
3867 863 4014 913 πρα-

2420 923 2612 989 κτικὸς
2629 925 2768 994 ἀνήρ
2793 926 2963 991 ἐστιν,
2980 927 3069 980 ὅτε
3098 927 3475 982 ἀπολισθαίνει
3498 928 3595 982 τοῦ
3615 931 3851 995 είκότος,
3879 931 3913 1000 ἦ
3940 933 4009 985 δι’

2419 1014 2710 1068 ἀσθένειαν
2758 1016 3035 1087 σώματος,
3069 1018 3102 1088 ἢ
3133 1019 3224 1072 διὰ
3256 1020 3539 1089 λογισμῶν
3574 1022 3704 1084 ἴσως
3735 1022 4009 1091 χαυνότη-

2417 1123 2487 1159 τα
2518 1124 2531 1138 ·
2566 1110 2660 1161 καὶ
2684 1109 2809 1179 τρὶς
2839 1110 3090 1179 ἀρνεῖται
3119 1111 3214 1165 τὸν
3239 1113 3469 1181 Κύριον,
3498 1112 3530 1182 ἢ
3566 1114 3708 1168 κατά
3733 1114 3825 1167 τὸν
3849 1114 4010 1181 λόγον

2417 1197 2585 1252 αὑτὸν
2621 1199 2919 1269 ἀθετήσας,
2968 1203 3001 1273 ἢ
3064 1202 3221 1275 θυμῷ
3280 1202 3455 1269 εἴξας,
3500 1206 3532 1273 ἢ
3585 1205 3852 1276 ἐπιθυμίᾳ
3902 1208 4009 1257 τινὶ

2416 1292 2662 1361 ἀπρεπεῖ
2689 1293 3156 1365 δουλαγωγηθείς.
3190 1294 3324 1365 ’Ἐφ’
3364 1292 3447 1360 οἷς
3479 1298 3506 1349 ὁ
3537 1298 3786 1368 ἀλέκτωρ
3822 1301 4009 1367 quivi,-

2416 1398 2537 1445 σας,
2568 1382 2626 1446 ὃς
2653 1384 2768 1437 ἐστι
2801 1384 2896 1437 τοῦ
2934 1384 3241 1447 συνειδότος
3272 1387 3301 1438 ό
3349 1387 3629 1455 ἄγρυπνος
3676 1385 3877 1453 φύλαξ,
3926 1388 4008 1448 εἰς

2414 1474 2671 1546 αἴσθησιν
2700 1475 2866 1528 αὑτὸν
2899 1476 3181 1546 διεγείρει,
3217 1470 3293 1530 ὧν
3332 1477 3785 1547 ἐπλημμέλησεν.
3841 1480 3901 1529 Ὀ
3951 1479 4009 1531 δὲ

2416 1568 2556 1636 μετὰ
2596 1569 2701 1635 τὴν
2736 1568 2937 1634 πρᾶξιν
2982 1569 3063 1638 τῷ
3108 1570 3252 1637 φωτὶ
3296 1568 3396 1635 τῆς
3432 1570 3671 1638 θεωρίας
3724 1586 4010 1630 καταυγα-

2414 1658 2563 1723 σθεὶς
2620 1660 2721 1729 τὴν
2776 1658 2979 1729 ψυχὴν,
3040 1660 3137 1713 καὶ
3201 1662 3318 1723 υίὸς
3364 1659 3674 1727 θεολογίας,
3724 1662 3801 1726 ὡς
3846 1665 3873 1715 ὁ
3908 1661 4007 1730 τῆς

2414 1752 2647 1821 βροντῆς
2687 1752 2801 1815 υἱὸς
2847 1751 3113 1820 γεγονὼς,
3175 1753 3443 1806 οὐδέποτε
3468 1753 3565 1807 τοῦ
3600 1754 3788 1817 εὐθέος
3821 1773 4006 1823 παρα-

2338 1834 2379 1890 Β
2411 1843 2785 1911 τραπήσεται.
2849 1841 3016 1896 Ἀλλὰ
3066 1842 3166 1913 τὴν
3221 1829 3605 1915 ἐὺαγγελικὴν
3650 1843 3800 1911 λέξιν
3846 1843 4006 1908 αὖθις

2410 1935 2435 1986 ἐ
2448 1933 2874 2005 παναλάὸωμεν.

2485 2046 2503 2079 ι
2546 2030 2658 2083 Καὶ
2687 2030 3027 2103 παρακύψας
3070 2032 3364 2103 βλέπειτὰ
3407 2035 3593 2091 ὀθόνια
3641 2037 3894 2107 κείμενα,
3943 2041 4003 2092 οὐ

2409 2122 2597 2194 μέντοι
2629 2123 2901 2193 εἰσῆλθεν.
2976 2144 2994 2178 ι
3079 2128 3405 2201 Προέδραμε
3483 2131 3584 2200 μὲν
3653 2134 3680 2183 ό
3741 2131 4004 2195 Ἰωάννης

2404 2218 2830 2290 κραιπνοτέροις
2882 2220 3035 2287 ποσὶ,
3072 2223 3134 2276 οὐ
3171 2224 3360 2293 μέντοι
3385 2224 3495 2278 τῶν
3524 2225 3673 2277 ἔνδον
3708 2226 4007 2294 θεαμάτων

2403 2310 2618 2382 γίνεται
2636 2311 2865 2386 θεωρός.
2884 2314 3343 2385 Ὀπισθουραγῶν
3362 2317 3418 2370 δὲ
3443 2317 3650 2387 Πέτρος
3678 2318 4005 2387 ἀσθμαίνων

2405 2412 2673 2473 κατέλαϐε
2726 2429 2741 2442 ο
2774 2406 2871 2466 καὶ
2921 2405 3056 2463 είσω
3127 2408 3424 2482 γενόμενος
3481 2410 3590 2463 τῶν
3646 2411 3854 2465 ἀδύτων
3908 2410 4002 2464 τοῦ

2406 2509 2717 2584 μνήματος,
2748 2509 2853 2582 όρᾷ
2882 2508 2949 2564 τὰ
2983 2502 3204 2566 κάκεῖθι
3259 2506 3564 2581 μυστήρια.
3606 2505 3766 2563 Μετὰ
3809 2502 4003 2561 τοῦτον

2399 2605 2456 2659 δὲ
2487 2604 2581 2658 καὶ
2612 2604 2871 2674 Ἰωάννης
2897 2604 3235 2675 εἰσέρχεται.
3267 2603 3426 2659 Οὕτω
3452 2605 3556 2655 κάν
3582 2605 3650 2673 τῇ
3677 2602 4001 2671 Τιόεριάδος

2403 2698 2568 2769 λίμνη
2627 2698 2847 2769 πρῶτος
2916 2697 3019 2766 μέν
3059 2698 3276 2766 ἐπέγνω
3326 2698 3420 2750 τὸν
3484 2697 3712 2765 Κύριον,
3773 2698 3867 2746 καὶ⁸
3922 2696 4002 2763 τῷ

2400 2794 2597 2861 Πέτρῳ
2658 2794 2981 2863 μεμήνυκεν
3038 2808 3051 2823 ·
3110 2792 3249 2845 ἀλλὰ
3300 2792 3513 2862 Πέτρος
3570 2791 4000 2861 διανηξάμενος,

2403 2885 2625 2955 πρῶτος
2657 2882 2738 2955 τῷ
2769 2886 3021 2957 Δεσπότῃ
3043 2884 3317 2953 ἐνέτυχεν.

2481 2996 2499 3029 ι
2543 2978 2809 3047 Ἔρχεται
2840 2976 2935 3030 οὖν
2986 2976 3172 3047 Σίμων
3220 2978 3431 3046 Πέτρος
3458 2975 3771 3028 ἀκολουθῶν
3820 2974 3998 3044 αὐτῷ,

2402 3068 2500 3122 καὶ
2525 3068 2781 3137 εἰσῆλθεν
2806 3069 2886 3131 είς
2910 3068 2971 3120 τὸ
3007 3085 3110 3137 μνη
3124 3069 3298 3136 μεῖον,
3344 3069 3442 3119 καὶ
3480 3066 3681 3136 θεωρεῖ
3711 3066 3780 3119 τὰ
3812 3066 4000 3119 ὀθόνια

2402 3161 2654 3230 κείμενα,
2685 3161 2787 3214 καὶ
2813 3160 2876 3213 τὸ
2906 3161 3228 3231 σουδάριον,
3267 3159 3295 3213 ὂ
3329 3156 3398 3230 ἦν
3446 3161 3541 3212 ἐπὶ
3587 3164 3686 3229 τῆς
3746 3160 4002 3228 κεφαλῆς

2400 3254 2591 3321 αὑτοῦ,
2624 3256 2684 3308 οὑ
2714 3254 2855 3325 μετὰ
2884 3257 2995 3308 τῶν
3040 3255 3268 3307 ὀθονίων
3321 3254 3596 3323 κείμενον,
3632 3253 3771 3307 ἀλλά
3824 3256 4002 3323 χωρὶς

2401 3348 2858 3418 ἐντετυλιγμένον
2918 3349 2999 3411 είς
3049 3348 3148 3401 ἓνα
3180 3348 3368 3400 τόπον.
3408 3366 3427 3397 ι
3486 3348 3550 3399 'H
3607 3349 3717 3399 τῶν
3774 3347 4001 3399 ὀθονίων

2400 3439 2497 3493 θέα
2534 3440 2778 3511 ἐναργὴς
2825 3434 2894 3510 ἦν
2926 3438 3027 3508 τῆς
3077 3438 3437 3500 ἀναστάσεως
3479 3436 3740 3501 ἔνδειξις..
3780 3436 4002 3505 Ἐπειδὴ

2399 3534 2510 3603 γὰρ
2567 3532 2781 3604 σμύρνῃ
2844 3532 2940 3585 καὶ
2998 3531 3132 3600 axon
3198 3529 3653 3598 ἐγκεκολλημένα
3724 3525 3870 3597 ἦσαν
3922 3528 4003 3597 τῷ

2400 3625 2724 3694 Δεσποτικῷ
2758 3623 2977 3693 σώματι
3004 3624 3074 3677 τὰ
3105 3623 3290 3676 ὀθόνια
3332 3621 3659 3693 [κολλητικὰ
3713 3622 3770 3674 δὲ
3819 3622 4001 3673 ταῦτα

2401 3720 2496 3773 ml.
2552 3716 2986 3788 δυσαπόστατα],
3028 3716 3183 3779 θείας
3242 3716 3531 3785 δυνάμεως
3591 3714 3761 3784 μόνης
3818 3709 3887 3783 ἦν
3943 3713 4006 3764 τὸ

2400 3812 2649 3866 τοιοῦτον
2687 3812 2887 3883 ῥᾳδίως
2921 3809 3064 3864 αὐτὰ
3091 3809 3186 3863 τοῦ
3220 3809 3483 3880 σώματος
3517 3809 3745 3874 ἐξελεῖν.
3793 3810 3855 3861 Εἰ
3889 3810 4005 3879 γάρ

2402 3906 2586 3978 φῶρες
2606 3905 2700 3959 καὶ
2717 3904 3037 3975 νυκτολόχοι
3060 3903 3123 3957 τὸ
3145 3904 3308 3974 σῶμα
3328 3904 3620 3975 ἐσύλησαν,
3642 3906 3701 3955 οὖ
3724 3903 4005 3972 τοσαύτην

2401 3994 2550 4068 εἶχον
2579 3997 2802 4068 σχολὴν,
2836 3996 2911 4059 ὡς
2935 3995 3294 4066 ἀπογυμνοῦν
3328 3997 3599 4068 πρότερον
3641 3996 3736 4048 τδν
3779 3997 4004 4065 νεκρὶν,

2401 4091 2709 4146 καὶταῦτα
2756 4090 3207 4161 ἐσμυρνισμένου
3260 4088 3355 4143 τοῦ
3408 4089 3686 4158 σώματος,
3745 4091 3842 4141 καὶ
3900 4091 4007 4155 τῆς

2399 4183 2742 4247 κουστωδίας
2800 4182 3178 4255 φρουρούσης,
3233 4183 3330 4236 καὶ
3382 4181 3477 4235 τοῦ
3532 4183 3682 4246 λίθου
3738 4180 4003 4235 τοσούτου

2399 4277 2757 4347 ἐπικειμένου
2787 4276 2868 4347 τῷ
2902 4256 3169 4347 μνήματι,
3204 4276 3270 4329 Et
3302 4275 3359 4328 δὲ
3384 4274 3774 4345 τυμϐωρύχοι,
3822 4277 3858 4344 ἦ
3887 4276 3999 4328 λω-

2401 4369 2632 4423 ποδύται
2649 4370 2710 4422 τὸ
2726 4368 2971 4422 τοιοῦτον
2988 4368 3324 4439 είργάσαντο
3348 4368 3627 4439 τόλμημα,
3666 4367 4005 4435 μεταθέντες

700 4482 807 4521 nus
861 4470 981 4521 ausi
1037 4478 1246 4531 essent,
1313 4471 1523 4523 omisso
1580 4483 1813 4539 corpore
1872 4470 2185 4539 rapuissent
2231 4485 2291 4525 ea

2404 4464 2468 4518 ἂν
2497 4464 2557 4517 τὸ
2591 4464 2773 4532 σῶμα,
2815 4464 3079 4534 ἥρπασαν
3132 4463 3372 4533 μάλιστα
3413 4462 3481 4515 τὰ
3518 4462 3774 4529 ἐντάφια.
3814 4463 3891 4513 Τὸ
3943 4462 4003 4515 δὲ

701 4558 939 4611 maxime
970 4572 1092 4627 quae
1124 4560 1175 4611 in
1218 4558 1471 4627 sepulcro
1497 4568 1679 4613 erant.
1711 4558 1784 4613 Ea
1822 4574 1951 4613 vero
1983 4560 2291 4630 relinquere

702 4655 809 4700 tam
842 4647 1100 4703 decenter
1136 4649 1466 4719 composita,
1495 4658 1551 4704 et
1581 4662 1610 4701 a
1640 4647 1856 4703 caeteris
1904 4647 2088 4702 linteis
2128 4648 2292 4702 suda‘

701 4742 842 4792 rittm
891 4741 1220 4810 seiungere,
1275 4740 1441 4811 idque
1492 4739 1801 4796 involutum
1861 4748 2013 4795 certo
2061 4739 2114 4793 in
2170 4740 2292 4797 loco

698 4846 986 4905 seponere,
1022 4834 1147 4903 quis
1192 4833 1495 4889 arbitretur
1541 4848 1729 4888 eorum
1783 4831 1952 4888 fuisse
1991 4832 2291 4902 negotium,

2399 4555 2544 4609 οὕτω
2576 4557 2719 4609 κατὰ
2752 4555 2960 4627 κόσμον
3004 4557 3173 4611 ἐᾶσαι
3205 4555 3345 4609 αὐτὰ
3366 4596 3382 4621 ,
3422 4555 3621 4608 διελεῖν
3649 4572 3709 4607 τε
3738 4555 3849 4607 ἀπὸ
3889 4554 4007 4607 τῶν

2403 4650 2616 4703 λοιπῶν
2662 4649 2724 4703 τὸ
2779 4649 3087 4722 σουδάριον,
3144 4650 3241 4703 ποια)⁸
3297 4647 3750 4718 ἐντετυλιγμένον
3804 4650 3861 4701 ἐν
3914 4648 4003 4700 ἐνὶ

2405 4740 2583 4796 θεῖναι
2617 4741 2804 4813 τόπῳ,
2850 4741 2936 4805 τίς
2984 4741 3052 4795 ἂν
3101 4741 3447 4813 νεκροσύ).ων
3492 4741 3654 4811 ἔργον
3686 4742 3998 4811 ὴγήσαιτος

2408 4836 2476 4889 Ἀ
2510 4834 2575 4902 δὴ
2609 4836 2789 4889 πάντα
2810 4836 2861 4887 oi.
2889 4834 3135 4907 μαθηταὶ
3170 4834 3525 4905 λογισάμενοι
3562 4833 3922 4888 ἐπίστευσαν.

626 4978 633 4987 .
698 4934 792 5000 qui
829 4942 1043 4985 mortua
1076 4947 1305 5001 corpora
1344 4947 1539 5004 rapere
1564 4930 2131 4997 consuessentiQuai
2161 4945 2301 4987 sane
2334 4934 2517 4988 omnia
2553 4942 2875 5003 reputantes
2911 4932 3165 5003 discipuli
3205 4932 3575 4989 crediderunt.

770 5073 819 5107 ⁸⁸
856 5072 1026 5130 Marc.
1064 5090 1148 5141 ιιι,
1186 5074 1271 5128 l7.

1351 5074 1394 5107 ⁶¹
1426 5073 1588 5129 Joan.
1623 5090 1715 5143 xx,
1741 5073 1796 5129 5.
1873 5072 1920 5106 ⁸³
1946 5072 2106 5129 Joan.
2135 5090 2247 5140 xxt,
2279 5075 2331 5139 7,
2356 5074 2409 5130 8.

1944 5190 2272 5254 Francisci
2318 5192 2528 5255 Soorsi
2561 5200 2747 5255 notae.

776 5297 887 5367 (56)
934 5297 1226 5366 Nunquam
1271 5306 1541 5353 avertetur
1591 5313 1624 5351 α
1682 5305 1844 5349 recto.
1898 5292 2287 5367 Pergauxesim

700 5364 1003 5422 oratoriam
1030 5364 1236 5423 dictum
1274 5369 1537 5438 intellige,
1581 5367 1867 5438 nimirum,
1901 5375 1961 5419 ut
1989 5364 2285 5438 plurimum

701 5441 973 5500 nsiiveuit,
1024 5450 1079 5493 ut
1112 5441 1203 5510 qui
1240 5436 1691 5507 contemplationi
1741 5437 2010 5493 intentum
2045 5436 2289 5491 animum

700 5513 863 5582 gerit.
896 5510 1166 5567 dimi-ilius
1205 5512 1375 5565 multo
1408 5512 1624 5564 labatur
1660 5511 1712 5582 in
1764 5518 2076 5582 peccatum,
2126 5522 2290 5576 quam

700 5578 790 5651 ξιιιὶ
828 5583 1124 5637 distraetus
1151 5583 1327 5640 solum
1386 5582 1439 5637 in
1499 5581 1760 5650 agendo:
1809 5578 1927 5647 ejus
1952 5580 2096 5633 enim
2164 5586 2295 5633 sunt

702 5654 1062 5722 procliviores
1089 5655 1290 5722 lapsus.

774 5725 889 5793 ('57)
937 5720 1175 5787 Eridens
1218 5738 1330 5779 erat
1366 5724 1769 5779 resurrectionis
1819 5722 2101 5776 indicium.
2146 5720 2285 5776 Tota

703 5795 820 5849 lm-c
849 5795 1197 5866 ratiocinatio
1225 5798 1511 5863 desumpta
1541 5804 1625 5850 est
1651 5809 1681 5847 e
1725 5793 1989 5866 Gregorio
2022 5794 2289 5866 Nysseno,

702 5880 735 5923 ο
772 5876 849 5921 at.
897 5864 951 5930 2,
992 5864 1064 5919 De
1119 5866 1334 5925 Resurr.
1402 5868 1703 5939 eademque
1752 5864 2126 5937 Chrysostou'i
2183 5874 2288 5932 cst,

2400 5295 2561 5364 cujus
2593 5297 2708 5350 haec
2742 5296 2905 5349 verha
2934 5294 3002 5350 de
3032 5294 3273 5350 inventis
3310 5295 3722 5350 linteaminibus
3755 5299 3988 5352 seorsim

2399 5367 2595 5436 positis
2633 5385 2646 5421 :
2684 5364 2904 5434 Signum
2952 5367 3049 5421 hoc
3094 5368 3499 5420 resurrectionis
3528 5378 3677 5429 erat;
3710 5385 3818 5422 non
3850 5374 3991 5422 enim

2400 5438 2446 5492 si
2478 5438 2873 5491 transtulissent
2909 5453 3140 5507 corpus,
3192 5439 3516 5501 nudassent,
3566 5455 3658 5491 nec
3715 5440 3763 5492 si
3811 5452 3988 5493 essent

2400 5511 2588 5578 turali,
2619 5511 2682 5562 de
2714 5508 2811 5561 hoc
2842 5509 3064 5575 fuissent
3098 5509 3349 5569 solliciti,
3400 5521 3454 5561 ut
3497 5511 3777 5562 sudarium
3808 5511 3989 5563 invol-

2398 5590 2599 5642 verent,
2636 5590 2685 5633 et
2714 5581 2935 5633 seorsim
2966 5590 3216 5645 ponerent
3250 5595 3270 5634 :
3316 5580 3436 5633 ideo
3465 5579 3702 5634 Joannes
3727 5582 3991 5645 prwmisit

2398 5654 2661 5716 sepultum
2703 5667 2821 5703 cum
2853 5651 3095 5720 myrrha,
3136 5668 3254 5720 quae
3280 5652 3612 5719 conglutina!
3642 5653 3853 5715 corpori
3880 5654 3989 5706 lin-

2399 5723 2655 5786 teamina,
2689 5731 2747 5774 ut
2781 5739 2843 5775 ne
2872 5722 3183 5788 decipereris
3218 5739 3251 5775 a
3281 5722 3575 5775 dicentibus
3612 5721 3757 5785 furto
3795 5725 3987 5775 subla-

2398 5802 2506 5845 tum
2547 5794 2708 5862 :quis
2754 5793 2891 5847 enim
2938 5793 3027 5862 fur
3080 5794 3223 5849 circa
3253 5811 3359 5848 rem
3411 5793 3741 5864 superﬂuam
3775 5803 3985 5849 tantum

2396 5864 2665 5919 laboraret
2682 5866 2709 5921 .’
