4184 6436
691 326 793 389 οτι

1910 330 2260 392 ΤΗΕΟΡΙΙΛ
2275 333 2403 393 NIS
2442 337 2783 397 CERAMEI

3868 341 3978 404 679

696 443 806 493 Iloc
838 440 1002 491 etiam
1038 454 1064 491 a
1102 440 1284 510 Moyse
1317 440 1368 494 in
1414 441 1593 511 typico
1627 456 1769 511 agno
1818 440 2087 493 imtnolari
2128 442 2285 495 solito

2403 446 2621 499 ευπικοῦ
2649 448 2847 516 ἀμνου,
2881 448 2976 501 τοῦ
3021 449 3160 501 κατὰ
3192 451 3250 502 τὸ
3291 451 3483 519 [Idam
3516 451 3802 519 θυομένου,
3832 469 3974 521 συμ-

696 536 749 584 in
788 529 995 603 Pascha
1034 532 1150 593 lege
1178 531 1445 584 sancitum
1480 532 1966 586 animadvertimus
2016 532 2082 585 ⁸³.
2126 530 2287 585 Jubet

694 625 839 676 enim
892 625 1210 676 manducari
1272 640 1490 689 carnes,
1528 636 1578 679 ct
1629 641 1694 679 ex
1749 625 1970 680 ossibus
2025 626 2287 694 quidquid

700 714 880 765 mandi
938 722 1150 781 potest;
1213 729 1337 766 ossa
1373 730 1499 766 vero
1552 730 1655 767 non
1699 715 2016 777 comminui,
2052 730 2151 767 nec
2207 724 2289 767 at-

697 806 828 872 tingi
881 806 1141 858 interiora
1203 809 1335 860 vult.
1383 808 1501 872 Quo
1551 822 1684 862 sane
1716 810 1975 862 docemur
2002 811 2290 878 :enigmate

700 900 765 950 dc
796 899 1063 951 iucarnati
1104 898 1264 953 Verbi
1297 900 1551 965 consilio,
1601 918 1661 955 ac
1688 902 1773 964 {de
1800 901 2086 956 divinitate
2118 917 2290 970 quan-

701 1001 811 1044 tum
846 1008 873 1043 a
928 994 1081 1048 nobis
1137 994 1257 1061 capi
1302 993 1634 1049 liceat.esse
1694 995 2113 1063 indagandum:
2170 1012 2291 1065 qua:

698 1097 828 1134 vero
880 1098 1054 1151 neque
1108 1082 1382 1150 speculari
1440 1099 1616 1151 neque
1672 1084 2139 1152 comprehendere
2169 1099 2293 1151 pos-

698 1191 908 1230 sumus.
945 1190 1007 1226 ca
1046 1190 1073 1228 a
1114 1177 1269 1229 nobis
1305 1191 1409 1229 non
1442 1177 1779 1243 attingenda,
1808 1176 1899 1229 sed
1935 1175 2291 1245 relinquenda

698 1271 881 1335 potius
934 1269 1098 1319 vclnti
1156 1269 1393 1320 involuta
1432 1267 1483 1319 in
1514 1268 1785 1320 thesauris
1808 1268 1946 1335 ejus,
1980 1270 2070 1337 qui
2096 1279 2291 1323 cuncta

698 1371 977 1412 scrutatur
1031 1369 1085 1413 et
1138 1360 1419 1428 cognoscit
1476 1360 1748 1427 Spiritus,
1812 1361 1903 1426 qui
1957 1377 2077 1413 cum
2136 1362 2294 1416 Patre

699 1462 751 1504 et
813 1452 949 1504 Filio
1000 1451 1163 1503 simul
1212 1455 1472 1504 adoratur
1525 1461 1578 1505 et
1619 1451 1978 1521 gloriﬁcatur,
2047 1469 2191 1507 nunc
2240 1463 2295 1507 et

699 1560 937 1611 sca-per,
971 1554 1024 1597 et
1063 1546 1114 1596 in
1148 1546 1349 1597 satcnla
1387 1543 1731 1597 smeulorum.
1764 1548 1959 1600 Amen.

1106 1660 1269 1732 zu.
1304 1658 1593 1715 ttontLtA
1622 1659 1863 1715 xxxw.

1136 1775 1201 1829 In
1234 1786 1470 1829 octavum
1511 1778 1851 1829 Matutimtm.

779 1912 797 1942 ι
838 1893 1002 1945 Mat-ia
1066 1894 1245 1945 Stabat
1298 1893 1361 1943 ad
1398 1904 1805 1945 monumentum
1866 1892 1997 1947 foris
2036 1893 2289 1960 plorans;

704 1999 824 2038 eum
856 1999 983 2052 ergo
1020 1982 1169 2035 ﬂeret
1195 1984 1478 2037 inclinavit
1513 1999 1593 2047 sc,
1630 1994 1683 2037 ct
1720 1984 1997 2052 prospexit
2024 1984 2075 2036 in
2103 2000 2296 2037 monu—

707 2085 951 2127 mentum
984 2114 995 2135 ,
1036 2086 1085 2125 et
1123 2075 1255 2128 vidit
1288 2078 1421 2128 duos
1461 2077 1683 2144 angelos
1740 2078 1793 2131 in
1848 2078 1983 2131 albis
2009 2078 2073 2129 ⁸⁸.
2104 2096 2121 2127 ι
2162 2079 2293 2131 Cum

704 2168 868 2235 paulo
899 2178 1024 2219 ante
1060 2166 1449 2235 discipulorum
1476 2171 1796 2239 coryphmus
1837 2178 1893 2224 et
1949 2170 2177 2224 dilectus
2201 2173 2295 2224 di-

707 2259 951 2325 St‘llllllus
992 2262 1055 2311 ad
1088 2260 1395 2325 sepulcrum
1436 2261 1707 2315 vivilicum
1762 2262 2187 2326 concurrissent,
2239 2272 2294 2316 et

703 2351 1115 2406 linteaminibus
1152 2355 1304 2421 visis,
1342 2356 1617 2422 cepissent
1668 2358 2086 2411 resurrectionis
2128 2374 2291 2427 argn-

706 2456 985 2509 tnentum,
1032 2448 1347 2504 christilera
1381 2451 1693 2520 Magdalena
1744 2451 1856 2521 (59)
1903 2452 2185 2517 subsistit,
2241 2464 2294 2506 et

777 2592 823 2625 ⁸³
860 2593 1029 2649 Exod.
1060 2610 1158 2660 xu,
1192 2595 1257 2648 46
1288 2609 1443 2663 seqq.
1522 2595 1569 2627 ⁸⁸
1600 2593 1758 2652 Joan.
1792 2614 1885 2663 xx,
1924 2599 1982 2653 Η
2025 2614 2175 2667 seqq.

2393 544 2624 607 ϐολικῶς
2678 545 2896 614 ὁρῶμεν
2944 546 3410 617 νομοθετήσαντα.
3466 546 3694 598 Κελεύει
3729 546 3839 615 γὰρ
3872 548 3978 607 τὰς

2395 635 2495 704 μὲν
2536 636 2747 703 σάρκας
2797 636 3158 706 περιεσθίειν,
3194 636 3289 688 καὶ
3322 636 3431 688 τῶν
3454 636 3658 687 ὀστέων
3682 636 3808 687 ὅσον
3841 636 3982 686 €56:-

2391 730 2588 798 διμον,
2625 728 2699 801 μὴ
2740 730 2923 799 μέντοι
2975 729 3283 800 συντρίϐειν
3333 732 3403 783 τὰ
3447 730 3600 791 ὀστᾶ,
3646 730 3769 799 μηδ’
3804 730 3981 783 ἄπτε-

2394 820 2517 873 σθαι
2552 820 2658 873 τῶν
2692 821 2840 883 ὲντός
2881 837 2894 851 ·
2944 821 3291 883 διδάσκοντος
3335 823 3428 873 τοῦ
3468 822 3811 889 αἰνίγματος.
3846 822 3982 883 τοὺς

2395 915 2493 983 μὲν
2523 916 2619 983 τῆς
2648 912 2960 984 οἰκονομίας
2988 914 3203 981 λόγους,
3240 914 3336 967 καὶ
3368 915 3495 977 τοὺς
3536 932 3601 965 πε
3612 914 3665 983 pi.
3695 914 3975 980 θεότητος,

2392 1008 2517 1059 ὅσον
2548 1008 2681 1077 ἡμῖν
2729 1008 2952 1075 ἐφικτὸν
3003 1008 3254 1077 ὲρευνᾷν,
3300 1006 3411 1059 τῶν
3464 1006 3520 1057 δὲ
3572 1006 3973 1073 δυσθεωρήτων

2395 1102 2489 1154 καὶ
2516 1100 2917 1171 ἀκαταλήπτων
2962 1101 3036 1170 μὴ
3074 1098 3364 1162 ἅπτεσθαι,
3420 1100 3537 1152 ἀλλ’
3562 1094 3673 1151 οἷον
3703 1096 3980 1150 ἐντετυλι-

2393 1194 2571 1263 γμένα
2604 1194 2698 1263 ἐᾷν
2729 1195 2787 1244 ἐν
2825 1196 2937 1256 τοῖς
2970 1193 3265 1261 θησαυροῖς
3300 1191 3395 1243 τοῦ
3430 1190 3606 1242 ταῦτα
3643 1190 3980 1257 ὲρευνῶντος

2396 1287 2490 1339 καὶ
2529 1285 2887 1353 γινώσκοντος
2914 1284 3251 1353 Πνεύματος,
3279 1282 3374 1335 τοῦ
3405 1283 3501 1334 σὺν
3541 1281 3713 1347 Πατρὶ
3743 1282 3838 1331 καὶ
3864 1279 3983 1347 Υἱῷ

2399 1373 3029 1443 συμπροσκυνουμένου.
3064 1372 3159 1424 καὶ
3209 1370 3593 1441 δοξαζομένου,
3623 1370 3716 1422 νῦν
3748 1369 3843 1421 καῖ
3874 1370 3982 1430 ἀεὶ,

2399 1466 2491 1517 καὶ
2523 1467 2602 1526 εἰς
2633 1467 2759 1529 τοὺς
2786 1464 3014 1528 αἰῶνας.
3064 1464 3258 1535 Ἀμήν.

2986 1662 3228 1715 υΜΙΛΙΑ
3268 1662 3385 1715 AA'.

2800 1776 2902 1843 Εἰς
2930 1778 2997 1830 τὸ
3026 1778 3243 1846 ὄγδοον
3285 1777 3589 1831 ⁸Εωοινόν.

2472 1915 2487 1945 ι
2519 1896 2708 1965 Μαρία
2733 1894 2980 1963 εἱστήκει
3000 1896 3134 1963 πρὸς
3156 1893 3215 1944 τὸ
3244 1894 3529 1962 μνημεῖον,
3564 1890 3825 1943 κλαίουσα
3852 1892 3985 1955 ἔξω,

2407 1987 2495 2050 Ὠς
2545 1985 2639 2039 οὖν
2702 1987 2887 2039 ἔκλαιε
2940 1985 3261 2054 παρέκυψεν
3308 1989 3387 2045 εἰς
3446 1985 3504 2038 τὸ
3558 1989 3846 2055 μνη;ιεῑον,
3894 1988 3989 2037 καὶ

2402 2082 2602 2151 θεωρεῖ
2632 2079 2725 2131 δύο
2747 2079 3012 2146 ἀγγέλους
3046 2081 3103 2130 ὲν
3150 2078 3385 2141 λευκοῖς.
3425 2098 3441 2128 ι
3488 2080 3647 2147 ’Λρτι
3685 2077 3779 2129 τοῦ
3824 2097 3992 2147 κορυ-

2396 2176 2553 2242 φαίου
2583 2173 2690 2225 τῶν
2722 2172 3011 2241 φοιτητῶν,
3050 2171 3250 2223 καὶ.τοῦ
3268 2172 3629 2241 ἠγαπημένοι)
3663 2170 3770 2223 τῶν
3808 2172 3987 2240 μαθη-

2402 2268 2510 2319 τῶν
2553 2267 2685 2335 πρὸς
2727 2266 2826 2337 τὴν
2874 2264 3159 2334 ζωηφόρον
3194 2265 3629 2335 δεδραμηκότων
3676 2267 3851 2335 σορὸν,
3893 2267 3991 2317 καὶ

2400 2360 2501 2427 τὴν
2565 2359 2673 2411 τῶν
2724 2359 2948 2411 ὀθονίων
2997 2358 3124 2409 θέαν
3181 2360 3486 2427 τεκμήριον
3536 2360 3841 2427 εἰληφότων
3892 2359 3990 2417 τίς

2404 2451 2798 2514 ἀναστάσεως,
2858 2450 2890 2519 ἡ
2949 2450 3305 2520 χριστοσξόρος
3369 2451 3705 2520 Μαγδαληνὴ
3765 2452 3993 2521 ἔμεινεν

1949 2726 2277 2788 Franmsci
2311 2727 2520 2788 Seorsi
2551 2733 2737 2789 notae.

781 2873 894 2939 ('59)
948 2872 1272 2944 Christifera
1334 2871 1676 2944 Mags‘lalena.
1735 2873 2009 2943 Θεοφὸρον
2068 2875 2301 2942 appellat

708 2944 767 2999 ε.
797 2946 1024 2996 Mariam
1055 2942 1443 3011 Magdalenatn
1464 2959 1530 2996 eo
1561 2960 1724 2998 sensu
1760 2960 1868 3011 quo
1897 2954 2119 2999 sanctos
2147 2946 2296 2999 viros

710 3015 886 3068 Graeci
914 3014 1235 3078 scriptores,
1288 3024 1343 3067 et
1376 3013 1567 3069 Patres
1606 3014 1925 3083 θεοφόρους,
1974 3017 2078 3070 hoc
2108 3026 2188 3071 est
2228 3015 2295 3068 ad

710 3086 977 3143 veritum.
1029 3099 1137 3149 quo
1196 3084 1350 3138 multi
1412 3095 1661 3149 utuntur,
1721 3085 1991 3153 deiferos:
2032 3085 2121 3139 alii
2173 3100 2303 3139 vero

2402 2876 2488 2929 cui
2520 2875 2685 2929 etiam
2718 2882 2987 2928 consonat
3017 2870 3149 2925 illud
3197 2870 3365 2925 David
3398 2870 3543 2927 Psal.
3571 2886 3717 2925 um
3752 2889 3763 2925 :
3803 2870 3868 2924 Ut
3895 2891 3993 2940 ju-

2400 2956 2632 3000 mentum
2660 2945 2833 3013 {actus
2883 2960 2998 2997 sum
3028 2943 3171 3008 apud
3203 2951 3277 3005 te,-
3306 2952 3354 3013 et
3400 2959 3493 3010 ego
3539 2958 3746 3006 semper
3790 2953 3995 2997 tecmn.

2401 3015 2479 3070 Ita
2511 3016 2658 3070 enim
2695 3014 2870 3068 sancti
2915 3013 3019 3067 viri
3070 3013 3217 3074 Deo,
3262 3012 3485 3078 quicum
3538 3014 3996 3080 coniunctissime

2402 3088 2616 3149 vivunt,
2650 3094 2703 3138 et
2726 3084 2879 3151 cujus
2914 3084 2982 3136 ad
3025 3093 3214 3138 nutum
3245 3083 3429 3137 omnia
3470 3098 3568 3137 sua
3606 3085 3992 3147 moderantur,

713 3155 947 3230 divinos,
984 3153 1095 3230 Deo
1119 3154 1327 3221 plenos,
1369 3156 1837 3230 interpretantur;
1870 3165 1929 3210 ut
1970 3156 2129 3230 plane
2167 3170 2299 3230 _eos-
2323 3169 2367 3230 ρ
2403 3157 2589 3230 dicere.
2615 3163 3022 3230 verc_po_ssun_t_.

714 3229 838 3278 dem
893 3225 1193 3292 θεοφόρους
1250 3225 1507 3292 appellari
1558 3235 1854 3284 censeant,
1904 3242 2039 3294 quos
2095 3227 2296 3290 θείους,

712 3306 777 3367 οι
805 3294 1131 3367 Θεσπεσίους
1181 3295 1343 3367 iidem
1375 3294 1572 3367 Graeci.
1604 3295 1677 3348 Ita
1701 3296 1777 3367 _S.
1828 3296 2068 3365 lgnatius
2095 3295 2300 3367 Martyr

715 3366 781 3418 ad
813 3365 1172 3434 primigenios
1202 3364 1556 3418 Christianos
1587 3365 1831 3434 scribens
1872 3367 2053 3429 θείους
2095 3364 2296 3419 θεσπε-

716 3432 889 3498 σίους,
929 3434 1208 3505 Μακάριοι
1257 3434 1352 3487 οὖν
1392 3435 1515 3487 ὲστε
1553 3435 1745 3503 ὑμεῖς,
1773 3432 2109 3506 ὧθεοφόροι.
2149 3436 2300 3490 Beati

717 3508 1059 3577 iqitur_estis
1092 3522 1201 3577 vos,
1232 3521 1261 3559 ο
1297 3506 1517 3577 Deiferi.
1556 3506 1621 3577 _E_t
1655 3507 1713 3561 S.
1759 3506 2090 3577 Polycarpus
2122 3508 2301 3561 dictus

716 3587 799 3629 est
828 3591 857 3629 a
886 3574 1052 3629 Suida
1080 3578 1130 3647 76
1172 3576 1437 3647 resouépo;
1480 3574 1872 3647 Πολύκαρπος,
1918 3574 2096 3647 Deiier
2139 3578 2299 3647 Poly-

718 3661 939 3714 carptts,
973 3657 1026 3699 et
1074 3646 1129 3699 S.
1170 3645 1509 3711 Paphnutius
1551 3645 1811 3717 θεοφόρος
1842 3650 1893 3701 in
1926 3646 2122 3701 Menol.
2156 3645 2300 3701 Grie-

719 3733 923 3780 rorunt,
962 3718 1012 3768 in
1039 3732 1147 3785 quo
1179 3717 1380 3782 passim
1413 3717 1609 3769 multos
1642 3731 1708 3769 eo
1749 3718 1967 3771 nomine
2013 3718 2303 3785 insignitos

722 3788 890 3855 legas.
919 3786 1034 3854 Ipse
1056 3801 1196 3857 vero
1223 3785 1281 3840 8.
1318 3787 1559 3857 limatius
1586 3785 1792 3857 Martyr
1822 3789 1888 3841 ab
1918 3788 2107 3841 eodem
2136 3789 2300 3841 Snida

723 3859 985 3927 θεοψόρος
1032 3856 1249 3921 dictus;
1283 3874 1310 3910 a
1344 3856 1401 3909 S.
1431 3856 1664 3911 Maximo
1692 3856 1870 3921 θεῖος,
1921 3860 2010 3922 qui
2063 3867 2118 3911 et
2165 3858 2303 3912 alios

720 3926 913 3981 eodem
944 3928 1184 3989 nomine,
1224 3938 1282 3980 ut
1312 3929 1450 3994 ιιιουὶ
1490 3928 1747 3996 ponderis
1781 3928 1986 3982 aﬂ‘ecit.
2018 3926 2122 3981 Sed
2156 3928 2299 3997 quod

724 3999 960 4060 pertinet
990 3997 1055 4050 ad
1091 3997 1148 4051 S.
1187 3998 1472 4063 Ignatium.
1508 3998 1551 4049 ei
1603 4014 1708 4051 non
1753 4010 1811 4052 ιιι
1865 3999 2169 4064 epitheton.
2208 3999 2302 4053 sed

726 4076 784 4120 ut
823 4082 1090 4137 agnomen
1142 4068 1464 4137 attributum
1520 4069 1689 4121 fuisse
1747 4070 2008 4137 Θεοφόρον
2061 4068 2303 4123 ostendit

725 4136 916 4192 Petrus
950 4138 1129 4191 Alloix
1176 4136 1303 4190 Soc.
1340 4150 1538 4191 nostra:
1571 4139 1623 4191 in
1661 4140 1777 4207 ejus
1814 4136 1961 4202 vus,
1990 4153 2085 4192 seu
2118 4140 2304 4205 potius

724 4210 777 4260 in
824 4209 1023 4263 Adnot.
1073 4208 1139 4260 ad
1198 4208 1370 4261 Vitam
1421 4223 1449 4260 a
1508 4224 1568 4261 se
1623 4211 2009 4277 conscriptam.
2052 4207 2304 4263 Ostendit

725 4288 907 4331 autem
945 4293 1010 4331 ex
1070 4292 1136 4349 eo
1184 4281 1328 4346 quod
1380 4280 1493 4346 ipse
1532 4279 1585 4333 in
1624 4279 1902 4349 plerisque
1940 4280 2304 4349 inscribendis

722 4349 971 4417 epistolis
1020 4363 1079 4401 se
1103 4348 1378 4418 Θεοτρόρον
1427 4360 1604 4413 vocat,
1630 4348 1911 4418 nunquam
1948 4350 1996 4403 id
2029 4348 2301 4412 facturus,

722 4436 843 4485 quae
884 4418 1004 4487 ejus
1054 4420 1338 4482 modestia,
1377 4426 1432 4472 et
1480 4420 1739 4473 demissio
1786 4430 1906 4474 erat
1940 4419 2142 4477 animi.
2202 4420 2303 4473 nisi

722 4504 1025 4559 cognomen
1063 4503 1171 4557 quo
1199 4491 1565 4559 communiter
1599 4489 1666 4543 ab
1693 4490 1945 4543 omnibus
1992 4491 2302 4559 nominare-

725 4558 837 4620 tur,
866 4570 920 4613 et
968 4574 1072 4611 non
1104 4558 1407 4625 epithetum
1454 4561 1628 4614 laudis
1674 4561 2032 4614 honoriﬁcum
2072 4558 2298 4624 luisset;

726 4632 959 4683 inditum
996 4640 1179 4682 autem
1211 4630 1260 4680 id
1296 4630 1635 4698 cognominis
1670 4631 1812 4683 idem
1859 4640 2065 4693 censet,
2096 4645 2161 4683 ex
2195 4646 2303 4698 quo

722 4702 973 4753 Christus
997 4714 1119 4751 eum
1148 4699 1400 4754 manibus
1432 4702 1482 4755 in
1513 4701 1614 4754 hac
1640 4702 1745 4754 vita
1779 4702 1892 4755 suis
1915 4702 2299 4765 contrectarit;

728 4782 985 4837 tauquam
1030 4784 1097 4841 es
1133 4784 1209 4841 eo
1255 4772 1305 4841 iu
1357 4771 1549 4839 lgnatii
1582 4786 1832 4841 corpore,
1873 4786 1980 4824 non
2020 4772 2205 4841 solum
2246 4770 2300 4823 in

728 4842 935 4893 intimis
964 4839 1214 4892 medullis
1254 4840 1339 4893 ille
1388 4841 1531 4896 Deus
1579 4839 1741 4895 homo
1792 4841 2077 4895 resideret.
2114 4840 2303 4893 Fuisse

729 4921 911 4963 autem
947 4909 1005 4963 S.
1053 4910 1319 4982 lgnatium
1364 4927 1597 4982 puerum
1631 4921 1779 4975 eum,
1839 4928 2001 4979 quem
2051 4911 2302 4982 Christus

727 4983 1002 5052 suscepit,
1043 4991 1097 5035 et
1130 4980 1198 5035 de
1243 4980 1375 5050 quoi
1408 4982 1543 5037 dixit
1580 5000 1593 5037 :
1653 4982 1776 5037 Nisi
1829 4982 2130 5052 e/jiciamini
2166 4981 2301 5033 sicut

727 5050 979 5122 parvulus
1010 5053 1132 5115 iste,
1181 5061 1313 5117 etc.,
1348 5054 1541 5121 probat
1574 5052 1759 5107 multis
1791 5050 2302 5122 conjecturis,ﬂqn:e

731 5121 835 5190 legi
874 5122 1015 5190 apud
1046 5123 1219 5193 ipsum
1264 5133 1513 5189 possunt,
1546 5124 1641 5193 qui
1685 5132 1741 5193 et
1771 5121 2018 5192 pluribus
2044 5121 2301 5189 explicat.

730 5208 841 5257 quo
887 5206 1051 5245 sensu
1099 5192 1349 5247 dicantur
1380 5192 1694 5249 caeteri’SS.
1728 5192 1920 5247 Patres
1963 5194 2236 5261 θεοφόροι,
2271 5208 2300 5243 a

731 5264 886 5329 cujus
914 5262 1277 5330 explicatione
1302 5273 1487 5319 nostra
1521 5279 1627 5319 non
1659 5265 1951 5333 discrepat.
1990 5263 2126 5317 Dicti
2154 5266 2299 5316 enim

731 5341 861 5386 sunt
882 5334 1006 5401 quia
1040 5333 1234 5387 anima:
1258 5346 1571 5389 sanctorum
1594 5336 1750 5390 sedes
1774 5347 1897 5387 sunt
1925 5336 2041 5399 Dei,
2067 5346 2301 5401 eumque

736 5419 842 5456 mm
883 5402 1061 5455 anima
1099 5418 1194 5456 sua
1233 5405 1430 5470 solum,
1463 5409 1559 5460 sed
1598 5406 1764 5460 etiam
1802 5419 2031 5472 corpore
2058 5414 2298 5473 portant,

737 5477 789 5527 in
826 5488 933 5542 qua
975 5475 1157 5542 crucis
1188 5476 1656 5531 mortificationem
1703 5476 2118 5536 circumferunt,
2146 5474 2300 5542 juxta

734 5541 866 5599 illud
901 5543 959 5595 S.
1000 5541 1149 5616 ζέουιὶ
1188 5548 1253 5599 ad
1283 5547 1301 5599 Ι
1342 5546 1593 5601 Corinth.
1638 5562 1757 5616 cap.
1794 5563 1843 5599 νι
1873 5564 1885 5600 :
1913 5541 2221 5614 Gloriﬁcate
2248 5553 2299 5596 et

734 5626 941 5685 portate
994 5613 1160 5685 Deum
1213 5618 1265 5668 in
1299 5632 1518 5685 carpare
1546 5613 1735 5671 vestro.
1770 5619 1848 5669 Ad
1900 5613 2070 5685 quem
2122 5616 2297 5668 locum

737 5685 801 5737 υ.
835 5684 1053 5747 ΤΙιυιη.,
1088 5683 1152 5737 Ut
1188 5704 1369 5751 equus,
1394 5683 1509 5747 ’ait,
1553 5699 1725 5755 portat
1756 5683 2023 5741 domitium
2055 5699 2102 5739 et
2137 5702 2300 5738 sessu-

740 5772 870 5817 rcm,
897 5767 941 5806 et
979 5756 1046 5807 ad
1081 5756 1203 5823 ejus
1231 5758 1548 5810 voluntatem
1577 5768 1831 5821 moretur,
1869 5765 1939 5811 ita
1974 5774 2160 5819 corpus
2205 5755 2300 5807 Dci

739 5828 998 5881 voluntati
1047 5836 1094 5882 et
1122 5828 1367 5900 obsequio
1403 5832 1759 5901 mancipatur.
1804 5830 1875 5885 Ila
1924 5829 1983 5883 Ι).
2032 5828 2289 5893 Thomas,

2477 3228 2584 3282 Sed
2628 3234 2687 3279 ut
2723 3226 2793 3279 ab
2840 3224 3224 3280 humilioribus
3260 3225 3325 3276 ad
3363 3224 3685 3279 sublimiora
3736 3227 3993 3293 exempla

2407 3299 2782 3359 traducantur,
2842 3310 2907 3349 eo
2962 3294 3146 3348 itidem
3188 3294 3349 3348 modo
3394 3297 3568 3348 sancti
3615 3298 3870 3351 homines
3900 3312 3999 3363 ap-

2406 3370 2677 3437 pellantur
2707 3366 2984 3437 OsoqLépm,
3017 3380 3125 3431 quo
3158 3363 3551 3437 Sabionysius
3600 3368 3852 3437 ordinem
3897 3384 3999 3419 an-

2405 3434 2675 3502 celorum,
2702 3436 2793 3503 qui
2824 3434 3416 3505 Throniiappellantnr
3447 3436 3760 3505 Θεοφόρους
3808 3449 3995 3497 vocat.

2408 3510 2459 3561 in
2497 3522 2657 3574 quem
2687 3506 2865 3558 locum
2919 3507 2991 3557 ita
3042 3504 3100 3558 S.
3147 3504 3415 3559 Maximus
3460 3504 3580 3569 eius
3615 3504 3991 3560 Scholiasws:

2407 3578 2530 3647 Ὀτι
2580 3580 2671 3629 καὶ
2710 3575 2770 3647 το
2820 3576 2929 3629 τῶν
2982 3576 3155 3643 ἁγίων
3210 3574 3417 3644 θρόνων
3469 3576 3657 3645 τάγμα
3710 3578 3999 3647 θεοφόρων

2405 3645 2559 3701 εἶπεν
2606 3645 2852 3709 Διονύσις
2900 3647 2975 3709 ὼς
3029 3646 3195 3714 φέρον
3235 3648 3728 3714 ἐπαναπαυόμενον
3784 3645 3999 3715 νοητῶς

2406 3720 2499 3771 τὸν
2535 3717 2668 3770 Θεόν
2693 3737 2706 3750 ·
2744 3718 2968 3771 Adverte
3003 3734 3121 3769 eum
3150 3717 3312 3769 etiam
3355 3715 3733 3785 (Dionysium)
3775 3730 3998 3771 sancto-

2407 3806 2524 3841 rum
2560 3789 2869 3841 thronorum
2904 3788 3140 3840 ordinem
3182 3785 3449 3849 Deiferum
3483 3787 3699 3848 dixisse,
3735 3797 3997 3851 tanquam

2410 3859 2663 3923 ferentem
2704 3861 2870 3912 Deum
2901 3858 3054 3909 modo
3087 3856 3411 3926 intelligibili
3459 3860 3995 3926 superquiesrentem.

2408 3927 2484 3982 Ita
2524 3928 2580 3982 S.
2618 3929 2908 3983 Maximus.
2946 3928 3127 3997 ltetieo
3152 3928 3241 3997 ad
3288 3925 3342 3997 S.
3388 3926 3786 3993 Magdalenam,
3825 3943 3998 3997 quam

2408 4014 2516 4051 non
2557 4001 2752 4053 minori
2787 3999 2908 4067 jure
2941 4012 3003 4049 ac
3049 3995 3106 4050 S.
3141 3996 3410 4065 lguatium
3462 3999 3574 4056 alii.
3622 4013 3686 4050 ex
3724 3995 3995 4052 contactu

2407 4068 2610 4123 Christi
2645 4084 2842 4123 vocare
2886 4068 3061 4136 potuit
3097 4076 3283 4119 noster
3317 4067 3716 4135 Χριστοφόρον.
3754 4068 3890 4135 Qua:
3928 4085 3995 4123 ex

2409 4155 2516 4206 quo
2548 4140 2666 4199 eius
2694 4140 2858 4207 pedes
2894 4138 3090 4206 tetigit.
3128 4146 3182 4190 et
3213 4136 3280 4189 ab
3315 4137 3405 4191 illo
3440 4147 3693 4191 contacta
3728 4139 3779 4191 in
3815 4138 3999 4192 fronte

2411 4209 2531 4275 fuit,
2564 4210 2842 4264 Christum
2880 4224 2985 4263 non
3012 4208 3185 4264 solum
3221 4209 3424 4271 animo,
3456 4210 3549 4261 sed
3572 4208 3734 4260 etiam
3762 4224 3999 4278 corpore

2408 4280 2650 4346 portavit
2703 4295 2823 4341 suo,
2866 4279 3214 4346 maximeque
3262 4277 3313 4329 in
3356 4278 3639 4346 impressis
3691 4277 3995 4345 digitorum

2408 4351 2608 4403 Christi
2642 4352 2786 4404 nolis
2820 4352 2871 4403 in
2906 4350 3109 4413 fronte,
3147 4357 3206 4400 ut
3240 4349 3494 4401 traditur.
3524 4348 3709 4416 Neque
3744 4350 3794 4402 id
3824 4366 3998 4403 voca-

2411 4420 2593 4473 bulum
2629 4435 2660 4475 a
2695 4430 2886 4474 nostro
2916 4420 3151 4487 primum
3181 4427 3462 4487 novatum,
3497 4419 3591 4472 sed
3622 4420 3688 4487 ab
3716 4420 3998 4487 antiquis-

2410 4490 2564 4543 simis
2600 4490 2853 4545 Patribus
2902 4486 3207 4556 acceptum.
3257 4486 3316 4559 S.
3352 4488 3591 4558 Cyrillus
3622 4486 3999 4559 Hierosolym.

2410 4559 2565 4613 Catii.
2622 4570 2850 4628 mystag.
2906 4575 2981 4619 vr,
3034 4573 3129 4611 eos
3184 4558 3277 4625 qui
3331 4573 3521 4613 recens
3556 4568 3683 4612 sunt
3728 4558 3999 4627 baptizati

2406 4628 2820 4712 Χριστοεῇόρους
2845 4639 3006 4712 yocat
3035 4628 3126 4696 qui
3153 4642 3359 4712 corpus
3389 4628 3806 4712 cnsanguinem.
3830 4631 3999 4712 Chri-

2408 4698 2476 4754 sti
2520 4702 2573 4753 in
2627 4698 2967 4755 Eucharistia
3020 4699 3325 4769 suscipiunt
3359 4717 3372 4753 :
3408 4698 3569 4751 Οὕτω
3618 4700 3750 4769 γὰρ,
3794 4701 3999 4769 inquit,

2406 4772 2500 4841 καὶ
2530 4770 2893 4841 Χριστοφόροι
2927 4768 3213 4841 γινόμεθα,
3241 4768 3335 4820 τοῦ
3383 4771 3637 4841 σώματος
3671 4770 3855 4841 αὐτοῦ
3880 4768 3883 4769 ⁷
3904 4776 4002 4825 καὶ

2404 4840 2502 4911 Ιιῖοΰ
2554 4838 2789 4911 αἵματος
2814 4838 3059 4911 ἐἰςτὰς
3096 4838 3345 4911 ἡμέτερα
3392 4838 3780 4908 ἀναδιδομένου
3829 4843 3998 4911 μέλη,

2408 4910 2497 4965 Sic
2526 4908 2880 4977 Christiphori
2914 4910 3123 4980 (malim
3161 4908 3495 4979 Christiieri)
3527 4912 3751 4971 erimus,
3791 4908 3893 4964 hoc
3919 4908 4001 4967 est

2407 4981 2679 5036 Christum
2713 4983 2953 5049 ferentes,
2994 4998 3113 5034 cum
3164 4980 3277 5047 ejus
3340 4997 3527 5047 corpus
3563 4989 3639 5051 et,
3682 4986 4000 5051 sanguinem

2407 5053 2461 5105 in
2507 5054 2735 5107 membra
2780 5061 2962 5105 nostra
3009 5053 3372 5116 receperimus.
3424 5051 3487 5103 Et
3535 5050 3737 5104 ibidem
3778 5050 3797 5105 ἑ
3833 5054 4000 5107 Οὕτω

2407 5124 2549 5175 κατὰ
2578 5124 2680 5177 ,τὸν
2714 5123 2995 5192 μακάριον
3032 5121 3239 5192 Πέτρον
3284 5120 3437 5181 θείας
3471 5122 3724 5174 κοινωνοὶ
3771 5123 4000 5189 φύσεως

2406 5193 2690 5263 γινόμεθα.
2715 5189 2839 5255 Ἰια,
2872 5189 2929 5244 ut
2980 5189 3168 5263 beatus
3209 5189 3399 5263 Petrus
3442 5193 3591 5256 dicit,
3630 5193 3825 5247 divinis
3871 5212 3997 5248 con-

2406 5260 2573 5317 sortes
2607 5274 2813 5317 naturae
2842 5264 3111 5332 eﬂicimur.
3150 5260 3225 5315 Ita
3256 5261 3514 5332 Cyrillus.
3564 5265 3749 5332 Atque
3797 5266 3996 5319 eadem
4062 5266 4073 5275 “

2405 5343 2460 5387 et
2512 5336 2785 5387 communi
2839 5350 2959 5386 cmn
3011 5334 3226 5387 caeteris
3281 5335 3487 5387 sanctis
3524 5337 3739 5387 ratione
3792 5344 3847 5387 et
3894 5350 3994 5388 sua

2448 5407 2649 5472 ropria,
2687 5419 2851 5471 quam
2907 5404 3118 5468 praetuli
3155 5405 3352 5458 merito
3398 5413 3559 5471 atque
3605 5405 3815 5465 optimo
3866 5405 3994 5472 jure

2448 5419 2649 5472 ropria,
2687 5419 2851 5471 quam
2907 5418 3118 5468 praetuli
3155 5418 3352 5458 merito
3398 5418 3559 5471 atque
3605 5418 3815 5465 optimo
3866 5421 3994 5472 jure

2404 5418 2466 5528 ἓ.
2521 5474 2835 5544 Magdalena
2895 5474 3270 5542 Χριστοφόρος
3326 5473 3469 5544 dicta
3533 5490 3560 5526 a
3624 5472 3997 5543 Theophane.

2407 5544 2559 5599 Verti
2612 5543 2793 5599 autem
2837 5544 2886 5597 id
2932 5544 3254 5598 vocabulum
3312 5543 3721 5598 Christileruin.
3780 5547 3989 5610 Quidni

2404 5616 2551 5668 enim
2579 5615 2681 5668 hoc
2705 5618 2841 5669 bene
2866 5614 3055 5669 Latine
3087 5630 3426 5682 usurparent,
3458 5630 3752 5681 vocemque
3786 5632 3925 5668 nova
3939 5634 3990 5670 ιιι

2404 5699 2789 5751 cotitponeretn
2844 5687 3020 5753 potius
3070 5700 3231 5752 quam
3277 5684 3726 5751 ChristOphornm
3776 5687 3995 5745 dicere.

2404 5758 2469 5807 ad
2506 5755 2914 5809 similitudinem
2967 5756 3281 5819 multorum,
3336 5756 3534 5821 quibus
3582 5769 3753 5823 poeta:
3804 5756 3988 5812 Latini

2407 5836 2552 5882 recte
2601 5834 2846 5893 utuntur,
2900 5825 3221 5881 llatnmilcra
3276 5826 3508 5891 letifera,
3572 5825 3808 5893 vitifera,
3868 5840 3984 5883 etc.
