4184 6436
200 395 307 455 673

1534 379 1859 440 HOMILIA
1924 382 2185 443 XXXIV.

3370 391 3480 454 674

206 500 757 578 ὶμφιλοχωροῦσατῷ
779 501 1044 571 μνήματι,
1067 498 1158 551 καὶ
1179 494 1518 565 περιενόστει
1536 494 1795 557 ἁλύουσα,

1908 496 2047 547 riri-a
2082 494 2211 547 illud
2268 495 2496 550 libenter
2550 495 2832 551 immorata
2887 501 3249 567 perlustrabat
3295 514 3474 560 ninnia

205 599 300 650 καὶ
325 596 553 656 λιϐάδας
582 594 836 659 δακρύων
865 592 1222 653 ὲνστάζουσα,
1255 591 1321 658 τῇ
1346 587 1592 656 ὲπιμόνῳ
1620 603 1791 655 προσ-

208 686 363 756 εδρίᾳ
409 684 748 753 ὑψηλότερόν
790 701 843 734 τι
893 680 1276 751 καραδοκοῦσα
1336 679 1552 747 μαθεῖν.
1608 677 1695 739 Ὠς
1737 678 1792 730 δὲ

202 778 684 847 παραθαρῥύνασα
736 775 961 845 ἑαυτὴν.
1018 773 1150 826 εἴσω
1182 772 1275 825 τοῦ
1314 771 1562 839 θεοδόχου
1618 770 1795 837 παρέ-

205 873 341 940 κυψε
388 875 694 940 μνήματος,
728 866 1000 938 ἀγγελικὴ
1030 866 1266 919 ὀπτασία
1292 864 1581 917 ἐπιπίπτει
1609 862 1791 923 εὐθύς,

202 965 311 1016 Δύο
343 964 453 1034 γὰρ
484 965 624 1033 αὐτῇ
659 959 1144 1031 λευχειμονοῦντες
1174 957 1456 1026 ἐφάνησαν
1480 953 1704 1022 ἄγγελοι
1736 955 1793 1004 ὲν

202 1058 358 1127 αὐτῷ
391 1057 469 1126 τῷ
508 1056 660 1126 τόπῳ
696 1056 825 1107 ἔνθα
854 1054 917 1106 τὸ
947 1052 1091 1105 θεῖον
1134 1052 1316 1104 ἔκειτο
1347 1049 1507 1119 σῶμα
1551 1047 1645 1100 τοῦ
1688 1044 1795 1115 Ἰη-

205 1145 333 1200 σοῦ.
394 1147 503 1198 Καὶ
545 1144 735 1215 ἐπειδὴ
788 1144 846 1195 τὸ
892 1143 1179 1211 σουδάριον
1211 1141 1322 1193 τῶν
1355 1139 1559 1192 λοιπῶν
1586 1136 1794 1208 ἐκεχώ-

201 1256 385 1309 ριστο,
418 1240 613 1310 ἅτερος
650 1241 747 1307 μὲν
775 1238 1097 1307 ἐμφανίζων
1125 1238 1262 1307 πρὸς
1293 1236 1392 1303 τὴν
1429 1232 1677 1302 κεφαλὴν
1701 1232 1797 1285 καὶ

199 1332 390 1401 τηρῶν
420 1334 481 1384 τὸ
513 1333 817 1402 σουδάριον,
844 1332 1037 1399 ἅτερος
1064 1330 1121 1383 δὲ
1149 1330 1284 1400 πρὸς
1311 1330 1433 1396 τοῖς
1455 1328 1602 1391 ποσὶ,
1627 1343 1796 1396 φρου-

205 1423 320 1489 ρῶν
350 1424 420 1473 τὰ
461 1422 669 1474 ὀθόνια.
707 1422 878 1474 Τοῦτο
917 1422 975 1473 δὲ
1021 1416 1086 1489 ἦν
1119 1420 1225 1489 ἄρα
1270 1418 1539 1488 σύμϐολον
1568 1417 1679 1468 τῶν
1706 1416 1798 1467 ἐπὶ

204 1514 448 1582 Χριστοῦ
496 1513 590 1566 δύο
640 1513 891 1581 φύσεων·
936 1510 1171 1575 εἰκόνεξε
1220 1511 1325 1579 γὰρ
1366 1511 1396 1578 ἠ
1452 1508 1552 1576 μὲν
1587 1506 1797 1575 κεφαλὴ

203 1605 303 1672 τὴν
358 1605 620 1673 θεότητα,
675 1606 725 1657 οἱ
775 1605 830 1657 δὲ
908 1605 1067 1666 πόδες
1114 1603 1175 1654 τὸ
1225 1601 1585 1670 πρόσλημμα.
1625 1600 1799 1653 Ἐπεὶ

203 1695 336 1760 γοῦν
363 1698 734 1748 κατατεθεῐσα
762 1698 793 1764 ἡ
824 1694 917 1748 τού
946 1697 1123 1762 Λόγου
1157 1693 1295 1763 σὰρξ
1341 1695 1399 1745 ὲν
1436 1694 1511 1761 τῷ
1552 1693 1796 1761 μνήματι

202 1787 313 1839 τῶν
344 1788 444 1856 τῆς
498 1789 755 1855 θεότητος
791 1788 1129 1857 αὐχημάτων
1164 1786 1414 1856 ὑπῆρχεν
1462 1784 1795 1855 ἀχώριστος,

1899 601 2137 639 iuret-ens
2167 600 2215 639 et
2254 586 2508 657 laerymis
2559 605 2820 649 manans,
2862 593 3243 661 constantique
3295 611 3476 662 perse-

1908 680 2155 732 vcrantia
2189 680 2316 731 dum
2348 679 2634 735 sublimius
2668 683 2869 751 aliquid
2907 696 3280 753 cognosceret,
3316 702 3478 755 oppe-

1896 770 2155 826 riebatur.
2199 770 2297 825 Ubi
2333 785 2461 824 vero
2495 772 2597 824 sibi
2639 773 2736 840 ipsi
2777 774 2989 827 animos
3035 778 3239 833 addens
3274 780 3324 830 in
3362 795 3478 830 mo-

1896 872 2213 915 numentum
2241 862 2370 917 illud
2397 861 2703 918 divinitatis
2724 866 3020 933 hospitium
3047 867 3388 935 introspexit,
3425 873 3476 924 in

1897 952 2211 1021 angelorum
2248 963 2594 1021 conspectum
2627 955 2807 1009 subito
2838 957 3051 1010 incidit.
3090 958 3202 1011 Dnn
3227 962 3370 1013 enim
3403 961 3478 1015 illi

1904 1043 2179 1096 candidati
2216 1043 2315 1096 visi
2346 1055 2469 1097 sunt
2500 1044 2674 1112 angeli
2706 1046 2892 1098 eodem
2934 1048 2984 1100 in
3029 1048 3178 1112 loco,
3212 1050 3301 1101 ubi
3339 1054 3481 1118 pusi-

1900 1146 2011 1188 tum
2056 1133 2231 1188 fuerat
2267 1149 2467 1203 corpus
2496 1134 2644 1188 Jesn.
2701 1135 2768 1189 Et
2812 1139 3066 1204 quoniam
3122 1140 3400 1193 sudarium
3454 1161 3479 1192 a

1898 1228 2118 1282 cmteris
2163 1229 2574 1281 linteaminibus
2603 1228 2907 1294 sejunctum
2941 1242 3078 1291 erat,
3109 1232 3241 1285 alter
3265 1234 3482 1299 quidem

1900 1323 1967 1371 ad
2019 1325 2183 1385 caput
2240 1317 2387 1370 visus
2428 1314 2711 1370 sudarium
2745 1332 2972 1371 servans
2997 1358 3011 1382 ,
3057 1319 3194 1370 alter
3224 1323 3287 1371 ad
3322 1324 3484 1388 pedes

1901 1414 2215 1467 custodiens
2246 1412 2577 1467 linteamina.
2620 1410 2731 1467 Hoc
2755 1430 2884 1467 vero
2919 1416 3148 1469 fortasse
3175 1416 3400 1470 duarum
3430 1419 3482 1471 in

1900 1505 2118 1559 Christo
2153 1516 2471 1558 naturarum
2500 1506 2801 1581 symbolum
2836 1517 2985 1571 erat;
3023 1523 3144 1560 nam
3180 1519 3338 1576 caput
3367 1512 3488 1577 qui-

1902 1597 2022 1649 dem
2065 1596 2432 1658 divinitatem,
2469 1599 2630 1663 pedes
2674 1610 2803 1649 vero
2852 1608 3180 1665 aSsuinptani
3211 1599 3487 1668 signifii-a-

1904 1690 2031 1742 bant
2059 1704 2303 1741 carnem.
2338 1688 2603 1753 Quoniam
2640 1687 2802 1757 igitur
2846 1690 2897 1742 in
2943 1702 3296 1744 ntonnmcnto
3323 1694 3488 1761 depo-

1903 1783 2004 1834 sita
2036 1781 2198 1835 Verbi
2244 1795 2373 1835 caro
2424 1797 2451 1833 a
2506 1781 2671 1848 gloria
2728 1781 3027 1836 divinitatis
3077 1784 3321 1850 sejuncta
3380 1800 3484 1838 non

204 1879 297 1930 τοῦ
336 1881 616 1933 Δεσπότου
647 1882 738 1933 τὸν
772 1882 939 1935 τόπον
962 1877 1049 1933 οἷα
1075 1881 1323 1933 παστάδα
1364 1897 1427 1931 πε
1441 1877 1799 1949 ριεφρούρουν

1908 1873 2219 1935 exsistebat,
2253 1872 2318 1924 ad
2350 1872 2556 1925 Domini
2601 1872 2802 1934 locum,
2851 1875 3015 1926 veluti
3062 1876 3128 1927 ad
3190 1876 3485 1927 tbalaunuu

204 1970 251 2018 οἱ
298 1968 552 2035 ἄγγελοι,
606 1968 921 2031 δεικνύντες
970 1970 1037 2037 τῇ
1083 1967 1403 2037 μυροφόρῳ,
1446 1966 1529 2016 δτι
1559 1964 1632 2034 μὴ
1667 1963 1799 2034 ψιλὴ

208 2061 346 2131 σὰρξ
405 2064 462 2113 ἐν
497 2061 574 2130 τῷ
621 2062 779 2132 τάφῳ
831 2060 1123 2124 ἐτέθαπτο,
1172 2056 1477 2125 ὑποστῆναι
1524 2055 1798 2126 δυναμένη

206 2154 438 2224 κλοπὴν.
472 2154 581 2207 Καί
614 2173 704 2223 μοι
736 2152 829 2207 τοῦ
866 2155 1199 2224 πράγματος
1230 2150 1504 2219 ἁγάσθητι
1534 2150 1595 2201 τὸ
1620 2150 1803 2219 παρὰ-

206 2245 356 2310 δοξον
382 2263 396 2275 ’
442 2248 558 2309 πῶς
590 2248 782 2318 Πέτρῳ
820 2248 917 2316 μὲν
952 2248 1046 2297 καὶ
1086 2246 1310 2315 Ἰωάννῃ
1348 2244 1470 2294 κατ’
1507 2241 1675 2310 αὐτὴν
1704 2241 1801 2311 τὴν

206 2336 355 2407 ὥραν
410 2341 779 2406 προειριστᾶσι
836 2337 973 2406 μόνα
1021 2334 1318 2405 ὼρὰθησαν
1364 2332 1431 2385 τὰ
1490 2332 1693 2394 ὀθόνια,
1729 2332 1804 2392 ὡς

209 2430 404 2495 ἐδόκει,
440 2431 572 2500 παρ’
605 2430 816 2492 οὐδενὸς
845 2429 1263 2497 φυλαττόμενα;
1291 2427 1352 2477 Οἱ
1378 2423 1639 2493 γὰρίεροὶ
1663 2423 1801 2485 νόες,

211 2524 388 2575 καίτοι
446 2523 741 2591 παρόντες,
819 2519 962 2591 ἦσαν
1016 2520 1237 2573 ἀθέατοι
1279 2535 1291 2548 °
1339 2520 1404 2588 τῇ
1466 2518 1521 2569 δὲ
1580 2518 1805 2584 γυνα.κὶ

210 2617 403 2682 γέγονε
442 2618 510 2666 τὰ
534 2616 633 2683 τῆς
664 2616 933 2678 ὀπτασίας
969 2613 1326 2681 ἀντίστροιρα.
1367 2612 1445 2663 Τὰ
1481 2613 1589 2679 γὰρ
1615 2610 1803 2662 ὀθόνια

211 2707 629 2777 ὑπεκρύόησαν,
668 2709 717 2760 οἱ
749 2707 807 2760 δὲ
851 2706 1073 2775 ἄγγελοι
1118 2704 1402 2776 ὤφθησαν.
1439 2705 1636 2769 Arati;
1684 2706 1807 2757 Ὂτι

210 2800 320 2859 τοῖς
358 2799 460 2866 μὲν
489 2799 761 2866 μαθηταῖς
795 2797 1044 2865 μείζονος
1074 2792 1194 2847 οὖσι
1248 2795 1605 2864 φρονήματος
1643 2794 1805 2865 ἱκανὴ

212 2894 347 2961 πρὸς
400 2892 785 2963 πληροφορίαν
827 2886 895 2961 ἦν
940 2890 1050 2941 τῶν
1102 2888 1332 2941 ὀθονίων
1370 2890 1398 2956 ἡ
1451 2888 1575 2939 θέα·
1614 2888 1711 2955 τῆς
1752 2887 1809 2939 δὲ

212 2985 474 3053 γυναικὸς
537 2985 635 3053 τὴν
700 2982 993 3036 ἀσθένειαν
1064 2982 1219 3048 μόλις
1288 2979 1354 3030 ἂν
1416 2979 1635 3030 ἔπεισεν
1686 2976 1810 3047 ὄψις

215 3077 508 3145 ἀγγελιχὴ,
546 3075 641 3127 καὶ
665 3075 805 3142 αὑτὴ
828 3073 921 3124 τοῦ
960 3072 1134 3142 Ἰησοῦ
1170 3075 1201 3139 ἡ
1243 3070 1536 3140 ὲμςνάνεια.
1574 3069 1733 3129 Ἰσως
1754 3068 1811 3120 δὲ

213 3168 308 3221 καὶ
346 3169 426 3219 οίκ
450 3167 726 3237 μαθηταὶ,
770 3169 817 3217 εἰ
871 3166 970 3235 τὴν
1024 3164 1357 3233 προσεδρίαν
1400 3166 1499 3231 τῆς
1549 3162 1809 3229 γυναικὸς

212 3262 579 3330 ἐμιμήσαντο,
612 3259 707 3327 τῆς
730 3259 851 3324 ἴσης
888 3258 953 3310 ἂν
981 3256 1381 3325 ἀποκαλύψεως
1414 3255 1629 3326 ἔτυχον.

1903 1969 2246 2020 excubabant
2296 1966 2504 2034 angeli;
2543 1976 2597 2019 ut
2637 1967 2894 2019 nimirum
2940 1967 3148 2019 mttlieri
3199 1970 3489 2039 unguenti-

1906 2059 2032 2113 fer:e
2065 2058 2392 2116 iudicarint,
2442 2072 2549 2110 non
2592 2058 2787 2112 nudam
2835 2073 3054 2113 carnem
3106 2061 3156 2111 iu
3189 2078 3252 2113 eo
3285 2063 3489 2114 tutnttlu

1907 2150 2074 2204 fuisse
2110 2151 2400 2219 sepultam,
2456 2150 2526 2202 ita
2562 2159 2619 2201 nt
2650 2150 2910 2219 rapientis
2944 2152 3210 2205 violentae
3240 2154 3489 2222 subjace-

1910 2252 2009 2296 ret.
2040 2242 2105 2295 Et
2135 2258 2261 2297 vero
2295 2242 2423 2296 illud
2469 2243 2519 2294 in
2558 2242 2659 2295 huc
2706 2244 2848 2295 facto
2880 2245 3257 2297 admiramlum
3312 2247 3493 2299 causi~

1907 2335 2032 2388 dera
2069 2352 2081 2386 :
2113 2335 2201 2402 qui
2234 2334 2379 2388 enim
2410 2333 2571 2387 Petro
2621 2349 2686 2387 ac
2748 2332 2946 2387 Joanni
2976 2374 2989 2397 ,
3025 2340 3113 2404 qui
3150 2338 3338 2390 eadem
3377 2340 3490 2406 ipsa

1908 2430 2038 2482 hora
2075 2432 2140 2481 ad
2172 2427 2481 2496 sepulcrum
2512 2424 2819 2489 adfuerant,
2856 2428 2972 2481 sola
3003 2428 3166 2482 lintea
3194 2431 3307 2483 visu
3342 2442 3491 2493 sunt,

1910 2537 1940 2574 a
1981 2518 2218 2582 nemine,
2250 2530 2306 2573 ut
2340 2519 2645 2584 videbatur,
2672 2521 2993 2574 asservata?
3034 2522 3250 2577 Sanctae
3286 2524 3495 2578 scilicet

1913 2625 2122 2665 mentes
2152 2614 2400 2680 quamvis
2432 2621 2731 2680 pnesentes
2765 2621 2939 2674 erant,
2972 2614 3146 2667 oculis
3185 2627 3364 2669 tamen
3390 2633 3493 2668 nou

1909 2703 2310 2770 objiciebantur
2339 2721 2353 2757 :
2403 2716 2459 2756 at
2484 2718 2613 2757 vero
2638 2702 2849 2757 mulieri
2894 2705 3117 2760 visionis
3148 2707 3288 2761 ratio
3320 2710 3497 2761 utnnis

1912 2810 1992 2851 est
2020 2807 2380 2851 commutata.
2413 2795 2489 2849 Illi
2524 2796 2669 2849 enim
2697 2795 3015 2849 linteamina
3045 2799 3262 2865 quidem
3298 2800 3496 2863 invisa,

1912 2891 2088 2958 angeli
2116 2904 2245 2943 vero
2276 2889 2377 2942 visi
2420 2887 2660 2943 fuerunt.
2699 2887 2838 2953 Quid
2875 2890 3010 2943 hoc?
3045 2887 3315 2942 Nimirum
3355 2890 3498 2958 quod

1913 2979 2195 3048 discipulis
2224 2987 2410 3047 utpote
2436 2978 2863 3046 sapientioribus
2889 2979 3024 3034 satis
3056 2980 3122 3034 ad
3149 2993 3352 3035 certam
3384 2982 3494 3050 ple-

1916 3086 2152 3138 namque
2187 3069 2613 3125 resnrrectionis
2666 3069 2824 3124 fidem
2858 3069 3163 3128 faciendam
3214 3082 3331 3125 erat
3377 3088 3502 3139 spe-

1916 3172 2093 3218 ctasse
2125 3163 2473 3228 linteamina;
2509 3163 2815 3217 inlirmitati
2855 3180 2983 3219 vero
3007 3168 3252 3223 mulieris
3283 3165 3370 3223 vix
3399 3181 3503 3224 an-

1839 3247 1881 3305 C
1916 3256 2156 3326 gelurum
2180 3256 2343 3320 visio,
2378 3266 2433 3311 et
2455 3257 2571 3325 ipsa
2605 3254 2733 3312 Jesu
2763 3258 3033 3327 apparitio
3072 3262 3137 3313 ad
3160 3265 3497 3317 suadendum

214 3359 369 3409 satis.
397 3353 563 3425 245
598 3352 853 3406 Fortasse
880 3366 1007 3405 vero
1032 3352 1194 3405 etiam
1220 3350 1469 3420 discipuli
1516 3351 1568 3403 si
1635 3349 1878 3403 mulieris
1916 3352 2378 3419 perseverantiam
2412 3350 2607 3404 imitati
2642 3348 2896 3415 fuissent,
2921 3349 3156 3421 ejusdem
3181 3356 3345 3410 etiam
3376 3372 3499 3427 par-

214 3449 404 3516 ticipes
440 3448 667 3499 visionis
696 3447 945 3499 fttissi'nt.

291 3542 353 3592 Ἢ
386 3540 489 3609 μὲν
519 3538 612 3591 οὖν
646 3540 856 3608 Μαρία,
883 3538 1225 3604 ἐκπλαγεῖσα
1257 3541 1322 3609 τῇ
1364 3542 1545 3609 μορφῇ
1575 3538 1685 3591 τῶν
1712 3539 1812 3607 ἁγ-

211 3634 383 3700 γέλων
434 3635 527 3685 καὶ
580 3629 709 3693 αὖος
762 3634 1046 3698 γεγονυῖα,
1111 3631 1188 3700 τῷ
1230 3630 1523 3701 παραδόξῳ
1575 3630 1811 3699 θεάματι

214 3728 521 3795 ὑπότρομος
556 3726 764 3776 ἵστατο·
799 3726 845 3775 οἱ
876 3724 933 3776 δὲ
973 3724 1218 3791 ἄγγελοι,
1252 3725 1471 3786 λύοντες
1500 3723 1672 3793 αὐτὴν
1703 3723 1808 3793 τῆς

214 3820 493 3886 ἀγωνίας,
551 3818 974 3887 φιὶ.οπευστοῦσι
1035 3819 1195 3887 δῆθεν
1255 3820 1353 3888 τὴν
1392 3820 1498 3869 τῶν
1554 3818 1808 3887 δακρύων

213 3914 395 3963 αἰτίαν
436 3912 655 3979 μαθεῖν,
707 3911 795 3962 διὰ
844 3912 941 3979 τῆς
990 3910 1290 3979 ἐμφανείας
1343 3910 1436 3961 καὶ
1486 3908 1585 3975 τῆς
1620 3908 1804 3977 φωνῆς

215 4005 523 4068 ἀπάγοντες
557 4003 729 4070 αὐτὴν
759 4000 855 4052 τοῦ
878 4001 1091 4053 οἴεσθαι
1128 4000 1402 4067 κλαπῆναι
1443 3999 1534 4050 τὸν
1564 3998 1769 4066 Κύριον
1792 4034 1807 4050 .

220 4115 236 4145 ι
271 4096 462 4156 Γύναι,
505 4094 556 4145 τί
585 4095 833 4158 κλαίει;;
874 4111 891 4142 δ
932 4093 997 4144 Τί
1026 4091 1273 4162 νομίζεις
1324 4090 1532 4160 κλοπὴν
1570 4090 1810 4159 ὑποστῆ-

214 4205 301 4239 va:
332 4190 425 4238 τὸν
461 4186 568 4238 ὑπὸ
588 4185 847 4236 τοιούτων
866 4184 1127 4251 φυλάκων
1161 4184 1603 4253 φρουρούμενον;
1640 4186 1807 4253 Ὁρᾷς

216 4281 485 4346 ἀγγέλους
543 4276 931 4346 ὲφεζομὲνους,
984 4277 1078 4329 ἕνα
1140 4276 1277 4346 πρὸς
1320 4278 1387 4345 τῇ
1437 4276 1673 4347 amrin],
1717 4276 1813 4329 καὶ

216 4371 307 4423 ἕνα
338 4371 478 4441 πρὸς
506 4374 617 4433 τοῖς
649 4369 801 4433 ποσὶ,
838 4370 934 4422 καὶ
976 4368 1274 4438 συληθῆναι
1302 4368 1543 4437 νομίζεις
1572 4369 1663 4422 τὸν
1704 4369 1808 4438 θη-

220 4464 453 4533 σαυρόνς
495 4463 610 4514 Καὶ
659 4463 742 4525 τίς
783 4454 937 4523 οὗτος
972 4461 1304 4532 νεκροσύλης
1338 4461 1582 4531 ἀναιδὴς,
1618 4461 1813 4531 ῆτυμ-

218 4552 468 4622 εωρύχος
529 4551 772 4621 θρασὺς,
821 4552 897 4614 ὡς
950 4549 1181 4620 βασιλέα
1242 4550 1438 4619 κλέψαι
1500 4552 1811 4621 παρατάξει

2028 3468 2063 3493 δ

1984 3538 2150 3593 Maria
2176 3539 2341 3609 igitur
2373 3538 2692 3610 angelorum
2727 3542 2908 3612 specie
2937 3542 3259 3613 stupefacta,
3296 3555 3350 3600 et
3381 3547 3498 3602 ino-

1911 3631 2094 3699 pinato
2130 3629 2221 3684 illo
2252 3630 2589 3699 spectaculo,
2646 3632 2871 3688 horrore
2928 3649 2991 3688 ac
3024 3638 3280 3703 {tremore
3336 3652 3500 3692 occu-

1910 3732 2033 3791 pata
2072 3722 2272 3777 stabat.
2298 3724 2369 3777 At
2395 3738 2523 3777 vero
2548 3726 2744 3793 angeli,
2776 3734 2834 3780 ut
2863 3741 2981 3781 eam
3017 3727 3084 3780 ab
3111 3728 3197 3781 illa
3225 3731 3500 3784 anxietate

1911 3814 2228 3879 liberarent,
2264 3815 2617 3870 sciscitantur
2673 3817 2835 3871 veluti
2891 3819 3072 3889 cupidi
3129 3825 3497 3892 eognoscwdi

1911 3905 1976 3959 de
1998 3920 2161 3960 eausa
2187 3906 2552 3977 lacryinarum
2582 3926 2595 3963 :
2625 3918 2682 3962 ut
2704 3919 2926 3978 aspectu
2950 3912 3111 3965 simul
3161 3929 3224 3969 ac
3250 3930 3501 3971 sermone

1911 3999 1979 4053 ab
2008 4014 2070 4053 ea
2105 4000 2251 4055 illam
2285 4001 2540 4069 Opinione
2572 4002 2921 4068 deducerent,
2975 4008 3119 4076 quod
3165 4008 3314 4063 illinc
3359 4022 3503 4065 esset

1914 4091 2057 4146 furto
2088 4092 2336 4147 sublatus
2387 4093 2673 4148 Dominus.
2727 4115 2745 4146 ι
2784 4094 2997 4163 Mulier,
3050 4098 3176 4167 quid
3228 4100 3495 4167 ploras?»

1914 4180 2053 4246 Quid
2115 4182 2257 4236 reris
2307 4183 2602 4236 obnoxium
2656 4183 2803 4238 furto
2858 4186 3028 4242 fuisse
3073 4202 3236 4253 eum,
3292 4191 3382 4259 qni
3434 4193 3511 4244 alr

1920 4274 2231 4343 bujusmodi
2265 4275 2679 4331 excubitoribus
2710 4277 3056 4332 custoditur?
3100 4280 3255 4336 vides
3281 4284 3503 4351 angelos

1922 4383 2088 4420 unum
2129 4368 2193 4420 ad
2227 4376 2412 4435 caput,
2450 4368 2515 4421 ad
2553 4369 2715 4437 pedes
2742 4370 2974 4423 alterum
3022 4373 3391 4437 considentes.
3446 4384 3501 4430 et

1921 4459 2195 4514 ant-latum
2225 4460 2539 4512 thesaurum
2574 4461 2900 4515 existimas?
2927 4462 3062 4527 Quis
3086 4478 3217 4517 vero
3257 4473 3364 4518 tam
3397 4465 3503 4519 iiii-

1921 4553 2129 4621 pudens
2165 4566 2498 4604 mortuorum
2529 4562 2733 4620 raptor,
2768 4563 2820 4608 et
2874 4556 3203 4610 tumulorum
3252 4556 3499 4621 eﬂ'ossor.

217 4647 490 4715 ἁγγελικῇ
520 4645 965 4715 φυλαττόμενονς
1020 4644 1161 4697 Ἀλλ’
1186 4638 1256 4714 ἦν
1286 4645 1446 4715 ἆραὴ
1476 4645 1804 4715 Μαγδαληνὴ

1921 4650 1980 4695 ut
2037 4656 2217 4711 regem
2275 4651 2487 4712 raperet
2544 4644 2860 4712 angelorum
2907 4646 3023 4700 acie
3064 4650 3506 4703 communitum?

215 4740 473 4791 τοσοῦτον
505 4739 735 4807 ἠλίθιος,
766 4740 841 4802 ὡς
870 4737 1041 4809 μηδέν
1068 4754 1123 4791 τι
1151 4737 1260 4791 τῶν
1300 4738 1471 4791 ὄντων
1509 4738 1575 4791 ἑκ
1617 4738 1810 4791 τούτου

218 4830 772 4901 καταστοχάσασθαι·
834 4830 916 4882 ἐτι
964 4832 1074 4899 γὰρ
1120 4830 1221 4899 τῆς
1274 4831 1449 4901 αὐτῆς
1488 4830 1815 4901 ὑπολήψεως

218 4924 419 4991 εἴχετο,
452 4923 546 4974 καί
577 4939 711 4991 φησι
747 4937 761 4951 ⁶
808 4940 828 4973 ι
868 4917 1054 4993 Ἦραν
1084 4921 1176 4973 τὸν
1208 4921 1414 4993 Κύριόν
1453 4940 1578 4992 μου,
1605 4924 1696 4975 καὶ
1713 4925 1816 4977 οὐκ

219 5010 334 5066 οἶδα
369 5014 475 5066 ποῦ
505 5013 713 5085 ἔθηκαν
752 5012 938 5068 αὐτόν.
976 5032 997 5066 ι
1052 5012 1117 5067 "O
1151 5012 1421 5085 πρότερον
1451 5010 1575 5068 εἷπε
1621 5014 1817 5086 Πέτρῳ

221 5111 315 5160 καί
368 5110 614 5177 Ἰωάννῃ,
648 5107 808 5161 τοῦτο
837 5109 932 5162 καὶ
970 5112 1085 5171 τοῖς
1128 5108 1385 5177 ἀγγέλοις
1436 5107 1607 5161 λαλεῖ.
1646 5109 1810 5175 ’Δλλ⁹,

222 5199 264 5251 ὣ
294 5200 387 5270 τῆς
416 5199 591 5269 καλῆς
625 5200 957 5271 καρτερίας]
990 5199 1035 5253 ὢ
1074 5201 1171 5271 τῆς
1196 5200 1490 5270 ὲπαινετῆς
1508 5202 1814 5273 Ιπολυπρα-

221 5294 533 5363 γμοσύνηςῑ
579 5292 641 5346 ού
697 5296 959 5364 παρεῖδεν
1012 5292 1185 5365 αὐτὴν
1229 5294 1258 5347 ὀ
1299 5291 1641 5363 ποθούμενος
1670 5311 1682 5323 ·
1715 5296 1816 5347 οὐκ

1912 4736 2014 4791 Sed
2039 4746 2158 4789 erat
2194 4737 2380 4805 utique
2406 4747 2512 4790 tam
2540 4736 2707 4791 hebes
2749 4729 3084 4808 Klagdalena,
3119 4750 3175 4793 ut
3222 4741 3355 4794 nihil
3386 4742 3504 4809 ejus

1914 4829 2056 4896 quod
2084 4842 2170 4881 res
2197 4837 2337 4891 erat,
2366 4844 2457 4899 ex.
2489 4828 2589 4882 hoc
2635 4837 2858 4896 caperet
2906 4830 3234 4898 argumenti.
3292 4830 3346 4883 In
3401 4846 3499 4885 sua

1915 4919 2056 4974 enim
2081 4919 2338 4988 opinione
2361 4920 2657 4974 etiamnum
2686 4920 3037 4989 persistebat,
3067 4932 3122 4976 et
3164 4941 3181 4974 ι
3217 4922 3496 4989 Tulerunt,

1919 5010 2118 5077 inquit,
2176 5010 2461 5065 Dominum
2510 5025 2711 5073 meum.
2763 5022 2816 5066 et
2848 5013 3034 5069 nescio
3080 5014 3167 5069 ubi
3206 5028 3502 5083 posuerunt

1920 5119 2065 5159 eum.
2128 5122 2147 5157 ι
2208 5104 2359 5171 Quod
2408 5113 2562 5158 antea
2614 5104 2776 5159 Petro
2824 5120 2889 5160 ac
2915 5104 3134 5173 Joanui,
3170 5108 3311 5162 idem
3358 5125 3502 5164 nunc

1923 5203 2124 5273 angelis
2153 5202 2306 5260 dicit.
2342 5201 2566 5269 Verum,
2615 5216 2648 5257 0
2696 5202 3012 5272 praeclaram
3042 5209 3424 5273 constantiam,
3469 5224 3502 5263 ο

1927 5294 2250 5350 laudabilem
2284 5294 2690 5349 curiositatem!
2730 5310 2836 5350 non
2877 5310 2997 5350 eam
3043 5298 3277 5367 neglexit
3323 5301 3368 5354 is
3408 5303 3501 5370 qui

1461 5432 1787 5495 Francisci
1825 5434 2034 5497 Scorsi
2070 5442 2256 5496 noue.

226 5574 335 5630 lam
368 5592 498 5632 vero
530 5576 573 5627 si
608 5572 734 5642 quid
766 5587 832 5626 ex
867 5569 1109 5641 profanis
1146 5570 1387 5626 fontibus
1417 5570 1484 5624 ad
1519 5571 1658 5642 hanc
1695 5589 1804 5626 rem

228 5641 701 5704 ὶιειιιτίρηιίιιιιιςει
736 5644 835 5713 ipsi
869 5644 1120 5713 dicebant
1166 5642 1375 5713 amicos
1418 5657 1545 5696 suos
1579 5641 1723 5696 ferre
1756 5647 1807 5698 in

227 5720 412 5776 oculis.
468 5719 519 5770 in
564 5732 621 5768 se
672 5712 763 5768 sic
798 5714 1009 5767 locutus
1056 5712 1123 5777 Q.
1172 5712 1381 5767 Cicero"
1412 5713 1464 5765 in
1522 5714 1687 5780 epist.
1743 5713 1813 5769 ad

229 5787 479 5842 Tirenettt
509 5805 524 5839 :
558 5784 645 5850 Te,
684 5794 737 5836 ut
770 5784 905 5847 dixi,
940 5782 1051 5850 fero
1086 5784 1141 5836 in
1172 5783 1357 5835 oculis.
1409 5781 1479 5835 Μ.
1517 5784 1708 5837 Cicero
1743 5787 1808 5837 ad

232 5873 397 5925 ipsum
422 5856 742 5927 Quinetum,
762 5853 987 5909 Balbum
1010 5855 1059 5908 in
1082 5855 1248 5908 oculis
1273 5853 1408 5923 fero,
1432 5862 1487 5911 et
1507 5851 1659 5924 Ter.,
1680 5866 1814 5921 etc.,

1913 5571 2163 5647 Euuncli.
2205 5575 2314 5630 Rea:
2341 5586 2388 5628 te
2413 5591 2535 5645 ergo
2567 5577 2620 5630 in
2657 5577 2872 5633 oculis?
2900 5573 3050 5647 Qrat.
3074 5592 3172 5647 pro
3207 5577 3399 5633 Planc.
3433 5577 3501 5631 de

1916 5646 1982 5698 iis
2025 5646 2121 5715 qui
2154 5649 2321 5699 amari
2358 5647 2568 5710 volunt,
2607 5650 2743 5702 dixit
2790 5648 2863 5701 Μ.
2903 5646 3113 5703 Tullius
3148 5650 3314 5711 idem,
3349 5649 3503 5699 habi-

1916 5728 2025 5838 ιιυὶε
2070 5718 2123 5769 in
2156 5719 2323 5772 oculis
2375 5733 2577 5785 eorum,
2620 5736 2751 5788 quos
2792 5721 2848 5773 in
2891 5736 3122 5774 amorem
3167 5723 3248 5773 sui
3293 5719 3501 5772 trahere

1918 5801 1978 5838 eo
2007 5797 2119 5838 unt.

1918 5797 2119 5840 ιόιιιηι.
