4184 6436
722 396 790 457 ’ἷὸ
1896 383 2392 447 THEOPHANIS
2435 383 2777 444 CERAMEI

3856 379 3967 441 616

684 519 804 563 erat
843 522 897 560 in
956 504 1265 569 desiderio;
1320 515 1418 556 nec
1468 499 1718 569 permisit
1764 500 1817 553 in
1873 498 2264 554 incredulitatis

2381 500 2562 570 ἀφῆκε
2593 502 2659 568 τῇ
2690 497 2921 569 ἀπιστίᾳ
2969 496 3290 567 βυθίζεσθαι
3330 497 3359 549 ὁ
3404 494 3735 567 ζητούμενος
3766 513 3780 527 ·
3826 499 3967 550 ἀλλὰ

686 606 793 653 imo
826 599 1063 666 demergi
1100 599 1145 649 is
1175 595 1264 664 qui
1297 604 1415 648 erat
1452 593 1503 645 in
1538 591 1859 661 quaestione,
1883 592 1975 645 sed
2002 591 2267 645 fervidum

685 692 1012 747 desiderium
1045 689 1231 742 videns
1254 686 1393 740 ultro
1418 685 1491 738 illi
1519 686 1698 738 adest.
1755 704 1772 736 ι
1802 684 2076 739 Conversa
2126 686 2269 738 enim

684 797 853 844 retro,
905 781 1050 834 videt
1095 778 1281 833 Jesum
1333 786 1603 832 stantem:
1637 787 1692 831 et
1745 790 1849 828 non
1887 776 2094 830 sciebat
2143 776 2267 844 quia

682 877 841 929 .lesus
895 882 997 927 est.
1038 892 1057 924 ι
1115 871 1255 937 Quid
1313 886 1441 925 vero
1480 872 1622 925 illam
1683 868 1926 935 adduxit,
1975 878 2032 924 ut
2078 871 2268 923 initum

681 980 806 1019 cum
856 964 1060 1032 angelis
1094 962 1423 1030 colloquium
1462 961 1833 1022 intercideret,
1862 970 1917 1015 ct
1967 969 2269 1014 retrorsum

682 1073 803 1112 sese
861 1052 1244 1109 coaverteret?
1292 1052 1365 1106 Ex
1423 1052 1539 1120 ipso
1574 1061 1793 1119 aspectu
1838 1050 2133 1119 habituque
2163 1064 2259 1101 au-

680 1151 925 1219 gelorum
960 1148 1250 1216 quemdam
1306 1144 1410 1197 sibi
1475 1143 1639 1196 dorso
1670 1143 2041 1195 imminentem
2076 1141 2266 1195 sensit.

678 1243 986 1295 Accedente
1009 1240 1153 1293 enim
1176 1238 1404 1291 Domino
1423 1236 1596 1307 angeli
1620 1237 1799 1290 statim
1828 1242 2267 1298 assurrexerunt,

680 1334 985 1387 indicantes
1049 1342 1305 1401 aspectus
1364 1329 1696 1393 mutatione,
1756 1326 1881 1395 quis
1939 1326 2265 1380 advenisset.

680 1426 800 1493 Quo
828 1440 958 1479 sane
987 1424 1104 1477 viso
1140 1422 1305 1475 Maria
1339 1430 1391 1475 et
1420 1421 1536 1489 ipsa
1565 1424 1838 1473 convertit
1869 1419 2139 1482 obtutum,
2172 1430 2269 1470 nec

682 1534 814 1574 vero
867 1518 1107 1585 agnovit,
1142 1517 1265 1585 quis
1312 1521 1477 1577 esset,
1535 1514 1627 1582 qui
1680 1527 1800 1565 eam
1861 1511 2265 1577 interrogabat:

684 1628 702 1661 ι
743 1609 957 1672 Mulier,
990 1607 1121 1676 quid
1161 1604 1377 1675 ploras?
1416 1619 1579 1673 quem
1626 1604 1867 1671 quaeris?
1902 1622 1920 1653 ›
1960 1604 2052 1655 Vel
2100 1603 2270 1655 nimio

676 1702 783 1755 diei
833 1700 1140 1768 Splendore,
1186 1697 1269 1751 vel
1298 1696 1591 1751 ﬂuentibus
1620 1690 1827 1747 aifatim
1879 1695 2133 1765 lacrymis
2174 1693 2270 1747 ob-

678 1803 797 1846 tusa
832 1792 1113 1845 oculorum
1146 1790 1295 1853 acie;
1350 1803 1446 1842 seu
1480 1788 1663 1856 potius
1698 1786 1895 1839 factum
1946 1788 1998 1839 id
2051 1795 2136 1839 est
2187 1785 2268 1838 di-

2372 592 2465 643 τὸν
2527 590 2718 653 ζέοντα
2780 588 2946 642 πόθον
3023 588 3186 652 ἰδὼν,
3249 588 3577 658 αὐτομάτως
3648 588 3963 654 ἐφίσταται.

2380 701 2396 732 ι
2436 682 2747 750 Στραφεῖσα
2779 681 2889 750 γάρ
2914 679 3115 743 ὀπίσω,
3144 678 3330 749 βλέπει
3357 679 3450 732 τὸν
3482 678 3693 749 Ἰησοῦν
3722 679 3965 743 ἐστῶτα,

2374 777 2468 843 καὶ
2500 774 2599 825 οὐκ
2628 772 2742 843 ᾔδει
2768 774 2851 825 ὅτι
2895 772 3104 844 Ἰησοῦς
3132 776 3269 826 ἐστι.
3302 790 3319 823 ι
3357 773 3422 825 Τί
3461 772 3518 826 δέ
3541 774 3601 825 τὸ
3638 775 3835 825 πεῖσαν
3866 774 3969 825 at}-

2372 866 2471 935 τὴν
2522 863 2851 934 καταλείψαι
2904 866 3005 937 τὴν
3058 866 3175 935 μετ’
3234 865 3487 933 ἀγγέλων
3533 864 3810 932 διάλεξιν,
3869 869 3966 917 καὶ

2374 958 2721 1029 ὑποστρέψαι
2768 961 2848 1022 είς
2885 960 2953 1013 τὰ
2999 959 3205 1024 ὀπίσω;
3255 960 3351 1012 Ἐκ
3415 962 3514 1029 τῆς
3558 958 3667 1011 τῶν
3705 959 3965 1027 ἀγγέλων

2374 1046 2549 1114 ὂψεως
2589 1046 2812 1101 καὶτοῦ
2852 1048 3133 1119 σχήματος
3168 1048 3367 1119 ᾔσθετό
3408 1066 3556 1111 τινος
3600 1051 3966 1101 ἐπισκιάσαν-

2373 1157 2463 1203 τος
2502 1140 2640 1210 αὐτῇ
2677 1140 2740 1193 τὸ
2783 1141 3149 1210 μετάφρενον.
3186 1140 3544 1204 Ἐπιστάντος
3584 1141 3694 1210 γὰρ
3720 1140 3817 1193 τοῦ
3855 1142 3969 1194 Κυ-

2375 1232 2518 1302 ρίου,
2555 1233 2609 1284 οἱ
2649 1232 2873 1299 ἄγγελοι
2906 1233 3070 1295 εὐθὺς
3124 1233 3224 1303 τῆς
3255 1233 3526 1303 καθέδρας
3577 1233 3866 1304 ἀνέθορον,
3896 1236 3965 1304 τῇ

2378 1324 2662 1395 μεταϐολῇ
2700 1328 2801 1395 τῆς
2835 1325 3012 1395 ὅψεως
3041 1326 3134 1379 τὸν
3166 1325 3470 1379 ἐπιστάντα
3497 1324 3867 1395 δηλώσαντες.
3900 1326 3965 1378 Ὃ

2374 1417 2437 1485 δὴ
2471 1419 2665 1488 Μαρία
2712 1418 3031 1488 θεασαμένη
3070 1418 3171 1487 τὴν
3199 1418 3323 1487 ὄψιν
3359 1417 3701 1487 ὑπέστρεψεν
3731 1434 3744 1447 ·
3770 1418 3831 1469 ού
3861 1417 3969 1487 μὴν

2373 1508 2609 1574 ἐπέγνω,
2642 1508 2725 1573 τίς
2757 1504 2826 1580 ἦν
2868 1512 2896 1561 ὁ
2928 1507 3248 1578 πυθόμενος
3275 1523 3289 1537 ·
3336 1527 3353 1559 ι
3407 1507 3592 1573 Γύναι,
3626 1508 3677 1560 τί
3719 1508 3966 1570 κλαίειςς

2372 1602 2495 1653 τίνα
2556 1601 2768 1670 ζητεῑςς
2812 1621 2830 1653 ι
2867 1603 2981 1670 Τῆς
3034 1620 3094 1655 τε
3133 1602 3348 1672 ἡμέρας
3398 1600 3831 1671 διαυγαζούσης,
3876 1601 3971 1652 καὶ

2374 1692 2475 1760 τῆς
2527 1693 2707 1761 ὅψεως
2760 1695 2826 1763 τῇ
2886 1695 2986 1764 ῥοῇ
3036 1694 3145 1745 τῶν
3204 1692 3463 1763 δακρύων
3518 1692 3967 1761 ἀμϐλυνομένης,

2378 1784 2582 1853 μᾶλλον
2628 1785 2685 1837 δὲ
2740 1784 2843 1854 τῆς
2889 1784 3043 1848 θείας
3094 1785 3381 1854 δυνάμεως
3438 1784 3600 1838 τοῦτο
3658 1785 3969 1853 οἰκονομία.

678 1885 815 1937 \iuae
866 1882 1121 1953 potentiae
1148 1878 1526 1949 dispositione.
1568 1895 1586 1927 ι
1626 1875 1847 1947 Mulier,
1879 1876 2006 1946 quid
2049 1876 2264 1945 plorasi

2381 1894 2399 1926 ι
2432 1874 2621 1939 Γύναι,
2654 1874 2707 1927 τί
2762 1873 3011 1941 κλαίεις;
3054 1874 3177 1927 τίνα
3221 1875 3438 1944 ζητεῖςς
3475 1893 3492 1925 ι
3544 1874 3970 1943 ἐπιπλήττοντὸς

676 1992 836 2044 quem
870 1972 1141 2045 quaeris?»
1172 1970 1629 2041 reprehendentis
1650 1970 1810 2025 verba
1835 1980 1981 2036 sunt,
2011 1981 2065 2024 et
2096 1972 2270 2024 incre-

672 2068 957 2121 dulitatem
988 2065 1371 2134 exprobrantis
1401 2080 1414 2115 :
1456 2064 1537 2117 sic
1575 2062 1720 2117 enim
1758 2064 1907 2116 visus
1935 2072 2019 2116 est
2047 2062 2266 2117 dicere:

670 2158 811 2212 Cum
858 2174 941 2223 me
972 2171 1075 2208 una
1106 2171 1228 2208 cum
1270 2151 1575 2221 alialhlaria
1625 2152 1828 2206 videris
1856 2151 1988 2223 (40),
2018 2164 2071 2205 et
2102 2153 2269 2221 pedes

672 2250 847 2306 fueris
874 2249 1203 2318 amplexata,
1232 2248 1396 2301 etiam
1433 2261 1575 2300 nunc
1605 2246 1657 2300 in
1696 2246 1955 2316 ambiguo
1984 2244 2270 2299 versaris?

674 2341 783 2398 Sed
844 2356 1021 2411 neque
1074 2338 1554 2408 reprehensionem
1590 2336 1793 2403 sensit,
1842 2350 1943 2390 nec
1976 2335 2151 2404 ipsum
2191 2334 2270 2389 lo-

673 2448 930 2507 quentem
964 2435 1228 2504 agnovit;
1263 2431 1589 2486 existimans
1620 2444 1751 2484 vero
1784 2430 1928 2484 illius
1963 2430 2106 2483 horti
2148 2442 2270 2484 esse

672 2529 840 2601 κάς
870 2538 1203 2591 curatorem,
1256 2525 1331 2577 ait
1381 2523 1501 2578 illi:
1558 2541 1577 2575 ι
1620 2522 1676 2576 Si
1706 2531 1762 2577 tu
1794 2521 2063 2577 sustulisti
2116 2536 2266 2587 eum,

674 2627 841 2677 drcito
895 2621 1046 2684 milii,
1102 2620 1190 2673 ubi
1243 2617 1475 2686 posuisti
1514 2630 1673 2679 eum,
1728 2625 1783 2669 et
1839 2629 1939 2683 ego
1983 2629 2108 2667 eum
2167 2613 2269 2668 tol-

670 2715 801 2770 lam.
838 2732 855 2764 ι
891 2713 1037 2767 Bene
1068 2713 1245 2782 ipsum
1282 2710 1552 2778 reputavit
1582 2708 1723 2763 horti
1755 2706 2021 2763 cultorem
2054 2721 2266 2762 :novus

673 2806 874 2877 quippe
919 2812 1040 2857 era:
1072 2804 1265 2867 Adam,
1314 2804 1405 2871 qui
1444 2802 1678 2870 primum
1713 2800 1861 2854 illum
1896 2800 2040 2854 horti
2089 2802 2266 2854 culto-

674 2916 813 2963 rem,
874 2908 1036 2966 atque
1090 2895 1373 2951 custodem
1411 2895 1578 2957 illius,
1634 2894 1879 2963 inquam,
1915 2893 2058 2947 horti
2096 2892 2262 2947 Edent

678 3002 851 3046 totum
904 2995 955 3044 in
998 3007 1055 3045 se
1086 2997 1400 3059 receperat:
1452 2996 1509 3042 et
1558 2987 1609 3040 in
1638 2986 1801 3041 horto
1836 2987 2066 3040 traditus
2096 2996 2150 3040 et
2207 2986 2262 3039 in

673 3085 833 3138 horto
864 3084 1107 3153 sepultus
1141 3083 1339 3148 fuerat,
1370 3090 1428 3133 ut
1456 3080 1715 3133 nimirqu
1753 3079 1990 3149 paradisi
2044 3080 2259 3135 hortum

674 3177 875 3229 iterum
908 3177 1116 3227 Adamo
1166 3173 1478 3243 largiretur.
1539 3189 1558 3222 ι
1593 3170 1650 3225 Si
1699 3184 1751 3225 tu
1784 3172 2055 3227 sustulisti
2113 3186 2260 3235 eum,

676 3271 844 3324 dicito
875 3268 1028 3331 mihi,
1072 3268 1161 3321 ubi
1212 3266 1442 3336 posuisti
1498 3279 1646 3319 eum.
1710 3283 1728 3315 ι
1770 3263 1908 3331 Quid
1966 3272 2261 3329 mortuum,

676 3363 889 3432 inquit,
966 3363 1089 3416 hinc
1148 3359 1517 3414 transtulisti?
1570 3372 1637 3411 an
1708 3356 2014 3411 abhorrens
2062 3357 2263 3426 ipsum,

672 3469 775 3509 nec
830 3456 880 3507 in
930 3464 1021 3507 tuo
1056 3454 1205 3505 illum
1248 3452 1408 3503 borto
1450 3450 1639 3519 jacere
1695 3446 1858 3501 facile
1890 3461 2108 3516 passus,
2173 3459 2268 3514 per

676 3562 1059 3620 contemptum
1107 3557 1162 3602 et
1219 3546 1486 3600 incuriam
1538 3559 1661 3599 eum
1721 3543 1972 3613 abjecisti
2026 3543 2268 3611 insepul-

676 3642 831 3696 tum?
884 3642 972 3695 dic
1036 3640 1168 3693 milii
1232 3651 1342 3706 quo
1398 3652 1521 3693 eum
1571 3634 1979 3703 transposuisti,
2030 3643 2088 3688 ut
2129 3648 2266 3688 onus

674 3737 798 3800 hoc,
832 3736 975 3803 quod
1005 3732 1165 3786 facile
1195 3730 1480 3799 complecti
1532 3729 1691 3794 ulnis;
1719 3738 1772 3781 et
1799 3740 2013 3798 gestare
2053 3736 2263 3796 potero,

674 3841 785 3896 quo
819 3826 1040 3879 voluero
1076 3825 1193 3893 ipsa
1228 3832 1527 3892 reportent.
1581 3820 1723 3887 Quid
1774 3822 1937 3890 igitur
1976 3818 2268 3873 Salvator?

675 3918 849 3972 Tanta
900 3932 1021 3971 eam
1059 3916 1258 3969 mentis
1289 3914 1549 3969 tarditate
1582 3913 1779 3976 teneri,
1832 3927 1933 3966 nec
1961 3912 2263 3980 quidquam

673 4014 741 4067 de
798 4012 1205 4066 resurrectione
1255 4009 1497 4079 cogitare
1554 4007 1764 4070 videns,
1817 4007 1932 4060 sola
1980 4005 2268 4073 compella-

674 4108 818 4160 tione
854 4121 974 4159 eam
1017 4104 1225 4158 excitat
1254 4105 1322 4156 ad
1377 4102 1516 4156 bene
1542 4100 1908 4155 sentiendum.
1952 4117 1969 4150 ι
2004 4098 2197 4162 Mai-ia,
2236 4116 2254 4148 ι

675 4214 941 4253 conversa
980 4212 1199 4251 suavem
1236 4195 1379 4248 illam
1411 4208 1595 4246 vocem
1629 4193 1870 4263 agnovit,
1907 4201 1961 4246 et
2010 4192 2263 4246 omnibus

671 4292 947 4347 cumulata
982 4288 1181 4342 lanitiis
1214 4287 1515 4357 respondit,
1554 4303 1571 4336 ι
1608 4284 1884 4354 Magister.
1922 4303 1939 4335 ι
1971 4282 2106 4339 Cum
2142 4282 2261 4352 pri-

673 4399 823 4437 mum
877 4390 1194 4435 consuetam
1255 4385 1477 4449 agnovit
1537 4379 1950 4439 salutationem,
2002 4379 2263 4433 continuo

671 4468 1053 4523 immaculatos
1121 4466 1241 4520 illos
1305 4466 1466 4535 pedes
1518 4476 1703 4521 tenere
1775 4467 2089 4528 festinavit,
2166 4467 2261 4521 sed

2375 1968 2493 2021 ἐστι
2524 1968 2585 2021 τὸ
2632 1967 2816 2038 ῥῆμα,
2852 1970 2949 2022 καὶ
2989 1969 3089 2040 τὴν
3143 1970 3409 2023 ἀπιστίαν
3459 1968 3927 2033 κατονειδίζοντος
3954 1986 3965 1998 ·

2374 2059 2521 2113 ἔοικε
2554 2059 2664 2130 γὰρ
2707 2058 2868 2113 τοῦτο
2922 2059 3107 2113 λαλεῖν
3141 2079 3154 2091 ·
3206 2062 3363 2115 Μετὰ
3407 2066 3504 2132 τῆς
3538 2062 3703 2132 ἄλλης
3747 2062 3971 2133 Μαρίις

2375 2150 2699 2221 θεασαμένη
2764 2169 2856 2222 με,
2921 2153 3019 2205 καὶ
3078 2154 3205 2216 τοὺς
3261 2155 3429 2217 πόδας
3478 2156 3826 2224 κρατήσασα,
3888 2156 3970 2208 ἐτι

2377 2243 2563 2313 μένεις
2621 2243 2958 2313 ἀμφίϐολος;
3049 2245 3193 2298 Ἀλλ’
3266 2245 3390 2299 οὔτε
3461 2247 3561 2315 τῆς
3623 2248 3970 2317 ἐπιπλήξεως

2372 2334 2591 2406 ᾔσθετο,
2647 2334 2773 2388 οὔτε
2842 2336 3006 2390 αὑτὸν
3064 2339 3283 2407 ἐπέγνω
3346 2340 3437 2392 τὸν
3499 2342 3728 2409 λέγοντα
3770 2358 3782 2371 ·
3844 2343 3970 2410 οίηο

2372 2428 2528 2482 θεῖσα
2560 2428 2619 2482 δὲ
2664 2429 2758 2484 τὸν
2815 2430 2909 2483 τοῦ
2967 2433 3148 2484 ἐκεῖσε
3200 2435 3382 2502 κήπου
3446 2432 3586 2487 εἶναι
3640 2434 3967 2505 μελεδωνὸν,

2372 2520 2527 2591 λέγει
2595 2522 2747 2594 αύτῷ
2804 2539 2817 2553 °
2871 2543 2888 2575 ι
2950 2525 3015 2577 Εί
3086 2527 3152 2578 σὺ
3205 2525 3516 2592 ἐβάστασας
3573 2530 3780 2593 αὑτὸν,
3842 2530 3973 2581 εἰπέ

2379 2634 2470 2685 μοι
2541 2617 2643 2670 ποῦ
2731 2616 2936 2687 ἔθηκας
3007 2619 3213 2683 αὑτὸν,
3296 2622 3452 2689 κάγὼ
3524 2623 3687 2676 αὑτὸν
3758 2623 3902 2691 ἀρῶ.
3947 2640 3965 2673 ι

2375 2705 2577 2769 Καλῶς
2625 2707 2792 2760 αὐτὸν
2840 2709 3123 2780 κηπουρὸν
3172 2711 3517 2764 ὑπετόπασεν
3547 2730 3560 2742 ·
3594 2714 3713 2777 νέος
3748 2712 3857 2783 γὰρ
3900 2708 3969 2783 ἦν

2384 2799 2577 2869 ’Δδὰμ,
2628 2800 2721 2852 τὸν
2755 2802 2978 2870 πρῶτον
3006 2804 3292 2872 κηπουρὸν
3342 2806 3438 2858 καὶ
3469 2803 3712 2871 φύλακα,
3744 2806 3837 2857 τὸν
3862 2806 3966 2873 τῆς

2381 2893 2545 2961 Ἐδέμ
2582 2894 2762 2964 κήπου
2809 2893 2931 2947 ὅλον
2978 2895 3385 2965 ἀναδεξάμενος
3406 2912 3418 2925 ·
3448 2897 3543 2950 καὶ
3578 2898 3637 2948 ἐν
3673 2898 3838 2967 κήπῳ
3862 2912 3969 2947 πα-

2374 2984 2646 3054 ραδοθεὶς,
2678 2986 2778 3039 καὶ
2824 2986 2884 3039 ἐν
2920 2989 3087 3057 κήπῳ
3143 2989 3489 3054 κατατεθεὶς,
3539 2990 3626 3042 ῖνα
3660 2990 3753 3043 τὸν
3788 2991 3970 3057 κῆπον

2364 3077 2461 3131 τοῦ
2491 3080 2827 3149 παραδείσου
2860 3080 2939 3149 τῷ
2984 3080 3163 3150 Ἀδὰμ
3195 3080 3355 3144 αὖθις
3385 3082 3708 3153 χαρίσηται.
3743 3102 3761 3134 ι
3802 3084 3863 3135 Εἰ
3901 3088 3967 3139 σὺ

2367 3172 2681 3235 ἐϐάστασας
2711 3173 2899 3240 αὐτὸν,
2931 3172 3056 3225 είπέ
3083 3191 3198 3244 μοι,
3236 3175 3341 3227 ποῦ
3367 3175 3574 3244 ἔθηκας
3596 3177 3792 3230 αὐτόν.
3833 3196 3851 3229 ι
3900 3178 3968 3230 Τί

2372 3265 2713 3335 μετέθηκας,
2750 3266 2905 3335 φησὶ,
2939 3267 3033 3319 τὸν
3065 3257 3294 3337 νείρὸνς
3341 3268 3768 3339 βδελυττόμενος
3808 3270 3965 3335 ἴσως,

2370 3358 2466 3410 καὶ
2500 3360 2575 3429 μὴ
2606 3358 2779 3411 θέλων
2810 3361 2870 3411 ἐν
2898 3357 2977 3427 τῷ
3023 3360 3189 3429 κήπῳ
3220 3376 3315 3413 σου
3366 3362 3588 3414 κεῖσθαι
3640 3362 3848 3425 eam;
3869 3368 3968 3417 καὶ

2372 3450 2657 3521 ὀλιγώρως
2709 3454 2805 3503 καὶ
2856 3451 3075 3521 ἀκηδῶς
3124 3452 3358 3523 ἔρριψας
3405 3453 3648 3523 ἄταφον;
3688 3455 3811 3508 εἰπέ
3850 3473 3965 3523 μοι,

2370 3545 2474 3598 ποῦ
2499 3544 2690 3597 τοῦτον
2726 3544 3058 3614 μετέθηκας,
3089 3545 3174 3596 ῖνα
3201 3544 3341 3614 αὐτὴ
3375 3545 3437 3596 τὸ
3469 3546 3779 3611 εὐάγκαλον
3801 3549 3967 3601 τοῦτο

2371 3633 2593 3704 φορτίον
2626 3632 2975 3702 βαστάσασα,
3002 3633 3369 3702 μετακομίσω
3416 3634 3546 3687 ἔνθα
3571 3636 3635 3703 δὴ
3674 3637 3965 3706 βούλομαι.

2369 3728 2435 3779 Τί
2489 3726 2581 3780 οῦν
2633 3728 2661 3779 ὁ
2712 3726 2948 3796 Σωτήρ;
3008 3725 3265 3799 Τοσαύτη
3337 3727 3540 3797 νωθεία
3594 3730 3968 3800 ἐνισχυμὲνην

2368 3823 2537 3893 ὀρῶν,
2582 3822 2677 3875 καὶ
2712 3821 2919 3891 μηδένα
2965 3820 3227 3891 λογισμὸν
3270 3823 3369 3891 τῆς
3418 3824 3774 3887 ἀναστάσεως
3811 3825 3971 3895 ἔχου-

2370 3931 2493 3977 σαν,
2536 3914 2626 3966 διὰ
2682 3913 2855 3983 μόνης
2904 3912 3008 3981 τῆς
3054 3914 3305 3983 κλήσεως
3354 3916 3623 3982 ἐπανάγει
3674 3918 3852 3986 αὐτὴν
3888 3921 3969 3980 εἰς

2372 4006 2753 4075 συναίσθησιν.
2812 4023 2830 4056 ι
2878 4005 3111 4075 Μαρία·
3162 4024 3181 4057 ι
3240 4010 3545 4076 στραφεῖσα
3598 4009 3816 4075 ἐπέγνω
3868 4011 3969 4080 τὴν

2369 4098 2633 4167 γλυκεῖαν
2683 4094 2893 4167 φωνὴν,
2946 4096 3039 4148 καὶ
3079 4097 3145 4149 ἐκ
3180 4098 3512 4167 περιχαρίας
3554 4098 3703 4167 μάλα
3762 4100 3967 4170 πολλῆς

2366 4188 2646 4261 ἀπεκρίθη
2672 4203 2686 4216 ⁶
2744 4207 2763 4241 ι
2798 4188 3101 4243 Διδάσκαλε
3134 4205 3150 4219 ·
3186 4207 3207 4241 ι
3262 4190 3566 4259 ἐπιγνοῦσα
3610 4192 3673 4243 τὸ
3730 4190 3968 4262 σύνηθες

2369 4282 2692 4353 πρόσρημα,
2738 4284 2832 4335 καὶ
2877 4283 2996 4352 ἃμα
3029 4281 3263 4353 ὥρμησε
3318 4283 3429 4336 τῶν
3473 4285 3767 4354 ἀχράντων
3796 4286 3965 4338 αὑτοῦ

2368 4372 2634 4425 λαϐέσθαι
2664 4372 2845 4425 ποδῶν
2873 4390 2887 4405 ·
2922 4373 3063 4426 ἀλλὰ
3113 4374 3213 4442 τῆς
3264 4376 3638 4445 ἐγχειρήσεως
3683 4376 3966 4445 εἴργεται,

2371 4466 2466 4518 καὶ
2514 4464 2754 4518 ἀκούει·
2805 4483 2825 4517 ι
2864 4467 2956 4535 Μή
2997 4482 3098 4536 μου
3130 4466 3333 4522 ἅπτου.
3374 4485 3392 4517 ι
3436 4468 3528 4538 Μὴ
3556 4471 3965 4541 προσεγγίσῃς,

672 4564 743 4613 ab
810 4560 903 4613 illo
959 4567 1155 4613 conatu
1218 4558 1562 4627 prohibetur,
1613 4566 1667 4611 et
1720 4558 1912 4610 audit:
1978 4575 1995 4608 ι
2028 4557 2145 4611 Noli
2180 4574 2264 4614 me

2374 4559 2531 4628 φησι,
2571 4558 2709 4628 μηδὲ
2763 4557 3005 4626 ἅψασθαι
3039 4560 3312 4630 πειραθῇς
3337 4574 3353 4589 ·
3409 4559 3601 4629 οὐγὰρ
3632 4561 3715 4614 ἔτι
3758 4565 3966 4633 σαρκὸς

671 4660 915 4719 tangere,
957 4668 977 4701 ι
1048 4647 1128 4703 Ne
1199 4650 1626 4718 appropinques,
1698 4648 1892 4717 inquit,
1951 4662 2126 4717 neque
2179 4664 2267 4704 me

670 4751 896 4813 tangere
948 4751 1227 4810 attentes;
1283 4756 1397 4798 non
1454 4744 1598 4797 enim
1648 4743 1811 4797 etiam
1870 4757 2018 4796 nunc
2075 4744 2258 4797 carnis

2365 4650 2616 4720 ἐπιφέρω
2646 4649 2966 4719 παχύτητα,
3004 4650 3080 4713 ὡς
3112 4651 3278 4720 ἁφαῖς
3308 4652 3638 4705 ὑποκεῖσθαι
3661 4654 3785 4717 ταῖς
3816 4659 3963 4719 σαῖς.

2362 4742 2484 4796 Κᾶν
2505 4742 2697 4813 τρόπῳ
2735 4743 3211 4812 συγκαταϐάσεως
3243 4745 3351 4815 πρὸ
3383 4744 3584 4816 μικροῦ
3612 4745 3741 4809 τοὺς
3785 4747 3962 4817 ἐμοὺς

1915 4894 2243 4957 Francisci
2275 4895 2485 4959 Scorsi
2517 4904 2708 4959 notas.

743 5020 860 5091 (40)
904 5017 1040 5091 Cum
1079 5034 1183 5091 me
1216 5034 1327 5091 ring
1372 5034 1491 5072 cum
1541 5020 1653 5073 alia
1687 5018 1867 5074 Maria
1898 5021 2131 5091 videris.
2188 5020 2264 5074 Ita

667 5088 957 5160 distinguit
989 5090 1106 5144 ha-c
1138 5090 1253 5143 visa
1285 5088 1671 5159 Theophanes,
1708 5104 1815 5143 non
1861 5090 1982 5144 sine
2030 5090 2263 5144 aliorum

669 5174 916 5217 veterum
950 5160 1168 5214 l’atrum
1198 5171 1566 5225 auctoritate;
1607 5162 1673 5213 de
1720 5162 1919 5229 quibus
1963 5160 2085 5214 vide
2120 5162 2263 5215 dicta

673 5232 959 5296 liOtt).i‘29,
989 5243 1102 5285 not.
1132 5232 1189 5295 ‘2,
1224 5232 1277 5294 5,
1313 5243 1367 5283 nt
1403 5230 1865 5301 censeatMariani
1888 5229 2262 5301 Magdalenam

671 5318 778 5357 una
804 5318 927 5357 cum
952 5305 1124 5355 altera
1150 5302 1318 5355 Maria
1352 5315 1577 5371 vespere
1607 5300 1833 5355 Sabbati
1860 5300 2038 5371 primo
2062 5303 2261 5367 exisse,

670 5373 846 5442 iisque
892 5375 1243 5442 redeuntibus
1285 5371 1864 5442 Christumroblatum
1918 5374 1968 5425 in
2028 5373 2133 5423 via.
2188 5371 2264 5425 De

670 5441 778 5511 qua
820 5445 1029 5497 visione
1061 5441 1253 5495 Matth.
1286 5457 1407 5512 cap.
1449 5443 1544 5495 ult.
1583 5441 1787 5496 Deinde
1820 5443 2036 5498 Venisse
2070 5457 2256 5508 mane,

670 5524 729 5567 ut
784 5517 857 5566 ait
904 5513 1061 5569 Joaii.
1114 5528 1233 5581 cap.
1278 5528 1369 5573 xx,
1422 5522 1478 5566 et
1526 5524 1652 5566 tunc
1700 5515 1765 5565 ad
1823 5525 2255 5576 monumentum,

668 5584 915 5638 secundo
955 5588 1127 5637 visum
1180 5586 1249 5635 ab
1282 5598 1343 5636 ea
1379 5582 1659 5637 Christum
1715 5585 2055 5647 redivivum,
2097 5593 2258 5651 atque

669 5657 742 5709 ita
777 5656 1023 5723 procedit
1060 5655 1336 5708 sententia
1380 5654 1543 5723 hujus
1590 5654 1715 5717 loci,
1766 5670 1872 5721 quo
1912 5654 2257 5723 objurgatam

671 5722 971 5779 hisierhis
1022 5739 1050 5776 a
1105 5726 1326 5777 Christo
1374 5722 1747 5791 Magdalenam
1789 5726 1921 5778 dicit
1956 5722 2137 5777 :Cum
2177 5739 2259 5776 me

671 5813 777 5849 una
826 5813 939 5848 cum
983 5796 1093 5847 alia
1145 5794 1321 5847 Maria
1356 5795 1572 5860 videris,
1615 5807 1723 5849 rte.
1774 5795 1969 5849 Verum
1996 5796 2255 5864 probahi-

672 5865 776 5922 lius
831 5870 1065 5933 videtur,
1117 5865 1259 5935 quod
1304 5879 1531 5922 censent
1587 5868 1676 5921 alii
1728 5866 2098 5936 Magdalenam
2149 5878 2255 5920 una

2367 5034 2492 5077 cum
2544 5023 2760 5077 caeteris
2811 5022 3134 5079 mulieribus
3172 5023 3389 5079 venisse
3434 5024 3671 5093 primum
3719 5024 3787 5078 ad
3841 5041 3959 5081 mo-

2368 5105 2717 5165 numentum,
2769 5102 2825 5147 et
2868 5093 3092 5148 invento
3144 5109 3318 5148 vacuo
3370 5097 3653 5162 sepulcro,
3711 5096 3959 5165 visisque

2366 5163 2575 5231 angelis
2602 5166 2832 5218 rediisse
2880 5166 3188 5219 nuntiatum
3232 5164 3516 5234 discipulis
3546 5180 3665 5232 qua:
3704 5163 3959 5221 viderant

2367 5242 2421 5284 et
2454 5234 2740 5286 audierant
2773 5250 2789 5287 :
2822 5234 3015 5288 deinde
3046 5250 3170 5288 cum
3217 5236 3375 5290 Petro
3406 5246 3460 5290 et
3506 5234 3713 5290 Joanne
3746 5252 3842 5290 eas
3874 5254 3959 5292 re-

2367 5318 2551 5357 versas
2574 5306 2815 5357 seciindo
2836 5306 2901 5357 ad
2940 5317 3372 5370 monumentum,
3394 5317 3448 5361 et
3476 5321 3597 5360 cum
3631 5308 3761 5361 visis
3795 5310 3957 5362 modo

2367 5372 2779 5445 linteaminibus
2824 5388 3083 5443 regressa:
3115 5378 3237 5430 alia:
3266 5392 3389 5429 cum
3422 5378 3706 5445 discipulis
3743 5390 3955 5440 essent,

2360 5443 2634 5498 rcsdtisse
2673 5445 3066 5515 Magdalenam,
3101 5458 3160 5502 ut
3197 5457 3387 5500 narrat
3418 5443 3682 5511 Joannes,
3750 5448 3954 5502 vidisse

2359 5516 2591 5582 primam
2650 5518 2892 5567 omnium
2959 5517 3279 5580 Cltristum,
3344 5526 3400 5569 et
3454 5520 3725 5571 concitato
3775 5526 3951 5582 gradu

2359 5594 2668 5637 assecutum
2722 5598 2950 5641 cameras
2997 5589 3049 5639 in
3103 5592 3186 5641 via
3236 5590 3445 5641 tardius
3501 5590 3840 5648 incedente»
3894 5600 3950 5641 et

2360 5657 2603 5707 secundo
2636 5672 2736 5707 una
2772 5672 2895 5709 cum
2928 5661 3143 5711 caeteris
3174 5661 3373 5711 vidisse
3402 5658 3675 5711 Christum
3709 5669 3763 5709 et
3796 5662 3954 5711 Arei:

2358 5728 2427 5796 ab
2458 5727 2550 5777 illo
2580 5728 2882 5796 accepisse,
2928 5740 2980 5783 et
3036 5740 3255 5791 caetera,
3308 5730 3383 5781 uti
3414 5742 3602 5782 narrat
3637 5728 3950 5781 Matiha-ns.

2359 5794 2536 5863 Atque
2588 5794 2935 5852 lucc‘brevis
2985 5814 3196 5853 summa
3255 5800 3413 5865 hujus
3469 5802 3711 5853 hlstoria:
3780 5816 3949 5867 quain

2358 5867 2574 5934 plenius
2613 5880 3015 5939 persequuntur
3050 5872 3397 5940 interpretes,
3430 5886 3567 5939 quos
3596 5871 3737 5924 vide.
