4184 6436
179 400 278 467 ὀ81

1495 381 1827 443 HOMILIA
1868 378 2098 439 XXXV.

3333 370 3445 433 632

180 516 242 589 ἦν
276 522 302 571 ὁ
335 514 624 584 ἄνθρωπος
653 509 757 579 πρὸ
784 506 881 573 τῆς
908 501 1297 571 παραϐάσεως,
1327 496 1452 558 τοὺς
1486 497 1768 561 προϋφαν-

1886 488 2084 542 livinus
2119 484 2369 554 pelliceas
2407 480 2638 551 appellat
2666 479 2872 533 tunicas
2897 479 3033 547 (47‘),
3086 479 3176 548 qui
3212 479 3276 533 ad
3334 498 3450 535 na—

182 584 374 667 θέντας
425 602 665 672 χιτῶνας
721 592 1195 659 ἀπεκδυσάμενος.
1264 586 1588 645 Ἀνάστασις
1651 584 1756 652 γάρ

179 702 324 750 ἐστιν
383 694 417 762 ὴ
464 694 544 753 εἰς
593 688 655 740 τὸ
708 688 936 755 ἀρχαῖον
984 678 1432 736 ἀποκατάστασις
1478 689 1491 702 ·
1552 674 1619 742 ἣν
1666 674 1761 725 καὶ

182 785 339 853 ἡμεῖς
373 773 792 846 ἀπεκδεχόμεθα
824 776 880 824 ὲν
908 774 971 839 τῇ
1008 765 1404 837 παλιγγενεσία
1430 763 1637 826 λαϐεῖν,
1662 763 1762 832 χά-

183 892 288 940 ριτι
324 870 421 925 τοῦ
454 864 1045 939 μεταστοιχειώσαντος
1076 861 1147 913 δι’
1179 856 1376 911 ἑαυτοῦ
1420 856 1515 908 καὶ
1542 854 1761 922 ἀφθαρο

178 966 433 1026 τίσαντος
467 961 567 1031 τὴν
617 959 781 1027 φύσιν
810 956 989 1025 ἡμῶν,
1030 951 1126 1005 τοῦ
1183 948 1413 1020 Κυρίου,
1463 946 1557 999 καὶ
1600 942 1758 1008 Θεοῦ,

181 1058 275 1109 καὶ
320 1056 577 1122 Σωτῆρος
608 1050 767 1120 ἡμῶν
816 1047 988 1117 Ἰησοῦ
1036 1040 1301 1112 Χριστοῦ,
1441 1041 1475 1108 ἡ
1514 1037 1648 1102 δόξα
1676 1036 1761 1099 εἰς

146 1141 152 1170 ⁵
178 1152 304 1208 τοὺς
346 1147 554 1208 αἰῶνας
584 1143 693 1193 τῶν
720 1140 954 1194 αἰώνων.
999 1137 1191 1205 Ἀμήν.

1870 590 2047 633 turam
2076 584 2320 629 nostram
2356 572 2749 628 restituendam
2783 573 2949 635 venit,
3003 571 3177 625 factus
3218 581 3303 625 est
3331 574 3451 639 qui-

1870 673 1992 724 dem
2031 669 2185 737 quod
2232 665 2400 719 Adam
2432 674 2551 734 post
2581 663 3071 731 transgressionem
3103 662 3218 733 (48)
3251 680 3266 717 :
3303 675 3445 730 post-

1868 775 2029 827 quam
2064 770 2256 823 passus
2287 762 2391 817 est,
2427 763 2480 806 ct
2509 752 2815 808 resurrexit
2846 750 3158 806 reformavit
3201 762 3449 805 naturam

1872 850 1985 920 (49)
2017 852 2082 903 ad
2116 850 2188 915 id,
2240 849 2383 916 quod
2416 855 2538 900 erat
2586 846 2745 900 homo
2784 854 2913 898 ante
2963 845 3450 912 transgressionem

1868 956 2074 995 exuens
2098 941 2308 993 tunicas
2338 940 2480 1002 jante
2511 945 2811 991 contentas.
2837 933 3186 989 Resurrcctio
3216 936 3359 988 enim
3396 935 3450 986 in

1868 1033 2159 1102 pristinum
2187 1040 2391 1084 statum
2417 1038 2501 1084 est
2528 1028 2801 1083 restitutio
2831 1047 2845 1081 :
2873 1043 3031 1096 quam
3054 1038 3111 1082 et
3137 1027 3190 1080 in
3225 1041 3451 1096 regenc-
3486 1016 3492 1021 ’

1872 1124 2083 1178 ratione
2108 1122 2363 1189 consequi
2387 1130 2787 1188 exspectamus,
2818 1120 3121 1187 gratia‘ejus
3149 1120 3239 1188 qui
3273 1134 3367 1187 per
3397 1133 3456 1172 se

180 1247 352 1305 ipsum
397 1235 735 1299 reformavit,
770 1243 826 1289 et
876 1231 1279 1296 incorruptione
1343 1224 1563 1279 donavit
1603 1230 1855 1277 naturam
1911 1227 2173 1284 nostram,
2219 1215 2456 1279 Domini,
2507 1223 2561 1269 et
2620 1213 2713 1266 Dei
2755 1211 3056 1267 Salvatoris
3110 1214 3283 1268 nostri
3322 1211 3453 1268 Jesu

180 1335 407 1400 Chrisﬁ,
450 1332 537 1387 cui
574 1330 741 1401 gloria
781 1331 831 1381 in
861 1326 1053 1382 szccula
1086 1323 1431 1381 saeculorum.
1471 1320 1664 1374 Amen.

764 1442 1003 1495 ΟΜΙᾹΙᾹ
1043 1437 1167 1491 AE'.

575 1562 678 1624 Εἷς
712 1558 774 1610 τι)
814 1558 1072 1609 ἔννατον
1105 1550 1371 1603 ἑωθινόν.

251 1700 272 1730 ι
315 1676 496 1741 Οὔσης
519 1674 676 1742 ὀψίας
707 1676 771 1742 τῇ
811 1670 997 1742 ἡμέρᾳ.
1031 1667 1233 1737 ἐκείνῃ,
1266 1668 1333 1733 τῇ
1363 1663 1462 1731 μιᾷ
1492 1660 1597 1716 τῶν
1628 1659 1767 1713 Σαϐο

174 1773 393 1832 Gitoni,
428 1770 521 1819 καὶ
548 1768 657 1819 τῶν
688 1764 870 1833 θυρῶν
902 1759 1313 1826 κεκλεισμένων
1333 1798 1347 1820 ,
1382 1755 1515 1806 ὅπου
1549 1749 1688 1823 ἦσαν
1719 1752 1768 1803 οἱ

2389 1422 2676 1480 ΗΘΜΗᾸᾹ
2716 1424 2933 1478 XXXV.

2326 1539 2391 1593 In
2425 1555 2617 1599 nonum
2656 1540 3002 1592 matutinum.

1942 1678 1962 1711 ι
2012 1660 2144 1713 Cum
2183 1671 2309 1713 sero
2343 1665 2489 1710 esset
2515 1654 2603 1708 die
2637 1653 2727 1705 illa
2754 1692 2768 1716 ,
2827 1667 2937 1707 una
2972 1653 3372 1721 Sabhatorum,
3406 1668 3460 1712 ct

1877 1756 2025 1810 fores
2082 1762 2267 1807 essent
2317 1751 2559 1810 clausae,
2612 1749 2700 1802 ulti
2735 1759 2891 1802 erant
2928 1748 3176 1816 discipuli
3228 1764 3457 1819 congre-

180 1828 429 1930 μαθηταὶ
461 1828 814 1927 συνηγμένοι.
848 1873 865 1903 ›
903 1851 1173 1920 Ζητητέον
1204 1849 1315 1909 τοῖς
1346 1845 1453 1897 τῶν
1482 1844 1644 1914 ἱερῶν
1664 1844 1770 1896 Λο-

1886 1847 1986 1914 gati
2022 1846 2091 1898 ⁸⁷.
2132 1863 2149 1895 ι
2193 1842 2559 1910 Quaerendum
2611 1841 2825 1894 videtur
2856 1842 2924 1895 iis
2976 1842 3067 1910 qui
3117 1856 3274 1896 sacra
3308 1860 3462 1897 scru-

181 1955 317 2019 γξων
342 1952 682 2015 ὲξετασταίς,
708 1948 793 2000 διὰ
823 1946 873 1997 τί
905 1948 1021 2004 ταῖς
1054 1942 1151 2011 μὲν
1183 1940 1415 2008 γυναιξὶ,
1448 1937 1767 1991 ἀνατείλαν-

180 2064 269 2108 τος
313 2047 408 2098 τοῦ
457 2045 644 2113 ἡλίου,
696 2040 789 2094 καὶ
838 2038 1039 2109 δρθρου
1092 2034 1282 2105 βαθέος
1328 2032 1486 2099 Gratia
1534 2026 1771 2097 Χριστὸς

179 2138 322 2207 μετὰ
350 2136 449 2206 τὴν
476 2135 793 2194 ἀνάστασιν,
842 2130 953 2188 τοῖς
1001 2126 1053 2178 δὲ
1106 2124 1397 2194 μαθηταῖς,
1443 2118 1623 2188 πέρας
1669 2115 1770 2183 ἤδη

179 2206 439 2289 λιττὸντος
478 2227 571 2278 τοῦ
612 2218 873 2293 ἡμερινοῦ
913 2218 1302 2286 διαστήματος.
1343 2211 1452 2263 Καὶ
1490 2211 1631 2261 κατὰ
1672 2206 1771 2275 μὲν

181 2325 239 2373 τὸ
271 2322 373 2389 τῆς
411 2318 657 2387 ἱστορίας
694 2310 1006 2372 ἀκόλουθον,
1046 2306 1341 2375 ἐπειδήπερ
1373 2301 1514 2361 εἰκὸς
1547 2296 1615 2370 ἦν
1648 2298 1772 2358 τοὺς

184 2412 462 2479 μαθητὰς,
494 2408 706 2477 ἡμέρας
745 2405 846 2474 μὲν
879 2402 1036 2456 ἄλλον
1068 2396 1301 2467 ἀλλαχοῦ
1336 2390 1771 2450 διασκίδνασθαι,

181 2504 249 2565 ὡς
273 2504 392 2555 ἐστι
421 2497 824 2568 τεκμαίρεσθαι
854 2495 960 2546 ἀπὸ
990 2493 1098 2544 τῶν
1131 2487 1510 2558 πορευθέντων
1532 2486 1611 2546 εἰς
1642 2484 1773 2549 Ἐμ-

188 2594 358 2661 μαούς
384 2608 398 2621 '
442 2593 520 2653 εἰς
555 2590 613 2641 ἓν
661 2589 717 2640 δὲ
754 2587 950 2649 αὖτοὺς
985 2583 1219 2649 συνῆγεν
1255 2582 1287 2648 ὴ
1325 2578 1421 2642 νύξ
1446 2593 1459 2606 ⁴
1496 2577 1582 2629 διὰ
1615 2575 1774 2627 τοῦτο

182 2686 345 2753 ὀψίας
380 2684 565 2742 αὐτοῖς
599 2680 965 2747 ἐπιφαίνεται.
1000 2673 1214 2735 Νυκτὸς
1248 2672 1355 2740 γὰρ
1392 2668 1777 2739 συνηγείροντο

186 2780 240 2829 ὲν
270 2782 335 2846 τῇ
374 2775 524 2846 οἰκίᾳ
555 2774 726 2834 Σιὼν,
761 2772 854 2824 καὶ
890 2771 954 2839 τῇ
991 2767 1119 2836 περὶ
1149 2764 1240 2817 τοῦ
1264 2761 1595 2816 Διδασκαλου
1630 2759 1773 2829 λύπῃ

186 2869 578 2937 ἀσχάλλοντες,
614 2866 706 2916 καὶ
742 2862 817 2931 τῷ
851 2861 957 2913 τῶν
1002 2858 1268 2913 Ἰουδαίων
1304 2855 1454 2922 φόϐῳ
1489 2853 1773 2914 ἀλύοντες,

186 2964 266 3024 εἰς
310 2962 369 3013 ἓν
406 2959 680 3019 συνιόντες
723 2953 1097 3008 ἀνεκοινοῦντο
1130 2950 1189 3003 τὸ
1234 2948 1439 3011 πάθος,
1475 2948 1596 3007 ταῖς
1637 2962 1777 3013 χρη-

191 3052 343 3110 σταῖς
376 3048 473 3100 τοῦ
516 3047 769 3113 Σωτῆρος
810 3040 1159 3109 ἐπαγγελίαις
1209 3039 1304 3100 τὰς
1342 3036 1521 3106 ψυχὰς
1569 3033 1779 3104 ῥιπιξό-

190 3160 363 3210 μενοι.
403 3140 719 3210 Ἐφίσταται
774 3137 902 3203 γοῦν
950 3135 1110 3202 ὀψίας
1160 3132 1367 3194 αὐτοῖς,
1415 3128 1509 3181 καὶ
1563 3127 1778 3180 ἵσταται

1883 1944 2067 1991 tantur
2101 1934 2327 2002 Eloquia
2356 1974 2370 1998 ,
2406 1932 2541 2001 quid
2578 1932 2651 1985 sit
2680 1932 2821 1999 quod
2857 1930 3174 1985 mulieribus
3200 1944 3323 1987 orto
3348 1938 3459 2001 jam

1880 2030 2025 2092 sole,
2057 2038 2108 2084 et
2142 2028 2304 2082 valde
2361 2026 2597 2079 diluculo
2629 2033 2749 2093 post
2793 2025 3249 2079 resurrectionem
3297 2042 3466 2097 appa-

1882 2124 2055 2178 ruerit
2084 2122 2364 2186 Dominus,
2398 2117 2681 2185 discipulis
2712 2131 2863 2178 vero,
2900 2133 3023 2172 cum
3052 2116 3311 2173 diurnum
3338 2136 3463 2189 spa-

1886 2217 2018 2269 tium
2052 2214 2165 2283 ja_m
2197 2222 2418 2281 caperet
2470 2212 2651 2263 linem.
2690 2209 2757 2264 Et
2798 2210 3022 2280 quidem
3060 2211 3106 2265 si
3133 2213 3287 2278 juxta
3330 2228 3466 2267 con-

1887 2316 2174 2376 gruentem
2207 2304 2449 2358 hismrim
2507 2317 2727 2357 sensum
2766 2302 2815 2356 id
2849 2302 3294 2368 consideremus,
3331 2321 3467 2374 quo-

1883 2399 2028 2452 niam
2093 2396 2392 2451 verisimile
2447 2403 2553 2459 est,
2602 2395 2833 2449 interdiu
2882 2396 2988 2448 alio
3032 2396 3168 2451 alios
3220 2398 3465 2468 dilapsos

1882 2504 2022 2553 esse,
2066 2490 2386 2558 discipulos,
2416 2496 2477 2541 ut
2525 2503 2589 2542 ex
2638 2488 2962 2542 abeuntibus
2996 2488 3050 2542 in
3084 2488 3464 2546 Emmauntem

1883 2583 2156 2652 conjicere
2230 2591 2338 2637 est.
2399 2581 2473 2633 At
2523 2594 2651 2634 vero
2709 2579 2875 2650 248
2927 2582 2978 2634 in
3020 2597 3187 2636 unum
3223 2600 3327 2639 nox
3373 2602 3468 2641 eos

1886 2676 2110 2746 cogebat
2163 2692 2177 2728 :
2228 2674 2347 2728 ideo
2420 2688 2544 2727 cum
2605 2687 2730 2726 sero
2792 2681 2972 2736 esset,
3053 2674 3159 2729 illis
3222 2688 3467 2746 apparet.

1886 2768 2021 2820 Cum
2062 2774 2467 2831 vesperasceret
2498 2762 2643 2815 enim
2688 2760 2741 2815 in
2781 2762 2998 2816 domum
3029 2762 3211 2820 Sionis
3238 2780 3463 2837 congre-

1886 2858 2196 2925 gabantur;
2251 2856 2402 2909 etde
2459 2854 2705 2922 Magistri
2773 2868 2900 2907 casu
2954 2854 3140 2910 dolore
3169 2856 3382 2925 amicti,
3417 2872 3471 2913 et

1894 2943 2204 2998 Judzrorum
2236 2953 2380 2997 metu
2435 2943 2732 2997 exanimati
2790 2944 2843 2996 in
2882 2959 3045 2997 unum
3088 2948 3471 3004 convenientes

1892 3035 2145 3091 allectum
2185 3035 2387 3097 animi,
2435 3035 2574 3087 alter
2614 3050 2735 3089 cum
2769 3035 2944 3089 altero
2974 3038 3470 3101 cominunicabant.

1891 3137 1942 3179 et
1972 3126 2128 3179 bonis
2154 3124 2456 3178 Salvatoris
2481 3122 2933 3191 promissionibus
2976 3125 3282 3179 animorum
3331 3128 3470 3196 igni-

192 3192 205 3210 .
303 3192 313 3193 κ
354 3192 361 3193 κ
424 3192 437 3194 ν
478 3192 488 3210 .
785 3192 795 3203 .
994 3192 1004 3202 .
1092 3192 1105 3195 -
1328 3192 1337 3194 _

192 3236 378 3302 μέσον,
414 3234 501 3283 ἵνα
536 3231 763 3297 γένηται
799 3230 930 3279 πᾶσι
969 3225 1306 3292 καταφανής.
1339 3220 1688 3288 Ὑψηλοτέρῳ
1723 3218 1774 3269 δὲ

1886 3219 2040 3273 colos
2070 3218 2409 3270 excitabant.
2462 3215 2598 3270 Sero
2655 3216 2820 3285 igitur
2857 3216 2963 3270 illis
3011 3218 3162 3272 adest
3190 3259 3205 3283 ,
3255 3230 3307 3273 ct
3341 3192 3471 3274 cim-

189 3330 374 3393 τρὸπῳ
396 3367 409 3390 ,
444 3326 577 3392 ὀψία
608 3320 676 3393 ἧν
706 3324 817 3383 τοῖς
857 3320 1128 3391 μαθηταῖς
1156 3336 1167 3347 ·
1200 3314 1341 3387 ἦσαν
1377 3313 1486 3383 γὰρ
1515 3315 1579 3382 τῇ
1618 3311 1777 3380 ἀχλύῖ

267 3480 313 3511 ⁸⁷
342 3479 499 3534 Joan.
538 3496 603 3532 τι
629 3518 644 3543 ,
686 3477 751 3531 19
784 3490 937 3544 seqq.

1887 3312 2029 3365 sistit
2055 3310 2108 3364 in
2138 3310 2337 3374 medio,
2359 3321 2416 3363 ut
2438 3311 2692 3365 omnibus
2719 3310 3046 3379 conspicuus
3074 3322 3238 3367 esset.
3267 3313 3473 3369 Altiore

1432 3586 1759 3647 Francisci
1797 3586 2005 3649 Scorsi
2040 3594 2222 3648 notae.

272 3737 383 3804 (ιτ)
425 3734 690 3804 Pelliceas
720 3732 945 3784 tunicas.
978 3730 1181 3804 alludit
1220 3729 1285 3804 ad
1345 3729 1469 3782 illud
1503 3730 1639 3804 Gen.
1675 3746 1771 3804 ttt:

207 3799 607 3872 Ferit'quoqne
660 3802 917 3872 Dominus
973 3799 1296 3872 Deusmiu',
1333 3809 1391 3872 _et
1445 3803 1599 3872 uxori
1666 3803 1779 3867 ejus

199 3868 703 3937 (unicastpelliceas.
759 3870 932 3923 Grmc.
987 3868 1167 3923 LXX:
1215 3868 1469 3931 Χιτῶνας
1516 3869 1779 3939 δερματί-

201 3963 345 4006 νους,
399 3958 538 4010 quas
580 3942 637 3993 S.
675 3940 971 4007 Gregorius
1028 3939 1291 3992 Nazianz.
1319 3954 1479 4007 quem
1503 3952 1697 4010 noster
1723 3950 1782 3993 ut

202 4029 343 4079 szepe
393 4008 445 4064 in
498 4013 582 4064 his
632 4020 939 4064 assectatur
996 4025 1093 4077 pro
1124 4011 1378 4079 crassitie
1433 4008 1517 4061 vcl
1579 4020 1782 4061 morta-

206 4078 357 4134 litate
408 4083 659 4141 corporis
705 4081 1094 4147 interpretatur
1126 4090 1265 4132 orat.
1316 4078 1407 4135 38.
1456 4088 1613 4143 prout
1669 4081 1782 4133 dis-

209 4164 409 4203 sertnm
448 4161 532 4203 est
561 4151 771 4215 longius
810 4154 874 4201 ad
899 4152 1044 4201 hom.
1082 4148 1173 4211 23,
1203 4161 1315 4203 ηοι.
1361 4148 1451 4201 00.
1476 4147 1781 4217 thuidc'n

210 4226 436 4289 mystica
489 4221 752 4274 Nazianz.
798 4224 1175 4287 interpretatio
1235 4219 1573 4289 accipienda,
1632 4221 1784 4271 salvo

211 4288 368 4342 sensu
430 4292 647 4343 litIerali
704 4301 755 4342 et
790 4291 1071 4352 historico,
1135 4291 1276 4357 quod
1312 4288 1544 4340 Jacobus
1596 4290 1784 4341 Billius

212 4361 312 4411 alio
364 4360 419 4413 in
483 4361 602 4411 loco
651 4359 895 4426 ejusdem
954 4372 1095 4412 orat.
1173 4360 1582 4412 animadvertit.
1644 4357 1786 4423 Lege

212 4428 503 4491 l'ererinm,
539 4430 631 4482 ιιι).
687 4445 737 4483 ιν
782 4427 1065 4482 Commen.
1108 4430 1157 4481 in
1192 4430 1352 4491 Gem,
1385 4431 1474 4496 qui
1522 4429 1783 4481 Nazianz.

216 4514 308 4563 ιϊυ
345 4516 407 4550 ea
439 4501 711 4552 sententia
769 4499 975 4562 laudat,
1032 4515 1150 4566 qua:
1190 4514 1345 4551 veras
1384 4499 1595 4551 tunicis
1615 4498 1785 4551 fuisse

1885 3731 2246 3801 ἀνθρωπίνης
2301 3730 2521 3801 φύσεως
2581 3728 2875 3800 ἰδιώματα,
2920 3733 3049 3783 τάτε
3097 3733 3326 3797 φυσικὰ,
3378 3737 3472 3788 καὶ

1886 3800 2210 3872 ἀδιάϐλητα
2236 3802 2388 3870 πάθη
2416 3816 2429 3872 ὲ
2467 3800 2609 3853 Nam
2660 3802 2771 3866 ipse
2804 3808 3007 3854 tantum
3040 3801 3303 3856 hominem
3338 3822 3469 3867 pro-

1885 3884 1999 3939 pter
2062 3871 2301 3924 uestram
2345 3871 2567 3923 salutem
2614 3873 2923 3937 assumpsit.
2975 3873 3217 3924 animam
3273 3876 3472 3927 scilicet

1885 3942 2289 4005 intellectiram,
2326 3954 2372 3995 et
2424 3957 2636 4007 corpus,
2694 3953 2739 3995 et
2776 3944 3025 3994 humana:
3081 3955 3289 3994 naturae
3342 3962 3470 4012 pro-

1885 4014 2160 4078 prietates,
2212 4022 2258 4064 et
2310 4013 2604 4075 naturales.
2643 4023 2689 4063 et
2720 4013 2978 4064 innocuas
3011 4014 3302 4077 passiones.

1962 4080 2075 4148 (ιθ)
2113 4079 2441 4147 Reformavit
2493 4093 2763 4135 naturam.
2792 4080 2992 4134 Natura
3023 4084 3253 4134 lminana
3290 4084 3471 4139 adhuc

1892 4152 2161 4205 innocens
2216 4166 2313 4204 nec
2357 4161 2579 4219 experta
2637 4162 2943 4220 peccatum,
2997 4161 3195 4215 morte,
3247 4162 3302 4205 et
3349 4169 3471 4206 cor-

1891 4222 2162 4290 ruptione,
2219 4232 2271 4273 et
2302 4221 2515 4273 czcteris
2559 4222 2786 4280 morbis.
2838 4232 2891 4274 et
2924 4223 3474 4287 passionibusdimo-

1894 4291 2150 4345 ventihus
2186 4306 2307 4343 cum
2362 4306 2389 4343 a
2435 4292 2667 4344 naturali
2709 4291 3064 4357 dispositione
3108 4303 3226 4344 erat
3274 4293 3474 4346 immu-

1898 4364 2020 4426 nis;
2073 4361 2125 4413 id
2190 4361 2331 4427 quod
2386 4360 2625 4414 habebat
2683 4362 2946 4415 beneticio
3010 4361 3138 4426 ligni
3177 4364 3322 4424 vitaz,
3388 4365 3473 4418 vel

1897 4434 2079 4501 aliquo
2121 4430 2226 4483 alio
2273 4432 2413 4484 dono
2452 4431 2828 4498 superaddita.
2873 4439 2928 4483 ut
2983 4433 3257 4499 explicant
3316 4435 3472 4487 theo-

1898 4501 2025 4568 logi,
2076 4516 2375 4583 eorumque
2411 4502 2727 4582 coryphmus
2754 4502 2835 4583 _S.
2865 4501 3124 4562 Thomas,
3159 4506 3464 4582 praesertim

212 4581 397 4622 censet
427 4584 543 4629 eas,
577 4571 773 4636 quibus
816 4572 952 4622 Dens
980 4570 1185 4637 primos
1217 4569 1457 4639 amicivit
1488 4579 1783 4636 parentes;
1822 4574 1865 4629 Ι)
1898 4587 1949 4639 p.
1986 4588 2026 4636 ι,
2077 4580 2271 4639 (ιιιπξει.
2307 4571 2395 4632 97,
2444 4569 2678 4638 incorp.
2717 4572 2877 4639 idque
2911 4587 3006 4638 pro
3050 4582 3195 4623 Statu
3232 4574 3377 4626 vitae.
3418 4585 3473 4626 et

218 4639 265 4706 in
334 4640 695 4706 eamdemque
756 4641 1082 4693 sententiam
1162 4638 1513 4691 adducendus
1578 4651 1783 4702 noster,

217 4703 482 4773 Gregorii,
519 4720 575 4759 ut
611 4703 748 4772 disi,
785 4708 1012 4762 assccla.
1052 4708 1112 4761 S.
1144 4709 1500 4767 Athanasius,
1534 4708 1607 4760 De
1631 4708 1780 4761 l’sal.

218 4786 261 4825 ct
320 4777 515 4835 Crura.
590 4789 882 4846 utrumque
934 4793 1155 4846 sensum
1239 4788 1294 4830 et
1365 4780 1680 4838 Iitteralem,
1735 4787 1789 4830 et

220 4852 506 4915 mysticum
555 4842 816 4914 expresse
868 4848 1071 4901 docuit.
1107 4842 1160 4899 Id
1193 4863 1315 4900 cum
1349 4846 1593 4900 facturus
1619 4858 1785 4910 esset,

218 4920 447 4970 exuebat
506 4928 829 4971 vestimenta
888 4932 1020 4980 sua;
1061 4920 1289 4969 decebat
1339 4918 1484 4969 enim
1524 4934 1643 4969 cum
1688 4918 1784 4969 ho-

224 4988 416 5038 minem
472 4989 842 5041 introduceret
885 4988 936 5039 in
974 4986 1285 5054 paradisum
1318 5002 1521 5039 exuere
1549 4988 1781 5051 tunicas,

218 5069 349 5119 Quas
379 5058 553 5109 Adam
582 5068 885 5123 acceperat,
925 5072 1045 5109 cum
1089 5072 1119 5108 a
1178 5058 1432 5124 paradiso
1468 5058 1779 5125 ejiceretnr.

218 5126 345 5178 Cum
412 5126 559 5179 enim
619 5128 705 5180 ille
764 5136 1063 5192 peccasset,
1115 5142 1179 5179 ac
1235 5128 1430 5179 deinde
1485 5128 1782 5181 moriturus

219 5205 376 5258 esset,
434 5200 648 5263 accepit
680 5198 929 5266 pelliceas
1000 5198 1207 5249 tunicas
1242 5210 1307 5249 ex
1353 5196 1785 5250 morticinisani—

220 5268 436 5319 malium
490 5266 666 5322 factas
715 5269 947 5335 insigne,
1008 5277 1305 5332 notamque
1340 5266 1685 5319 mortalitatis
1711 5270 1781 5319 ob

218 5347 494 5455 peccatum
543 5338 648 5390 sibi
699 5338 937 5390 inﬂictae.
1001 5335 1265 5390 Caeterum
1324 5337 1367 5389 si
1425 5336 1516 5404 qui
1562 5337 1649 5387 alii
1713 5353 1777 5388 ex

244 5406 489 5455 ‘atribus.
518 5408 611 5455 uui
649 5411 801 5455 nauci
851 5416 1000 5455 sunt.
1050 5422 1144 5455 eas
1178 5409 1403 5455 liuurate
1423 5417 1478 5455 et
1506 5406 1777 5455 metanho-

244 5406 489 5470 ‘atribus,
518 5408 611 5475 qui
649 5411 801 5475 pauci
851 5416 1000 5470 sunt,
1050 5422 1144 5460 cas
1178 5409 1403 5473 ligurate
1423 5417 1478 5458 et
1506 5406 1783 5473 metapho—

219 5475 324 5526 rice
351 5478 961 5549 tantumintelligendas
988 5482 1297 5544 opinentur.
1346 5494 1452 5549 non
1510 5485 1633 5529 sunt
1690 5494 1781 5529 se-

217 5548 433 5611 quendi.
474 5557 532 5598 ut
564 5548 704 5600 idem
749 5548 998 5602 Pererius
1030 5558 1104 5600 ait
1150 5549 1264 5600 loco
1306 5548 1400 5600 cit.

287 5618 396 5683 (48)
434 5614 587 5679 Quod
622 5620 796 5687 Adam
828 5630 943 5687 post
980 5620 1465 5686 transgressionem.
1517 5616 1591 5669 Εο
1624 5616 1783 5669 modo

221 5699 323 5751 quo
342 5689 603 5754 explicuit
633 5686 690 5741 S.
717 5686 1105 5753 Damasccnus,
1132 5693 1222 5741 lib.
1251 5705 1264 5741 l
1294 5688 1365 5740 De
1389 5692 1511 5755 ﬁde,
1532 5703 1651 5755 cap.
1681 5689 1777 5741 M:

219 5757 383 5819 Αὐτὸς
410 5761 521 5824 γάρ
540 5759 718 5809 πάντα
758 5762 850 5811 τὸν
881 5761 1172 5828 ἄνθρωπον
1196 5762 1292 5827 τὴν
1312 5761 1585 5829 ἡμετέραν
1606 5776 1782 5826 σωτη-

214 5830 334 5900 ρίαι
364 5829 657 5893 ἀνεδέξατο
678 5830 859 5900 ψυχὴν
880 5833 1095 5898 νοερὰνυ
1124 5831 1422 5896 καὶσῶμα,
1449 5831 1540 5881 καὶ
1585 5830 1652 5881 τὰ
1685 5832 1778 5897 τῇς

532 5926 806 5986 Partum.
850 5928 965 5985 Gn.
1007 5924 1296 5985 CXXXII.

1896 4656 2068 4708 usque
2120 4643 2188 4693 ad
2235 4641 2654 4694 determinatum
2716 4652 2929 4708 tempus
2984 4640 3311 4703 obtinebat;
3365 4660 3473 4711 quo

1896 4712 2050 4764 linito
2096 4714 2257 4764 homo
2316 4711 2616 4765 translatus
2662 4711 2856 4764 fuisset
2885 4713 2951 4762 ad
2987 4711 3329 4779 spiritualem
3393 4715 3463 4763 vi-

1896 4790 2027 4844 tam,
2090 4782 2207 4833 sive
2269 4782 2334 4831 ad
2388 4790 2590 4833 statum
2644 4781 2850 4849 gloriae.
2904 4781 2979 4834 De
3033 4791 3263 4849 utroque
3308 4782 3475 4849 igitur

1895 4862 2061 4912 statu,
2117 4849 2464 4917 perfectaque
2515 4854 2899 4903 relormatione
2928 4850 3339 4919 intelligendum
3365 4863 3468 4915 οδε,

1895 4923 2034 4987 quod
2061 4922 2139 4973 ait
2182 4921 2561 4985 Tln-ophanes,
2597 4921 2873 4974 Christum
2906 4934 3001 4973 sua
3064 4924 3471 4975 resurrectione

1896 4992 2200 5044 restituisse
2232 4999 2478 5041 naturam
2512 4993 2577 5042 ad
2613 4992 2663 5042 id
2695 4992 2840 5059 quod
2863 5002 2979 5044 erat
3006 5003 3133 5043 ante
3163 5002 3465 5057 peccatum:

1896 5062 2152 5113 nimirum
2209 5060 2271 5110 ad
2320 5060 2811 5123 immortalitatem,
2861 5070 2915 5113 et
2974 5061 3468 5126 incorruptionem,

1890 5142 1943 5182 et
1996 5133 2062 5183 ad
2094 5144 2154 5183 ea
2188 5130 2407 5195 insuper
2442 5144 2564 5196 quae
2616 5140 2743 5184 sunt
2773 5130 2990 5198 propria
3033 5129 3173 5184 beati
3208 5134 3462 5194 corporis

1890 5204 2033 5267 quod
2090 5201 2141 5251 in
2197 5203 2634 5267 regeneratione,
2679 5211 2734 5253 nt
2782 5198 2920 5254 infra
2970 5201 3045 5253 ait
3099 5202 3237 5253 idem
3287 5200 3467 5253 Theo-

1892 5272 2121 5335 phanes.
2171 5268 2419 5323 obtinere
2453 5286 2755 5338 speramus.
2819 5271 3085 5323 Caeterum
3122 5271 3263 5322 enim
3286 5270 3469 5323 diti‘crt

1892 5340 2273 5391 immortalitas
2308 5340 2515 5406 gloriae,
2546 5356 2665 5406 qua:
2700 5339 3036 5408 promittitur
3064 5340 3116 5391 in
3152 5342 3465 5404 praemium,

1890 5409 2065 5476 inquit
2120 5409 2178 5463 S.
2210 5409 2474 5470 Thomas,
2520 5422 2714 5477 qmcst.
2753 5411 2920 5469 dicta,
2971 5411 3037 5461 ad
3093 5424 3167 5471 tv,
3233 5409 3304 5461 ab
3366 5414 3470 5461 im.-

1890 5479 2222 5532 mortalitate
2265 5494 2385 5546 qua:
2424 5478 2525 5532 fuit
2606 5480 2810 5532 homini
2866 5479 3058 5531 collata
3112 5480 3163 5530 in
3208 5489 3350 5532 statu
3382 5480 3467 5531 in-

1890 5551 2155 5601 potentiae
2186 5559 2273 5611 ;et
2325 5550 2577 5602 similiter
2610 5551 2715 5603 alia
2766 5560 2882 5601 erat
2936 5549 3291 5613 ittcorruptio,
3331 5549 3467 5599 alia-

1884 5633 1987 5684 que
2021 5619 2392 5687 impatibilitas
2443 5631 2603 5688 atque
2644 5621 2714 5673 ab
2772 5620 2877 5671 alia
2929 5634 3094 5672 causa
3130 5618 3368 5686 profecta
3407 5630 3467 5671 ct

1887 5705 1989 5740 non
2026 5705 2086 5741 ea
2142 5704 2261 5756 quae
2314 5703 2378 5740 ex
2433 5692 2652 5744 dotibus
2706 5692 2845 5743 beati
2877 5703 3143 5755 corporis,
3179 5701 3231 5742 et
3284 5688 3455 5756 gloria

1889 5760 2064 5813 allecti
2099 5759 2541 5829 proﬁciscuntur.

2983 5922 3018 5959 ὓ
3029 5922 3059 5958 ι)

2984 5962 3061 5979 ..4
