4184 6436
719 366 814 430 691

1234 480 1515 537 IlOMlLlA
1562 481 1796 536 XXXVI.

1144 578 1208 630 In
1243 576 1497 628 decimum
1530 577 1869 628 matutinum.

794 670 871 723 Ad
934 666 1240 722 Tiberiadis
1293 678 1539 735 stagnum
1591 682 1714 721 cum
1768 667 1971 721 sanetis
2021 668 2297 736 discipu'is

719 775 818 813 nos
847 759 1010 811 etiam
1064 758 1221 812 hodie
1273 771 1522 812 sermone
1572 759 1921 812 accedamus.
1975 757 2169 813 Petrus
2217 760 2297 813 si-

717 858 934 927 quidem
969 859 1057 913 ille
1105 859 1423 927 euryplucus
1463 860 1606 912 omni
1657 860 1863 925 ahjccta
1907 873 2002 927 spe
2034 874 2155 913 eum
2197 862 2296 912 llo-

718 950 888 1013 mino,
920 959 977 1003 ut
1007 957 1165 1012 ante,
1202 950 1478 1011 versandi,
1502 959 1821 1001 consuetum
1855 950 2050 1017 repetit
2083 950 2296 1002 institu~

721 1050 858 1103 tum,
896 1041 1292 1110 consiliumque
1322 1056 1477 1094 suum
1510 1055 1630 1094 cum
1682 1039 1908 1110 Ditlytno
1961 1039 2167 1093 Thoma
2197 1080 2212 1102 ,
2245 1050 2299 1092 ct

716 1132 959 1187 Zebedani
997 1133 1141 1196 filiis,
1175 1142 1229 1186 et
1260 1133 1466 1185 duobus
1493 1133 1617 1185 aliis
1643 1147 1710 1186 ex
1742 1134 2021 1202 discipulis
2046 1148 2294 1187 commu-

717 1225 883 1286 nicat,
927 1234 980 1278 et
1014 1226 1121 1277 ait:
1160 1243 1176 1274 ι
1214 1222 1362 1276 Vado
1398 1224 1703 1293 piscari?“
1741 1225 1818 1278 llli
1857 1240 1981 1279 vero
2016 1227 2297 1281 charitatis

715 1317 934 1369 vinculo
966 1316 1246 1385 colligati,
1287 1325 1341 1369 ct
1384 1315 1772 1384 discipulorum
1829 1317 2080 1384 prrccipui
2129 1317 2292 1370 disci-

712 1408 858 1459 dium
894 1422 996 1460 non
1037 1408 1374 1461 sustinentes
1410 1409 1565 1477 (satis
1594 1409 1738 1462 enim
1775 1409 2025 1461 nttcroris
2058 1407 2297 1476 Magistri

715 1500 947 1567 privatio
1005 1500 1114 1554 illis
1190 1500 1466 1563 attulerat)
1544 1501 1801 1554 voluntati
1896 1511 2297 1568 assequuntur,

710 1602 784 1654 et,
836 1592 1146 1655 «Venimus,
1186 1610 1204 1641 ι
1243 1592 1425 1643 dicunt
1459 1634 1472 1654 ,
1511 1608 1530 1641 ι
1564 1600 1616 1645 et
1676 1606 1774 1645 nos
1826 1602 2025 1647 tecum.
2066 1612 2083 1644 ι
2120 1594 2300 1657 Quare

710 1693 892 1738 autem
953 1695 1006 1737 et
1056 1684 1237 1738 caeteri
1309 1684 1555 1753 discipuli
1620 1699 1725 1738 nou
1791 1694 1918 1738 sunt
1983 1684 2301 1739 consecuti?

711 1776 847 1830 Nam
903 1777 969 1830 ad
1028 1778 1343 1846 piscandum
1396 1778 1482 1830 alii
1540 1792 1647 1831 non
1704 1778 1837 1832 satis
1887 1787 2041 1831 erant
2095 1776 2292 1830 idonei.

710 1869 998 1925 Matthazus
1055 1871 1323 1938 siquidem
1381 1871 1704 1938 publicanus
1761 1882 1913 1932 erat,
1967 1878 2019 1925 et
2084 1869 2294 1923 mariti-

718 1979 930 2019 morum
968 1963 1213 2017 laborum
1274 1964 1498 2016 omnino
1528 1961 1711 2025 rudis,
1743 1961 1933 2029 reliqui
1999 1975 2127 2015 vero
2191 1975 2297 2014 tne-

712 2055 1053 2119 diterranei,
1115 2069 1216 2108 nec
1272 2054 1549 2108 maritima
1600 2054 1715 2106 loca
1768 2052 2117 2117 incolebant;
2174 2051 2294 2105 ideo

708 2144 882 2199 scium
922 2144 1143 2199 Petrum
1180 2144 1511 2209 comitantur
1540 2144 1637 2197 soli
1669 2144 1908 2212 piscandi
1944 2143 2078 2195 artis
2114 2142 2290 2210 periti.

710 2237 1001 2307 Navigium
1032 2238 1217 2303 enim,
1252 2245 1303 2290 et
1334 2236 1469 2291 remi
1526 2245 1579 2291 et
1613 2236 1765 2300 retia,
1817 2246 2018 2304 etquae
2074 2235 2175 2287 hoc
2207 2234 2290 2288 in-

707 2339 1014 2386 strumento
1061 2330 1354 2398 capiuntur
1406 2344 1509 2383 non
1555 2330 1689 2382 satis
1734 2337 2040 2396 congruunt
2088 2325 2153 2379 iis
2202 2326 2291 2394 qui

708 2422 1108 2477 mediterranea
1142 2420 1381 2485 habent,
1431 2420 1524 2475 sed
1556 2420 1753 2488 quibus
1794 2420 1845 2471 in
1904 2418 2037 2470 mari
2083 2417 2293 2470 exerci-

710 2513 865 2579 tatio,
898 2522 953 2567 et
986 2512 1161 2567 victus
1191 2511 1464 2580 quaueudi
1515 2511 1655 2565 ratio
1691 2510 1741 2563 in
1796 2508 2083 2563 venatione
2132 2506 2295 2561 mari-

711 2608 838 2659 tima
874 2605 1047 2675 posita
1077 2615 1180 2658 est.
1213 2602 1512 2658 Considera
1557 2602 1720 2656 etiam
1753 2615 1943 2655 omnes
1989 2597 2154 2652 fuisse
2184 2598 2293 2651 Ga-

672 2738 674 2741 .
707 2695 882 2751 litteos
942 2695 1255 2759 finitimum,
1290 2693 1801 2761 conterminumquc
1848 2690 2152 2745 Tiberiadis
2184 2699 2295 2744 sta-

711 2800 877 2854 gnum
915 2783 1203 2838 habentes.
1245 2781 1399 2838 Unde
1425 2786 1532 2837 duo
1557 2782 1631 2836 illi
1667 2783 1756 2850 qui
1785 2796 1889 2834 non
1917 2780 2290 2845 nominantur,

714 2878 964 2931 Andreas
993 2886 1047 2929 et
1095 2875 1377 2944 Philippus
1409 2875 1547 2947 (57),
1580 2889 1697 2928 mea
1742 2874 1964 2943 quidem
1999 2874 2290 2938 sententia,

712 2978 905 3032 erant,
950 2983 1074 3022 cum
1128 2967 1227 3035 ipsi
1280 2967 1467 3021 itidem
1499 2966 1748 3028 Galiltei,
1803 2974 1949 3020 etes
2004 2962 2292 3018 BethSaiila

709 3069 913 3115 essent.
968 3060 1211 3123 Quorum
1260 3060 1394 3113 alter
1440 3058 1659 3122 quidem
1708 3056 1933 3111 fratrem
1990 3070 2146 3109 suum
2195 3053 2296 3108 Pe-

1887 367 2379 429 TIIEOPIIANIS
2419 371 2758 434 CERAMEI

3867 379 3987 443 692

2982 492 3225 544 OMIMA
3264 491 3403 556 AC’.

2791 584 2883 649 Εἰς
2925 584 2992 636 τὸ
3032 584 3287 638 δέκατον
3320 584 3586 639 ἑωθινόν.

2482 676 2607 728 Ἐπί
2651 676 2749 746 τὴν
2792 676 3107 744 Τιϐεριάδος
3152 675 3350 745 λίμνην
3397 676 3640 743 σήμερον
3683 676 3776 726 καὶ
3820 675 3993 744 ἡμεῖς

2396 768 2475 836 τῷ
2502 768 2646 838 λόγῳ
2669 770 2782 831 τοῖς
2813 768 2978 838 ίεροῖς
3012 769 3282 838 μαθηταῖς
3314 767 3762 835 συμϐαδίσωμεν.
3794 764 3853 816 Ὀ
3879 767 3995 833 γὰρ

2397 862 2695 929 κορυφαῖος
2728 860 2933 930 Πέτρος
2962 860 3040 929 τῷ
3074 858 3393 912 συνέσεσθαι
3418 858 3497 926 τῷ
3523 858 3850 926 διδασκάλῳ,
3883 874 3993 907 κειο

2400 952 2507 1014 Οὼς
2537 953 2835 1021 πρότερον,
2870 952 3223 1005 παντάπασιν
3251 952 3525 1019 ἀπογνοὺς
3547 990 3561 1011 ,
3592 946 3994 1016 ἐπαναλαμϐά-

2400 1062 2479 1095 νει
2511 1043 2571 1095 τὸ
2606 1042 2835 1114 σύνηθες
2872 1044 3212 1113 ἐπιτήδευμα
3232 1084 3245 1105 ,
3280 1044 3373 1094 καὶ
3404 1042 3481 1110 τῷ
3512 1042 3732 1110 Διδύμῳ
3772 1042 3948 1109 Θωμᾷ
3972 1080 3988 1102 ,

2400 1137 2495 1187 καὶ
2524 1139 2634 1197 τοῖς
2660 1136 2956 1189 Ζεϐεδαίου
2981 1135 3193 1200 παισὶν,
3222 1136 3403 1197 ἄλλοις
3433 1148 3492 1186 τε
3524 1134 3676 1186 δυσὶν
3704 1134 3815 1185 τῶν
3850 1150 3992 1201 συμ-

2403 1227 2677 1295 φοιτητῶν
2719 1227 3105 1279 ἀνακοινοῦται
3148 1227 3209 1278 τὸ
3264 1225 3560 1293 βούλευμα,
3618 1224 3711 1276 καί
3765 1240 3937 1291 φησιν
3972 1236 3988 1251 ·

2407 1339 2423 1370 ι
2446 1318 2680 1385 Ὑπάγω
2711 1318 3004 1370 ﬁliaiam.»
3044 1318 3107 1370 ΟΞ
3134 1318 3189 1371 δὲ
3222 1318 3298 1386 τῷ
3327 1320 3426 1387 τῆς
3450 1316 3675 1383 ἀγάπης
3696 1317 3989 1384 συνδέσμῳ

2402 1412 2774 1482 συνδούμενοι,
2821 1412 2916 1465 καὶ
2962 1412 3041 1482 τῷ
3093 1410 3356 1482 χωρισμῷ
3413 1410 3507 1463 τοῦ
3566 1408 3864 1479 προκρίτου
3910 1409 3990 1477 μὴ

2405 1506 2692 1572 στέγοντες
2724 1504 2950 1574 (ἱκανῶς
2986 1505 3096 1572 γάρ
3127 1502 3326 1565 αὐτοὺς
3362 1501 3551 1554 ἐλύπει
3582 1501 3677 1553 τοῦ
3706 1499 3989 1551 Διδασκάο

2400 1598 2494 1650 λου
2528 1600 2559 1667 ὴ
2592 1599 2871 1667 στέρησις)
2922 1598 3223 1664 ἐφέπονται
3258 1594 3334 1663 τῷ
3368 1594 3721 1663 βουλεύματι,
3752 1592 3847 1644 καί
3881 1608 3989 1656 φα-

2403 1707 2487 1742 σιν
2512 1705 2525 1719 ·
2552 1707 2570 1739 ι
2612 1687 2919 1757 Ἐρχόμεθα
2951 1688 3044 1739 καὶ
3080 1687 3240 1755 ἡμεῖς
3274 1685 3370 1737 σύν
3396 1701 3502 1736 σοι.
3539 1702 3557 1734 ι
3588 1682 3685 1735 Διά
3715 1682 3768 1735 τί
3801 1682 3860 1733 δὲ
3894 1680 3987 1732 καὶ

2401 1783 2450 1835 οί
2481 1782 2661 1833 λοιποὶ
2714 1779 2955 1848 μαθηταὶ
2985 1780 3085 1831 οὐκ
3118 1777 3497 1847 ἠκολούθησαν
3526 1792 3539 1840 ;
3577 1776 3699 1826 Ὅτι
3749 1790 3836 1825 τοι
3882 1775 3986 1823 οὐκ

2401 1872 2726 1941 ἐπιτηδείως
2754 1866 2901 1940 είχον
2925 1873 3005 1933 εἰς
3034 1872 3091 1922 τὸ
3114 1869 3357 1923 ἁλιεύειν
3392 1868 3441 1919 οἱ
3469 1867 3669 1936 ἕτεροι.
3704 1863 3987 1925 Ματθαῖος

2400 1964 2498 2032 μὲν
2528 1964 2637 2032 γὰρ
2666 1961 2906 2031 τελώνης
2927 1958 3017 2031 ἦν,
3048 1959 3143 2011 καὶ
3168 1959 3275 2010 τῶν
3310 1956 3618 2009 θαλασσίων
3646 1954 3824 2005 πόνων
3848 1969 3985 2003 παν-

2397 2056 2637 2109 τάπασιν
2679 2054 2846 2123 ἁδαής
2877 2070 2891 2085 ·
2933 2053 2983 2105 οἱ
3034 2052 3212 2103 λοιποὶ
3248 2050 3306 2101 δὲ
3356 2047 3691 2119 ἠπειρῶται,
3744 2045 3845 2097 καὶ
3882 2043 3987 2095 οὐκ

2397 2142 2655 2209 ἀγχίαλον
2680 2139 2935 2209 λαχόντες
2965 2138 3064 2208 τὴν
3099 2136 3318 2205 οἴκησιν
3346 2151 3359 2166 ⁸
3408 2136 3495 2188 διὰ
3525 2133 3686 2186 τοῦτο
3719 2134 3872 2201 μόνοι
3908 2131 3987 2199 τῷ

2398 2236 2590 2305 Πέτρῳ
2626 2234 2923 2303 ἐφέπονται
2947 2232 2996 2283 oi
3028 2231 3124 2298 τῆς
3165 2229 3485 2297 ἁλιευτικῆς
3527 2228 3723 2297 τέχνης
3758 2225 3987 2293 είδῆμθ⁸

2405 2346 2591 2399 μονες.
2642 2327 2831 2380 ῐΙλοῖον
2858 2326 2989 2394 γὰρ,
3023 2325 3116 2377 καὶ
3166 2322 3377 2387 κῶπαι,
3407 2322 3503 2375 καὶ
3546 2321 3761 2383 δίκτυα,
3789 2319 3888 2371 καὶ
3915 2318 3986 2370 τά

2396 2422 2487 2475 διὰ
2532 2420 2739 2473 τούτων
2788 2418 3107 2488 θηρώμενα,
3142 2416 3344 2485 πρέποι
3386 2417 3452 2469 ἂν
3497 2414 3596 2467 οὐκ
3637 2411 3985 2481 ἡπειρὼταις

2397 2512 2626 2583 ἀνδράσι
2667 2509 2893 2579 μᾶλλον,
2932 2509 3048 2561 ἀλλ’
3072 2505 3158 2570 οἷς
3183 2507 3249 2560 ἂν
3273 2508 3359 2575 εῐη
3390 2505 3451 2558 τὸ
3487 2504 3853 2574 ἐπιτήδευμα,
3889 2503 3986 2555 καὶ

2395 2610 2424 2660 6
2454 2606 2550 2659 τοῦ
2596 2604 2712 2673 βίον
2745 2602 2947 2664 σκοπὸς
2981 2600 3251 2667 θάλασσα,
3290 2601 3384 2652 καὶ
3414 2598 3484 2651 τὰ
3517 2600 3575 2649 ἐν
3606 2599 3771 2665 αὐτῇ.
3834 2596 3985 2664 Ὅρα

2395 2699 2453 2751 δέ
2478 2700 2558 2752 ὅτι
2593 2697 2689 2750 καὶ
2713 2695 2987 2748 Γαλιλαῖοι
3017 2694 3222 2756 πάντες
3250 2694 3577 2762 ἐτύγχανον,
3595 2690 3798 2759 ὅμορον
3824 2688 3983 2756 ἕχον-ι

2396 2808 2486 2851 τες
2514 2790 2612 2861 τὴν
2640 2788 2837 2856 λίμνην
2865 2786 3207 2856 Τιϐεριάδος,
3233 2785 3325 2837 καὶ
3343 2784 3743 2853 ἁγχιτέρμονα.
3782 2779 3983 2831 Ἔνθεν

2394 2900 2478 2935 τοι
2514 2882 2606 2933 καὶ
2635 2881 2684 2931 οἱ
2739 2878 2832 2931 δύο
2889 2876 3171 2944 ἀνώνυμοι
3228 2876 3496 2945 μαθηταὶ,
3546 2874 3622 2935 ὡς
3673 2874 3755 2938 ἐγ’
3804 2865 3981 2939 ᾦμαι,

2409 2973 2669 3044 Ἀνδρέας
2715 2972 2961 3041 ὑπῆρχον
3011 2971 3108 3023 καὶ
3151 2969 3441 3030 Φίλιππος,
3498 2967 3775 3019 Γαλιλαῖοι
3826 2965 3985 3025 ὄντες

2396 3068 2490 3121 καὶ
2519 3065 2692 3130 αὐτοὶ,
2730 3065 2825 3117 καὶ
2859 3062 3236 3133 Βηθσαῖδϊται.
3277 3055 3379 3115 Ὧν
3409 3064 3437 3114 6
3472 3060 3572 3129 μὲν
3608 3057 3685 3126 τῷ
3707 3055 3979 3125 ὁμαίμονι

712 3163 852 3206 trum
876 3193 891 3217 ,
916 3151 1197 3220 Philippus
1223 3166 1349 3207 vero
1372 3149 1761 3204 Nathanaelem
1786 3150 2021 3202 amicum
2052 3158 2285 3201 veterem

2397 3160 2589 3227 Πέτρῳ
2618 3158 2899 3225 ἐφείπετο,
2931 3156 3197 3217 Φίλιππος
3222 3155 3277 3206 δὲ
3306 3153 3383 3223 τῷ
3426 3152 3670 3223 ἀρχῆθεν
3699 3150 3839 3219 φίλῳ
3868 3149 3987 3201 Να-

710 3248 1095 3301 comitabatur.
1120 3245 1391 3301 Caeterum
1418 3244 1575 3309 retia,
1605 3253 1658 3297 et
1691 3243 1990 3313 navigium,
2022 3250 2078 3296 et
2111 3253 2291 3295 susce-

708 3350 833 3407 ptus
863 3354 958 3407 per
988 3347 1158 3393 totam
1197 3346 1409 3391 noctem
1438 3336 1591 3390 labor
1622 3335 1823 3390 frustra
1852 3334 2109 3388 fuerunt:
2150 3351 2167 3383 ι
2199 3333 2289 3385 Illa

708 3434 853 3487 enim
909 3442 1103 3497 nocte,
1160 3430 1374 3499 inquit,
1414 3429 1547 3483 nihil
1595 3428 2021 3498 prendiderunt:
2063 3444 2081 3477 ι
2132 3440 2292 3478 mane

707 3534 887 3579 autem
932 3524 1109 3587 facto,
1146 3539 1267 3578 cum
1310 3522 1516 3578 scilicet
1569 3521 1794 3589 iustitia;
1838 3519 1928 3573 Sol
1976 3517 2285 3587 escpulcro

712 3629 970 3687 tanquam
1028 3618 1097 3669 ah
1149 3616 1359 3669 oriente
1414 3627 1474 3667 se
1526 3613 1760 3667 ellerens
1821 3612 2078 3666 attulerat
2125 3610 2290 3673 diem,

707 3711 857 3765 venit
892 3709 1076 3763 suavis
1106 3707 1213 3769 ille,
1248 3706 1417 3760 Dator
1460 3705 1547 3759 ille
1580 3705 1751 3767 lucis,
1790 3713 1843 3757 et
1876 3703 2141 3757 accedens
2184 3715 2289 3753 non

711 3802 1019 3871 ingreditur
1075 3813 1226 3852 mare
1247 3839 1264 3860 ,
1314 3813 1417 3853 nec
1445 3798 1609 3866 pedes
1640 3811 1805 3865 super
1838 3797 2011 3848 undas
2048 3794 2289 3858 incedit;

709 3895 852 3962 quod
889 3892 1208 3945 miraculum
1240 3898 1367 3945 ante
1388 3888 1700 3943 Passionem
1729 3888 2004 3950 effecerat,
2027 3903 2145 3939 cum
2172 3885 2292 3953 ejus

706 3986 906 4055 plantis
941 3999 1094 4053 aqua:
1116 3982 1431 4051 superﬁcies
1448 3980 1607 4051 253
1632 3980 1805 4033 instar
1828 3989 1985 4032 terrae
2014 3987 2290 4032 constrata

713 4080 1009 4142 videretur,
1059 4085 1115 4130 et
1156 4089 1347 4128 secura
1379 4074 1579 4126 duritie
1611 4071 1793 4125 divina
1843 4072 2069 4141 vestigia
2103 4068 2291 4123 sufful-

709 4171 883 4233 ciret,
916 4170 1012 4222 sed
1054 4180 1121 4220 eo
1188 4165 1275 4219 ubi
1312 4166 1477 4229 venit,
1515 4165 1666 4217 stetit
1698 4164 1753 4216 in
1781 4164 1999 4227 littore,
2048 4163 2152 4217 hoc
2182 4161 2293 4216 for-

712 4275 859 4315 tasse
887 4270 946 4314 ut
976 4260 1313 4321 ostenderet,
1348 4265 1687 4324 assumptum
1726 4270 1946 4309 carnem
1982 4270 2080 4323 per
2113 4270 2292 4308 resur-

708 4353 1005 4405 rectionem
1070 4349 1182 4417 jam
1236 4346 1644 4401 immortalitate
1697 4344 1955 4399 donatam
2011 4360 2075 4397 ex
2131 4346 2292 4414 hujus

706 4448 828 4501 vitae
858 4446 995 4499 mari
1026 4442 1290 4503 evasisse,
1324 4454 1423 4493 nec
1460 4438 1692 4507 amplius
1727 4436 2137 4490 infirmitatibus
2167 4450 2291 4489 car-

2398 3249 2629 3320 θαναήλ.
2651 3249 2733 3301 Τὰ
2758 3248 2888 3316 γοῦν
2916 3245 3171 3300 ἐντεῦθεν
3198 3246 3393 3298 δίκτυα
3421 3246 3519 3298 καὶ
3546 3245 3755 3307 πλοῖον,
3792 3243 3885 3293 καὶ
3912 3240 3986 3293 δι’

2395 3347 2526 3413 ὅλης
2553 3345 2653 3407 τῆς
2686 3344 2878 3405 νυκτὸς
2901 3342 3070 3404 κόπος
3094 3341 3388 3409 ἀνήνυτος.
3428 3358 3444 3388 ι
3486 3338 3579 3390 Ἐν
3621 3336 3812 3404 ἐκείνῃ
3838 3335 3975 3401 γάρ,

2398 3439 2553 3507 φησι,
2586 3438 2653 3506 τῇ
2681 3437 2836 3487 νυκτὶ
2859 3434 3101 3487 ἐπίασαν
3128 3432 3306 3485 οὐδέν.
3346 3449 3364 3482 ι
3408 3430 3634 3501 Πρωῒας
3669 3428 3726 3481 δὲ
3750 3426 3987 3495 γενομέδ

2395 3544 2513 3595 νης,
2550 3527 2638 3579 ὅτε
2671 3525 2772 3595 τῆς
2800 3524 3153 3593 δικαιοσύνης
3180 3526 3207 3577 6
3237 3522 3455 3587 Ἥλιος,
3485 3521 3562 3583 ὡς
3596 3518 3657 3583 ἐξ
3687 3518 3985 3585 ἀνατολῆς,

2394 3619 2490 3672 τοῦ
2529 3620 2707 3689 τάφου
2763 3618 3055 3681 ἀνατείλας
3101 3617 3319 3687 πρωῖαν
3372 3615 3690 3683 εἰργάσατο,
3745 3607 3914 3679 ἦλθεν
3956 3614 3988 3661 6

2394 3712 2624 3780 γλυκὺς,
2658 3710 2833 3780 ἐφάνη
2862 3712 2891 3762 6
2921 3709 3159 3779 πάροχος
3182 3707 3279 3760 τοῦ
3307 3707 3508 3775 φωτὸς,
3541 3707 3637 3757 καὶ
3671 3704 3849 3757 ἐλθὼν
3880 3703 3985 3754 οὐκ

2396 3804 2623 3857 εἴσεισιν
2657 3803 2737 3863 είς
2786 3801 2885 3870 τὴν
2924 3798 3230 3859 θάλασσαν,
3265 3797 3391 3850 οὐδὲ
3434 3795 3661 3860 πεξεύει
3710 3795 3856 3846 κατά
3886 3812 3990 3846 xu-

2398 3898 2605 3967 μάτων,
2632 3894 2659 3946 6
2694 3893 2801 3963 πρὸ
2818 3892 2916 3945 τοῦ
2940 3892 3149 3953 πάθους
3174 3889 3721 3959 ἐθαυματούργησεν,
3744 3888 3990 3955 ἀποχερ.

2396 3990 2669 4058 σωθείσης
2703 3991 2770 4058 τῇ
2810 3988 2965 4055 βάσει
3011 3986 3113 4054 τῆς
3144 3984 3456 4053 ἐμφανείας
3496 3980 3593 4034 τοῦ
3638 3980 3856 4040 ὕδατος,
3887 3981 3987 4030 καὶ

2394 4082 2485 4134 διὰ
2510 4082 2606 4150 τῆς
2639 4078 2918 4147 ἀσφαλοῦς
2955 4077 3280 4137 ἀντιτυπίας
3311 4074 3372 4126 τὸ
3406 4072 3549 4124 θεῖον
3582 4072 3729 4139 ἴχνος
3762 4072 3987 4136 ἐπερει-

2393 4175 2615 4243 δοὺσης.
2676 4170 2817 4227 Ἀλλ’
2848 4169 3021 4224 ἐλθὼν
3072 4169 3205 4237 ἔστη
3258 4168 3341 4228 εἰς
3388 4166 3479 4219 τὸν
3512 4162 3782 4230 αἰγιαλὸν,
3837 4158 3986 4227 τάχα

2395 4262 2555 4317 τοῦτο
2593 4261 2832 4323 δεικνὺς,
2871 4258 2947 4321 ὡς
2978 4255 3417 4311 ἁποθανατισθὲν
3451 4253 3552 4323 ἠδη
3590 4251 3653 4302 τὸ
3692 4247 3987 4319 πρόσλημ-

2400 4375 2475 4427 μα
2506 4357 2596 4410 διὰ
2624 4354 2723 4422 τῆς
2746 4353 3123 4415 ἀναστάσεως,
3152 4347 3257 4414 ἐξω
3275 4349 3376 4417 τῆς
3407 4343 3669 4415 βιωτικῆς
3701 4341 3987 4409 θαλάσσης

2396 4449 2633 4516 ἐγένετο,
2679 4445 2867 4499 οὐκέτι
2924 4446 3046 4505 ταῖς
3098 4442 3199 4509 τῆς
3257 4439 3462 4509 σαρκὸς
3517 4436 3853 4498 ἀσθενείαις,
3903 4434 3983 4497 ὡς

706 4538 792 4592 nis
842 4537 986 4591 velut
1034 4534 1193 4588 undis
1231 4530 1563 4594 obnoxiam,
1622 4530 1716 4583 sed
1745 4528 1801 4582 in
1858 4528 2286 4597 incorruptionis

2399 4512 2608 4605 κιόμασι
2624 4512 2629 4513 ν
2645 4536 3026 4602 συνεχόμενον,
3051 4527 3166 4582 ἀλλ’
3193 4530 3250 4580 ἐν
3278 4526 3357 4598 τῷ
3379 4526 3614 4595 αἰγιαλῷ
3637 4525 3736 4593 τῆς
3756 4523 3979 4592 6.30009-

703 4634 891 4687 liltore
919 4629 1295 4684 constitutam.

797 4750 814 4781 ι
849 4725 992 4778 Dixit
1022 4736 1152 4789 ergo
1185 4720 1265 4775 eis
1295 4718 1451 4774 Jesus
1493 4716 1715 4781 :Pueri,
1744 4714 2008 4784 numquid
2045 4713 2291 4782 pulmen-

706 4820 904 4874 tariutn
960 4812 1213 4870 habetis?
1252 4831 1268 4863 ι
1317 4809 1647 4879 Simpliciter
1693 4808 1909 4878 quidem
1965 4821 2061 4860 eos
2119 4807 2289 4858 inter-

707 4926 899 4983 rogare
928 4908 1163 4969 videtur,
1195 4905 1287 4959 scd
1338 4903 1558 4973 oblique
1602 4912 1782 4955 tamen
1816 4898 2286 4969 imperfectioncm

704 5019 917 5066 eorum,
980 5010 1036 5055 et
1094 4987 1348 5069 pusillum
1385 4997 1889 5063 inconstantemque
1914 4993 2153 5046 animum
2189 5007 2287 5045 εκ»

706 5098 976 5172 probrat:
1022 5113 1040 5146 ι
1080 5093 1265 5159 Pueri,
1318 5090 1583 5162 numquid
1638 5088 2062 5160 pulmentarium
2127 5086 2289 5141 habe-

783 5242 828 5277 “
854 5244 1010 5299 Joan.
1045 5258 1134 5296 xxi
1158 5284 1171 5309 ,
1220 5242 1253 5296 3
1283 5252 1436 5309 seqq.

786 5479 896 5549 (57)
929 5478 1171 5533 Andreas
1215 5490 1259 5531 et
1277 5478 1574 5543 Philippus.
1630 5472 1929 5529 Probabilis
1983 5485 2114 5549 sane
2143 5486 2276 5524 con-

704 5543 947 5618 jectur'a,
980 5552 1033 5603 in
1058 5565 1220 5617 quam
1253 5550 1415 5603 etiam
1438 5549 1776 5601 Malilouatus
1812 5556 1998 5599 noster
2022 5543 2277 5618 indui-tus

706 5611 772 5678 ex
804 5639 871 5677 eo
900 5624 1042 5691 quod
1078 5611 1392 5674 Bethsaidie
1447 5620 1646 5691 fuerint
1692 5620 2082 5691 ,ΑΙΙιίΙὉἏ-εηῦι
2146 5611 2275 5691 [flii-

708 5682 1003 5761 lippum-et
1037 5693 1184 5745 locus
1219 5691 1307 5742 ubi
1329 5700 1453 5761 tunc
1487 5689 1539 5742 hi
1570 5687 1818 5761 discipuli
1855 5686 1921 5738 ad
1952 5682 2275 5761 piscantium

711 5754 937 5833 pitil’ecti
987 5770 1144 5833 erant
1198 5760 1530 5815 BethSaida:
1594 5760 1665 5812 ibi
1710 5754 1867 5833 enim
1931 5754 2275 5833 piscatoriam

709 5826 1058 5893 tiercebant.
1094 5830 1262 5889 Favet
1315 5832 1478 5888 etiam
1533 5841 1772 5886 etvutum
1827 5826 2130 5883 Bcthsatdw
2173 5831 2276 5882 nr:

2402 4628 2523 4689 cia;
2557 4627 2867 4695 ἱστάμενον.

2477 4735 2494 4765 ι
2529 4717 2691 4782 Λέγει
2720 4710 2814 4766 οὖν
2846 4712 3028 4774 αὐτοῖς
3054 4713 3080 4763 6
3125 4710 3333 4779 Ἰησοῦς
3365 4726 3380 4740 ο
3402 4707 3622 4769 Παιδία,
3644 4708 3775 4775 μήτι
3805 4723 3981 4777 προσ-

2399 4808 2595 4878 φάγιον
2654 4807 2849 4875 ἔχετες
2925 4823 2944 4857 s
3015 4802 3319 4863 Ἀπλοῖκῶς
3372 4801 3472 4868 μὲν
3528 4799 3607 4869 τῷ
3671 4816 3735 4866 γε
3799 4800 3979 4851 δοκεῖν

2396 4902 2544 4951 ποιεῖ
2590 4898 2688 4968 τὴν
2734 4895 3029 4967 ἐρώτησιν,
3085 4893 3422 4947 καθάπτεταί
3453 4909 3517 4958 γε
3565 4891 3673 4960 μὴν
3732 4891 3982 4959 πλαγίως

2398 4994 2459 5047 τὸ
2485 4993 2674 5055 ἀτελὲς
2701 4991 2883 5043 αὐτῶν
2906 4989 3204 5051 ὀνειδέζων,
3228 4986 3326 5039 καὶ
3350 4984 3631 5047 ἀϐέϐαιον,
3665 4984 3761 5036 καὶ⁵
3788 5000 3980 5049 νηπιο-

2400 5085 2629 5157 πρεπές.
2680 5082 2928 5146 «Παιδία,
2976 5082 3107 5153 μήτι
3141 5078 3486 5151 προσφάγιον
3521 5076 3673 5148 ἔχετε
3704 5092 3721 5142 ;
3757 5094 3777 5127 s
3836 5077 3979 5144 Ὅρα

1945 5328 2269 5394 Francisci
2302 5327 2511 5390 Scorsi
2549 5332 2738 5388 notae.

2383 5476 2519 5525 .1133
2574 5464 2771 5518 Domus
2844 5462 3156 5523 venationis,
3216 5459 3474 5514 nimirum
3530 5457 3864 5525 piscatoriae.
3900 5457 3977 5511 Sic

2385 5543 2529 5590 enim
2586 5535 2910 5604 Euthymius
2961 5552 2974 5586 :
3042 5532 3267 5584 Domum
3299 5530 3631 5604 piscatiouis,
3670 5530 3856 5591 vertit,
3883 5530 3980 5580 huc

2384 5621 2459 5661 est
2514 5608 2600 5659 ubi
2656 5601 2837 5659 venari
2900 5604 3135 5656 solebant
3190 5603 3378 5667 pisces,
3438 5601 3614 5664 sicque
3650 5611 3838 5651 uocata
3897 5607 3979 5650 est

2386 5681 2561 5745 pay-ia
2599 5676 2743 5732 I’etri
2786 5687 2832 5730 et
2855 5675 3079 5729 Andreae
3103 5690 3122 5739 ;
3145 5680 3297 5726 erant
3336 5671 3473 5726 enim
3509 5669 3581 5724 ibi
3606 5671 3761 5723 multi
3792 5671 3976 5736 plata-

2388 5762 2523 5804 ίυΪεδ
2534 5791 2547 5805 ο
