  <div class='ocr_page' id='page_1' title='image "/cluster/home/n/w/nwhite01/storage/ocr_20150623/132/nnc1.0046979662/365.png"; bbox 0 0 4184 6436; ppageno 0'>
   <div class='ocr_carea' id='block_1_1' title="bbox 772 330 871 394">
    <p class='ocr_par' dir='ltr' id='par_1_1' title="bbox 772 330 871 394">
     <span class='ocr_line' id='line_1_1' title="bbox 772 330 871 394; baseline 0.03 -3"><span class='ocrx_word' id='word_1_1' title='bbox 772 330 871 394; x_wconf 70' lang='lat'>711</span> 
     </span>
    </p>
   </div>
   <div class='ocr_carea' id='block_1_2' title="bbox 1987 339 2856 407">
    <p class='ocr_par' dir='ltr' id='par_1_2' title="bbox 1987 339 2856 407">
     <span class='ocr_line' id='line_1_2' title="bbox 1987 339 2856 407; baseline 0.009 -9"><span class='ocrx_word' id='word_1_2' title='bbox 1987 339 2479 400; x_wconf 79' lang='lat' dir='ltr'>TIIEOPIIANIS</span> <span class='ocrx_word' id='word_1_3' title='bbox 2518 344 2856 407; x_wconf 71' lang='lat' dir='ltr'>CERAMEI</span> 
     </span>
    </p>
   </div>
   <div class='ocr_carea' id='block_1_3' title="bbox 3933 357 4050 416">
    <p class='ocr_par' dir='ltr' id='par_1_3' title="bbox 3933 357 4050 416">
     <span class='ocr_line' id='line_1_3' title="bbox 3933 357 4050 416; baseline 0 0"><span class='ocrx_word' id='word_1_4' title='bbox 3933 357 4050 416; x_wconf 73' lang='grc'>712</span> 
     </span>
    </p>
   </div>
   <div class='ocr_carea' id='block_1_4' title="bbox 769 449 2349 536">
    <p class='ocr_par' dir='ltr' id='par_1_4' title="bbox 769 449 2349 519">
     <span class='ocr_line' id='line_1_4' title="bbox 769 449 2349 519; baseline 0.003 -21"><span class='ocrx_word' id='word_1_5' title='bbox 769 450 971 512; x_wconf 80' lang='lat' dir='ltr'>fateri,</span> <span class='ocrx_word' id='word_1_6' title='bbox 1031 451 1174 517; x_wconf 88' lang='lat' dir='ltr'>quod</span> <span class='ocrx_word' id='word_1_7' title='bbox 1222 466 1344 505; x_wconf 88' lang='lat' dir='ltr'>cum</span> <span class='ocrx_word' id='word_1_8' title='bbox 1407 449 1678 504; x_wconf 85' lang='lat' dir='ltr'>charitatc</span> <span class='ocrx_word' id='word_1_9' title='bbox 1732 463 2179 518; x_wconf 85' lang='lat' dir='ltr'>prosequeretur,</span> <span class='ocrx_word' id='word_1_10' title='bbox 2216 454 2349 519; x_wconf 90' lang='lat' dir='ltr'>quod</span> 
     </span>
    </p>
   </div>
   <div class='ocr_carea' id='block_1_5' title="bbox 2456 449 4055 536">
    <p class='ocr_par' dir='ltr' id='par_1_5' title="bbox 2462 457 4055 536">
     <span class='ocr_line' id='line_1_5' title="bbox 2462 457 4055 536; baseline 0.007 -28"><span class='ocrx_word' id='word_1_11' title='bbox 2462 457 2653 524; x_wconf 67' lang='grc' dir='ltr'>γῆσπιι,</span> <span class='ocrx_word' id='word_1_12' title='bbox 2707 459 2779 521; x_wconf 84' lang='grc' dir='ltr'>ὡς</span> <span class='ocrx_word' id='word_1_13' title='bbox 2834 459 3096 532; x_wconf 76' lang='grc' dir='ltr'>ἀγαπῴη,</span> <span class='ocrx_word' id='word_1_14' title='bbox 3133 464 3192 515; x_wconf 65' lang='grc' dir='ltr'>τὶ</span> <span class='ocrx_word' id='word_1_15' title='bbox 3243 461 3428 536; x_wconf 80' lang='grc' dir='ltr'>ἧττον,</span> <span class='ocrx_word' id='word_1_16' title='bbox 3478 466 3655 533; x_wconf 77' lang='grc' dir='ltr'>ἑαυτῷ</span> <span class='ocrx_word' id='word_1_17' title='bbox 3711 467 3807 535; x_wconf 72' lang='grc' dir='ltr'>τὴν</span> <span class='ocrx_word' id='word_1_18' title='bbox 3859 469 4055 535; x_wconf 81' lang='grc' dir='ltr'>φιλίαν</span> 
     </span>
    </p>
   </div>
   <div class='ocr_carea' id='block_1_6' title="bbox 770 539 2357 607">
    <p class='ocr_par' dir='ltr' id='par_1_6' title="bbox 770 539 2357 607">
     <span class='ocr_line' id='line_1_6' title="bbox 770 539 2357 607; baseline 0.003 -18"><span class='ocrx_word' id='word_1_19' title='bbox 770 539 951 591; x_wconf 65' lang='lat' dir='ltr'>minus</span> <span class='ocrx_word' id='word_1_20' title='bbox 985 554 1125 603; x_wconf 84' lang='lat' dir='ltr'>erat,</span> <span class='ocrx_word' id='word_1_21' title='bbox 1163 540 1456 592; x_wconf 74' lang='lat' dir='ltr'>amicitiam</span> <span class='ocrx_word' id='word_1_22' title='bbox 1488 539 1590 592; x_wconf 92' lang='lat' dir='ltr'>sibi</span> <span class='ocrx_word' id='word_1_23' title='bbox 1623 540 1829 602; x_wconf 91' lang='lat' dir='ltr'>tribuit,</span> <span class='ocrx_word' id='word_1_24' title='bbox 1865 554 2094 607; x_wconf 84' lang='lat' dir='ltr'>eamque</span> <span class='ocrx_word' id='word_1_25' title='bbox 2130 550 2357 593; x_wconf 86' lang='lat' dir='ltr'>testatus</span> 
     </span>
    </p>
   </div>
   <div class='ocr_carea' id='block_1_7' title="bbox 766 629 2355 694">
    <p class='ocr_par' dir='ltr' id='par_1_7' title="bbox 766 629 2355 694">
     <span class='ocr_line' id='line_1_7' title="bbox 766 629 2355 694; baseline 0.001 -14"><span class='ocrx_word' id='word_1_26' title='bbox 766 641 874 681; x_wconf 71' lang='lat' dir='ltr'>est.</span> <span class='ocrx_word' id='word_1_27' title='bbox 906 629 1028 683; x_wconf 80' lang='lat' dir='ltr'>Jam</span> <span class='ocrx_word' id='word_1_28' title='bbox 1073 631 1217 682; x_wconf 76' lang='lat' dir='ltr'>enim</span> <span class='ocrx_word' id='word_1_29' title='bbox 1256 630 1604 683; x_wconf 79' lang='lat' dir='ltr'>intellexerat</span> <span class='ocrx_word' id='word_1_30' title='bbox 1632 634 1681 683; x_wconf 92' lang='lat' dir='ltr'>in</span> <span class='ocrx_word' id='word_1_31' title='bbox 1722 630 1821 683; x_wconf 91' lang='lat' dir='ltr'>hoc</span> <span class='ocrx_word' id='word_1_32' title='bbox 1844 644 1968 683; x_wconf 86' lang='lat' dir='ltr'>esse</span> <span class='ocrx_word' id='word_1_33' title='bbox 2004 631 2355 694; x_wconf 74' lang='lat' dir='ltr'>churitatem,</span> 
     </span>
    </p>
   </div>
   <div class='ocr_carea' id='block_1_8' title="bbox 769 719 2347 787">
    <p class='ocr_par' dir='ltr' id='par_1_8' title="bbox 769 719 2347 787">
     <span class='ocr_line' id='line_1_8' title="bbox 769 719 2347 787; baseline 0.003 -20"><span class='ocrx_word' id='word_1_34' title='bbox 769 728 826 767; x_wconf 93' lang='grc' dir='ltr'>ιιι</span> <span class='ocrx_word' id='word_1_35' title='bbox 857 720 1091 769; x_wconf 80' lang='lat' dir='ltr'>animam</span> <span class='ocrx_word' id='word_1_36' title='bbox 1142 732 1298 769; x_wconf 85' lang='lat' dir='ltr'>suam</span> <span class='ocrx_word' id='word_1_37' title='bbox 1334 729 1498 786; x_wconf 83' lang='lat' dir='ltr'>portat</span> <span class='ocrx_word' id='word_1_38' title='bbox 1526 720 1646 787; x_wconf 86' lang='lat' dir='ltr'>quis</span> <span class='ocrx_word' id='word_1_39' title='bbox 1683 732 1780 785; x_wconf 89' lang='lat' dir='ltr'>pro</span> <span class='ocrx_word' id='word_1_40' title='bbox 1822 719 2015 772; x_wconf 82' lang='lat' dir='ltr'>amicis</span> <span class='ocrx_word' id='word_1_41' title='bbox 2052 722 2187 773; x_wconf 88' lang='lat' dir='ltr'>suis.</span> <span class='ocrx_word' id='word_1_42' title='bbox 2214 720 2347 784; x_wconf 87' lang='lat' dir='ltr'>Quia</span> 
     </span>
    </p>
   </div>
   <div class='ocr_carea' id='block_1_9' title="bbox 766 808 2355 876">
    <p class='ocr_par' dir='ltr' id='par_1_9' title="bbox 766 808 2355 876">
     <span class='ocr_line' id='line_1_9' title="bbox 766 808 2355 876; baseline 0.004 -18"><span class='ocrx_word' id='word_1_43' title='bbox 766 809 934 875; x_wconf 77' lang='lat' dir='ltr'>igitur</span> <span class='ocrx_word' id='word_1_44' title='bbox 964 810 1064 861; x_wconf 90' lang='lat' dir='ltr'>hoc</span> <span class='ocrx_word' id='word_1_45' title='bbox 1098 808 1214 876; x_wconf 83' lang='lat' dir='ltr'>ipse</span> <span class='ocrx_word' id='word_1_46' title='bbox 1240 824 1348 863; x_wconf 91' lang='lat' dir='ltr'>non</span> <span class='ocrx_word' id='word_1_47' title='bbox 1382 811 1702 876; x_wconf 78' lang='lat' dir='ltr'>perfecerat,</span> <span class='ocrx_word' id='word_1_48' title='bbox 1736 810 1857 863; x_wconf 88' lang='lat' dir='ltr'>ideo</span> <span class='ocrx_word' id='word_1_49' title='bbox 1883 826 1942 863; x_wconf 90' lang='lat' dir='ltr'>se</span> <span class='ocrx_word' id='word_1_50' title='bbox 1969 811 2220 864; x_wconf 91' lang='lat' dir='ltr'>detnittit.</span> <span class='ocrx_word' id='word_1_51' title='bbox 2250 811 2355 864; x_wconf 84' lang='lat' dir='ltr'>Sed</span> 
     </span>
    </p>
   </div>
   <div class='ocr_carea' id='block_1_10' title="bbox 770 896 2357 967">
    <p class='ocr_par' dir='ltr' id='par_1_10' title="bbox 770 896 2357 967">
     <span class='ocr_line' id='line_1_10' title="bbox 770 896 2357 967; baseline 0.003 -20"><span class='ocrx_word' id='word_1_52' title='bbox 770 896 1032 951; x_wconf 77' lang='lat' dir='ltr'>Dominus</span> <span class='ocrx_word' id='word_1_53' title='bbox 1064 897 1132 949; x_wconf 92' lang='lat' dir='ltr'>ab</span> <span class='ocrx_word' id='word_1_54' title='bbox 1165 914 1351 951; x_wconf 84' lang='lat' dir='ltr'>amore</span> <span class='ocrx_word' id='word_1_55' title='bbox 1384 900 1522 950; x_wconf 90' lang='lat' dir='ltr'>illius</span> <span class='ocrx_word' id='word_1_56' title='bbox 1550 913 1678 966; x_wconf 81' lang='lat' dir='ltr'>erga</span> <span class='ocrx_word' id='word_1_57' title='bbox 1722 914 1779 951; x_wconf 89' lang='lat' dir='ltr'>se</span> <span class='ocrx_word' id='word_1_58' title='bbox 1809 898 1912 951; x_wconf 85' lang='lat' dir='ltr'>hoc</span> <span class='ocrx_word' id='word_1_59' title='bbox 1944 899 2251 967; x_wconf 77' lang='lat' dir='ltr'>postulavit,</span> <span class='ocrx_word' id='word_1_60' title='bbox 2300 909 2357 951; x_wconf 90' lang='grc' dir='ltr'>ιιι</span> 
     </span>
    </p>
   </div>
   <div class='ocr_carea' id='block_1_11' title="bbox 766 995 2359 1061">
    <p class='ocr_par' dir='ltr' id='par_1_11' title="bbox 766 995 2359 1061">
     <span class='ocr_line' id='line_1_11' title="bbox 766 995 2359 1061; baseline 0.005 -18"><span class='ocrx_word' id='word_1_61' title='bbox 766 1007 934 1058; x_wconf 81' lang='lat' dir='ltr'>pecus</span> <span class='ocrx_word' id='word_1_62' title='bbox 984 1010 1144 1047; x_wconf 83' lang='lat' dir='ltr'>suum</span> <span class='ocrx_word' id='word_1_63' title='bbox 1199 995 1409 1046; x_wconf 81' lang='lat' dir='ltr'>ratione</span> <span class='ocrx_word' id='word_1_64' title='bbox 1454 996 1741 1061; x_wconf 70' lang='lat' dir='ltr'>praeditum</span> <span class='ocrx_word' id='word_1_65' title='bbox 1798 1005 2044 1060; x_wconf 87' lang='lat' dir='ltr'>pasceret</span> <span class='ocrx_word' id='word_1_66' title='bbox 2084 1013 2096 1046; x_wconf 93' lang='lat'><strong>:</strong></span> <span class='ocrx_word' id='word_1_67' title='bbox 2136 1014 2154 1045; x_wconf 82' lang='grc' dir='ltr'>ι</span> <span class='ocrx_word' id='word_1_68' title='bbox 2196 996 2359 1050; x_wconf 81' lang='lat' dir='ltr'>Pasce</span> 
     </span>
    </p>
   </div>
   <div class='ocr_carea' id='block_1_12' title="bbox 766 1087 2360 1155">
    <p class='ocr_par' dir='ltr' id='par_1_12' title="bbox 766 1087 2360 1155">
     <span class='ocr_line' id='line_1_12' title="bbox 766 1087 2360 1155; baseline 0.006 -22"><span class='ocrx_word' id='word_1_69' title='bbox 766 1101 939 1149; x_wconf 64' lang='lat' dir='ltr'>agnos</span> <span class='ocrx_word' id='word_1_70' title='bbox 999 1101 1181 1149; x_wconf 87' lang='lat' dir='ltr'>meos,</span> <span class='ocrx_word' id='word_1_71' title='bbox 1222 1104 1238 1135; x_wconf 80' lang='grc' dir='ltr'>ι</span> <span class='ocrx_word' id='word_1_72' title='bbox 1283 1088 1579 1139; x_wconf 80' lang='lat' dir='ltr'>ostendens</span> <span class='ocrx_word' id='word_1_73' title='bbox 1633 1087 1890 1139; x_wconf 69' lang='lat' dir='ltr'>nimirum</span> <span class='ocrx_word' id='word_1_74' title='bbox 1937 1088 2360 1155; x_wconf 65' lang='lat' dir='ltr'>dispensationis</span> 
     </span>
    </p>
   </div>
   <div class='ocr_carea' id='block_1_13' title="bbox 764 1177 2360 1232">
    <p class='ocr_par' dir='ltr' id='par_1_13' title="bbox 764 1177 2360 1232">
     <span class='ocr_line' id='line_1_13' title="bbox 764 1177 2360 1232; baseline 0.003 -5"><span class='ocrx_word' id='word_1_75' title='bbox 764 1178 975 1228; x_wconf 79' lang='lat' dir='ltr'>consilii</span> <span class='ocrx_word' id='word_1_76' title='bbox 1014 1177 1095 1228; x_wconf 88' lang='lat' dir='ltr'>sui</span> <span class='ocrx_word' id='word_1_77' title='bbox 1136 1180 1293 1229; x_wconf 89' lang='lat' dir='ltr'>linem</span> <span class='ocrx_word' id='word_1_78' title='bbox 1330 1177 1498 1231; x_wconf 88' lang='lat' dir='ltr'>fuisse</span> <span class='ocrx_word' id='word_1_79' title='bbox 1531 1180 1763 1232; x_wconf 83' lang='lat' dir='ltr'>salutem</span> <span class='ocrx_word' id='word_1_80' title='bbox 1799 1180 2103 1232; x_wconf 82' lang='lat' dir='ltr'>hominum.</span> <span class='ocrx_word' id='word_1_81' title='bbox 2144 1180 2209 1232; x_wconf 79' lang='lat' dir='ltr'>Et</span> <span class='ocrx_word' id='word_1_82' title='bbox 2243 1196 2360 1232; x_wconf 90' lang='lat' dir='ltr'>rur-</span> 
     </span>
    </p>
   </div>
   <div class='ocr_carea' id='block_1_14' title="bbox 765 1262 2360 1339">
    <p class='ocr_par' dir='ltr' id='par_1_14' title="bbox 765 1262 2360 1339">
     <span class='ocr_line' id='line_1_14' title="bbox 765 1262 2360 1339; baseline 0.003 -21"><span class='ocrx_word' id='word_1_83' title='bbox 765 1283 857 1319; x_wconf 71' lang='lat' dir='ltr'>sus</span> <span class='ocrx_word' id='word_1_84' title='bbox 881 1270 1128 1321; x_wconf 77' lang='lat' dir='ltr'>eamtlctn</span> <span class='ocrx_word' id='word_1_85' title='bbox 1156 1262 1398 1323; x_wconf 78' lang='lat' dir='ltr'>secundo</span> <span class='ocrx_word' id='word_1_86' title='bbox 1422 1270 1900 1339; x_wconf 76' lang='lat' dir='ltr'>interrogationem</span> <span class='ocrx_word' id='word_1_87' title='bbox 1930 1272 2189 1339; x_wconf 84' lang='lat' dir='ltr'>adjiciens</span> <span class='ocrx_word' id='word_1_88' title='bbox 2214 1288 2360 1325; x_wconf 73' lang='lat' dir='ltr'>eam-</span> 
     </span>
    </p>
   </div>
   <div class='ocr_carea' id='block_1_15' title="bbox 765 1356 2358 1428">
    <p class='ocr_par' dir='ltr' id='par_1_15' title="bbox 765 1356 2358 1428">
     <span class='ocr_line' id='line_1_15' title="bbox 765 1356 2358 1428; baseline 0.003 -22"><span class='ocrx_word' id='word_1_89' title='bbox 765 1358 890 1410; x_wconf 87' lang='lat' dir='ltr'>detn</span> <span class='ocrx_word' id='word_1_90' title='bbox 923 1360 1332 1428; x_wconf 85' lang='lat' dir='ltr'>responsiOucm</span> <span class='ocrx_word' id='word_1_91' title='bbox 1368 1359 1532 1413; x_wconf 87' lang='lat' dir='ltr'>refert</span> <span class='ocrx_word' id='word_1_92' title='bbox 1565 1376 1580 1411; x_wconf 88' lang='lat'><strong>;</strong></span> <span class='ocrx_word' id='word_1_93' title='bbox 1634 1378 1651 1409; x_wconf 83' lang='lat' dir='ltr'>t</span> <span class='ocrx_word' id='word_1_94' title='bbox 1687 1360 1933 1422; x_wconf 87' lang='lat' dir='ltr'>Domine,</span> <span class='ocrx_word' id='word_1_95' title='bbox 1969 1370 2023 1409; x_wconf 90' lang='grc' dir='ltr'>ιιι</span> <span class='ocrx_word' id='word_1_96' title='bbox 2057 1360 2184 1421; x_wconf 84' lang='lat' dir='ltr'>scis,</span> <span class='ocrx_word' id='word_1_97' title='bbox 2233 1356 2358 1427; x_wconf 69' lang='lat' dir='ltr'>quia</span> 
     </span>
    </p>
   </div>
   <div class='ocr_carea' id='block_1_16' title="bbox 766 1449 2357 1517">
    <p class='ocr_par' dir='ltr' id='par_1_16' title="bbox 766 1449 2357 1517">
     <span class='ocr_line' id='line_1_16' title="bbox 766 1449 2357 1517; baseline 0.003 -18"><span class='ocrx_word' id='word_1_98' title='bbox 766 1464 893 1501; x_wconf 88' lang='lat' dir='ltr'>amo</span> <span class='ocrx_word' id='word_1_99' title='bbox 928 1459 996 1501; x_wconf 89' lang='lat' dir='ltr'>te.</span> <span class='ocrx_word' id='word_1_100' title='bbox 1037 1470 1053 1500; x_wconf 77' lang='grc' dir='ltr'>ι</span> <span class='ocrx_word' id='word_1_101' title='bbox 1101 1449 1237 1502; x_wconf 88' lang='lat' dir='ltr'>Tum</span> <span class='ocrx_word' id='word_1_102' title='bbox 1274 1450 1468 1502; x_wconf 79' lang='lat' dir='ltr'>iterum</span> <span class='ocrx_word' id='word_1_103' title='bbox 1493 1465 1680 1502; x_wconf 88' lang='lat' dir='ltr'>curam</span> <span class='ocrx_word' id='word_1_104' title='bbox 1714 1451 1786 1503; x_wconf 92' lang='lat' dir='ltr'>illi</span> <span class='ocrx_word' id='word_1_105' title='bbox 1815 1451 2104 1502; x_wconf 82' lang='lat' dir='ltr'>committit</span> <span class='ocrx_word' id='word_1_106' title='bbox 2131 1466 2357 1517; x_wconf 87' lang='lat' dir='ltr'>pascen-</span> 
     </span>
    </p>
   </div>
   <div class='ocr_carea' id='block_1_17' title="bbox 765 1538 2358 1608">
    <p class='ocr_par' dir='ltr' id='par_1_17' title="bbox 765 1538 2358 1608">
     <span class='ocr_line' id='line_1_17' title="bbox 765 1538 2358 1608; baseline 0.001 -21"><span class='ocrx_word' id='word_1_107' title='bbox 765 1539 956 1590; x_wconf 88' lang='lat' dir='ltr'>dorutn</span> <span class='ocrx_word' id='word_1_108' title='bbox 1008 1552 1115 1590; x_wconf 91' lang='lat' dir='ltr'>non</span> <span class='ocrx_word' id='word_1_109' title='bbox 1157 1553 1447 1603; x_wconf 80' lang='lat' dir='ltr'>agnorum.</span> <span class='ocrx_word' id='word_1_110' title='bbox 1498 1538 1592 1591; x_wconf 88' lang='lat' dir='ltr'>sed</span> <span class='ocrx_word' id='word_1_111' title='bbox 1634 1538 1818 1592; x_wconf 83' lang='lat' dir='ltr'>ovium</span> <span class='ocrx_word' id='word_1_112' title='bbox 1859 1539 1995 1608; x_wconf 79' lang='lat'>(73).</span> <span class='ocrx_word' id='word_1_113' title='bbox 2041 1539 2094 1591; x_wconf 89' lang='lat' dir='ltr'>In</span> <span class='ocrx_word' id='word_1_114' title='bbox 2124 1541 2358 1608; x_wconf 56' lang='lat' dir='ltr'>quibus»</span> 
     </span>
    </p>
   </div>
   <div class='ocr_carea' id='block_1_18' title="bbox 765 1629 2353 1698">
    <p class='ocr_par' dir='ltr' id='par_1_18' title="bbox 765 1629 2353 1698">
     <span class='ocr_line' id='line_1_18' title="bbox 765 1629 2353 1698; baseline 0.004 -21"><span class='ocrx_word' id='word_1_115' title='bbox 765 1632 889 1679; x_wconf 84' lang='lat' dir='ltr'>dant</span> <span class='ocrx_word' id='word_1_116' title='bbox 925 1644 1052 1681; x_wconf 89' lang='lat' dir='ltr'>vero</span> <span class='ocrx_word' id='word_1_117' title='bbox 1082 1629 1309 1683; x_wconf 89' lang='lat' dir='ltr'>vetustis</span> <span class='ocrx_word' id='word_1_118' title='bbox 1364 1631 1766 1698; x_wconf 77' lang='lat' dir='ltr'>exemplaribus</span> <span class='ocrx_word' id='word_1_119' title='bbox 1799 1632 1869 1683; x_wconf 87' lang='lat' dir='ltr'>ita</span> <span class='ocrx_word' id='word_1_120' title='bbox 1914 1632 2178 1697; x_wconf 84' lang='lat' dir='ltr'>scriptum</span> <span class='ocrx_word' id='word_1_121' title='bbox 2212 1643 2297 1684; x_wconf 82' lang='lat' dir='ltr'>est</span> <span class='ocrx_word' id='word_1_122' title='bbox 2341 1649 2353 1684; x_wconf 92' lang='lat'><strong>:</strong></span> 
     </span>
    </p>
   </div>
   <div class='ocr_carea' id='block_1_19' title="bbox 769 1719 2354 1788">
    <p class='ocr_par' dir='ltr' id='par_1_19' title="bbox 769 1719 2354 1788">
     <span class='ocr_line' id='line_1_19' title="bbox 769 1719 2354 1788; baseline 0.003 -19"><span class='ocrx_word' id='word_1_123' title='bbox 769 1740 787 1769; x_wconf 75' lang='grc' dir='ltr'>ι</span> <span class='ocrx_word' id='word_1_124' title='bbox 822 1719 989 1772; x_wconf 78' lang='lat' dir='ltr'>Pasce</span> <span class='ocrx_word' id='word_1_125' title='bbox 1027 1722 1270 1775; x_wconf 84' lang='lat' dir='ltr'>oviculas</span> <span class='ocrx_word' id='word_1_126' title='bbox 1308 1737 1493 1785; x_wconf 83' lang='lat' dir='ltr'>meas;</span> <span class='ocrx_word' id='word_1_127' title='bbox 1541 1741 1558 1773; x_wconf 76' lang='grc' dir='ltr'>ι</span> <span class='ocrx_word' id='word_1_128' title='bbox 1615 1731 1669 1773; x_wconf 88' lang='lat' dir='ltr'>et</span> <span class='ocrx_word' id='word_1_129' title='bbox 1701 1723 2092 1788; x_wconf 80' lang='lat' dir='ltr'>congruentius</span> <span class='ocrx_word' id='word_1_130' title='bbox 2134 1723 2235 1774; x_wconf 90' lang='lat' dir='ltr'>hoc</span> <span class='ocrx_word' id='word_1_131' title='bbox 2261 1722 2354 1774; x_wconf 84' lang='lat' dir='ltr'>vi-</span> 
     </span>
    </p>
   </div>
   <div class='ocr_carea' id='block_1_20' title="bbox 764 1806 2432 1879">
    <p class='ocr_par' dir='ltr' id='par_1_20' title="bbox 764 1806 2432 1879">
     <span class='ocr_line' id='line_1_20' title="bbox 764 1806 2432 1879; baseline 0.002 -17"><span class='ocrx_word' id='word_1_132' title='bbox 764 1810 943 1862; x_wconf 86' lang='lat' dir='ltr'>detur.</span> <span class='ocrx_word' id='word_1_133' title='bbox 976 1812 1110 1862; x_wconf 69' lang='lat' dir='ltr'>(ium</span> <span class='ocrx_word' id='word_1_134' title='bbox 1142 1816 1286 1865; x_wconf 89' lang='lat' dir='ltr'>enim</span> <span class='ocrx_word' id='word_1_135' title='bbox 1322 1827 1487 1879; x_wconf 78' lang='lat' dir='ltr'>agnos</span> <span class='ocrx_word' id='word_1_136' title='bbox 1517 1813 1692 1878; x_wconf 90' lang='lat' dir='ltr'>primo</span> <span class='ocrx_word' id='word_1_137' title='bbox 1719 1813 2072 1875; x_wconf 84' lang='lat' dir='ltr'>nominasset,</span> <span class='ocrx_word' id='word_1_138' title='bbox 2114 1813 2353 1866; x_wconf 81' lang='lat' dir='ltr'>oviculas</span> <span class='ocrx_word' id='word_1_139' title='bbox 2386 1806 2432 1866; x_wconf 84' lang='lat' dir='ltr'><strong>B</strong></span> 
     </span>
    </p>
   </div>
   <div class='ocr_carea' id='block_1_21' title="bbox 763 1902 2352 1973">
    <p class='ocr_par' dir='ltr' id='par_1_21' title="bbox 763 1902 2352 1973">
     <span class='ocr_line' id='line_1_21' title="bbox 763 1902 2352 1973; baseline 0.004 -22"><span class='ocrx_word' id='word_1_140' title='bbox 763 1903 985 1964; x_wconf 85' lang='lat' dir='ltr'>deinde,</span> <span class='ocrx_word' id='word_1_141' title='bbox 1011 1911 1121 1953; x_wconf 90' lang='lat' dir='ltr'>tum</span> <span class='ocrx_word' id='word_1_142' title='bbox 1153 1918 1282 1955; x_wconf 86' lang='lat' dir='ltr'>oves</span> <span class='ocrx_word' id='word_1_143' title='bbox 1317 1902 1611 1971; x_wconf 72' lang='lat' dir='ltr'>appellavit</span> <span class='ocrx_word' id='word_1_144' title='bbox 1644 1920 1653 1953; x_wconf 95' lang='lat'>:</span> <span class='ocrx_word' id='word_1_145' title='bbox 1684 1913 1841 1971; x_wconf 86' lang='lat' dir='ltr'>prout</span> <span class='ocrx_word' id='word_1_146' title='bbox 1869 1903 2003 1957; x_wconf 92' lang='lat' dir='ltr'>ordo</span> <span class='ocrx_word' id='word_1_147' title='bbox 2034 1918 2352 1973; x_wconf 81' lang='lat' dir='ltr'>progressus</span> 
     </span>
    </p>
   </div>
   <div class='ocr_carea' id='block_1_22' title="bbox 763 1993 2351 2062">
    <p class='ocr_par' dir='ltr' id='par_1_22' title="bbox 763 1993 2351 2062">
     <span class='ocr_line' id='line_1_22' title="bbox 763 1993 2351 2062; baseline 0.003 -19"><span class='ocrx_word' id='word_1_148' title='bbox 763 2006 952 2045; x_wconf 90' lang='lat' dir='ltr'>eorum</span> <span class='ocrx_word' id='word_1_149' title='bbox 985 1993 1241 2060; x_wconf 85' lang='lat' dir='ltr'>postulat,</span> <span class='ocrx_word' id='word_1_150' title='bbox 1274 1995 1366 2062; x_wconf 89' lang='lat' dir='ltr'>qui</span> <span class='ocrx_word' id='word_1_151' title='bbox 1393 1994 1625 2046; x_wconf 86' lang='lat' dir='ltr'>salutent</span> <span class='ocrx_word' id='word_1_152' title='bbox 1660 1994 2003 2048; x_wconf 88' lang='lat' dir='ltr'>consecuturi</span> <span class='ocrx_word' id='word_1_153' title='bbox 2035 2005 2181 2048; x_wconf 92' lang='lat' dir='ltr'>sunt.</span> <span class='ocrx_word' id='word_1_154' title='bbox 2218 1994 2351 2047; x_wconf 80' lang='lat' dir='ltr'>Nam</span> 
     </span>
    </p>
   </div>
   <div class='ocr_carea' id='block_1_23' title="bbox 764 2087 2350 2157">
    <p class='ocr_par' dir='ltr' id='par_1_23' title="bbox 764 2087 2350 2157">
     <span class='ocr_line' id='line_1_23' title="bbox 764 2087 2350 2157; baseline 0.003 -19"><span class='ocrx_word' id='word_1_155' title='bbox 764 2104 935 2157; x_wconf 74' lang='lat' dir='ltr'>agnos</span> <span class='ocrx_word' id='word_1_156' title='bbox 969 2090 1179 2141; x_wconf 81' lang='lat' dir='ltr'>vocavit</span> <span class='ocrx_word' id='word_1_157' title='bbox 1215 2104 1308 2142; x_wconf 86' lang='lat' dir='ltr'>eos</span> <span class='ocrx_word' id='word_1_158' title='bbox 1340 2089 1430 2157; x_wconf 89' lang='lat' dir='ltr'>qui</span> <span class='ocrx_word' id='word_1_159' title='bbox 1466 2089 1516 2141; x_wconf 92' lang='lat' dir='ltr'>in</span> <span class='ocrx_word' id='word_1_160' title='bbox 1562 2089 1667 2141; x_wconf 86' lang='lat' dir='ltr'>fide</span> <span class='ocrx_word' id='word_1_161' title='bbox 1711 2098 1836 2141; x_wconf 90' lang='lat' dir='ltr'>sunt</span> <span class='ocrx_word' id='word_1_162' title='bbox 1880 2087 2181 2155; x_wconf 80' lang='lat' dir='ltr'>imperfecti</span> <span class='ocrx_word' id='word_1_163' title='bbox 2213 2090 2350 2155; x_wconf 65' lang='lat'>(74),</span> 
     </span>
    </p>
   </div>
   <div class='ocr_carea' id='block_1_24' title="bbox 762 2180 2354 2249">
    <p class='ocr_par' dir='ltr' id='par_1_24' title="bbox 762 2180 2354 2249">
     <span class='ocr_line' id='line_1_24' title="bbox 762 2180 2354 2249; baseline 0 -16"><span class='ocrx_word' id='word_1_164' title='bbox 762 2190 816 2233; x_wconf 91' lang='lat' dir='ltr'>ct</span> <span class='ocrx_word' id='word_1_165' title='bbox 844 2182 891 2231; x_wconf 88' lang='lat' dir='ltr'>tu</span> <span class='ocrx_word' id='word_1_166' title='bbox 915 2195 1032 2232; x_wconf 78' lang='lat' dir='ltr'>eam</span> <span class='ocrx_word' id='word_1_167' title='bbox 1070 2180 1511 2241; x_wconf 77' lang='lat' dir='ltr'>iutrodncuntur,</span> <span class='ocrx_word' id='word_1_168' title='bbox 1544 2190 1621 2245; x_wconf 85' lang='lat' dir='ltr'>ut,</span> <span class='ocrx_word' id='word_1_169' title='bbox 1642 2189 1695 2232; x_wconf 91' lang='lat' dir='ltr'>et</span> <span class='ocrx_word' id='word_1_170' title='bbox 1729 2180 1905 2232; x_wconf 91' lang='lat' dir='ltr'>adhuc</span> <span class='ocrx_word' id='word_1_171' title='bbox 1927 2180 2083 2232; x_wconf 84' lang='lat' dir='ltr'>lactis</span> <span class='ocrx_word' id='word_1_172' title='bbox 2114 2180 2354 2249; x_wconf 82' lang='lat' dir='ltr'>indigent</span> 
     </span>
    </p>
   </div>
   <div class='ocr_carea' id='block_1_25' title="bbox 766 2272 2353 2340">
    <p class='ocr_par' dir='ltr' id='par_1_25' title="bbox 766 2272 2353 2340">
     <span class='ocr_line' id='line_1_25' title="bbox 766 2272 2353 2340; baseline 0.002 -16"><span class='ocrx_word' id='word_1_173' title='bbox 766 2283 953 2340; x_wconf 87' lang='lat' dir='ltr'>utpote</span> <span class='ocrx_word' id='word_1_174' title='bbox 1002 2273 1088 2339; x_wconf 89' lang='lat' dir='ltr'>qui</span> <span class='ocrx_word' id='word_1_175' title='bbox 1130 2272 1358 2325; x_wconf 90' lang='lat' dir='ltr'>solidum</span> <span class='ocrx_word' id='word_1_176' title='bbox 1418 2273 1679 2325; x_wconf 69' lang='lat' dir='ltr'>doctrinae</span> <span class='ocrx_word' id='word_1_177' title='bbox 1733 2272 2049 2325; x_wconf 81' lang='lat' dir='ltr'>alimentum</span> <span class='ocrx_word' id='word_1_178' title='bbox 2104 2273 2353 2339; x_wconf 85' lang='lat' dir='ltr'>accipere</span> 
     </span>
    </p>
   </div>
   <div class='ocr_carea' id='block_1_26' title="bbox 765 2363 2350 2435">
    <p class='ocr_par' dir='ltr' id='par_1_26' title="bbox 765 2363 2350 2435">
     <span class='ocr_line' id='line_1_26' title="bbox 765 2363 2350 2435; baseline -0.002 -15"><span class='ocrx_word' id='word_1_179' title='bbox 765 2382 1105 2435; x_wconf 74' lang='lat' dir='ltr'>tit-quaquam</span> <span class='ocrx_word' id='word_1_180' title='bbox 1139 2375 1378 2434; x_wconf 90' lang='lat' dir='ltr'>possunt.</span> <span class='ocrx_word' id='word_1_181' title='bbox 1413 2363 1552 2419; x_wconf 79' lang='lat' dir='ltr'>Ores</span> <span class='ocrx_word' id='word_1_182' title='bbox 1575 2381 1700 2417; x_wconf 81' lang='lat' dir='ltr'>vero</span> <span class='ocrx_word' id='word_1_183' title='bbox 1733 2365 1867 2419; x_wconf 83' lang='lat' dir='ltr'>dixit</span> <span class='ocrx_word' id='word_1_184' title='bbox 1893 2380 1986 2420; x_wconf 87' lang='lat' dir='ltr'>eos</span> <span class='ocrx_word' id='word_1_185' title='bbox 2018 2365 2107 2433; x_wconf 91' lang='lat' dir='ltr'>qui</span> <span class='ocrx_word' id='word_1_186' title='bbox 2140 2373 2350 2417; x_wconf 88' lang='lat' dir='ltr'>tantum</span> 
     </span>
    </p>
   </div>
   <div class='ocr_carea' id='block_1_27' title="bbox 767 2458 2354 2526">
    <p class='ocr_par' dir='ltr' id='par_1_27' title="bbox 767 2458 2354 2526">
     <span class='ocr_line' id='line_1_27' title="bbox 767 2458 2354 2526; baseline -0.001 -14"><span class='ocrx_word' id='word_1_187' title='bbox 767 2461 853 2512; x_wconf 84' lang='lat' dir='ltr'>Ital</span> <span class='ocrx_word' id='word_1_188' title='bbox 876 2473 966 2513; x_wconf 87' lang='lat' dir='ltr'>ent</span> <span class='ocrx_word' id='word_1_189' title='bbox 1003 2461 1223 2523; x_wconf 89' lang='lat' dir='ltr'>virium,</span> <span class='ocrx_word' id='word_1_190' title='bbox 1252 2470 1310 2511; x_wconf 91' lang='lat' dir='ltr'>ut</span> <span class='ocrx_word' id='word_1_191' title='bbox 1346 2458 1561 2520; x_wconf 89' lang='lat' dir='ltr'>instrui,</span> <span class='ocrx_word' id='word_1_192' title='bbox 1619 2468 1671 2511; x_wconf 90' lang='lat' dir='ltr'>et</span> <span class='ocrx_word' id='word_1_193' title='bbox 1702 2458 1915 2511; x_wconf 84' lang='lat' dir='ltr'>edoceri</span> <span class='ocrx_word' id='word_1_194' title='bbox 1969 2460 2033 2511; x_wconf 90' lang='lat' dir='ltr'>de</span> <span class='ocrx_word' id='word_1_195' title='bbox 2070 2458 2354 2526; x_wconf 85' lang='lat' dir='ltr'>perfectio-</span> 
     </span>
    </p>
   </div>
   <div class='ocr_carea' id='block_1_28' title="bbox 764 2549 2352 2621">
    <p class='ocr_par' dir='ltr' id='par_1_28' title="bbox 764 2549 2352 2621">
     <span class='ocr_line' id='line_1_28' title="bbox 764 2549 2352 2621; baseline -0.001 -18"><span class='ocrx_word' id='word_1_196' title='bbox 764 2553 915 2605; x_wconf 90' lang='lat' dir='ltr'>ribus</span> <span class='ocrx_word' id='word_1_197' title='bbox 954 2551 1223 2621; x_wconf 79' lang='lat' dir='ltr'>mysteriis</span> <span class='ocrx_word' id='word_1_198' title='bbox 1255 2559 1495 2619; x_wconf 86' lang='lat' dir='ltr'>queant;</span> <span class='ocrx_word' id='word_1_199' title='bbox 1524 2551 1601 2603; x_wconf 89' lang='lat' dir='ltr'>sic</span> <span class='ocrx_word' id='word_1_200' title='bbox 1627 2550 1769 2604; x_wconf 88' lang='lat' dir='ltr'>enim</span> <span class='ocrx_word' id='word_1_201' title='bbox 1808 2550 1968 2604; x_wconf 83' lang='lat' dir='ltr'>etiam</span> <span class='ocrx_word' id='word_1_202' title='bbox 2004 2566 2232 2618; x_wconf 67' lang='lat' dir='ltr'>magnus</span> <span class='ocrx_word' id='word_1_203' title='bbox 2264 2549 2352 2602; x_wconf 89' lang='lat' dir='ltr'>ille</span> 
     </span>
    </p>
   </div>
   <div class='ocr_carea' id='block_1_29' title="bbox 765 2639 2353 2712">
    <p class='ocr_par' dir='ltr' id='par_1_29' title="bbox 765 2639 2353 2712">
     <span class='ocr_line' id='line_1_29' title="bbox 765 2639 2353 2712; baseline 0.001 -17"><span class='ocrx_word' id='word_1_204' title='bbox 765 2643 968 2695; x_wconf 82' lang='lat' dir='ltr'>Paulus</span> <span class='ocrx_word' id='word_1_205' title='bbox 994 2643 1107 2712; x_wconf 81' lang='lat'>(75)</span> <span class='ocrx_word' id='word_1_206' title='bbox 1143 2642 1484 2695; x_wconf 88' lang='lat' dir='ltr'>alutnnornm</span> <span class='ocrx_word' id='word_1_207' title='bbox 1510 2639 1781 2711; x_wconf 85' lang='lat' dir='ltr'>profectus</span> <span class='ocrx_word' id='word_1_208' title='bbox 1809 2640 2166 2695; x_wconf 88' lang='lat' dir='ltr'>distribuit&quot;?</span> <span class='ocrx_word' id='word_1_209' title='bbox 2218 2641 2353 2696; x_wconf 88' lang='lat' dir='ltr'>alios</span> 
     </span>
    </p>
   </div>
   <div class='ocr_carea' id='block_1_30' title="bbox 763 2734 2349 2804">
    <p class='ocr_par' dir='ltr' id='par_1_30' title="bbox 763 2734 2349 2804">
     <span class='ocr_line' id='line_1_30' title="bbox 763 2734 2349 2804; baseline 0.001 -19"><span class='ocrx_word' id='word_1_210' title='bbox 763 2740 979 2804; x_wconf 81' lang='lat' dir='ltr'>quidem</span> <span class='ocrx_word' id='word_1_211' title='bbox 1019 2738 1157 2789; x_wconf 87' lang='lat' dir='ltr'>lacte</span> <span class='ocrx_word' id='word_1_212' title='bbox 1207 2736 1488 2799; x_wconf 88' lang='lat' dir='ltr'>nutriens,</span> <span class='ocrx_word' id='word_1_213' title='bbox 1528 2735 1650 2789; x_wconf 88' lang='lat' dir='ltr'>aliis</span> <span class='ocrx_word' id='word_1_214' title='bbox 1674 2749 1803 2788; x_wconf 90' lang='lat' dir='ltr'>vero</span> <span class='ocrx_word' id='word_1_215' title='bbox 1851 2734 2154 2800; x_wconf 81' lang='lat' dir='ltr'>spiritualia</span> <span class='ocrx_word' id='word_1_216' title='bbox 2188 2736 2349 2788; x_wconf 89' lang='lat' dir='ltr'>verba</span> 
     </span>
    </p>
   </div>
   <div class='ocr_carea' id='block_1_31' title="bbox 762 2824 2347 2903">
    <p class='ocr_par' dir='ltr' id='par_1_31' title="bbox 762 2824 2347 2903">
     <span class='ocr_line' id='line_1_31' title="bbox 762 2824 2347 2903; baseline -0.002 -23"><span class='ocrx_word' id='word_1_217' title='bbox 762 2829 816 2880; x_wconf 88' lang='lat' dir='ltr'>itt</span> <span class='ocrx_word' id='word_1_218' title='bbox 851 2843 1045 2895; x_wconf 89' lang='lat' dir='ltr'>panem</span> <span class='ocrx_word' id='word_1_219' title='bbox 1074 2825 1486 2903; x_wconf 33' lang='lat' dir='ltr'>formanstaliis</span> <span class='ocrx_word' id='word_1_220' title='bbox 1510 2826 1725 2878; x_wconf 87' lang='lat' dir='ltr'>demum</span> <span class='ocrx_word' id='word_1_221' title='bbox 1752 2824 2050 2879; x_wconf 84' lang='lat' dir='ltr'>dilliciliora</span> <span class='ocrx_word' id='word_1_222' title='bbox 2073 2825 2347 2895; x_wconf 79' lang='lat' dir='ltr'>dogmata,</span> 
     </span>
    </p>
   </div>
   <div class='ocr_carea' id='block_1_32' title="bbox 761 2916 2352 2987">
    <p class='ocr_par' dir='ltr' id='par_1_32' title="bbox 761 2916 2352 2987">
     <span class='ocr_line' id='line_1_32' title="bbox 761 2916 2352 2987; baseline -0.002 -14"><span class='ocrx_word' id='word_1_223' title='bbox 761 2931 820 2974; x_wconf 87' lang='grc' dir='ltr'>ιιι</span> <span class='ocrx_word' id='word_1_224' title='bbox 846 2936 1044 2973; x_wconf 85' lang='lat' dir='ltr'>carnes</span> <span class='ocrx_word' id='word_1_225' title='bbox 1077 2932 1376 2987; x_wconf 86' lang='lat' dir='ltr'>apponens,</span> <span class='ocrx_word' id='word_1_226' title='bbox 1416 2918 1482 2971; x_wconf 91' lang='lat' dir='ltr'>iis</span> <span class='ocrx_word' id='word_1_227' title='bbox 1510 2916 1720 2971; x_wconf 85' lang='lat' dir='ltr'>scilicet</span> <span class='ocrx_word' id='word_1_228' title='bbox 1754 2918 1842 2983; x_wconf 87' lang='lat' dir='ltr'>qui</span> <span class='ocrx_word' id='word_1_229' title='bbox 1874 2918 2127 2972; x_wconf 91' lang='lat' dir='ltr'>dentibus</span> <span class='ocrx_word' id='word_1_230' title='bbox 2154 2919 2352 2984; x_wconf 88' lang='lat' dir='ltr'>dijudi-</span> 
     </span>
    </p>
   </div>
   <div class='ocr_carea' id='block_1_33' title="bbox 759 3008 2350 3081">
    <p class='ocr_par' dir='ltr' id='par_1_33' title="bbox 759 3008 2350 3081">
     <span class='ocr_line' id='line_1_33' title="bbox 759 3008 2350 3081; baseline -0.003 -15"><span class='ocrx_word' id='word_1_231' title='bbox 759 3016 918 3066; x_wconf 81' lang='lat' dir='ltr'>(andi</span> <span class='ocrx_word' id='word_1_232' title='bbox 952 3013 1140 3081; x_wconf 83' lang='lat' dir='ltr'>peritis</span> <span class='ocrx_word' id='word_1_233' title='bbox 1164 3011 1432 3078; x_wconf 79' lang='lat' dir='ltr'>Subigere,</span> <span class='ocrx_word' id='word_1_234' title='bbox 1475 3019 1527 3063; x_wconf 81' lang='lat' dir='ltr'>et</span> <span class='ocrx_word' id='word_1_235' title='bbox 1556 3023 1898 3075; x_wconf 85' lang='lat' dir='ltr'>concoquere</span> <span class='ocrx_word' id='word_1_236' title='bbox 1924 3023 1987 3062; x_wconf 86' lang='lat' dir='ltr'>ea</span> <span class='ocrx_word' id='word_1_237' title='bbox 2020 3009 2252 3062; x_wconf 78' lang='lat' dir='ltr'>valeant.</span> <span class='ocrx_word' id='word_1_238' title='bbox 2284 3008 2350 3062; x_wconf 83' lang='lat' dir='ltr'>Et</span> 
     </span>
    </p>
   </div>
   <div class='ocr_carea' id='block_1_34' title="bbox 761 3100 2349 3175">
    <p class='ocr_par' dir='ltr' id='par_1_34' title="bbox 761 3100 2349 3175">
     <span class='ocr_line' id='line_1_34' title="bbox 761 3100 2349 3175; baseline -0.001 -18"><span class='ocrx_word' id='word_1_239' title='bbox 761 3106 926 3175; x_wconf 73' lang='lat'>260</span> <span class='ocrx_word' id='word_1_240' title='bbox 967 3105 1198 3157; x_wconf 73' lang='lat' dir='ltr'>fortasse</span> <span class='ocrx_word' id='word_1_241' title='bbox 1227 3105 1389 3157; x_wconf 80' lang='lat' dir='ltr'>etiam</span> <span class='ocrx_word' id='word_1_242' title='bbox 1426 3102 1477 3154; x_wconf 92' lang='lat' dir='ltr'>in</span> <span class='ocrx_word' id='word_1_243' title='bbox 1523 3100 1817 3169; x_wconf 80' lang='lat' dir='ltr'>Evangelio</span> <span class='ocrx_word' id='word_1_244' title='bbox 1850 3102 1991 3155; x_wconf 85' lang='lat' dir='ltr'>bona</span> <span class='ocrx_word' id='word_1_245' title='bbox 2034 3110 2197 3163; x_wconf 88' lang='lat' dir='ltr'>terra,</span> <span class='ocrx_word' id='word_1_246' title='bbox 2231 3117 2349 3170; x_wconf 76' lang='lat' dir='ltr'>quae</span> 
     </span>
    </p>
   </div>
   <div class='ocr_carea' id='block_1_35' title="bbox 758 3167 2421 3261">
    <p class='ocr_par' dir='ltr' id='par_1_35' title="bbox 758 3167 2421 3261">
     <span class='ocr_line' id='line_1_35' title="bbox 758 3167 2421 3261; baseline -0.002 -12"><span class='ocrx_word' id='word_1_247' title='bbox 758 3198 1141 3259; x_wconf 83' lang='lat' dir='ltr'>centesimum,</span> <span class='ocrx_word' id='word_1_248' title='bbox 1161 3204 1214 3247; x_wconf 84' lang='lat' dir='ltr'>et</span> <span class='ocrx_word' id='word_1_249' title='bbox 1234 3193 1656 3261; x_wconf 76' lang='lat' dir='ltr'>sexagesimum,</span> <span class='ocrx_word' id='word_1_250' title='bbox 1676 3202 1729 3245; x_wconf 87' lang='lat' dir='ltr'>et</span> <span class='ocrx_word' id='word_1_251' title='bbox 1755 3193 2087 3245; x_wconf 85' lang='lat' dir='ltr'>tricesimum</span> <span class='ocrx_word' id='word_1_252' title='bbox 2114 3192 2347 3247; x_wconf 87' lang='lat' dir='ltr'>fructum</span> <span class='ocrx_word' id='word_1_253' title='bbox 2377 3167 2421 3228; x_wconf 80' lang='lat' dir='ltr'><strong>C</strong></span> 
     </span>
    </p>
   </div>
   <div class='ocr_carea' id='block_1_36' title="bbox 759 3284 2345 3355">
    <p class='ocr_par' dir='ltr' id='par_1_36' title="bbox 759 3284 2345 3355">
     <span class='ocr_line' id='line_1_36' title="bbox 759 3284 2345 3355; baseline -0.002 -13"><span class='ocrx_word' id='word_1_254' title='bbox 759 3288 939 3353; x_wconf 82' lang='lat' dir='ltr'>aﬂ&#39;ert,</span> <span class='ocrx_word' id='word_1_255' title='bbox 978 3287 1207 3355; x_wconf 80' lang='lat' dir='ltr'>triplicis</span> <span class='ocrx_word' id='word_1_256' title='bbox 1264 3286 1490 3354; x_wconf 82' lang='lat' dir='ltr'>hujusce</span> <span class='ocrx_word' id='word_1_257' title='bbox 1535 3284 1851 3339; x_wconf 71' lang='lat' dir='ltr'>diﬂ‘ereutiar</span> <span class='ocrx_word' id='word_1_258' title='bbox 1895 3285 2197 3354; x_wconf 77' lang='lat' dir='ltr'>symbolum</span> <span class='ocrx_word' id='word_1_259' title='bbox 2243 3298 2345 3351; x_wconf 64' lang='lat' dir='ltr'>est,</span> 
     </span>
    </p>
   </div>
   <div class='ocr_carea' id='block_1_37' title="bbox 759 3377 2003 3448">
    <p class='ocr_par' dir='ltr' id='par_1_37' title="bbox 759 3377 2003 3448">
     <span class='ocr_line' id='line_1_37' title="bbox 759 3377 2003 3448; baseline -0.003 -13"><span class='ocrx_word' id='word_1_260' title='bbox 759 3392 806 3435; x_wconf 86' lang='lat' dir='ltr'>et</span> <span class='ocrx_word' id='word_1_261' title='bbox 842 3396 1032 3448; x_wconf 79' lang='lat' dir='ltr'>agnos,</span> <span class='ocrx_word' id='word_1_262' title='bbox 1063 3388 1117 3433; x_wconf 92' lang='lat' dir='ltr'>et</span> <span class='ocrx_word' id='word_1_263' title='bbox 1143 3380 1405 3443; x_wconf 78' lang='lat' dir='ltr'>ovicntas,</span> <span class='ocrx_word' id='word_1_264' title='bbox 1443 3392 1680 3445; x_wconf 81' lang='lat' dir='ltr'>ovesque</span> <span class='ocrx_word' id='word_1_265' title='bbox 1712 3377 2003 3445; x_wconf 79' lang='lat' dir='ltr'>significat.</span> 
     </span>
    </p>
   </div>
   <div class='ocr_carea' id='block_1_38' title="bbox 837 3464 2337 3532">
    <p class='ocr_par' dir='ltr' id='par_1_38' title="bbox 837 3464 2337 3532">
     <span class='ocr_line' id='line_1_38' title="bbox 837 3464 2337 3532; baseline -0.003 -10"><span class='ocrx_word' id='word_1_266' title='bbox 837 3470 973 3523; x_wconf 85' lang='lat' dir='ltr'>Diett</span> <span class='ocrx_word' id='word_1_267' title='bbox 1018 3470 1090 3530; x_wconf 86' lang='lat' dir='ltr'>ei,</span> <span class='ocrx_word' id='word_1_268' title='bbox 1144 3469 1303 3522; x_wconf 88' lang='lat' dir='ltr'>tertio</span> <span class='ocrx_word' id='word_1_269' title='bbox 1341 3482 1355 3518; x_wconf 90' lang='lat'><strong>:</strong></span> <span class='ocrx_word' id='word_1_270' title='bbox 1399 3486 1417 3518; x_wconf 82' lang='grc' dir='ltr'>ι</span> <span class='ocrx_word' id='word_1_271' title='bbox 1466 3467 1652 3521; x_wconf 89' lang='lat' dir='ltr'>Simon</span> <span class='ocrx_word' id='word_1_272' title='bbox 1684 3464 1931 3532; x_wconf 76' lang='lat' dir='ltr'>Joannis,</span> <span class='ocrx_word' id='word_1_273' title='bbox 1970 3481 2121 3519; x_wconf 86' lang='lat' dir='ltr'>amas</span> <span class='ocrx_word' id='word_1_274' title='bbox 2151 3466 2286 3519; x_wconf 81' lang='lat' dir='ltr'>me?</span> <span class='ocrx_word' id='word_1_275' title='bbox 2320 3486 2337 3517; x_wconf 72' lang='grc' dir='ltr'>ι</span> 
     </span>
    </p>
   </div>
   <div class='ocr_carea' id='block_1_39' title="bbox 757 3556 2343 3623">
    <p class='ocr_par' dir='ltr' id='par_1_39' title="bbox 757 3556 2343 3623">
     <span class='ocr_line' id='line_1_39' title="bbox 757 3556 2343 3623; baseline -0.003 -11"><span class='ocrx_word' id='word_1_276' title='bbox 757 3559 1129 3612; x_wconf 83' lang='lat' dir='ltr'>Cunuuntavit</span> <span class='ocrx_word' id='word_1_277' title='bbox 1176 3557 1315 3610; x_wconf 87' lang='lat' dir='ltr'>hanc</span> <span class='ocrx_word' id='word_1_278' title='bbox 1348 3557 1561 3610; x_wconf 80' lang='lat' dir='ltr'>tertiam</span> <span class='ocrx_word' id='word_1_279' title='bbox 1611 3556 2133 3623; x_wconf 78' lang='lat' dir='ltr'>interrogationem;</span> <span class='ocrx_word' id='word_1_280' title='bbox 2168 3569 2343 3622; x_wconf 83' lang='lat' dir='ltr'>neque</span> 
     </span>
    </p>
   </div>
   <div class='ocr_carea' id='block_1_40' title="bbox 758 3648 2345 3717">
    <p class='ocr_par' dir='ltr' id='par_1_40' title="bbox 758 3648 2345 3717">
     <span class='ocr_line' id='line_1_40' title="bbox 758 3648 2345 3717; baseline -0.002 -13"><span class='ocrx_word' id='word_1_281' title='bbox 758 3652 905 3704; x_wconf 85' lang='lat' dir='ltr'>cnim</span> <span class='ocrx_word' id='word_1_282' title='bbox 938 3668 956 3700; x_wconf 82' lang='grc' dir='ltr'>ι</span> <span class='ocrx_word' id='word_1_283' title='bbox 995 3648 1181 3717; x_wconf 77' lang='lat' dir='ltr'>Diligis</span> <span class='ocrx_word' id='word_1_284' title='bbox 1216 3662 1320 3711; x_wconf 87' lang='lat' dir='ltr'>me,</span> <span class='ocrx_word' id='word_1_285' title='bbox 1354 3666 1371 3698; x_wconf 75' lang='grc' dir='ltr'>ι</span> <span class='ocrx_word' id='word_1_286' title='bbox 1408 3649 1558 3711; x_wconf 75' lang='lat' dir='ltr'>dixit,</span> <span class='ocrx_word' id='word_1_287' title='bbox 1596 3663 1771 3716; x_wconf 86' lang='lat' dir='ltr'>neque</span> <span class='ocrx_word' id='word_1_288' title='bbox 1808 3668 1826 3700; x_wconf 77' lang='grc' dir='ltr'>ι</span> <span class='ocrx_word' id='word_1_289' title='bbox 1862 3650 2012 3712; x_wconf 83' lang='lat' dir='ltr'>Plus,</span> <span class='ocrx_word' id='word_1_290' title='bbox 2054 3668 2069 3700; x_wconf 82' lang='grc' dir='ltr'>ι</span> <span class='ocrx_word' id='word_1_291' title='bbox 2104 3650 2345 3716; x_wconf 86' lang='lat' dir='ltr'>addidit;</span> 
     </span>
    </p>
   </div>
   <div class='ocr_carea' id='block_1_41' title="bbox 755 3739 2349 3809">
    <p class='ocr_par' dir='ltr' id='par_1_41' title="bbox 755 3739 2349 3809">
     <span class='ocr_line' id='line_1_41' title="bbox 755 3739 2349 3809; baseline 0.001 -16"><span class='ocrx_word' id='word_1_292' title='bbox 755 3745 849 3794; x_wconf 89' lang='lat' dir='ltr'>sed</span> <span class='ocrx_word' id='word_1_293' title='bbox 876 3750 1013 3801; x_wconf 88' lang='lat' dir='ltr'>esto,</span> <span class='ocrx_word' id='word_1_294' title='bbox 1040 3740 1248 3809; x_wconf 90' lang='lat' dir='ltr'>inquit;</span> <span class='ocrx_word' id='word_1_295' title='bbox 1282 3739 1540 3807; x_wconf 89' lang='lat' dir='ltr'>quoniam</span> <span class='ocrx_word' id='word_1_296' title='bbox 1565 3753 1672 3792; x_wconf 87' lang='lat' dir='ltr'>non</span> <span class='ocrx_word' id='word_1_297' title='bbox 1702 3740 1922 3809; x_wconf 73' lang='lat' dir='ltr'>diligere</span> <span class='ocrx_word' id='word_1_298' title='bbox 1950 3748 2022 3802; x_wconf 89' lang='lat' dir='ltr'>te,</span> <span class='ocrx_word' id='word_1_299' title='bbox 2044 3742 2135 3794; x_wconf 84' lang='lat' dir='ltr'>sed</span> <span class='ocrx_word' id='word_1_300' title='bbox 2160 3755 2349 3795; x_wconf 85' lang='lat' dir='ltr'>amare</span> 
     </span>
    </p>
   </div>
   <div class='ocr_carea' id='block_1_42' title="bbox 756 3831 2348 3901">
    <p class='ocr_par' dir='ltr' id='par_1_42' title="bbox 756 3831 2348 3901">
     <span class='ocr_line' id='line_1_42' title="bbox 756 3831 2348 3901; baseline 0.001 -16"><span class='ocrx_word' id='word_1_301' title='bbox 756 3831 1033 3885; x_wconf 78' lang='lat' dir='ltr'>confiteris</span> <span class='ocrx_word' id='word_1_302' title='bbox 1056 3872 1072 3895; x_wconf 93' lang='lat'>,</span> <span class='ocrx_word' id='word_1_303' title='bbox 1123 3834 1223 3886; x_wconf 92' lang='lat' dir='ltr'>hoc</span> <span class='ocrx_word' id='word_1_304' title='bbox 1257 3831 1509 3885; x_wconf 65' lang='lat' dir='ltr'>amicitia</span> <span class='ocrx_word' id='word_1_305' title='bbox 1552 3832 1637 3885; x_wconf 78' lang='lat' dir='ltr'>fac</span> <span class='ocrx_word' id='word_1_306' title='bbox 1669 3845 2047 3901; x_wconf 75' lang='lat' dir='ltr'>argumentum</span> <span class='ocrx_word' id='word_1_307' title='bbox 2079 3851 2090 3885; x_wconf 87' lang='lat'><strong>:</strong></span> <span class='ocrx_word' id='word_1_308' title='bbox 2127 3851 2145 3883; x_wconf 75' lang='grc' dir='ltr'>ι</span> <span class='ocrx_word' id='word_1_309' title='bbox 2180 3831 2348 3886; x_wconf 84' lang='lat' dir='ltr'>Pasce</span> 
     </span>
    </p>
   </div>
   <div class='ocr_carea' id='block_1_43' title="bbox 754 3922 2347 3992">
    <p class='ocr_par' dir='ltr' id='par_1_43' title="bbox 754 3922 2347 3992">
     <span class='ocr_line' id='line_1_43' title="bbox 754 3922 2347 3992; baseline -0.001 -16"><span class='ocrx_word' id='word_1_310' title='bbox 754 3938 887 3977; x_wconf 70' lang='lat' dir='ltr'>oves</span> <span class='ocrx_word' id='word_1_311' title='bbox 933 3938 1101 3977; x_wconf 81' lang='lat' dir='ltr'>nicas.</span> <span class='ocrx_word' id='word_1_312' title='bbox 1140 3940 1158 3973; x_wconf 77' lang='grc' dir='ltr'>ι</span> <span class='ocrx_word' id='word_1_313' title='bbox 1196 3950 1267 3963; x_wconf 90' lang='lat'>—-</span> <span class='ocrx_word' id='word_1_314' title='bbox 1301 3941 1319 3973; x_wconf 82' lang='grc' dir='ltr'>ι</span> <span class='ocrx_word' id='word_1_315' title='bbox 1357 3922 1725 3978; x_wconf 88' lang='lat' dir='ltr'>Contristatns</span> <span class='ocrx_word' id='word_1_316' title='bbox 1758 3934 1840 3977; x_wconf 91' lang='lat' dir='ltr'>est</span> <span class='ocrx_word' id='word_1_317' title='bbox 1869 3922 2084 3987; x_wconf 83' lang='lat' dir='ltr'>Petrus,</span> <span class='ocrx_word' id='word_1_318' title='bbox 2117 3925 2235 3992; x_wconf 67' lang='lat' dir='ltr'>qui.»</span> <span class='ocrx_word' id='word_1_319' title='bbox 2268 3924 2347 3975; x_wconf 83' lang='lat' dir='ltr'>di-</span> 
     </span>
    </p>
   </div>
   <div class='ocr_carea' id='block_1_44' title="bbox 829 4040 1267 4106">
    <p class='ocr_par' dir='ltr' id='par_1_44' title="bbox 829 4040 1267 4106">
     <span class='ocr_line' id='line_1_44' title="bbox 829 4040 1267 4106; baseline 0.002 -10"><span class='ocrx_word' id='word_1_320' title='bbox 829 4042 849 4073; x_wconf 88' lang='grc'><strong>⁷</strong></span> <span class='ocrx_word' id='word_1_321' title='bbox 880 4042 899 4096; x_wconf 94' lang='grc' dir='ltr'>ι</span> <span class='ocrx_word' id='word_1_322' title='bbox 929 4040 1058 4097; x_wconf 88' lang='lat' dir='ltr'>Cor.</span> <span class='ocrx_word' id='word_1_323' title='bbox 1094 4058 1178 4106; x_wconf 85' lang='grc' dir='ltr'>ιιι,</span> <span class='ocrx_word' id='word_1_324' title='bbox 1209 4042 1267 4097; x_wconf 76' lang='grc'><strong>2.</strong></span> 
     </span>
    </p>
   </div>
   <div class='ocr_carea' id='block_1_45' title="bbox 2466 551 4050 629">
    <p class='ocr_par' dir='ltr' id='par_1_45' title="bbox 2466 551 4050 629">
     <span class='ocr_line' id='line_1_45' title="bbox 2466 551 4050 629; baseline 0.006 -29"><span class='ocrx_word' id='word_1_325' title='bbox 2466 551 3021 622; x_wconf 76' lang='grc' dir='ltr'>προσεμαρτύρησεν.</span> <span class='ocrx_word' id='word_1_326' title='bbox 3058 556 3436 627; x_wconf 80' lang='grc' dir='ltr'>Ἐμεμαοήκει</span> <span class='ocrx_word' id='word_1_327' title='bbox 3470 560 3578 629; x_wconf 79' lang='grc' dir='ltr'>γὰρ</span> <span class='ocrx_word' id='word_1_328' title='bbox 3607 559 3683 621; x_wconf 87' lang='grc' dir='ltr'>ὼς</span> <span class='ocrx_word' id='word_1_329' title='bbox 3710 560 3866 612; x_wconf 68' lang='grc' dir='ltr'>τοῦτο</span> <span class='ocrx_word' id='word_1_330' title='bbox 3898 560 4050 612; x_wconf 79' lang='grc' dir='ltr'>ἐστιν</span> 
     </span>
    </p>
   </div>
   <div class='ocr_carea' id='block_1_46' title="bbox 2462 643 4050 722">
    <p class='ocr_par' dir='ltr' id='par_1_46' title="bbox 2462 643 4050 722">
     <span class='ocr_line' id='line_1_46' title="bbox 2462 643 4050 722; baseline 0.008 -30"><span class='ocrx_word' id='word_1_331' title='bbox 2462 643 2676 712; x_wconf 73' lang='grc' dir='ltr'>ἀγάπη.</span> <span class='ocrx_word' id='word_1_332' title='bbox 2712 645 2798 697; x_wconf 87' lang='grc' dir='ltr'>ἵνα.</span> <span class='ocrx_word' id='word_1_333' title='bbox 2828 664 2909 709; x_wconf 83' lang='grc' dir='ltr'>τις</span> <span class='ocrx_word' id='word_1_334' title='bbox 2942 646 3007 716; x_wconf 83' lang='grc' dir='ltr'>θῇ</span> <span class='ocrx_word' id='word_1_335' title='bbox 3040 650 3137 717; x_wconf 79' lang='grc' dir='ltr'>τὴν</span> <span class='ocrx_word' id='word_1_336' title='bbox 3162 650 3339 721; x_wconf 71' lang='grc' dir='ltr'>ψυχὴν</span> <span class='ocrx_word' id='word_1_337' title='bbox 3365 652 3531 703; x_wconf 82' lang='grc' dir='ltr'>αὐτοῦ</span> <span class='ocrx_word' id='word_1_338' title='bbox 3566 652 3705 721; x_wconf 78' lang='grc' dir='ltr'>ὑπὲρ</span> <span class='ocrx_word' id='word_1_339' title='bbox 3732 654 3837 705; x_wconf 80' lang='grc' dir='ltr'>τῶν</span> <span class='ocrx_word' id='word_1_340' title='bbox 3873 654 4050 722; x_wconf 79' lang='grc' dir='ltr'>φίλων</span> 
     </span>
    </p>
   </div>
   <div class='ocr_carea' id='block_1_47' title="bbox 2462 734 4050 813">
    <p class='ocr_par' dir='ltr' id='par_1_47' title="bbox 2462 734 4050 813">
     <span class='ocr_line' id='line_1_47' title="bbox 2462 734 4050 813; baseline 0.008 -30"><span class='ocrx_word' id='word_1_341' title='bbox 2462 734 2628 785; x_wconf 72' lang='grc' dir='ltr'>αὑτοῦ</span> <span class='ocrx_word' id='word_1_342' title='bbox 2661 752 2672 763; x_wconf 96' lang='grc'>·</span> <span class='ocrx_word' id='word_1_343' title='bbox 2709 734 2803 788; x_wconf 81' lang='grc' dir='ltr'>ἆτε</span> <span class='ocrx_word' id='word_1_344' title='bbox 2835 735 2927 791; x_wconf 85' lang='grc' dir='ltr'>οὖν</span> <span class='ocrx_word' id='word_1_345' title='bbox 2974 740 3136 802; x_wconf 73' lang='grc' dir='ltr'>αὐτὸς</span> <span class='ocrx_word' id='word_1_346' title='bbox 3190 745 3264 811; x_wconf 84' lang='grc' dir='ltr'>μὴ</span> <span class='ocrx_word' id='word_1_347' title='bbox 3307 743 3670 813; x_wconf 85' lang='grc' dir='ltr'>κατορθωκὼς</span> <span class='ocrx_word' id='word_1_348' title='bbox 3707 744 3867 796; x_wconf 76' lang='grc' dir='ltr'>τοῦτο</span> <span class='ocrx_word' id='word_1_349' title='bbox 3913 747 4050 797; x_wconf 73' lang='grc' dir='ltr'>ὑπο-</span> 
     </span>
    </p>
   </div>
   <div class='ocr_carea' id='block_1_48' title="bbox 2463 826 4049 901">
    <p class='ocr_par' dir='ltr' id='par_1_48' title="bbox 2463 826 4049 901">
     <span class='ocr_line' id='line_1_48' title="bbox 2463 826 4049 901; baseline 0.006 -24"><span class='ocrx_word' id='word_1_350' title='bbox 2463 826 2761 880; x_wconf 85' lang='grc' dir='ltr'>στέλλεται.</span> <span class='ocrx_word' id='word_1_351' title='bbox 2820 828 2961 881; x_wconf 81' lang='grc' dir='ltr'>Ἀλλ’</span> <span class='ocrx_word' id='word_1_352' title='bbox 3018 832 3045 883; x_wconf 97' lang='lat'>6</span> <span class='ocrx_word' id='word_1_353' title='bbox 3099 831 3306 897; x_wconf 78' lang='grc' dir='ltr'>Κύριος</span> <span class='ocrx_word' id='word_1_354' title='bbox 3361 834 3462 900; x_wconf 69' lang='grc' dir='ltr'>τῆς</span> <span class='ocrx_word' id='word_1_355' title='bbox 3518 834 3601 894; x_wconf 86' lang='grc' dir='ltr'>εἰς</span> <span class='ocrx_word' id='word_1_356' title='bbox 3662 834 3821 886; x_wconf 80' lang='grc' dir='ltr'>αὑτὸν</span> <span class='ocrx_word' id='word_1_357' title='bbox 3860 836 4049 901; x_wconf 77' lang='grc' dir='ltr'>φιλίας</span> 
     </span>
    </p>
   </div>
   <div class='ocr_carea' id='block_1_49' title="bbox 2459 918 4049 993">
    <p class='ocr_par' dir='ltr' id='par_1_49' title="bbox 2459 918 4049 993">
     <span class='ocr_line' id='line_1_49' title="bbox 2459 918 4049 993; baseline 0.006 -25"><span class='ocrx_word' id='word_1_358' title='bbox 2459 918 2634 971; x_wconf 72' lang='grc' dir='ltr'>ταῦτα</span> <span class='ocrx_word' id='word_1_359' title='bbox 2669 921 2942 990; x_wconf 72' lang='grc' dir='ltr'>ἀπῄτησε,</span> <span class='ocrx_word' id='word_1_360' title='bbox 2993 922 3092 992; x_wconf 85' lang='grc' dir='ltr'>τὴν</span> <span class='ocrx_word' id='word_1_361' title='bbox 3128 924 3237 973; x_wconf 83' lang='grc' dir='ltr'>τῶν</span> <span class='ocrx_word' id='word_1_362' title='bbox 3284 924 3517 989; x_wconf 77' lang='grc' dir='ltr'>λογικῶν</span> <span class='ocrx_word' id='word_1_363' title='bbox 3574 924 3911 993; x_wconf 84' lang='grc' dir='ltr'>Θρεμμάτων</span> <span class='ocrx_word' id='word_1_364' title='bbox 3961 943 4049 977; x_wconf 76' lang='grc' dir='ltr'>νο-</span> 
     </span>
    </p>
   </div>
   <div class='ocr_carea' id='block_1_50' title="bbox 2467 1008 4046 1083">
    <p class='ocr_par' dir='ltr' id='par_1_50' title="bbox 2467 1008 4046 1083">
     <span class='ocr_line' id='line_1_50' title="bbox 2467 1008 4046 1083; baseline 0.008 -28"><span class='ocrx_word' id='word_1_365' title='bbox 2467 1008 2577 1076; x_wconf 85' lang='grc' dir='ltr'>μήν</span> <span class='ocrx_word' id='word_1_366' title='bbox 2609 1025 2623 1038; x_wconf 87' lang='grc'><strong>·</strong></span> <span class='ocrx_word' id='word_1_367' title='bbox 2668 1029 2685 1060; x_wconf 79' lang='grc' dir='ltr'>ι</span> <span class='ocrx_word' id='word_1_368' title='bbox 2730 1010 2903 1062; x_wconf 74' lang='grc' dir='ltr'>Βόσκε</span> <span class='ocrx_word' id='word_1_369' title='bbox 2942 1012 3009 1063; x_wconf 86' lang='grc' dir='ltr'>τὰ</span> <span class='ocrx_word' id='word_1_370' title='bbox 3046 1014 3208 1081; x_wconf 85' lang='grc' dir='ltr'>ἀρνία</span> <span class='ocrx_word' id='word_1_371' title='bbox 3248 1030 3350 1082; x_wconf 85' lang='grc' dir='ltr'>μου</span> <span class='ocrx_word' id='word_1_372' title='bbox 3379 1030 3393 1044; x_wconf 91' lang='grc'><strong>·</strong></span> <span class='ocrx_word' id='word_1_373' title='bbox 3422 1034 3439 1065; x_wconf 77' lang='grc' dir='ltr'>ι</span> <span class='ocrx_word' id='word_1_374' title='bbox 3476 1015 3711 1078; x_wconf 70' lang='grc' dir='ltr'>δεικνὺς,</span> <span class='ocrx_word' id='word_1_375' title='bbox 3745 1015 3821 1075; x_wconf 82' lang='grc' dir='ltr'>ὡς</span> <span class='ocrx_word' id='word_1_376' title='bbox 3855 1018 3884 1067; x_wconf 84' lang='grc' dir='ltr'>ὀ</span> <span class='ocrx_word' id='word_1_377' title='bbox 3914 1017 4046 1083; x_wconf 76' lang='grc' dir='ltr'>παρ’</span> 
     </span>
    </p>
   </div>
   <div class='ocr_carea' id='block_1_51' title="bbox 2462 1099 4045 1176">
    <p class='ocr_par' dir='ltr' id='par_1_51' title="bbox 2462 1099 4045 1176">
     <span class='ocr_line' id='line_1_51' title="bbox 2462 1099 4045 1176; baseline 0.006 -27"><span class='ocrx_word' id='word_1_378' title='bbox 2462 1099 2612 1167; x_wconf 75' lang='grc' dir='ltr'>αὐτῷ</span> <span class='ocrx_word' id='word_1_379' title='bbox 2635 1102 2730 1169; x_wconf 83' lang='grc' dir='ltr'>τῆς</span> <span class='ocrx_word' id='word_1_380' title='bbox 2767 1104 3081 1172; x_wconf 75' lang='grc' dir='ltr'>οἰκονομίας</span> <span class='ocrx_word' id='word_1_381' title='bbox 3110 1106 3312 1169; x_wconf 69' lang='grc' dir='ltr'>σκοπὸς</span> <span class='ocrx_word' id='word_1_382' title='bbox 3350 1106 3381 1174; x_wconf 83' lang='grc' dir='ltr'><strong>ἡ</strong></span> <span class='ocrx_word' id='word_1_383' title='bbox 3432 1107 3673 1176; x_wconf 79' lang='grc' dir='ltr'>σωτηρία</span> <span class='ocrx_word' id='word_1_384' title='bbox 3698 1107 3803 1157; x_wconf 77' lang='grc' dir='ltr'>τῶν</span> <span class='ocrx_word' id='word_1_385' title='bbox 3831 1108 4045 1175; x_wconf 53' lang='lat' dir='ltr'>suopte.</span> 
     </span>
    </p>
   </div>
   <div class='ocr_carea' id='block_1_52' title="bbox 2464 1193 4046 1267">
    <p class='ocr_par' dir='ltr' id='par_1_52' title="bbox 2464 1193 4046 1267">
     <span class='ocr_line' id='line_1_52' title="bbox 2464 1193 4046 1267; baseline 0.004 -25"><span class='ocrx_word' id='word_1_386' title='bbox 2464 1209 2581 1242; x_wconf 80' lang='grc' dir='ltr'>πων</span> <span class='ocrx_word' id='word_1_387' title='bbox 2616 1193 2751 1245; x_wconf 83' lang='grc' dir='ltr'>ἐστί.</span> <span class='ocrx_word' id='word_1_388' title='bbox 2790 1196 2895 1245; x_wconf 78' lang='grc' dir='ltr'>Καὶ</span> <span class='ocrx_word' id='word_1_389' title='bbox 2930 1195 3092 1248; x_wconf 80' lang='grc' dir='ltr'>πάλιν</span> <span class='ocrx_word' id='word_1_390' title='bbox 3131 1199 3197 1248; x_wconf 84' lang='grc' dir='ltr'>ἐκ</span> <span class='ocrx_word' id='word_1_391' title='bbox 3238 1199 3492 1267; x_wconf 84' lang='grc' dir='ltr'>δευτέρου</span> <span class='ocrx_word' id='word_1_392' title='bbox 3520 1199 3620 1265; x_wconf 74' lang='grc' dir='ltr'>τὴν</span> <span class='ocrx_word' id='word_1_393' title='bbox 3650 1198 3817 1265; x_wconf 62' lang='grc' dir='ltr'>αὐτὴν</span> <span class='ocrx_word' id='word_1_394' title='bbox 3847 1200 4046 1249; x_wconf 79' lang='grc' dir='ltr'>πεῦσιν</span> 
     </span>
    </p>
   </div>
   <div class='ocr_carea' id='block_1_53' title="bbox 2464 1283 4044 1360">
    <p class='ocr_par' dir='ltr' id='par_1_53' title="bbox 2464 1283 4044 1360">
     <span class='ocr_line' id='line_1_53' title="bbox 2464 1283 4044 1360; baseline 0.003 -25"><span class='ocrx_word' id='word_1_395' title='bbox 2464 1283 2757 1351; x_wconf 79' lang='grc' dir='ltr'>ἐπαγαγὼν</span> <span class='ocrx_word' id='word_1_396' title='bbox 2780 1286 2877 1354; x_wconf 81' lang='grc' dir='ltr'>τὴν</span> <span class='ocrx_word' id='word_1_397' title='bbox 2916 1289 3085 1357; x_wconf 73' lang='grc' dir='ltr'>αὐτὴν</span> <span class='ocrx_word' id='word_1_398' title='bbox 3109 1288 3403 1358; x_wconf 82' lang='grc' dir='ltr'>ἀπόκρισιν</span> <span class='ocrx_word' id='word_1_399' title='bbox 3425 1290 3659 1359; x_wconf 79' lang='grc' dir='ltr'>δέχεται.</span> <span class='ocrx_word' id='word_1_400' title='bbox 3690 1310 3707 1338; x_wconf 78' lang='grc' dir='ltr'>ι</span> <span class='ocrx_word' id='word_1_401' title='bbox 3748 1291 3946 1360; x_wconf 83' lang='grc' dir='ltr'>Κύριε,</span> <span class='ocrx_word' id='word_1_402' title='bbox 3982 1290 4044 1340; x_wconf 71' lang='grc' dir='ltr'>σὺ</span> 
     </span>
    </p>
   </div>
   <div class='ocr_carea' id='block_1_54' title="bbox 2461 1372 4045 1449">
    <p class='ocr_par' dir='ltr' id='par_1_54' title="bbox 2461 1372 4045 1449">
     <span class='ocr_line' id='line_1_54' title="bbox 2461 1372 4045 1449; baseline 0.003 -22"><span class='ocrx_word' id='word_1_403' title='bbox 2461 1372 2628 1438; x_wconf 81' lang='grc' dir='ltr'>οἶδας,</span> <span class='ocrx_word' id='word_1_404' title='bbox 2674 1378 2755 1428; x_wconf 78' lang='grc' dir='ltr'>ὅτι</span> <span class='ocrx_word' id='word_1_405' title='bbox 2799 1376 2940 1443; x_wconf 83' lang='grc' dir='ltr'>φιλῶ</span> <span class='ocrx_word' id='word_1_406' title='bbox 2975 1396 3055 1432; x_wconf 91' lang='grc' dir='ltr'>σε.</span> <span class='ocrx_word' id='word_1_407' title='bbox 3088 1399 3105 1430; x_wconf 77' lang='grc' dir='ltr'>ι</span> <span class='ocrx_word' id='word_1_408' title='bbox 3152 1376 3284 1431; x_wconf 80' lang='grc' dir='ltr'>Εἶτα</span> <span class='ocrx_word' id='word_1_409' title='bbox 3340 1382 3502 1434; x_wconf 81' lang='grc' dir='ltr'>πάλιν</span> <span class='ocrx_word' id='word_1_410' title='bbox 3547 1381 3697 1449; x_wconf 70' lang='grc' dir='ltr'>αύτῷ</span> <span class='ocrx_word' id='word_1_411' title='bbox 3741 1382 3835 1448; x_wconf 81' lang='grc' dir='ltr'>τὴν</span> <span class='ocrx_word' id='word_1_412' title='bbox 3870 1383 4045 1449; x_wconf 59' lang='grc' dir='ltr'>νομῇν</span> 
     </span>
    </p>
   </div>
   <div class='ocr_carea' id='block_1_55' title="bbox 2462 1469 4046 1542">
    <p class='ocr_par' dir='ltr' id='par_1_55' title="bbox 2462 1469 4046 1542">
     <span class='ocr_line' id='line_1_55' title="bbox 2462 1469 4046 1542; baseline 0.002 -23"><span class='ocrx_word' id='word_1_413' title='bbox 2462 1469 2804 1537; x_wconf 78' lang='grc' dir='ltr'>ἀνατίθησιν,</span> <span class='ocrx_word' id='word_1_414' title='bbox 2838 1470 2937 1522; x_wconf 82' lang='grc' dir='ltr'>οὐκ</span> <span class='ocrx_word' id='word_1_415' title='bbox 2980 1474 3203 1540; x_wconf 76' lang='grc' dir='ltr'>ἀρνίων,</span> <span class='ocrx_word' id='word_1_416' title='bbox 3240 1472 3377 1524; x_wconf 68' lang='grc' dir='ltr'>ἀλλὰ</span> <span class='ocrx_word' id='word_1_417' title='bbox 3410 1474 3719 1542; x_wconf 71' lang='grc' dir='ltr'>προϐάτων.</span> <span class='ocrx_word' id='word_1_418' title='bbox 3769 1473 3855 1523; x_wconf 64' lang='grc' dir='ltr'>Ἑλ</span> <span class='ocrx_word' id='word_1_419' title='bbox 3880 1475 4046 1535; x_wconf 69' lang='grc' dir='ltr'>ἐνίοις</span> 
     </span>
    </p>
   </div>
   <div class='ocr_carea' id='block_1_56' title="bbox 2461 1559 4041 1635">
    <p class='ocr_par' dir='ltr' id='par_1_56' title="bbox 2461 1559 4041 1635">
     <span class='ocr_line' id='line_1_56' title="bbox 2461 1559 4041 1635; baseline 0.004 -25"><span class='ocrx_word' id='word_1_420' title='bbox 2461 1559 2516 1611; x_wconf 83' lang='grc' dir='ltr'>δὲ</span> <span class='ocrx_word' id='word_1_421' title='bbox 2582 1560 2690 1611; x_wconf 78' lang='grc' dir='ltr'>τῶν</span> <span class='ocrx_word' id='word_1_422' title='bbox 2742 1562 2988 1614; x_wconf 78' lang='grc' dir='ltr'>παλαιῶν</span> <span class='ocrx_word' id='word_1_423' title='bbox 3052 1566 3441 1634; x_wconf 79' lang='grc' dir='ltr'>ἀντιγράφων,</span> <span class='ocrx_word' id='word_1_424' title='bbox 3502 1566 3647 1618; x_wconf 74' lang='grc' dir='ltr'>οὕτω</span> <span class='ocrx_word' id='word_1_425' title='bbox 3706 1566 4041 1635; x_wconf 79' lang='grc' dir='ltr'>γέγραπται·</span> 
     </span>
    </p>
   </div>
   <div class='ocr_carea' id='block_1_57' title="bbox 2472 1654 4047 1723">
    <p class='ocr_par' dir='ltr' id='par_1_57' title="bbox 2472 1654 4047 1723">
     <span class='ocr_line' id='line_1_57' title="bbox 2472 1654 4047 1723; baseline 0.001 -20"><span class='ocrx_word' id='word_1_426' title='bbox 2472 1670 2490 1703; x_wconf 75' lang='grc' dir='ltr'>ι</span> <span class='ocrx_word' id='word_1_427' title='bbox 2529 1654 2792 1721; x_wconf 84' lang='grc' dir='ltr'>Ποίμαινε</span> <span class='ocrx_word' id='word_1_428' title='bbox 2825 1655 2893 1705; x_wconf 77' lang='grc' dir='ltr'>τὰ</span> <span class='ocrx_word' id='word_1_429' title='bbox 2921 1655 3194 1722; x_wconf 73' lang='grc' dir='ltr'>προϐάτιά</span> <span class='ocrx_word' id='word_1_430' title='bbox 3238 1675 3339 1722; x_wconf 83' lang='grc' dir='ltr'>μου</span> <span class='ocrx_word' id='word_1_431' title='bbox 3369 1674 3379 1685; x_wconf 90' lang='grc'>·</span> <span class='ocrx_word' id='word_1_432' title='bbox 3425 1674 3440 1707; x_wconf 77' lang='grc' dir='ltr'>ι</span> <span class='ocrx_word' id='word_1_433' title='bbox 3491 1657 3599 1707; x_wconf 65' lang='grc' dir='ltr'>Καὶ</span> <span class='ocrx_word' id='word_1_434' title='bbox 3654 1658 3798 1708; x_wconf 81' lang='grc' dir='ltr'>δοκεῖ</span> <span class='ocrx_word' id='word_1_435' title='bbox 3843 1658 4047 1723; x_wconf 76' lang='grc' dir='ltr'>μᾶλλον</span> 
     </span>
    </p>
   </div>
   <div class='ocr_carea' id='block_1_58' title="bbox 2461 1744 4048 1817">
    <p class='ocr_par' dir='ltr' id='par_1_58' title="bbox 2461 1744 4048 1817">
     <span class='ocr_line' id='line_1_58' title="bbox 2461 1744 4048 1817; baseline 0.003 -24"><span class='ocrx_word' id='word_1_436' title='bbox 2461 1744 2912 1813; x_wconf 77' lang='grc' dir='ltr'>ἀκολουοότερον.</span> <span class='ocrx_word' id='word_1_437' title='bbox 2946 1746 3130 1797; x_wconf 68' lang='grc' dir='ltr'>Εἰπὼν</span> <span class='ocrx_word' id='word_1_438' title='bbox 3156 1747 3264 1815; x_wconf 82' lang='grc' dir='ltr'>γὰρ</span> <span class='ocrx_word' id='word_1_439' title='bbox 3291 1750 3556 1816; x_wconf 86' lang='grc' dir='ltr'>πρότερον</span> <span class='ocrx_word' id='word_1_440' title='bbox 3578 1748 3758 1817; x_wconf 83' lang='grc' dir='ltr'>ἀρνία,</span> <span class='ocrx_word' id='word_1_441' title='bbox 3787 1750 4048 1815; x_wconf 76' lang='grc' dir='ltr'>δεύτερον</span> 
     </span>
    </p>
   </div>
   <div class='ocr_carea' id='block_1_59' title="bbox 2462 1828 4047 1909">
    <p class='ocr_par' dir='ltr' id='par_1_59' title="bbox 2462 1828 4047 1909">
     <span class='ocr_line' id='line_1_59' title="bbox 2462 1828 4047 1909; baseline 0.006 -26"><span class='ocrx_word' id='word_1_442' title='bbox 2462 1828 2583 1885; x_wconf 77' lang='grc' dir='ltr'>εἷπε</span> <span class='ocrx_word' id='word_1_443' title='bbox 2617 1837 2909 1903; x_wconf 52' lang='lat' dir='ltr'>«possm,</span> <span class='ocrx_word' id='word_1_444' title='bbox 2946 1838 3261 1892; x_wconf 85' lang='grc' dir='ltr'>τελευταῖον</span> <span class='ocrx_word' id='word_1_445' title='bbox 3284 1838 3338 1890; x_wconf 81' lang='grc' dir='ltr'>δὲ</span> <span class='ocrx_word' id='word_1_446' title='bbox 3362 1841 3612 1907; x_wconf 72' lang='grc' dir='ltr'>πρόϐατα</span> <span class='ocrx_word' id='word_1_447' title='bbox 3642 1841 3780 1891; x_wconf 76' lang='grc' dir='ltr'>κατά</span> <span class='ocrx_word' id='word_1_448' title='bbox 3804 1842 3905 1909; x_wconf 76' lang='grc' dir='ltr'>τὴν</span> <span class='ocrx_word' id='word_1_449' title='bbox 3936 1842 4047 1892; x_wconf 72' lang='grc' dir='ltr'>τῶν</span> 
     </span>
    </p>
   </div>
   <div class='ocr_carea' id='block_1_60' title="bbox 2466 1925 4048 1999">
    <p class='ocr_par' dir='ltr' id='par_1_60' title="bbox 2466 1925 4048 1999">
     <span class='ocr_line' id='line_1_60' title="bbox 2466 1925 4048 1999; baseline 0.003 -23"><span class='ocrx_word' id='word_1_450' title='bbox 2466 1925 2807 1995; x_wconf 77' lang='grc' dir='ltr'>σωζωμένων</span> <span class='ocrx_word' id='word_1_451' title='bbox 2843 1930 2996 1993; x_wconf 80' lang='grc' dir='ltr'>τάξιν</span> <span class='ocrx_word' id='word_1_452' title='bbox 3048 1930 3140 1981; x_wconf 68' lang='grc' dir='ltr'>καὶ</span> <span class='ocrx_word' id='word_1_453' title='bbox 3202 1930 3524 1999; x_wconf 74' lang='grc' dir='ltr'>προκοπήν·</span> <span class='ocrx_word' id='word_1_454' title='bbox 3590 1931 3683 1981; x_wconf 66' lang='grc' dir='ltr'>καὶ</span> <span class='ocrx_word' id='word_1_455' title='bbox 3724 1932 3893 1997; x_wconf 73' lang='grc' dir='ltr'>ἄρνας</span> <span class='ocrx_word' id='word_1_456' title='bbox 3947 1932 4048 1998; x_wconf 80' lang='grc' dir='ltr'>μὲν</span> 
     </span>
    </p>
   </div>
   <div class='ocr_carea' id='block_1_61' title="bbox 2462 2017 4050 2091">
    <p class='ocr_par' dir='ltr' id='par_1_61' title="bbox 2462 2017 4050 2091">
     <span class='ocr_line' id='line_1_61' title="bbox 2462 2017 4050 2091; baseline 0.002 -23"><span class='ocrx_word' id='word_1_457' title='bbox 2462 2017 2669 2080; x_wconf 79' lang='grc' dir='ltr'>καλῶν,</span> <span class='ocrx_word' id='word_1_458' title='bbox 2702 2020 2829 2081; x_wconf 81' lang='grc' dir='ltr'>τοὺς</span> <span class='ocrx_word' id='word_1_459' title='bbox 2859 2021 3070 2083; x_wconf 80' lang='grc' dir='ltr'>ἀτελεῖς</span> <span class='ocrx_word' id='word_1_460' title='bbox 3103 2024 3233 2091; x_wconf 73' lang='grc' dir='ltr'>περὶ</span> <span class='ocrx_word' id='word_1_461' title='bbox 3267 2024 3361 2090; x_wconf 63' lang='grc' dir='ltr'>τὴ)</span> <span class='ocrx_word' id='word_1_462' title='bbox 3392 2024 3597 2085; x_wconf 74' lang='grc' dir='ltr'>πίστιν,</span> <span class='ocrx_word' id='word_1_463' title='bbox 3632 2024 3723 2074; x_wconf 75' lang='grc' dir='ltr'>καὶ</span> <span class='ocrx_word' id='word_1_464' title='bbox 3748 2023 4050 2089; x_wconf 75' lang='grc' dir='ltr'>εἰσαγωγε-</span> 
     </span>
    </p>
   </div>
   <div class='ocr_carea' id='block_1_62' title="bbox 2462 2110 4047 2182">
    <p class='ocr_par' dir='ltr' id='par_1_62' title="bbox 2462 2110 4047 2182">
     <span class='ocr_line' id='line_1_62' title="bbox 2462 2110 4047 2182; baseline 0.002 -22"><span class='ocrx_word' id='word_1_465' title='bbox 2462 2110 2614 2174; x_wconf 78' lang='grc' dir='ltr'>κοὺς,</span> <span class='ocrx_word' id='word_1_466' title='bbox 2648 2110 2743 2161; x_wconf 72' lang='grc' dir='ltr'>καὶ</span> <span class='ocrx_word' id='word_1_467' title='bbox 2785 2112 3075 2179; x_wconf 78' lang='grc' dir='ltr'>δεομένους</span> <span class='ocrx_word' id='word_1_468' title='bbox 3106 2115 3403 2179; x_wconf 77' lang='grc' dir='ltr'>γάλακτος,</span> <span class='ocrx_word' id='word_1_469' title='bbox 3465 2115 3559 2167; x_wconf 82' lang='grc' dir='ltr'>ἆτε</span> <span class='ocrx_word' id='word_1_470' title='bbox 3599 2113 3670 2182; x_wconf 78' lang='grc' dir='ltr'>μὴ</span> <span class='ocrx_word' id='word_1_471' title='bbox 3707 2114 4047 2179; x_wconf 72' lang='grc' dir='ltr'>δυναμένους</span> 
     </span>
    </p>
   </div>
   <div class='ocr_carea' id='block_1_63' title="bbox 2460 2197 4049 2273">
    <p class='ocr_par' dir='ltr' id='par_1_63' title="bbox 2460 2197 4049 2273">
     <span class='ocr_line' id='line_1_63' title="bbox 2460 2197 4049 2273; baseline 0.003 -23"><span class='ocrx_word' id='word_1_472' title='bbox 2460 2197 2715 2261; x_wconf 75' lang='grc' dir='ltr'>δέξασθαι</span> <span class='ocrx_word' id='word_1_473' title='bbox 2744 2199 2841 2269; x_wconf 75' lang='grc' dir='ltr'>τὴν</span> <span class='ocrx_word' id='word_1_474' title='bbox 2866 2204 3092 2270; x_wconf 78' lang='grc' dir='ltr'>στερεὰν</span> <span class='ocrx_word' id='word_1_475' title='bbox 3122 2201 3219 2269; x_wconf 82' lang='grc' dir='ltr'>τῆς</span> <span class='ocrx_word' id='word_1_476' title='bbox 3254 2203 3603 2265; x_wconf 70' lang='grc' dir='ltr'>διδασκαλίας</span> <span class='ocrx_word' id='word_1_477' title='bbox 3636 2204 3865 2273; x_wconf 65' lang='grc' dir='ltr'>’προς-ἠν·</span> <span class='ocrx_word' id='word_1_478' title='bbox 3907 2206 4049 2265; x_wconf 64' lang='grc' dir='ltr'>πρὸο</span> 
     </span>
    </p>
   </div>
   <div class='ocr_carea' id='block_1_64' title="bbox 2462 2288 4048 2360">
    <p class='ocr_par' dir='ltr' id='par_1_64' title="bbox 2462 2288 4048 2360">
     <span class='ocr_line' id='line_1_64' title="bbox 2462 2288 4048 2360; baseline -0.001 -19"><span class='ocrx_word' id='word_1_479' title='bbox 2462 2289 2604 2341; x_wconf 69' lang='grc' dir='ltr'>δατα</span> <span class='ocrx_word' id='word_1_480' title='bbox 2637 2288 2715 2348; x_wconf 78' lang='grc' dir='ltr'>δὲ.</span> <span class='ocrx_word' id='word_1_481' title='bbox 2744 2291 2870 2352; x_wconf 75' lang='grc' dir='ltr'>τοὺς</span> <span class='ocrx_word' id='word_1_482' title='bbox 2902 2290 3187 2359; x_wconf 84' lang='grc' dir='ltr'>ἰσχύοντας</span> <span class='ocrx_word' id='word_1_483' title='bbox 3225 2290 3479 2359; x_wconf 81' lang='grc' dir='ltr'>μυεῖσθαι</span> <span class='ocrx_word' id='word_1_484' title='bbox 3516 2290 3608 2343; x_wconf 83' lang='grc' dir='ltr'>τοῦ</span> <span class='ocrx_word' id='word_1_485' title='bbox 3650 2290 3953 2360; x_wconf 70' lang='grc' dir='ltr'>μυστηρίου</span> <span class='ocrx_word' id='word_1_486' title='bbox 3980 2292 4048 2339; x_wconf 67' lang='grc' dir='ltr'>τὶ</span> 
     </span>
    </p>
   </div>
   <div class='ocr_carea' id='block_1_65' title="bbox 2460 2380 4050 2451">
    <p class='ocr_par' dir='ltr' id='par_1_65' title="bbox 2460 2380 4050 2451">
     <span class='ocr_line' id='line_1_65' title="bbox 2460 2380 4050 2451; baseline -0.001 -19"><span class='ocrx_word' id='word_1_487' title='bbox 2460 2380 2769 2449; x_wconf 81' lang='grc' dir='ltr'>τελεώτερα</span> <span class='ocrx_word' id='word_1_488' title='bbox 2834 2381 2978 2432; x_wconf 75' lang='grc' dir='ltr'>οὕτω</span> <span class='ocrx_word' id='word_1_489' title='bbox 3003 2382 3113 2451; x_wconf 88' lang='grc' dir='ltr'>γὰρ</span> <span class='ocrx_word' id='word_1_490' title='bbox 3144 2382 3239 2433; x_wconf 77' lang='grc' dir='ltr'>καὶ</span> <span class='ocrx_word' id='word_1_491' title='bbox 3267 2383 3294 2433; x_wconf 91' lang='lat'>6</span> <span class='ocrx_word' id='word_1_492' title='bbox 3329 2380 3504 2449; x_wconf 80' lang='grc' dir='ltr'>μέγας</span> <span class='ocrx_word' id='word_1_493' title='bbox 3533 2380 3747 2440; x_wconf 79' lang='grc' dir='ltr'>Παῦλος</span> <span class='ocrx_word' id='word_1_494' title='bbox 3773 2382 3871 2448; x_wconf 80' lang='grc' dir='ltr'>τὴν</span> <span class='ocrx_word' id='word_1_495' title='bbox 3910 2398 4050 2449; x_wconf 74' lang='grc' dir='ltr'>προ-</span> 
     </span>
    </p>
   </div>
   <div class='ocr_carea' id='block_1_66' title="bbox 2462 2475 4048 2549">
    <p class='ocr_par' dir='ltr' id='par_1_66' title="bbox 2462 2475 4048 2549">
     <span class='ocr_line' id='line_1_66' title="bbox 2462 2475 4048 2549; baseline 0.001 -23"><span class='ocrx_word' id='word_1_496' title='bbox 2462 2475 2637 2544; x_wconf 72' lang='grc' dir='ltr'>κοπὴν</span> <span class='ocrx_word' id='word_1_497' title='bbox 2667 2476 2777 2528; x_wconf 80' lang='grc' dir='ltr'>τῶν</span> <span class='ocrx_word' id='word_1_498' title='bbox 2810 2476 3276 2547; x_wconf 81' lang='grc' dir='ltr'>μαθητευομὲνων</span> <span class='ocrx_word' id='word_1_499' title='bbox 3311 2479 3536 2549; x_wconf 78' lang='grc' dir='ltr'>διῄρηκε</span> <span class='ocrx_word' id='word_1_500' title='bbox 3569 2494 3586 2509; x_wconf 76' lang='grc' dir='ltr'>ο</span> <span class='ocrx_word' id='word_1_501' title='bbox 3625 2481 3749 2539; x_wconf 78' lang='grc' dir='ltr'>τοὺς</span> <span class='ocrx_word' id='word_1_502' title='bbox 3787 2479 3887 2545; x_wconf 75' lang='grc' dir='ltr'>μὲν</span> <span class='ocrx_word' id='word_1_503' title='bbox 3918 2478 4048 2546; x_wconf 83' lang='grc' dir='ltr'>τρέ-</span> 
     </span>
    </p>
   </div>
   <div class='ocr_carea' id='block_1_67' title="bbox 2463 2569 4048 2639">
    <p class='ocr_par' dir='ltr' id='par_1_67' title="bbox 2463 2569 4048 2639">
     <span class='ocr_line' id='line_1_67' title="bbox 2463 2569 4048 2639; baseline -0.001 -18"><span class='ocrx_word' id='word_1_504' title='bbox 2463 2586 2579 2634; x_wconf 63' lang='grc' dir='ltr'>(ξων</span> <span class='ocrx_word' id='word_1_505' title='bbox 2622 2569 2903 2635; x_wconf 81' lang='grc' dir='ltr'>γάλακτι·</span> <span class='ocrx_word' id='word_1_506' title='bbox 2956 2572 3071 2632; x_wconf 89' lang='grc' dir='ltr'>τοῖς</span> <span class='ocrx_word' id='word_1_507' title='bbox 3115 2570 3173 2622; x_wconf 86' lang='grc' dir='ltr'>δὲ</span> <span class='ocrx_word' id='word_1_508' title='bbox 3208 2572 3517 2639; x_wconf 86' lang='grc' dir='ltr'>ἀρτοποιῶν</span> <span class='ocrx_word' id='word_1_509' title='bbox 3566 2570 3673 2622; x_wconf 77' lang='grc' dir='ltr'>τῶν</span> <span class='ocrx_word' id='word_1_510' title='bbox 3728 2571 3903 2636; x_wconf 69' lang='grc' dir='ltr'>λόγων</span> <span class='ocrx_word' id='word_1_511' title='bbox 3950 2569 4048 2621; x_wconf 77' lang='grc' dir='ltr'>τοῦ</span> 
     </span>
    </p>
   </div>
   <div class='ocr_carea' id='block_1_68' title="bbox 2464 2661 4049 2732">
    <p class='ocr_par' dir='ltr' id='par_1_68' title="bbox 2464 2661 4049 2732">
     <span class='ocr_line' id='line_1_68' title="bbox 2464 2661 4049 2732; baseline 0.001 -21"><span class='ocrx_word' id='word_1_512' title='bbox 2464 2661 2785 2729; x_wconf 86' lang='grc' dir='ltr'>Πνεύματος</span> <span class='ocrx_word' id='word_1_513' title='bbox 2817 2677 2830 2690; x_wconf 68' lang='grc' dir='ltr'>θ</span> <span class='ocrx_word' id='word_1_514' title='bbox 2868 2665 2984 2722; x_wconf 82' lang='grc' dir='ltr'>τοῖς</span> <span class='ocrx_word' id='word_1_515' title='bbox 3032 2662 3089 2713; x_wconf 82' lang='grc' dir='ltr'>δὲ</span> <span class='ocrx_word' id='word_1_516' title='bbox 3136 2662 3211 2723; x_wconf 80' lang='grc' dir='ltr'>ὡς</span> <span class='ocrx_word' id='word_1_517' title='bbox 3242 2662 3379 2732; x_wconf 81' lang='grc' dir='ltr'>κρέα</span> <span class='ocrx_word' id='word_1_518' title='bbox 3414 2662 3737 2729; x_wconf 68' lang='grc' dir='ltr'>παρατιθεὶς</span> <span class='ocrx_word' id='word_1_519' title='bbox 3778 2663 3886 2713; x_wconf 75' lang='grc' dir='ltr'>τῶν</span> <span class='ocrx_word' id='word_1_520' title='bbox 3960 2664 4049 2713; x_wconf 69' lang='grc' dir='ltr'>δο-</span> 
     </span>
    </p>
   </div>
   <div class='ocr_carea' id='block_1_69' title="bbox 2463 2752 4052 2823">
    <p class='ocr_par' dir='ltr' id='par_1_69' title="bbox 2463 2752 4052 2823">
     <span class='ocr_line' id='line_1_69' title="bbox 2463 2752 4052 2823; baseline -0.001 -19"><span class='ocrx_word' id='word_1_521' title='bbox 2463 2753 2695 2821; x_wconf 81' lang='grc' dir='ltr'>γμάτων</span> <span class='ocrx_word' id='word_1_522' title='bbox 2730 2754 2797 2805; x_wconf 83' lang='grc' dir='ltr'>τὰ</span> <span class='ocrx_word' id='word_1_523' title='bbox 2838 2755 3163 2823; x_wconf 83' lang='grc' dir='ltr'>ἰσχυρότερα</span> <span class='ocrx_word' id='word_1_524' title='bbox 3190 2770 3203 2782; x_wconf 85' lang='grc'><strong><em>⁸</em></strong></span> <span class='ocrx_word' id='word_1_525' title='bbox 3234 2756 3351 2807; x_wconf 79' lang='grc' dir='ltr'>ὅσοι</span> <span class='ocrx_word' id='word_1_526' title='bbox 3384 2755 3633 2807; x_wconf 77' lang='grc' dir='ltr'>δύνανται</span> <span class='ocrx_word' id='word_1_527' title='bbox 3669 2752 3870 2822; x_wconf 81' lang='grc' dir='ltr'>δηλαδὴ</span> <span class='ocrx_word' id='word_1_528' title='bbox 3935 2757 4052 2814; x_wconf 78' lang='grc' dir='ltr'>τοῖς</span> 
     </span>
    </p>
   </div>
   <div class='ocr_carea' id='block_1_70' title="bbox 2459 2846 4051 2914">
    <p class='ocr_par' dir='ltr' id='par_1_70' title="bbox 2459 2846 4051 2914">
     <span class='ocr_line' id='line_1_70' title="bbox 2459 2846 4051 2914; baseline 0.001 -17"><span class='ocrx_word' id='word_1_529' title='bbox 2459 2848 2728 2914; x_wconf 83' lang='grc' dir='ltr'>κριτικοῖς</span> <span class='ocrx_word' id='word_1_530' title='bbox 2776 2846 2959 2897; x_wconf 73' lang='grc' dir='ltr'>ὀδοῦσι</span> <span class='ocrx_word' id='word_1_531' title='bbox 2998 2849 3106 2898; x_wconf 84' lang='grc' dir='ltr'>τῶν</span> <span class='ocrx_word' id='word_1_532' title='bbox 3146 2846 3425 2914; x_wconf 76' lang='grc' dir='ltr'>λογισμῶν</span> <span class='ocrx_word' id='word_1_533' title='bbox 3458 2847 3655 2906; x_wconf 74' lang='grc' dir='ltr'>αὐτοὺς</span> <span class='ocrx_word' id='word_1_534' title='bbox 3702 2846 4051 2913; x_wconf 46' lang='lat' dir='ltr'>magn:-</span> 
     </span>
    </p>
   </div>
   <div class='ocr_carea' id='block_1_71' title="bbox 2418 2936 4053 3007">
    <p class='ocr_par' dir='ltr' id='par_1_71' title="bbox 2418 2936 4053 3007">
     <span class='ocr_line' id='line_1_71' title="bbox 2418 2936 4053 3007; baseline -0.001 -20"><span class='ocrx_word' id='word_1_535' title='bbox 2418 2998 2421 3003; x_wconf 10' lang='grc' dir='ltr'>γ</span> <span class='ocrx_word' id='word_1_536' title='bbox 2461 2936 2609 2987; x_wconf 71' lang='grc' dir='ltr'>σθαι.</span> <span class='ocrx_word' id='word_1_537' title='bbox 2643 2938 2752 2988; x_wconf 73' lang='grc' dir='ltr'>Καὶ</span> <span class='ocrx_word' id='word_1_538' title='bbox 2779 2938 2919 3004; x_wconf 78' lang='grc' dir='ltr'>τάχα</span> <span class='ocrx_word' id='word_1_539' title='bbox 2951 2940 3043 2989; x_wconf 80' lang='grc' dir='ltr'>καὶ</span> <span class='ocrx_word' id='word_1_540' title='bbox 3072 2941 3129 2989; x_wconf 85' lang='grc' dir='ltr'>ἐν</span> <span class='ocrx_word' id='word_1_541' title='bbox 3152 2939 3229 3007; x_wconf 81' lang='grc' dir='ltr'>τῷ</span> <span class='ocrx_word' id='word_1_542' title='bbox 3262 2938 3579 3007; x_wconf 70' lang='grc' dir='ltr'>Εὖαγγελίῳ</span> <span class='ocrx_word' id='word_1_543' title='bbox 3607 2936 3784 3006; x_wconf 75' lang='grc' dir='ltr'>ἀγαθὴ</span> <span class='ocrx_word' id='word_1_544' title='bbox 3811 2938 3882 3002; x_wconf 76' lang='grc' dir='ltr'>γῆ</span> <span class='ocrx_word' id='word_1_545' title='bbox 3911 2954 4053 3004; x_wconf 83' lang='grc' dir='ltr'>καρ-</span> 
     </span>
    </p>
   </div>
   <div class='ocr_carea' id='block_1_72' title="bbox 2460 3028 4051 3099">
    <p class='ocr_par' dir='ltr' id='par_1_72' title="bbox 2460 3028 4051 3099">
     <span class='ocr_line' id='line_1_72' title="bbox 2460 3028 4051 3099; baseline -0.002 -19"><span class='ocrx_word' id='word_1_546' title='bbox 2460 3029 2823 3097; x_wconf 79' lang='grc' dir='ltr'>ποφορήσασα</span> <span class='ocrx_word' id='word_1_547' title='bbox 2848 3030 2913 3079; x_wconf 74' lang='grc' dir='ltr'>τὰ</span> <span class='ocrx_word' id='word_1_548' title='bbox 2939 3028 3154 3090; x_wconf 76' lang='grc' dir='ltr'>ἑκατὸν,</span> <span class='ocrx_word' id='word_1_549' title='bbox 3184 3032 3277 3080; x_wconf 78' lang='grc' dir='ltr'>καὶ</span> <span class='ocrx_word' id='word_1_550' title='bbox 3300 3030 3583 3099; x_wconf 76' lang='grc' dir='ltr'>ἑξήκοντα,</span> <span class='ocrx_word' id='word_1_551' title='bbox 3609 3031 3704 3080; x_wconf 63' lang='grc' dir='ltr'>καὶ</span> <span class='ocrx_word' id='word_1_552' title='bbox 3728 3029 4051 3095; x_wconf 75' lang='grc' dir='ltr'>τριάκοντα,</span> 
     </span>
    </p>
   </div>
   <div class='ocr_carea' id='block_1_73' title="bbox 2459 3112 4050 3186">
    <p class='ocr_par' dir='ltr' id='par_1_73' title="bbox 2459 3112 4050 3186">
     <span class='ocr_line' id='line_1_73' title="bbox 2459 3112 4050 3186; baseline -0.003 -17"><span class='ocrx_word' id='word_1_553' title='bbox 2459 3119 2558 3185; x_wconf 78' lang='grc' dir='ltr'>τῆς</span> <span class='ocrx_word' id='word_1_554' title='bbox 2580 3118 2771 3185; x_wconf 81' lang='grc' dir='ltr'>τρίτης</span> <span class='ocrx_word' id='word_1_555' title='bbox 2802 3117 3012 3186; x_wconf 82' lang='grc' dir='ltr'>ταύτης</span> <span class='ocrx_word' id='word_1_556' title='bbox 3050 3118 3377 3185; x_wconf 79' lang='grc' dir='ltr'>διακρίσεως</span> <span class='ocrx_word' id='word_1_557' title='bbox 3411 3116 3681 3186; x_wconf 72' lang='grc' dir='ltr'>σύμϐολον</span> <span class='ocrx_word' id='word_1_558' title='bbox 3715 3112 3782 3185; x_wconf 73' lang='grc' dir='ltr'>ἦν</span> <span class='ocrx_word' id='word_1_559' title='bbox 3806 3115 4050 3184; x_wconf 74' lang='grc' dir='ltr'>δηλοῦσα</span> 
     </span>
    </p>
   </div>
   <div class='ocr_carea' id='block_1_74' title="bbox 2457 3207 3826 3279">
    <p class='ocr_par' dir='ltr' id='par_1_74' title="bbox 2457 3207 3826 3279">
     <span class='ocr_line' id='line_1_74' title="bbox 2457 3207 3826 3279; baseline -0.001 -18"><span class='ocrx_word' id='word_1_560' title='bbox 2457 3210 2526 3262; x_wconf 76' lang='grc' dir='ltr'>τὰ</span> <span class='ocrx_word' id='word_1_561' title='bbox 2564 3209 2749 3279; x_wconf 85' lang='grc' dir='ltr'>ἀρνία,</span> <span class='ocrx_word' id='word_1_562' title='bbox 2785 3210 2879 3261; x_wconf 84' lang='grc' dir='ltr'>καὶ</span> <span class='ocrx_word' id='word_1_563' title='bbox 2906 3209 2973 3260; x_wconf 83' lang='grc' dir='ltr'>τὰ</span> <span class='ocrx_word' id='word_1_564' title='bbox 2999 3210 3298 3277; x_wconf 75' lang='grc' dir='ltr'>προϐάτια,</span> <span class='ocrx_word' id='word_1_565' title='bbox 3335 3209 3427 3263; x_wconf 80' lang='grc' dir='ltr'>καὶ</span> <span class='ocrx_word' id='word_1_566' title='bbox 3453 3212 3521 3262; x_wconf 72' lang='grc' dir='ltr'>τὰ</span> <span class='ocrx_word' id='word_1_567' title='bbox 3552 3207 3826 3278; x_wconf 73' lang='grc' dir='ltr'>πρὸὗατα.</span> 
     </span>
    </p>
   </div>
   <div class='ocr_carea' id='block_1_75' title="bbox 2532 3466 4047 3537">
    <p class='ocr_par' dir='ltr' id='par_1_75' title="bbox 2532 3466 4047 3537">
     <span class='ocr_line' id='line_1_75' title="bbox 2532 3466 4047 3537; baseline 0.001 -20"><span class='ocrx_word' id='word_1_568' title='bbox 2532 3487 2550 3517; x_wconf 83' lang='lat' dir='ltr'>t</span> <span class='ocrx_word' id='word_1_569' title='bbox 2593 3467 2760 3533; x_wconf 79' lang='grc' dir='ltr'>Λέγει</span> <span class='ocrx_word' id='word_1_570' title='bbox 2822 3466 2971 3535; x_wconf 83' lang='grc' dir='ltr'>αύτῷ</span> <span class='ocrx_word' id='word_1_571' title='bbox 3004 3466 3063 3520; x_wconf 83' lang='grc' dir='ltr'>τὸ</span> <span class='ocrx_word' id='word_1_572' title='bbox 3096 3466 3319 3537; x_wconf 83' lang='grc' dir='ltr'>τρίτον·</span> <span class='ocrx_word' id='word_1_573' title='bbox 3374 3467 3558 3536; x_wconf 82' lang='grc' dir='ltr'>Σίμων</span> <span class='ocrx_word' id='word_1_574' title='bbox 3636 3468 3811 3529; x_wconf 78' lang='grc' dir='ltr'>ἸωνΞ,</span> <span class='ocrx_word' id='word_1_575' title='bbox 3865 3466 4047 3533; x_wconf 71' lang='grc' dir='ltr'>φιλεῖς</span> 
     </span>
    </p>
   </div>
   <div class='ocr_carea' id='block_1_76' title="bbox 2456 3556 4047 3629">
    <p class='ocr_par' dir='ltr' id='par_1_76' title="bbox 2456 3556 4047 3629">
     <span class='ocr_line' id='line_1_76' title="bbox 2456 3556 4047 3629; baseline -0.002 -19"><span class='ocrx_word' id='word_1_576' title='bbox 2456 3576 2562 3629; x_wconf 87' lang='grc' dir='ltr'>με;</span> <span class='ocrx_word' id='word_1_577' title='bbox 2604 3578 2622 3610; x_wconf 74' lang='grc' dir='ltr'>ι</span> <span class='ocrx_word' id='word_1_578' title='bbox 2660 3558 2984 3627; x_wconf 81' lang='grc' dir='ltr'>Παρήλλαξε</span> <span class='ocrx_word' id='word_1_579' title='bbox 3017 3560 3119 3627; x_wconf 78' lang='grc' dir='ltr'>τὴν</span> <span class='ocrx_word' id='word_1_580' title='bbox 3168 3559 3360 3627; x_wconf 83' lang='grc' dir='ltr'>τρίτην</span> <span class='ocrx_word' id='word_1_581' title='bbox 3406 3560 3673 3627; x_wconf 80' lang='grc' dir='ltr'>ἐρώτησιν</span> <span class='ocrx_word' id='word_1_582' title='bbox 3707 3576 3720 3587; x_wconf 84' lang='grc'><em>’</em></span> <span class='ocrx_word' id='word_1_583' title='bbox 3773 3556 3898 3608; x_wconf 68' lang='grc' dir='ltr'>οὔτε</span> <span class='ocrx_word' id='word_1_584' title='bbox 3935 3559 4047 3624; x_wconf 77' lang='grc' dir='ltr'>γὰρ</span> 
     </span>
    </p>
   </div>
   <div class='ocr_carea' id='block_1_77' title="bbox 2462 3640 4044 3717">
    <p class='ocr_par' dir='ltr' id='par_1_77' title="bbox 2462 3640 4044 3717">
     <span class='ocr_line' id='line_1_77' title="bbox 2462 3640 4044 3717; baseline -0.003 -20"><span class='ocrx_word' id='word_1_585' title='bbox 2462 3666 2479 3697; x_wconf 79' lang='grc' dir='ltr'>ι</span> <span class='ocrx_word' id='word_1_586' title='bbox 2532 3649 2782 3717; x_wconf 79' lang='grc' dir='ltr'>’Λγαπᾷς</span> <span class='ocrx_word' id='word_1_587' title='bbox 2818 3664 2887 3715; x_wconf 81' lang='grc' dir='ltr'>με</span> <span class='ocrx_word' id='word_1_588' title='bbox 2926 3664 2943 3695; x_wconf 76' lang='grc' dir='ltr'>ι</span> <span class='ocrx_word' id='word_1_589' title='bbox 2984 3640 3157 3707; x_wconf 84' lang='grc' dir='ltr'>εἶπεν,</span> <span class='ocrx_word' id='word_1_590' title='bbox 3196 3645 3319 3697; x_wconf 72' lang='grc' dir='ltr'>οὒτε</span> <span class='ocrx_word' id='word_1_591' title='bbox 3355 3663 3372 3694; x_wconf 81' lang='grc' dir='ltr'>ι</span> <span class='ocrx_word' id='word_1_592' title='bbox 3412 3646 3579 3697; x_wconf 82' lang='grc' dir='ltr'>Πλέον</span> <span class='ocrx_word' id='word_1_593' title='bbox 3618 3665 3635 3695; x_wconf 74' lang='grc' dir='ltr'>ι</span> <span class='ocrx_word' id='word_1_594' title='bbox 3672 3645 4044 3713; x_wconf 75' lang='grc' dir='ltr'>προσέθηκεν,</span> 
     </span>
    </p>
   </div>
   <div class='ocr_carea' id='block_1_78' title="bbox 2455 3737 4047 3807">
    <p class='ocr_par' dir='ltr' id='par_1_78' title="bbox 2455 3737 4047 3807">
     <span class='ocr_line' id='line_1_78' title="bbox 2455 3737 4047 3807; baseline -0.003 -15"><span class='ocrx_word' id='word_1_595' title='bbox 2455 3741 2572 3792; x_wconf 77' lang='grc' dir='ltr'>ἀλλ’</span> <span class='ocrx_word' id='word_1_596' title='bbox 2599 3738 2732 3802; x_wconf 80' lang='grc' dir='ltr'>εἶεν,</span> <span class='ocrx_word' id='word_1_597' title='bbox 2764 3738 2899 3807; x_wconf 76' lang='grc' dir='ltr'>φησί</span> <span class='ocrx_word' id='word_1_598' title='bbox 2927 3755 2940 3769; x_wconf 83' lang='grc'>⁶</span> <span class='ocrx_word' id='word_1_599' title='bbox 2978 3739 3167 3807; x_wconf 77' lang='grc' dir='ltr'>ἐπειδὴ</span> <span class='ocrx_word' id='word_1_600' title='bbox 3196 3740 3294 3807; x_wconf 79' lang='grc' dir='ltr'>ούχ</span> <span class='ocrx_word' id='word_1_601' title='bbox 3325 3739 3609 3807; x_wconf 76' lang='grc' dir='ltr'>ὁμολογεῖς</span> <span class='ocrx_word' id='word_1_602' title='bbox 3636 3738 3878 3805; x_wconf 74' lang='grc' dir='ltr'>ἀγαπᾷν,</span> <span class='ocrx_word' id='word_1_603' title='bbox 3906 3737 4047 3788; x_wconf 71' lang='grc' dir='ltr'>ἀλλὰ</span> 
     </span>
    </p>
   </div>
   <div class='ocr_carea' id='block_1_79' title="bbox 2454 3830 4045 3900">
    <p class='ocr_par' dir='ltr' id='par_1_79' title="bbox 2454 3830 4045 3900">
     <span class='ocr_line' id='line_1_79' title="bbox 2454 3830 4045 3900; baseline -0.004 -15"><span class='ocrx_word' id='word_1_604' title='bbox 2454 3834 2631 3899; x_wconf 83' lang='grc' dir='ltr'>φιλεῖν</span> <span class='ocrx_word' id='word_1_605' title='bbox 2662 3848 2676 3861; x_wconf 75' lang='grc'><strong><em>⁸</em></strong></span> <span class='ocrx_word' id='word_1_606' title='bbox 2715 3833 2809 3883; x_wconf 74' lang='grc' dir='ltr'>καὶ</span> <span class='ocrx_word' id='word_1_607' title='bbox 2836 3831 2980 3883; x_wconf 82' lang='grc' dir='ltr'>οὓτω</span> <span class='ocrx_word' id='word_1_608' title='bbox 3015 3831 3113 3900; x_wconf 84' lang='grc' dir='ltr'>τὴν</span> <span class='ocrx_word' id='word_1_609' title='bbox 3141 3831 3326 3897; x_wconf 80' lang='grc' dir='ltr'>φιλίαν</span> <span class='ocrx_word' id='word_1_610' title='bbox 3360 3831 3630 3895; x_wconf 74' lang='grc' dir='ltr'>ἐπίδειξαι</span> <span class='ocrx_word' id='word_1_611' title='bbox 3657 3846 3671 3859; x_wconf 84' lang='lat'><strong><em>°</em></strong></span> <span class='ocrx_word' id='word_1_612' title='bbox 3718 3850 3735 3881; x_wconf 80' lang='grc' dir='ltr'>ι</span> <span class='ocrx_word' id='word_1_613' title='bbox 3774 3830 4045 3897; x_wconf 75' lang='grc' dir='ltr'>Ποίμαινε</span> 
     </span>
    </p>
   </div>
   <div class='ocr_carea' id='block_1_80' title="bbox 2455 3918 4046 3993">
    <p class='ocr_par' dir='ltr' id='par_1_80' title="bbox 2455 3918 4046 3993">
     <span class='ocr_line' id='line_1_80' title="bbox 2455 3918 4046 3993; baseline -0.006 -16"><span class='ocrx_word' id='word_1_614' title='bbox 2455 3924 2522 3977; x_wconf 72' lang='grc' dir='ltr'>τὰ</span> <span class='ocrx_word' id='word_1_615' title='bbox 2551 3924 2801 3992; x_wconf 68' lang='grc' dir='ltr'>πρόϐατά</span> <span class='ocrx_word' id='word_1_616' title='bbox 2836 3937 2959 3991; x_wconf 84' lang='grc' dir='ltr'>μου.</span> <span class='ocrx_word' id='word_1_617' title='bbox 3002 3938 3125 3972; x_wconf 75' lang='grc' dir='ltr'>ι--ι</span> <span class='ocrx_word' id='word_1_618' title='bbox 3177 3921 3455 3992; x_wconf 77' lang='grc' dir='ltr'>Ἑλυπήοη</span> <span class='ocrx_word' id='word_1_619' title='bbox 3479 3924 3506 3975; x_wconf 87' lang='lat'>6</span> <span class='ocrx_word' id='word_1_620' title='bbox 3530 3924 3755 3993; x_wconf 82' lang='grc' dir='ltr'>Πέτρος,</span> <span class='ocrx_word' id='word_1_621' title='bbox 3780 3924 3865 3973; x_wconf 70' lang='grc' dir='ltr'>ὅτι</span> <span class='ocrx_word' id='word_1_622' title='bbox 3887 3918 4046 3973; x_wconf 73' lang='grc' dir='ltr'>εἶπεν</span> 
     </span>
    </p>
   </div>
   <div class='ocr_carea' id='block_1_81' title="bbox 2004 4136 2795 4199">
    <p class='ocr_par' dir='ltr' id='par_1_81' title="bbox 2004 4136 2795 4199">
     <span class='ocr_line' id='line_1_81' title="bbox 2004 4136 2795 4199; baseline 0.003 -5"><span class='ocrx_word' id='word_1_623' title='bbox 2004 4136 2325 4198; x_wconf 82' lang='lat' dir='ltr'>Francisci</span> <span class='ocrx_word' id='word_1_624' title='bbox 2357 4138 2571 4199; x_wconf 87' lang='lat' dir='ltr'>Seorsi</span> <span class='ocrx_word' id='word_1_625' title='bbox 2610 4147 2795 4199; x_wconf 69' lang='lat' dir='ltr'>noue.</span> 
     </span>
    </p>
   </div>
   <div class='ocr_carea' id='block_1_82' title="bbox 764 4256 2337 4328">
    <p class='ocr_par' dir='ltr' id='par_1_82' title="bbox 764 4256 2337 4328">
     <span class='ocr_line' id='line_1_82' title="bbox 764 4256 2337 4328; baseline -0.002 -17"><span class='ocrx_word' id='word_1_626' title='bbox 764 4259 977 4328; x_wconf 80' lang='grc' dir='ltr'>φιλίαν,</span> <span class='ocrx_word' id='word_1_627' title='bbox 1026 4273 1186 4324; x_wconf 90' lang='lat' dir='ltr'>quam</span> <span class='ocrx_word' id='word_1_628' title='bbox 1231 4258 1361 4312; x_wconf 88' lang='lat' dir='ltr'>dicit</span> <span class='ocrx_word' id='word_1_629' title='bbox 1410 4270 1530 4310; x_wconf 88' lang='lat' dir='ltr'>esse</span> <span class='ocrx_word' id='word_1_630' title='bbox 1590 4256 1764 4325; x_wconf 76' lang='grc' dir='ltr'>ἀρχὴν</span> <span class='ocrx_word' id='word_1_631' title='bbox 1831 4265 1885 4309; x_wconf 86' lang='lat' dir='ltr'>et</span> <span class='ocrx_word' id='word_1_632' title='bbox 1932 4257 2173 4326; x_wconf 79' lang='grc' dir='ltr'>κρηπῖδα</span> <span class='ocrx_word' id='word_1_633' title='bbox 2238 4258 2337 4326; x_wconf 79' lang='grc' dir='ltr'>τῆς</span> 
     </span>
    </p>
   </div>
   <div class='ocr_carea' id='block_1_83' title="bbox 763 4328 2335 4395">
    <p class='ocr_par' dir='ltr' id='par_1_83' title="bbox 763 4328 2335 4395">
     <span class='ocr_line' id='line_1_83' title="bbox 763 4328 2335 4395; baseline -0.002 -13"><span class='ocrx_word' id='word_1_634' title='bbox 763 4333 1009 4395; x_wconf 79' lang='grc' dir='ltr'>ἀγάπης,</span> <span class='ocrx_word' id='word_1_635' title='bbox 1041 4338 1096 4381; x_wconf 90' lang='lat' dir='ltr'>et</span> <span class='ocrx_word' id='word_1_636' title='bbox 1140 4344 1235 4395; x_wconf 89' lang='lat' dir='ltr'>per</span> <span class='ocrx_word' id='word_1_637' title='bbox 1264 4331 1595 4380; x_wconf 85' lang='lat' dir='ltr'>incrementa</span> <span class='ocrx_word' id='word_1_638' title='bbox 1633 4329 1699 4378; x_wconf 89' lang='lat' dir='ltr'>ad</span> <span class='ocrx_word' id='word_1_639' title='bbox 1738 4328 1961 4395; x_wconf 82' lang='grc' dir='ltr'>ἀγάπην</span> <span class='ocrx_word' id='word_1_640' title='bbox 1997 4342 2335 4379; x_wconf 81' lang='lat' dir='ltr'>accrescere.</span> 
     </span>
    </p>
   </div>
   <div class='ocr_carea' id='block_1_84' title="bbox 765 4396 2337 4465">
    <p class='ocr_par' dir='ltr' id='par_1_84' title="bbox 765 4396 2337 4465">
     <span class='ocr_line' id='line_1_84' title="bbox 765 4396 2337 4465; baseline -0.003 -12"><span class='ocrx_word' id='word_1_641' title='bbox 765 4399 955 4453; x_wconf 72' lang='lat' dir='ltr'>Simile</span> <span class='ocrx_word' id='word_1_642' title='bbox 1007 4397 1264 4465; x_wconf 85' lang='lat' dir='ltr'>quiddam</span> <span class='ocrx_word' id='word_1_643' title='bbox 1321 4398 1386 4448; x_wconf 89' lang='lat' dir='ltr'>de</span> <span class='ocrx_word' id='word_1_644' title='bbox 1437 4396 1539 4448; x_wconf 87' lang='lat' dir='ltr'>alia</span> <span class='ocrx_word' id='word_1_645' title='bbox 1598 4396 1895 4461; x_wconf 64' lang='lat' dir='ltr'>theolotgica</span> <span class='ocrx_word' id='word_1_646' title='bbox 1949 4398 2175 4465; x_wconf 58' lang='lat' dir='ltr'>virtute,</span> <span class='ocrx_word' id='word_1_647' title='bbox 2236 4397 2337 4450; x_wconf 85' lang='lat' dir='ltr'>ﬁde</span> 
     </span>
    </p>
   </div>
   <div class='ocr_carea' id='block_1_85' title="bbox 764 4464 2336 4521">
    <p class='ocr_par' dir='ltr' id='par_1_85' title="bbox 764 4464 2336 4521">
     <span class='ocr_line' id='line_1_85' title="bbox 764 4464 2336 4521; baseline -0.002 -1"><span class='ocrx_word' id='word_1_648' title='bbox 764 4464 1035 4521; x_wconf 73' lang='lat' dir='ltr'>ttiitttrtmt</span> <span class='ocrx_word' id='word_1_649' title='bbox 1072 4469 1236 4521; x_wconf 86' lang='lat' dir='ltr'>tradit</span> <span class='ocrx_word' id='word_1_650' title='bbox 1271 4466 1521 4519; x_wconf 75' lang='lat' dir='ltr'>Clemens</span> <span class='ocrx_word' id='word_1_651' title='bbox 1562 4467 1715 4517; x_wconf 73' lang='lat' dir='ltr'>Alex.</span> <span class='ocrx_word' id='word_1_652' title='bbox 1754 4466 1846 4517; x_wconf 84' lang='lat' dir='ltr'>lil).</span> <span class='ocrx_word' id='word_1_653' title='bbox 1876 4480 1905 4514; x_wconf 91' lang='lat' dir='ltr'>v</span> <span class='ocrx_word' id='word_1_654' title='bbox 1939 4464 2138 4518; x_wconf 83' lang='lat' dir='ltr'>Slrom.</span> <span class='ocrx_word' id='word_1_655' title='bbox 2174 4482 2237 4516; x_wconf 80' lang='lat' dir='ltr'>ex</span> <span class='ocrx_word' id='word_1_656' title='bbox 2274 4467 2336 4519; x_wconf 90' lang='lat' dir='ltr'>iis</span> 
     </span>
    </p>
   </div>
   <div class='ocr_carea' id='block_1_86' title="bbox 762 4534 2339 4603">
    <p class='ocr_par' dir='ltr' id='par_1_86' title="bbox 762 4534 2339 4603">
     <span class='ocr_line' id='line_1_86' title="bbox 762 4534 2339 4603; baseline 0 -15"><span class='ocrx_word' id='word_1_657' title='bbox 762 4539 942 4591; x_wconf 71' lang='lat' dir='ltr'>verbis</span> <span class='ocrx_word' id='word_1_658' title='bbox 985 4539 1176 4603; x_wconf 80' lang='lat' dir='ltr'>Apost.</span> <span class='ocrx_word' id='word_1_659' title='bbox 1211 4540 1274 4589; x_wconf 88' lang='lat' dir='ltr'>ad</span> <span class='ocrx_word' id='word_1_660' title='bbox 1313 4536 1510 4588; x_wconf 80' lang='lat' dir='ltr'>Rottt.t</span> <span class='ocrx_word' id='word_1_661' title='bbox 1551 4552 1563 4585; x_wconf 89' lang='lat'>:</span> <span class='ocrx_word' id='word_1_662' title='bbox 1604 4554 1621 4585; x_wconf 82' lang='grc' dir='ltr'>ι</span> <span class='ocrx_word' id='word_1_663' title='bbox 1680 4534 1903 4587; x_wconf 84' lang='lat' dir='ltr'>Justitia</span> <span class='ocrx_word' id='word_1_664' title='bbox 1939 4547 2110 4585; x_wconf 85' lang='lat' dir='ltr'>autem</span> <span class='ocrx_word' id='word_1_665' title='bbox 2162 4536 2253 4587; x_wconf 87' lang='lat' dir='ltr'>Dei</span> <span class='ocrx_word' id='word_1_666' title='bbox 2285 4537 2339 4588; x_wconf 89' lang='lat' dir='ltr'>in</span> 
     </span>
    </p>
   </div>
   <div class='ocr_carea' id='block_1_87' title="bbox 764 4604 2336 4675">
    <p class='ocr_par' dir='ltr' id='par_1_87' title="bbox 764 4604 2336 4675">
     <span class='ocr_line' id='line_1_87' title="bbox 764 4604 2336 4675; baseline -0.001 -17"><span class='ocrx_word' id='word_1_667' title='bbox 764 4612 879 4675; x_wconf 81' lang='lat' dir='ltr'>ipso</span> <span class='ocrx_word' id='word_1_668' title='bbox 912 4610 1171 4659; x_wconf 71' lang='lat' dir='ltr'>reveletur</span> <span class='ocrx_word' id='word_1_669' title='bbox 1203 4623 1267 4659; x_wconf 81' lang='lat' dir='ltr'>ea:</span> <span class='ocrx_word' id='word_1_670' title='bbox 1302 4606 1404 4671; x_wconf 82' lang='lat' dir='ltr'>[ide</span> <span class='ocrx_word' id='word_1_671' title='bbox 1439 4606 1490 4655; x_wconf 89' lang='lat' dir='ltr'>in</span> <span class='ocrx_word' id='word_1_672' title='bbox 1535 4606 1710 4675; x_wconf 75' lang='lat' dir='ltr'>fidem.</span> <span class='ocrx_word' id='word_1_673' title='bbox 1749 4622 1766 4653; x_wconf 85' lang='grc'><strong>›</strong></span> <span class='ocrx_word' id='word_1_674' title='bbox 1819 4634 1887 4641; x_wconf 94' lang='lat'><em>—</em></span> <span class='ocrx_word' id='word_1_675' title='bbox 1930 4604 2148 4675; x_wconf 81' lang='lat' dir='ltr'>Videtur</span> <span class='ocrx_word' id='word_1_676' title='bbox 2192 4622 2336 4672; x_wconf 85' lang='lat' dir='ltr'>ergo,</span> 
     </span>
    </p>
   </div>
   <div class='ocr_carea' id='block_1_88' title="bbox 761 4674 2341 4741">
    <p class='ocr_par' dir='ltr' id='par_1_88' title="bbox 761 4674 2341 4741">
     <span class='ocr_line' id='line_1_88' title="bbox 761 4674 2341 4741; baseline -0.003 -12"><span class='ocrx_word' id='word_1_677' title='bbox 761 4674 958 4741; x_wconf 88' lang='lat' dir='ltr'>inquit.</span> <span class='ocrx_word' id='word_1_678' title='bbox 992 4676 1269 4741; x_wconf 73' lang='lat' dir='ltr'>Apostolus</span> <span class='ocrx_word' id='word_1_679' title='bbox 1325 4676 1584 4741; x_wconf 81' lang='lat' dir='ltr'>duplicem</span> <span class='ocrx_word' id='word_1_680' title='bbox 1634 4674 1791 4740; x_wconf 82' lang='lat' dir='ltr'>[idem</span> <span class='ocrx_word' id='word_1_681' title='bbox 1848 4674 2167 4726; x_wconf 87' lang='lat' dir='ltr'>annuntiare</span> <span class='ocrx_word' id='word_1_682' title='bbox 2198 4715 2211 4729; x_wconf 88' lang='lat'>.</span> <span class='ocrx_word' id='word_1_683' title='bbox 2266 4675 2341 4727; x_wconf 77' lang='lat' dir='ltr'>rel</span> 
     </span>
    </p>
   </div>
   <div class='ocr_carea' id='block_1_89' title="bbox 762 4744 2343 4814">
    <p class='ocr_par' dir='ltr' id='par_1_89' title="bbox 762 4744 2343 4814">
     <span class='ocr_line' id='line_1_89' title="bbox 762 4744 2343 4814; baseline -0.001 -17"><span class='ocrx_word' id='word_1_684' title='bbox 762 4749 939 4814; x_wconf 82' lang='lat' dir='ltr'>potius</span> <span class='ocrx_word' id='word_1_685' title='bbox 962 4761 1145 4807; x_wconf 89' lang='lat' dir='ltr'>unam,</span> <span class='ocrx_word' id='word_1_686' title='bbox 1186 4760 1301 4813; x_wconf 74' lang='lat' dir='ltr'>qua:</span> <span class='ocrx_word' id='word_1_687' title='bbox 1341 4754 1677 4811; x_wconf 76' lang='lat' dir='ltr'>augmentum</span> <span class='ocrx_word' id='word_1_688' title='bbox 1709 4744 1951 4807; x_wconf 76' lang='lat' dir='ltr'>suscipit,</span> <span class='ocrx_word' id='word_1_689' title='bbox 1996 4754 2039 4814; x_wconf 82' lang='lat' dir='ltr'>et</span> <span class='ocrx_word' id='word_1_690' title='bbox 2068 4746 2343 4811; x_wconf 73' lang='lat' dir='ltr'>perfectio-</span> 
     </span>
    </p>
   </div>
   <div class='ocr_carea' id='block_1_90' title="bbox 766 4813 2340 4880">
    <p class='ocr_par' dir='ltr' id='par_1_90' title="bbox 766 4813 2340 4880">
     <span class='ocr_line' id='line_1_90' title="bbox 766 4813 2340 4880; baseline 0 -15"><span class='ocrx_word' id='word_1_691' title='bbox 766 4813 901 4867; x_wconf 82' lang='lat' dir='ltr'>nem.</span> <span class='ocrx_word' id='word_1_692' title='bbox 948 4814 1087 4865; x_wconf 79' lang='lat' dir='ltr'>Nam</span> <span class='ocrx_word' id='word_1_693' title='bbox 1125 4818 1413 4866; x_wconf 85' lang='lat' dir='ltr'>communis</span> <span class='ocrx_word' id='word_1_694' title='bbox 1467 4815 1675 4880; x_wconf 81' lang='lat' dir='ltr'>quidem</span> <span class='ocrx_word' id='word_1_695' title='bbox 1710 4814 1839 4877; x_wconf 81' lang='lat' dir='ltr'>ﬁdes</span> <span class='ocrx_word' id='word_1_696' title='bbox 1886 4813 2162 4879; x_wconf 78' lang='lat' dir='ltr'>subjicitur</span> <span class='ocrx_word' id='word_1_697' title='bbox 2216 4825 2340 4865; x_wconf 87' lang='lat' dir='ltr'>tan-</span> 
     </span>
    </p>
   </div>
   <div class='ocr_carea' id='block_1_91' title="bbox 761 4883 2339 4953">
    <p class='ocr_par' dir='ltr' id='par_1_91' title="bbox 761 4883 2339 4953">
     <span class='ocr_line' id='line_1_91' title="bbox 761 4883 2339 4953; baseline 0.001 -20"><span class='ocrx_word' id='word_1_698' title='bbox 761 4902 919 4953; x_wconf 85' lang='lat' dir='ltr'>quam</span> <span class='ocrx_word' id='word_1_699' title='bbox 954 4884 1365 4951; x_wconf 76' lang='lat' dir='ltr'>fundamentum</span> <span class='ocrx_word' id='word_1_700' title='bbox 1391 4898 1408 4933; x_wconf 89' lang='lat'><em>:</em></span> <span class='ocrx_word' id='word_1_701' title='bbox 1439 4883 1504 4933; x_wconf 80' lang='lat' dir='ltr'>iis</span> <span class='ocrx_word' id='word_1_702' title='bbox 1539 4884 1747 4949; x_wconf 84' lang='lat' dir='ltr'>quidem</span> <span class='ocrx_word' id='word_1_703' title='bbox 1776 4898 1912 4953; x_wconf 83' lang='lat' dir='ltr'>certe</span> <span class='ocrx_word' id='word_1_704' title='bbox 1941 4884 2028 4950; x_wconf 87' lang='lat' dir='ltr'>qui</span> <span class='ocrx_word' id='word_1_705' title='bbox 2063 4883 2339 4953; x_wconf 62' lang='lat' dir='ltr'>cupiebant</span> 
     </span>
    </p>
   </div>
   <div class='ocr_carea' id='block_1_92' title="bbox 764 4950 2340 5021">
    <p class='ocr_par' dir='ltr' id='par_1_92' title="bbox 764 4950 2340 5021">
     <span class='ocr_line' id='line_1_92' title="bbox 764 4950 2340 5021; baseline -0.001 -16"><span class='ocrx_word' id='word_1_706' title='bbox 764 4950 965 5018; x_wconf 68' lang='lat' dir='ltr'>curari,</span> <span class='ocrx_word' id='word_1_707' title='bbox 1000 4964 1053 5005; x_wconf 83' lang='grc' dir='ltr'>ιιι</span> <span class='ocrx_word' id='word_1_708' title='bbox 1079 4958 1169 5021; x_wconf 88' lang='lat' dir='ltr'>qui</span> <span class='ocrx_word' id='word_1_709' title='bbox 1202 4953 1428 5019; x_wconf 79' lang='lat' dir='ltr'>[ideliter</span> <span class='ocrx_word' id='word_1_710' title='bbox 1464 4963 1812 5011; x_wconf 77' lang='lat' dir='ltr'>morerentur,</span> <span class='ocrx_word' id='word_1_711' title='bbox 1849 4951 2051 5002; x_wconf 88' lang='lat' dir='ltr'>dicebat</span> <span class='ocrx_word' id='word_1_712' title='bbox 2081 4966 2098 5002; x_wconf 93' lang='lat'><em>:</em></span> <span class='ocrx_word' id='word_1_713' title='bbox 2130 4968 2148 5000; x_wconf 84' lang='lat' dir='ltr'>t</span> <span class='ocrx_word' id='word_1_714' title='bbox 2183 4950 2340 5004; x_wconf 80' lang='lat' dir='ltr'>Fides</span> 
     </span>
    </p>
   </div>
   <div class='ocr_carea' id='block_1_93' title="bbox 764 5023 2341 5089">
    <p class='ocr_par' dir='ltr' id='par_1_93' title="bbox 764 5023 2341 5089">
     <span class='ocr_line' id='line_1_93' title="bbox 764 5023 2341 5089; baseline 0 -17"><span class='ocrx_word' id='word_1_715' title='bbox 764 5037 853 5075; x_wconf 86' lang='lat' dir='ltr'>tua</span> <span class='ocrx_word' id='word_1_716' title='bbox 904 5036 951 5076; x_wconf 87' lang='lat' dir='ltr'>te</span> <span class='ocrx_word' id='word_1_717' title='bbox 973 5026 1175 5075; x_wconf 85' lang='lat' dir='ltr'>salvum</span> <span class='ocrx_word' id='word_1_718' title='bbox 1210 5023 1364 5089; x_wconf 71' lang='lat' dir='ltr'>fecit;</span> <span class='ocrx_word' id='word_1_719' title='bbox 1405 5040 1421 5071; x_wconf 79' lang='grc' dir='ltr'>ι</span> <span class='ocrx_word' id='word_1_720' title='bbox 1477 5038 1592 5085; x_wconf 76' lang='lat' dir='ltr'>qua:</span> <span class='ocrx_word' id='word_1_721' title='bbox 1621 5034 1795 5072; x_wconf 83' lang='lat' dir='ltr'>autent</span> <span class='ocrx_word' id='word_1_722' title='bbox 1828 5023 2013 5073; x_wconf 71' lang='lat' dir='ltr'>eximie</span> <span class='ocrx_word' id='word_1_723' title='bbox 2054 5023 2341 5087; x_wconf 72' lang='lat' dir='ltr'>super-tedi-</span> 
     </span>
    </p>
   </div>
   <div class='ocr_carea' id='block_1_94' title="bbox 764 5091 2344 5159">
    <p class='ocr_par' dir='ltr' id='par_1_94' title="bbox 764 5091 2344 5159">
     <span class='ocr_line' id='line_1_94' title="bbox 764 5091 2344 5159; baseline -0.002 -16"><span class='ocrx_word' id='word_1_724' title='bbox 764 5095 974 5157; x_wconf 79' lang='lat' dir='ltr'>[icutur,</span> <span class='ocrx_word' id='word_1_725' title='bbox 1008 5094 1149 5159; x_wconf 85' lang='lat' dir='ltr'>ﬁdeli</span> <span class='ocrx_word' id='word_1_726' title='bbox 1186 5104 1581 5144; x_wconf 83' lang='lat' dir='ltr'>consummatur</span> <span class='ocrx_word' id='word_1_727' title='bbox 1627 5103 1671 5141; x_wconf 89' lang='lat' dir='ltr'>et</span> <span class='ocrx_word' id='word_1_728' title='bbox 1713 5107 1894 5143; x_wconf 82' lang='lat' dir='ltr'>rursus</span> <span class='ocrx_word' id='word_1_729' title='bbox 1937 5091 2209 5157; x_wconf 79' lang='lat' dir='ltr'>perﬁcitur</span> <span class='ocrx_word' id='word_1_730' title='bbox 2251 5106 2344 5158; x_wconf 90' lang='lat' dir='ltr'>per</span> 
     </span>
    </p>
   </div>
   <div class='ocr_carea' id='block_1_95' title="bbox 763 5162 2343 5231">
    <p class='ocr_par' dir='ltr' id='par_1_95' title="bbox 763 5162 2343 5231">
     <span class='ocr_line' id='line_1_95' title="bbox 763 5162 2343 5231; baseline -0.002 -16"><span class='ocrx_word' id='word_1_731' title='bbox 763 5178 900 5221; x_wconf 82' lang='lat' dir='ltr'>eam,</span> <span class='ocrx_word' id='word_1_732' title='bbox 937 5180 1049 5231; x_wconf 82' lang='lat' dir='ltr'>qute</span> <span class='ocrx_word' id='word_1_733' title='bbox 1096 5163 1293 5214; x_wconf 83' lang='lat' dir='ltr'>accedit</span> <span class='ocrx_word' id='word_1_734' title='bbox 1325 5178 1387 5213; x_wconf 72' lang='lat' dir='ltr'>ea;</span> <span class='ocrx_word' id='word_1_735' title='bbox 1433 5162 1668 5212; x_wconf 73' lang='lat' dir='ltr'>doctrina</span> <span class='ocrx_word' id='word_1_736' title='bbox 1704 5174 1748 5212; x_wconf 90' lang='lat' dir='ltr'>et</span> <span class='ocrx_word' id='word_1_737' title='bbox 1785 5162 1984 5211; x_wconf 85' lang='lat' dir='ltr'>ratione</span> <span class='ocrx_word' id='word_1_738' title='bbox 2034 5177 2122 5223; x_wconf 81' lang='lat' dir='ltr'>per</span> <span class='ocrx_word' id='word_1_739' title='bbox 2155 5162 2343 5226; x_wconf 79' lang='lat' dir='ltr'>agendi</span> 
     </span>
    </p>
   </div>
   <div class='ocr_carea' id='block_1_96' title="bbox 763 5230 2337 5301">
    <p class='ocr_par' dir='ltr' id='par_1_96' title="bbox 763 5230 2337 5301">
     <span class='ocr_line' id='line_1_96' title="bbox 763 5230 2337 5301; baseline -0.003 -17"><span class='ocrx_word' id='word_1_740' title='bbox 763 5230 1019 5285; x_wconf 86' lang='lat' dir='ltr'>mandata</span> <span class='ocrx_word' id='word_1_741' title='bbox 1059 5235 1237 5301; x_wconf 80' lang='lat' dir='ltr'>quales</span> <span class='ocrx_word' id='word_1_742' title='bbox 1274 5241 1417 5282; x_wconf 85' lang='lat' dir='ltr'>erunt</span> <span class='ocrx_word' id='word_1_743' title='bbox 1454 5230 1679 5295; x_wconf 78' lang='lat' dir='ltr'>apostoli</span> <span class='ocrx_word' id='word_1_744' title='bbox 1711 5233 1773 5280; x_wconf 88' lang='lat' dir='ltr'>de</span> <span class='ocrx_word' id='word_1_745' title='bbox 1803 5233 1986 5297; x_wconf 84' lang='lat' dir='ltr'>quibus</span> <span class='ocrx_word' id='word_1_746' title='bbox 2020 5232 2215 5301; x_wconf 82' lang='lat' dir='ltr'>dictum</span> <span class='ocrx_word' id='word_1_747' title='bbox 2241 5242 2337 5291; x_wconf 86' lang='lat' dir='ltr'>est,</span> 
     </span>
    </p>
   </div>
   <div class='ocr_carea' id='block_1_97' title="bbox 762 5300 2338 5369">
    <p class='ocr_par' dir='ltr' id='par_1_97' title="bbox 762 5300 2338 5369">
     <span class='ocr_line' id='line_1_97' title="bbox 762 5300 2338 5369; baseline -0.002 -16"><span class='ocrx_word' id='word_1_748' title='bbox 762 5304 918 5369; x_wconf 81' lang='lat' dir='ltr'>[idem</span> <span class='ocrx_word' id='word_1_749' title='bbox 944 5300 1141 5355; x_wconf 85' lang='lat' dir='ltr'>montes</span> <span class='ocrx_word' id='word_1_750' title='bbox 1173 5314 1547 5363; x_wconf 81' lang='lat' dir='ltr'>trunsmorere,</span> <span class='ocrx_word' id='word_1_751' title='bbox 1578 5311 1627 5350; x_wconf 89' lang='lat' dir='ltr'>et</span> <span class='ocrx_word' id='word_1_752' title='bbox 1662 5302 1875 5351; x_wconf 79' lang='lat' dir='ltr'>arbores</span> <span class='ocrx_word' id='word_1_753' title='bbox 1922 5300 2338 5365; x_wconf 83' lang='lat' dir='ltr'>trnnsplatttare.</span> 
     </span>
    </p>
   </div>
   <div class='ocr_carea' id='block_1_98' title="bbox 767 5371 2339 5435">
    <p class='ocr_par' dir='ltr' id='par_1_98' title="bbox 767 5371 2339 5435">
     <span class='ocr_line' id='line_1_98' title="bbox 767 5371 2339 5435; baseline -0.003 -12"><span class='ocrx_word' id='word_1_754' title='bbox 767 5373 915 5425; x_wconf 72' lang='lat' dir='ltr'>Unde</span> <span class='ocrx_word' id='word_1_755' title='bbox 943 5389 1062 5424; x_wconf 88' lang='lat' dir='ltr'>cum</span> <span class='ocrx_word' id='word_1_756' title='bbox 1086 5375 1364 5423; x_wconf 76' lang='lat' dir='ltr'>sensissent</span> <span class='ocrx_word' id='word_1_757' title='bbox 1394 5372 1807 5435; x_wconf 78' lang='lat' dir='ltr'>magnitudinem</span> <span class='ocrx_word' id='word_1_758' title='bbox 1838 5371 2111 5433; x_wconf 81' lang='lat' dir='ltr'>potestatis</span> <span class='ocrx_word' id='word_1_759' title='bbox 2134 5407 2147 5429; x_wconf 90' lang='lat'>,</span> <span class='ocrx_word' id='word_1_760' title='bbox 2180 5385 2339 5435; x_wconf 82' lang='lat' dir='ltr'>roga-</span> 
     </span>
    </p>
   </div>
   <div class='ocr_carea' id='block_1_99' title="bbox 765 5440 2339 5505">
    <p class='ocr_par' dir='ltr' id='par_1_99' title="bbox 765 5440 2339 5505">
     <span class='ocr_line' id='line_1_99' title="bbox 765 5440 2339 5505; baseline -0.003 -11"><span class='ocrx_word' id='word_1_761' title='bbox 765 5448 911 5503; x_wconf 85' lang='lat' dir='ltr'>bant,</span> <span class='ocrx_word' id='word_1_762' title='bbox 939 5453 990 5493; x_wconf 87' lang='lat' dir='ltr'>ut</span> <span class='ocrx_word' id='word_1_763' title='bbox 1025 5444 1309 5493; x_wconf 86' lang='lat' dir='ltr'>adderetur</span> <span class='ocrx_word' id='word_1_764' title='bbox 1340 5442 1413 5491; x_wconf 88' lang='lat' dir='ltr'>eis</span> <span class='ocrx_word' id='word_1_765' title='bbox 1437 5442 1588 5505; x_wconf 78' lang='lat' dir='ltr'>ﬁdes,</span> <span class='ocrx_word' id='word_1_766' title='bbox 1622 5455 1738 5505; x_wconf 81' lang='lat' dir='ltr'>qua:</span> <span class='ocrx_word' id='word_1_767' title='bbox 1796 5454 1847 5489; x_wconf 87' lang='grc' dir='ltr'>ιιι</span> <span class='ocrx_word' id='word_1_768' title='bbox 1888 5455 2107 5505; x_wconf 85' lang='lat' dir='ltr'>granum</span> <span class='ocrx_word' id='word_1_769' title='bbox 2142 5440 2339 5501; x_wconf 84' lang='lat' dir='ltr'>sinapis</span> 
     </span>
    </p>
   </div>
   <div class='ocr_carea' id='block_1_100' title="bbox 767 5510 2339 5575">
    <p class='ocr_par' dir='ltr' id='par_1_100' title="bbox 767 5510 2339 5575">
     <span class='ocr_line' id='line_1_100' title="bbox 767 5510 2339 5575; baseline -0.003 -13"><span class='ocrx_word' id='word_1_770' title='bbox 767 5517 1022 5563; x_wconf 85' lang='lat' dir='ltr'>morderet</span> <span class='ocrx_word' id='word_1_771' title='bbox 1061 5514 1263 5563; x_wconf 82' lang='lat' dir='ltr'>utiliter</span> <span class='ocrx_word' id='word_1_772' title='bbox 1290 5511 1547 5573; x_wconf 86' lang='lat' dir='ltr'>animam,</span> <span class='ocrx_word' id='word_1_773' title='bbox 1576 5520 1621 5560; x_wconf 90' lang='lat' dir='ltr'>et</span> <span class='ocrx_word' id='word_1_774' title='bbox 1664 5514 1714 5560; x_wconf 88' lang='lat' dir='ltr'>in</span> <span class='ocrx_word' id='word_1_775' title='bbox 1750 5511 1861 5575; x_wconf 80' lang='lat' dir='ltr'>ipsa</span> <span class='ocrx_word' id='word_1_776' title='bbox 1898 5510 2028 5559; x_wconf 84' lang='lat' dir='ltr'>adeo</span> <span class='ocrx_word' id='word_1_777' title='bbox 2068 5520 2339 5569; x_wconf 79' lang='lat' dir='ltr'>cresceret,</span> 
     </span>
    </p>
   </div>
   <div class='ocr_carea' id='block_1_101' title="bbox 766 5579 2337 5650">
    <p class='ocr_par' dir='ltr' id='par_1_101' title="bbox 766 5579 2337 5650">
     <span class='ocr_line' id='line_1_101' title="bbox 766 5579 2337 5650; baseline -0.002 -17"><span class='ocrx_word' id='word_1_778' title='bbox 766 5594 823 5633; x_wconf 88' lang='lat' dir='ltr'>ut</span> <span class='ocrx_word' id='word_1_779' title='bbox 852 5584 904 5633; x_wconf 85' lang='lat' dir='ltr'>in</span> <span class='ocrx_word' id='word_1_780' title='bbox 933 5586 1042 5647; x_wconf 83' lang='lat' dir='ltr'>ipsa</span> <span class='ocrx_word' id='word_1_781' title='bbox 1076 5582 1447 5650; x_wconf 76' lang='lat' dir='ltr'>requiescerent</span> <span class='ocrx_word' id='word_1_782' title='bbox 1480 5580 1544 5631; x_wconf 89' lang='lat' dir='ltr'>de</span> <span class='ocrx_word' id='word_1_783' title='bbox 1570 5583 1719 5630; x_wconf 84' lang='lat' dir='ltr'>rebus</span> <span class='ocrx_word' id='word_1_784' title='bbox 1752 5579 2058 5650; x_wconf 85' lang='lat' dir='ltr'>sublimibus</span> <span class='ocrx_word' id='word_1_785' title='bbox 2091 5579 2337 5650; x_wconf 75' lang='lat' dir='ltr'>rationes.</span> 
     </span>
    </p>
   </div>
   <div class='ocr_carea' id='block_1_102' title="bbox 767 5648 2339 5716">
    <p class='ocr_par' dir='ltr' id='par_1_102' title="bbox 767 5648 2339 5716">
     <span class='ocr_line' id='line_1_102' title="bbox 767 5648 2339 5716; baseline -0.003 -13"><span class='ocrx_word' id='word_1_786' title='bbox 767 5652 891 5705; x_wconf 80' lang='lat' dir='ltr'>llaec</span> <span class='ocrx_word' id='word_1_787' title='bbox 923 5648 1191 5705; x_wconf 72' lang='lat' dir='ltr'>Ueniens.</span> <span class='ocrx_word' id='word_1_788' title='bbox 1222 5649 1295 5701; x_wconf 69' lang='lat' dir='ltr'>lix</span> <span class='ocrx_word' id='word_1_789' title='bbox 1328 5650 1523 5716; x_wconf 84' lang='lat' dir='ltr'>quibus</span> <span class='ocrx_word' id='word_1_790' title='bbox 1558 5664 1653 5716; x_wconf 89' lang='lat' dir='ltr'>par</span> <span class='ocrx_word' id='word_1_791' title='bbox 1683 5664 1877 5701; x_wconf 85' lang='lat' dir='ltr'>sensus</span> <span class='ocrx_word' id='word_1_792' title='bbox 1908 5648 2129 5713; x_wconf 78' lang='lat' dir='ltr'>intelligi</span> <span class='ocrx_word' id='word_1_793' title='bbox 2164 5657 2339 5712; x_wconf 69' lang='lat' dir='ltr'>potest</span> 
     </span>
    </p>
   </div>
   <div class='ocr_carea' id='block_1_103' title="bbox 766 5720 2338 5789">
    <p class='ocr_par' dir='ltr' id='par_1_103' title="bbox 766 5720 2338 5789">
     <span class='ocr_line' id='line_1_103' title="bbox 766 5720 2338 5789; baseline -0.001 -18"><span class='ocrx_word' id='word_1_794' title='bbox 766 5726 831 5774; x_wconf 90' lang='lat' dir='ltr'>de</span> <span class='ocrx_word' id='word_1_795' title='bbox 867 5737 968 5773; x_wconf 89' lang='lat' dir='ltr'>una</span> <span class='ocrx_word' id='word_1_796' title='bbox 1017 5725 1316 5789; x_wconf 82' lang='lat' dir='ltr'>eademque</span> <span class='ocrx_word' id='word_1_797' title='bbox 1364 5722 1562 5771; x_wconf 84' lang='lat' dir='ltr'>virtute</span> <span class='ocrx_word' id='word_1_798' title='bbox 1602 5720 1895 5779; x_wconf 84' lang='lat' dir='ltr'>eltaritate,</span> <span class='ocrx_word' id='word_1_799' title='bbox 1935 5733 2057 5785; x_wconf 76' lang='lat' dir='ltr'>qua:</span> <span class='ocrx_word' id='word_1_800' title='bbox 2089 5732 2210 5769; x_wconf 91' lang='lat' dir='ltr'>cum</span> <span class='ocrx_word' id='word_1_801' title='bbox 2246 5720 2338 5789; x_wconf 76' lang='lat' dir='ltr'>ad-</span> 
     </span>
    </p>
   </div>
   <div class='ocr_carea' id='block_1_104' title="bbox 766 5788 2337 5855">
    <p class='ocr_par' dir='ltr' id='par_1_104' title="bbox 766 5788 2337 5855">
     <span class='ocr_line' id='line_1_104' title="bbox 766 5788 2337 5855; baseline -0.002 -12"><span class='ocrx_word' id='word_1_802' title='bbox 766 5792 872 5846; x_wconf 82' lang='lat' dir='ltr'>huc</span> <span class='ocrx_word' id='word_1_803' title='bbox 900 5796 1205 5847; x_wconf 82' lang='lat' dir='ltr'>communis</span> <span class='ocrx_word' id='word_1_804' title='bbox 1228 5788 1333 5855; x_wconf 82' lang='lat' dir='ltr'>est,</span> <span class='ocrx_word' id='word_1_805' title='bbox 1376 5798 1429 5844; x_wconf 88' lang='lat' dir='ltr'>et</span> <span class='ocrx_word' id='word_1_806' title='bbox 1484 5790 1639 5855; x_wconf 79' lang='lat' dir='ltr'>quasi</span> <span class='ocrx_word' id='word_1_807' title='bbox 1688 5790 2098 5843; x_wconf 79' lang='lat' dir='ltr'>futzdatttentunt</span> <span class='ocrx_word' id='word_1_808' title='bbox 2126 5825 2141 5852; x_wconf 93' lang='lat'>,</span> <span class='ocrx_word' id='word_1_809' title='bbox 2184 5788 2337 5854; x_wconf 73' lang='grc' dir='ltr'>φιλία</span> 
     </span>
    </p>
   </div>
   <div class='ocr_carea' id='block_1_105' title="bbox 2447 4258 4042 4326">
    <p class='ocr_par' dir='ltr' id='par_1_105' title="bbox 2447 4258 4042 4326">
     <span class='ocr_line' id='line_1_105' title="bbox 2447 4258 4042 4326; baseline 0.006 -16"><span class='ocrx_word' id='word_1_810' title='bbox 2447 4260 2652 4312; x_wconf 89' lang='lat' dir='ltr'>dicitur</span> <span class='ocrx_word' id='word_1_811' title='bbox 2677 4258 2743 4311; x_wconf 86' lang='lat' dir='ltr'>ab</span> <span class='ocrx_word' id='word_1_812' title='bbox 2779 4260 2878 4312; x_wconf 89' lang='lat' dir='ltr'>hoc</span> <span class='ocrx_word' id='word_1_813' title='bbox 2911 4258 3095 4321; x_wconf 84' lang='lat' dir='ltr'>Patre,</span> <span class='ocrx_word' id='word_1_814' title='bbox 3142 4258 3379 4326; x_wconf 87' lang='lat' dir='ltr'>perfecta</span> <span class='ocrx_word' id='word_1_815' title='bbox 3434 4268 3614 4313; x_wconf 90' lang='lat' dir='ltr'>autem</span> <span class='ocrx_word' id='word_1_816' title='bbox 3656 4270 3711 4313; x_wconf 89' lang='lat' dir='ltr'>et</span> <span class='ocrx_word' id='word_1_817' title='bbox 3758 4264 4042 4319; x_wconf 73' lang='lat' dir='ltr'>excellens</span> 
     </span>
    </p>
   </div>
   <div class='ocr_carea' id='block_1_106' title="bbox 2447 4329 4040 4398">
    <p class='ocr_par' dir='ltr' id='par_1_106' title="bbox 2447 4329 4040 4398">
     <span class='ocr_line' id='line_1_106' title="bbox 2447 4329 4040 4398; baseline 0.003 -17"><span class='ocrx_word' id='word_1_818' title='bbox 2447 4329 2659 4398; x_wconf 72' lang='grc' dir='ltr'>ἀγάπη,</span> <span class='ocrx_word' id='word_1_819' title='bbox 2696 4338 2754 4380; x_wconf 91' lang='grc' dir='ltr'>ιιι</span> <span class='ocrx_word' id='word_1_820' title='bbox 2794 4331 3057 4381; x_wconf 82' lang='lat' dir='ltr'>hactenus</span> <span class='ocrx_word' id='word_1_821' title='bbox 3086 4331 3434 4396; x_wconf 83' lang='lat' dir='ltr'>explanatum</span> <span class='ocrx_word' id='word_1_822' title='bbox 3476 4340 3581 4383; x_wconf 88' lang='lat' dir='ltr'>est.</span> <span class='ocrx_word' id='word_1_823' title='bbox 3632 4330 3776 4398; x_wconf 78' lang='lat' dir='ltr'>Lege</span> <span class='ocrx_word' id='word_1_824' title='bbox 3848 4335 4040 4387; x_wconf 79' lang='lat' dir='ltr'>itidem</span> 
     </span>
    </p>
   </div>
   <div class='ocr_carea' id='block_1_107' title="bbox 2447 4396 4043 4457">
    <p class='ocr_par' dir='ltr' id='par_1_107' title="bbox 2447 4396 4043 4457">
     <span class='ocr_line' id='line_1_107' title="bbox 2447 4396 4043 4457; baseline 0.005 -8"><span class='ocrx_word' id='word_1_825' title='bbox 2447 4396 2646 4450; x_wconf 13' lang='lat' dir='ltr'>Franci.</span> <span class='ocrx_word' id='word_1_826' title='bbox 2687 4400 2937 4450; x_wconf 79' lang='lat' dir='ltr'>Suaritttn</span> <span class='ocrx_word' id='word_1_827' title='bbox 2971 4398 3089 4450; x_wconf 87' lang='lat' dir='ltr'>loco</span> <span class='ocrx_word' id='word_1_828' title='bbox 3110 4404 3301 4456; x_wconf 80' lang='lat' dir='ltr'>citato.</span> <span class='ocrx_word' id='word_1_829' title='bbox 3326 4401 3415 4451; x_wconf 82' lang='lat' dir='ltr'>tibi</span> <span class='ocrx_word' id='word_1_830' title='bbox 3451 4402 3517 4452; x_wconf 89' lang='lat' dir='ltr'>tle</span> <span class='ocrx_word' id='word_1_831' title='bbox 3546 4396 4043 4457; x_wconf 24' lang='lat' dir='ltr'>ll‘lbusit&#39;llztl&#39;llails</span> 
     </span>
    </p>
   </div>
   <div class='ocr_carea' id='block_1_108' title="bbox 2448 4468 4044 4534">
    <p class='ocr_par' dir='ltr' id='par_1_108' title="bbox 2448 4468 4044 4534">
     <span class='ocr_line' id='line_1_108' title="bbox 2448 4468 4044 4534; baseline 0.006 -17"><span class='ocrx_word' id='word_1_832' title='bbox 2448 4469 2742 4533; x_wconf 74' lang='lat' dir='ltr'>gradibus.</span> <span class='ocrx_word' id='word_1_833' title='bbox 2789 4483 3017 4534; x_wconf 84' lang='lat' dir='ltr'>quorum</span> <span class='ocrx_word' id='word_1_834' title='bbox 3053 4470 3225 4533; x_wconf 89' lang='lat' dir='ltr'>primo</span> <span class='ocrx_word' id='word_1_835' title='bbox 3273 4482 3466 4519; x_wconf 86' lang='lat' dir='ltr'>nomen</span> <span class='ocrx_word' id='word_1_836' title='bbox 3502 4468 3689 4533; x_wconf 75' lang='grc' dir='ltr'>φιλίας</span> <span class='ocrx_word' id='word_1_837' title='bbox 3716 4484 4044 4525; x_wconf 83' lang='lat' dir='ltr'>accommo-</span> 
     </span>
    </p>
   </div>
   <div class='ocr_carea' id='block_1_109' title="bbox 2446 4536 3718 4603">
    <p class='ocr_par' dir='ltr' id='par_1_109' title="bbox 2446 4536 3718 4603">
     <span class='ocr_line' id='line_1_109' title="bbox 2446 4536 3718 4603; baseline 0 -14"><span class='ocrx_word' id='word_1_838' title='bbox 2446 4539 2562 4589; x_wconf 88' lang='lat' dir='ltr'>dari</span> <span class='ocrx_word' id='word_1_839' title='bbox 2601 4547 2777 4603; x_wconf 86' lang='lat' dir='ltr'>potest</span> <span class='ocrx_word' id='word_1_840' title='bbox 2824 4552 2889 4588; x_wconf 83' lang='lat' dir='ltr'>ex</span> <span class='ocrx_word' id='word_1_841' title='bbox 2924 4537 3083 4603; x_wconf 89' lang='lat' dir='ltr'>hujus</span> <span class='ocrx_word' id='word_1_842' title='bbox 3132 4536 3313 4589; x_wconf 81' lang='lat' dir='ltr'>Patris</span> <span class='ocrx_word' id='word_1_843' title='bbox 3348 4538 3718 4591; x_wconf 86' lang='lat' dir='ltr'>distinctione.</span> 
     </span>
    </p>
   </div>
   <div class='ocr_carea' id='block_1_110' title="bbox 2520 4626 4040 4695">
    <p class='ocr_par' dir='ltr' id='par_1_110' title="bbox 2520 4626 4040 4695">
     <span class='ocr_line' id='line_1_110' title="bbox 2520 4626 4040 4695; baseline 0.004 -17"><span class='ocrx_word' id='word_1_844' title='bbox 2520 4628 2635 4695; x_wconf 77' lang='lat'>(75)</span> <span class='ocrx_word' id='word_1_845' title='bbox 2684 4626 2802 4679; x_wconf 85' lang='lat' dir='ltr'>Non</span> <span class='ocrx_word' id='word_1_846' title='bbox 2832 4645 3106 4695; x_wconf 89' lang='lat' dir='ltr'>agnorum,</span> <span class='ocrx_word' id='word_1_847' title='bbox 3146 4630 3234 4680; x_wconf 86' lang='lat' dir='ltr'>sed</span> <span class='ocrx_word' id='word_1_848' title='bbox 3263 4629 3457 4680; x_wconf 82' lang='lat' dir='ltr'>arium.</span> <span class='ocrx_word' id='word_1_849' title='bbox 3500 4627 3650 4681; x_wconf 82' lang='lat' dir='ltr'>Hane</span> <span class='ocrx_word' id='word_1_850' title='bbox 3684 4638 3871 4681; x_wconf 83' lang='lat' dir='ltr'>notam</span> <span class='ocrx_word' id='word_1_851' title='bbox 3899 4646 4040 4686; x_wconf 89' lang='lat' dir='ltr'>con-</span> 
     </span>
    </p>
   </div>
   <div class='ocr_carea' id='block_1_111' title="bbox 2450 4697 4039 4765">
    <p class='ocr_par' dir='ltr' id='par_1_111' title="bbox 2450 4697 4039 4765">
     <span class='ocr_line' id='line_1_111' title="bbox 2450 4697 4039 4765; baseline 0.006 -21"><span class='ocrx_word' id='word_1_852' title='bbox 2450 4699 2593 4749; x_wconf 77' lang='lat' dir='ltr'>ﬁciet</span> <span class='ocrx_word' id='word_1_853' title='bbox 2625 4697 2907 4751; x_wconf 64' lang='lat' dir='ltr'>Cornelius</span> <span class='ocrx_word' id='word_1_854' title='bbox 2939 4712 3120 4750; x_wconf 84' lang='lat' dir='ltr'>noster</span> <span class='ocrx_word' id='word_1_855' title='bbox 3152 4702 3239 4765; x_wconf 87' lang='lat' dir='ltr'>qui</span> <span class='ocrx_word' id='word_1_856' title='bbox 3300 4701 3350 4749; x_wconf 94' lang='lat' dir='ltr'>in</span> <span class='ocrx_word' id='word_1_857' title='bbox 3388 4700 3530 4749; x_wconf 90' lang='lat' dir='ltr'>hunc</span> <span class='ocrx_word' id='word_1_858' title='bbox 3571 4698 3747 4750; x_wconf 88' lang='lat' dir='ltr'>locum</span> <span class='ocrx_word' id='word_1_859' title='bbox 3779 4701 3850 4751; x_wconf 86' lang='lat' dir='ltr'>ita</span> <span class='ocrx_word' id='word_1_860' title='bbox 3895 4705 4039 4754; x_wconf 83' lang='lat' dir='ltr'>scri-</span> 
     </span>
    </p>
   </div>
   <div class='ocr_carea' id='block_1_112' title="bbox 2446 4766 4037 4832">
    <p class='ocr_par' dir='ltr' id='par_1_112' title="bbox 2446 4766 4037 4832">
     <span class='ocr_line' id='line_1_112' title="bbox 2446 4766 4037 4832; baseline 0.002 -13"><span class='ocrx_word' id='word_1_861' title='bbox 2446 4770 2525 4821; x_wconf 91' lang='lat' dir='ltr'>bit</span> <span class='ocrx_word' id='word_1_862' title='bbox 2557 4786 2570 4818; x_wconf 88' lang='lat'>:</span> <span class='ocrx_word' id='word_1_863' title='bbox 2618 4786 2634 4816; x_wconf 85' lang='grc' dir='ltr'>ι</span> <span class='ocrx_word' id='word_1_864' title='bbox 2674 4766 2840 4819; x_wconf 84' lang='lat' dir='ltr'>Posce</span> <span class='ocrx_word' id='word_1_865' title='bbox 2868 4782 3029 4832; x_wconf 86' lang='lat' dir='ltr'>agnos</span> <span class='ocrx_word' id='word_1_866' title='bbox 3067 4784 3245 4829; x_wconf 87' lang='lat' dir='ltr'>meos;</span> <span class='ocrx_word' id='word_1_867' title='bbox 3284 4785 3301 4815; x_wconf 77' lang='grc' dir='ltr'>ι</span> <span class='ocrx_word' id='word_1_868' title='bbox 3350 4768 3424 4818; x_wconf 85' lang='lat' dir='ltr'>sic</span> <span class='ocrx_word' id='word_1_869' title='bbox 3454 4768 3603 4818; x_wconf 84' lang='lat' dir='ltr'>ltubet</span> <span class='ocrx_word' id='word_1_870' title='bbox 3634 4768 3795 4818; x_wconf 78' lang='lat' dir='ltr'>etiam</span> <span class='ocrx_word' id='word_1_871' title='bbox 3832 4769 4037 4822; x_wconf 80' lang='lat' dir='ltr'>Arabi-</span> 
     </span>
    </p>
   </div>
   <div class='ocr_carea' id='block_1_113' title="bbox 2446 4835 4033 4902">
    <p class='ocr_par' dir='ltr' id='par_1_113' title="bbox 2446 4835 4033 4902">
     <span class='ocr_line' id='line_1_113' title="bbox 2446 4835 4033 4902; baseline 0.001 -13"><span class='ocrx_word' id='word_1_872' title='bbox 2446 4854 2537 4889; x_wconf 80' lang='lat' dir='ltr'>Ctts</span> <span class='ocrx_word' id='word_1_873' title='bbox 2566 4840 2648 4902; x_wconf 81' lang='lat' dir='ltr'>(ut</span> <span class='ocrx_word' id='word_1_874' title='bbox 2688 4836 2910 4887; x_wconf 84' lang='lat' dir='ltr'>Latinus</span> <span class='ocrx_word' id='word_1_875' title='bbox 2949 4838 3201 4887; x_wconf 89' lang='lat' dir='ltr'>nimirum</span> <span class='ocrx_word' id='word_1_876' title='bbox 3252 4837 3481 4897; x_wconf 80' lang='lat' dir='ltr'>noster).</span> <span class='ocrx_word' id='word_1_877' title='bbox 3546 4835 3740 4887; x_wconf 76' lang='lat' dir='ltr'>Verum</span> <span class='ocrx_word' id='word_1_878' title='bbox 3789 4836 4033 4898; x_wconf 77' lang='lat' dir='ltr'>Cra-cus.</span> 
     </span>
    </p>
   </div>
   <div class='ocr_carea' id='block_1_114' title="bbox 2446 4905 4036 4975">
    <p class='ocr_par' dir='ltr' id='par_1_114' title="bbox 2446 4905 4036 4975">
     <span class='ocr_line' id='line_1_114' title="bbox 2446 4905 4036 4975; baseline 0.001 -18"><span class='ocrx_word' id='word_1_879' title='bbox 2446 4918 2494 4957; x_wconf 88' lang='lat' dir='ltr'>et</span> <span class='ocrx_word' id='word_1_880' title='bbox 2529 4905 2697 4973; x_wconf 78' lang='lat' dir='ltr'>Syrus</span> <span class='ocrx_word' id='word_1_881' title='bbox 2736 4905 2903 4956; x_wconf 71' lang='lat' dir='ltr'>codex</span> <span class='ocrx_word' id='word_1_882' title='bbox 2950 4922 3042 4969; x_wconf 86' lang='lat' dir='ltr'>pro</span> <span class='ocrx_word' id='word_1_883' title='bbox 3074 4922 3259 4971; x_wconf 85' lang='lat' dir='ltr'>agnos,</span> <span class='ocrx_word' id='word_1_884' title='bbox 3308 4907 3497 4957; x_wconf 81' lang='lat' dir='ltr'>habent</span> <span class='ocrx_word' id='word_1_885' title='bbox 3541 4908 3820 4975; x_wconf 74' lang='grc' dir='ltr'>πρόϐατα,</span> <span class='ocrx_word' id='word_1_886' title='bbox 3861 4910 3917 4959; x_wconf 85' lang='lat' dir='ltr'>td</span> <span class='ocrx_word' id='word_1_887' title='bbox 3964 4922 4036 4961; x_wconf 79' lang='lat' dir='ltr'>est</span> 
     </span>
    </p>
   </div>
   <div class='ocr_carea' id='block_1_115' title="bbox 2446 4974 4033 5029">
    <p class='ocr_par' dir='ltr' id='par_1_115' title="bbox 2446 4974 4033 5029">
     <span class='ocr_line' id='line_1_115' title="bbox 2446 4974 4033 5029; baseline 0.001 -2"><span class='ocrx_word' id='word_1_888' title='bbox 2446 4992 2581 5027; x_wconf 71' lang='lat' dir='ltr'>ores.</span> <span class='ocrx_word' id='word_1_889' title='bbox 2622 4975 2724 5028; x_wconf 84' lang='lat' dir='ltr'>Sed</span> <span class='ocrx_word' id='word_1_890' title='bbox 2752 4974 2906 5026; x_wconf 72' lang='lat' dir='ltr'>valde</span> <span class='ocrx_word' id='word_1_891' title='bbox 2936 4976 3218 5027; x_wconf 77' lang='lat' dir='ltr'>verisimile</span> <span class='ocrx_word' id='word_1_892' title='bbox 3271 4989 3343 5027; x_wconf 88' lang='lat' dir='ltr'>est</span> <span class='ocrx_word' id='word_1_893' title='bbox 3383 4974 3619 5027; x_wconf 82' lang='lat' dir='ltr'>nostrum</span> <span class='ocrx_word' id='word_1_894' title='bbox 3649 4992 3765 5025; x_wconf 83' lang='lat' dir='ltr'>cum</span> <span class='ocrx_word' id='word_1_895' title='bbox 3799 4978 4033 5029; x_wconf 81' lang='lat' dir='ltr'>Arabico</span> 
     </span>
    </p>
   </div>
   <div class='ocr_carea' id='block_1_116' title="bbox 2446 5044 4034 5114">
    <p class='ocr_par' dir='ltr' id='par_1_116' title="bbox 2446 5044 4034 5114">
     <span class='ocr_line' id='line_1_116' title="bbox 2446 5044 4034 5114; baseline 0.001 -19"><span class='ocrx_word' id='word_1_896' title='bbox 2446 5048 2634 5109; x_wconf 74' lang='lat' dir='ltr'>legisse</span> <span class='ocrx_word' id='word_1_897' title='bbox 2664 5044 2939 5114; x_wconf 71' lang='grc' dir='ltr'>προϐάτια</span> <span class='ocrx_word' id='word_1_898' title='bbox 2967 5046 3165 5096; x_wconf 86' lang='lat' dir='ltr'>inserto</span> <span class='ocrx_word' id='word_1_899' title='bbox 3190 5048 3321 5105; x_wconf 84' lang='lat' dir='ltr'>iota,</span> <span class='ocrx_word' id='word_1_900' title='bbox 3358 5045 3412 5094; x_wconf 87' lang='lat' dir='ltr'>id</span> <span class='ocrx_word' id='word_1_901' title='bbox 3444 5057 3519 5097; x_wconf 81' lang='lat' dir='ltr'>est</span> <span class='ocrx_word' id='word_1_902' title='bbox 3560 5047 3819 5108; x_wconf 77' lang='lat' dir='ltr'>oviculas,</span> <span class='ocrx_word' id='word_1_903' title='bbox 3850 5052 4034 5113; x_wconf 71' lang='lat' dir='ltr'>quam</span> 
     </span>
    </p>
   </div>
   <div class='ocr_carea' id='block_1_117' title="bbox 2445 5114 4031 5183">
    <p class='ocr_par' dir='ltr' id='par_1_117' title="bbox 2445 5114 4031 5183">
     <span class='ocr_line' id='line_1_117' title="bbox 2445 5114 4031 5183; baseline 0 -16"><span class='ocrx_word' id='word_1_904' title='bbox 2445 5128 2574 5167; x_wconf 74' lang='lat' dir='ltr'>sunt</span> <span class='ocrx_word' id='word_1_905' title='bbox 2614 5119 2740 5183; x_wconf 82' lang='lat' dir='ltr'>agni</span> <span class='ocrx_word' id='word_1_906' title='bbox 2775 5130 2793 5166; x_wconf 90' lang='lat'>.&#39;</span> <span class='ocrx_word' id='word_1_907' title='bbox 2826 5114 3011 5165; x_wconf 91' lang='lat' dir='ltr'>Itorum</span> <span class='ocrx_word' id='word_1_908' title='bbox 3043 5117 3177 5167; x_wconf 84' lang='lat' dir='ltr'>enim</span> <span class='ocrx_word' id='word_1_909' title='bbox 3209 5117 3472 5182; x_wconf 78' lang='lat' dir='ltr'>pra-cipue</span> <span class='ocrx_word' id='word_1_910' title='bbox 3503 5115 3752 5166; x_wconf 83' lang='lat' dir='ltr'>habenda</span> <span class='ocrx_word' id='word_1_911' title='bbox 3791 5128 3869 5166; x_wconf 87' lang='lat' dir='ltr'>est</span> <span class='ocrx_word' id='word_1_912' title='bbox 3904 5134 4031 5167; x_wconf 84' lang='lat' dir='ltr'>cura</span> 
     </span>
    </p>
   </div>
   <div class='ocr_carea' id='block_1_118' title="bbox 2445 5183 4027 5251">
    <p class='ocr_par' dir='ltr' id='par_1_118' title="bbox 2445 5183 4027 5251">
     <span class='ocr_line' id='line_1_118' title="bbox 2445 5183 4027 5251; baseline -0.001 -15"><span class='ocrx_word' id='word_1_913' title='bbox 2445 5202 2475 5236; x_wconf 84' lang='grc' dir='ltr'>α</span> <span class='ocrx_word' id='word_1_914' title='bbox 2516 5185 2834 5251; x_wconf 81' lang='lat' dir='ltr'>pastoribus.</span> <span class='ocrx_word' id='word_1_915' title='bbox 2896 5184 3018 5236; x_wconf 74' lang='lat' dir='ltr'>Iltec</span> <span class='ocrx_word' id='word_1_916' title='bbox 3070 5183 3288 5236; x_wconf 86' lang='lat' dir='ltr'>Cornel.</span> <span class='ocrx_word' id='word_1_917' title='bbox 3340 5186 3492 5251; x_wconf 85' lang='lat' dir='ltr'>cujus</span> <span class='ocrx_word' id='word_1_918' title='bbox 3548 5186 3924 5245; x_wconf 75' lang='lat' dir='ltr'>conjeCturattt</span> <span class='ocrx_word' id='word_1_919' title='bbox 3966 5193 4027 5235; x_wconf 75' lang='lat' dir='ltr'>de</span> 
     </span>
    </p>
   </div>
   <div class='ocr_carea' id='block_1_119' title="bbox 2448 5254 4030 5320">
    <p class='ocr_par' dir='ltr' id='par_1_119' title="bbox 2448 5254 4030 5320">
     <span class='ocr_line' id='line_1_119' title="bbox 2448 5254 4030 5320; baseline 0 -15"><span class='ocrx_word' id='word_1_920' title='bbox 2448 5255 2654 5307; x_wconf 85' lang='lat' dir='ltr'>inserto</span> <span class='ocrx_word' id='word_1_921' title='bbox 2706 5255 2811 5305; x_wconf 89' lang='lat' dir='ltr'>iota</span> <span class='ocrx_word' id='word_1_922' title='bbox 2856 5254 3007 5306; x_wconf 82' lang='lat' dir='ltr'>vides</span> <span class='ocrx_word' id='word_1_923' title='bbox 3036 5256 3347 5306; x_wconf 84' lang='lat' dir='ltr'>confirmari</span> <span class='ocrx_word' id='word_1_924' title='bbox 3379 5260 3447 5305; x_wconf 86' lang='lat' dir='ltr'>ab</span> <span class='ocrx_word' id='word_1_925' title='bbox 3474 5256 3573 5307; x_wconf 89' lang='lat' dir='ltr'>hoc</span> <span class='ocrx_word' id='word_1_926' title='bbox 3600 5254 3821 5316; x_wconf 75' lang='lat' dir='ltr'>Nosrro,</span> <span class='ocrx_word' id='word_1_927' title='bbox 3852 5258 3942 5320; x_wconf 84' lang='lat' dir='ltr'>qui</span> <span class='ocrx_word' id='word_1_928' title='bbox 3984 5260 4030 5305; x_wconf 77' lang='lat' dir='ltr'>ul</span> 
     </span>
    </p>
   </div>
   <div class='ocr_carea' id='block_1_120' title="bbox 2446 5324 4029 5392">
    <p class='ocr_par' dir='ltr' id='par_1_120' title="bbox 2446 5324 4029 5392">
     <span class='ocr_line' id='line_1_120' title="bbox 2446 5324 4029 5392; baseline 0.001 -17"><span class='ocrx_word' id='word_1_929' title='bbox 2446 5324 2497 5375; x_wconf 91' lang='lat' dir='ltr'>in</span> <span class='ocrx_word' id='word_1_930' title='bbox 2537 5324 2857 5392; x_wconf 71' lang='lat' dir='ltr'>quibusdam</span> <span class='ocrx_word' id='word_1_931' title='bbox 2893 5324 3297 5390; x_wconf 80' lang='lat' dir='ltr'>exemplaribus</span> <span class='ocrx_word' id='word_1_932' title='bbox 3339 5325 3599 5390; x_wconf 90' lang='lat' dir='ltr'>scriptum</span> <span class='ocrx_word' id='word_1_933' title='bbox 3655 5327 3889 5389; x_wconf 82' lang='lat' dir='ltr'>reperiri</span> <span class='ocrx_word' id='word_1_934' title='bbox 3938 5342 4029 5378; x_wconf 75' lang='lat' dir='ltr'>es-</span> 
     </span>
    </p>
   </div>
   <div class='ocr_carea' id='block_1_121' title="bbox 2446 5400 2909 5461">
    <p class='ocr_par' dir='ltr' id='par_1_121' title="bbox 2446 5400 2909 5461">
     <span class='ocr_line' id='line_1_121' title="bbox 2446 5400 2909 5461; baseline 0.002 -18"><span class='ocrx_word' id='word_1_935' title='bbox 2446 5408 2633 5461; x_wconf 83' lang='lat' dir='ltr'>pressc</span> <span class='ocrx_word' id='word_1_936' title='bbox 2658 5400 2909 5445; x_wconf 86' lang='lat' dir='ltr'>testatur.</span> 
     </span>
    </p>
   </div>
   <div class='ocr_carea' id='block_1_122' title="bbox 2522 5474 4028 5543">
    <p class='ocr_par' dir='ltr' id='par_1_122' title="bbox 2522 5474 4028 5543">
     <span class='ocr_line' id='line_1_122' title="bbox 2522 5474 4028 5543; baseline 0.003 -19"><span class='ocrx_word' id='word_1_937' title='bbox 2522 5475 2636 5543; x_wconf 62' lang='lat'>(74)</span> <span class='ocrx_word' id='word_1_938' title='bbox 2685 5474 2788 5538; x_wconf 86' lang='lat' dir='ltr'>Qui</span> <span class='ocrx_word' id='word_1_939' title='bbox 2847 5475 2900 5525; x_wconf 86' lang='lat' dir='ltr'>in</span> <span class='ocrx_word' id='word_1_940' title='bbox 2936 5474 3042 5540; x_wconf 80' lang='lat' dir='ltr'>ﬁde</span> <span class='ocrx_word' id='word_1_941' title='bbox 3097 5484 3221 5527; x_wconf 88' lang='lat' dir='ltr'>sunt</span> <span class='ocrx_word' id='word_1_942' title='bbox 3252 5475 3568 5543; x_wconf 78' lang='lat' dir='ltr'>imperfecti.</span> <span class='ocrx_word' id='word_1_943' title='bbox 3612 5474 3728 5528; x_wconf 83' lang='lat' dir='ltr'>llue</span> <span class='ocrx_word' id='word_1_944' title='bbox 3771 5476 3904 5529; x_wconf 77' lang='lat' dir='ltr'>facit</span> <span class='ocrx_word' id='word_1_945' title='bbox 3940 5480 4028 5531; x_wconf 83' lang='lat' dir='ltr'>do-</span> 
     </span>
    </p>
   </div>
   <div class='ocr_carea' id='block_1_123' title="bbox 2452 5546 4026 5617">
    <p class='ocr_par' dir='ltr' id='par_1_123' title="bbox 2452 5546 4026 5617">
     <span class='ocr_line' id='line_1_123' title="bbox 2452 5546 4026 5617; baseline -0.001 -17"><span class='ocrx_word' id='word_1_946' title='bbox 2452 5548 2626 5600; x_wconf 83' lang='lat' dir='ltr'>ctrina</span> <span class='ocrx_word' id='word_1_947' title='bbox 2662 5546 2837 5617; x_wconf 79' lang='lat' dir='ltr'>Clem.</span> <span class='ocrx_word' id='word_1_948' title='bbox 2872 5547 3099 5599; x_wconf 75' lang='lat' dir='ltr'>Alexan.</span> <span class='ocrx_word' id='word_1_949' title='bbox 3133 5547 3205 5617; x_wconf 79' lang='lat' dir='ltr'>de</span> <span class='ocrx_word' id='word_1_950' title='bbox 3236 5548 3448 5617; x_wconf 84' lang='lat' dir='ltr'>duplici</span> <span class='ocrx_word' id='word_1_951' title='bbox 3489 5556 3633 5599; x_wconf 86' lang='lat' dir='ltr'>statu</span> <span class='ocrx_word' id='word_1_952' title='bbox 3672 5546 3823 5610; x_wconf 80' lang='lat' dir='ltr'>ﬁdei,</span> <span class='ocrx_word' id='word_1_953' title='bbox 3863 5564 4026 5617; x_wconf 81' lang='lat' dir='ltr'>quam</span> 
     </span>
    </p>
   </div>
   <div class='ocr_carea' id='block_1_124' title="bbox 2446 5615 3572 5682">
    <p class='ocr_par' dir='ltr' id='par_1_124' title="bbox 2446 5615 3572 5682">
     <span class='ocr_line' id='line_1_124' title="bbox 2446 5615 3572 5682; baseline -0.002 -12"><span class='ocrx_word' id='word_1_954' title='bbox 2446 5618 2609 5670; x_wconf 86' lang='lat' dir='ltr'>retuli</span> <span class='ocrx_word' id='word_1_955' title='bbox 2652 5616 2813 5682; x_wconf 83' lang='lat' dir='ltr'>paulo</span> <span class='ocrx_word' id='word_1_956' title='bbox 2845 5628 3005 5680; x_wconf 85' lang='lat' dir='ltr'>supra</span> <span class='ocrx_word' id='word_1_957' title='bbox 3038 5623 3163 5666; x_wconf 87' lang='lat' dir='ltr'>nota</span> <span class='ocrx_word' id='word_1_958' title='bbox 3190 5615 3281 5677; x_wconf 65' lang='grc' dir='ltr'>γε,</span> <span class='ocrx_word' id='word_1_959' title='bbox 3308 5629 3572 5670; x_wconf 77' lang='lat' dir='ltr'>extrema.</span> 
     </span>
    </p>
   </div>
   <div class='ocr_carea' id='block_1_125' title="bbox 2516 5696 4017 5771">
    <p class='ocr_par' dir='ltr' id='par_1_125' title="bbox 2516 5696 4017 5771">
     <span class='ocr_line' id='line_1_125' title="bbox 2516 5696 4017 5771; baseline 0.001 -20"><span class='ocrx_word' id='word_1_960' title='bbox 2516 5699 2629 5767; x_wconf 70' lang='lat'>(75)</span> <span class='ocrx_word' id='word_1_961' title='bbox 2673 5697 3035 5771; x_wconf 65' lang='lat' dir='ltr'>Magnusille</span> <span class='ocrx_word' id='word_1_962' title='bbox 3081 5696 3307 5750; x_wconf 80' lang='lat' dir='ltr'>Paulus.</span> <span class='ocrx_word' id='word_1_963' title='bbox 3346 5698 3573 5771; x_wconf 72' lang='lat' dir='ltr'>§itnilia</span> <span class='ocrx_word' id='word_1_964' title='bbox 3624 5701 3785 5754; x_wconf 86' lang='lat' dir='ltr'>habet</span> <span class='ocrx_word' id='word_1_965' title='bbox 3852 5717 4017 5771; x_wconf 80' lang='lat' dir='ltr'>supra</span> 
     </span>
    </p>
   </div>
   <div class='ocr_carea' id='block_1_126' title="bbox 2446 5768 3415 5851">
    <p class='ocr_par' dir='ltr' id='par_1_126' title="bbox 2446 5768 3415 5834">
     <span class='ocr_line' id='line_1_126' title="bbox 2446 5768 3415 5834; baseline -0.001 -10"><span class='ocrx_word' id='word_1_966' title='bbox 2446 5772 2590 5824; x_wconf 85' lang='lat' dir='ltr'>bunt.</span> <span class='ocrx_word' id='word_1_967' title='bbox 2624 5784 2809 5834; x_wconf 71' lang='lat' dir='ltr'>xxxvi,</span> <span class='ocrx_word' id='word_1_968' title='bbox 2840 5768 2929 5821; x_wconf 88' lang='lat' dir='ltr'>ubi</span> <span class='ocrx_word' id='word_1_969' title='bbox 2951 5768 3073 5823; x_wconf 75' lang='lat' dir='ltr'>vide</span> <span class='ocrx_word' id='word_1_970' title='bbox 3110 5782 3290 5823; x_wconf 81' lang='lat' dir='ltr'>uolant</span> <span class='ocrx_word' id='word_1_971' title='bbox 3326 5770 3415 5823; x_wconf 73' lang='lat'>(37.</span> 
     </span>
    </p>
   </div>
  </div>
