4184 6440
680 360 781 420 763

1864 368 2274 427 THEOPHAN
2287 368 2356 426 IS
2392 371 2586 430 CEIU
2598 373 2733 431 ΜΕΙ

3830 372 3945 437 ’164

676 472 845 525 verbo
882 487 980 526 nos
1038 476 1377 529 continenter
1426 479 1491 531 ad
1538 495 1595 533 se
1650 484 1898 534 trahente
1959 483 2262 548 elevantur,

2376 488 2527 538 πᾶσα
2556 489 2689 558 τιμὴ
2721 490 2817 543 καὶ
2845 490 2970 559 δόξα
3015 492 3110 546 νῦν
3159 492 3251 545 καὶ
3285 492 3394 558 ἀεὶ,
3431 490 3526 545 καὶ
3558 492 3637 554 εἰς
3668 489 3795 552 τοὺς
3826 491 3959 543 αἱῶ-

673 575 727 617 et
762 579 891 637 cum
926 566 1052 633 Deo,
1094 570 1250 622 modo
1284 569 1541 624 ineﬂabili
1594 571 2020 642 conjuuguutur,
2055 578 2141 628 cui
2170 576 2265 629 de-

679 656 837 709 betur
871 662 1047 711 omnis
1079 662 1272 721 honor.
1332 671 1386 715 et
1413 662 1580 730 gloria
1644 680 1809 729 nunc,
1850 674 1902 719 et
1929 681 2163 735 semper,
2214 676 2268 720 et

677 746 731 798 in
769 750 962 801 swcula
1006 752 1352 815 δίιιριιΙιιτιιιιι,
1396 754 1586 806 Amen.

1169 862 1329 931 232
1374 862 1654 918 llOMlLlA
1692 863 1801 919 XL.

994 977 1057 1030 In
1098 981 1377 1030 adventum
1422 984 1587 1033 sancti
1624 980 1874 1048 Spiritus.

752 1086 1169 1143 Sanctissimum
1228 1093 1468 1145 Dominm
1506 1096 1617 1161 (57)
1652 1113 2037 1164 usquequaque
2075 1100 2259 1153 imma-

673 1179 863 1231 colatae
918 1180 1177 1246 templum
1267 1183 1522 1234 hodierna
1590 1184 1707 1237 luce
1779 1188 2019 1241 conferta
2088 1191 2268 1258 populi

676 1271 1025 1324 multitudine
1081 1283 1399 1340 oceupatum
1464 1275 1652 1330 videns
1701 1279 1931 1344 gaudeo,
1982 1290 2034 1331 et
2089 1280 2264 1346 lLL‘IOI',

675 1372 728 1415 et
761 1363 941 1415 lmlitia
996 1365 1227 1426 exsulto,
1264 1381 1382 1417 cum
1413 1367 1521 1431 jam
1551 1371 1723 1421 sancti
1759 1370 1897 1422 illius
1942 1371 2128 1438 psallat:
2163 1372 2270 1425 Da-

674 1453 815 1505 vidis
862 1471 963 1507 vox
1006 1458 1330 1523 impleatur:
1375 1477 1391 1508 ι
1420 1458 1747 1512 Constitui'e
1789 1463 1930 1514 diem
1973 1463 2268 1517 solemnem

671 1546 729 1599 in
764 1549 1075 1604 condensis.
1143 1565 1315 1620 usque
1373 1554 1439 1603 ad
1503 1566 1672 1604 cornu
1743 1554 1929 1608 altaris
1974 1556 2039 1609 ".
2085 1575 2102 1606 ι
2160 1556 2268 1611 Sed

668 1653 911 1705 prmsens
964 1642 1065 1694 hoc
1101 1641 1297 1695 festum
1374 1642 1756 1710 splendoribus
1811 1648 1986 1700 sancti
2033 1647 2269 1717 Spiritus

671 1732 996 1785 illustratum
1047 1736 1210 1787 multa
1263 1734 1577 1788 admiranda
1605 1738 1984 1805 (‘Ompl-‘Clillll'
2018 1756 2030 1792 :
2071 1741 2269 1809 quippe

2374 597 2492 643 νας.
2538 580 2735 653 Ἀμήν.

2977 869 3220 923 ΟΜΙΛΙΑ
3259 868 3351 924 Μ’.

2441 980 2544 1042 Εὶς
2590 980 2703 1043 τὴν
2744 979 3136 1049 ἐπιφοίτησιν
3178 984 3286 1037 τοῦ
3313 986 3486 1052 ἁγίου
3516 984 3887 1054 Πνεύματος.

2457 1092 2632 1161 Ὁρῶν
2699 1093 2941 1165 σήμερον
2999 1096 3090 1147 τὸν
3143 1096 3445 1163 ἁγιώτατον
3519 1099 3616 1165 τῆς
3671 1098 3956 1163 navi-{ven

2372 1186 2679 1252 Δεσποίνης
2735 1186 2863 1239 ναὸν
2912 1190 2975 1257 τῇ
3028 1187 3123 1240 τοῦ
3158 1188 3293 1241 λαοῦ
3341 1189 3549 1257 πληθύῖ
3584 1191 3965 1259 στενοχωρού-

2375 1290 2558 1341 μενον.
2602 1276 2977 1344 εὖφραίνομαι
3029 1279 3125 1329 καὶ
3185 1279 3385 1347 χαίρω,
3425 1279 3523 1332 καὶ
3571 1280 3806 1346 γέγηθα,
3864 1281 3966 1346 τῆς

2373 1363 2560 1431 φωνῆς
2608 1364 2999 1436 πληρουμένης
3048 1365 3143 1419 τοῦ
3196 1367 3522 1436 ἱεροψάλτου
3559 1369 3723 1420 Δαὸίδ
3750 1384 3763 1395 ·
3801 1387 3818 1418 ι
3863 1370 3966 1419 Συ-

2373 1455 2645 1521 στήσασθε
2673 1455 2867 1527 ἑορτὴν
2894 1458 2951 1509 ὲν
2978 1459 3091 1519 τοῖς
3120 1459 3485 1523 πυκάζουσιν,
3512 1460 3615 1522 ἕως
3644 1460 3755 1512 τῶν
3790 1460 3963 1527 κερά-

2372 1564 2480 1599 των
2534 1548 2628 1600 τοῦ
2695 1546 3115 1619 θυσιαστηρίου.
3177 1570 3195 1601 ι
3269 1552 3413 1603 Ἀλλ’
3462 1556 3493 1622 ἡ
3552 1553 3651 1620 μὲν
3706 1550 3965 1620 παροῦσα

2373 1638 2534 1709 ἑορτὴ
2588 1641 2712 1701 ταῖς
2766 1639 2858 1692 τοῦ
2898 1641 3219 1711 Πνεύματος
3265 1645 3616 1713 αὐγαξομένη
3662 1662 3966 1713 μαρμαρυ-

2374 1734 2498 1798 γαῖς
2528 1732 2700 1783 πολλὰ
2726 1733 2975 1801 περιέχει
3007 1735 3292 1804 παράδοξα
3322 1755 3333 1767 ·
3356 1738 3463 1788 τῶν
3486 1738 3597 1805 γὰρ
3623 1735 3962 1798 ἐνεστώτων,

669 1836 791 1874 cum
871 1834 923 1876 et
984 1827 1350 1892 praesentium,
1407 1840 1457 1880 et
1510 1830 1898 1893 pra-teritarum
1971 1844 2149 1884 rerum
2215 1843 2262 1886 et

2376 1824 2471 1875 καὶ
2510 1824 2620 1875 τῶν
2657 1825 3099 1893 παρῳχηκότων,
3131 1830 3223 1879 καὶ
3262 1829 3375 1879 τῶν
3410 1830 3718 1897 μελλόντων
3750 1828 3967 1893 εἰσάγει

668 1914 976 1965 futurarum
1039 1919 1290 1982 mysteria
1346 1920 1398 1970 in
1443 1935 1604 1970 unum
1647 1929 1951 1988 congregct.
1994 1920 2092 1974 Ubi
2122 1924 2263 1975 enim

667 2008 921 2063 διιΙνιιιοι·
993 2011 1172 2065 Patris
1262 2015 1541 2068 voluntate
1618 2016 1877 2083 perlecta,
1920 2026 1973 2071 (ι
2035 2028 2260 2071 mortem

668 2115 885 2169 passus,
945 2112 999 2156 ct
1076 2105 1357 2159 resvitutns
1411 2123 1441 2160 e
1501 2118 1672 2160 morte
1728 2108 1778 2159 in
1832 2123 2027 2161 cuum
2085 2110 2261 2173 rediit,

668 2204 1028 2262 naturamque
1065 2205 1301 2250 nostram
1334 2199 1388 2251 in
1435 2200 1648 2254 l‘aterni
1679 2200 1796 2254 solii
1852 2202 2072 2254 dextera
2099 2203 2272 2255 collo-

666 2289 831 2349 cavit,
886 2289 1049 2342 veluti
1089 2291 1317 2344 alterum
1354 2294 1529 2364 magni
1568 2293 1784 2347 consilii
1819 2294 2067 2363 angelum
2100 2292 2269 2347 Para—

666 2380 865 2432 cletom
906 2382 1075 2445 misit,
1110 2384 1202 2452 qui
1246 2383 1499 2452 gloriam,
1552 2388 1616 2439 ad
1683 2401 1844 2453 quam
1895 2390 2266 2453 pervenimus,

666 2470 934 2525 indicaret
966 2487 980 2525 :
1008 2488 1129 2526 cum
1162 2490 1289 2526 vero
1321 2476 1571 2542 spiritum
1603 2478 2000 2535 vehementem,
2022 2477 2268 2547 etiguem

670 2574 726 2615 ct
755 2578 972 2626 sonum,
1029 2574 1083 2617 et
1134 2564 1444 2632 dispertitos
1476 2566 1688 2635 linguas
1715 2567 1801 2619 hic
1835 2566 2269 2630 contineatdies,

668 2656 1010 2722 :i-uigmatica
1068 2656 1245 2723 signat
1301 2659 1582 2725 mysteria.
1616 2658 1769 2724 Quod
1817 2669 1995 2709 autem
2031 2674 2137 2709 non
2164 2658 2270 2711 alio

668 2759 933 2815 tempore,
965 2766 1125 2817 quam
1181 2753 1232 2804 in
1281 2750 1596 2805 Pentecoste
1630 2753 1742 2804 hazc
1777 2749 1914 2803 facta
1944 2761 2094 2815 sunt,
2122 2764 2268 2817 qua:-

666 2842 790 2893 dam
829 2842 992 2896 lotiu-i
1032 2846 1293 2913 temporis
1346 2854 1427 2897 est
1488 2846 1684 2912 imago,
1741 2860 1860 2898 cum
1921 2846 2022 2897 hoc
2074 2856 2269 2897 exacto

668 2945 912 3003 tempore
945 2937 1079 3007 (58).
1105 2939 1249 3008 quod
1276 2954 1369 3008 per
1394 2936 1766 2993 hebdomadas
1797 2936 2267 3003 circumvolvitur,

739 3083 785 3113 "
814 3078 956 3134 Psal.
1008 3097 1142 3145 cvit,
1180 3082 1229 3137 1.

2378 1915 2679 1983 μυστήρια.
2711 1910 2805 1975 Οἷς
2846 1917 2952 1984 γὰρ
2985 1918 3011 1968 ὁ
3044 1918 3234 1988 Σωτὴρ
3271 1920 3329 1971 τὸ
3355 1920 3630 1988 [ἰατρικὸν
3661 1921 3966 1989 πληρώσας

2376 2006 2651 2076 βούλημα,
2697 2009 2793 2061 καὶ
2836 2008 3065 2072 παθὼν,
3110 2015 3203 2062 καὶ
3250 2013 3496 2074 ἀναστὰς
3557 2015 3637 2075 εἰς
3692 2014 3967 2083 οὐρανοὺς

2373 2101 2722 2167 ἀνεφοέτησε,
2748 2102 2846 2169 τὴν
2872 2102 3149 2172 ἡμετέραν
3173 2104 3336 2171 φύσιν
3360 2106 3417 2156 ὲν
3443 2105 3593 2175 δεξιᾷ
3621 2106 3730 2158 τῶν
3760 2123 3969 2175 πατρι-

2371 2194 2483 2246 κῶν
2520 2195 2801 2265 ἐνιδρύσας
2834 2192 3066 2264 θρόνων,
3111 2197 3366 2269 καθάπερ
3401 2199 3636 2266 ἄγγελον
3668 2199 3828 2252 ἄλλον
3866 2218 3966 2266 με-

2370 2287 2543 2356 γάλης
2581 2289 2778 2359 βουλῆς
2831 2289 2922 2342 τὸν
2970 2289 3330 2361 Παράκλητον
3383 2292 3642 2361 πέπομφε
3682 2290 3965 2361 μηνύοντα

2370 2378 2468 2449 τὴν
2503 2380 2662 2445 δόξαν
2712 2382 2793 2444 εις
2848 2382 2917 2453 ἢν
2976 2380 3429 2453 ὲπεφθάκειμεν·
3481 2379 3564 2447 οἷς
3609 2384 3665 2437 δὲ
3717 2384 3967 2454 περιέχει

2373 2472 2556 2541 βιαίαν
2619 2474 2812 2542 πνοὴν,
2872 2476 2968 2529 καὶ
3019 2475 3151 2545 πῦρ,
3211 2476 3305 2529 καὶ
3351 2472 3507 2545 ἦχον,
3558 2478 3652 2528 καὶ
3698 2475 3965 2544 γλωσσῶν

2378 2568 2669 2637 μερισμὸν.
2707 2569 3089 2638 αἰνιγματώδη
3126 2570 3384 2639 σημαίνει
3419 2572 3721 2639 μυστήρια.
3774 2565 3869 2631 Οἷς
3907 2571 3963 2621 δὲ

2367 2658 2468 2709 οὐκ
2499 2658 2557 2709 ἐν
2594 2656 2742 2728 ἄλλῳ
2795 2659 2997 2728 καιρῷ,
3029 2660 3168 2712 ἀλλὰ.
3225 2660 3370 2713 κατᾶ
3424 2661 3523 2729 τὴν
3573 2660 3967 2727 Πεντηκοστὴν

2371 2750 2543 2803 ταῦτα
2575 2751 2792 2818 γίνεται
2820 2751 2919 2817 τῆς
2966 2752 3271 2821 μελλούσης
3301 2752 3517 2821 ἡμέρας
3550 2754 3700 2804 ἐστὶν
3727 2752 3947 2805 attend

2367 2862 2560 2912 νισμα,
2585 2842 2710 2897 καθ’
2731 2844 2798 2913 ἢν
2824 2844 2916 2896 τὸν
2945 2844 3309 2913 ἑϐδοματικὸν
3340 2846 3534 2915 χρόνον
3566 2844 3964 2913 πληρώσαντες

2367 2939 2449 3001 εἰς
2519 2936 2619 3009 τὴν
2671 2934 2890 2990 τελείαν
2945 2935 3331 3009 Πεντηκοστὴν
3394 2936 3836 3007 καταντήσομεν,
3892 2931 3964 3007 ἧς

1923 3178 2246 3239 FranciSci
2273 3178 2485 3241 Scorsi
2511 3185 2697 3241 notae.

742 3306 855 3375 (Ἣ)
894 3303 1295 3359 ,ςιιηί-ιὶεεὶυιιηιι
1349 3305 1606 3361 Dominae.
1654 3306 1708 3361 Si
1745 3307 1868 3377 quis
1899 3308 2257 3376 conjecturis.
2292 3314 2331 3370 C
2368 3310 2809 3377 contemplatus,
2856 3324 3126 3378 quamque
3176 3324 3387 3363 summa
3436 3308 3726 3378 religione
3753 3303 3963 3358 habent

667 3395 787 3428 eum
849 3386 1029 3428 vetera
1086 3386 1137 3429 ct
1191 3393 1216 3427 τι
1278 3389 1459 3429 nostra
1513 3381 1772 3431 memoria
1837 3380 1992 3446 longo
2052 3388 2257 3432 remota

669 3450 1037 3506 illustrantur,
1067 3449 1274 3499 dandus
1304 3458 1383 3501 est
1418 3449 1588 3511 locus,
1621 3450 1985 3503 sanctissimae
2016 3449 2257 3510 Virginis

666 3519 852 3571 Mariae
882 3520 1164 3579 templum,
1200 3519 1250 3570 in
1285 3534 1392 3585 quo
1423 3534 1731 3572 sermonem
1781 3522 1944 3583 hunc,
2000 3535 2258 3587 perquam

667 3591 895 3643 solemni
960 3587 1309 3643 Penteco~les
1358 3591 1441 3640 die
1487 3591 1550 3641 ad
1605 3590 2107 3655 frequentissimum
2164 3606 2258 3657 pu-

666 3662 851 3730 pulum
910 3659 1110 3713 habere
1164 3674 1223 3712 se
1278 3661 1363 3711 hic
1416 3659 1908 3713 Taurmnenitanus
1965 3664 2257 3730 episcopus

667 3732 822 3792 dicit,
866 3739 1083 3783 exstare
1121 3732 1285 3783 etiam
1339 3730 1499 3784 hodie
1549 3732 1855 3785 existimo:
1907 3740 2070 3788 atoue
2130 3732 2257 3784 illud

668 3803 841 3859 ipsum
896 3816 1059 3863 esse,
1121 3802 1263 3864 quod
1322 3813 1562 3855 veterem
1619 3801 1895 3856 Matricem
1956 3802 2259 3857 Eri-lesiam

668 3870 1117 3924 Tauromenitani
1172 3882 1389 3932 vocant,
1433 3888 1555 3926 eum
1593 3872 1703 3938 jam
1747 3888 1943 3927 novam
1996 3873 2156 3927 aliam
2206 3875 2257 3926 in

668 3944 850 4005 oppidi
890 3942 1189 3994 meditullio
1220 3944 1632 3997 cxzedilicarint.
1674 3943 1778 3996 Sed
1821 3946 1962 3997 enim
2009 3954 2263 4010 pervetus

670 4012 802 4065 illid
859 4014 992 4065 satis
1049 4022 1132 4066 est
1190 4014 1552 4065 multitudinis
1611 4028 1805 4081 capax,
1864 4025 1917 4068 et
1957 4018 2262 4081 Assumpta:

674 4082 881 4147 Virgini
915 4097 1152 4143 sat-rum,
1178 4098 1347 4149 eaque
1397 4084 1763 4153 indigitatum,
1802 4094 1856 4138 et
1894 4100 2046 4139 extra
2078 4095 2263 4149 portas

668 4155 876 4221 oppidi,
931 4164 990 4205 ut
1044 4169 1187 4206 nunc
1240 4169 1327 4207 res
1380 4165 1525 4217 sunt,
1578 4156 1763 4209 situm.
1812 4154 1885 4208 De
1915 4172 1979 4209 eo
2012 4156 2178 4209 multa
2232 4171 2262 4209 a

670 4225 981 4279 senioribus
1017 4224 1251 4285 civibus,
1291 4236 1339 4276 et
1373 4226 1676 4293 prwsertim
1730 4226 1797 4279 ab
1833 4227 2042 4293 nptimo
2090 4234 2143 4279 et
2176 4241 2260 4279 re-

670 4295 863 4361 ligioso
916 4295 1031 4346 viro
1084 4294 1300 4347 laiuiliaa
1353 4293 1412 4349 S.
1466 4293 1745 4351 Francisci
1804 4299 1870 4349 de
1928 4295 2115 4353 Paula,
2170 4296 2256 4350 cui

670 4365 936 4427 templum
990 4365 1116 4417 illud
1164 4373 1247 4417 est
1299 4366 1646 4428 attrilmtum,
1702 4374 1757 4421 et
1796 4367 2132 4419 monasterio
2164 4368 2259 4419 ad-

664 4438 934 4504 junctum,
969 4436 1057 4502 qui
1092 4436 1172 4486 vir
1206 4436 1255 4487 in
1288 4451 1352 4487 eo
1387 4437 1574 4500 viginti
1606 4436 1717 4503 jam
1751 4452 1922 4489 annos
1963 4439 2173 4490 vixerat
2203 4445 2259 4490 et

670 4506 919 4575 pluribus
957 4505 1165 4558 vicibus
1194 4521 1311 4575 eant
1351 4515 1602 4571 rexerat;
1653 4506 1841 4569 multa,
1876 4508 2119 4575 inquam,
2155 4516 2261 4559 tra-

672 4573 782 4628 dita
830 4577 1035 4643 accepi,
1088 4591 1210 4628 cum
1246 4573 1674 4630 Tauromenium
1717 4579 1895 4631 dedita
1950 4573 2113 4645 opera
2169 4591 2256 4631 me

670 4648 907 4705 contuli,
946 4657 1003 4698 ut
1037 4646 1416 4712 antiquissima
1468 4648 1611 4699 illius
1658 4648 1841 4715 oppidi
1876 4658 2255 4711 monumenta,

670 4716 757 4767 vel
801 4718 979 4783 potius
1029 4718 1225 4770 rudera
1281 4716 1667 4784 perlustrarem
1703 4719 1877 4772 oculis
1904 4758 1919 4782 ,
1968 4727 2020 4771 et
2054 4721 2095 4771 si
2130 4718 2258 4786 quid

672 4787 741 4839 de
776 4788 837 4840 iis
870 4792 919 4839 iu
954 4789 1130 4841 lueem
1171 4788 1309 4840 hanc
1346 4792 1653 4853 proderem,
1706 4805 1810 4842 non
1845 4799 1901 4843 ut
1929 4791 2139 4843 auritus
2168 4803 2258 4842 εον

671 4858 808 4921 lum,
842 4859 932 4913 sed
977 4873 1032 4910 ut
1061 4858 1308 4911 oculatus
1342 4859 1495 4911 testis
1525 4859 1794 4913 alTerrem.

749 4928 843 4982 Est
874 4940 1057 4983 autem
1096 4928 1234 4980 fama
1279 4944 1373 4994 per
1398 4946 1611 4999 namus
1648 4946 1675 4982 a
1708 4930 2008 4999 majoribus
2035 4939 2257 4999 accepta

593 5007 598 5015 “
677 5015 729 5059 et
785 5004 977 5054 tradita
1036 5000 1198 5053 haec':
1245 4998 1501 5062 templum
1560 5001 1688 5054 illud
1719 4998 2096 5055 Consecratum
2138 4998 2295 5069 ρει-ι

676 5073 876 5128 celebri
920 5069 1180 5125 Ecclesia:
1214 5073 1316 5123 ritu
1357 5069 1545 5131 fuisse.
1586 5074 1809 5140 eiusque
1844 5072 1918 5125 rei
1949 5072 2255 5124 certissima

679 5142 878 5200 indicia
906 5157 1099 5195 cruces
1133 5141 1184 5194 in
1218 5142 1421 5209 pariete
1452 5142 1714 5211 sculptas,
1750 5158 1841 5196 seu
1885 5143 2129 5209 depictas
2159 5158 2261 5196 ex-

677 5216 904 5278 stitisse,
954 5228 1073 5279 quae
1124 5213 1373 5281 quamvis
1430 5212 1588 5266 hodie
1636 5214 1902 5266 dealbatis
1962 5212 2262 5278 parietibus

679 5302 791 5354 prae
827 5285 1064 5337 tiiaxin-a
1100 5284 1349 5350 opilicnm
1414 5282 1739 5337 hebetudine
1785 5296 1839 5336 et
1886 5284 2121 5348 inscitia,
2175 5283 2261 5334 di-

679 5372 797 5411 cam
850 5357 1015 5407 etiam
1038 5356 1235 5407 civium
1290 5354 1521 5415 incuria,
1577 5355 1810 5407 inducta:
1837 5366 1889 5407 et
1935 5354 2261 5407 oblitterata:

682 5426 829 5487 sint,
871 5436 1049 5479 tamen
1098 5422 1311 5477 vivebat
1343 5424 1521 5477 adhuc
1552 5441 1654 5477 non
1700 5440 1880 5489 nemo,
1930 5425 2025 5493 qui
2069 5441 2164 5479 eas
2206 5432 2262 5479 et

679 5498 895 5549 viderat
921 5505 975 5548 et
1004 5495 1233 5548 vidissse
1260 5508 1318 5547 se
1348 5494 1476 5547 mihi
1520 5504 1751 5549 testatus
1798 5507 1901 5559 est,
1948 5506 2058 5548 tum
2095 5495 2261 5549 fuisse

679 5566 745 5621 Β.
780 5564 985 5636 Virgini
1032 5567 1339 5632 Assumptaa
1383 5565 1648 5631 dicatum,
1689 5569 1775 5620 cui
1824 5581 1956 5620 sane
2007 5568 2261 5620 matrices

677 5638 1005 5706 plerumque
1026 5636 1196 5689 dicari
1216 5636 1391 5689 solent
1414 5653 1427 5688 :
1448 5636 1564 5703 ejus
1579 5638 1935 5691 dedicationis
1953 5646 2006 5689 et
2026 5636 2262 5691 nominis

682 5718 1065 5778 argumentum
1111 5718 1363 5760 servatur
1391 5707 1689 5762 etiamnum
1736 5718 2042 5777 pervetusta
2081 5706 2261 5761 tabula

680 5776 1035 5847 BIVirginis,
1088 5779 1156 5831 ad
1210 5779 1548 5832 moriendum
1604 5776 1941 5848 composite,
1989 5778 2259 5847 depictam

681 5848 975 5921 imaginem
1031 5860 1429 5919 reprmsentans
1483 5868 1495 5905 :
1551 5864 1710 5920 quam
1762 5865 1863 5922 ego
1913 5849 2087 5906 oculis
2140 5864 2259 5904 sum

2370 3376 2973 3441 Tauromenitanifad
3020 3376 3251 3445 eamque
3299 3380 3637 3442 potissimum
3682 3376 3860 3428 visere
3908 3385 3965 3427 et

2371 3467 2561 3514 preces
2612 3460 2735 3503 ante
2776 3465 2896 3503 eam
2950 3444 3229 3503 effundere
3266 3449 3618 3504 Dormitiouis
3668 3445 3729 3503 Β.
3779 3444 3964 3499 Mariae.

2371 3522 2611 3591 Virginis
2668 3535 2827 3575 sacro
2880 3522 3344 3595 die_couﬂuunt;
3399 3536 3533 3595 nam
3610 3517 3784 3595 πικροὶ
3840 3531 3964 3595 cum

2370 3588 2685 3656 nuncupant
2736 3591 3200 3659 ἀνακοιμήσεως.
3265 3602 3321 3644 ιιι
3381 3591 3558 3644 diram
3612 3588 3860 3654 pluribus
3911 3588 3963 3635 in

2370 3668 2517 3720 hom.
2551 3664 2615 3717 de
2645 3663 2928 3730 Assumpta
2970 3662 3115 3731 Virg.
3145 3664 3353 3730 positus
3380 3662 3564 3721 etiam,
3595 3671 3647 3711 et
3679 3670 3961 3731 structura

2371 3735 2657 3807 antiquum
2692 3728 2952 3800 templum
2985 3728 3158 3807 fuisse
3188 3732 3501 3807 Graecorum
3538 3732 3748 3797 arguit;
3788 3728 3965 3807 altare

2374 3806 2693 3865 maximum,
2722 3813 2776 3856 et
2803 3815 2955 3871 porta
3003 3804 3213 3872 plagam
3254 3804 3537 3855 occiduam
3572 3815 3685 3863 spei
3708 3807 3849 3857 lant,
3882 3804 3957 3848 ita

2371 3890 2429 3931 ut
2479 3877 2820 3930 introeunles
2869 3886 2921 3928 et
2976 3877 3268 3928 adorantes
3325 3872 3389 3927 ad
3446 3874 3715 3925 orientem
3772 3877 3963 3945 essent

2370 3947 2617 4003 conversi
2665 3961 2730 3999 eo
2760 3946 2889 4008 ritu,
2937 3962 3001 4000 ac
3030 3946 3290 4012 religione
3333 3958 3494 4009 quam
3536 3954 3760 4012 veteres,
3793 3938 3963 4012 Chri-

2367 4017 2530 4073 stiani
2581 4017 2961 4089 observarunt,
2992 4010 3414 4089 _quod__adnotat
3468 4012 3704 4089 Lacerda
3752 4011 3817 4089 in.
3855 4010 3965 4061 Ad-

2370 4096 2565 4142 eersnt.
2612 4101 2728 4153 cap.
2771 4088 2862 4146 79,
2895 4103 2959 4139 ex
2991 4086 3243 4149 Tertull.,
3277 4086 3505 4151 ejusque
3548 4084 3684 4135 ritus
3716 4084 3963 4131 rationes

2369 4160 2550 4229 allert,
2577 4158 2668 4229 qui
2713 4157 2858 4211 idem
2897 4156 3209 4229 Graecorum
3253 4165 3370 4217 est;
3410 4154 3509 4229 sed
3556 4166 3700 4205 nunc
3748 4159 3960 4229 mutata

2370 4228 2731 4283 mdiﬁcatione
2764 4228 2969 4296 oppidi,
3025 4227 3152 4293 quia
3198 4226 3528 4278 exeuntibus
3566 4232 3782 4296 portam
3814 4226 3963 4273 ουιι-

2369 4303 2534 4354 duam
2573 4293 2896 4353 circuitione
2929 4313 3065 4365 opus
3088 4296 3290 4350 luisset
3316 4297 3382 4349 ad
3414 4294 3597 4361 templi
3627 4293 3960 4365 ingressum,

2368 4369 2570 4439 publici
2604 4369 2875 4439 commodi
2907 4363 3071 4439 causa
3117 4375 3320 4439 mutata
3371 4367 3534 4439 etiam
3585 4363 3828 4439 positura
3878 4368 3961 4411 est

2370 4431 2578 4507 templi.
2633 4438 2859 4492 Demum
2899 4437 3188 4492 Saracenis
3224 4435 3607 4507 invadentibus
3651 4431 3963 4507 Taurome-

2370 4504 2542 4573 nium,
2585 4509 2887 4562 testabatur
2919 4509 3175 4560 traditum
3204 4505 3307 4559 sibi
3337 4507 3419 4557 vir
3449 4504 3693 4577 ille,_cni_
3718 4508 3771 4552 et
3802 4511 3961 4577 tetas,

2365 4591 2420 4634 et
2454 4579 2705 4650 religiosa
2740 4580 2847 4632 vita
2898 4593 3006 4631 non
3046 4578 3328 4629 minimum
3375 4573 3727 4650 anctOritatis
3772 4573 3963 4650 conci-

2365 4643 2683 4718 liabatfqui
2737 4664 2932 4722 manus
2980 4650 3215 4722 hostium
3256 4653 3567 4722 evaserant,
3619 4644 3684 4722 in_
3712 4643 3956 4722 arduum

2366 4714 2628 4783 montem,
2662 4736 2784 4771 etim
2812 4719 3019 4773 scilicet
3052 4719 3227 4784 ipsum
3272 4717 3324 4768 in
3357 4714 3511 4781 cujus
3540 4714 3824 4779 crepidine
3854 4714 3960 4763 hoc

2364 4792 2622 4858 templum
2674 4800 2760 4844 est
2801 4789 3162 4849 collocatum.
3220 4798 3383 4852 atque
3432 4787 3497 4839 ad
3562 4799 3745 4858 arcem
3796 4796 3954 4841 eam,

2364 4854 2490 4930 quai
2522 4870 2697 4913 exstat
2742 4860 2901 4913 hodie
2945 4858 3096 4911 Melae
3147 4858 3451 4930 noirninata,
3500 4854 3814 4930 confugisse
3856 4867 3957 4917 op-

2364 4926 2627 5001 pidanos;
2664 4941 2826 5000 atque
2855 4931 2979 5001 inde
3007 4928 3480 5001 tranquillioribus
3527 4930 3688 5001 rebus
3717 4926 3951 5001 descen-

2364 4996 2532 5073 disse,
2561 5012 2616 5055 et
2646 4996 2904 5073 templum
2942 5000 3072 5054 illud
3106 4996 3382 5073 ab_iitipiis
3415 4996 3951 5073 Agarenis__tlirittttitt

2365 5072 2647 5145 reiecisse.
2680 5065 2834 5145 Unde
2860 5081 3048 5139 aperte
3074 5069 3349 5145 colligitur
3394 5065 3651 5145 templum
3681 5065 3811 5117 illud
3838 5065 3953 5145 jam

2365 5143 2491 5197 inde
2514 5141 2862 5213 Theophanis
2888 5138 3048 5196 {etate
3079 5144 3318 5199 stetisse,
3355 5140 3445 5213 qui
3502 5138 3666 5213 paulo
3696 5144 3826 5187 ante
3855 5138 3957 5213 Sa-

2364 5208 2689 5268 racenorum
2721 5214 3078 5276 deminatum,
3113 5212 3527 5265 utostendimus
3558 5210 3609 5260 in
3638 5208 3956 5265 Procemiis,

2366 5299 2485 5339 eam
2518 5285 2653 5338 rexit
2686 5284 2981 5337 Ecclesiam
3011 5300 3024 5343 ;
3069 5294 3123 5336 et
3147 5298 3269 5335 cum
3306 5283 3357 5333 id
3395 5279 3593 5335 matrix
3624 5293 3687 5331 ex
3721 5291 3787 5329 eo
3822 5284 3959 5325 tem.

2366 5370 2499 5423 pore
2534 5356 2719 5420 luerit,
2767 5368 2829 5408 ut
2870 5354 3034 5407 etiam
3066 5353 3225 5407 hodie
3258 5362 3411 5423 vetus
3454 5351 3952 5423 niatrix‘vocetltr.

2367 5417 2419 5479 in
2448 5440 2511 5479 ea
2545 5417 3039 5479 huuc'sermonem
3072 5425 3136 5492 ad
3172 5422 3427 5492 papulum
3458 5417 3835 5492 hocsolemui
3868 5417 3958 5466 die

2366 5493 2718 5550 Pentecostes
2768 5496 3028 5549 habuisse
3077 5485 3466 5562 Theophanem
3511 5490 3728 5562 colligo.
3775 5485 3958 5562 Atque

2369 5568 2486 5622 hac
2517 5566 2680 5620 habui
2741 5566 3099 5634 conjectanea
3154 5555 3273 5632 qua:
3328 5562 3577 5617 aﬂ'errem
3625 5555 3691 5612 de
3748 5555 3956 5634 templo

2371 5636 2611 5705 Virginis
2673 5636 2855 5711 Maria
2880 5679 2894 5703 ,
2935 5636 3090 5705 cujus
3116 5707 3127 5711 _
3156 5636 3210 5689 in
3264 5635 3367 5711 hoc
3407 5644 3659 5711 sermone
3703 5637 3956 5711 ιιιειιιιοιε

2371 5696 2499 5776 (ιιιεὲ⁷
2526 5723 2629 5762 ιιοιι
2668 5708 2843 5763 solum
2881 5696 3186 5770 sermonis,
3235 5705 3329 5759 sed
3370 5706 3536 5758 etiam
3586 5702 3733 5755 illius
3771 5696 3959 5753 saeculi

2371 5779 2757 5851 satierbscuri
2800 5776 3155 5851 facu_l_a2_esse
3203 5784 3456 5851 possunt.
3741 5842 3773 5851 __
3868 5836 3879 5846 .

2444 5848 2558 5921 (38)
2604 5853 2871 5920 Tempore.
2912 5842 3237 5907 Universum
3290 5847 3518 5918 hujusce
3561 5842 3806 5900 mortalis
3834 5842 3960 5892 vita
