4184 6440
109 5862 660 6278 κ

705 386 804 448 7ῖ9

1904 379 2393 440 TIIEOPIIANIS
2428 382 2766 479 (ΣΕΠΛΜῌΙ

3861 396 3978 456 780

707 516 856 558 retur
888 505 1083 566 Deum,
1122 501 1225 555 nisi
1272 499 1507 569 Spiritus
1558 506 1800 560 sanctus,
1830 498 1917 565 qui
1955 497 2103 550 illum
2138 511 2165 548 a
2196 511 2287 548 su-

2405 498 2596 567 ὲξᾶραν
2626 500 2725 569 τῆς
2773 500 3089 569 Χαλδαῖκῆς
3123 501 3567 571 δυσειδαιμονίας
3601 506 3805 572 wit/tv;
3843 508 3979 563 Εἶτα

705 597 1026 661 perstitinne
1072 592 1362 647 Chaldaica
1422 590 1669 643 excutit:
1722 597 1907 658 postea
1965 598 2147 640 secuta
2203 598 2285 639 cst

704 687 1010 746 concussio,
1073 692 1318 749 tempore
1367 680 1551 749 legis:
1594 696 1714 748 qua:
1766 692 1897 731 sane
1957 691 2062 729 non
2128 677 2286 729 modo

705 776 998 847 Aigyptnm
1038 776 1221 828 decem
1277 774 1555 842 plagarum
1587 770 1822 840 ﬂagello,
1858 769 1954 824 sed
1997 778 2053 823 et
2095 769 2286 822 solitu-

706 870 923 929 dinem,
972 874 1025 917 et
1074 873 1263 932 gentes
1325 862 1521 914 multas
1573 860 1891 924 concussit,
1946 870 1998 913 et
2060 869 2283 912 contur-

708 958 874 1011 havit.

777 1048 931 1114 Quod
975 1063 1102 1103 vero
1139 1063 1233 1115 per
1258 1046 1519 1114 Spiritum
1560 1056 1810 1098 Sanctum
1863 1060 1891 1098 a
1923 1044 2105 1116 Moyse
2146 1045 2288 1098 facta

706 1141 815 1192 sint
840 1153 1025 1206 opera,
1063 1140 1355 1203 intelliges,
1382 1136 1424 1188 si
1457 1135 1698 1187 animum
1724 1135 1977 1189 advertes
2001 1137 2065 1188 ad
2094 1136 2290 1189 nubem

707 1246 825 1296 quae
853 1232 955 1284 dux
1008 1230 1219 1283 itineris
1259 1228 1359 1281 fuit
1408 1227 1591 1281 Israel.
1622 1225 1726 1279 Per
1754 1242 1869 1281 eam
1897 1228 2041 1281 enim
2096 1229 2294 1297 ﬁgura-

708 1325 871 1376 bttur
924 1320 1160 1390 Spiritus
1201 1328 1424 1374 sanctus
1454 1320 1603 1389 (53);
1640 1335 1763 1374 cum
1799 1318 1998 1374 Paulus
2033 1320 2295 1375 divinitus

708 1417 932 1484 loquens
987 1415 1057 1466 ita
1104 1413 1284 1465 dit-at:
1346 1412 1545 1480 Figura
1578 1422 1696 1465 crat
1751 1427 1898 1465 mare
1930 1412 2042 1483 (54)
2074 1413 2293 1482 quidem

706 1520 880 1575 aqum,
914 1505 1083 1556 nubes
1127 1516 1253 1555 vero
1294 1500 1621 1569 Spiritus“.
1647 1501 1751 1555 Sed
1800 1512 1852 1555 et
1882 1513 2056 1570 petra,
2084 1517 2149 1555 ex
2188 1518 2293 1570 qua

709 1597 903 1664 populo
930 1593 1165 1645 manavit
1194 1590 1393 1644 aﬂatim
1420 1602 1601 1659 potus,
1633 1607 1739 1646 non
1772 1607 1905 1646 sane
1938 1593 2296 1660 spiritualiter

707 1688 847 1738 dicta
908 1692 1054 1737 esset
1112 1698 1141 1734 a
1194 1682 1393 1748 Paulo,
1460 1680 1566 1735 nisi
1619 1697 1682 1735 ea
1732 1682 1953 1750 quidem
2010 1683 2294 1737 Dominum

706 1774 915 1838 Iesum,
946 1790 1085 1845 aqua
1118 1788 1251 1828 vero
1278 1790 1343 1827 ex
1372 1775 1487 1841 ipsa
1524 1773 1800 1841 proﬂuens
1832 1783 2080 1829 sanctum
2124 1773 2293 1843 Spiri-

708 1880 820 1921 tum
876 1869 1174 1921 indicasset
1218 1883 1230 1917 :

708 1958 979 2027 spit-itnali
1035 1965 1407 2025 consequente
1446 1970 1540 2010 eos
1571 1964 1744 2025 petra,
1778 1964 1929 2025 petra
1963 1965 2145 2009 autem
2179 1963 2295 2009 erat

706 2052 958 2104 Christus
978 2050 1044 2104 ".
1068 2069 1084 2101 ι
1112 2049 1263 2114 Quod
1290 2060 1469 2101 autem
1490 2062 1626 2115 aqua
1652 2047 1886 2115 Spiritus
1910 2048 2076 2117 ﬁgura
2106 2046 2294 2113 fuerit,

706 2145 922 2198 edocuit
959 2160 1054 2197 uOs
1080 2144 1238 2197 hodie
1264 2141 1523 2194 Dominus
1552 2140 1603 2193 in
1629 2138 1924 2208 Evangelia
1952 2158 1964 2194 :
1998 2159 2015 2191 ι
2052 2141 2152 2207 Qui
2178 2155 2297 2195 crc-

709 2240 787 2291 dit
820 2237 874 2290 in
908 2251 1014 2300 me,
1048 2235 1214 2305 286
1246 2233 1466 2287 ﬂmnina
1491 2234 1559 2287 de
1591 2245 1780 2288 ventre
1806 2232 1920 2300 ejus
1945 2234 2112 2287 ﬂuent
2142 2251 2294 2303 aqua:

711 2328 946 2394 vim”;
982 2345 1000 2379 ι
1050 2327 1194 2396 quod
1244 2340 1379 2380 sane
1430 2327 1798 2395 interpretans
1850 2326 2150 2396 discipulus
2208 2328 2297 2382 ille

707 2421 935 2473 tonitrni
969 2420 1147 2475 filius:
1172 2437 1190 2469 ι
1226 2417 1339 2473 Hoc
1377 2418 1534 2482 dixit,
1561 2418 1756 2486 inquit,
1788 2419 1853 2472 de
1886 2418 2110 2487 Spiritu,
2135 2434 2295 2488 quem

709 2510 983 2575 accepturi
1034 2515 1192 2562 erant
1249 2506 1537 2561 credentes
1596 2506 1648 2560 itt
1707 2522 1829 2561 eum
1852 2508 1918 2559 ‘9.
1953 2526 1970 2559 ι
2004 2508 2066 2560 Et
2094 2524 2226 2562 sane
2268 2524 2295 2561 a

709 2600 906 2669 spiritu
946 2598 1039 2668 qui
1076 2611 1196 2653 erat
1232 2599 1285 2653 itt
1322 2598 1505 2667 Moyse
1556 2596 1809 2653 auferens
1856 2598 2000 2655 Deus
2048 2604 2299 2671 apposuit

710 2691 1053 2759 septuaginta
1107 2690 1262 2753 viris,
1298 2700 1352 2744 et
1386 2691 1453 2743 iis
1488 2690 1580 2759 qui
1619 2704 1997 2746 remanserant
2029 2693 2299 2749 incastris

714 2784 857 2835 Eldae
905 2791 959 2835 et
994 2780 1161 2834 Medae
1204 2781 1760 2851 pr0phetantibus";
1812 2794 2089 2852 postremo
2133 2788 2298 2839 etiam

714 2872 933 2936 Nabidi,
960 2881 1015 2925 ct
1042 2870 1208 2926 Josue
1233 2873 1284 2925 in
1317 2872 1495 2926 locum
1519 2871 1720 2943 Moysis
1743 2875 2038 2942 snbrogato
2060 2876 2125 2929 ".
2159 2876 2298 2942 Quid

712 2977 843 3016 vero
873 2972 995 3031 post
1025 2963 1140 3017 hac
1172 2962 1413 3015 divinum
1439 2963 1758 3016 oraculum?
1788 2982 1806 3015 ‹
1842 2962 1967 3019 Post
1988 2969 2301 3021 concussio-

714 3069 836 3107 nem
856 3053 1017 3123 ignis;
1032 3072 1050 3104 ι
1078 3054 1165 3107 hic
1177 3061 1261 3107 est
1279 3052 1515 3121 Spiritus
1532 3054 1624 3121 qui
1648 3055 1970 3123 loquebatur
1989 3057 2040 3110 itt
2065 3060 2297 3127 prophe-

715 3146 805 3206 tis,
831 3152 885 3197 et
909 3152 1142 3197 mentem
1180 3158 1370 3197 eorum
1395 3143 1610 3197 fovebat
1646 3155 1700 3198 et
1733 3145 2117 3199 inﬂammabat.
2146 3149 2299 3215 Quod

712 3250 846 3289 sane
870 3234 1177 3304 intelligens
1198 3235 1717 3290 calamitosissimus
1739 3238 2129 3305 prepltetarum
2160 3241 2303 3293 dicc-

714 3329 804 3379 bat
838 3340 904 3379 ex
927 3340 1155 3394 persona
1184 3326 1279 3380 Dei
1306 3342 1322 3379 :
1360 3343 1378 3376 ι
1411 3323 1603 3381 Nonne
1629 3327 1794 3380 verba
1821 3343 1935 3381 mea
1956 3328 2097 3382 sicut
2120 3330 2306 3396 ignis?

712 3420 843 3470 dicit
870 3416 1157 3471 Dominus.
1188 3435 1315 3468 »-ι
1348 3416 1479 3471 Post
1511 3417 1690 3487 ignem
1716 3433 1865 3481 vero,
1896 3419 2093 3487 inquit,
2117 3436 2220 3474 vox
2250 3434 2307 3475 ut

713 3509 1079 3571 :ntrcetenuis,
1115 3508 1257 3562 etibi
1280 3508 1542 3562 Dominus
1566 3510 1635 3563 ⁷².
1668 3526 1686 3561 t
1721 3509 1980 3578 Videiant
2002 3518 2060 3564 ut
2088 3512 2307 3580 impleta

715 3604 787 3655 sit
808 3600 1114 3668 prophetia,
1141 3601 1502 3655 considerans
1523 3615 1712 3655 auram
1730 3602 1901 3666 illatn,
1922 3616 2041 3671 qua:
2064 3605 2306 3674 discipu-

715 3696 782 3745 lis
807 3696 858 3745 in
901 3692 1242 3747 ctenaculum
1268 3694 1436 3747 venit.
1472 3692 1529 3747 In
1567 3695 1996 3763 praecedentibus
2017 3697 2159 3751 enim
2183 3713 2303 3751 om-

717 3786 878 3837 nibns
917 3785 1130 3837 indiciis
1162 3801 1176 3837 :
1212 3802 1229 3835 ι
1261 3783 1377 3838 Non
1412 3785 1464 3838 in
1507 3786 1708 3851 spiritu
1770 3786 2054 3852 Dominus,
2113 3788 2306 3857 inquit,

717 3891 894 3945 neque
926 3878 977 3929 in
1002 3878 1389 3941 concussione,
1422 3892 1600 3946 neque
1624 3878 1676 3931 in
1710 3878 1870 3945 igne:
1906 3897 1925 3929 ι
1958 3888 2013 3933 at
2038 3899 2057 3930 ι
2091 3882 2142 3934 ἰιι
2170 3898 2310 3947 voce

717 3975 775 4016 ut
804 3980 947 4016 aura:
985 3965 1187 4029 tenuis,
1223 3982 1241 4015 ι
1281 3963 1512 4030 addidit,
1552 3980 1570 4014 ι
1603 3962 1669 4018 Ει
1738 3965 1810 4019 ibi
1870 3966 2156 4022 Dominus.
2195 3987 2212 4019 ι
2254 3969 2309 4022 ltt

718 4057 1041 4123 patriarehis
1080 4056 1252 4122 enim,
1284 4066 1339 4110 et
1370 4056 1424 4111 in
1459 4056 1596 4126 lege,
1638 4066 1691 4112 et
1720 4057 1772 4110 in
1805 4058 2085 4130 praphetis
2135 4061 2310 4129 gratia

718 4149 959 4217 Spiritus
1026 4149 1427 4217 quodammodo
1485 4158 1605 4203 erat
1704 4150 1939 4204 exilior:
1994 4166 2117 4220 qua:
2182 4167 2311 4205 vero

716 4241 1001 4308 discipulis
1048 4249 1324 4307 postremo
1358 4248 1605 4310 tempore
1656 4242 1781 4295 data
1837 4252 1940 4306 est,
1994 4243 2309 4311 perﬁciendi

717 4336 826 4383 vim
859 4330 1070 4383 habuit.
1104 4328 1170 4382 Et
1216 4330 1359 4383 sicut
1400 4330 1453 4383 in
1508 4330 1697 4385 mundi
1749 4330 2044 4386 Creatione
2098 4330 2312 4403 Moyses

719 4424 817 4484 ait,
858 4424 1092 4491 primum
1143 4422 1362 4489 quidem
1421 4424 1657 4476 animam
1691 4431 2035 4489 vegetantem
2079 4423 2308 4477 inditam

1292 1882 1310 1915 ι
1375 1863 1639 1917 BibeLant
1708 1865 1889 1930 enim,
1953 1864 2163 1932 inquit,
2227 1846 2368 1917 deB

2386 593 2413 643 6
2441 593 2529 644 διὰ
2573 592 2675 643 τοῦ
2722 596 2892 662 νόμου
2940 596 3297 665 συσσεισμδς,
3352 596 3411 658 ὃς
3444 599 3682 650 διέσεισε
3712 603 3805 651 καὶ
3850 604 3984 655 ετά-

2392 685 2553 753 ραξεν
2592 686 2652 736 οὐ
2695 685 2861 753 μόνον
2887 687 3162 753 Αἴγυπτον
3220 691 3285 758 τῇ
3339 688 3668 762 δεκαπλήγῳ
3726 694 3978 762 μάστιγι,

2389 776 2524 829 ἀλλὰ
2551 778 2644 830 καὶ
2670 777 2876 848 ἔρημον
2902 779 2994 832 καὶ
3028 779 3155 849 ἔθνη
3186 781 3378 834 πολλὰ.

2463 1041 2587 1091 Ὅτι
2611 1040 2666 1093 δὲ
2691 1039 2779 1092 διὰ
2805 1040 2899 1092 τοῦ
2923 1040 3081 1109 ἁγίου
3116 1042 3436 1110 Πνεύματος
3460 1045 3679 1115 ἐνήργει
3707 1046 3981 1120 Μιυῦσῆς,

2394 1132 2738 1200 καταμάθοις
2807 1132 3063 1203 προσχὼν
3138 1138 3203 1204 τῇ
3276 1136 3544 1206 ὁδηγούσῃ
3617 1141 3817 1210 νεφέλῃ
3890 1143 3986 1194 τὸν

2407 1222 2645 1292 Ἰσραήλ.
2677 1222 2787 1276 Ἶιν
2813 1224 2923 1294 γὰρ
2952 1223 3090 1294 αῦτη
3121 1225 3181 1276 τὸ
3220 1225 3445 1295 Πνεῦμα
3478 1228 3539 1281 τὸ
3595 1229 3773 1296 ἆγιον,
3805 1235 3987 1296 οὕτως

2393 1315 2642 1377 εἰπόντος
2672 1315 2768 1367 τοῦ
2798 1316 3064 1386 θεηγὸρου
3089 1316 3326 1371 Παύλου·
3358 1321 3538 1383 Tusco;
3567 1318 3635 1392 ἦν
3666 1323 3699 1392 ἠ
3732 1324 3985 1378 θάλασσα

2394 1407 2488 1459 τοῦ
2517 1405 2732 1471 ὓδατος,
2766 1408 2799 1475 ἡ
2835 1407 2892 1459 δὲ
2933 1410 3132 1479 νεφέλη
3176 1408 3272 1463 τοῦ
3303 1411 3645 1480 Πνεύματος.
3697 1415 3864 1468 Ἀλλὰ
3890 1421 3985 1469 καὶ

2398 1501 2430 1568 ἡ
2471 1500 2649 1570 πέτρα
2693 1501 2751 1566 ἐξ
2783 1494 2850 1572 ἦς
2898 1501 3125 1569 ἐπέρρει
3168 1502 3246 1571 τῷ
3276 1503 3390 1571 λαῷ
3420 1504 3661 1573 δαψιλῶς
3695 1511 3755 1559 τὸ
3785 1510 3983 1575 ποτὸν,

2395 1590 2496 1641 οὐκ
2529 1588 2595 1641 ἂν
2632 1592 2739 1642 ὑπὸ
2763 1590 2861 1644 τοῦ
2908 1591 3125 1644 Παύλου
3167 1594 3371 1663 ἐκλήθη
3414 1596 3784 1665 πνευματικὴ,
3822 1601 3873 1650 εἰ
3910 1601 3985 1669 μὴ

2397 1678 2538 1747 αὑτὴ
2578 1680 2679 1748 μὲν
2705 1681 2898 1749 ἐδήλου
2932 1682 3023 1734 τὸν
3052 1683 3260 1751 Κύριον
3302 1684 3530 1752 Ἰησοῦν,
3560 1687 3622 1738 τὸ
3647 1687 3692 1739 δ’
3726 1688 3785 1751 ἐξ
3812 1689 3986 1758 αὐτῆς

2401 1767 2547 1838 ’ύίωρ
2577 1770 2638 1821 τὸ
2670 1770 2896 1840 Πνεῦμα
2930 1772 2991 1823 τὸ
3022 1774 3197 1840 ἆγιον.
3229 1792 3247 1824 ι
3289 1775 3517 1826 Ἐπινον
3546 1778 3675 1843 γὰρ,
3705 1781 3893 1847 φησὶν,
3922 1783 3987 1831 ἐκ

2399 1863 2781 1932 πνευματικῆς
2825 1862 3231 1935 ἀκολουθούσης
3260 1867 3471 1937 πέτρας
3496 1885 3508 1898 ο
3545 1870 3576 1938 ή
3618 1869 3675 1921 δὲ
3710 1872 3890 1938 πέτρα
3918 1868 3986 1941 ἦν

2400 1956 2428 2007 6
2460 1956 2733 2024 Χριστός.
2776 1975 2795 2008 ι
2842 1955 2967 2010 ’Ότι
2998 1958 3055 2011 δὲ
3082 1959 3142 2010 τὸ
3173 1958 3319 2030 ὕδωρ
3347 1961 3407 2011 τὸ
3440 1961 3658 2030 Πνεῦμα
3696 1964 3986 2030 εξκὸνιζεν,

2399 2047 2871 2118 ὲμυσταγώγησεν
2912 2051 3060 2118 ἡμᾶς
3102 2052 3345 2119 σήμερον
3389 2055 3447 2105 ὲν
3478 2057 3592 2116 τοῖς
3622 2054 3983 2121 Εὑαγγελίοις

2398 2142 2427 2192 6
2457 2136 2663 2206 Κύριος
2696 2153 2712 2168 ⁸
2753 2157 2771 2189 ι
2822 2140 2879 2191 Ὀ
2912 2142 3187 2193 πιστεύων
3219 2143 3300 2207 εἰς
3340 2144 3439 2213 ἐμὲ
3481 2146 3717 2213 ποταμοὶ
3752 2147 3985 2213 ῥεύσουο

2402 2244 2485 2281 σιν
2537 2232 2602 2283 ὲκ
2647 2231 2748 2298 τῆς
2784 2232 2995 2295 κοιλίας
3039 2234 3208 2286 αὑτοῦ
3264 2234 3459 2298 ὓδατος
3511 2239 3714 2300 ζῶντος
3741 2253 3754 2265 ·
3792 2256 3811 2288 ι
3847 2240 3991 2309 ὅπερ

2400 2321 2767 2392 ἑρμηνεύωνό
2801 2323 3161 2394 βροντογενὴς
3193 2327 3471 2398 μαθητὴς,
3532 2350 3548 2380 ι
3582 2331 3772 2396 Τοῦτο,
3795 2333 3987 2401 φησιν,

2400 2410 2522 2465 εἷπε
2579 2415 2708 2485 περὶ
2764 2416 2857 2467 τοῦ
2918 2416 3259 2485 Πνεύματος,
3309 2416 3337 2470 6
3390 2420 3578 2488 ἔμελλε
3636 2423 3822 2473 δοῦναι
3871 2426 3992 2486 τοῖς

2401 2506 2751 2559 πιστεύουσιν
2804 2509 2883 2569 εὶς
2939 2508 3121 2561 αὐτόν.
3185 2527 3203 2561 ι
3256 2512 3361 2562 Καὶ
3420 2511 3525 2581 μὴν
3576 2514 3670 2563 καὶ
3719 2513 3827 2566 ἀπὸ
3890 2516 3989 2567 τοῦ

2402 2599 2713 2667 πνεύματος
2730 2599 2825 2651 τοῦ
2844 2601 2901 2651 ἐν
2928 2601 3005 2669 τῷ
3038 2602 3268 2654 Μωΰσεῖ
3297 2602 3514 2667 ἀφελὼν
3549 2605 3576 2654 6
3595 2606 3730 2667 θεξς
3762 2606 3993 2658 ἐπέθετο

2399 2693 2513 2751 τοῖς
2560 2690 2933 2760 ἑϐδομήκοντα
2976 2691 3072 2744 καὶ
3116 2695 3230 2753 τοῖς
3289 2695 3735 2763 καταλειφθεῖσιν
3788 2700 3853 2747 ὲν
3922 2701 3989 2767 τῇ

2403 2796 2542 2850 παρε
2554 2779 2723 2849 μὸολῇ
2769 2779 2955 2832 Ἀλδὰδ
2975 2781 3070 2832 καὶ
3091 2781 3273 2833 Μοδὰδ
3302 2783 3735 2853 προφητεύουσιν
3767 2800 3786 2817 ο
3816 2786 3995 2838 ὓστε-

2407 2888 2498 2937 ρον
2531 2870 2586 2922 δὲ
2641 2870 2735 2921 καὶ
2773 2868 2851 2937 τῷ
2884 2869 3099 2941 Νασίδῃ
3146 2872 3241 2923 καὶ
3298 2872 3528 2942 διαδόχῳ
3573 2875 3666 2927 τοῦ
3708 2877 3996 2939 Μωῦπέως

2416 2960 2615 3030 Ἰησοῦ.
2678 2960 2838 3013 Ἀλλὰ
2886 2961 2939 3012 τί
2994 2962 3134 3028 μετὰ
3179 2963 3360 3016 ταῦτά
3404 2982 3575 3033 φησιν
3619 2967 3647 3018 6
3699 2968 3991 3037 χρηςμόςς

2411 3069 2428 3102 ι
2458 3052 2613 3104 Mat}
2643 3051 2700 3103 δὲ
2730 3052 2822 3104 τὸν
2866 3054 3197 3122 συσσεισμὸν
3231 3053 3341 3122 πῦρ
3377 3072 3391 3086 ·
3430 3074 3448 3103 ι
3490 3057 3623 3109 αὐτὸ
3671 3059 3901 3127 Πνεῦμα
3936 3064 3994 3111 ὲν

2407 3149 2520 3207 τοῖς
2570 3144 2881 3213 προφήταις
2928 3144 3149 3209 λαλοῦν,
3219 3148 3315 3198 καὶ
3350 3148 3708 3217 περιθάλπον,
3744 3150 3995 3203 “16:1-

2410 3231 2701 3299 θερμαῖνον
2730 3232 2911 3283 αὐτῶν
2942 3232 3001 3283 τὸ
3028 3234 3377 3301 ἡγεμονικόν.
3416 3237 3592 3305 Ὅπερ
3637 3238 3793 3300 εἰδὼς
3824 3240 3854 3289 6
3879 3239 3993 3291 τῶν

2412 3321 2708 3390 προφητῶν
2765 3323 3344 3393 πολυσυμφορὼτατος
3377 3327 3562 3394 ἔλεγεν
3592 3330 3655 3380 ὲκ
3689 3347 3795 3399 προ
3809 3331 3990 3383 τώπου

2408 3414 2501 3465 τοῦ
2534 3414 2693 3465 Θεοῦ·
2716 3433 2733 3463 ι
2763 3416 2874 3483 Οὐχ
2890 3414 2963 3477 ὡς
2985 3415 3165 3484 πῦροὶ
3188 3418 3337 3484 λόγοι
3362 3436 3502 3487 μου;
3542 3420 3691 3488 λέγει
3725 3424 3989 3490 Κέριος.»

2413 3537 2476 3546 ——
2504 3524 2522 3557 ι
2552 3509 2706 3559 Μετὰ
2731 3508 2787 3559 δὲ
2826 3509 2887 3559 τὸ
2917 3509 3047 3576 πῦρ,
3092 3521 3247 3579 φησι,
3274 3511 3423 3583 φωνὴ
3453 3512 3528 3574 ὡς
3556 3513 3731 3582 αὔρας
3763 3516 3995 3583 λεπτῆς,

2411 3601 2505 3651 καὶ
2549 3601 2665 3652 ἐκεῖ
2714 3600 2937 3669 Κύριος.
2986 3621 3004 3652 ι
3051 3603 3243 3671 ’Λθρει
3292 3603 3355 3675 δὴ
3413 3606 3512 3673 τῆς
3563 3609 3901 3677 προφητείας
3936 3609 3998 3660 τὸ

2412 3690 2710 3760 πλήρωμα,
2735 3694 3083 3762 κατανοήσας
3111 3695 3207 3765 τὴν
3228 3694 3403 3765 αῦραν
3431 3697 3531 3765 τὴν
3554 3700 3628 3759 εἰς
3656 3699 3713 3748 τὸ
3740 3699 3999 3768 ὑπερῷον

2414 3784 2769 3835 καταπτᾶσαι)
2820 3785 2934 3845 τοῖς
2978 3784 3267 3852 μαθηταῖς.
3319 3787 3408 3839 Ἐν
3462 3788 3559 3855 μὲν
3594 3789 3687 3841 οὖν
3711 3792 3832 3852 ταῖς
3865 3808 4001 3859 προ-

2412 3873 2797 3941 ηγησαμέναις
2826 3874 3151 3941 ἐμφανείαις
3180 3877 3344 3943 φησιν
3366 3893 3379 3906 ·
3422 3896 3440 3928 ι
3475 3878 3589 3930 υύκ
3619 3879 3677 3931 ἐν
3716 3880 3794 3948 τῷ
3825 3882 3997 3933 πνεύ-

2416 3980 2545 4030 ματι
2578 3963 2803 4034 Κύριος,
2832 3964 2927 4017 καὶ
2967 3965 3067 4017 οὐκ
3097 3966 3155 4019 ὲν
3186 3966 3265 4034 τῷ
3301 3968 3639 4037 συσσεισμῷ,
3675 3971 3769 4021 καὶ
3807 3971 3911 4022 οὐκ
3938 3974 3999 4023 ἐν

2412 4055 2488 4123 τῷ
2518 4056 2673 4125 πυρί’
2713 4073 2731 4106 ι
2760 4055 2885 4108 ὲνδὲ
2906 4058 2970 4125 τῇ
2999 4074 3016 4106 ι
3042 4059 3192 4127 φωνῇ
3225 4074 3243 4107 ι
3270 4059 3333 4127 τῇ
3360 4076 3377 4107 ι
3406 4059 3479 4119 ὡς
3510 4059 3684 4129 αὔρας
3707 4060 3938 4131 λεπτῆς,
3972 4081 3995 4114 ι

2414 4146 2686 4215 ἐπήγαγε,
2738 4165 2755 4196 ι
2796 4147 2907 4199 Καὶ
2952 4148 3070 4198 ἐκεῖ
3101 4147 3329 4217 Κύριος.
3372 4166 3390 4197 ι
3439 4147 3527 4200 Ἐν
3573 4150 3673 4217 μὲν
3720 4151 3834 4219 γὰρ
3880 4154 4000 4214 τοῖς

2413 4234 2802 4304 πατριάρχαις,
2868 4236 2963 4287 καὶ
3014 4234 3094 4304 τῷ
3152 4236 3323 4303 νόμῳ,
3382 4237 3477 4286 καὶ
3528 4238 3640 4297 τοῖς
3681 4240 4000 4304 προφήταις

2415 4326 2765 4395 ἁμυδροτέρα
2794 4344 2909 4387 πως
2937 4321 3005 4395 ἦν
3044 4326 3077 4396 ἠ
3114 4326 3276 4395 χάρις
3317 4325 3413 4377 τοῦ
3462 4326 3783 4393 Πνεύματος
3806 4340 3823 4356 ·
3876 4327 3912 4395 ἡ
3942 4326 4001 4377 δὲ

2412 4417 2630 4471 δοθεῖσα
2666 4418 2780 4479 τοῖς
2813 4416 3086 4487 μαθηταῖς
3116 4420 3175 4469 ὲν
3214 4418 3293 4485 τῷ
3321 4416 3521 4487 λοισθῳ
3554 4416 3731 4485 καιρῷ
3793 4416 3999 4468 τελεω-

718 4529 843 4567 esse
878 4514 1099 4581 plantis,
1145 4514 1341 4567 deinde
1370 4513 1699 4567 sentientem
1722 4514 2052 4570 animalibus
2074 4516 2299 4569 rationis

2413 4508 2559 4574 τική.
2602 4507 2714 4559 Καὶ
2739 4505 2929 4574 ὥσπερ
2960 4507 3017 4555 ὲν
3062 4508 3128 4575 τῇ
3158 4505 3253 4557 τοῦ
3280 4506 3488 4573 κόσμου
3520 4506 3737 4555 Γενέσει
3774 4506 3946 4573 φησὶν
3969 4508 3997 4557 6

719 4605 1060 4673 expertibus,
1089 4605 1155 4657 ad
1186 4614 1489 4657 extremum
1516 4618 1642 4657 vero
1677 4606 1971 4674 perlectam
2004 4615 2059 4660 et
2093 4606 2305 4661 ratione

722 4696 1002 4761 prreditatn
1040 4694 1244 4747 homini
1308 4694 1416 4746 vim
1454 4696 1743 4761 vegetandi
1787 4704 1843 4749 et
1886 4697 2155 4750 sentiendi
2198 4713 2303 4750 una

719 4800 845 4839 cum
868 4785 1230 4839 ratiocinandi
1254 4785 1513 4839 facultate
1526 4788 1892 4841 continentem
1923 4807 1936 4843 :
1966 4788 2037 4842 ita
2060 4796 2111 4841 et
2133 4791 2304 4858 gratia

722 4875 958 4944 Spiritus
1018 4874 1235 4927 tenuior
1288 4875 1505 4944 quidem
1569 4876 1619 4929 in
1684 4877 2136 4944 patriarchis,iu
2192 4879 2309 4949 lege

723 4984 853 5024 vero
907 4981 962 5023 et
1012 4970 1294 5039 prophetis
1344 4970 1594 5033 validior,
1636 4970 1903 5024 illustrior
1949 4986 2100 5033 vero,
2155 4981 2209 5025 et
2252 4982 2312 5025 ut

721 5060 979 5131 Theologi
1040 5061 1207 5117 verbo
1241 5072 1363 5116 utar
1394 5061 1532 5131 (55),
1599 5062 1766 5116 veluti
1824 5062 2196 5116 esseatialiter
2255 5062 2307 5115 in

789 5224 833 5254 °'
873 5221 892 5275 l
922 5219 1050 5277 Cor.
1100 5238 1155 5285 κ,
1188 5222 1247 5286 2,
1282 5221 1335 5274 6.

720 5294 763 5324 "
790 5293 992 5347 Jcrem.
1035 5293 1125 5357 23,
1160 5293 1252 5345 29.

1450 5221 1497 5252 ⁸⁷
1526 5220 1661 5276 Ibid.
1695 5223 1750 5276 4.
1865 5224 1907 5253 ⁸⁸
1932 5223 2066 5278 Joan
2104 5243 2202 5291 vn,
2237 5228 2305 5279 ‘58

2412 4598 2679 4667 Μωῦσῆς,
2707 4599 2791 4650 ὅτι
2822 4598 3090 4667 πρότερον
3112 4597 3260 4666 μὲνή
3287 4596 3490 4665 φυτικὴ
3510 4595 3656 4665 ψυχὴ
3678 4597 3997 4665 κατεδλήθη

2413 4693 2471 4742 ἐν
2500 4693 2615 4753 τοῖς
2646 4691 2858 4759 φυτοῖς,
2906 4684 3028 4741 εἶτα
3079 4690 3137 4740 ὲν
3180 4690 3297 4748 τοῖς
3337 4688 3558 4754 ἀλόγοις
3596 4689 3627 4755 ἠ
3669 4688 3997 4756 αἰσθητικὴ,

2408 4782 2698 4835 τελευταία
2728 4781 2771 4832 δ’
2807 4783 2864 4832 ὲν
2906 4779 2984 4848 τῷ
3026 4778 3321 4849 ἀνθρώπῳ,
3370 4780 3402 4847 ή
3451 4779 3634 4828 τελεία
3672 4778 3767 4828 καὶ
3801 4778 3999 4846 λογικὴ

2414 4878 2509 4929 σὺν
2535 4875 2615 4945 τῷ
2640 4874 2806 4943 λόγῳ,
2871 4875 2966 4925 καὶ
2995 4872 3093 4941 τὴν
3125 4871 3381 4939 φυτικὴν,
3411 4872 3506 4922 καὶ
3537 4871 3634 4937 τὴν
3666 4870 4000 4936 αἰσθητικὴν

2411 4969 2643 5037 δύναμιν
2693 4964 3138 5035 ἔχουςασοῦτως
3195 4965 3228 5031 ἡ
3282 4963 3377 5014 τοῦ
3439 4962 3761 5030 Πνεύματος
3835 4964 3999 5038 χάρις

2411 5064 2759 5136 ἁμυδροτέρα
2788 5062 2886 5132 μὲν
2927 5061 2984 5113 ὲν
3009 5062 3123 5122 τοῖς
3158 5059 3551 5129 πατριάρχαις,
3584 5061 3919 5127 ἰσχυροτέρα
3941 5059 3999 5109 δὲ

3426 5217 3464 5246 ⁷¹
3504 5216 3664 5271 hum.
3702 5232 3875 5278 xxvu,
3916 5215 3995 5268 l8.

2410 5230 2451 5259 ιε
2484 5185 2617 5280 Ibid.
2656 5225 2745 5278 ει).
2852 5224 2897 5252 το
2927 5222 3087 5276 Num.
3124 5236 3197 5285 λι,
3236 5219 3321 5272 t7.

1954 5408 2273 5469 Francisci
2308 5412 2518 5472 ὅροι-ξι
2553 5418 2739 5471 notas.

796 5529 907 5594 (53)
944 5525 1306 5596 Figurabatur
1338 5526 1568 5592 Spiritus
1603 5540 1838 5580 sanctus.
1888 5528 1963 5581 De
1998 5531 2096 5581 hac
2134 5530 2303 5597 figura

720 5601 989 5666 eopiosius
1025 5601 1372 5668 tltsset'ttttttus
1409 5600 1554 5649 hom.
1591 5603 1836 5652 autecetl.
1869 5613 1988 5668 quae
2016 5607 2099 5652 est
2132 5600 2202 5653 59
2240 5602 2304 5653 de

720 5670 933 5721 Asc-eus.
969 5679 1081 5721 not.
1112 5666 1203 5729 27,
1234 5681 1392 5733 quam
1426 5670 1663 5720 consule.

793 5740 901 5807 (Si)
938 5738 1138 5807 Figura
1170 5747 1282 5788 erat
1315 5753 1477 5791 mare.
1512 5748 1615 5790 etc.
1658 5737 1787 5791 Vide
1815 5741 2061 5791 eamdem
2097 5751 2297 5793 notant.

792 5810 909 5883 ιλε-ἰι
936 5807 1001 5862 U.‘
1027 5808 1269 5876 Tlteot'ogt
1296 5812 1440 5858 t't't'bo
1463 5820 1600 5861 utar.
1624 5810 1755 5861 Cum
1788 5810 1859 5861 ait
1887 5810 1969 5865 hic
1988 5826 2168 5864 numer
2188 5812 2297 5862 θεο-

2412 5532 2647 5598 λογικῶς
2676 5532 2873 5592 εἰπεῖν,
2892 5545 2994 5582 non
3027 5539 3110 5582 est
3140 5528 3574 5595 interpretandus
3600 5524 3666 5580 Ut
3698 5526 3998 5595 theologice

2411 5606 2492 5655 vel
2530 5602 2831 5669 tlteologico
2864 5602 3020 5653 modo
3054 5600 3261 5667 loquar,
3294 5608 3349 5650 ut
3379 5598 3607 5652 fortasse
3655 5598 3839 5665 quivis
3882 5613 3994 5669 non

2409 5673 2505 5726 abs
2526 5689 2580 5724 re
2598 5666 2951 5723 commentari
2974 5666 3163 5736 possit,
3184 5668 3277 5721 sed
3299 5669 3396 5720 huc
3417 5669 3665 5734 loquendi
3689 5672 3851 5718 modo
3868 5666 3997 5721 Gre-

2408 5758 2525 5810 gor.
2544 5741 2803 5809 Tltenlogi
2822 5744 2978 5813 verba
2995 5742 3122 5791 citat
3138 5754 3295 5806 quem
3317 5740 3434 5813 κατῖ
3453 5738 3644 5807 sia/fr:
3659 5736 3992 5813 Theotogntu

2409 5814 2738 5880 appellatum
2803 5810 2936 5863 satis
2992 5819 3237 5876 constat,
3297 5809 3437 5877 quod
3490 5818 3543 5861 et
3602 5821 3767 5875 supra
3812 5809 3995 5860 notavi
