4184 6440
187 385 299 448 ’197

1591 391 1919 451 HOMILIA
1958 393 2115 457 XLI.

3355 403 3464 465 ’ῖεεί

181 523 295 558 των
323 505 392 558 τά
421 505 678 574 δημόσια.
743 505 956 568 Ἀλλως
1010 523 1071 559 τε
1115 508 1177 559 οὐ
1247 509 1551 578 χρημάτων
1619 510 1762 578 μόνοι

1887 510 2018 565 lium
2055 514 2400 566 exactoribus
2433 515 2506 570 illi
2559 517 2932 572 imminebant.
2984 520 3250 572 Prmlerca
3295 522 3458 572 etiam

183 600 425 665 ἀφέντες
461 601 509 651 οἰ
539 599 806 668 μαθηταὶ,
845 601 984 654 ἀλλὰ
1018 603 1112 654 καὶ
1145 605 1347 672 σαρκὸς
1411 607 1627 676 ἡδονὰς,
1687 610 1782 660 καὶ

182 692 518 755 συγγενείας
549 694 891 760 σωματικὰς,
925 696 1018 746 καὶ
1047 698 1300 762 συνήθεις
1358 698 1654 766 ἑταιρείας,
1689 701 1780 751 καὶ

183 783 304 848 βίου
333 780 454 846 ἔθη,
484 782 579 832 καὶ
611 784 709 834 ὅσα
739 785 1033 851 μαχόμενά
1060 789 1176 838 ἐστι
1204 789 1341 856 πρὸς
1395 789 1492 859 τὴν
1535 789 1629 842 τοῦ
1676 791 1779 842 Εὐ-

180 874 452 938 αγγελίου
488 874 802 942 ἀκρίϐειαν.
839 875 999 927 Οὕτω
1030 877 1162 942 γοῦν
1205 879 1461 941 Ἰάκωϐος
1503 883 1600 934 καὶ
1667 883 1780 934 Ὶω-

178 964 353 1031 ἀννης
381 967 744 1030 ἀκούσαντες,
782 987 798 1018 t
825 968 1200 1022 ’Λκολουθεῖτέ
1231 989 1342 1039 μοι,
1373 992 1391 1023 ι
1416 975 1474 1025 οὺ
1499 975 1558 1026 τὸ
1591 975 1777 1026 πλοῖον

184 1058 377 1124 μόνον,
413 1058 507 1110 καὶ
533 1059 567 1112 ἃ
607 1062 939 1130 κατήρτιζον
970 1063 1184 1125 δίκτυα,
1227 1065 1364 1118 ἀλλὰ
1419 1069 1513 1119 καὶ
1546 1068 1637 1124 τὶν
1671 1085 1774 1120 πα-

176 1149 321 1217 τέρα
351 1150 638 1204 Ζεϐεδαῖον
680 1154 1135 1208 καταλελοίπασι.
1158 1158 1369 1220 Παῦλος
1399 1159 1455 1210 δὲ
1490 1165 1627 1229 πρὸς
1664 1178 1775 1222 τοις

178 1243 369 1304 ἄλλοις
411 1245 545 1296 πᾶσι
582 1246 678 1296 καὶ
704 1247 844 1298 αὖτά
874 1248 942 1299 τὰ
971 1249 1063 1300 τοῦ
1087 1252 1256 1318 νόμου
1307 1253 1773 1320 παραγγέλματα,

177 1331 259 1394 οἷς
319 1336 564 1406 ἀρχῆθεν
627 1339 919 1409 συνέζησε,
953 1342 1043 1394 διὰ
1094 1344 1333 1413 Χριστὸν
1367 1347 1612 1415 ἡγήσατο
1641 1347 1773 1400 σκύ-

175 1426 344 1481 ξαλα.

255 1615 273 1646 ι
328 1594 392 1650 ’0
421 1598 477 1651 δὲ
521 1601 730 1671 Ἰησοῦς
758 1600 913 1658 εἶπεν
947 1609 1130 1670 αὐτοῖς
1157 1626 1169 1638 ·
1248 1612 1441 1679 Ὑμεῖς
1467 1613 1513 1664 οἱ
1544 1614 1771 1667 ἀκολουο

176 1687 456 1755 θήσαντές
487 1710 578 1761 μοι
614 1697 673 1746 ὲν
706 1699 770 1767 τῇ
835 1698 1252 1771 παλιγγενεσία,
1317 1705 1444 1755 ὅταν
1506 1705 1706 1776 καθίσῃ
1745 1707 1772 1759 ὁ

180 1778 306 1840 Υἱὸς
339 1780 437 1832 τοῦ
470 1783 761 1853 ἀνθρώπου
789 1789 880 1839 ἐπὶ
923 1788 1115 1856 θρόνου
1171 1793 1328 1864 δόξης
1376 1795 1564 1860 αὑτοῦ,
1618 1795 1771 1847 καθί-

1885 615 1988 651 ιιοιι
2022 602 2457 670 pecuniasmodo
2487 603 2739 674 discipuli
2769 607 3141 673 repudiarunt,
3173 607 3266 657 sed
3297 609 3459 660 etiam

1882 693 2063 746 carnis
2096 694 2398 762 voluptates
2429 705 2481 748 et
2512 698 2885 764 cognationes,
2914 709 2966 750 et
2999 700 3296 752 ιιιιιῐιιοειιιιι
3328 717 3462 749 eon-

1881 785 2221 849 sueludiues,
2253 795 2303 838 et
2341 787 2464 840 vita:
2491 804 2602 840 stlte
2639 805 2836 853 mores,
2869 800 2922 842 ct
2946 799 3208 857 quotquot
3235 806 3460 842 summa:

1882 878 2202 942 pet-feetioni
2273 881 2597 946 evangeliea:
2664 883 3053 948 repugnabant.
3113 881 3203 935 Sic
3261 883 3459 950 quippe

1879 967 2113 1023 Jacobus
2172 980 2224 1024 et
2261 969 2516 1037 Joannes,
2571 973 2658 1025 ubi
2709 975 2994 1027 audierunt
3047 991 3229 1028 vocem
3288 976 3457 1040 illam,

1889 1078 1908 1110 ι
1957 1059 2260 1125 Sequimini
2299 1077 2383 1113 me
2411 1064 2479 1128 ",
2515 1082 2533 1112 ι
2571 1079 2679 1116 non
2710 1064 2886 1116 navim
2935 1067 3114 1129 modo,
3149 1075 3202 1119 et
3227 1082 3343 1135 qua:
3378 1083 3460 1119 re-

1889 1153 2146 1207 ﬁciebant
2201 1156 2383 1217 retia,
2445 1156 2538 1208 sed
2574 1166 2625 1208 et
2669 1165 2877 1223 patrem
2931 1155 3250 1210 Zebedmum
3303 1158 3458 1210 dese-

1881 1255 2126 1299 ruerunt.
2165 1244 2364 1298 Paulus
2396 1261 2520 1298 vero
2547 1255 2741 1314 praeter
2773 1245 2872 1296 alia
2897 1247 3100 1310 Omnia,
3123 1248 3264 1314 ipsas
3293 1250 3456 1300 etiam

1887 1336 2020 1402 legis
2055 1337 2487 1401 Observationes,
2520 1338 2714 1404 quibus
2754 1352 2783 1390 a
2832 1336 3119 1404 principio,
3156 1352 3217 1387 ac.
3253 1354 3347 1404 per
3377 1349 3456 1390 to-

1881 1436 1988 1478 tam
2027 1427 2281 1495 deinceps
2312 1436 2632 1479 assueverat
2686 1426 2850 1478 vitam
2879 1463 2894 1488 ,
2928 1439 3150 1494 propter
3180 1425 3454 1480 Cbristttnt

1878 1517 2175 1571 arbitratus
2212 1529 2297 1572 est
2342 1529 2580 1572 stercora
2617 1517 2684 1570 ⁹⁷.

1952 1626 1970 1658 ς
1995 1607 2154 1662 Jesus
2192 1621 2370 1662 autem
2414 1611 2547 1663 dixit
2587 1609 2690 1663 illis
2725 1609 2856 1664 :Vos
2889 1609 2977 1676 qui
3006 1609 3179 1662 seculi
3213 1607 3342 1662 estis
3370 1622 3456 1661 me

1876 1699 1928 1751 in
1953 1699 2380 1766 regeneratione,
2413 1713 2535 1752 cum
2568 1699 3206 1753 sederitFiliusbominis
3239 1701 3288 1750 in
3321 1699 3453 1752 sede

1878 1789 2182 1856 majestatis
2224 1804 2356 1855 suae,
2408 1791 2666 1844 sedebitis
2716 1800 2769 1844 et
2823 1807 2918 1846 vos
2946 1806 3110 1858 super
3137 1793 3295 1844 sedes
3319 1793 3453 1842 duo-

180 1869 342 1921 σεσθε
383 1873 475 1923 καὶ
511 1874 673 1942 ὑμεῖς
695 1876 788 1927 ἐπὶ
809 1877 1020 1932 δώδεκα
1047 1881 1271 1950 θρόνους
1332 1885 1611 1953 κρίνοντες
1667 1888 1762 1949 τὰς

1873 1883 2043 1936 decim
2071 1882 2377 1951 judicantes
2399 1883 2680 1938 duodecim
2707 1885 2878 1938 tribus
2907 1883 3089 1938 Israel.
3126 1901 3145 1934 ι
3181 1885 3447 1950 Quoniam

177 1958 392 2012 δώδεκα
426 1963 598 2028 φυλὰς
622 1965 714 2018 τοῦ
766 1967 1005 2039 Ἰσραήλ.
1045 1989 1064 2020 ι
1151 1973 1367 2043 Ἐπειδὴ
1427 1980 1578 2045 κοινῇ
1631 1978 1767 2030 πᾶσι

177 2054 288 2112 τοῖς
321 2055 596 2124 μαθηταῖς
629 2059 923 2127 διελέγετο,
951 2063 1120 2133 συνῆν
1149 2065 1207 2118 δὲ
1239 2066 1453 2131 τούτοις
1475 2073 1569 2122 καὶ
1591 2072 1617 2124 ὁ
1637 2070 1763 2122 κλει-

176 2146 480 2210 πτίστατος
511 2153 784 2224 μαθητὴς,
822 2156 909 2208 διὰ
939 2157 1098 2211 τοῦτο
1122 2161 1221 2213 οῦκ
1245 2157 1398 2214 εἶπεν
1431 2182 1450 2214 t
1514 2166 1576 2216 υί
1635 2165 1765 2217 ἀκο-

174 2239 500 2305 λουθοῦντες
534 2263 646 2314 μοι,
685 2265 704 2298 ι
731 2247 849 2302 ἀλλ’
885 2253 950 2305 Ol
973 2253 1513 2322 ἀκολουθήσαντές
1535 2275 1655 2326 μοι,
1714 2261 1763 2311 ot

175 2332 233 2383 τὸ
256 2334 580 2390 ἀκολουθεῖν
632 2341 795 2411 μέχρι
821 2343 1011 2406 τέλους
1043 2350 1405 2416 τηρήσαντες.
1439 2350 1593 2420 ’ῌδει
1629 2351 1760 2420 γὰρ,

175 2422 316 2491 ᾔδει,
351 2425 427 2488 ὠς
459 2427 489 2478 ό
533 2428 738 2493 Ἰούδας
769 2433 964 2502 μικρὸν
989 2436 1112 2489 ὅσον
1140 2438 1298 2505 ἀφεὶς
1329 2439 1388 2492 τὸ
1445 2441 1763 2495 ἀκολουθεῖν

173 2516 274 2586 τὴν
309 2519 567 2573 ἐναντίαν
595 2525 958 2594 τραπήσεται,
990 2531 1083 2583 καὶ
1114 2530 1182 2582 δι’
1223 2525 1297 2584 ὧν
1327 2534 1579 2603 φανερῶς
1607 2539 1764 2605 ποιή-

176 2627 259 2662 σει
296 2619 538 2682 σημανεῖ
563 2619 661 2684 τῆς
686 2619 864 2689 ψυχῆς
911 2629 1011 2692 τὴν
1068 2626 1442 2696 ἐναντιότητα.
1510 2627 1600 2690 Ὠς
1653 2630 1761 2696 pip

177 2701 407 2770 φιλῆσαι
437 2705 672 2774 ἠθέλησε
710 2710 804 2762 τοῦ
852 2712 1176 2767 διδασκάλου
1231 2716 1291 2768 τὸ
1335 2718 1646 2786 πρόσωπον,
1703 2721 1760 2772 τὸ

174 2795 496 2850 ἀκολουθεῖν
537 2801 874 2873 ἀπηνῄνατο.
917 2805 975 2857 '0
1005 2807 1112 2875 γὰρ
1147 2807 1206 2860 τὸ
1267 2812 1560 2878 πρόσωπον
1591 2812 1760 2878 φιλῶν

173 2889 276 2939 οὐκ
305 2890 616 2955 ἀκολουθεῖ,
653 2895 769 2948 ἀλλ’
801 2899 1220 2967 ἀντιπρόσωπον
1253 2901 1490 2956 ἵσταται.
1537 2905 1601 2956 '0
1627 2904 1760 2974 γοῦν

174 2981 484 3050 πεποίηκεν
507 2983 804 3055 αἰσθητῶς,
838 2989 994 3042 τοῦτο
1062 2992 1298 3045 πέπονθε
1356 2995 1585 3062 νοητῶς,
1638 2997 1760 3048 ἀντὶ

172 3073 271 3126 τοῦ
307 3077 628 3131 ἀκολουθεῖν
658 3082 736 3148 τῷ
765 3083 1072 3155 διδασκάλῳ
1110 3085 1198 3138 δ;ὰ
1258 3088 1543 3156 μιμήσεως
1602 3089 1761 3140 ὲναν-

1871 1990 1994 2029 cum
2028 1974 2282 2027 omnibus
2315 1974 2598 2041 discipulis
2625 1973 2988 2026 communiter
3013 1987 3320 2026 sermonem
3356 1973 3451 2024 ba-

1869 2066 2054 2132 bebat,
2082 2075 2307 2132 eratque
2339 2081 2457 2118 cmn
2481 2066 2585 2118 illis
2623 2081 2726 2118 una
2758 2063 3133 2116 furacissitnus
3165 2063 3252 2116 ille
3285 2063 3450 2116 disci-

1869 2161 2024 2230 pulus
2053 2200 2066 2224 ,
2102 2159 2222 2214 ideo
2256 2176 2362 2212 non
2403 2159 2607 2212 dixitol
2642 2157 3064 2218 ἀκολουθοῦντες
3128 2174 3218 2226 με,
3245 2157 3335 2224 qui
3365 2173 3450 2209 δε·-

1864 2253 2089 2322 quimini
2107 2269 2206 2314 me,
2229 2253 2323 2305 sed
2343 2252 2393 2304 οἰ
2413 2251 2882 2319 ἀκολουθήσαντες
2904 2252 2994 2320 qui
3016 2253 3067 2301 in
3090 2266 3169 2302 me
3189 2249 3450 2318 sequendo

1867 2345 2034 2417 294
2062 2346 2518 2414 perseverat-eritis
2553 2344 2690 2412 (77).
2734 2344 2951 2398 Sciebat
2992 2343 3159 2402 enim,
3206 2342 3448 2409 profectu

1868 2441 2075 2494 sciebat
2127 2439 2366 2494 futurutn
2406 2450 2457 2492 ιιι
2493 2437 2660 2492 Judas
2711 2438 2869 2506 paulo
2913 2446 3036 2505 post
3082 2450 3112 2489 a
3169 2437 3447 2504 sequendo

1867 2534 2190 2595 desisteret,
2236 2545 2290 2587 et
2321 2533 2655 2588 contrariam
2714 2531 2873 2584 iniret
2930 2534 3113 2594 viam,
3159 2539 3213 2584 et
3248 2544 3346 2597 per
3397 2530 3448 2580 id

1863 2626 2004 2694 quod
2041 2624 2218 2694 palam
2253 2631 2507 2692 gesturus
2531 2633 2682 2686 erat,
2731 2637 2982 2676 aversum
3016 2623 3256 2674 animum
3287 2636 3445 2673 sumn

1863 2721 2220 2787 significaret.
2276 2720 2390 2785 Qua
2465 2720 2607 2770 enim
2660 2715 2903 2786 Magistri
2957 2717 3147 2769 faciem
3208 2715 3447 2768 osculari

1862 2813 2056 2874 voluit,
2096 2813 2249 2878 sequi
2283 2811 2578 2865 recusavit.
2622 2807 2724 2875 Qui
2759 2809 2901 2861 enim
2934 2805 3178 2860 osculum
3207 2808 3288 2859 ori
3323 2803 3448 2869 fert,

1865 2921 1970 2958 non
2015 2920 2156 2972 pone
2189 2905 2463 2972 sequitur,
2491 2903 2584 2956 sed
2621 2909 2809 2955 contra
2843 2899 3033 2952 faciem
3067 2899 3265 2951 adstat.
3294 2896 3445 2962 Quod

1866 2995 2030 3062 igitur
2074 3009 2238 3063 Opere
2292 2994 2412 3062 ipso
2465 2991 2713 3045 sensibus
2766 3000 2981 3060 patente
3031 2989 3304 3058 patravit,
3345 2987 3448 3040 boe

1863 3088 2028 3139 etiam
2061 3086 2210 3139 intus
2254 3085 2305 3138 in
2355 3084 2538 3138 animo
2569 3083 2764 3137 fecisse
2815 3081 3158 3147 intelligitur,
3186 3079 3443 3132 nimirum

174 3169 397 3230 τιωθεὶς
425 3170 513 3224 διὰ
539 3172 640 3240 τῆς
680 3177 1041 3246 φαυλότητος.
1105 3179 1197 3230 Διὸ
1247 3183 1340 3234 καὶ
1407 3182 1506 3250 τῆς
1560 3183 1758 3252 διπλῆς

1869 3190 1925 3231 ιιι
1969 3193 2066 3248 per
2117 3177 2464 3246 iniquitatem
2521 3176 2866 3228 adversarius
2912 3170 3142 3225 Dm'nino
3186 3170 3447 3231 evaserit,

174 3261 325 3328 ζωῆς
357 3264 712 3335 ἀπεστερήθη
741 3269 945 3339 ἀγχόνη
1001 3271 1362 3341 ἀποφθαρεὶς,
1389 3273 1483 3326 καὶ
1510 3275 1755 3338 εἰκότως·

182 3371 197 3401 ι
243 3354 440 3418 Οὐδεὶς
461 3359 570 3427 γὰρ
604 3359 796 3426 δψεται
822 3362 882 3412 τὸ
936 3363 1230 3432 πρόσωπον
1278 3364 1374 3417 τοῦ
1435 3365 1591 3429 Θεοῦ,
1663 3369 1758 3422 καὶ

173 3445 428 3513 ζήσεται,
471 3468 489 3498 ι
527 3450 712 3514 καθὼς
734 3453 808 3521 τῷ
831 3454 1060 3506 Μωῦσεῖ
1084 3458 1522 3525 κεχρημάτισται
1558 3473 1572 3488 ⁸
1603 3477 1758 3512 τουτ-

172 3539 345 3603 έστιν,
380 3541 572 3604 Οὐδεὶς
606 3546 960 3608 ἐναντιωθεὶς
987 3548 1064 3617 τῷ
1088 3549 1208 3618 Θεῷ
1238 3549 1338 3619 τὴν
1367 3550 1542 3620 ἀληθῆ
1601 3552 1757 3621 ζήσει

171 3627 341 3699 ζωὴν,
370 3632 486 3683 ἀλλ’
512 3634 539 3683 ὁ
571 3637 710 3686 κατά
736 3637 977 3690 Μιυῦαέα
997 3639 1066 3691 τά
1084 3640 1305 3692 οπίσθια
1340 3641 1759 3713 β).ἐπων,ἧγονν

172 3724 511 3778 ἀκολουθῶν.
549 3744 569 3777 t
593 3728 782 3796 Ὑμεῖς
807 3729 920 3809 οῦν,
982 3731 1167 3800 φησὶν,
1219 3733 1268 3786 οἱ
1290 3733 1758 3803 ἀκολουθήσαντές

175 3832 291 3881 μοι,
329 3833 347 3865 ι
380 3817 479 3868 καὶ
507 3817 604 3886 τὴν
651 3819 795 3886 ἐμὴν
825 3819 1127 3883 πολιτείαν,
1185 3821 1262 3884 ὡς
1300 3823 1526 3892 ἐφικτὸν
1587 3841 1761 3893 μιμη-

178 3909 623 3977 σάμενοι,τοῦτο
676 3913 737 3964 τὸ
788 3912 959 3981 γέρας
1025 3915 1323 3984 κομίσεσθε
1379 3917 1438 3969 ἐν
1484 3919 1549 3987 τῇ
1602 3921 1755 3988 κοινῇ

171 4000 501 4064 ἀναστάσει,
536 4003 605 4072 ἦν
647 4004 1080 4072 παλιγγενεσίαν
1141 4008 1420 4069 ἐκάλεσεν,
1473 4010 1544 4072 ὼς
1602 4007 1758 4072 αὖθις

170 4092 566 4159 ἀναγεννῶσαν
598 4097 770 4163 ἡμᾶς,
805 4098 898 4148 καὶ
924 4099 1005 4160 εἰς
1036 4100 1096 4150 τὸ
1120 4101 1355 4168 ἀρχαῖον
1387 4103 1756 4169 μετάγουσαν,

169 4185 414 4252 ὁπηνίκα
453 4188 481 4238 ὁ
515 4186 642 4250 Υἱὸς
669 4188 760 4240 τοῦ
797 4188 1090 4260 ἀνθρώπου
1140 4192 1344 4263 καθίσῃ
1391 4194 1490 4246 οὐκ
1521 4196 1581 4247 ἐν
1609 4195 1761 4248 εὐτε-

170 4277 290 4346 λείᾳ
322 4280 418 4330 καὶ
451 4281 699 4349 σχήματι
725 4281 994 4350 ταπεινῷ,
1040 4281 1227 4344 καθὼς
1257 4285 1453 4352 ὁρᾶται
1497 4287 1616 4349 νῦν,
1643 4284 1758 4337 ἀλλ’

176 4372 233 4422 ὲν
266 4373 559 4442 ἀπροσίτῳ
584 4375 707 4444 δόξῃ
741 4377 837 4426 καὶ
861 4375 1040 4445 θεῖκῇ,
1078 4376 1358 4428 καθιεῖσθε
1383 4377 1477 4435 καὶ
1507 4378 1667 4446 ὑμεῖς
1701 4378 1759 4429 ὲν

176 4464 492 4533 ἰσαρίθμοις
520 4465 733 4535 θρόνοις
783 4467 882 4528 τὰς
943 4468 1349 4538 Ἰσραηλιτικὰς
1407 4470 1580 4538 φυλὰς
1638 4469 1759 4540 κρίτ

170 4574 376 4620 νοντες.
408 4558 582 4610 Ταυτὶ
610 4560 666 4611 δὲ
695 4561 764 4612 τὰ
783 4562 924 4629 ρητὰ
953 4560 1150 4630 διπλῆν
1181 4561 1362 4614 ὠδίνει
1381 4562 1479 4632 τὴν
1500 4564 1755 4633 ζήτησιν·

173 4649 307 4716 μίαν
339 4650 464 4718 μὲν,
489 4653 538 4702 εἰ
571 4652 631 4702 ὲν
651 4655 716 4720 τῇ
753 4653 983 4724 δευτέρᾳ
1018 4653 1292 4724 παρουσίᾳ
1340 4654 1582 4724 Χριστοῦ
1616 4655 1754 4709 καθ-

172 4741 316 4792 ῖεταί
356 4756 440 4799 τις
473 4740 658 4810 ἕτερος
703 4743 821 4810 μετ’
882 4742 1056 4795 αὑτοῦ
1087 4760 1102 4774 ο
1147 4744 1343 4813 ἑτέραν
1373 4744 1451 4808 δὲ,
1496 4743 1615 4807 πῶς
1648 4749 1753 4815 τῆς

170 4835 412 4903 κρίσεως
433 4832 684 4901 δοθείσης
710 4833 788 4903 τῷ
812 4834 927 4904 Υἱῷ
960 4837 1112 4904 παρά
1135 4835 1228 4888 τοῦ
1269 4839 1509 4908 Πατρὸς,
1533 4839 1592 4889 ἐν
1637 4841 1755 4902 τοῖς

167 4925 497 4989 ἀποστόλοις
516 4925 575 4977 τὸ
593 4926 799 4994 κρίνειν
836 4927 1273 4998 μετατεθήσεται
1312 4947 1326 4994 ;
1363 4947 1381 4981 ι
1422 4928 1480 4982 Ὀ
1511 4929 1617 5000 γὰρ
1645 4930 1756 4983 ῐΙα-

171 5024 270 5088 τὴρ
304 5018 487 5089 κρίνει
509 5019 726 5085 οὐδένα,
757 5021 928 5091 φησὶν
961 5022 990 5074 ὁ
1020 5022 1241 5094 Σωτὴρ,
1271 5022 1408 5076 ἀλλά
1435 5023 1534 5092 τὴν
1565 5022 1751 5092 κρίσιν

239 5173 286 5205 ⁸⁸
312 5171 511 5227 Matth.
547 5187 620 5238 tv,
655 5173 746 5227 22.
829 5174 873 5207 "
906 5173 1142 5246 Philipp.
1176 5192 1270 5241 Ill,
1309 5178 1364 5234 8.

1863 3273 1952 3340 qui
1986 3287 2079 3340 per
2112 3271 2474 3324 imitationem
2508 3269 2657 3322 illum
2699 3267 2850 3336 sequi
2902 3266 3155 3321 debebat.
3207 3263 3362 3318 Unde
3393 3273 3449 3316 et

1869 3365 2066 3434 laqueo
2095 3372 2409 3433 peremptus
2449 3361 2713 3430 duplicem
2749 3360 2917 3412 vitam
2971 3358 3192 3421 amisit,
3239 3367 3292 3410 et
3329 3372 3442 3410 me-

1864 3458 1970 3512 rito
2001 3456 2217 3522 quidem
2253 3471 2350 3510 suo
2396 3474 2409 3508 :
2445 3473 2463 3506 t
2502 3453 2672 3507 Nemo
2694 3453 2837 3506 enim
2868 3451 3059 3505 faciem
3100 3449 3188 3503 Dei
3222 3451 3441 3509 videbit,

1861 3561 1917 3606 et
1949 3551 2111 3618 vivet,
2154 3570 2171 3602 ι
2204 3549 2358 3616 juxta
2389 3547 2667 3604 oraeulmn
2702 3544 2870 3614 Moysi
2897 3546 3081 3597 datum
3110 3544 3179 3606 ",
3206 3543 3307 3597 hoc
3341 3552 3441 3605 est,

1861 3642 2030 3697 Nemo
2065 3643 2157 3712 qui
2208 3652 2399 3696 contra
2465 3640 2630 3693 Deum
2688 3639 2908 3699 adstat,
2960 3653 3146 3690 veram
3189 3637 3331 3690 vivet
3364 3637 3444 3690 vi-

1865 3744 1972 3788 tam
1998 3775 2012 3797 ,
2051 3735 2147 3790 sed
2174 3734 2265 3801 qui
2295 3733 2448 3800 juxta
2477 3731 2714 3802 Moysem
2759 3731 3060 3799 posteriora
3100 3730 3244 3784 videt
3273 3770 3286 3793 ,
3343 3728 3443 3782 hoc

1862 3836 1946 3882 est
1980 3826 2269 3895 sequitur:
2308 3844 2326 3876 ι
2367 3823 2477 3878 Vos
2514 3825 2704 3893 igitur,
2731 3825 2932 3894 inquit,
2966 3825 3060 3893 qui
3091 3822 3262 3878 secuti
3293 3823 3445 3875 eritis

1865 3933 1991 3982 me,
2034 3936 2052 3970 ι
2094 3927 2147 3971 et
2176 3917 2298 3971 vita:
2334 3931 2468 3969 mete
2509 3915 2771 3968 rationem
2799 3955 2816 3980 ,
2862 3925 3124 3984 quantmu
3181 3913 3442 3981 consequi

1861 4025 1960 4079 pro
2017 4007 2276 4062 facultate
2329 4007 2575 4075 poteritis
2602 4046 2616 4070 ,
2649 4007 2886 4060 imitati.
2925 4006 3206 4075 praitnium
3257 4004 3446 4059 feretis

1861 4101 1918 4156 in
1956 4101 2200 4156 omnium
2228 4101 2507 4152 hominum
2552 4098 2954 4153 resurreCtione
2977 4137 2991 4162 ,
3019 4112 3180 4166 (luam
3217 4110 3442 4165 regene-

1863 4193 2130 4246 rationem
2181 4191 2438 4260 appellat,
2472 4199 2663 4260 utpote
2709 4206 2828 4257 quae
2876 4205 2974 4242 uos
3007 4189 3183 4242 denuo
3234 4188 3439 4257 gignat,

1862 4295 1916 4340 et
1956 4286 2008 4340 in
2037 4285 2318 4353 antiquum
2379 4284 2630 4338 restituat
2684 4293 2917 4350 statum,
2979 4281 3196 4350 quando
3241 4280 3441 4334 sederit

1863 4376 2032 4432 Filius
2068 4375 2336 4442 hominis,
2372 4391 2478 4429 non
2527 4377 2579 4429 in
2615 4374 2824 4445 vulgari
2878 4384 2932 4429 et
2958 4373 3147 4427 humili
3192 4374 3292 4427 hoc
3349 4373 3442 4425 ba-

1863 4467 2002 4533 bitu,
2033 4468 2086 4521 in
2125 4483 2234 4538 quo
2274 4483 2418 4521 nunc
2448 4478 2709 4537 apparet,
2739 4467 2833 4521 sed
2878 4467 2929 4520 in
2963 4467 3244 4535 majestate
3288 4464 3437 4516 inac-

1864 4576 2015 4616 cessa
2076 4571 2240 4629 atque
2284 4561 2507 4624 divitia,
2571 4559 2829 4614 sedebitis
2871 4567 2926 4614 et
2970 4574 3064 4614 vos
3113 4557 3440 4612 lsraeliticas

1875 4653 2048 4707 tribus
2099 4652 2382 4705 duodecim
2432 4650 2741 4719 iudicantes
2809 4651 2862 4702 in
2926 4649 3147 4702 totidem
3207 4645 3436 4700 tbtonis.

1867 4744 2141 4812 Duplicem
2182 4757 2343 4810 porro
2371 4741 2485 4794 haec
2525 4742 2688 4795 verba
2733 4741 3126 4795 dubitationem
3181 4738 3435 4807 pariunt:

1863 4837 2088 4891 alteram
2170 4835 2428 4903 quidem,
2505 4843 2686 4887 utrum
2768 4833 2819 4886 in
2907 4833 3145 4888 secundo
3205 4831 3436 4883 adventu

1861 4929 2063 4983 Christi
2120 4929 2192 4982 sit
2246 4943 2497 4982 sessurus
2548 4943 2668 4981 cum
2720 4927 2808 4980 illo
2858 4927 3127 4996 quispiam
3161 4942 3176 4990 ;
3207 4923 3433 4976 alteram

1861 5035 2013 5089 vero,
2049 5023 2320 5091 quomodo
2370 5035 2491 5074 cum
2536 5021 2798 5090 judicium
2851 5035 2883 5074 a
2930 5019 3090 5073 Patre
3129 5019 3314 5072 datum
3368 5014 3435 5069 sit

1443 5177 1489 5210 “
1522 5177 1696 5232 Exod.
1758 5191 1930 5231 χχχιιι
1955 5213 1972 5240 ,
2007 5176 2099 5230 20.

1433 5311 1760 5373 Francisci
1789 5311 1998 5374 Scorsi
2028 5318 2219 5372 notas.

241 5431 357 5499 (77)
393 5429 496 5493 Qui
526 5429 578 5482 iu
621 5428 701 5483 ius
745 5431 1004 5500 sequendo
1040 5435 1511 5496 perseveraverttis.
1571 5431 1742 5498 llnius

170 5501 458 5556 sententia:
489 5501 568 5554 vis
598 5500 813 5554 elicitur
844 5503 910 5554 ab
941 5513 1161 5554 auctore
1189 5519 1217 5555 a
1249 5501 1438 5556 ereo
1460 5504 1509 5555 οἱ
1527 5503 1754 5555 ἀκολου-

171 5573 443 5642 ϐήσαντες
484 5571 625 5640 quod
674 5581 886 5640 tempus
934 5579 1018 5625 est
1045 5571 1297 5641 ἀόριστον
1322 5582 1376 5626 et
1405 5589 1500 5641 pro
1529 5585 1753 5640 prreter-

173 5645 248 5697 ito
311 5655 458 5710 saepe
528 5642 794 5694 sumitur:
849 5643 1152 5710 adeoquea
1211 5654 1395 5696 nostro
1456 5645 1748 5710 interprete

175 5714 452 5768 redditum
506 5723 610 5774 εει,
665 5710 769 5776 Qui
815 5714 980 5765 secuti
1044 5718 1168 5765 estis
1215 5728 1335 5774 me;
1406 5714 1497 5766 sed
1566 5713 1746 5766 reddit

175 5783 581 5836 accontmodate
625 5791 823 5851 potest,
861 5784 964 5848 Qui
1005 5783 1170 5836 secuti
1206 5782 1413 5851 {mritis
1461 5801 1560 5844 me,
1598 5785 1740 5849 quod

175 5868 276 5909 nos
309 5853 538 5917 maioris
578 5853 955 5920 explicationis
1012 5855 1185 5921 gratia
1225 5855 1458 5908 diximus
1493 5875 1495 5877 ί
1539 5854 1642 5920 Qui
1685 5856 1738 5906 in

1849 5449 1931 5487 me
1966 5436 2222 5502 sequendo
2266 5432 2741 5499 perseveraveritis.
2785 5431 2880 5485 llic
2912 5433 3074 5484 etiam
3135 5434 3425 5490 adverten-

1855 5505 1982 5555 dum
2011 5514 2091 5556 est
2120 5516 2325 5572 partem
2371 5503 2529 5567 hujus
2556 5503 2851 5566 Evangelii,
2891 5505 3031 5567 quod
3065 5505 3422 5571 'l'heopbaues

1850 5574 2074 5641 exponit
2122 5571 2217 5639 per
2266 5573 2403 5624 bane
2467 5571 2799 5625 Dominicam
2830 5587 2949 5624 esse
2998 5573 3418 5641 desumptamex

1849 5657 1970 5710 cap.
2008 5659 2118 5704 xix,
2160 5642 2216 5695 S.
2281 5641 2538 5703 Mattluei,
2571 5658 2667 5692 nee
2714 5642 2987 5695 cohaerere
3017 5657 3138 5694 eum
3171 5645 3418 5710 superio-

1847 5711 2021 5773 ribus,
2067 5728 2187 5774 qute
2218 5723 2342 5764 sunt
2399 5713 2537 5777 apud
2587 5711 2757 5778 ipsum
2812 5711 3003 5764 Matth.
3055 5728 3172 5778 cap.
3201 5730 3254 5774 x,
3321 5715 3414 5768 sed

1843 5781 2012 5835 Gneri
2066 5781 2339 5850 Evangelii
2385 5782 2644 5835 lectiones
2691 5784 2890 5847 quibus
2919 5783 2969 5834 in
3002 5782 3233 5849 liturgiis
3260 5794 3416 5837 utun-

1844 5865 1928 5906 tur
1975 5868 2038 5906 ex
2081 5851 2244 5905 variis
2289 5852 2610 5921 quandoque
2642 5851 2910 5920 ﬁgmentis
2965 5864 3322 5920 componunt.
