  <div class='ocr_page' id='page_1' title='image "/cluster/home/n/w/nwhite01/storage/ocr_20150623/132/nnc1.0046979662/413.png"; bbox 0 0 4184 6440; ppageno 0'>
   <div class='ocr_carea' id='block_1_1' title="bbox 710 377 813 440">
    <p class='ocr_par' dir='ltr' id='par_1_1' title="bbox 710 377 813 440">
     <span class='ocr_line' id='line_1_1' title="bbox 710 377 813 440; baseline -0.019 -1"><span class='ocrx_word' id='word_1_1' title='bbox 710 377 813 440; x_wconf 78' lang='grc'><strong>807</strong></span> 
     </span>
    </p>
   </div>
   <div class='ocr_carea' id='block_1_2' title="bbox 710 578 2303 637">
    <p class='ocr_par' dir='ltr' id='par_1_2' title="bbox 710 578 2303 637">
     <span class='ocr_line' id='line_1_2' title="bbox 710 578 2303 637; baseline 0.001 -3"><span class='ocrx_word' id='word_1_2' title='bbox 710 594 860 636; x_wconf 80' lang='lat' dir='ltr'><strong>tuum</strong></span> <span class='ocrx_word' id='word_1_3' title='bbox 906 582 1145 634; x_wconf 89' lang='lat' dir='ltr'><strong>lucidum</strong></span> <span class='ocrx_word' id='word_1_4' title='bbox 1193 581 1319 631; x_wconf 83' lang='lat' dir='ltr'><strong>erit.</strong></span> <span class='ocrx_word' id='word_1_5' title='bbox 1358 598 1376 629; x_wconf 74' lang='grc' dir='ltr'><strong>ι</strong></span> <span class='ocrx_word' id='word_1_6' title='bbox 1420 578 1484 630; x_wconf 86' lang='grc' dir='ltr'>Ει</span> <span class='ocrx_word' id='word_1_7' title='bbox 1518 580 1714 634; x_wconf 88' lang='lat' dir='ltr'><strong>merito</strong></span> <span class='ocrx_word' id='word_1_8' title='bbox 1753 600 1766 633; x_wconf 91' lang='lat'>:</span> <span class='ocrx_word' id='word_1_9' title='bbox 1809 599 1933 637; x_wconf 85' lang='lat' dir='ltr'><strong>nam</strong></span> <span class='ocrx_word' id='word_1_10' title='bbox 1971 586 2014 637; x_wconf 91' lang='lat' dir='ltr'><strong>si</strong></span> <span class='ocrx_word' id='word_1_11' title='bbox 2049 584 2189 637; x_wconf 91' lang='lat' dir='ltr'><strong>oculi</strong></span> <span class='ocrx_word' id='word_1_12' title='bbox 2232 582 2303 636; x_wconf 88' lang='lat' dir='ltr'><strong>ttti</strong></span> 
     </span>
    </p>
   </div>
   <div class='ocr_carea' id='block_1_3' title="bbox 711 669 2303 743">
    <p class='ocr_par' dir='ltr' id='par_1_3' title="bbox 711 669 2303 743">
     <span class='ocr_line' id='line_1_3' title="bbox 711 669 2303 743; baseline -0.001 -17"><span class='ocrx_word' id='word_1_13' title='bbox 711 684 858 729; x_wconf 85' lang='lat' dir='ltr'><strong>recta</strong></span> <span class='ocrx_word' id='word_1_14' title='bbox 914 674 1099 725; x_wconf 85' lang='lat' dir='ltr'><strong>vident</strong></span> <span class='ocrx_word' id='word_1_15' title='bbox 1148 670 1300 737; x_wconf 78' lang='lat' dir='ltr'><strong>juxta</strong></span> <span class='ocrx_word' id='word_1_16' title='bbox 1350 669 1557 722; x_wconf 89' lang='lat' dir='ltr'><strong>dictum</strong></span> <span class='ocrx_word' id='word_1_17' title='bbox 1613 670 1888 740; x_wconf 76' lang='lat' dir='ltr'><strong>Sapientis</strong></span> <span class='ocrx_word' id='word_1_18' title='bbox 1941 674 2087 743; x_wconf 85' lang='lat'><strong>(86),</strong></span> <span class='ocrx_word' id='word_1_19' title='bbox 2131 682 2303 726; x_wconf 88' lang='lat' dir='ltr'><strong>totum</strong></span> 
     </span>
    </p>
   </div>
   <div class='ocr_carea' id='block_1_4' title="bbox 708 765 2305 831">
    <p class='ocr_par' dir='ltr' id='par_1_4' title="bbox 708 765 2305 831">
     <span class='ocr_line' id='line_1_4' title="bbox 708 765 2305 831; baseline 0.002 -16"><span class='ocrx_word' id='word_1_20' title='bbox 708 778 907 830; x_wconf 76' lang='lat' dir='ltr'><strong>corpus</strong></span> <span class='ocrx_word' id='word_1_21' title='bbox 968 776 1028 811; x_wconf 71' lang='lat' dir='ltr'><strong>ea</strong></span> <span class='ocrx_word' id='word_1_22' title='bbox 1089 776 1208 828; x_wconf 76' lang='lat' dir='ltr'><strong>quze</strong></span> <span class='ocrx_word' id='word_1_23' title='bbox 1272 770 1480 814; x_wconf 73' lang='lat' dir='ltr'><strong>natura:</strong></span> <span class='ocrx_word' id='word_1_24' title='bbox 1535 769 1621 813; x_wconf 92' lang='lat' dir='ltr'><strong>est</strong></span> <span class='ocrx_word' id='word_1_25' title='bbox 1666 776 1943 831; x_wconf 80' lang='lat' dir='ltr'><strong>congrua,</strong></span> <span class='ocrx_word' id='word_1_26' title='bbox 1987 765 2305 830; x_wconf 86' lang='lat' dir='ltr'><strong>operatione</strong></span> 
     </span>
    </p>
   </div>
   <div class='ocr_carea' id='block_1_5' title="bbox 713 848 2304 919">
    <p class='ocr_par' dir='ltr' id='par_1_5' title="bbox 713 848 2304 919">
     <span class='ocr_line' id='line_1_5' title="bbox 713 848 2304 919; baseline 0.003 -16"><span class='ocrx_word' id='word_1_27' title='bbox 713 851 1081 906; x_wconf 77' lang='lat' dir='ltr'><strong>illustratur&quot;.</strong></span> <span class='ocrx_word' id='word_1_28' title='bbox 1153 849 1301 903; x_wconf 81' lang='lat' dir='ltr'><strong>lianc</strong></span> <span class='ocrx_word' id='word_1_29' title='bbox 1373 848 1783 919; x_wconf 73' lang='lat' dir='ltr'><strong>simplicitatem</strong></span> <span class='ocrx_word' id='word_1_30' title='bbox 1856 852 2095 906; x_wconf 87' lang='lat' dir='ltr'><strong>habebat</strong></span> <span class='ocrx_word' id='word_1_31' title='bbox 2162 853 2304 907; x_wconf 83' lang='lat' dir='ltr'><strong>beati</strong></span> 
     </span>
    </p>
   </div>
   <div class='ocr_carea' id='block_1_6' title="bbox 713 942 2302 1013">
    <p class='ocr_par' dir='ltr' id='par_1_6' title="bbox 713 942 2302 1013">
     <span class='ocr_line' id='line_1_6' title="bbox 713 942 2302 1013; baseline 0.001 -16"><span class='ocrx_word' id='word_1_32' title='bbox 713 945 934 997; x_wconf 71' lang='lat' dir='ltr'><strong>Davidis</strong></span> <span class='ocrx_word' id='word_1_33' title='bbox 971 942 1182 997; x_wconf 82' lang='lat' dir='ltr'><strong>oculus.</strong></span> <span class='ocrx_word' id='word_1_34' title='bbox 1213 942 1421 997; x_wconf 78' lang='lat' dir='ltr'><strong>Idcirco</strong></span> <span class='ocrx_word' id='word_1_35' title='bbox 1459 956 1583 996; x_wconf 90' lang='lat' dir='ltr'><strong>cum</strong></span> <span class='ocrx_word' id='word_1_36' title='bbox 1621 942 1731 995; x_wconf 90' lang='lat' dir='ltr'><strong>Deo</strong></span> <span class='ocrx_word' id='word_1_37' title='bbox 1766 942 1997 1013; x_wconf 89' lang='lat' dir='ltr'><strong>loquens</strong></span> <span class='ocrx_word' id='word_1_38' title='bbox 2033 944 2250 999; x_wconf 89' lang='lat' dir='ltr'><strong>dicebat</strong></span> <span class='ocrx_word' id='word_1_39' title='bbox 2288 963 2302 998; x_wconf 91' lang='lat'>:</span> 
     </span>
    </p>
   </div>
   <div class='ocr_carea' id='block_1_7' title="bbox 715 1034 2304 1106">
    <p class='ocr_par' dir='ltr' id='par_1_7' title="bbox 715 1034 2304 1106">
     <span class='ocr_line' id='line_1_7' title="bbox 715 1034 2304 1106; baseline 0.001 -18"><span class='ocrx_word' id='word_1_40' title='bbox 715 1056 731 1088; x_wconf 80' lang='grc' dir='ltr'><strong>ι</strong></span> <span class='ocrx_word' id='word_1_41' title='bbox 766 1038 1015 1101; x_wconf 87' lang='lat' dir='ltr'><strong>Domine,</strong></span> <span class='ocrx_word' id='word_1_42' title='bbox 1040 1052 1144 1089; x_wconf 88' lang='lat' dir='ltr'><strong>non</strong></span> <span class='ocrx_word' id='word_1_43' title='bbox 1176 1045 1257 1088; x_wconf 77' lang='lat' dir='ltr'><strong>est</strong></span> <span class='ocrx_word' id='word_1_44' title='bbox 1284 1034 1579 1088; x_wconf 81' lang='lat' dir='ltr'><strong>exaltatum</strong></span> <span class='ocrx_word' id='word_1_45' title='bbox 1610 1049 1705 1089; x_wconf 89' lang='lat' dir='ltr'><strong>cor</strong></span> <span class='ocrx_word' id='word_1_46' title='bbox 1732 1050 1946 1100; x_wconf 89' lang='lat' dir='ltr'><strong>meum,</strong></span> <span class='ocrx_word' id='word_1_47' title='bbox 1976 1052 2151 1106; x_wconf 87' lang='lat' dir='ltr'><strong>neque</strong></span> <span class='ocrx_word' id='word_1_48' title='bbox 2181 1037 2304 1092; x_wconf 92' lang='lat' dir='ltr'><strong>elati</strong></span> 
     </span>
    </p>
   </div>
   <div class='ocr_carea' id='block_1_8' title="bbox 710 1127 2305 1197">
    <p class='ocr_par' dir='ltr' id='par_1_8' title="bbox 710 1127 2305 1197">
     <span class='ocr_line' id='line_1_8' title="bbox 710 1127 2305 1197; baseline 0.001 -14"><span class='ocrx_word' id='word_1_49' title='bbox 710 1141 830 1183; x_wconf 88' lang='lat' dir='ltr'><strong>sunt</strong></span> <span class='ocrx_word' id='word_1_50' title='bbox 881 1130 1019 1183; x_wconf 85' lang='lat' dir='ltr'><strong>oculi</strong></span> <span class='ocrx_word' id='word_1_51' title='bbox 1074 1129 1239 1181; x_wconf 70' lang='lat' dir='ltr'><strong>tnei’.</strong></span> <span class='ocrx_word' id='word_1_52' title='bbox 1286 1147 1305 1180; x_wconf 70' lang='grc' dir='ltr'><strong>ι</strong></span> <span class='ocrx_word' id='word_1_53' title='bbox 1359 1127 1424 1180; x_wconf 87' lang='lat' dir='ltr'><strong>Et</strong></span> <span class='ocrx_word' id='word_1_54' title='bbox 1474 1129 1731 1197; x_wconf 90' lang='lat' dir='ltr'><strong>quoniam</strong></span> <span class='ocrx_word' id='word_1_55' title='bbox 1778 1130 2011 1184; x_wconf 85' lang='lat' dir='ltr'><strong>elatione</strong></span> <span class='ocrx_word' id='word_1_56' title='bbox 2056 1132 2205 1184; x_wconf 82' lang='lat' dir='ltr'><strong>visus</strong></span> <span class='ocrx_word' id='word_1_57' title='bbox 2256 1132 2305 1184; x_wconf 90' lang='lat' dir='ltr'><strong>ci</strong></span> 
     </span>
    </p>
   </div>
   <div class='ocr_carea' id='block_1_9' title="bbox 710 1222 2306 1291">
    <p class='ocr_par' dir='ltr' id='par_1_9' title="bbox 710 1222 2306 1291">
     <span class='ocr_line' id='line_1_9' title="bbox 710 1222 2306 1291; baseline 0.001 -16"><span class='ocrx_word' id='word_1_58' title='bbox 710 1225 959 1282; x_wconf 62' lang='grc' dir='ltr'>(τιτι-ικιι.</span> <span class='ocrx_word' id='word_1_59' title='bbox 988 1233 1043 1276; x_wconf 91' lang='lat' dir='ltr'><strong>et</strong></span> <span class='ocrx_word' id='word_1_60' title='bbox 1090 1224 1141 1275; x_wconf 92' lang='lat' dir='ltr'><strong>iu</strong></span> <span class='ocrx_word' id='word_1_61' title='bbox 1190 1222 1306 1277; x_wconf 91' lang='lat' dir='ltr'><strong>solo</strong></span> <span class='ocrx_word' id='word_1_62' title='bbox 1352 1223 1491 1276; x_wconf 90' lang='lat' dir='ltr'><strong>bono</strong></span> <span class='ocrx_word' id='word_1_63' title='bbox 1538 1232 1863 1290; x_wconf 87' lang='lat' dir='ltr'><strong>occupatus,</strong></span> <span class='ocrx_word' id='word_1_64' title='bbox 1900 1232 2069 1275; x_wconf 91' lang='lat' dir='ltr'><strong>totum</strong></span> <span class='ocrx_word' id='word_1_65' title='bbox 2108 1237 2306 1291; x_wconf 91' lang='lat' dir='ltr'><strong>corpus</strong></span> 
     </span>
    </p>
   </div>
   <div class='ocr_carea' id='block_1_10' title="bbox 710 1313 2308 1384">
    <p class='ocr_par' dir='ltr' id='par_1_10' title="bbox 710 1313 2308 1384">
     <span class='ocr_line' id='line_1_10' title="bbox 710 1313 2308 1384; baseline 0.003 -18"><span class='ocrx_word' id='word_1_66' title='bbox 710 1319 827 1384; x_wconf 68' lang='lat' dir='ltr'><strong>t-jus</strong></span> <span class='ocrx_word' id='word_1_67' title='bbox 865 1318 1105 1370; x_wconf 88' lang='lat' dir='ltr'><strong>lucidum</strong></span> <span class='ocrx_word' id='word_1_68' title='bbox 1141 1326 1253 1369; x_wconf 89' lang='lat' dir='ltr'><strong>erat</strong></span> <span class='ocrx_word' id='word_1_69' title='bbox 1285 1316 1338 1368; x_wconf 95' lang='lat' dir='ltr'><strong>in</strong></span> <span class='ocrx_word' id='word_1_70' title='bbox 1377 1315 1523 1369; x_wconf 90' lang='lat' dir='ltr'><strong>nulla</strong></span> <span class='ocrx_word' id='word_1_71' title='bbox 1558 1332 1617 1369; x_wconf 92' lang='lat' dir='ltr'><strong>re</strong></span> <span class='ocrx_word' id='word_1_72' title='bbox 1646 1313 1949 1369; x_wconf 76' lang='lat' dir='ltr'><strong>olfendens.</strong></span> <span class='ocrx_word' id='word_1_73' title='bbox 1981 1315 2114 1369; x_wconf 89' lang='lat' dir='ltr'><strong>Nam</strong></span> <span class='ocrx_word' id='word_1_74' title='bbox 2154 1318 2308 1370; x_wconf 84' lang='lat' dir='ltr'><strong>audi-</strong></span> 
     </span>
    </p>
   </div>
   <div class='ocr_carea' id='block_1_11' title="bbox 711 1406 2309 1477">
    <p class='ocr_par' dir='ltr' id='par_1_11' title="bbox 711 1406 2309 1477">
     <span class='ocr_line' id='line_1_11' title="bbox 711 1406 2309 1477; baseline 0 -18"><span class='ocrx_word' id='word_1_75' title='bbox 711 1421 797 1460; x_wconf 70' lang='lat' dir='ltr'><strong>tus</strong></span> <span class='ocrx_word' id='word_1_76' title='bbox 827 1410 1046 1477; x_wconf 86' lang='lat' dir='ltr'><strong>quidem</strong></span> <span class='ocrx_word' id='word_1_77' title='bbox 1083 1409 1137 1461; x_wconf 90' lang='lat' dir='ltr'><strong>in</strong></span> <span class='ocrx_word' id='word_1_78' title='bbox 1171 1406 1506 1471; x_wconf 84' lang='lat' dir='ltr'><strong>excipiendis</strong></span> <span class='ocrx_word' id='word_1_79' title='bbox 1543 1406 1745 1459; x_wconf 85' lang='lat' dir='ltr'><strong>divinis</strong></span> <span class='ocrx_word' id='word_1_80' title='bbox 1780 1406 1941 1460; x_wconf 85' lang='lat' dir='ltr'>rebus</span> <span class='ocrx_word' id='word_1_81' title='bbox 1977 1416 2095 1460; x_wconf 85' lang='lat' dir='ltr'><strong>erat</strong></span> <span class='ocrx_word' id='word_1_82' title='bbox 2130 1406 2309 1460; x_wconf 91' lang='lat' dir='ltr'><strong>inten-</strong></span> 
     </span>
    </p>
   </div>
   <div class='ocr_carea' id='block_1_12' title="bbox 712 1498 2309 1585">
    <p class='ocr_par' dir='ltr' id='par_1_12' title="bbox 712 1498 2309 1585">
     <span class='ocr_line' id='line_1_12' title="bbox 712 1498 2309 1585; baseline 0.003 -36"><span class='ocrx_word' id='word_1_83' title='bbox 712 1510 830 1563; x_wconf 71' lang='lat' dir='ltr'><strong>lus;</strong></span> <span class='ocrx_word' id='word_1_84' title='bbox 884 1502 955 1585; x_wconf 57' lang='lat' dir='ltr'><strong>ait</strong></span> <span class='ocrx_word' id='word_1_85' title='bbox 1006 1500 1149 1553; x_wconf 90' lang='lat' dir='ltr'><strong>enim</strong></span> <span class='ocrx_word' id='word_1_86' title='bbox 1207 1517 1218 1551; x_wconf 94' lang='lat'>:</span> <span class='ocrx_word' id='word_1_87' title='bbox 1278 1516 1295 1549; x_wconf 82' lang='lat' dir='ltr'><strong>t</strong></span> <span class='ocrx_word' id='word_1_88' title='bbox 1354 1499 1583 1552; x_wconf 81' lang='lat' dir='ltr'><strong>Audiam</strong></span> <span class='ocrx_word' id='word_1_89' title='bbox 1634 1499 1763 1568; x_wconf 87' lang='lat' dir='ltr'><strong>quid</strong></span> <span class='ocrx_word' id='word_1_90' title='bbox 1812 1498 2067 1567; x_wconf 88' lang='lat' dir='ltr'><strong>loquatur</strong></span> <span class='ocrx_word' id='word_1_91' title='bbox 2119 1500 2169 1552; x_wconf 92' lang='lat' dir='ltr'><strong>in</strong></span> <span class='ocrx_word' id='word_1_92' title='bbox 2225 1514 2309 1553; x_wconf 89' lang='lat' dir='ltr'><strong>me</strong></span> 
     </span>
    </p>
   </div>
   <div class='ocr_carea' id='block_1_13' title="bbox 716 1591 2307 1659">
    <p class='ocr_par' dir='ltr' id='par_1_13' title="bbox 716 1591 2307 1659">
     <span class='ocr_line' id='line_1_13' title="bbox 716 1591 2307 1659; baseline 0.002 -18"><span class='ocrx_word' id='word_1_93' title='bbox 716 1596 823 1643; x_wconf 71' lang='lat' dir='ltr'><strong>ltus:</strong></span> <span class='ocrx_word' id='word_1_94' title='bbox 853 1594 972 1646; x_wconf 59' lang='lat' dir='ltr'><strong>inus</strong></span> <span class='ocrx_word' id='word_1_95' title='bbox 1028 1592 1261 1645; x_wconf 67' lang='lat' dir='ltr'><strong>Deus”.</strong></span> <span class='ocrx_word' id='word_1_96' title='bbox 1301 1610 1321 1643; x_wconf 74' lang='grc' dir='ltr'><strong>ι</strong></span> <span class='ocrx_word' id='word_1_97' title='bbox 1376 1592 1635 1645; x_wconf 75' lang='lat' dir='ltr'><strong>Gustatus</strong></span> <span class='ocrx_word' id='word_1_98' title='bbox 1687 1606 1815 1645; x_wconf 89' lang='lat' dir='ltr'><strong>vero</strong></span> <span class='ocrx_word' id='word_1_99' title='bbox 1867 1606 1963 1659; x_wconf 91' lang='lat' dir='ltr'><strong>pro</strong></span> <span class='ocrx_word' id='word_1_100' title='bbox 2010 1591 2155 1643; x_wconf 89' lang='lat' dir='ltr'><strong>omni</strong></span> <span class='ocrx_word' id='word_1_101' title='bbox 2202 1591 2307 1644; x_wconf 90' lang='lat' dir='ltr'><strong>alia</strong></span> 
     </span>
    </p>
   </div>
   <div class='ocr_carea' id='block_1_14' title="bbox 711 1681 2309 1751">
    <p class='ocr_par' dir='ltr' id='par_1_14' title="bbox 711 1681 2309 1751">
     <span class='ocr_line' id='line_1_14' title="bbox 711 1681 2309 1751; baseline 0.001 -18"><span class='ocrx_word' id='word_1_102' title='bbox 711 1686 1032 1751; x_wconf 64' lang='lat' dir='ltr'><strong>dulcedine,</strong></span> <span class='ocrx_word' id='word_1_103' title='bbox 1084 1699 1205 1750; x_wconf 77' lang='lat' dir='ltr'><strong>qum</strong></span> <span class='ocrx_word' id='word_1_104' title='bbox 1270 1684 1519 1737; x_wconf 84' lang='lat' dir='ltr'><strong>homines</strong></span> <span class='ocrx_word' id='word_1_105' title='bbox 1578 1683 1745 1736; x_wconf 88' lang='lat' dir='ltr'><strong>animi</strong></span> <span class='ocrx_word' id='word_1_106' title='bbox 1807 1681 2309 1751; x_wconf 84' lang='lat' dir='ltr'><strong>perturbationibus</strong></span> 
     </span>
    </p>
   </div>
   <div class='ocr_carea' id='block_1_15' title="bbox 707 1774 2309 1845">
    <p class='ocr_par' dir='ltr' id='par_1_15' title="bbox 707 1774 2309 1845">
     <span class='ocr_line' id='line_1_15' title="bbox 707 1774 2309 1845; baseline -0.001 -18"><span class='ocrx_word' id='word_1_107' title='bbox 707 1778 973 1830; x_wconf 72' lang='lat' dir='ltr'><strong>obnoxios</strong></span> <span class='ocrx_word' id='word_1_108' title='bbox 1042 1777 1382 1845; x_wconf 62' lang='lat' dir='ltr'><strong>permulcere</strong></span> <span class='ocrx_word' id='word_1_109' title='bbox 1449 1776 1625 1837; x_wconf 85' lang='lat' dir='ltr'><strong>solet,</strong></span> <span class='ocrx_word' id='word_1_110' title='bbox 1693 1776 1892 1828; x_wconf 85' lang='lat' dir='ltr'><strong>divinis</strong></span> <span class='ocrx_word' id='word_1_111' title='bbox 1961 1774 2309 1829; x_wconf 88' lang='lat' dir='ltr'><strong>sermonibus</strong></span> 
     </span>
    </p>
   </div>
   <div class='ocr_carea' id='block_1_16' title="bbox 1935 371 2821 439">
    <p class='ocr_par' dir='ltr' id='par_1_16' title="bbox 1935 371 2821 439">
     <span class='ocr_line' id='line_1_16' title="bbox 1935 371 2821 439; baseline -0.01 1"><span class='ocrx_word' id='word_1_112' title='bbox 1935 372 2433 439; x_wconf 80' lang='lat' dir='ltr'><strong>TIIEOPIIANIS</strong></span> <span class='ocrx_word' id='word_1_113' title='bbox 2473 371 2821 431; x_wconf 79' lang='lat' dir='ltr'><strong>CERAMEI</strong></span> 
     </span>
    </p>
   </div>
   <div class='ocr_carea' id='block_1_17' title="bbox 785 486 2384 560">
    <p class='ocr_par' dir='ltr' id='par_1_17' title="bbox 785 486 2384 560">
     <span class='ocr_line' id='line_1_17' title="bbox 785 486 2384 560; baseline 0.004 -19"><span class='ocrx_word' id='word_1_114' title='bbox 785 511 803 541; x_wconf 75' lang='grc' dir='ltr'><strong>ι</strong></span> <span class='ocrx_word' id='word_1_115' title='bbox 858 490 914 543; x_wconf 88' lang='lat' dir='ltr'><strong>Si</strong></span> <span class='ocrx_word' id='word_1_116' title='bbox 968 488 1161 542; x_wconf 91' lang='lat' dir='ltr'><strong>oculus</strong></span> <span class='ocrx_word' id='word_1_117' title='bbox 1208 495 1335 541; x_wconf 88' lang='lat' dir='ltr'><strong>tuus</strong></span> <span class='ocrx_word' id='word_1_118' title='bbox 1383 486 1541 540; x_wconf 82' lang='lat' dir='ltr'><strong>fuertt</strong></span> <span class='ocrx_word' id='word_1_119' title='bbox 1595 487 1855 557; x_wconf 75' lang='lat' dir='ltr'><strong>simplex,</strong></span> <span class='ocrx_word' id='word_1_120' title='bbox 1889 502 2061 546; x_wconf 79' lang='lat' dir='ltr'><strong>tutum</strong></span> <span class='ocrx_word' id='word_1_121' title='bbox 2110 506 2308 560; x_wconf 87' lang='lat' dir='ltr'><strong>corpus</strong></span> <span class='ocrx_word' id='word_1_122' title='bbox 2338 490 2384 548; x_wconf 86' lang='lat' dir='ltr'><strong>A</strong></span> 
     </span>
    </p>
   </div>
   <div class='ocr_carea' id='block_1_18' title="bbox 3908 392 4013 453">
    <p class='ocr_par' dir='ltr' id='par_1_18' title="bbox 3908 392 4013 453">
     <span class='ocr_line' id='line_1_18' title="bbox 3908 392 4013 453; baseline 0.038 -4"><span class='ocrx_word' id='word_1_123' title='bbox 3908 392 4013 453; x_wconf 86' lang='lat'><strong>808</strong></span> 
     </span>
    </p>
   </div>
   <div class='ocr_carea' id='block_1_19' title="bbox 2493 488 4017 571">
    <p class='ocr_par' dir='ltr' id='par_1_19' title="bbox 2493 488 4017 571">
     <span class='ocr_line' id='line_1_19' title="bbox 2493 488 4017 571; baseline 0.012 -33"><span class='ocrx_word' id='word_1_124' title='bbox 2493 509 2509 538; x_wconf 75' lang='grc' dir='ltr'><strong>ι</strong></span> <span class='ocrx_word' id='word_1_125' title='bbox 2553 488 2681 540; x_wconf 68' lang='grc' dir='ltr'><strong>Ἐὰν</strong></span> <span class='ocrx_word' id='word_1_126' title='bbox 2701 489 2727 538; x_wconf 99' lang='lat'><strong>6</strong></span> <span class='ocrx_word' id='word_1_127' title='bbox 2758 488 3041 559; x_wconf 85' lang='grc' dir='ltr'>ὀφθαλμός</span> <span class='ocrx_word' id='word_1_128' title='bbox 3067 508 3160 544; x_wconf 89' lang='grc' dir='ltr'><strong>σου</strong></span> <span class='ocrx_word' id='word_1_129' title='bbox 3188 493 3393 559; x_wconf 80' lang='grc' dir='ltr'>ἁπλοῦς</span> <span class='ocrx_word' id='word_1_130' title='bbox 3419 493 3615 571; x_wconf 80' lang='grc' dir='ltr'>ᾗ,ὂλον</span> <span class='ocrx_word' id='word_1_131' title='bbox 3640 501 3701 552; x_wconf 76' lang='grc' dir='ltr'>τὸ</span> <span class='ocrx_word' id='word_1_132' title='bbox 3738 502 3903 571; x_wconf 81' lang='grc' dir='ltr'>σῶμά</span> <span class='ocrx_word' id='word_1_133' title='bbox 3919 522 4017 556; x_wconf 75' lang='grc' dir='ltr'><strong>σου</strong></span> 
     </span>
    </p>
   </div>
   <div class='ocr_carea' id='block_1_20' title="bbox 2411 580 4017 663">
    <p class='ocr_par' dir='ltr' id='par_1_20' title="bbox 2411 580 4017 663">
     <span class='ocr_line' id='line_1_20' title="bbox 2411 580 4017 663; baseline 0.008 -30"><span class='ocrx_word' id='word_1_134' title='bbox 2411 581 2677 650; x_wconf 85' lang='grc' dir='ltr'>φωτεινδν</span> <span class='ocrx_word' id='word_1_135' title='bbox 2705 580 2916 635; x_wconf 71' lang='grc' dir='ltr'>ἔσται.»</span> <span class='ocrx_word' id='word_1_136' title='bbox 2948 585 3056 636; x_wconf 80' lang='grc' dir='ltr'>Καὶ</span> <span class='ocrx_word' id='word_1_137' title='bbox 3087 585 3232 654; x_wconf 84' lang='grc' dir='ltr'>μάλα</span> <span class='ocrx_word' id='word_1_138' title='bbox 3255 587 3501 652; x_wconf 75' lang='grc' dir='ltr'>είκότωςο</span> <span class='ocrx_word' id='word_1_139' title='bbox 3524 593 3572 644; x_wconf 81' lang='grc' dir='ltr'>εἰ</span> <span class='ocrx_word' id='word_1_140' title='bbox 3603 591 3779 659; x_wconf 84' lang='grc' dir='ltr'>γάροί</span> <span class='ocrx_word' id='word_1_141' title='bbox 3808 596 4017 663; x_wconf 68' lang='grc' dir='ltr'>ὀφθαλ-</span> 
     </span>
    </p>
   </div>
   <div class='ocr_carea' id='block_1_21' title="bbox 2412 673 4011 753">
    <p class='ocr_par' dir='ltr' id='par_1_21' title="bbox 2412 673 4011 753">
     <span class='ocr_line' id='line_1_21' title="bbox 2412 673 4011 753; baseline 0.008 -29"><span class='ocrx_word' id='word_1_142' title='bbox 2412 673 2503 740; x_wconf 88' lang='grc' dir='ltr'><strong>μοί</strong></span> <span class='ocrx_word' id='word_1_143' title='bbox 2540 690 2634 725; x_wconf 85' lang='grc' dir='ltr'><strong>σου</strong></span> <span class='ocrx_word' id='word_1_144' title='bbox 2684 673 2802 725; x_wconf 79' lang='grc' dir='ltr'>λεῖα</span> <span class='ocrx_word' id='word_1_145' title='bbox 2853 673 3149 743; x_wconf 80' lang='grc' dir='ltr'><strong>βλέπουσι,</strong></span> <span class='ocrx_word' id='word_1_146' title='bbox 3192 679 3333 731; x_wconf 63' lang='grc' dir='ltr'>κατὰ</span> <span class='ocrx_word' id='word_1_147' title='bbox 3389 697 3481 732; x_wconf 81' lang='grc' dir='ltr'><strong>τον</strong></span> <span class='ocrx_word' id='word_1_148' title='bbox 3527 685 3754 736; x_wconf 73' lang='grc' dir='ltr'>εἰπόντα</span> <span class='ocrx_word' id='word_1_149' title='bbox 3821 689 4011 753; x_wconf 60' lang='lat' dir='ltr'><strong>caepim,</strong></span> 
     </span>
    </p>
   </div>
   <div class='ocr_carea' id='block_1_22' title="bbox 2415 764 4018 841">
    <p class='ocr_par' dir='ltr' id='par_1_22' title="bbox 2415 764 4018 841">
     <span class='ocr_line' id='line_1_22' title="bbox 2415 764 4018 841; baseline 0.007 -26"><span class='ocrx_word' id='word_1_150' title='bbox 2415 765 2525 816; x_wconf 78' lang='grc' dir='ltr'>πᾶν</span> <span class='ocrx_word' id='word_1_151' title='bbox 2549 764 2611 816; x_wconf 82' lang='grc' dir='ltr'>τὸ</span> <span class='ocrx_word' id='word_1_152' title='bbox 2635 765 2796 834; x_wconf 82' lang='grc' dir='ltr'>σῶμα</span> <span class='ocrx_word' id='word_1_153' title='bbox 2826 766 2893 833; x_wconf 84' lang='grc' dir='ltr'>τῇ</span> <span class='ocrx_word' id='word_1_154' title='bbox 2930 768 3073 819; x_wconf 74' lang='grc' dir='ltr'>κατὰ</span> <span class='ocrx_word' id='word_1_155' title='bbox 3125 768 3289 835; x_wconf 78' lang='grc' dir='ltr'>φύσιν</span> <span class='ocrx_word' id='word_1_156' title='bbox 3340 770 3596 841; x_wconf 75' lang='grc' dir='ltr'>ἐνεργείᾳ</span> <span class='ocrx_word' id='word_1_157' title='bbox 3640 776 4018 840; x_wconf 72' lang='grc' dir='ltr'>καταφωτίζεο</span> 
     </span>
    </p>
   </div>
   <div class='ocr_carea' id='block_1_23' title="bbox 2408 853 4013 935">
    <p class='ocr_par' dir='ltr' id='par_1_23' title="bbox 2408 853 4013 935">
     <span class='ocr_line' id='line_1_23' title="bbox 2408 853 4013 935; baseline 0.007 -27"><span class='ocrx_word' id='word_1_158' title='bbox 2408 873 2526 911; x_wconf 84' lang='grc' dir='ltr'>ται.</span> <span class='ocrx_word' id='word_1_159' title='bbox 2581 858 2803 928; x_wconf 78' lang='grc' dir='ltr'><strong>Ταύτην</strong></span> <span class='ocrx_word' id='word_1_160' title='bbox 2846 853 2960 927; x_wconf 82' lang='grc' dir='ltr'>εἶχε</span> <span class='ocrx_word' id='word_1_161' title='bbox 3005 858 3107 927; x_wconf 86' lang='grc' dir='ltr'><strong>τὴν</strong></span> <span class='ocrx_word' id='word_1_162' title='bbox 3152 860 3439 933; x_wconf 78' lang='grc' dir='ltr'>ἁπλότητα</span> <span class='ocrx_word' id='word_1_163' title='bbox 3493 863 3522 913; x_wconf 90' lang='lat'><strong>6</strong></span> <span class='ocrx_word' id='word_1_164' title='bbox 3576 864 3671 915; x_wconf 82' lang='grc' dir='ltr'><strong>τοῦ</strong></span> <span class='ocrx_word' id='word_1_165' title='bbox 3733 868 4013 935; x_wconf 78' lang='grc' dir='ltr'>μακαρίου</span> 
     </span>
    </p>
   </div>
   <div class='ocr_carea' id='block_1_24' title="bbox 2410 948 4011 1026">
    <p class='ocr_par' dir='ltr' id='par_1_24' title="bbox 2410 948 4011 1026">
     <span class='ocr_line' id='line_1_24' title="bbox 2410 948 4011 1026; baseline 0.006 -24"><span class='ocrx_word' id='word_1_166' title='bbox 2410 948 2578 1002; x_wconf 68' lang='grc' dir='ltr'>Δαϐλδ</span> <span class='ocrx_word' id='word_1_167' title='bbox 2621 950 2942 1021; x_wconf 74' lang='grc' dir='ltr'>ὀφθαλμός’</span> <span class='ocrx_word' id='word_1_168' title='bbox 3003 952 3084 1005; x_wconf 75' lang='grc' dir='ltr'>διὸ</span> <span class='ocrx_word' id='word_1_169' title='bbox 3135 954 3232 1005; x_wconf 76' lang='grc' dir='ltr'>καὶ</span> <span class='ocrx_word' id='word_1_170' title='bbox 3285 955 3442 1023; x_wconf 77' lang='grc' dir='ltr'>ἔλεγε</span> <span class='ocrx_word' id='word_1_171' title='bbox 3500 958 3637 1026; x_wconf 52' lang='grc' dir='ltr'>προς</span> <span class='ocrx_word' id='word_1_172' title='bbox 3687 960 3781 1010; x_wconf 71' lang='grc' dir='ltr'><strong>τἰν</strong></span> <span class='ocrx_word' id='word_1_173' title='bbox 3834 960 4011 1013; x_wconf 66' lang='grc' dir='ltr'>Θεόψ</span> 
     </span>
    </p>
   </div>
   <div class='ocr_carea' id='block_1_25' title="bbox 2416 1042 4013 1120">
    <p class='ocr_par' dir='ltr' id='par_1_25' title="bbox 2416 1042 4013 1120">
     <span class='ocr_line' id='line_1_25' title="bbox 2416 1042 4013 1120; baseline 0.008 -27"><span class='ocrx_word' id='word_1_174' title='bbox 2416 1063 2434 1093; x_wconf 80' lang='grc' dir='ltr'><strong>ι</strong></span> <span class='ocrx_word' id='word_1_175' title='bbox 2478 1042 2677 1113; x_wconf 82' lang='grc' dir='ltr'>Κύριε,</span> <span class='ocrx_word' id='word_1_176' title='bbox 2709 1045 2807 1112; x_wconf 77' lang='grc' dir='ltr'>οὐχ</span> <span class='ocrx_word' id='word_1_177' title='bbox 2840 1042 3033 1114; x_wconf 59' lang='grc' dir='ltr'>ὑψώθη</span> <span class='ocrx_word' id='word_1_178' title='bbox 3064 1048 3097 1116; x_wconf 83' lang='grc' dir='ltr'><strong>ἡ</strong></span> <span class='ocrx_word' id='word_1_179' title='bbox 3126 1047 3329 1117; x_wconf 81' lang='grc' dir='ltr'>καρδία</span> <span class='ocrx_word' id='word_1_180' title='bbox 3365 1065 3489 1117; x_wconf 79' lang='grc' dir='ltr'>μου,</span> <span class='ocrx_word' id='word_1_181' title='bbox 3519 1052 3639 1103; x_wconf 70' lang='grc' dir='ltr'>οὐδὲ</span> <span class='ocrx_word' id='word_1_182' title='bbox 3700 1054 4013 1120; x_wconf 78' lang='grc' dir='ltr'>ἐμετεωρίο</span> 
     </span>
    </p>
   </div>
   <div class='ocr_carea' id='block_1_26' title="bbox 2412 1136 4015 1216">
    <p class='ocr_par' dir='ltr' id='par_1_26' title="bbox 2412 1136 4015 1216">
     <span class='ocr_line' id='line_1_26' title="bbox 2412 1136 4015 1216; baseline 0.01 -30"><span class='ocrx_word' id='word_1_183' title='bbox 2412 1136 2621 1205; x_wconf 84' lang='grc' dir='ltr'>σθησαν</span> <span class='ocrx_word' id='word_1_184' title='bbox 2644 1138 2692 1188; x_wconf 73' lang='lat' dir='ltr'><strong>oi</strong></span> <span class='ocrx_word' id='word_1_185' title='bbox 2715 1137 2992 1207; x_wconf 74' lang='grc' dir='ltr'>ὀφθαλμοί</span> <span class='ocrx_word' id='word_1_186' title='bbox 3016 1157 3144 1210; x_wconf 84' lang='grc' dir='ltr'>μου.</span> <span class='ocrx_word' id='word_1_187' title='bbox 3177 1161 3195 1191; x_wconf 71' lang='grc' dir='ltr'><strong>ι</strong></span> <span class='ocrx_word' id='word_1_188' title='bbox 3228 1141 3339 1194; x_wconf 84' lang='grc' dir='ltr'><strong>Καὶ</strong></span> <span class='ocrx_word' id='word_1_189' title='bbox 3365 1144 3557 1214; x_wconf 82' lang='grc' dir='ltr'>ἐπειδὴ</span> <span class='ocrx_word' id='word_1_190' title='bbox 3592 1147 4015 1216; x_wconf 81' lang='grc' dir='ltr'>ἀμετεώριστον</span> 
     </span>
    </p>
   </div>
   <div class='ocr_carea' id='block_1_27' title="bbox 2412 1224 4015 1306">
    <p class='ocr_par' dir='ltr' id='par_1_27' title="bbox 2412 1224 4015 1306">
     <span class='ocr_line' id='line_1_27' title="bbox 2412 1224 4015 1306; baseline 0.009 -30"><span class='ocrx_word' id='word_1_191' title='bbox 2412 1224 2528 1295; x_wconf 76' lang='grc' dir='ltr'>εἶχε</span> <span class='ocrx_word' id='word_1_192' title='bbox 2561 1228 2659 1295; x_wconf 75' lang='grc' dir='ltr'><strong>τὴν</strong></span> <span class='ocrx_word' id='word_1_193' title='bbox 2686 1229 2880 1295; x_wconf 70' lang='grc' dir='ltr'>ὅρασιν</span> <span class='ocrx_word' id='word_1_194' title='bbox 2913 1228 3051 1297; x_wconf 81' lang='grc' dir='ltr'>πρὸς</span> <span class='ocrx_word' id='word_1_195' title='bbox 3082 1235 3246 1301; x_wconf 74' lang='grc' dir='ltr'>μόνον</span> <span class='ocrx_word' id='word_1_196' title='bbox 3272 1234 3747 1304; x_wconf 76' lang='grc' dir='ltr'>ἀπησχολημένην</span> <span class='ocrx_word' id='word_1_197' title='bbox 3776 1239 3839 1288; x_wconf 83' lang='grc' dir='ltr'><strong>τὸ</strong></span> <span class='ocrx_word' id='word_1_198' title='bbox 3876 1241 4015 1306; x_wconf 82' lang='grc' dir='ltr'>ἁγα-</span> 
     </span>
    </p>
   </div>
   <div class='ocr_carea' id='block_1_28' title="bbox 2412 1317 4015 1398">
    <p class='ocr_par' dir='ltr' id='par_1_28' title="bbox 2412 1317 4015 1398">
     <span class='ocr_line' id='line_1_28' title="bbox 2412 1317 4015 1398; baseline 0.011 -30"><span class='ocrx_word' id='word_1_199' title='bbox 2412 1317 2527 1381; x_wconf 85' lang='grc' dir='ltr'>θὸν,</span> <span class='ocrx_word' id='word_1_200' title='bbox 2568 1320 2717 1371; x_wconf 84' lang='grc' dir='ltr'>ἆπαν</span> <span class='ocrx_word' id='word_1_201' title='bbox 2750 1320 2917 1372; x_wconf 87' lang='grc' dir='ltr'>αὐτοῦ</span> <span class='ocrx_word' id='word_1_202' title='bbox 2945 1321 3005 1373; x_wconf 86' lang='grc' dir='ltr'><strong>τὸ</strong></span> <span class='ocrx_word' id='word_1_203' title='bbox 3046 1323 3209 1391; x_wconf 82' lang='grc' dir='ltr'>σῶμα</span> <span class='ocrx_word' id='word_1_204' title='bbox 3240 1327 3508 1392; x_wconf 79' lang='grc' dir='ltr'>φωτεινὸν</span> <span class='ocrx_word' id='word_1_205' title='bbox 3548 1328 3609 1379; x_wconf 78' lang='grc' dir='ltr'><strong>τὸ</strong></span> <span class='ocrx_word' id='word_1_206' title='bbox 3654 1331 4015 1398; x_wconf 72' lang='grc' dir='ltr'><strong>προσκύπτων</strong></span> 
     </span>
    </p>
   </div>
   <div class='ocr_carea' id='block_1_29' title="bbox 2411 1412 4014 1495">
    <p class='ocr_par' dir='ltr' id='par_1_29' title="bbox 2411 1412 4014 1495">
     <span class='ocr_line' id='line_1_29' title="bbox 2411 1412 4014 1495; baseline 0.011 -34"><span class='ocrx_word' id='word_1_207' title='bbox 2411 1412 2468 1462; x_wconf 81' lang='grc' dir='ltr'><strong>ἐν</strong></span> <span class='ocrx_word' id='word_1_208' title='bbox 2503 1415 2695 1481; x_wconf 78' lang='grc' dir='ltr'>μηδενί</span> <span class='ocrx_word' id='word_1_209' title='bbox 2723 1432 2736 1444; x_wconf 84' lang='grc'><em>’</em></span> <span class='ocrx_word' id='word_1_210' title='bbox 2772 1416 2925 1485; x_wconf 85' lang='grc' dir='ltr'>ἡμὲν</span> <span class='ocrx_word' id='word_1_211' title='bbox 2952 1417 3061 1486; x_wconf 76' lang='grc' dir='ltr'>γὰρ</span> <span class='ocrx_word' id='word_1_212' title='bbox 3110 1418 3250 1487; x_wconf 82' lang='grc' dir='ltr'>ἀκοὴ</span> <span class='ocrx_word' id='word_1_213' title='bbox 3307 1422 3663 1491; x_wconf 84' lang='grc' dir='ltr'>ἀπησχόλητο</span> <span class='ocrx_word' id='word_1_214' title='bbox 3726 1425 3870 1493; x_wconf 90' lang='grc' dir='ltr'>πρὸς</span> <span class='ocrx_word' id='word_1_215' title='bbox 3912 1428 4014 1495; x_wconf 77' lang='grc' dir='ltr'><strong>τὴν</strong></span> 
     </span>
    </p>
   </div>
   <div class='ocr_carea' id='block_1_30' title="bbox 2413 1505 4015 1585">
    <p class='ocr_par' dir='ltr' id='par_1_30' title="bbox 2413 1505 4015 1585">
     <span class='ocr_line' id='line_1_30' title="bbox 2413 1505 4015 1585; baseline 0.007 -27"><span class='ocrx_word' id='word_1_216' title='bbox 2413 1505 2564 1558; x_wconf 81' lang='grc' dir='ltr'>Θείαν</span> <span class='ocrx_word' id='word_1_217' title='bbox 2589 1506 2863 1561; x_wconf 87' lang='grc' dir='ltr'>ἐνώτισιν·</span> <span class='ocrx_word' id='word_1_218' title='bbox 2905 1529 2922 1561; x_wconf 83' lang='grc' dir='ltr'><strong>ι</strong></span> <span class='ocrx_word' id='word_1_219' title='bbox 2969 1510 3304 1580; x_wconf 79' lang='grc' dir='ltr'>Ἀκούσομαι</span> <span class='ocrx_word' id='word_1_220' title='bbox 3341 1512 3468 1581; x_wconf 80' lang='grc' dir='ltr'>γὰρ,</span> <span class='ocrx_word' id='word_1_221' title='bbox 3508 1517 3665 1581; x_wconf 73' lang='grc' dir='ltr'>φησὶ,</span> <span class='ocrx_word' id='word_1_222' title='bbox 3700 1516 3753 1567; x_wconf 83' lang='grc' dir='ltr'><strong>τί</strong></span> <span class='ocrx_word' id='word_1_223' title='bbox 3784 1516 4015 1585; x_wconf 75' lang='grc' dir='ltr'>λαλήσει</span> 
     </span>
    </p>
   </div>
   <div class='ocr_carea' id='block_1_31' title="bbox 2415 1600 4015 1678">
    <p class='ocr_par' dir='ltr' id='par_1_31' title="bbox 2415 1600 4015 1678">
     <span class='ocr_line' id='line_1_31' title="bbox 2415 1600 4015 1678; baseline 0.008 -29"><span class='ocrx_word' id='word_1_224' title='bbox 2415 1600 2472 1649; x_wconf 89' lang='grc' dir='ltr'><strong>ἐν</strong></span> <span class='ocrx_word' id='word_1_225' title='bbox 2511 1601 2637 1668; x_wconf 72' lang='grc' dir='ltr'>ἐμοὶ</span> <span class='ocrx_word' id='word_1_226' title='bbox 2675 1601 2884 1670; x_wconf 84' lang='grc' dir='ltr'>Κύριος</span> <span class='ocrx_word' id='word_1_227' title='bbox 2914 1604 2941 1655; x_wconf 91' lang='lat'><strong>6</strong></span> <span class='ocrx_word' id='word_1_228' title='bbox 2981 1604 3136 1666; x_wconf 82' lang='grc' dir='ltr'>Θεός.</span> <span class='ocrx_word' id='word_1_229' title='bbox 3171 1624 3188 1654; x_wconf 78' lang='grc' dir='ltr'><strong>ι</strong></span> <span class='ocrx_word' id='word_1_230' title='bbox 3236 1606 3301 1658; x_wconf 84' lang='grc' dir='ltr'><strong>Ἦ</strong></span> <span class='ocrx_word' id='word_1_231' title='bbox 3344 1606 3399 1658; x_wconf 83' lang='grc' dir='ltr'><strong>δέ</strong></span> <span class='ocrx_word' id='word_1_232' title='bbox 3434 1606 3645 1672; x_wconf 79' lang='grc' dir='ltr'>γεῦσις,</span> <span class='ocrx_word' id='word_1_233' title='bbox 3699 1610 3816 1660; x_wconf 74' lang='grc' dir='ltr'>ἀντ’</span> <span class='ocrx_word' id='word_1_234' title='bbox 3844 1611 4015 1678; x_wconf 82' lang='grc' dir='ltr'>ἄλλης</span> 
     </span>
    </p>
   </div>
   <div class='ocr_carea' id='block_1_32' title="bbox 2413 1692 4016 1769">
    <p class='ocr_par' dir='ltr' id='par_1_32' title="bbox 2413 1692 4016 1769">
     <span class='ocr_line' id='line_1_32' title="bbox 2413 1692 4016 1769; baseline 0.011 -29"><span class='ocrx_word' id='word_1_235' title='bbox 2413 1692 2754 1763; x_wconf 74' lang='grc' dir='ltr'><strong>γλυκύτητος</strong></span> <span class='ocrx_word' id='word_1_236' title='bbox 2804 1696 3108 1766; x_wconf 77' lang='grc' dir='ltr'><strong>ἡδυνούσης</strong></span> <span class='ocrx_word' id='word_1_237' title='bbox 3168 1701 3296 1760; x_wconf 77' lang='grc' dir='ltr'>τοὺς</span> <span class='ocrx_word' id='word_1_238' title='bbox 3333 1701 3628 1769; x_wconf 73' lang='grc' dir='ltr'><strong>ἐμπαθεῖς,</strong></span> <span class='ocrx_word' id='word_1_239' title='bbox 3660 1704 3772 1763; x_wconf 76' lang='grc' dir='ltr'>τοῖς</span> <span class='ocrx_word' id='word_1_240' title='bbox 3831 1704 4016 1769; x_wconf 56' lang='grc' dir='ltr'>λόγοις</span> 
     </span>
    </p>
   </div>
   <div class='ocr_carea' id='block_1_33' title="bbox 2412 1785 4014 1864">
    <p class='ocr_par' dir='ltr' id='par_1_33' title="bbox 2412 1785 4014 1864">
     <span class='ocr_line' id='line_1_33' title="bbox 2412 1785 4014 1864; baseline 0.007 -29"><span class='ocrx_word' id='word_1_241' title='bbox 2412 1785 2508 1836; x_wconf 86' lang='grc' dir='ltr'><strong>τοῦ</strong></span> <span class='ocrx_word' id='word_1_242' title='bbox 2545 1786 2682 1837; x_wconf 83' lang='grc' dir='ltr'>θεοῦ</span> <span class='ocrx_word' id='word_1_243' title='bbox 2704 1788 3006 1856; x_wconf 74' lang='grc' dir='ltr'>ἐφηδύνετο</span> <span class='ocrx_word' id='word_1_244' title='bbox 3030 1805 3044 1819; x_wconf 77' lang='grc' dir='ltr'><strong>ο</strong></span> <span class='ocrx_word' id='word_1_245' title='bbox 3084 1808 3102 1839; x_wconf 82' lang='grc' dir='ltr'><strong>ι</strong></span> <span class='ocrx_word' id='word_1_246' title='bbox 3153 1790 3242 1850; x_wconf 84' lang='grc' dir='ltr'>Ὠς</span> <span class='ocrx_word' id='word_1_247' title='bbox 3287 1794 3497 1859; x_wconf 86' lang='grc' dir='ltr'>γλυκέα</span> <span class='ocrx_word' id='word_1_248' title='bbox 3526 1794 3603 1862; x_wconf 79' lang='grc' dir='ltr'>τῷ</span> <span class='ocrx_word' id='word_1_249' title='bbox 3629 1794 3867 1864; x_wconf 77' lang='grc' dir='ltr'>λάρυγγὶ</span> <span class='ocrx_word' id='word_1_250' title='bbox 3912 1814 4014 1862; x_wconf 75' lang='grc' dir='ltr'><strong>μου</strong></span> 
     </span>
    </p>
   </div>
   <div class='ocr_carea' id='block_1_34' title="bbox 708 1845 2313 1955">
    <p class='ocr_par' dir='ltr' id='par_1_34' title="bbox 708 1868 2305 1937">
     <span class='ocr_line' id='line_1_34' title="bbox 708 1868 2305 1937; baseline 0.001 -18"><span class='ocrx_word' id='word_1_251' title='bbox 708 1871 1086 1924; x_wconf 71' lang='lat' dir='ltr'><strong>delectabatur</strong></span> <span class='ocrx_word' id='word_1_252' title='bbox 1119 1887 1132 1926; x_wconf 88' lang='lat'><strong>:</strong></span> <span class='ocrx_word' id='word_1_253' title='bbox 1175 1889 1193 1920; x_wconf 83' lang='grc' dir='ltr'><strong>ι</strong></span> <span class='ocrx_word' id='word_1_254' title='bbox 1229 1870 1399 1935; x_wconf 87' lang='lat' dir='ltr'><strong>Quam</strong></span> <span class='ocrx_word' id='word_1_255' title='bbox 1437 1869 1611 1922; x_wconf 84' lang='lat' dir='ltr'><strong>dulcia</strong></span> <span class='ocrx_word' id='word_1_256' title='bbox 1647 1868 1891 1923; x_wconf 78' lang='lat' dir='ltr'><strong>faucibus</strong></span> <span class='ocrx_word' id='word_1_257' title='bbox 1922 1868 2059 1923; x_wconf 88' lang='lat' dir='ltr'><strong>meis</strong></span> <span class='ocrx_word' id='word_1_258' title='bbox 2092 1868 2305 1937; x_wconf 87' lang='lat' dir='ltr'><strong>eloquia</strong></span> 
     </span>
    </p>
   </div>
   <div class='ocr_carea' id='block_1_35' title="bbox 2419 1845 4015 1955">
    <p class='ocr_par' dir='ltr' id='par_1_35' title="bbox 2419 1845 4015 1955">
     <span class='ocr_line' id='line_1_35' title="bbox 2419 1845 4015 1955; baseline 0.009 -28"><span class='ocrx_word' id='word_1_259' title='bbox 2419 1877 2483 1928; x_wconf 68' lang='grc' dir='ltr'>τὶ</span> <span class='ocrx_word' id='word_1_260' title='bbox 2509 1876 2668 1943; x_wconf 82' lang='grc' dir='ltr'>λόγιὰ</span> <span class='ocrx_word' id='word_1_261' title='bbox 2710 1845 2807 1929; x_wconf 71' lang='grc' dir='ltr'><strong>σού</strong></span> <span class='ocrx_word' id='word_1_262' title='bbox 2837 1882 2849 1932; x_wconf 80' lang='lat' dir='ltr'><strong>l</strong></span> <span class='ocrx_word' id='word_1_263' title='bbox 2880 1880 3023 1950; x_wconf 78' lang='grc' dir='ltr'>ὑπὲρ</span> <span class='ocrx_word' id='word_1_264' title='bbox 3073 1845 3311 1953; x_wconf 83' lang='grc' dir='ltr'>μέλι</span> <span class='ocrx_word' id='word_1_265' title='bbox 3354 1845 3589 1954; x_wconf 80' lang='grc' dir='ltr'>στόματί</span> <span class='ocrx_word' id='word_1_266' title='bbox 3656 1845 3840 1955; x_wconf 52' lang='lat' dir='ltr'><strong>pou...)</strong></span> <span class='ocrx_word' id='word_1_267' title='bbox 3901 1845 4015 1949; x_wconf 56' lang='grc' dir='ltr'>’λ’ὰς</span> 
     </span>
    </p>
   </div>
   <div class='ocr_carea' id='block_1_36' title="bbox 709 1948 2304 2032">
    <p class='ocr_par' dir='ltr' id='par_1_36' title="bbox 709 1948 2304 2032">
     <span class='ocr_line' id='line_1_36' title="bbox 709 1948 2304 2032; baseline 0.001 -20"><span class='ocrx_word' id='word_1_268' title='bbox 709 1965 832 2015; x_wconf 87' lang='lat' dir='ltr'><strong>tua!</strong></span> <span class='ocrx_word' id='word_1_269' title='bbox 871 1978 1030 2032; x_wconf 89' lang='lat' dir='ltr'><strong>super</strong></span> <span class='ocrx_word' id='word_1_270' title='bbox 1074 1963 1177 2016; x_wconf 88' lang='lat' dir='ltr'><strong>mel</strong></span> <span class='ocrx_word' id='word_1_271' title='bbox 1223 1963 1303 2015; x_wconf 87' lang='lat' dir='ltr'><strong>uri</strong></span> <span class='ocrx_word' id='word_1_272' title='bbox 1336 1962 1538 2016; x_wconf 84' lang='lat' dir='ltr'><strong>meo”.</strong></span> <span class='ocrx_word' id='word_1_273' title='bbox 1583 1982 1600 2014; x_wconf 73' lang='grc' dir='ltr'><strong>ι</strong></span> <span class='ocrx_word' id='word_1_274' title='bbox 1626 1948 1814 2015; x_wconf 76' lang='lat' dir='ltr'><strong>Manus</strong></span> <span class='ocrx_word' id='word_1_275' title='bbox 1831 1976 1961 2015; x_wconf 82' lang='lat' dir='ltr'><strong>vero</strong></span> <span class='ocrx_word' id='word_1_276' title='bbox 1981 1961 2203 2015; x_wconf 90' lang='lat' dir='ltr'><strong>tollebat</strong></span> <span class='ocrx_word' id='word_1_277' title='bbox 2240 1962 2304 2013; x_wconf 85' lang='lat' dir='ltr'><strong>ad</strong></span> 
     </span>
    </p>
   </div>
   <div class='ocr_carea' id='block_1_37' title="bbox 711 2053 2305 2109">
    <p class='ocr_par' dir='ltr' id='par_1_37' title="bbox 711 2053 2305 2109">
     <span class='ocr_line' id='line_1_37' title="bbox 711 2053 2305 2109; baseline -0.002 -3"><span class='ocrx_word' id='word_1_278' title='bbox 711 2055 875 2108; x_wconf 80' lang='lat' dir='ltr'><strong>Deum</strong></span> <span class='ocrx_word' id='word_1_279' title='bbox 930 2072 943 2108; x_wconf 89' lang='lat'>:</span> <span class='ocrx_word' id='word_1_280' title='bbox 1003 2074 1021 2105; x_wconf 82' lang='grc' dir='ltr'><strong>ι</strong></span> <span class='ocrx_word' id='word_1_281' title='bbox 1080 2055 1326 2109; x_wconf 78' lang='lat' dir='ltr'><strong>Elevntio</strong></span> <span class='ocrx_word' id='word_1_282' title='bbox 1375 2070 1632 2108; x_wconf 88' lang='lat' dir='ltr'><strong>manuum</strong></span> <span class='ocrx_word' id='word_1_283' title='bbox 1685 2069 1931 2107; x_wconf 86' lang='lat' dir='ltr'><strong>mearum</strong></span> <span class='ocrx_word' id='word_1_284' title='bbox 1975 2053 2305 2108; x_wconf 83' lang='lat' dir='ltr'><strong>sacriﬁcium</strong></span> 
     </span>
    </p>
   </div>
   <div class='ocr_carea' id='block_1_38' title="bbox 706 2145 2308 2215">
    <p class='ocr_par' dir='ltr' id='par_1_38' title="bbox 706 2145 2308 2215">
     <span class='ocr_line' id='line_1_38' title="bbox 706 2145 2308 2215; baseline 0 -17"><span class='ocrx_word' id='word_1_285' title='bbox 706 2149 1172 2215; x_wconf 78' lang='lat' dir='ltr'><strong>vespertinum&quot;.</strong></span> <span class='ocrx_word' id='word_1_286' title='bbox 1218 2166 1235 2196; x_wconf 72' lang='grc' dir='ltr'><strong>ι</strong></span> <span class='ocrx_word' id='word_1_287' title='bbox 1295 2145 1469 2199; x_wconf 88' lang='lat' dir='ltr'><strong>Pedes</strong></span> <span class='ocrx_word' id='word_1_288' title='bbox 1520 2162 1624 2198; x_wconf 90' lang='lat' dir='ltr'><strong>non</strong></span> <span class='ocrx_word' id='word_1_289' title='bbox 1674 2146 1922 2215; x_wconf 79' lang='lat' dir='ltr'><strong>oblique,</strong></span> <span class='ocrx_word' id='word_1_290' title='bbox 1953 2153 2006 2199; x_wconf 81' lang='lat' dir='ltr'><strong>et</strong></span> <span class='ocrx_word' id='word_1_291' title='bbox 2052 2145 2308 2199; x_wconf 83' lang='lat' dir='ltr'><strong>indecore</strong></span> 
     </span>
    </p>
   </div>
   <div class='ocr_carea' id='block_1_39' title="bbox 708 2222 2304 2306">
    <p class='ocr_par' dir='ltr' id='par_1_39' title="bbox 708 2222 2304 2306">
     <span class='ocr_line' id='line_1_39' title="bbox 708 2222 2304 2306; baseline -0.002 -13"><span class='ocrx_word' id='word_1_292' title='bbox 708 2244 1091 2306; x_wconf 72' lang='lat' dir='ltr'><strong>utoveLantur,</strong></span> <span class='ocrx_word' id='word_1_293' title='bbox 1135 2243 1231 2296; x_wconf 85' lang='lat' dir='ltr'><strong>sed</strong></span> <span class='ocrx_word' id='word_1_294' title='bbox 1286 2222 1484 2294; x_wconf 76' lang='lat' dir='ltr'><strong>ﬁducia</strong></span> <span class='ocrx_word' id='word_1_295' title='bbox 1535 2241 1586 2293; x_wconf 93' lang='lat' dir='ltr'><strong>in</strong></span> <span class='ocrx_word' id='word_1_296' title='bbox 1641 2239 1811 2295; x_wconf 91' lang='lat' dir='ltr'><strong>Deum</strong></span> <span class='ocrx_word' id='word_1_297' title='bbox 1863 2238 2066 2293; x_wconf 77' lang='lat' dir='ltr'><strong>sullulti</strong></span> <span class='ocrx_word' id='word_1_298' title='bbox 2116 2250 2304 2304; x_wconf 88' lang='lat' dir='ltr'><strong>erant;</strong></span> 
     </span>
    </p>
   </div>
   <div class='ocr_carea' id='block_1_40' title="bbox 705 2333 2303 2398">
    <p class='ocr_par' dir='ltr' id='par_1_40' title="bbox 705 2333 2303 2398">
     <span class='ocr_line' id='line_1_40' title="bbox 705 2333 2303 2398; baseline -0.004 -8"><span class='ocrx_word' id='word_1_299' title='bbox 705 2338 826 2390; x_wconf 87' lang='lat' dir='ltr'><strong>ideo</strong></span> <span class='ocrx_word' id='word_1_300' title='bbox 854 2337 1069 2390; x_wconf 79' lang='lat' dir='ltr'><strong>dicebat</strong></span> <span class='ocrx_word' id='word_1_301' title='bbox 1098 2352 1112 2390; x_wconf 88' lang='lat'><strong>:</strong></span> <span class='ocrx_word' id='word_1_302' title='bbox 1156 2354 1175 2387; x_wconf 80' lang='grc' dir='ltr'><strong>ι</strong></span> <span class='ocrx_word' id='word_1_303' title='bbox 1207 2334 1311 2389; x_wconf 89' lang='lat' dir='ltr'><strong>Pes</strong></span> <span class='ocrx_word' id='word_1_304' title='bbox 1346 2349 1499 2388; x_wconf 91' lang='lat' dir='ltr'><strong>meus</strong></span> <span class='ocrx_word' id='word_1_305' title='bbox 1533 2334 1687 2388; x_wconf 87' lang='lat' dir='ltr'><strong>stetit</strong></span> <span class='ocrx_word' id='word_1_306' title='bbox 1716 2335 1769 2387; x_wconf 93' lang='lat' dir='ltr'><strong>in</strong></span> <span class='ocrx_word' id='word_1_307' title='bbox 1802 2333 2113 2398; x_wconf 83' lang='lat' dir='ltr'><strong>directo”;</strong></span> <span class='ocrx_word' id='word_1_308' title='bbox 2151 2351 2169 2384; x_wconf 73' lang='grc' dir='ltr'><strong>ι</strong></span> <span class='ocrx_word' id='word_1_309' title='bbox 2207 2340 2263 2384; x_wconf 87' lang='lat' dir='ltr'><strong>et</strong></span> <span class='ocrx_word' id='word_1_310' title='bbox 2290 2348 2303 2384; x_wconf 90' lang='lat'><strong>:</strong></span> 
     </span>
    </p>
   </div>
   <div class='ocr_carea' id='block_1_41' title="bbox 710 2424 2305 2497">
    <p class='ocr_par' dir='ltr' id='par_1_41' title="bbox 710 2424 2305 2497">
     <span class='ocr_line' id='line_1_41' title="bbox 710 2424 2305 2497; baseline -0.003 -17"><span class='ocrx_word' id='word_1_311' title='bbox 710 2448 729 2480; x_wconf 82' lang='grc' dir='ltr'><strong>ι</strong></span> <span class='ocrx_word' id='word_1_312' title='bbox 781 2430 1031 2484; x_wconf 89' lang='lat' dir='ltr'><strong>Statuisti</strong></span> <span class='ocrx_word' id='word_1_313' title='bbox 1083 2443 1248 2497; x_wconf 83' lang='lat' dir='ltr'><strong>super</strong></span> <span class='ocrx_word' id='word_1_314' title='bbox 1294 2436 1506 2497; x_wconf 86' lang='lat' dir='ltr'><strong>petram</strong></span> <span class='ocrx_word' id='word_1_315' title='bbox 1548 2426 1712 2494; x_wconf 85' lang='lat' dir='ltr'><strong>pedes</strong></span> <span class='ocrx_word' id='word_1_316' title='bbox 1760 2439 1933 2480; x_wconf 90' lang='lat' dir='ltr'><strong>meos.</strong></span> <span class='ocrx_word' id='word_1_317' title='bbox 1968 2433 2023 2477; x_wconf 92' lang='lat' dir='ltr'><strong>et</strong></span> <span class='ocrx_word' id='word_1_318' title='bbox 2058 2424 2305 2477; x_wconf 85' lang='lat' dir='ltr'><strong>direxisti</strong></span> 
     </span>
    </p>
   </div>
   <div class='ocr_carea' id='block_1_42' title="bbox 706 2517 2307 2593">
    <p class='ocr_par' dir='ltr' id='par_1_42' title="bbox 706 2517 2307 2593">
     <span class='ocr_line' id='line_1_42' title="bbox 706 2517 2307 2593; baseline -0.004 -16"><span class='ocrx_word' id='word_1_319' title='bbox 706 2538 927 2593; x_wconf 77' lang='lat' dir='ltr'><strong>gressus</strong></span> <span class='ocrx_word' id='word_1_320' title='bbox 966 2538 1114 2577; x_wconf 85' lang='lat' dir='ltr'><strong>meos</strong></span> <span class='ocrx_word' id='word_1_321' title='bbox 1137 2523 1201 2575; x_wconf 78' lang='lat'><strong>&quot;.</strong></span> <span class='ocrx_word' id='word_1_322' title='bbox 1245 2540 1263 2572; x_wconf 74' lang='grc' dir='ltr'><strong>ι</strong></span> <span class='ocrx_word' id='word_1_323' title='bbox 1300 2522 1493 2577; x_wconf 88' lang='lat' dir='ltr'><strong>Omnia</strong></span> <span class='ocrx_word' id='word_1_324' title='bbox 1532 2521 1699 2574; x_wconf 71' lang='lat' dir='ltr'><strong>dit-ini</strong></span> <span class='ocrx_word' id='word_1_325' title='bbox 1732 2517 1884 2573; x_wconf 81' lang='lat' dir='ltr'><strong>Vatis</strong></span> <span class='ocrx_word' id='word_1_326' title='bbox 1929 2519 2168 2572; x_wconf 88' lang='lat' dir='ltr'><strong>membra</strong></span> <span class='ocrx_word' id='word_1_327' title='bbox 2212 2532 2307 2587; x_wconf 90' lang='lat' dir='ltr'><strong>per</strong></span> 
     </span>
    </p>
   </div>
   <div class='ocr_carea' id='block_1_43' title="bbox 704 2612 2208 2686">
    <p class='ocr_par' dir='ltr' id='par_1_43' title="bbox 704 2612 2208 2686">
     <span class='ocr_line' id='line_1_43' title="bbox 704 2612 2208 2686; baseline -0.001 -17"><span class='ocrx_word' id='word_1_328' title='bbox 704 2617 847 2671; x_wconf 79' lang='lat' dir='ltr'><strong>oculi</strong></span> <span class='ocrx_word' id='word_1_329' title='bbox 875 2615 1285 2686; x_wconf 84' lang='lat' dir='ltr'><strong>simplicitatem</strong></span> <span class='ocrx_word' id='word_1_330' title='bbox 1318 2614 1371 2669; x_wconf 91' lang='lat' dir='ltr'><strong>in</strong></span> <span class='ocrx_word' id='word_1_331' title='bbox 1403 2615 1586 2669; x_wconf 83' lang='lat' dir='ltr'><strong>divino</strong></span> <span class='ocrx_word' id='word_1_332' title='bbox 1618 2614 1816 2668; x_wconf 91' lang='lat' dir='ltr'><strong>timore</strong></span> <span class='ocrx_word' id='word_1_333' title='bbox 1846 2612 2208 2667; x_wconf 71' lang='lat' dir='ltr'><strong>inltmrebant.</strong></span> 
     </span>
    </p>
   </div>
   <div class='ocr_carea' id='block_1_44' title="bbox 786 2706 2304 2772">
    <p class='ocr_par' dir='ltr' id='par_1_44' title="bbox 786 2706 2304 2772">
     <span class='ocr_line' id='line_1_44' title="bbox 786 2706 2304 2772; baseline -0.003 -11"><span class='ocrx_word' id='word_1_334' title='bbox 786 2728 807 2761; x_wconf 75' lang='grc' dir='ltr'><strong>ι</strong></span> <span class='ocrx_word' id='word_1_335' title='bbox 867 2710 925 2764; x_wconf 88' lang='lat' dir='ltr'><strong>Si</strong></span> <span class='ocrx_word' id='word_1_336' title='bbox 973 2722 1157 2763; x_wconf 85' lang='lat' dir='ltr'><strong>autem</strong></span> <span class='ocrx_word' id='word_1_337' title='bbox 1209 2708 1401 2761; x_wconf 72' lang='lat' dir='ltr'><strong>Oculus</strong></span> <span class='ocrx_word' id='word_1_338' title='bbox 1449 2717 1571 2761; x_wconf 89' lang='lat' dir='ltr'><strong>tuus</strong></span> <span class='ocrx_word' id='word_1_339' title='bbox 1623 2706 1786 2759; x_wconf 86' lang='lat' dir='ltr'><strong>luerit</strong></span> <span class='ocrx_word' id='word_1_340' title='bbox 1833 2720 2096 2772; x_wconf 85' lang='lat' dir='ltr'><strong>nequam,</strong></span> <span class='ocrx_word' id='word_1_341' title='bbox 2134 2713 2304 2757; x_wconf 89' lang='lat' dir='ltr'><strong>totum</strong></span> 
     </span>
    </p>
   </div>
   <div class='ocr_carea' id='block_1_45' title="bbox 706 2797 2308 2874">
    <p class='ocr_par' dir='ltr' id='par_1_45' title="bbox 706 2797 2308 2874">
     <span class='ocr_line' id='line_1_45' title="bbox 706 2797 2308 2874; baseline -0.004 -15"><span class='ocrx_word' id='word_1_342' title='bbox 706 2820 907 2874; x_wconf 85' lang='lat' dir='ltr'><strong>corpus</strong></span> <span class='ocrx_word' id='word_1_343' title='bbox 947 2813 1097 2857; x_wconf 90' lang='lat' dir='ltr'><strong>tuum</strong></span> <span class='ocrx_word' id='word_1_344' title='bbox 1141 2803 1491 2857; x_wconf 89' lang='lat' dir='ltr'><strong>tenebrosum</strong></span> <span class='ocrx_word' id='word_1_345' title='bbox 1530 2801 1656 2854; x_wconf 88' lang='lat' dir='ltr'><strong>erit.</strong></span> <span class='ocrx_word' id='word_1_346' title='bbox 1702 2816 1721 2848; x_wconf 83' lang='grc'><strong>›</strong></span> <span class='ocrx_word' id='word_1_347' title='bbox 1769 2797 1976 2853; x_wconf 91' lang='lat' dir='ltr'><strong>Ordine</strong></span> <span class='ocrx_word' id='word_1_348' title='bbox 2010 2797 2308 2866; x_wconf 84' lang='lat' dir='ltr'><strong>procedere</strong></span> 
     </span>
    </p>
   </div>
   <div class='ocr_carea' id='block_1_46' title="bbox 705 2889 2310 2952">
    <p class='ocr_par' dir='ltr' id='par_1_46' title="bbox 705 2889 2310 2952">
     <span class='ocr_line' id='line_1_46' title="bbox 705 2889 2310 2952; baseline -0.006 0"><span class='ocrx_word' id='word_1_349' title='bbox 705 2900 886 2952; x_wconf 87' lang='lat' dir='ltr'><strong>oratio</strong></span> <span class='ocrx_word' id='word_1_350' title='bbox 924 2912 1027 2950; x_wconf 88' lang='lat' dir='ltr'><strong>non</strong></span> <span class='ocrx_word' id='word_1_351' title='bbox 1064 2896 1301 2949; x_wconf 85' lang='lat' dir='ltr'><strong>videtur.</strong></span> <span class='ocrx_word' id='word_1_352' title='bbox 1340 2892 1475 2947; x_wconf 84' lang='lat' dir='ltr'><strong>Nam</strong></span> <span class='ocrx_word' id='word_1_353' title='bbox 1510 2892 1695 2947; x_wconf 85' lang='lat' dir='ltr'><strong>verbis</strong></span> <span class='ocrx_word' id='word_1_354' title='bbox 1735 2890 1842 2944; x_wconf 88' lang='lat' dir='ltr'><strong>illis</strong></span> <span class='ocrx_word' id='word_1_355' title='bbox 1889 2908 1901 2942; x_wconf 93' lang='lat'>:</span> <span class='ocrx_word' id='word_1_356' title='bbox 1955 2908 1973 2940; x_wconf 81' lang='grc' dir='ltr'><strong>ι</strong></span> <span class='ocrx_word' id='word_1_357' title='bbox 2019 2889 2075 2943; x_wconf 94' lang='lat' dir='ltr'><strong>Si</strong></span> <span class='ocrx_word' id='word_1_358' title='bbox 2118 2889 2310 2943; x_wconf 91' lang='lat' dir='ltr'><strong>oculus</strong></span> 
     </span>
    </p>
   </div>
   <div class='ocr_carea' id='block_1_47' title="bbox 710 2980 2306 3059">
    <p class='ocr_par' dir='ltr' id='par_1_47' title="bbox 710 2980 2306 3059">
     <span class='ocr_line' id='line_1_47' title="bbox 710 2980 2306 3059; baseline -0.007 -13"><span class='ocrx_word' id='word_1_359' title='bbox 710 3004 835 3046; x_wconf 91' lang='lat' dir='ltr'><strong>tuus</strong></span> <span class='ocrx_word' id='word_1_360' title='bbox 872 2991 1037 3045; x_wconf 79' lang='lat' dir='ltr'><strong>fuerit</strong></span> <span class='ocrx_word' id='word_1_361' title='bbox 1080 2990 1345 3059; x_wconf 84' lang='lat' dir='ltr'><strong>simplex,</strong></span> <span class='ocrx_word' id='word_1_362' title='bbox 1385 3006 1404 3039; x_wconf 85' lang='grc'><strong>›</strong></span> <span class='ocrx_word' id='word_1_363' title='bbox 1445 2985 1880 3057; x_wconf 73' lang='lat' dir='ltr'><strong>subiungendum</strong></span> <span class='ocrx_word' id='word_1_364' title='bbox 1915 2984 2217 3046; x_wconf 90' lang='lat' dir='ltr'><strong>videbatur,</strong></span> <span class='ocrx_word' id='word_1_365' title='bbox 2248 2980 2306 3037; x_wconf 90' lang='lat' dir='ltr'><strong>Si</strong></span> 
     </span>
    </p>
   </div>
   <div class='ocr_carea' id='block_1_48' title="bbox 705 3076 2299 3147">
    <p class='ocr_par' dir='ltr' id='par_1_48' title="bbox 705 3076 2299 3147">
     <span class='ocr_line' id='line_1_48' title="bbox 705 3076 2299 3147; baseline -0.007 -8"><span class='ocrx_word' id='word_1_366' title='bbox 705 3096 886 3139; x_wconf 86' lang='lat' dir='ltr'><strong>autem</strong></span> <span class='ocrx_word' id='word_1_367' title='bbox 920 3083 1112 3137; x_wconf 89' lang='lat' dir='ltr'><strong>oculus</strong></span> <span class='ocrx_word' id='word_1_368' title='bbox 1144 3094 1266 3135; x_wconf 90' lang='lat' dir='ltr'><strong>tuus</strong></span> <span class='ocrx_word' id='word_1_369' title='bbox 1296 3081 1455 3135; x_wconf 79' lang='lat' dir='ltr'><strong>fuerit</strong></span> <span class='ocrx_word' id='word_1_370' title='bbox 1492 3078 1855 3147; x_wconf 89' lang='lat' dir='ltr'><strong>compositus;</strong></span> <span class='ocrx_word' id='word_1_371' title='bbox 1890 3076 2124 3141; x_wconf 81' lang='lat' dir='ltr'><strong>simplici</strong></span> <span class='ocrx_word' id='word_1_372' title='bbox 2156 3076 2299 3131; x_wconf 90' lang='lat' dir='ltr'><strong>enim</strong></span> 
     </span>
    </p>
   </div>
   <div class='ocr_carea' id='block_1_49' title="bbox 2418 1969 4013 2047">
    <p class='ocr_par' dir='ltr' id='par_1_49' title="bbox 2418 1969 4013 2047">
     <span class='ocr_line' id='line_1_49' title="bbox 2418 1969 4013 2047; baseline 0.003 -24"><span class='ocrx_word' id='word_1_373' title='bbox 2418 1975 2604 2041; x_wconf 80' lang='grc' dir='ltr'>χεῖρας</span> <span class='ocrx_word' id='word_1_374' title='bbox 2626 1969 2774 2041; x_wconf 75' lang='grc' dir='ltr'>εἶχεν</span> <span class='ocrx_word' id='word_1_375' title='bbox 2800 1974 3179 2045; x_wconf 71' lang='grc' dir='ltr'><strong>ἐπαιρομένας</strong></span> <span class='ocrx_word' id='word_1_376' title='bbox 3203 1978 3283 2038; x_wconf 85' lang='grc' dir='ltr'>εἰς</span> <span class='ocrx_word' id='word_1_377' title='bbox 3316 1977 3450 2029; x_wconf 82' lang='grc' dir='ltr'>Θεόν</span> <span class='ocrx_word' id='word_1_378' title='bbox 3472 1990 3485 2004; x_wconf 72' lang='grc'><strong><em>⁵</em></strong></span> <span class='ocrx_word' id='word_1_379' title='bbox 3526 1996 3545 2028; x_wconf 80' lang='grc' dir='ltr'><strong>ι</strong></span> <span class='ocrx_word' id='word_1_380' title='bbox 3588 1979 3873 2047; x_wconf 83' lang='grc' dir='ltr'>Ἐπαρσις</span> <span class='ocrx_word' id='word_1_381' title='bbox 3901 1980 4013 2030; x_wconf 75' lang='grc' dir='ltr'><strong>τῶν</strong></span> 
     </span>
    </p>
   </div>
   <div class='ocr_carea' id='block_1_50' title="bbox 2418 2064 4016 2139">
    <p class='ocr_par' dir='ltr' id='par_1_50' title="bbox 2418 2064 4016 2139">
     <span class='ocr_line' id='line_1_50' title="bbox 2418 2064 4016 2139; baseline 0.006 -26"><span class='ocrx_word' id='word_1_382' title='bbox 2418 2064 2619 2131; x_wconf 82' lang='grc' dir='ltr'>χειρῶν</span> <span class='ocrx_word' id='word_1_383' title='bbox 2645 2082 2749 2133; x_wconf 86' lang='grc' dir='ltr'><strong>μου</strong></span> <span class='ocrx_word' id='word_1_384' title='bbox 2780 2065 2942 2119; x_wconf 84' lang='grc' dir='ltr'>θυσία</span> <span class='ocrx_word' id='word_1_385' title='bbox 2976 2069 3265 2139; x_wconf 81' lang='grc' dir='ltr'>ἐσπερινή.</span> <span class='ocrx_word' id='word_1_386' title='bbox 3311 2090 3329 2122; x_wconf 70' lang='grc' dir='ltr'><strong>ι</strong></span> <span class='ocrx_word' id='word_1_387' title='bbox 3366 2072 3428 2123; x_wconf 81' lang='lat' dir='ltr'><strong>Ol</strong></span> <span class='ocrx_word' id='word_1_388' title='bbox 3461 2072 3625 2135; x_wconf 80' lang='grc' dir='ltr'>πόδες</span> <span class='ocrx_word' id='word_1_389' title='bbox 3657 2073 3716 2123; x_wconf 84' lang='grc' dir='ltr'><strong>ού</strong></span> <span class='ocrx_word' id='word_1_390' title='bbox 3778 2072 4016 2135; x_wconf 77' lang='grc' dir='ltr'>σκολιῶς</span> 
     </span>
    </p>
   </div>
   <div class='ocr_carea' id='block_1_51' title="bbox 2416 2154 4017 2233">
    <p class='ocr_par' dir='ltr' id='par_1_51' title="bbox 2416 2154 4017 2233">
     <span class='ocr_line' id='line_1_51' title="bbox 2416 2154 4017 2233; baseline 0.004 -28"><span class='ocrx_word' id='word_1_391' title='bbox 2416 2154 2722 2223; x_wconf 77' lang='grc' dir='ltr'><strong>ἐκινοῦντο,</strong></span> <span class='ocrx_word' id='word_1_392' title='bbox 2755 2160 2849 2210; x_wconf 66' lang='grc' dir='ltr'>καὶ</span> <span class='ocrx_word' id='word_1_393' title='bbox 2877 2161 3169 2229; x_wconf 83' lang='grc' dir='ltr'>ἀπρεπῶς,</span> <span class='ocrx_word' id='word_1_394' title='bbox 3198 2162 3314 2213; x_wconf 77' lang='grc' dir='ltr'>ἀλλ’</span> <span class='ocrx_word' id='word_1_395' title='bbox 3345 2164 3728 2233; x_wconf 78' lang='grc' dir='ltr'>ἐνηρεισμένοι</span> <span class='ocrx_word' id='word_1_396' title='bbox 3759 2164 3901 2232; x_wconf 80' lang='grc' dir='ltr'>πρὸς</span> <span class='ocrx_word' id='word_1_397' title='bbox 3916 2164 4017 2231; x_wconf 73' lang='grc' dir='ltr'>τὴν</span> 
     </span>
    </p>
   </div>
   <div class='ocr_carea' id='block_1_52' title="bbox 2418 2244 4017 2324">
    <p class='ocr_par' dir='ltr' id='par_1_52' title="bbox 2418 2244 4017 2324">
     <span class='ocr_line' id='line_1_52' title="bbox 2418 2244 4017 2324; baseline 0.013 -27"><span class='ocrx_word' id='word_1_398' title='bbox 2418 2248 2499 2309; x_wconf 85' lang='grc' dir='ltr'>εἰς</span> <span class='ocrx_word' id='word_1_399' title='bbox 2539 2247 2673 2300; x_wconf 66' lang='grc' dir='ltr'>Θεὸν</span> <span class='ocrx_word' id='word_1_400' title='bbox 2709 2244 2856 2319; x_wconf 78' lang='grc' dir='ltr'>ἦσαν</span> <span class='ocrx_word' id='word_1_401' title='bbox 2889 2253 3224 2319; x_wconf 69' lang='grc' dir='ltr'>πεποίθησιν</span> <span class='ocrx_word' id='word_1_402' title='bbox 3251 2271 3265 2284; x_wconf 89' lang='grc'><strong>·</strong></span> <span class='ocrx_word' id='word_1_403' title='bbox 3296 2256 3378 2308; x_wconf 79' lang='grc' dir='ltr'><strong>διὸ</strong></span> <span class='ocrx_word' id='word_1_404' title='bbox 3403 2256 3622 2324; x_wconf 73' lang='grc' dir='ltr'><strong>ἔλεγεν⁸</strong></span> <span class='ocrx_word' id='word_1_405' title='bbox 3688 2276 3706 2307; x_wconf 78' lang='grc' dir='ltr'><strong>ι</strong></span> <span class='ocrx_word' id='word_1_406' title='bbox 3764 2256 3824 2310; x_wconf 84' lang='grc' dir='ltr'>Ὀ</span> <span class='ocrx_word' id='word_1_407' title='bbox 3879 2256 4017 2317; x_wconf 79' lang='grc' dir='ltr'>ποῦς</span> 
     </span>
    </p>
   </div>
   <div class='ocr_carea' id='block_1_53' title="bbox 2422 2344 4018 2421">
    <p class='ocr_par' dir='ltr' id='par_1_53' title="bbox 2422 2344 4018 2421">
     <span class='ocr_line' id='line_1_53' title="bbox 2422 2344 4018 2421; baseline 0.005 -26"><span class='ocrx_word' id='word_1_408' title='bbox 2422 2360 2525 2414; x_wconf 91' lang='grc' dir='ltr'><strong>μου</strong></span> <span class='ocrx_word' id='word_1_409' title='bbox 2551 2344 2679 2414; x_wconf 77' lang='grc' dir='ltr'>ἔστη</span> <span class='ocrx_word' id='word_1_410' title='bbox 2705 2346 2762 2400; x_wconf 82' lang='grc' dir='ltr'><strong>ἐν</strong></span> <span class='ocrx_word' id='word_1_411' title='bbox 2784 2347 3045 2415; x_wconf 83' lang='grc' dir='ltr'>εύθύτητι</span> <span class='ocrx_word' id='word_1_412' title='bbox 3067 2365 3082 2380; x_wconf 84' lang='grc'><em>’</em></span> <span class='ocrx_word' id='word_1_413' title='bbox 3122 2369 3139 2401; x_wconf 84' lang='grc'>›</span> <span class='ocrx_word' id='word_1_414' title='bbox 3163 2352 3257 2403; x_wconf 78' lang='grc' dir='ltr'>καί</span> <span class='ocrx_word' id='word_1_415' title='bbox 3276 2367 3292 2381; x_wconf 80' lang='lat'><strong><em>‘</em></strong></span> <span class='ocrx_word' id='word_1_416' title='bbox 3330 2371 3347 2402; x_wconf 77' lang='grc' dir='ltr'><strong>ι</strong></span> <span class='ocrx_word' id='word_1_417' title='bbox 3366 2354 3643 2421; x_wconf 82' lang='grc' dir='ltr'>Ἐστησας</span> <span class='ocrx_word' id='word_1_418' title='bbox 3667 2354 3760 2406; x_wconf 71' lang='grc' dir='ltr'><strong>ἐπὶ</strong></span> <span class='ocrx_word' id='word_1_419' title='bbox 3806 2354 4018 2421; x_wconf 73' lang='grc' dir='ltr'>πέτραν</span> 
     </span>
    </p>
   </div>
   <div class='ocr_carea' id='block_1_54' title="bbox 2418 2440 4011 2514">
    <p class='ocr_par' dir='ltr' id='par_1_54' title="bbox 2418 2440 4011 2514">
     <span class='ocr_line' id='line_1_54' title="bbox 2418 2440 4011 2514; baseline 0.005 -24"><span class='ocrx_word' id='word_1_420' title='bbox 2418 2440 2544 2498; x_wconf 77' lang='grc' dir='ltr'>τοὺς</span> <span class='ocrx_word' id='word_1_421' title='bbox 2570 2441 2740 2504; x_wconf 77' lang='grc' dir='ltr'>πόδας</span> <span class='ocrx_word' id='word_1_422' title='bbox 2767 2460 2893 2511; x_wconf 87' lang='grc' dir='ltr'>μου,</span> <span class='ocrx_word' id='word_1_423' title='bbox 2925 2444 3021 2497; x_wconf 74' lang='grc' dir='ltr'><strong>καὶ</strong></span> <span class='ocrx_word' id='word_1_424' title='bbox 3043 2444 3387 2508; x_wconf 83' lang='grc' dir='ltr'>κατεύθυνας</span> <span class='ocrx_word' id='word_1_425' title='bbox 3414 2446 3483 2498; x_wconf 82' lang='grc' dir='ltr'>τὰ</span> <span class='ocrx_word' id='word_1_426' title='bbox 3508 2447 3667 2514; x_wconf 77' lang='grc' dir='ltr'>διαϐή</span> <span class='ocrx_word' id='word_1_427' title='bbox 3679 2450 3829 2511; x_wconf 74' lang='grc' dir='ltr'>ματα</span> <span class='ocrx_word' id='word_1_428' title='bbox 3850 2465 4011 2514; x_wconf 79' lang='grc' dir='ltr'>μοο.ι</span> 
     </span>
    </p>
   </div>
   <div class='ocr_carea' id='block_1_55' title="bbox 2421 2532 4019 2609">
    <p class='ocr_par' dir='ltr' id='par_1_55' title="bbox 2421 2532 4019 2609">
     <span class='ocr_line' id='line_1_55' title="bbox 2421 2532 4019 2609; baseline 0.004 -25"><span class='ocrx_word' id='word_1_429' title='bbox 2421 2532 2610 2585; x_wconf 71' lang='grc' dir='ltr'>[πάντα</span> <span class='ocrx_word' id='word_1_430' title='bbox 2638 2535 2706 2587; x_wconf 83' lang='grc' dir='ltr'>τὰ</span> <span class='ocrx_word' id='word_1_431' title='bbox 2737 2537 2831 2588; x_wconf 88' lang='grc' dir='ltr'><strong>τοῦ</strong></span> <span class='ocrx_word' id='word_1_432' title='bbox 2864 2538 3013 2591; x_wconf 86' lang='grc' dir='ltr'>θείου</span> <span class='ocrx_word' id='word_1_433' title='bbox 3035 2539 3325 2609; x_wconf 77' lang='grc' dir='ltr'>Προφὴτου</span> <span class='ocrx_word' id='word_1_434' title='bbox 3359 2540 3495 2609; x_wconf 86' lang='grc' dir='ltr'>μέλη</span> <span class='ocrx_word' id='word_1_435' title='bbox 3512 2542 3577 2609; x_wconf 83' lang='grc' dir='ltr'>τῇ</span> <span class='ocrx_word' id='word_1_436' title='bbox 3606 2541 3700 2592; x_wconf 83' lang='grc' dir='ltr'><strong>τοῦ</strong></span> <span class='ocrx_word' id='word_1_437' title='bbox 3724 2539 4019 2607; x_wconf 75' lang='grc' dir='ltr'>ὀφθαλμοῦ</span> 
     </span>
    </p>
   </div>
   <div class='ocr_carea' id='block_1_56' title="bbox 2420 2624 3671 2705">
    <p class='ocr_par' dir='ltr' id='par_1_56' title="bbox 2420 2624 3671 2705">
     <span class='ocr_line' id='line_1_56' title="bbox 2420 2624 3671 2705; baseline 0.008 -28"><span class='ocrx_word' id='word_1_438' title='bbox 2420 2624 2685 2695; x_wconf 75' lang='grc' dir='ltr'>ἁπλότητι</span> <span class='ocrx_word' id='word_1_439' title='bbox 2725 2629 2863 2697; x_wconf 60' lang='grc' dir='ltr'>πρῦς</span> <span class='ocrx_word' id='word_1_440' title='bbox 2890 2631 2981 2683; x_wconf 72' lang='grc' dir='ltr'>τὸν</span> <span class='ocrx_word' id='word_1_441' title='bbox 3006 2631 3154 2685; x_wconf 87' lang='grc' dir='ltr'>θεῖον</span> <span class='ocrx_word' id='word_1_442' title='bbox 3177 2633 3344 2701; x_wconf 73' lang='grc' dir='ltr'>φόϐον</span> <span class='ocrx_word' id='word_1_443' title='bbox 3369 2634 3671 2705; x_wconf 66' lang='grc' dir='ltr'>ἐνίσχοντο.</span> 
     </span>
    </p>
   </div>
   <div class='ocr_carea' id='block_1_57' title="bbox 2498 2718 4022 2799">
    <p class='ocr_par' dir='ltr' id='par_1_57' title="bbox 2498 2718 4022 2799">
     <span class='ocr_line' id='line_1_57' title="bbox 2498 2718 4022 2799; baseline 0.006 -30"><span class='ocrx_word' id='word_1_444' title='bbox 2498 2737 2517 2769; x_wconf 80' lang='grc' dir='ltr'><strong>ι</strong></span> <span class='ocrx_word' id='word_1_445' title='bbox 2576 2718 2781 2772; x_wconf 76' lang='grc' dir='ltr'>Ἐἁνδέ</span> <span class='ocrx_word' id='word_1_446' title='bbox 2828 2724 2855 2774; x_wconf 89' lang='lat'><strong>6</strong></span> <span class='ocrx_word' id='word_1_447' title='bbox 2887 2722 3166 2793; x_wconf 71' lang='grc' dir='ltr'>ὀφθαλμός</span> <span class='ocrx_word' id='word_1_448' title='bbox 3219 2743 3315 2779; x_wconf 88' lang='grc' dir='ltr'><strong>σου</strong></span> <span class='ocrx_word' id='word_1_449' title='bbox 3372 2729 3611 2798; x_wconf 78' lang='grc' dir='ltr'>πονηρὸς</span> <span class='ocrx_word' id='word_1_450' title='bbox 3658 2724 3717 2799; x_wconf 77' lang='grc' dir='ltr'>ᾖ,</span> <span class='ocrx_word' id='word_1_451' title='bbox 3772 2728 3899 2780; x_wconf 79' lang='grc' dir='ltr'>ὅλον</span> <span class='ocrx_word' id='word_1_452' title='bbox 3959 2728 4022 2781; x_wconf 54' lang='grc' dir='ltr'>τι</span> 
     </span>
    </p>
   </div>
   <div class='ocr_carea' id='block_1_58' title="bbox 2421 2810 4022 2888">
    <p class='ocr_par' dir='ltr' id='par_1_58' title="bbox 2421 2810 4022 2888">
     <span class='ocr_line' id='line_1_58' title="bbox 2421 2810 4022 2888; baseline 0.006 -27"><span class='ocrx_word' id='word_1_453' title='bbox 2421 2810 2584 2880; x_wconf 80' lang='grc' dir='ltr'>σῶμά</span> <span class='ocrx_word' id='word_1_454' title='bbox 2635 2829 2729 2865; x_wconf 86' lang='grc' dir='ltr'><strong>σου</strong></span> <span class='ocrx_word' id='word_1_455' title='bbox 2764 2816 3042 2867; x_wconf 77' lang='grc' dir='ltr'>σκοτεινὸν</span> <span class='ocrx_word' id='word_1_456' title='bbox 3066 2815 3245 2870; x_wconf 80' lang='grc' dir='ltr'>ἔσται.</span> <span class='ocrx_word' id='word_1_457' title='bbox 3279 2835 3297 2868; x_wconf 73' lang='grc' dir='ltr'><strong>ι</strong></span> <span class='ocrx_word' id='word_1_458' title='bbox 3335 2820 3495 2871; x_wconf 76' lang='grc' dir='ltr'>Δοκεῖ</span> <span class='ocrx_word' id='word_1_459' title='bbox 3528 2820 3604 2888; x_wconf 81' lang='grc' dir='ltr'>μὴ</span> <span class='ocrx_word' id='word_1_460' title='bbox 3658 2820 3803 2871; x_wconf 79' lang='grc' dir='ltr'>κατὰ</span> <span class='ocrx_word' id='word_1_461' title='bbox 3862 2820 4022 2885; x_wconf 80' lang='grc' dir='ltr'>τάξιν</span> 
     </span>
    </p>
   </div>
   <div class='ocr_carea' id='block_1_59' title="bbox 2417 2903 4025 2981">
    <p class='ocr_par' dir='ltr' id='par_1_59' title="bbox 2417 2903 4025 2981">
     <span class='ocr_line' id='line_1_59' title="bbox 2417 2903 4025 2981; baseline 0.007 -28"><span class='ocrx_word' id='word_1_462' title='bbox 2417 2905 2446 2954; x_wconf 97' lang='lat'><strong>6</strong></span> <span class='ocrx_word' id='word_1_463' title='bbox 2472 2903 2632 2970; x_wconf 84' lang='grc' dir='ltr'>λόγος</span> <span class='ocrx_word' id='word_1_464' title='bbox 2666 2906 3062 2975; x_wconf 80' lang='grc' dir='ltr'>προέρχεσθαι.</span> <span class='ocrx_word' id='word_1_465' title='bbox 3108 2909 3254 2978; x_wconf 77' lang='grc' dir='ltr'>Πρὸς</span> <span class='ocrx_word' id='word_1_466' title='bbox 3309 2909 3421 2981; x_wconf 80' lang='grc' dir='ltr'>γὰρ</span> <span class='ocrx_word' id='word_1_467' title='bbox 3459 2910 3521 2961; x_wconf 87' lang='grc' dir='ltr'><strong>τό</strong></span> <span class='ocrx_word' id='word_1_468' title='bbox 3551 2925 3566 2939; x_wconf 86' lang='grc'><strong>·</strong></span> <span class='ocrx_word' id='word_1_469' title='bbox 3608 2929 3627 2961; x_wconf 81' lang='grc' dir='ltr'><strong>ι</strong></span> <span class='ocrx_word' id='word_1_470' title='bbox 3691 2912 3821 2964; x_wconf 69' lang='grc' dir='ltr'>Ἐὰν</span> <span class='ocrx_word' id='word_1_471' title='bbox 3855 2913 3888 2963; x_wconf 88' lang='lat'><strong>6</strong></span> <span class='ocrx_word' id='word_1_472' title='bbox 3924 2913 4025 2979; x_wconf 71' lang='grc' dir='ltr'><strong>ὀφ-</strong></span> 
     </span>
    </p>
   </div>
   <div class='ocr_carea' id='block_1_60' title="bbox 2420 2993 4023 3073">
    <p class='ocr_par' dir='ltr' id='par_1_60' title="bbox 2420 2993 4023 3073">
     <span class='ocr_line' id='line_1_60' title="bbox 2420 2993 4023 3073; baseline 0.008 -27"><span class='ocrx_word' id='word_1_473' title='bbox 2420 2993 2630 3064; x_wconf 84' lang='grc' dir='ltr'>θαλμός</span> <span class='ocrx_word' id='word_1_474' title='bbox 2663 3013 2759 3048; x_wconf 85' lang='grc' dir='ltr'><strong>σου</strong></span> <span class='ocrx_word' id='word_1_475' title='bbox 2796 2998 3002 3062; x_wconf 82' lang='grc' dir='ltr'>ἁπλοῦς</span> <span class='ocrx_word' id='word_1_476' title='bbox 3039 2995 3098 3072; x_wconf 83' lang='grc' dir='ltr'><strong>ᾖ,</strong></span> <span class='ocrx_word' id='word_1_477' title='bbox 3143 3021 3161 3053; x_wconf 72' lang='grc' dir='ltr'><strong>ι</strong></span> <span class='ocrx_word' id='word_1_478' title='bbox 3198 3004 3373 3073; x_wconf 77' lang='grc' dir='ltr'>ἐχρῆν</span> <span class='ocrx_word' id='word_1_479' title='bbox 3406 3004 3766 3071; x_wconf 58' lang='grc' dir='ltr'>ἐπενεγκεῖν</span> <span class='ocrx_word' id='word_1_480' title='bbox 3832 3005 3964 3058; x_wconf 75' lang='grc' dir='ltr'>Ἐὰν</span> <span class='ocrx_word' id='word_1_481' title='bbox 3995 3006 4023 3057; x_wconf 81' lang='grc' dir='ltr'>ὀ</span> 
     </span>
    </p>
   </div>
   <div class='ocr_carea' id='block_1_61' title="bbox 2417 3081 4024 3163">
    <p class='ocr_par' dir='ltr' id='par_1_61' title="bbox 2417 3081 4024 3163">
     <span class='ocr_line' id='line_1_61' title="bbox 2417 3081 4024 3163; baseline 0.009 -30"><span class='ocrx_word' id='word_1_482' title='bbox 2417 3081 2699 3151; x_wconf 79' lang='grc' dir='ltr'>ὀφθαλμός</span> <span class='ocrx_word' id='word_1_483' title='bbox 2730 3102 2827 3138; x_wconf 86' lang='grc' dir='ltr'><strong>σου</strong></span> <span class='ocrx_word' id='word_1_484' title='bbox 2862 3084 3179 3162; x_wconf 83' lang='grc' dir='ltr'>σύνθετοςῇ</span> <span class='ocrx_word' id='word_1_485' title='bbox 3210 3091 3326 3160; x_wconf 82' lang='grc' dir='ltr'><strong>’τῷ</strong></span> <span class='ocrx_word' id='word_1_486' title='bbox 3358 3092 3470 3162; x_wconf 86' lang='grc' dir='ltr'>γὰρ</span> <span class='ocrx_word' id='word_1_487' title='bbox 3532 3094 3697 3163; x_wconf 80' lang='grc' dir='ltr'>ἁπλῷ</span> <span class='ocrx_word' id='word_1_488' title='bbox 3724 3095 3786 3145; x_wconf 78' lang='grc' dir='ltr'>τὸ</span> <span class='ocrx_word' id='word_1_489' title='bbox 3823 3096 4024 3147; x_wconf 72' lang='grc' dir='ltr'>σύνθεο</span> 
     </span>
    </p>
   </div>
   <div class='ocr_carea' id='block_1_62' title="bbox 709 3168 2313 3274">
    <p class='ocr_par' dir='ltr' id='par_1_62' title="bbox 709 3168 2307 3248">
     <span class='ocr_line' id='line_1_62' title="bbox 709 3168 2307 3248; baseline -0.006 -16"><span class='ocrx_word' id='word_1_490' title='bbox 709 3178 1071 3248; x_wconf 88' lang='lat' dir='ltr'><strong>compositum</strong></span> <span class='ocrx_word' id='word_1_491' title='bbox 1128 3174 1442 3244; x_wconf 85' lang='lat' dir='ltr'><strong>opponitur.</strong></span> <span class='ocrx_word' id='word_1_492' title='bbox 1497 3172 1601 3227; x_wconf 89' lang='lat' dir='ltr'><strong>Sed</strong></span> <span class='ocrx_word' id='word_1_493' title='bbox 1658 3186 1726 3225; x_wconf 88' lang='lat' dir='ltr'><strong>ne</strong></span> <span class='ocrx_word' id='word_1_494' title='bbox 1774 3168 1941 3240; x_wconf 78' lang='lat'><strong>299</strong></span> <span class='ocrx_word' id='word_1_495' title='bbox 1987 3180 2307 3240; x_wconf 88' lang='lat' dir='ltr'><strong>putaremus</strong></span> 
     </span>
    </p>
   </div>
   <div class='ocr_carea' id='block_1_63' title="bbox 2419 3168 4023 3274">
    <p class='ocr_par' dir='ltr' id='par_1_63' title="bbox 2419 3177 4023 3257">
     <span class='ocr_line' id='line_1_63' title="bbox 2419 3177 4023 3257; baseline 0.008 -31"><span class='ocrx_word' id='word_1_496' title='bbox 2419 3192 2514 3228; x_wconf 91' lang='grc' dir='ltr'><strong>τον</strong></span> <span class='ocrx_word' id='word_1_497' title='bbox 2541 3177 2871 3231; x_wconf 83' lang='grc' dir='ltr'>ἀντίκειται.</span> <span class='ocrx_word' id='word_1_498' title='bbox 2910 3177 3056 3232; x_wconf 81' lang='grc' dir='ltr'>Ἀλλ’</span> <span class='ocrx_word' id='word_1_499' title='bbox 3084 3181 3174 3234; x_wconf 81' lang='grc' dir='ltr'><strong>ἴνα</strong></span> <span class='ocrx_word' id='word_1_500' title='bbox 3204 3182 3279 3251; x_wconf 86' lang='grc' dir='ltr'>μὴ</span> <span class='ocrx_word' id='word_1_501' title='bbox 3310 3184 3568 3254; x_wconf 76' lang='grc' dir='ltr'>περὶτῆς</span> <span class='ocrx_word' id='word_1_502' title='bbox 3597 3185 3691 3236; x_wconf 86' lang='grc' dir='ltr'><strong>τοῦ</strong></span> <span class='ocrx_word' id='word_1_503' title='bbox 3727 3185 4023 3257; x_wconf 82' lang='grc' dir='ltr'>ὀφθαλμοῦ</span> 
     </span>
    </p>
   </div>
   <div class='ocr_carea' id='block_1_64' title="bbox 708 3262 2312 3337">
    <p class='ocr_par' dir='ltr' id='par_1_64' title="bbox 708 3262 2312 3337">
     <span class='ocr_line' id='line_1_64' title="bbox 708 3262 2312 3337; baseline -0.006 -15"><span class='ocrx_word' id='word_1_504' title='bbox 708 3286 897 3326; x_wconf 76' lang='lat' dir='ltr'><strong>vocem</strong></span> <span class='ocrx_word' id='word_1_505' title='bbox 946 3270 1131 3331; x_wconf 87' lang='lat' dir='ltr'><strong>illam,</strong></span> <span class='ocrx_word' id='word_1_506' title='bbox 1167 3268 1435 3337; x_wconf 83' lang='lat' dir='ltr'><strong>simplex,</strong></span> <span class='ocrx_word' id='word_1_507' title='bbox 1472 3269 1538 3319; x_wconf 86' lang='lat' dir='ltr'><strong>de</strong></span> <span class='ocrx_word' id='word_1_508' title='bbox 1590 3263 1732 3317; x_wconf 91' lang='lat' dir='ltr'><strong>oculi</strong></span> <span class='ocrx_word' id='word_1_509' title='bbox 1788 3273 2063 3317; x_wconf 89' lang='lat' dir='ltr'><strong>structura</strong></span> <span class='ocrx_word' id='word_1_510' title='bbox 2114 3262 2312 3315; x_wconf 82' lang='lat' dir='ltr'><strong>dictam</strong></span> 
     </span>
    </p>
   </div>
   <div class='ocr_carea' id='block_1_65' title="bbox 709 3355 2313 3427">
    <p class='ocr_par' dir='ltr' id='par_1_65' title="bbox 709 3355 2313 3427">
     <span class='ocr_line' id='line_1_65' title="bbox 709 3355 2313 3427; baseline -0.007 -9"><span class='ocrx_word' id='word_1_511' title='bbox 709 3365 905 3425; x_wconf 69' lang='lat' dir='ltr'><strong>fuisse,</strong></span> <span class='ocrx_word' id='word_1_512' title='bbox 940 3364 1033 3416; x_wconf 88' lang='lat' dir='ltr'><strong>sed</strong></span> <span class='ocrx_word' id='word_1_513' title='bbox 1066 3364 1133 3415; x_wconf 90' lang='lat' dir='ltr'><strong>de</strong></span> <span class='ocrx_word' id='word_1_514' title='bbox 1165 3359 1403 3414; x_wconf 84' lang='lat' dir='ltr'><strong>naturali</strong></span> <span class='ocrx_word' id='word_1_515' title='bbox 1437 3358 1775 3427; x_wconf 88' lang='lat' dir='ltr'><strong>operatione,</strong></span> <span class='ocrx_word' id='word_1_516' title='bbox 1808 3366 1865 3407; x_wconf 88' lang='grc' dir='ltr'><strong>ιιι</strong></span> <span class='ocrx_word' id='word_1_517' title='bbox 1894 3355 2068 3408; x_wconf 91' lang='lat' dir='ltr'><strong>oratio</strong></span> <span class='ocrx_word' id='word_1_518' title='bbox 2098 3366 2313 3422; x_wconf 84' lang='lat' dir='ltr'><strong>quoque</strong></span> 
     </span>
    </p>
   </div>
   <div class='ocr_carea' id='block_1_66' title="bbox 707 3445 2335 3522">
    <p class='ocr_par' dir='ltr' id='par_1_66' title="bbox 707 3445 2335 3522">
     <span class='ocr_line' id='line_1_66' title="bbox 707 3445 2335 3522; baseline -0.01 -9"><span class='ocrx_word' id='word_1_519' title='bbox 707 3469 895 3514; x_wconf 89' lang='lat' dir='ltr'><strong>nostra</strong></span> <span class='ocrx_word' id='word_1_520' title='bbox 928 3454 1351 3517; x_wconf 72' lang='lat' dir='ltr'><strong>demonstravit,</strong></span> <span class='ocrx_word' id='word_1_521' title='bbox 1388 3462 1673 3522; x_wconf 81' lang='lat' dir='ltr'><strong>propterea</strong></span> <span class='ocrx_word' id='word_1_522' title='bbox 1707 3450 1887 3503; x_wconf 82' lang='lat' dir='ltr'><strong>subdit</strong></span> <span class='ocrx_word' id='word_1_523' title='bbox 1923 3466 1937 3500; x_wconf 87' lang='lat'><strong>:</strong></span> <span class='ocrx_word' id='word_1_524' title='bbox 1980 3465 1999 3497; x_wconf 81' lang='grc' dir='ltr'><strong>ι</strong></span> <span class='ocrx_word' id='word_1_525' title='bbox 2040 3445 2096 3500; x_wconf 88' lang='lat' dir='ltr'><strong>Si</strong></span> <span class='ocrx_word' id='word_1_526' title='bbox 2134 3456 2335 3498; x_wconf 80' lang='lat' dir='ltr'><strong>autem.</strong></span> 
     </span>
    </p>
   </div>
   <div class='ocr_carea' id='block_1_67' title="bbox 706 3540 2317 3616">
    <p class='ocr_par' dir='ltr' id='par_1_67' title="bbox 706 3540 2317 3616">
     <span class='ocr_line' id='line_1_67' title="bbox 706 3540 2317 3616; baseline -0.008 -10"><span class='ocrx_word' id='word_1_527' title='bbox 706 3553 900 3607; x_wconf 90' lang='lat' dir='ltr'><strong>oculus</strong></span> <span class='ocrx_word' id='word_1_528' title='bbox 929 3561 1053 3605; x_wconf 82' lang='lat' dir='ltr'><strong>tuus</strong></span> <span class='ocrx_word' id='word_1_529' title='bbox 1086 3549 1252 3604; x_wconf 81' lang='lat' dir='ltr'><strong>luerit</strong></span> <span class='ocrx_word' id='word_1_530' title='bbox 1283 3560 1545 3616; x_wconf 86' lang='lat' dir='ltr'><strong>nequam,</strong></span> <span class='ocrx_word' id='word_1_531' title='bbox 1582 3562 1599 3595; x_wconf 74' lang='grc' dir='ltr'><strong>ι</strong></span> <span class='ocrx_word' id='word_1_532' title='bbox 1644 3554 1700 3595; x_wconf 86' lang='grc' dir='ltr'><strong>ιιι</strong></span> <span class='ocrx_word' id='word_1_533' title='bbox 1729 3557 1827 3613; x_wconf 89' lang='lat' dir='ltr'><strong>per</strong></span> <span class='ocrx_word' id='word_1_534' title='bbox 1858 3541 1910 3595; x_wconf 88' lang='lat' dir='ltr'><strong>id</strong></span> <span class='ocrx_word' id='word_1_535' title='bbox 1945 3540 2087 3609; x_wconf 90' lang='lat' dir='ltr'><strong>quod</strong></span> <span class='ocrx_word' id='word_1_536' title='bbox 2125 3554 2317 3593; x_wconf 84' lang='lat' dir='ltr'><strong>conse-</strong></span> 
     </span>
    </p>
   </div>
   <div class='ocr_carea' id='block_1_68' title="bbox 709 3633 2312 3717">
    <p class='ocr_par' dir='ltr' id='par_1_68' title="bbox 709 3633 2312 3717">
     <span class='ocr_line' id='line_1_68' title="bbox 709 3633 2312 3717; baseline -0.01 -17"><span class='ocrx_word' id='word_1_537' title='bbox 709 3648 930 3717; x_wconf 88' lang='lat' dir='ltr'><strong>quitur,</strong></span> <span class='ocrx_word' id='word_1_538' title='bbox 976 3643 1358 3698; x_wconf 86' lang='lat' dir='ltr'><strong>ratiocinantlo</strong></span> <span class='ocrx_word' id='word_1_539' title='bbox 1410 3640 1682 3707; x_wconf 76' lang='lat' dir='ltr'><strong>intelligas</strong></span> <span class='ocrx_word' id='word_1_540' title='bbox 1732 3638 1782 3689; x_wconf 91' lang='lat' dir='ltr'><strong>id</strong></span> <span class='ocrx_word' id='word_1_541' title='bbox 1830 3634 1972 3703; x_wconf 83' lang='lat' dir='ltr'><strong>quod</strong></span> <span class='ocrx_word' id='word_1_542' title='bbox 2019 3633 2312 3703; x_wconf 64' lang='lat' dir='ltr'><strong>praecedit;</strong></span> 
     </span>
    </p>
   </div>
   <div class='ocr_carea' id='block_1_69' title="bbox 709 3722 2316 3809">
    <p class='ocr_par' dir='ltr' id='par_1_69' title="bbox 709 3722 2316 3809">
     <span class='ocr_line' id='line_1_69' title="bbox 709 3722 2316 3809; baseline -0.011 -17"><span class='ocrx_word' id='word_1_543' title='bbox 709 3740 837 3809; x_wconf 85' lang='lat' dir='ltr'><strong>quia</strong></span> <span class='ocrx_word' id='word_1_544' title='bbox 876 3736 1136 3806; x_wconf 66' lang='lat' dir='ltr'><strong>nequitiae</strong></span> <span class='ocrx_word' id='word_1_545' title='bbox 1174 3734 1389 3786; x_wconf 89' lang='lat' dir='ltr'><strong>bonitas</strong></span> <span class='ocrx_word' id='word_1_546' title='bbox 1426 3730 1609 3799; x_wconf 80' lang='lat' dir='ltr'><strong>patius</strong></span> <span class='ocrx_word' id='word_1_547' title='bbox 1642 3727 1961 3797; x_wconf 89' lang='lat' dir='ltr'><strong>opponitur.</strong></span> <span class='ocrx_word' id='word_1_548' title='bbox 1998 3724 2177 3791; x_wconf 82' lang='lat' dir='ltr'><strong>Atque</strong></span> <span class='ocrx_word' id='word_1_549' title='bbox 2213 3722 2316 3775; x_wconf 88' lang='lat' dir='ltr'><strong>hoc</strong></span> 
     </span>
    </p>
   </div>
   <div class='ocr_carea' id='block_1_70' title="bbox 709 3820 1957 3901">
    <p class='ocr_par' dir='ltr' id='par_1_70' title="bbox 709 3820 1957 3901">
     <span class='ocr_line' id='line_1_70' title="bbox 709 3820 1957 3901; baseline -0.013 -12"><span class='ocrx_word' id='word_1_550' title='bbox 709 3843 816 3896; x_wconf 86' lang='lat' dir='ltr'><strong>est,</strong></span> <span class='ocrx_word' id='word_1_551' title='bbox 846 3832 992 3901; x_wconf 89' lang='lat' dir='ltr'><strong>quod</strong></span> <span class='ocrx_word' id='word_1_552' title='bbox 1025 3844 1123 3899; x_wconf 87' lang='lat' dir='ltr'><strong>per</strong></span> <span class='ocrx_word' id='word_1_553' title='bbox 1153 3824 1563 3895; x_wconf 89' lang='lat' dir='ltr'><strong>simplicitatem</strong></span> <span class='ocrx_word' id='word_1_554' title='bbox 1595 3820 1957 3891; x_wconf 76' lang='lat' dir='ltr'><strong>signiﬁcatur.</strong></span> 
     </span>
    </p>
   </div>
   <div class='ocr_carea' id='block_1_71' title="bbox 787 3914 2318 3982">
    <p class='ocr_par' dir='ltr' id='par_1_71' title="bbox 787 3914 2318 3982">
     <span class='ocr_line' id='line_1_71' title="bbox 787 3914 2318 3982; baseline -0.012 -4"><span class='ocrx_word' id='word_1_555' title='bbox 787 3946 809 3978; x_wconf 84' lang='grc'><em>‹</em></span> <span class='ocrx_word' id='word_1_556' title='bbox 841 3926 897 3980; x_wconf 90' lang='lat' dir='ltr'><strong>Si</strong></span> <span class='ocrx_word' id='word_1_557' title='bbox 928 3932 1109 3978; x_wconf 88' lang='lat' dir='ltr'><strong>autem</strong></span> <span class='ocrx_word' id='word_1_558' title='bbox 1140 3918 1333 3974; x_wconf 85' lang='lat' dir='ltr'><strong>oculus</strong></span> <span class='ocrx_word' id='word_1_559' title='bbox 1360 3926 1484 3971; x_wconf 90' lang='lat' dir='ltr'><strong>tuus</strong></span> <span class='ocrx_word' id='word_1_560' title='bbox 1510 3914 1675 3970; x_wconf 82' lang='lat' dir='ltr'><strong>fuerit</strong></span> <span class='ocrx_word' id='word_1_561' title='bbox 1704 3926 1964 3982; x_wconf 91' lang='lat' dir='ltr'><strong>nequam,</strong></span> <span class='ocrx_word' id='word_1_562' title='bbox 1996 3917 2164 3963; x_wconf 90' lang='lat' dir='ltr'><strong>totum</strong></span> <span class='ocrx_word' id='word_1_563' title='bbox 2195 3922 2318 3961; x_wconf 87' lang='lat' dir='ltr'><strong>cor-</strong></span> 
     </span>
    </p>
   </div>
   <div class='ocr_carea' id='block_1_72' title="bbox 711 4003 2316 4091">
    <p class='ocr_par' dir='ltr' id='par_1_72' title="bbox 711 4003 2316 4091">
     <span class='ocr_line' id='line_1_72' title="bbox 711 4003 2316 4091; baseline -0.014 -17"><span class='ocrx_word' id='word_1_564' title='bbox 711 4035 813 4091; x_wconf 80' lang='lat' dir='ltr'><strong>pus</strong></span> <span class='ocrx_word' id='word_1_565' title='bbox 850 4029 1001 4071; x_wconf 92' lang='lat' dir='ltr'><strong>tuum</strong></span> <span class='ocrx_word' id='word_1_566' title='bbox 1037 4012 1393 4068; x_wconf 88' lang='lat' dir='ltr'><strong>tenebrosum</strong></span> <span class='ocrx_word' id='word_1_567' title='bbox 1428 4007 1566 4073; x_wconf 84' lang='lat' dir='ltr'><strong>erit;</strong></span> <span class='ocrx_word' id='word_1_568' title='bbox 1608 4026 1627 4059; x_wconf 73' lang='grc' dir='ltr'><strong>ι</strong></span> <span class='ocrx_word' id='word_1_569' title='bbox 1671 4020 1798 4060; x_wconf 91' lang='lat' dir='ltr'><strong>nam</strong></span> <span class='ocrx_word' id='word_1_570' title='bbox 1852 4003 2045 4059; x_wconf 90' lang='lat' dir='ltr'><strong>oculus</strong></span> <span class='ocrx_word' id='word_1_571' title='bbox 2083 4015 2316 4071; x_wconf 89' lang='lat' dir='ltr'><strong>nequam</strong></span> 
     </span>
    </p>
   </div>
   <div class='ocr_carea' id='block_1_73' title="bbox 715 4095 2319 4174">
    <p class='ocr_par' dir='ltr' id='par_1_73' title="bbox 715 4095 2319 4174">
     <span class='ocr_line' id='line_1_73' title="bbox 715 4095 2319 4174; baseline -0.013 -7"><span class='ocrx_word' id='word_1_572' title='bbox 715 4128 771 4167; x_wconf 91' lang='lat' dir='ltr'><strong>et</strong></span> <span class='ocrx_word' id='word_1_573' title='bbox 814 4114 1013 4174; x_wconf 82' lang='lat' dir='ltr'><strong>elatus,</strong></span> <span class='ocrx_word' id='word_1_574' title='bbox 1037 4107 1302 4163; x_wconf 90' lang='lat' dir='ltr'><strong>omittens</strong></span> <span class='ocrx_word' id='word_1_575' title='bbox 1346 4102 1594 4158; x_wconf 90' lang='lat' dir='ltr'><strong>contueri</strong></span> <span class='ocrx_word' id='word_1_576' title='bbox 1637 4115 1699 4153; x_wconf 84' lang='lat' dir='ltr'><strong>ea</strong></span> <span class='ocrx_word' id='word_1_577' title='bbox 1743 4112 1979 4167; x_wconf 86' lang='lat' dir='ltr'><strong>quorum</strong></span> <span class='ocrx_word' id='word_1_578' title='bbox 2019 4095 2193 4150; x_wconf 81' lang='lat' dir='ltr'><strong>factus</strong></span> <span class='ocrx_word' id='word_1_579' title='bbox 2233 4101 2319 4147; x_wconf 90' lang='lat' dir='ltr'><strong>est</strong></span> 
     </span>
    </p>
   </div>
   <div class='ocr_carea' id='block_1_74' title="bbox 713 4190 2320 4272">
    <p class='ocr_par' dir='ltr' id='par_1_74' title="bbox 713 4190 2320 4272">
     <span class='ocr_line' id='line_1_74' title="bbox 713 4190 2320 4272; baseline -0.012 -12"><span class='ocrx_word' id='word_1_580' title='bbox 713 4221 905 4269; x_wconf 87' lang='lat' dir='ltr'><strong>causa,</strong></span> <span class='ocrx_word' id='word_1_581' title='bbox 937 4201 1259 4272; x_wconf 89' lang='lat' dir='ltr'><strong>passionum</strong></span> <span class='ocrx_word' id='word_1_582' title='bbox 1297 4196 1648 4251; x_wconf 86' lang='lat' dir='ltr'><strong>incitamenta</strong></span> <span class='ocrx_word' id='word_1_583' title='bbox 1687 4191 2081 4260; x_wconf 89' lang='lat' dir='ltr'><strong>circumspicit.</strong></span> <span class='ocrx_word' id='word_1_584' title='bbox 2116 4190 2320 4255; x_wconf 82' lang='lat' dir='ltr'><strong>Quam-</strong></span> 
     </span>
    </p>
   </div>
   <div class='ocr_carea' id='block_1_75' title="bbox 713 4280 2317 4357">
    <p class='ocr_par' dir='ltr' id='par_1_75' title="bbox 713 4280 2317 4357">
     <span class='ocr_line' id='line_1_75' title="bbox 713 4280 2317 4357; baseline -0.014 -3"><span class='ocrx_word' id='word_1_585' title='bbox 713 4303 904 4354; x_wconf 91' lang='lat' dir='ltr'><strong>obrem</strong></span> <span class='ocrx_word' id='word_1_586' title='bbox 964 4304 1139 4349; x_wconf 90' lang='lat' dir='ltr'><strong>totum</strong></span> <span class='ocrx_word' id='word_1_587' title='bbox 1191 4306 1391 4357; x_wconf 85' lang='lat' dir='ltr'><strong>corpus</strong></span> <span class='ocrx_word' id='word_1_588' title='bbox 1441 4287 1589 4341; x_wconf 88' lang='lat' dir='ltr'><strong>velut</strong></span> <span class='ocrx_word' id='word_1_589' title='bbox 1640 4286 1695 4339; x_wconf 90' lang='lat' dir='ltr'><strong>in</strong></span> <span class='ocrx_word' id='word_1_590' title='bbox 1755 4283 1991 4338; x_wconf 83' lang='lat' dir='ltr'><strong>tenebris</strong></span> <span class='ocrx_word' id='word_1_591' title='bbox 2043 4280 2317 4344; x_wconf 81' lang='lat' dir='ltr'><strong>ambulat,</strong></span> 
     </span>
    </p>
   </div>
   <div class='ocr_carea' id='block_1_76' title="bbox 713 4378 2317 4449">
    <p class='ocr_par' dir='ltr' id='par_1_76' title="bbox 713 4378 2317 4449">
     <span class='ocr_line' id='line_1_76' title="bbox 713 4378 2317 4449; baseline -0.014 -1"><span class='ocrx_word' id='word_1_592' title='bbox 713 4394 885 4449; x_wconf 81' lang='lat' dir='ltr'><strong>oculis</strong></span> <span class='ocrx_word' id='word_1_593' title='bbox 932 4387 1347 4445; x_wconf 80' lang='lat' dir='ltr'><strong>caecutientibus</strong></span> <span class='ocrx_word' id='word_1_594' title='bbox 1392 4395 1604 4437; x_wconf 91' lang='lat' dir='ltr'><strong>errans.</strong></span> <span class='ocrx_word' id='word_1_595' title='bbox 1630 4378 1922 4432; x_wconf 85' lang='lat' dir='ltr'><strong>Curiosum</strong></span> <span class='ocrx_word' id='word_1_596' title='bbox 1974 4378 2117 4428; x_wconf 89' lang='lat' dir='ltr'><strong>hunc</strong></span> <span class='ocrx_word' id='word_1_597' title='bbox 2159 4388 2317 4441; x_wconf 63' lang='lat' dir='ltr'><strong>astte-</strong></span> 
     </span>
    </p>
   </div>
   <div class='ocr_carea' id='block_1_77' title="bbox 714 4467 2320 4541">
    <p class='ocr_par' dir='ltr' id='par_1_77' title="bbox 714 4467 2320 4541">
     <span class='ocr_line' id='line_1_77' title="bbox 714 4467 2320 4541; baseline -0.014 -2"><span class='ocrx_word' id='word_1_598' title='bbox 714 4496 863 4539; x_wconf 91' lang='lat' dir='ltr'><strong>ctum</strong></span> <span class='ocrx_word' id='word_1_599' title='bbox 896 4481 1161 4537; x_wconf 88' lang='lat' dir='ltr'><strong>Dominus</strong></span> <span class='ocrx_word' id='word_1_600' title='bbox 1193 4489 1455 4531; x_wconf 84' lang='lat' dir='ltr'><strong>coercens</strong></span> <span class='ocrx_word' id='word_1_601' title='bbox 1488 4470 1750 4541; x_wconf 69' lang='lat' dir='ltr'><strong>prazcepit</strong></span> <span class='ocrx_word' id='word_1_602' title='bbox 1790 4488 1803 4524; x_wconf 86' lang='lat'><strong>:</strong></span> <span class='ocrx_word' id='word_1_603' title='bbox 1848 4485 1867 4519; x_wconf 82' lang='grc' dir='ltr'><strong>ι</strong></span> <span class='ocrx_word' id='word_1_604' title='bbox 1905 4467 2023 4521; x_wconf 87' lang='lat' dir='ltr'><strong>Non</strong></span> <span class='ocrx_word' id='word_1_605' title='bbox 2061 4467 2320 4536; x_wconf 79' lang='lat' dir='ltr'><strong>concupi-</strong></span> 
     </span>
    </p>
   </div>
   <div class='ocr_carea' id='block_1_78' title="bbox 2421 3270 4025 3346">
    <p class='ocr_par' dir='ltr' id='par_1_78' title="bbox 2421 3270 4025 3346">
     <span class='ocr_line' id='line_1_78' title="bbox 2421 3270 4025 3346; baseline 0.007 -25"><span class='ocrx_word' id='word_1_606' title='bbox 2421 3270 2780 3338; x_wconf 81' lang='grc' dir='ltr'>κατασκευῆς</span> <span class='ocrx_word' id='word_1_607' title='bbox 2814 3272 3073 3343; x_wconf 71' lang='grc' dir='ltr'>εἰρῆσθαι</span> <span class='ocrx_word' id='word_1_608' title='bbox 3134 3276 3426 3346; x_wconf 82' lang='grc' dir='ltr'>νοήσωμεν</span> <span class='ocrx_word' id='word_1_609' title='bbox 3474 3278 3537 3329; x_wconf 77' lang='grc' dir='ltr'><strong>τὸ</strong></span> <span class='ocrx_word' id='word_1_610' title='bbox 3586 3278 3817 3340; x_wconf 82' lang='grc' dir='ltr'>ἁπλοῦν,</span> <span class='ocrx_word' id='word_1_611' title='bbox 3880 3280 4025 3333; x_wconf 70' lang='grc' dir='ltr'>ἀλλὰ</span> 
     </span>
    </p>
   </div>
   <div class='ocr_carea' id='block_1_79' title="bbox 2419 3363 4025 3439">
    <p class='ocr_par' dir='ltr' id='par_1_79' title="bbox 2419 3363 4025 3439">
     <span class='ocr_line' id='line_1_79' title="bbox 2419 3363 4025 3439; baseline 0.009 -26"><span class='ocrx_word' id='word_1_612' title='bbox 2419 3363 2674 3433; x_wconf 75' lang='grc' dir='ltr'>περὶτῆς</span> <span class='ocrx_word' id='word_1_613' title='bbox 2734 3366 2879 3416; x_wconf 69' lang='grc' dir='ltr'>κατὰ</span> <span class='ocrx_word' id='word_1_614' title='bbox 2933 3366 3097 3433; x_wconf 69' lang='grc' dir='ltr'>φύσιν</span> <span class='ocrx_word' id='word_1_615' title='bbox 3139 3369 3448 3438; x_wconf 84' lang='grc' dir='ltr'>ἐνεργείας,</span> <span class='ocrx_word' id='word_1_616' title='bbox 3520 3368 3597 3433; x_wconf 84' lang='grc' dir='ltr'>ὼς</span> <span class='ocrx_word' id='word_1_617' title='bbox 3661 3376 3806 3426; x_wconf 75' lang='grc' dir='ltr'>καὶὸ</span> <span class='ocrx_word' id='word_1_618' title='bbox 3856 3373 4025 3439; x_wconf 77' lang='grc' dir='ltr'>λόγος</span> 
     </span>
    </p>
   </div>
   <div class='ocr_carea' id='block_1_80' title="bbox 2417 3454 4023 3531">
    <p class='ocr_par' dir='ltr' id='par_1_80' title="bbox 2417 3454 4023 3531">
     <span class='ocr_line' id='line_1_80' title="bbox 2417 3454 4023 3531; baseline 0.007 -27"><span class='ocrx_word' id='word_1_619' title='bbox 2417 3454 2669 3517; x_wconf 79' lang='grc' dir='ltr'>ἀπέδειξε</span> <span class='ocrx_word' id='word_1_620' title='bbox 2698 3471 2712 3485; x_wconf 74' lang='grc'><strong><em>⁸</em></strong></span> <span class='ocrx_word' id='word_1_621' title='bbox 2737 3455 2828 3507; x_wconf 78' lang='grc' dir='ltr'><strong>διὰ</strong></span> <span class='ocrx_word' id='word_1_622' title='bbox 2852 3456 3013 3509; x_wconf 85' lang='grc' dir='ltr'>τοῦτο</span> <span class='ocrx_word' id='word_1_623' title='bbox 3047 3457 3309 3528; x_wconf 75' lang='grc' dir='ltr'>ἐπιφέρει</span> <span class='ocrx_word' id='word_1_624' title='bbox 3338 3477 3351 3489; x_wconf 73' lang='grc' dir='ltr'><strong><em>ο</em></strong></span> <span class='ocrx_word' id='word_1_625' title='bbox 3392 3478 3411 3511; x_wconf 78' lang='grc' dir='ltr'><strong>ι</strong></span> <span class='ocrx_word' id='word_1_626' title='bbox 3468 3462 3595 3513; x_wconf 73' lang='grc' dir='ltr'><strong>Ἐὰν</strong></span> <span class='ocrx_word' id='word_1_627' title='bbox 3657 3462 3715 3513; x_wconf 78' lang='grc' dir='ltr'><strong>δὲ</strong></span> <span class='ocrx_word' id='word_1_628' title='bbox 3740 3464 3773 3514; x_wconf 81' lang='grc' dir='ltr'>ὁ</span> <span class='ocrx_word' id='word_1_629' title='bbox 3810 3465 4023 3531; x_wconf 72' lang='grc' dir='ltr'>ὀφθαλ-</span> 
     </span>
    </p>
   </div>
   <div class='ocr_carea' id='block_1_81' title="bbox 2421 3546 4023 3628">
    <p class='ocr_par' dir='ltr' id='par_1_81' title="bbox 2421 3546 4023 3628">
     <span class='ocr_line' id='line_1_81' title="bbox 2421 3546 4023 3628; baseline 0.006 -30"><span class='ocrx_word' id='word_1_630' title='bbox 2421 3547 2522 3616; x_wconf 85' lang='grc' dir='ltr'><strong>μός</strong></span> <span class='ocrx_word' id='word_1_631' title='bbox 2552 3564 2646 3599; x_wconf 89' lang='grc' dir='ltr'><strong>σου</strong></span> <span class='ocrx_word' id='word_1_632' title='bbox 2680 3549 2922 3618; x_wconf 78' lang='grc' dir='ltr'>πονηρὸς</span> <span class='ocrx_word' id='word_1_633' title='bbox 3005 3566 3018 3580; x_wconf 75' lang='grc' dir='ltr'><strong>ο</strong></span> <span class='ocrx_word' id='word_1_634' title='bbox 3052 3570 3070 3598; x_wconf 77' lang='grc' dir='ltr'><strong>ι</strong></span> <span class='ocrx_word' id='word_1_635' title='bbox 3115 3552 3205 3603; x_wconf 83' lang='grc' dir='ltr'><strong>ἵνα</strong></span> <span class='ocrx_word' id='word_1_636' title='bbox 3234 3552 3324 3603; x_wconf 72' lang='grc' dir='ltr'>διὰ</span> <span class='ocrx_word' id='word_1_637' title='bbox 3351 3552 3447 3604; x_wconf 87' lang='grc' dir='ltr'><strong>τοῦ</strong></span> <span class='ocrx_word' id='word_1_638' title='bbox 3482 3553 3754 3622; x_wconf 77' lang='grc' dir='ltr'>ἑπομένου</span> <span class='ocrx_word' id='word_1_639' title='bbox 3811 3560 4023 3628; x_wconf 64' lang='grc' dir='ltr'>νοήσῃς</span> 
     </span>
    </p>
   </div>
   <div class='ocr_carea' id='block_1_82' title="bbox 2417 3642 4025 3718">
    <p class='ocr_par' dir='ltr' id='par_1_82' title="bbox 2417 3642 4025 3718">
     <span class='ocr_line' id='line_1_82' title="bbox 2417 3642 4025 3718; baseline 0.005 -25"><span class='ocrx_word' id='word_1_640' title='bbox 2417 3642 2477 3693; x_wconf 83' lang='grc' dir='ltr'><strong>τὸ</strong></span> <span class='ocrx_word' id='word_1_641' title='bbox 2507 3642 2945 3711; x_wconf 83' lang='grc' dir='ltr'>προηγούμενον,</span> <span class='ocrx_word' id='word_1_642' title='bbox 2984 3644 3449 3718; x_wconf 83' lang='grc' dir='ltr'>συλλογισάμενος</span> <span class='ocrx_word' id='word_1_643' title='bbox 3474 3648 3557 3700; x_wconf 76' lang='grc' dir='ltr'>ὄτι</span> <span class='ocrx_word' id='word_1_644' title='bbox 3584 3650 3663 3717; x_wconf 81' lang='grc' dir='ltr'><strong>τῷ</strong></span> <span class='ocrx_word' id='word_1_645' title='bbox 3696 3650 3929 3717; x_wconf 69' lang='grc' dir='ltr'>ποιηρῷ</span> <span class='ocrx_word' id='word_1_646' title='bbox 3964 3651 4025 3701; x_wconf 83' lang='grc' dir='ltr'><strong>τὸ</strong></span> 
     </span>
    </p>
   </div>
   <div class='ocr_carea' id='block_1_83' title="bbox 2419 3733 4023 3803">
    <p class='ocr_par' dir='ltr' id='par_1_83' title="bbox 2419 3733 4023 3803">
     <span class='ocr_line' id='line_1_83' title="bbox 2419 3733 4023 3803; baseline 0.004 -16"><span class='ocrx_word' id='word_1_647' title='bbox 2419 3733 2628 3801; x_wconf 81' lang='grc' dir='ltr'>ἀγαθὸν</span> <span class='ocrx_word' id='word_1_648' title='bbox 2664 3736 2869 3803; x_wconf 82' lang='grc' dir='ltr'>μᾶλλον</span> <span class='ocrx_word' id='word_1_649' title='bbox 2906 3738 3215 3789; x_wconf 83' lang='grc' dir='ltr'>ἀντίκειται</span> <span class='ocrx_word' id='word_1_650' title='bbox 3240 3755 3255 3767; x_wconf 76' lang='grc' dir='ltr'><strong><em>ο</em></strong></span> <span class='ocrx_word' id='word_1_651' title='bbox 3291 3739 3573 3791; x_wconf 77' lang='grc' dir='ltr'>καὶτοῦτο</span> <span class='ocrx_word' id='word_1_652' title='bbox 3626 3742 3745 3792; x_wconf 86' lang='grc' dir='ltr'>ἐστι</span> <span class='ocrx_word' id='word_1_653' title='bbox 3805 3744 3869 3793; x_wconf 84' lang='grc' dir='ltr'><strong>τὸ</strong></span> <span class='ocrx_word' id='word_1_654' title='bbox 3934 3745 4023 3794; x_wconf 64' lang='grc' dir='ltr'>διὰ</span> 
     </span>
    </p>
   </div>
   <div class='ocr_carea' id='block_1_84' title="bbox 2419 3827 3322 3899">
    <p class='ocr_par' dir='ltr' id='par_1_84' title="bbox 2419 3827 3322 3899">
     <span class='ocr_line' id='line_1_84' title="bbox 2419 3827 3322 3899; baseline 0.007 -21"><span class='ocrx_word' id='word_1_655' title='bbox 2419 3829 2519 3895; x_wconf 79' lang='grc' dir='ltr'>τῆς</span> <span class='ocrx_word' id='word_1_656' title='bbox 2552 3827 2860 3896; x_wconf 79' lang='grc' dir='ltr'>ἁπλότητος</span> <span class='ocrx_word' id='word_1_657' title='bbox 2888 3829 3322 3899; x_wconf 83' lang='grc' dir='ltr'>σημαινόμενον.</span> 
     </span>
    </p>
   </div>
   <div class='ocr_carea' id='block_1_85' title="bbox 2440 3916 4025 3997">
    <p class='ocr_par' dir='ltr' id='par_1_85' title="bbox 2440 3916 4025 3997">
     <span class='ocr_line' id='line_1_85' title="bbox 2440 3916 4025 3997; baseline 0.006 -28"><span class='ocrx_word' id='word_1_658' title='bbox 2440 3926 2441 3929; x_wconf 69' lang='grc'><em>“</em></span> <span class='ocrx_word' id='word_1_659' title='bbox 2498 3937 2515 3969; x_wconf 80' lang='grc' dir='ltr'><strong>ι</strong></span> <span class='ocrx_word' id='word_1_660' title='bbox 2558 3916 2687 3971; x_wconf 79' lang='grc' dir='ltr'><strong>Ἐάν</strong></span> <span class='ocrx_word' id='word_1_661' title='bbox 2716 3919 2772 3971; x_wconf 83' lang='grc' dir='ltr'><strong>δὲ</strong></span> <span class='ocrx_word' id='word_1_662' title='bbox 2806 3920 2835 3971; x_wconf 87' lang='lat'><strong>6</strong></span> <span class='ocrx_word' id='word_1_663' title='bbox 2855 3918 3136 3990; x_wconf 78' lang='grc' dir='ltr'>ὀφθαλμός</span> <span class='ocrx_word' id='word_1_664' title='bbox 3169 3938 3264 3973; x_wconf 83' lang='grc' dir='ltr'><strong>σου</strong></span> <span class='ocrx_word' id='word_1_665' title='bbox 3290 3916 3597 3997; x_wconf 71' lang='grc' dir='ltr'>πονηρδςῇ,</span> <span class='ocrx_word' id='word_1_666' title='bbox 3624 3924 3746 3977; x_wconf 85' lang='grc' dir='ltr'>ὅλον</span> <span class='ocrx_word' id='word_1_667' title='bbox 3766 3924 3830 3977; x_wconf 77' lang='grc' dir='ltr'>τὸ</span> <span class='ocrx_word' id='word_1_668' title='bbox 3854 3927 4025 3996; x_wconf 80' lang='grc' dir='ltr'>σῶμα</span> 
     </span>
    </p>
   </div>
   <div class='ocr_carea' id='block_1_86' title="bbox 2422 4012 4026 4084">
    <p class='ocr_par' dir='ltr' id='par_1_86' title="bbox 2422 4012 4026 4084">
     <span class='ocr_line' id='line_1_86' title="bbox 2422 4012 4026 4084; baseline 0.004 -22"><span class='ocrx_word' id='word_1_669' title='bbox 2422 4027 2516 4062; x_wconf 61' lang='grc' dir='ltr'><strong>σου</strong></span> <span class='ocrx_word' id='word_1_670' title='bbox 2558 4012 2841 4064; x_wconf 71' lang='grc' dir='ltr'>σκοτεινὸν</span> <span class='ocrx_word' id='word_1_671' title='bbox 2868 4014 3023 4064; x_wconf 79' lang='grc' dir='ltr'>ἔσται</span> <span class='ocrx_word' id='word_1_672' title='bbox 3056 4032 3069 4044; x_wconf 89' lang='grc'><strong>·</strong></span> <span class='ocrx_word' id='word_1_673' title='bbox 3114 4030 3131 4062; x_wconf 72' lang='grc' dir='ltr'><strong>ι</strong></span> <span class='ocrx_word' id='word_1_674' title='bbox 3168 4015 3323 4082; x_wconf 72' lang='grc' dir='ltr'>ὁγὰρ</span> <span class='ocrx_word' id='word_1_675' title='bbox 3353 4015 3885 4084; x_wconf 74' lang='grc' dir='ltr'>πονηρὸςόφθαλμδς</span> <span class='ocrx_word' id='word_1_676' title='bbox 3928 4020 4026 4069; x_wconf 75' lang='grc' dir='ltr'>καὶ</span> 
     </span>
    </p>
   </div>
   <div class='ocr_carea' id='block_1_87' title="bbox 2423 4092 4027 4176">
    <p class='ocr_par' dir='ltr' id='par_1_87' title="bbox 2423 4092 4027 4176">
     <span class='ocr_line' id='line_1_87' title="bbox 2423 4092 4027 4176; baseline 0.006 -24"><span class='ocrx_word' id='word_1_677' title='bbox 2423 4092 2722 4172; x_wconf 80' lang='grc' dir='ltr'>μετέωρος,</span> <span class='ocrx_word' id='word_1_678' title='bbox 2751 4103 2913 4172; x_wconf 78' lang='grc' dir='ltr'>ἀφεὶς</span> <span class='ocrx_word' id='word_1_679' title='bbox 2940 4106 3127 4158; x_wconf 71' lang='grc' dir='ltr'>ἐκεῖνα</span> <span class='ocrx_word' id='word_1_680' title='bbox 3150 4109 3537 4175; x_wconf 79' lang='grc' dir='ltr'>περισκοπεῖν,</span> <span class='ocrx_word' id='word_1_681' title='bbox 3569 4102 3646 4159; x_wconf 81' lang='grc' dir='ltr'>ὧν</span> <span class='ocrx_word' id='word_1_682' title='bbox 3692 4107 3857 4161; x_wconf 73' lang='grc' dir='ltr'>ἕνεκα</span> <span class='ocrx_word' id='word_1_683' title='bbox 3924 4111 4027 4176; x_wconf 77' lang='grc' dir='ltr'><strong>γέο</strong></span> 
     </span>
    </p>
   </div>
   <div class='ocr_carea' id='block_1_88' title="bbox 2421 4194 4028 4264">
    <p class='ocr_par' dir='ltr' id='par_1_88' title="bbox 2421 4194 4028 4264">
     <span class='ocr_line' id='line_1_88' title="bbox 2421 4194 4028 4264; baseline 0.006 -21"><span class='ocrx_word' id='word_1_684' title='bbox 2421 4209 2572 4260; x_wconf 88' lang='grc' dir='ltr'>γονε,</span> <span class='ocrx_word' id='word_1_685' title='bbox 2609 4194 2905 4264; x_wconf 87' lang='grc' dir='ltr'>περιαθρεῖ</span> <span class='ocrx_word' id='word_1_686' title='bbox 2932 4196 2997 4246; x_wconf 78' lang='grc' dir='ltr'><strong>τά</strong></span> <span class='ocrx_word' id='word_1_687' title='bbox 3026 4195 3137 4247; x_wconf 83' lang='grc' dir='ltr'><strong>τῶν</strong></span> <span class='ocrx_word' id='word_1_688' title='bbox 3172 4196 3365 4247; x_wconf 80' lang='grc' dir='ltr'>παθῶν</span> <span class='ocrx_word' id='word_1_689' title='bbox 3425 4196 3855 4264; x_wconf 80' lang='grc' dir='ltr'>ὑπεκκαύματα.</span> <span class='ocrx_word' id='word_1_690' title='bbox 3934 4201 4028 4252; x_wconf 80' lang='grc' dir='ltr'><strong>Διὸ</strong></span> 
     </span>
    </p>
   </div>
   <div class='ocr_carea' id='block_1_89' title="bbox 2420 4284 4029 4357">
    <p class='ocr_par' dir='ltr' id='par_1_89' title="bbox 2420 4284 4029 4357">
     <span class='ocr_line' id='line_1_89' title="bbox 2420 4284 4029 4357; baseline 0.002 -20"><span class='ocrx_word' id='word_1_691' title='bbox 2420 4285 2517 4337; x_wconf 70' lang='grc' dir='ltr'><strong>καὶ</strong></span> <span class='ocrx_word' id='word_1_692' title='bbox 2547 4284 2696 4337; x_wconf 77' lang='grc' dir='ltr'>ἅπαν</span> <span class='ocrx_word' id='word_1_693' title='bbox 2725 4286 2787 4337; x_wconf 86' lang='grc' dir='ltr'><strong>τὸ</strong></span> <span class='ocrx_word' id='word_1_694' title='bbox 2838 4287 2998 4356; x_wconf 82' lang='grc' dir='ltr'>σῶμα</span> <span class='ocrx_word' id='word_1_695' title='bbox 3031 4286 3118 4349; x_wconf 79' lang='grc' dir='ltr'>ὡς·</span> <span class='ocrx_word' id='word_1_696' title='bbox 3141 4289 3200 4339; x_wconf 77' lang='grc' dir='ltr'><strong>ἐν</strong></span> <span class='ocrx_word' id='word_1_697' title='bbox 3240 4290 3427 4340; x_wconf 78' lang='grc' dir='ltr'>σκότει</span> <span class='ocrx_word' id='word_1_698' title='bbox 3470 4288 3791 4356; x_wconf 84' lang='grc' dir='ltr'>πορεύεται,</span> <span class='ocrx_word' id='word_1_699' title='bbox 3819 4293 3885 4357; x_wconf 83' lang='grc' dir='ltr'>τῇ</span> <span class='ocrx_word' id='word_1_700' title='bbox 3916 4292 4029 4341; x_wconf 81' lang='grc' dir='ltr'>τῶν</span> 
     </span>
    </p>
   </div>
   <div class='ocr_carea' id='block_1_90' title="bbox 2422 4380 4029 4452">
    <p class='ocr_par' dir='ltr' id='par_1_90' title="bbox 2422 4380 4029 4452">
     <span class='ocr_line' id='line_1_90' title="bbox 2422 4380 4029 4452; baseline 0.001 -21"><span class='ocrx_word' id='word_1_701' title='bbox 2422 4382 2693 4451; x_wconf 73' lang='grc' dir='ltr'>ὀμμάτων</span> <span class='ocrx_word' id='word_1_702' title='bbox 2714 4381 3058 4452; x_wconf 72' lang='grc' dir='ltr'>ἀμϐλυιυπίᾳ</span> <span class='ocrx_word' id='word_1_703' title='bbox 3088 4380 3608 4450; x_wconf 81' lang='grc' dir='ltr'>περιπλανώμενον.</span> <span class='ocrx_word' id='word_1_704' title='bbox 3646 4381 3871 4450; x_wconf 85' lang='grc' dir='ltr'>Ταύτην</span> <span class='ocrx_word' id='word_1_705' title='bbox 3928 4382 4029 4452; x_wconf 80' lang='grc' dir='ltr'>τὴν</span> 
     </span>
    </p>
   </div>
   <div class='ocr_carea' id='block_1_91' title="bbox 2427 4473 4027 4545">
    <p class='ocr_par' dir='ltr' id='par_1_91' title="bbox 2427 4473 4027 4545">
     <span class='ocr_line' id='line_1_91' title="bbox 2427 4473 4027 4545; baseline 0.002 -19"><span class='ocrx_word' id='word_1_706' title='bbox 2427 4475 2724 4545; x_wconf 84' lang='grc' dir='ltr'>περίεργον</span> <span class='ocrx_word' id='word_1_707' title='bbox 2804 4473 2937 4527; x_wconf 84' lang='grc' dir='ltr'><strong>Θέαν</strong></span> <span class='ocrx_word' id='word_1_708' title='bbox 3009 4474 3357 4527; x_wconf 79' lang='grc' dir='ltr'>ἀναστέλλων</span> <span class='ocrx_word' id='word_1_709' title='bbox 3400 4476 3429 4526; x_wconf 91' lang='lat'><strong>6</strong></span> <span class='ocrx_word' id='word_1_710' title='bbox 3488 4474 3621 4536; x_wconf 65' lang='grc' dir='ltr'>Θεὸς</span> <span class='ocrx_word' id='word_1_711' title='bbox 3666 4475 4027 4529; x_wconf 67' lang='grc' dir='ltr'>ἐνετείλατο*</span> 
     </span>
    </p>
   </div>
   <div class='ocr_carea' id='block_1_92' title="bbox 716 4559 2313 4637">
    <p class='ocr_par' dir='ltr' id='par_1_92' title="bbox 716 4559 2313 4636">
     <span class='ocr_line' id='line_1_92' title="bbox 716 4559 2313 4636; baseline -0.01 -7"><span class='ocrx_word' id='word_1_712' title='bbox 716 4590 835 4629; x_wconf 83' lang='lat' dir='ltr'><strong>sees</strong></span> <span class='ocrx_word' id='word_1_713' title='bbox 883 4585 1113 4626; x_wconf 77' lang='lat' dir='ltr'><strong>uxorem</strong></span> <span class='ocrx_word' id='word_1_714' title='bbox 1164 4564 1404 4636; x_wconf 73' lang='lat' dir='ltr'><strong>proximi</strong></span> <span class='ocrx_word' id='word_1_715' title='bbox 1457 4564 1565 4629; x_wconf 88' lang='lat' dir='ltr'><strong>tui,</strong></span> <span class='ocrx_word' id='word_1_716' title='bbox 1598 4569 1653 4614; x_wconf 89' lang='lat' dir='ltr'><strong>et</strong></span> <span class='ocrx_word' id='word_1_717' title='bbox 1698 4560 1955 4615; x_wconf 88' lang='lat' dir='ltr'><strong>universa</strong></span> <span class='ocrx_word' id='word_1_718' title='bbox 2009 4573 2128 4627; x_wconf 68' lang='lat' dir='ltr'><strong>quae</strong></span> <span class='ocrx_word' id='word_1_719' title='bbox 2178 4559 2313 4613; x_wconf 81' lang='lat' dir='ltr'><strong>illius</strong></span> 
     </span>
    </p>
   </div>
   <div class='ocr_carea' id='block_1_93' title="bbox 2419 4559 4027 4637">
    <p class='ocr_par' dir='ltr' id='par_1_93' title="bbox 2432 4566 4027 4637">
     <span class='ocr_line' id='line_1_93' title="bbox 2432 4566 4027 4637; baseline 0.002 -19"><span class='ocrx_word' id='word_1_720' title='bbox 2432 4587 2449 4618; x_wconf 76' lang='grc' dir='ltr'><strong>ι</strong></span> <span class='ocrx_word' id='word_1_721' title='bbox 2481 4569 2598 4619; x_wconf 70' lang='grc' dir='ltr'><strong>Οὐκ</strong></span> <span class='ocrx_word' id='word_1_722' title='bbox 2634 4567 3003 4637; x_wconf 74' lang='grc' dir='ltr'>ἐπιθυμήσεις</span> <span class='ocrx_word' id='word_1_723' title='bbox 3030 4570 3130 4635; x_wconf 83' lang='grc' dir='ltr'>τὴν</span> <span class='ocrx_word' id='word_1_724' title='bbox 3162 4568 3405 4634; x_wconf 87' lang='grc' dir='ltr'>γυναῖκα</span> <span class='ocrx_word' id='word_1_725' title='bbox 3438 4566 3531 4618; x_wconf 90' lang='grc' dir='ltr'><strong>τοῦ</strong></span> <span class='ocrx_word' id='word_1_726' title='bbox 3595 4566 3829 4634; x_wconf 76' lang='grc' dir='ltr'>πλησίου</span> <span class='ocrx_word' id='word_1_727' title='bbox 3904 4586 4027 4631; x_wconf 85' lang='grc' dir='ltr'>σου,</span> 
     </span>
    </p>
   </div>
   <div class='ocr_carea' id='block_1_94' title="bbox 717 4652 2319 4723">
    <p class='ocr_par' dir='ltr' id='par_1_94' title="bbox 717 4652 2319 4723">
     <span class='ocr_line' id='line_1_94' title="bbox 717 4652 2319 4723; baseline -0.012 -1"><span class='ocrx_word' id='word_1_728' title='bbox 717 4668 931 4723; x_wconf 72' lang='lat' dir='ltr'><strong>sunt&quot;.</strong></span> <span class='ocrx_word' id='word_1_729' title='bbox 976 4684 995 4716; x_wconf 68' lang='grc' dir='ltr'><strong>ι</strong></span> <span class='ocrx_word' id='word_1_730' title='bbox 1056 4662 1253 4715; x_wconf 85' lang='lat' dir='ltr'><strong>Postea</strong></span> <span class='ocrx_word' id='word_1_731' title='bbox 1298 4671 1432 4712; x_wconf 84' lang='lat' dir='ltr'><strong>vero</strong></span> <span class='ocrx_word' id='word_1_732' title='bbox 1484 4657 1701 4709; x_wconf 84' lang='lat' dir='ltr'><strong>curiose</strong></span> <span class='ocrx_word' id='word_1_733' title='bbox 1752 4652 2035 4707; x_wconf 91' lang='lat' dir='ltr'><strong>mulierem</strong></span> <span class='ocrx_word' id='word_1_734' title='bbox 2089 4652 2319 4715; x_wconf 91' lang='lat' dir='ltr'><strong>intueri,</strong></span> 
     </span>
    </p>
   </div>
   <div class='ocr_carea' id='block_1_95' title="bbox 721 4742 2321 4815">
    <p class='ocr_par' dir='ltr' id='par_1_95' title="bbox 721 4742 2321 4815">
     <span class='ocr_line' id='line_1_95' title="bbox 721 4742 2321 4815; baseline -0.011 -3"><span class='ocrx_word' id='word_1_735' title='bbox 721 4756 1053 4814; x_wconf 85' lang='lat' dir='ltr'><strong>adulterium</strong></span> <span class='ocrx_word' id='word_1_736' title='bbox 1091 4768 1214 4807; x_wconf 90' lang='lat' dir='ltr'><strong>esse</strong></span> <span class='ocrx_word' id='word_1_737' title='bbox 1249 4748 1419 4813; x_wconf 76' lang='lat' dir='ltr'><strong>dixit,</strong></span> <span class='ocrx_word' id='word_1_738' title='bbox 1454 4747 1697 4802; x_wconf 85' lang='lat' dir='ltr'><strong>radicem</strong></span> <span class='ocrx_word' id='word_1_739' title='bbox 1736 4745 2009 4815; x_wconf 87' lang='lat' dir='ltr'><strong>passionis</strong></span> <span class='ocrx_word' id='word_1_740' title='bbox 2044 4742 2321 4811; x_wconf 88' lang='lat' dir='ltr'><strong>spinarum</strong></span> 
     </span>
    </p>
   </div>
   <div class='ocr_carea' id='block_1_96' title="bbox 719 4836 2320 4913">
    <p class='ocr_par' dir='ltr' id='par_1_96' title="bbox 719 4836 2320 4913">
     <span class='ocr_line' id='line_1_96' title="bbox 719 4836 2320 4913; baseline -0.012 -5"><span class='ocrx_word' id='word_1_741' title='bbox 719 4855 958 4909; x_wconf 71' lang='lat' dir='ltr'><strong>feracem</strong></span> <span class='ocrx_word' id='word_1_742' title='bbox 1014 4848 1254 4902; x_wconf 80' lang='lat' dir='ltr'><strong>evellens</strong></span> <span class='ocrx_word' id='word_1_743' title='bbox 1306 4842 1457 4913; x_wconf 85' lang='lat'><strong>(87),</strong></span> <span class='ocrx_word' id='word_1_744' title='bbox 1493 4854 1562 4896; x_wconf 78' lang='lat' dir='ltr'><strong>ex</strong></span> <span class='ocrx_word' id='word_1_745' title='bbox 1615 4852 1723 4910; x_wconf 90' lang='lat' dir='ltr'><strong>qua</strong></span> <span class='ocrx_word' id='word_1_746' title='bbox 1777 4836 2039 4892; x_wconf 87' lang='lat' dir='ltr'><strong>nimirum</strong></span> <span class='ocrx_word' id='word_1_747' title='bbox 2095 4845 2236 4890; x_wconf 90' lang='lat' dir='ltr'><strong>terra</strong></span> <span class='ocrx_word' id='word_1_748' title='bbox 2292 4849 2320 4888; x_wconf 91' lang='lat' dir='ltr'><strong>a</strong></span> 
     </span>
    </p>
   </div>
   <div class='ocr_carea' id='block_1_97' title="bbox 634 4929 2322 5023">
    <p class='ocr_par' dir='ltr' id='par_1_97' title="bbox 634 4929 2322 5023">
     <span class='ocr_line' id='line_1_97' title="bbox 634 4929 2322 5023; baseline -0.012 -21"><span class='ocrx_word' id='word_1_749' title='bbox 634 5014 640 5023; x_wconf 26' lang='grc' dir='ltr'><strong>ν</strong></span> <span class='ocrx_word' id='word_1_750' title='bbox 719 4945 991 5017; x_wconf 89' lang='lat' dir='ltr'><strong>principio</strong></span> <span class='ocrx_word' id='word_1_751' title='bbox 1040 4942 1227 5022; x_wconf 73' lang='lat' dir='ltr'><strong>spinas</strong></span> <span class='ocrx_word' id='word_1_752' title='bbox 1273 4937 1432 4992; x_wconf 91' lang='lat' dir='ltr'><strong>nobis</strong></span> <span class='ocrx_word' id='word_1_753' title='bbox 1478 4935 1757 5005; x_wconf 83' lang='lat' dir='ltr'><strong>produxit,</strong></span> <span class='ocrx_word' id='word_1_754' title='bbox 1795 4945 1997 5001; x_wconf 85' lang='lat' dir='ltr'><strong>pravus</strong></span> <span class='ocrx_word' id='word_1_755' title='bbox 2041 4930 2184 4984; x_wconf 90' lang='lat' dir='ltr'><strong>enim</strong></span> <span class='ocrx_word' id='word_1_756' title='bbox 2233 4929 2322 4982; x_wconf 90' lang='lat' dir='ltr'><strong>ille</strong></span> 
     </span>
    </p>
   </div>
   <div class='ocr_carea' id='block_1_98' title="bbox 717 5020 2321 5110">
    <p class='ocr_par' dir='ltr' id='par_1_98' title="bbox 717 5020 2321 5110">
     <span class='ocr_line' id='line_1_98' title="bbox 717 5020 2321 5110; baseline -0.011 -19"><span class='ocrx_word' id='word_1_757' title='bbox 717 5042 921 5110; x_wconf 69' lang='lat' dir='ltr'><strong>planta!</strong></span> <span class='ocrx_word' id='word_1_758' title='bbox 952 5020 1283 5105; x_wconf 79' lang='lat' dir='ltr'><strong>conspectus</strong></span> <span class='ocrx_word' id='word_1_759' title='bbox 1315 5029 1515 5083; x_wconf 90' lang='lat' dir='ltr'><strong>malam</strong></span> <span class='ocrx_word' id='word_1_760' title='bbox 1546 5025 1705 5080; x_wconf 89' lang='lat' dir='ltr'><strong>nobis</strong></span> <span class='ocrx_word' id='word_1_761' title='bbox 1732 5039 1915 5079; x_wconf 88' lang='lat' dir='ltr'><strong>escam</strong></span> <span class='ocrx_word' id='word_1_762' title='bbox 1944 5022 2140 5077; x_wconf 89' lang='lat' dir='ltr'><strong>emisit.</strong></span> <span class='ocrx_word' id='word_1_763' title='bbox 2174 5020 2321 5089; x_wconf 49' lang='lat' dir='ltr'><strong>Quo;</strong></span> 
     </span>
    </p>
   </div>
   <div class='ocr_carea' id='block_1_99' title="bbox 722 5117 2319 5195">
    <p class='ocr_par' dir='ltr' id='par_1_99' title="bbox 722 5117 2319 5195">
     <span class='ocr_line' id='line_1_99' title="bbox 722 5117 2319 5195; baseline -0.012 -8"><span class='ocrx_word' id='word_1_764' title='bbox 722 5135 868 5187; x_wconf 72' lang='lat' dir='ltr'><strong>niam</strong></span> <span class='ocrx_word' id='word_1_765' title='bbox 902 5147 1053 5195; x_wconf 90' lang='lat' dir='ltr'><strong>vero,</strong></span> <span class='ocrx_word' id='word_1_766' title='bbox 1083 5140 1143 5181; x_wconf 89' lang='lat' dir='ltr'><strong>ut</strong></span> <span class='ocrx_word' id='word_1_767' title='bbox 1173 5125 1365 5195; x_wconf 80' lang='lat' dir='ltr'><strong>Optimi</strong></span> <span class='ocrx_word' id='word_1_768' title='bbox 1398 5122 1602 5193; x_wconf 85' lang='lat' dir='ltr'><strong>quique</strong></span> <span class='ocrx_word' id='word_1_769' title='bbox 1631 5119 1794 5174; x_wconf 83' lang='lat' dir='ltr'><strong>ﬂores</strong></span> <span class='ocrx_word' id='word_1_770' title='bbox 1828 5117 2073 5187; x_wconf 84' lang='lat' dir='ltr'><strong>pulchris</strong></span> <span class='ocrx_word' id='word_1_771' title='bbox 2107 5118 2319 5171; x_wconf 83' lang='lat' dir='ltr'><strong>extrin-</strong></span> 
     </span>
    </p>
   </div>
   <div class='ocr_carea' id='block_1_100' title="bbox 719 5210 2319 5280">
    <p class='ocr_par' dir='ltr' id='par_1_100' title="bbox 719 5210 2319 5280">
     <span class='ocr_line' id='line_1_100' title="bbox 719 5210 2319 5280; baseline -0.013 -1"><span class='ocrx_word' id='word_1_772' title='bbox 719 5239 883 5279; x_wconf 78' lang='lat' dir='ltr'><strong>secus</strong></span> <span class='ocrx_word' id='word_1_773' title='bbox 912 5221 1055 5276; x_wconf 76' lang='lat' dir='ltr'><strong>foliis</strong></span> <span class='ocrx_word' id='word_1_774' title='bbox 1086 5221 1461 5280; x_wconf 80' lang='lat' dir='ltr'><strong>involvantur,</strong></span> <span class='ocrx_word' id='word_1_775' title='bbox 1493 5215 1565 5267; x_wconf 93' lang='lat' dir='ltr'><strong>ita</strong></span> <span class='ocrx_word' id='word_1_776' title='bbox 1592 5225 1761 5265; x_wconf 72' lang='lat' dir='ltr'><strong>sacra:</strong></span> <span class='ocrx_word' id='word_1_777' title='bbox 1794 5210 2094 5278; x_wconf 78' lang='lat' dir='ltr'><strong>Scriptura:</strong></span> <span class='ocrx_word' id='word_1_778' title='bbox 2124 5222 2319 5261; x_wconf 88' lang='lat' dir='ltr'><strong>sensus</strong></span> 
     </span>
    </p>
   </div>
   <div class='ocr_carea' id='block_1_101' title="bbox 792 5352 1752 5420">
    <p class='ocr_par' dir='ltr' id='par_1_101' title="bbox 792 5352 1752 5420">
     <span class='ocr_line' id='line_1_101' title="bbox 792 5352 1752 5420; baseline -0.011 -4"><span class='ocrx_word' id='word_1_779' title='bbox 792 5364 814 5394; x_wconf 79' lang='grc'>⁸</span> <span class='ocrx_word' id='word_1_780' title='bbox 840 5363 999 5415; x_wconf 73' lang='lat' dir='ltr'><strong>Prov.</strong></span> <span class='ocrx_word' id='word_1_781' title='bbox 1025 5374 1097 5420; x_wconf 81' lang='lat' dir='ltr'><strong>tv,</strong></span> <span class='ocrx_word' id='word_1_782' title='bbox 1120 5358 1210 5411; x_wconf 82' lang='lat'><strong>‘25.</strong></span> <span class='ocrx_word' id='word_1_783' title='bbox 1289 5356 1310 5387; x_wconf 83' lang='lat'><strong>’</strong></span> <span class='ocrx_word' id='word_1_784' title='bbox 1336 5353 1482 5408; x_wconf 82' lang='lat' dir='ltr'><strong>Psal.</strong></span> <span class='ocrx_word' id='word_1_785' title='bbox 1508 5369 1674 5415; x_wconf 67' lang='grc' dir='ltr'>ειη,</span> <span class='ocrx_word' id='word_1_786' title='bbox 1700 5352 1752 5406; x_wconf 74' lang='grc'>1.</span> 
     </span>
    </p>
   </div>
   <div class='ocr_carea' id='block_1_102' title="bbox 725 5428 1399 5494">
    <p class='ocr_par' dir='ltr' id='par_1_102' title="bbox 725 5428 1399 5494">
     <span class='ocr_line' id='line_1_102' title="bbox 725 5428 1399 5494; baseline -0.013 -6"><span class='ocrx_word' id='word_1_787' title='bbox 725 5434 811 5488; x_wconf 68' lang='grc'><strong>12.</strong></span> <span class='ocrx_word' id='word_1_788' title='bbox 894 5436 931 5463; x_wconf 76' lang='grc'><strong>’⁵</strong></span> <span class='ocrx_word' id='word_1_789' title='bbox 964 5433 1106 5487; x_wconf 78' lang='lat' dir='ltr'><strong>I’sal.</strong></span> <span class='ocrx_word' id='word_1_790' title='bbox 1137 5445 1323 5494; x_wconf 75' lang='lat' dir='ltr'><strong>um,</strong></span> <span class='ocrx_word' id='word_1_791' title='bbox 1346 5428 1399 5481; x_wconf 80' lang='lat'><strong>5.</strong></span> 
     </span>
    </p>
   </div>
   <div class='ocr_carea' id='block_1_103' title="bbox 1833 5347 2377 5412">
    <p class='ocr_par' dir='ltr' id='par_1_103' title="bbox 1833 5347 2377 5412">
     <span class='ocr_line' id='line_1_103' title="bbox 1833 5347 2377 5412; baseline 0.006 -12"><span class='ocrx_word' id='word_1_792' title='bbox 1833 5350 1875 5380; x_wconf 82' lang='grc'><strong>¹⁰</strong></span> <span class='ocrx_word' id='word_1_793' title='bbox 1902 5348 2047 5401; x_wconf 86' lang='lat' dir='ltr'><strong>Psal.</strong></span> <span class='ocrx_word' id='word_1_794' title='bbox 2076 5363 2298 5412; x_wconf 72' lang='lat' dir='ltr'><strong>Lxxxw,</strong></span> <span class='ocrx_word' id='word_1_795' title='bbox 2323 5347 2377 5406; x_wconf 84' lang='lat'><strong>9.</strong></span> 
     </span>
    </p>
   </div>
   <div class='ocr_carea' id='block_1_104' title="bbox 1482 5420 2352 5485">
    <p class='ocr_par' dir='ltr' id='par_1_104' title="bbox 1482 5420 2352 5485">
     <span class='ocr_line' id='line_1_104' title="bbox 1482 5420 2352 5485; baseline -0.003 -8"><span class='ocrx_word' id='word_1_796' title='bbox 1482 5429 1524 5459; x_wconf 80' lang='grc'><strong>³⁸</strong></span> <span class='ocrx_word' id='word_1_797' title='bbox 1552 5425 1724 5478; x_wconf 63' lang='lat' dir='ltr'><strong>Exod.</strong></span> <span class='ocrx_word' id='word_1_798' title='bbox 1750 5421 1966 5485; x_wconf 62' lang='lat'><strong>90,17;</strong></span> <span class='ocrx_word' id='word_1_799' title='bbox 2005 5422 2158 5473; x_wconf 84' lang='lat' dir='ltr'><strong>Deut.</strong></span> <span class='ocrx_word' id='word_1_800' title='bbox 2185 5434 2236 5482; x_wconf 83' lang='grc' dir='ltr'><strong>ν,</strong></span> <span class='ocrx_word' id='word_1_801' title='bbox 2261 5420 2352 5474; x_wconf 72' lang='lat' dir='ltr'><strong>2i.</strong></span> 
     </span>
    </p>
   </div>
   <div class='ocr_carea' id='block_1_105' title="bbox 2423 4657 4029 4729">
    <p class='ocr_par' dir='ltr' id='par_1_105' title="bbox 2423 4657 4029 4729">
     <span class='ocr_line' id='line_1_105' title="bbox 2423 4657 4029 4729; baseline -0.002 -17"><span class='ocrx_word' id='word_1_802' title='bbox 2423 4660 2548 4712; x_wconf 82' lang='grc' dir='ltr'><strong>οῦδέ</strong></span> <span class='ocrx_word' id='word_1_803' title='bbox 2574 4662 2678 4712; x_wconf 85' lang='grc' dir='ltr'>ὅσα</span> <span class='ocrx_word' id='word_1_804' title='bbox 2710 4658 2950 4728; x_wconf 80' lang='grc' dir='ltr'>ὑπάρχει</span> <span class='ocrx_word' id='word_1_805' title='bbox 2976 4659 3150 4729; x_wconf 81' lang='grc' dir='ltr'>αὐτῷ.</span> <span class='ocrx_word' id='word_1_806' title='bbox 3195 4676 3213 4707; x_wconf 73' lang='grc' dir='ltr'><strong>ι</strong></span> <span class='ocrx_word' id='word_1_807' title='bbox 3252 4658 3421 4710; x_wconf 81' lang='grc' dir='ltr'>’Υστε</span> <span class='ocrx_word' id='word_1_808' title='bbox 3434 4675 3526 4727; x_wconf 85' lang='grc' dir='ltr'><strong>ρον</strong></span> <span class='ocrx_word' id='word_1_809' title='bbox 3563 4657 3620 4708; x_wconf 81' lang='grc' dir='ltr'>δὲ</span> <span class='ocrx_word' id='word_1_810' title='bbox 3648 4658 3745 4709; x_wconf 74' lang='grc' dir='ltr'>καὶ</span> <span class='ocrx_word' id='word_1_811' title='bbox 3770 4660 4029 4727; x_wconf 75' lang='grc' dir='ltr'>μοιχείαν</span> 
     </span>
    </p>
   </div>
   <div class='ocr_carea' id='block_1_106' title="bbox 2425 4747 4032 4820">
    <p class='ocr_par' dir='ltr' id='par_1_106' title="bbox 2425 4747 4032 4820">
     <span class='ocr_line' id='line_1_106' title="bbox 2425 4747 4032 4820; baseline -0.001 -18"><span class='ocrx_word' id='word_1_812' title='bbox 2425 4749 2684 4818; x_wconf 82' lang='grc' dir='ltr'>ὠνόμασε</span> <span class='ocrx_word' id='word_1_813' title='bbox 2716 4750 2778 4802; x_wconf 83' lang='grc' dir='ltr'><strong>τὸ</strong></span> <span class='ocrx_word' id='word_1_814' title='bbox 2814 4750 3126 4820; x_wconf 81' lang='grc' dir='ltr'>περιέργως</span> <span class='ocrx_word' id='word_1_815' title='bbox 3160 4751 3402 4815; x_wconf 80' lang='grc' dir='ltr'>γυναῖκα</span> <span class='ocrx_word' id='word_1_816' title='bbox 3434 4748 3587 4812; x_wconf 85' lang='grc' dir='ltr'>ίδεῖν,</span> <span class='ocrx_word' id='word_1_817' title='bbox 3625 4747 3727 4817; x_wconf 75' lang='grc' dir='ltr'>τὴν</span> <span class='ocrx_word' id='word_1_818' title='bbox 3776 4750 4032 4818; x_wconf 75' lang='grc' dir='ltr'>ἀκάνθη-</span> 
     </span>
    </p>
   </div>
   <div class='ocr_carea' id='block_1_107' title="bbox 2422 4831 4027 4909">
    <p class='ocr_par' dir='ltr' id='par_1_107' title="bbox 2422 4831 4027 4909">
     <span class='ocr_line' id='line_1_107' title="bbox 2422 4831 4027 4909; baseline 0.002 -19"><span class='ocrx_word' id='word_1_819' title='bbox 2422 4839 2590 4909; x_wconf 82' lang='grc' dir='ltr'>φόρον</span> <span class='ocrx_word' id='word_1_820' title='bbox 2613 4839 2773 4909; x_wconf 77' lang='grc' dir='ltr'>ῥίζαν</span> <span class='ocrx_word' id='word_1_821' title='bbox 2804 4839 2901 4891; x_wconf 88' lang='grc' dir='ltr'><strong>τοῦ</strong></span> <span class='ocrx_word' id='word_1_822' title='bbox 2937 4838 3145 4895; x_wconf 76' lang='grc' dir='ltr'>πάθους</span> <span class='ocrx_word' id='word_1_823' title='bbox 3181 4837 3433 4900; x_wconf 78' lang='grc' dir='ltr'>ἐκσπῶν,</span> <span class='ocrx_word' id='word_1_824' title='bbox 3462 4836 3523 4900; x_wconf 80' lang='grc' dir='ltr'><strong>ἐξ</strong></span> <span class='ocrx_word' id='word_1_825' title='bbox 3550 4831 3618 4905; x_wconf 81' lang='grc' dir='ltr'>ἦς</span> <span class='ocrx_word' id='word_1_826' title='bbox 3673 4838 3811 4906; x_wconf 72' lang='grc' dir='ltr'>ἡμῖν</span> <span class='ocrx_word' id='word_1_827' title='bbox 3842 4839 4027 4908; x_wconf 77' lang='grc' dir='ltr'><strong>ἀρχῆ-</strong></span> 
     </span>
    </p>
   </div>
   <div class='ocr_carea' id='block_1_108' title="bbox 2422 4929 4029 5001">
    <p class='ocr_par' dir='ltr' id='par_1_108' title="bbox 2422 4929 4029 5001">
     <span class='ocr_line' id='line_1_108' title="bbox 2422 4929 4029 5001; baseline -0.002 -17"><span class='ocrx_word' id='word_1_828' title='bbox 2422 4932 2516 4984; x_wconf 85' lang='grc' dir='ltr'><strong>θεν</strong></span> <span class='ocrx_word' id='word_1_829' title='bbox 2551 4933 2585 5001; x_wconf 86' lang='grc' dir='ltr'><strong>ή</strong></span> <span class='ocrx_word' id='word_1_830' title='bbox 2612 4931 2683 5000; x_wconf 81' lang='grc' dir='ltr'>γῆ</span> <span class='ocrx_word' id='word_1_831' title='bbox 2715 4930 2814 4992; x_wconf 86' lang='grc' dir='ltr'><strong>τάς</strong></span> <span class='ocrx_word' id='word_1_832' title='bbox 2849 4930 3095 4992; x_wconf 79' lang='grc' dir='ltr'>ἀκάνθας</span> <span class='ocrx_word' id='word_1_833' title='bbox 3138 4929 3441 4998; x_wconf 76' lang='grc' dir='ltr'>ἐϐλάστησε</span> <span class='ocrx_word' id='word_1_834' title='bbox 3498 4945 3514 4957; x_wconf 83' lang='lat'><strong><em>°</em></strong></span> <span class='ocrx_word' id='word_1_835' title='bbox 3571 4929 3606 4997; x_wconf 78' lang='grc' dir='ltr'><strong>ἡ</strong></span> <span class='ocrx_word' id='word_1_836' title='bbox 3647 4930 3758 4998; x_wconf 78' lang='grc' dir='ltr'>γὰρ</span> <span class='ocrx_word' id='word_1_837' title='bbox 3802 4930 4029 4999; x_wconf 73' lang='grc' dir='ltr'>πονηρὰ</span> 
     </span>
    </p>
   </div>
   <div class='ocr_carea' id='block_1_109' title="bbox 2426 5020 4025 5093">
    <p class='ocr_par' dir='ltr' id='par_1_109' title="bbox 2426 5020 4025 5093">
     <span class='ocr_line' id='line_1_109' title="bbox 2426 5020 4025 5093; baseline -0.002 -17"><span class='ocrx_word' id='word_1_838' title='bbox 2426 5024 2520 5076; x_wconf 87' lang='grc' dir='ltr'><strong>τοῦ</strong></span> <span class='ocrx_word' id='word_1_839' title='bbox 2551 5022 2722 5093; x_wconf 84' lang='grc' dir='ltr'>φυτοῦ</span> <span class='ocrx_word' id='word_1_840' title='bbox 2747 5023 2844 5075; x_wconf 75' lang='grc' dir='ltr'><strong>θέα</strong></span> <span class='ocrx_word' id='word_1_841' title='bbox 2876 5024 2972 5092; x_wconf 84' lang='grc' dir='ltr'><strong>τὴν</strong></span> <span class='ocrx_word' id='word_1_842' title='bbox 3015 5021 3194 5093; x_wconf 82' lang='grc' dir='ltr'>κακὴν</span> <span class='ocrx_word' id='word_1_843' title='bbox 3241 5024 3377 5092; x_wconf 75' lang='grc' dir='ltr'>ἡμῖν</span> <span class='ocrx_word' id='word_1_844' title='bbox 3418 5021 3724 5092; x_wconf 72' lang='grc' dir='ltr'>ἐϐλάστησε</span> <span class='ocrx_word' id='word_1_845' title='bbox 3783 5020 4025 5090; x_wconf 78' lang='grc' dir='ltr'>βρῶσιν.</span> 
     </span>
    </p>
   </div>
   <div class='ocr_carea' id='block_1_110' title="bbox 2441 5114 4029 5187">
    <p class='ocr_par' dir='ltr' id='par_1_110' title="bbox 2441 5114 4029 5187">
     <span class='ocr_line' id='line_1_110' title="bbox 2441 5114 4029 5187; baseline -0.004 -17"><span class='ocrx_word' id='word_1_846' title='bbox 2441 5118 2687 5187; x_wconf 79' lang='grc' dir='ltr'>Ἐπειδὴ,</span> <span class='ocrx_word' id='word_1_847' title='bbox 2719 5116 2913 5186; x_wconf 81' lang='grc' dir='ltr'>ὥσπερ</span> <span class='ocrx_word' id='word_1_848' title='bbox 2939 5117 3048 5169; x_wconf 82' lang='grc' dir='ltr'><strong>τῶν</strong></span> <span class='ocrx_word' id='word_1_849' title='bbox 3095 5116 3308 5169; x_wconf 84' lang='grc' dir='ltr'>ἀνθέων</span> <span class='ocrx_word' id='word_1_850' title='bbox 3343 5116 3415 5167; x_wconf 82' lang='grc' dir='ltr'>τὰ</span> <span class='ocrx_word' id='word_1_851' title='bbox 3470 5115 3738 5168; x_wconf 81' lang='grc' dir='ltr'>κάλλιστα</span> <span class='ocrx_word' id='word_1_852' title='bbox 3798 5114 4029 5184; x_wconf 81' lang='grc' dir='ltr'>ὡραίοις</span> 
     </span>
    </p>
   </div>
   <div class='ocr_carea' id='block_1_111' title="bbox 2430 5207 4030 5281">
    <p class='ocr_par' dir='ltr' id='par_1_111' title="bbox 2430 5207 4030 5281">
     <span class='ocr_line' id='line_1_111' title="bbox 2430 5207 4030 5281; baseline -0.002 -17"><span class='ocrx_word' id='word_1_853' title='bbox 2430 5211 2635 5277; x_wconf 78' lang='grc' dir='ltr'>ἔξωθεν</span> <span class='ocrx_word' id='word_1_854' title='bbox 2660 5211 2884 5280; x_wconf 78' lang='grc' dir='ltr'>φύλλοις</span> <span class='ocrx_word' id='word_1_855' title='bbox 2928 5207 3425 5281; x_wconf 81' lang='grc' dir='ltr'>περιχλαινίζεται,</span> <span class='ocrx_word' id='word_1_856' title='bbox 3458 5208 3605 5264; x_wconf 79' lang='grc' dir='ltr'>οὕτω</span> <span class='ocrx_word' id='word_1_857' title='bbox 3628 5210 3699 5263; x_wconf 81' lang='grc' dir='ltr'>τὰ</span> <span class='ocrx_word' id='word_1_858' title='bbox 3721 5212 3825 5278; x_wconf 83' lang='grc' dir='ltr'><strong>τῆς</strong></span> <span class='ocrx_word' id='word_1_859' title='bbox 3860 5211 4030 5276; x_wconf 78' lang='grc' dir='ltr'>ἁγίας</span> 
     </span>
    </p>
   </div>
   <div class='ocr_carea' id='block_1_112' title="bbox 2461 5348 3570 5414">
    <p class='ocr_par' dir='ltr' id='par_1_112' title="bbox 2461 5348 3570 5414">
     <span class='ocr_line' id='line_1_112' title="bbox 2461 5348 3570 5414; baseline 0.001 -12"><span class='ocrx_word' id='word_1_860' title='bbox 2461 5350 2501 5379; x_wconf 84' lang='grc'><strong>¹¹</strong></span> <span class='ocrx_word' id='word_1_861' title='bbox 2526 5348 2673 5405; x_wconf 82' lang='lat' dir='ltr'><strong>Psal.</strong></span> <span class='ocrx_word' id='word_1_862' title='bbox 2701 5363 2891 5411; x_wconf 72' lang='lat' dir='ltr'><strong>cum,</strong></span> <span class='ocrx_word' id='word_1_863' title='bbox 2920 5348 3045 5403; x_wconf 75' lang='lat'><strong>105.</strong></span> <span class='ocrx_word' id='word_1_864' title='bbox 3126 5349 3168 5381; x_wconf 84' lang='lat'>&quot;</span> <span class='ocrx_word' id='word_1_865' title='bbox 3193 5349 3337 5405; x_wconf 86' lang='lat' dir='ltr'><strong>Psal.</strong></span> <span class='ocrx_word' id='word_1_866' title='bbox 3361 5365 3487 5414; x_wconf 73' lang='lat' dir='ltr'><strong>cn,</strong></span> <span class='ocrx_word' id='word_1_867' title='bbox 3514 5348 3570 5403; x_wconf 71' lang='lat'><strong>2.</strong></span> 
     </span>
    </p>
   </div>
   <div class='ocr_carea' id='block_1_113' title="bbox 3649 5347 4025 5411">
    <p class='ocr_par' dir='ltr' id='par_1_113' title="bbox 3649 5347 4025 5411">
     <span class='ocr_line' id='line_1_113' title="bbox 3649 5347 4025 5411; baseline -0.011 -9"><span class='ocrx_word' id='word_1_868' title='bbox 3649 5349 3693 5381; x_wconf 83' lang='grc'><strong>¹³</strong></span> <span class='ocrx_word' id='word_1_869' title='bbox 3712 5347 3865 5404; x_wconf 86' lang='lat' dir='ltr'><strong>Psal.</strong></span> <span class='ocrx_word' id='word_1_870' title='bbox 3896 5366 4025 5411; x_wconf 64' lang='lat' dir='ltr'><strong>xxv,</strong></span> 
     </span>
    </p>
   </div>
   <div class='ocr_carea' id='block_1_114' title="bbox 1996 5536 2795 5601">
    <p class='ocr_par' dir='ltr' id='par_1_114' title="bbox 1996 5536 2795 5601">
     <span class='ocr_line' id='line_1_114' title="bbox 1996 5536 2795 5601; baseline -0.006 -1"><span class='ocrx_word' id='word_1_871' title='bbox 1996 5538 2322 5601; x_wconf 84' lang='lat' dir='ltr'><strong>Francisci</strong></span> <span class='ocrx_word' id='word_1_872' title='bbox 2358 5536 2570 5600; x_wconf 88' lang='lat' dir='ltr'><strong>Scorsi</strong></span> <span class='ocrx_word' id='word_1_873' title='bbox 2604 5543 2795 5597; x_wconf 69' lang='lat' dir='ltr'><strong>notua.</strong></span> 
     </span>
    </p>
   </div>
   <div class='ocr_carea' id='block_1_115' title="bbox 792 5663 2316 5747">
    <p class='ocr_par' dir='ltr' id='par_1_115' title="bbox 792 5663 2316 5747">
     <span class='ocr_line' id='line_1_115' title="bbox 792 5663 2316 5747; baseline -0.01 -18"><span class='ocrx_word' id='word_1_874' title='bbox 792 5674 908 5747; x_wconf 81' lang='lat'><strong>(80)</strong></span> <span class='ocrx_word' id='word_1_875' title='bbox 956 5670 1127 5725; x_wconf 69' lang='lat' dir='ltr'><strong>Juxta</strong></span> <span class='ocrx_word' id='word_1_876' title='bbox 1171 5671 1369 5747; x_wconf 56' lang='lat' dir='ltr'><strong>dictum</strong></span> <span class='ocrx_word' id='word_1_877' title='bbox 1428 5667 1714 5747; x_wconf 51' lang='lat' dir='ltr'><strong>Sapientis:</strong></span> <span class='ocrx_word' id='word_1_878' title='bbox 1769 5663 2183 5747; x_wconf 41' lang='lat' dir='ltr'><strong>Pltoverbioru’m</strong></span> <span class='ocrx_word' id='word_1_879' title='bbox 2232 5670 2316 5747; x_wconf 67' lang='lat' dir='ltr'><strong>est</strong></span> 
     </span>
    </p>
   </div>
   <div class='ocr_carea' id='block_1_116' title="bbox 724 5732 2320 5809">
    <p class='ocr_par' dir='ltr' id='par_1_116' title="bbox 724 5732 2320 5809">
     <span class='ocr_line' id='line_1_116' title="bbox 724 5732 2320 5809; baseline -0.011 -7"><span class='ocrx_word' id='word_1_880' title='bbox 724 5732 932 5809; x_wconf 43' lang='lat' dir='ltr'><strong>digitm,»</strong></span> <span class='ocrx_word' id='word_1_881' title='bbox 967 5761 1088 5809; x_wconf 77' lang='lat' dir='ltr'><strong>cap.</strong></span> <span class='ocrx_word' id='word_1_882' title='bbox 1124 5759 1195 5795; x_wconf 74' lang='grc' dir='ltr'><strong>ιι.</strong></span> <span class='ocrx_word' id='word_1_883' title='bbox 1236 5739 1367 5793; x_wconf 69' lang='lat' dir='ltr'><strong>LXX</strong></span> <span class='ocrx_word' id='word_1_884' title='bbox 1409 5741 1506 5792; x_wconf 75' lang='lat' dir='ltr'><strong>:UE</strong></span> <span class='ocrx_word' id='word_1_885' title='bbox 1547 5736 1819 5807; x_wconf 57' lang='lat' dir='ltr'><strong>6;0o).poi</strong></span> <span class='ocrx_word' id='word_1_886' title='bbox 1845 5752 1936 5787; x_wconf 90' lang='grc' dir='ltr'><strong>σου</strong></span> <span class='ocrx_word' id='word_1_887' title='bbox 1962 5734 2098 5809; x_wconf 70' lang='grc' dir='ltr'>ὀρθὰ</span> <span class='ocrx_word' id='word_1_888' title='bbox 2122 5732 2320 5801; x_wconf 77' lang='grc' dir='ltr'>βλεπέ-</span> 
     </span>
    </p>
   </div>
   <div class='ocr_carea' id='block_1_117' title="bbox 970 5807 2314 5880">
    <p class='ocr_par' dir='ltr' id='par_1_117' title="bbox 970 5807 2314 5880">
     <span class='ocr_line' id='line_1_117' title="bbox 970 5807 2314 5880; baseline -0.011 -14"><span class='ocrx_word' id='word_1_889' title='bbox 970 5807 1111 5866; x_wconf 52' lang='grc' dir='ltr'><strong>⁷εὰ’ὁὲ</strong></span> <span class='ocrx_word' id='word_1_890' title='bbox 1141 5810 1390 5880; x_wconf 59' lang='grc' dir='ltr'>ϐλεφαρά</span> <span class='ocrx_word' id='word_1_891' title='bbox 1416 5829 1505 5863; x_wconf 77' lang='grc' dir='ltr'><strong>σου</strong></span> <span class='ocrx_word' id='word_1_892' title='bbox 1532 5810 1735 5861; x_wconf 76' lang='grc' dir='ltr'>νευὲτω</span> <span class='ocrx_word' id='word_1_893' title='bbox 1763 5808 1971 5859; x_wconf 79' lang='grc' dir='ltr'>δίγαια.</span> <span class='ocrx_word' id='word_1_894' title='bbox 1990 5807 2057 5858; x_wconf 78' lang='lat' dir='ltr'><strong>At</strong></span> <span class='ocrx_word' id='word_1_895' title='bbox 2088 5815 2270 5857; x_wconf 74' lang='lat' dir='ltr'><strong>nostra</strong></span> <span class='ocrx_word' id='word_1_896' title='bbox 2301 5822 2314 5859; x_wconf 83' lang='lat'><strong>;</strong></span> 
     </span>
    </p>
   </div>
   <div class='ocr_carea' id='block_1_118' title="bbox 1089 5881 2312 5950">
    <p class='ocr_par' dir='ltr' id='par_1_118' title="bbox 1089 5881 2312 5950">
     <span class='ocr_line' id='line_1_118' title="bbox 1089 5881 2312 5950; baseline -0.007 -14"><span class='ocrx_word' id='word_1_897' title='bbox 1089 5899 1167 5937; x_wconf 75' lang='lat' dir='ltr'><strong>-:ta</strong></span> <span class='ocrx_word' id='word_1_898' title='bbox 1201 5890 1429 5948; x_wconf 76' lang='lat' dir='ltr'><strong>t&#39;ttlcuut,</strong></span> <span class='ocrx_word' id='word_1_899' title='bbox 1477 5894 1521 5935; x_wconf 78' lang='lat' dir='ltr'><strong>et</strong></span> <span class='ocrx_word' id='word_1_900' title='bbox 1561 5884 1824 5950; x_wconf 60' lang='lat' dir='ltr'><strong>(talpam-rc</strong></span> <span class='ocrx_word' id='word_1_901' title='bbox 1870 5894 1974 5931; x_wconf 73' lang='lat' dir='ltr'><strong>tum</strong></span> <span class='ocrx_word' id='word_1_902' title='bbox 2014 5881 2312 5945; x_wconf 78' lang='lat' dir='ltr'><strong>pra&#39;t&#39;cdant</strong></span> 
     </span>
    </p>
   </div>
   <div class='ocr_carea' id='block_1_119' title="bbox 2426 5668 2806 5730">
    <p class='ocr_par' dir='ltr' id='par_1_119' title="bbox 2426 5668 2806 5730">
     <span class='ocr_line' id='line_1_119' title="bbox 2426 5668 2806 5730; baseline 0.005 -21"><span class='ocrx_word' id='word_1_903' title='bbox 2426 5678 2635 5730; x_wconf 72' lang='lat' dir='ltr'><strong>gressus</strong></span> <span class='ocrx_word' id='word_1_904' title='bbox 2668 5668 2806 5730; x_wconf 73' lang='lat' dir='ltr'><strong>tum.</strong></span> 
     </span>
    </p>
   </div>
   <div class='ocr_carea' id='block_1_120' title="bbox 2506 5728 4028 5800">
    <p class='ocr_par' dir='ltr' id='par_1_120' title="bbox 2506 5728 4028 5800">
     <span class='ocr_line' id='line_1_120' title="bbox 2506 5728 4028 5800; baseline 0.001 -15"><span class='ocrx_word' id='word_1_905' title='bbox 2506 5734 2618 5800; x_wconf 70' lang='lat'><strong>(87}</strong></span> <span class='ocrx_word' id='word_1_906' title='bbox 2672 5728 2938 5785; x_wconf 73' lang='lat' dir='ltr'><strong>Et&#39;ellens.</strong></span> <span class='ocrx_word' id='word_1_907' title='bbox 2994 5730 3051 5784; x_wconf 85' lang='grc' dir='ltr'>1η</span> <span class='ocrx_word' id='word_1_908' title='bbox 3108 5729 3352 5796; x_wconf 70' lang='grc' dir='ltr'>Ετοιιηιι.</span> <span class='ocrx_word' id='word_1_909' title='bbox 3413 5731 3673 5785; x_wconf 78' lang='lat' dir='ltr'><strong>Panorm.</strong></span> <span class='ocrx_word' id='word_1_910' title='bbox 3734 5734 4028 5788; x_wconf 79' lang='lat' dir='ltr'><strong>scribentis</strong></span> 
     </span>
    </p>
   </div>
   <div class='ocr_carea' id='block_1_121' title="bbox 2431 5801 4030 5881">
    <p class='ocr_par' dir='ltr' id='par_1_121' title="bbox 2431 5801 4030 5881">
     <span class='ocr_line' id='line_1_121' title="bbox 2431 5801 4030 5881; baseline 0.001 -26"><span class='ocrx_word' id='word_1_911' title='bbox 2431 5804 2692 5881; x_wconf 56' lang='lat' dir='ltr'><strong>YiIIOJH&#39;O</strong></span> <span class='ocrx_word' id='word_1_912' title='bbox 2724 5803 2970 5867; x_wconf 78' lang='grc' dir='ltr'>ἐκσπῶν,</span> <span class='ocrx_word' id='word_1_913' title='bbox 2996 5808 3138 5874; x_wconf 83' lang='lat' dir='ltr'><strong>quod</strong></span> <span class='ocrx_word' id='word_1_914' title='bbox 3165 5813 3247 5857; x_wconf 86' lang='lat' dir='ltr'><strong>est</strong></span> <span class='ocrx_word' id='word_1_915' title='bbox 3279 5803 3335 5857; x_wconf 89' lang='lat' dir='ltr'><strong>in</strong></span> <span class='ocrx_word' id='word_1_916' title='bbox 3368 5801 3562 5869; x_wconf 78' lang='lat' dir='ltr'><strong>Vatic.,</strong></span> <span class='ocrx_word' id='word_1_917' title='bbox 3598 5817 3885 5858; x_wconf 78' lang='lat' dir='ltr'><strong>exaratum</strong></span> <span class='ocrx_word' id='word_1_918' title='bbox 3911 5817 4030 5861; x_wconf 80' lang='lat' dir='ltr'><strong>erat</strong></span> 
     </span>
    </p>
   </div>
   <div class='ocr_carea' id='block_1_122' title="bbox 2428 5892 2658 5927">
    <p class='ocr_par' dir='ltr' id='par_1_122' title="bbox 2428 5892 2658 5927">
     <span class='ocr_line' id='line_1_122' title="bbox 2428 5892 2658 5927; baseline -0.013 0"><span class='ocrx_word' id='word_1_919' title='bbox 2428 5892 2658 5927; x_wconf 82' lang='grc' dir='ltr'>εκστων.</span> 
     </span>
    </p>
   </div>
  </div>
