4184 6440
174 435 278 494 803

171 637 266 688 τοῦ
287 637 801 706 παραπετάσματος
827 633 976 685 ἔνδον
1008 630 1364 694 εἰσελθόντες,
1396 631 1458 681 τὸ
1523 628 1613 681 διὰ
1661 628 1756 680 τοῦ

171 723 463 793 ὸξθαλμοῦ
495 723 822 792 δηλούμενον
891 723 986 774 καὶ
1010 721 1130 773 κατ’
1154 720 1310 773 ἄλλον
1341 727 1542 789 τρόπον
1573 735 1764 785 περια-

175 819 502 886 Θρήσωμεν.

249 930 267 959 ι
325 911 391 959 Ὃ
421 908 615 977 λύχνος
640 906 733 958 τοῦ
771 903 1025 973 σώματος
1065 905 1211 954 ἐστιν
1245 906 1271 954 ὁ
1299 900 1582 969 ὀφθαλμός
1613 916 1625 928 ’

169 999 279 1068 γὰρ
305 998 497 1060 ἁπλῶς
530 999 776 1066 περὶτῆς
807 997 984 1063 ὅψεως
1022 995 1228 1061 ἔλεγεν,
1269 989 1425 1044 εἶπεν
1460 992 1542 1049 ἂν,
1575 992 1638 1043 Οἱ
1667 989 1763 1042 λύε-

172 1110 288 1161 χνοι
310 1092 408 1143 τοῦ
439 1089 688 1159 σώματος
707 1091 844 1141 εξσιν
868 1090 915 1138 οἱ
934 1087 1206 1156 ὀφθαλμοί
1229 1101 1244 1115 °
1295 1083 1391 1135 νῦν
1421 1083 1476 1136 δὲ
1506 1085 1583 1152 τῷ
1601 1082 1765 1151 ἑνικῷ

172 1185 526 1253 χρησάμενος
563 1181 804 1251 ἀριθμῷ,
825 1181 1055 1233 δέεωκεν
1078 1181 1209 1248 ἡμῖν
1232 1177 1360 1230 ἄλλο
1377 1174 1766 1241 νοεῖν.’οφθσλ·

177 1278 274 1343 μον
304 1275 484 1326 τοίνυν
515 1274 769 1342 ὀνομάζει
793 1273 882 1324 τὸν
907 1273 1030 1324 νοῦν
1057 1287 1071 1300 ⁸
1125 1271 1153 1321 ὃ
1208 1275 1319 1341 γὰρ
1359 1268 1637 1338 ὀφθαλμὸς
1708 1269 1765 1318 ἐν

176 1364 417 1432 σώματι,
451 1365 605 1416 τοῦτο
650 1365 773 1427 νοῦς
823 1365 881 1416 ἐν
933 1365 1097 1431 ψυχῇ,
1143 1362 1370 1429 δύναμίς
1393 1379 1473 1422 τις
1510 1360 1645 1412 οὖσα
1668 1359 1765 1428 τῆς

172 1457 353 1524 ψυχῆς
388 1457 486 1508 οὐκ
524 1457 869 1519 ἐπείσακτος,
902 1455 1010 1506 οὐδ’
1029 1455 1102 1516 ὠς
1126 1455 1312 1523 ἕτερον
1337 1456 1394 1504 ἐν
1418 1453 1609 1521 ἑτέρῳ,
1631 1452 1765 1504 ἀλλὰ

173 1550 379 1599 ταύτὸν
410 1550 536 1612 νοῦς
564 1551 658 1601 καὶ
685 1549 857 1616 ψυχή.
895 1548 968 1600 Οὐ
997 1548 1107 1615 γὰρ
1139 1545 1462 1598 πιστευτέον
1497 1547 1606 1606 τοῖς
1649 1544 1768 1596 ἓτε-

179 1657 269 1706 ρον
305 1640 535 1705 λέγουσι
568 1639 664 1690 τὸν
694 1640 841 1702 νοῦν,
864 1640 998 1692 ἄλλο
1032 1639 1088 1690 δὲ
1114 1639 1212 1704 τὴν
1243 1639 1424 1705 ψυχὴν
1454 1636 1766 1706 τερΟρείαις

177 1732 546 1799 ἐπτοημένοις
587 1731 955 1800 Ἑλληνικαῖς,
993 1730 1184 1799 ὥσπερ
1235 1730 1428 1782 δεδιόσι
1454 1731 1527 1798 μὴ
1555 1727 1764 1789 ἀτελεῖς

177 1823 363 1882 αὐτοῖς
399 1822 615 1889 ὀτθείεν
646 1823 836 1874 αἰτῶν
867 1821 1082 1888 ἀλόγων
1114 1820 1310 1889 ψυχαί.
1349 1819 1554 1871 Τούτου
1587 1817 1765 1869 τοίνυν

173 1913 262 1965 τοῦ
289 1904 620 1982 ’ὀφθαλμώ
661 1917 934 1977 τουτέστι,
972 1913 1065 1966 τοῦ
1100 1914 1192 1963 νοῦ
1231 1912 1637 1982 καθαρεύοντος
1663 1910 1764 1978 τῆς

175 2006 371 2074 ὑλικῆς
404 2006 603 2074 ἀχλύος
661 2024 717 2058 τε
785 2008 879 2059 καὶ
934 2005 1246 2074 ϐολότητος,
1301 2005 1375 2065 ὼς
1433 2005 1520 2054 διὰ
1589 2004 1764 2070 φωτὸς

175 2101 684 2170 ὢεὺουσαήψῦχη
711 2103 809 2169 τὴν
871 2101 980 2153 τῶν
1042 2101 1255 2169 ἀρετῶν
1313 2097 1556 2167 ἀτραπὸν
1615 2098 1766 2166 μένει

175 2191 686 2259 ιᾶιτταρεμπὸὁιστος.
718 2191 926 2256 Διπλῆς
961 2190 1071 2257 γὰρ
1110 2188 1277 2257 οὔσης
1340 2189 1441 2256 τῆς
1493 2190 1767 2257 ἡμετέρας

175 2285 593 2344 καταστάσεως.
632 2283 732 2348 τῆς
765 2283 864 2348 μὲν
894 2282 1110 2350 κούφης
1150 2285 1244 2334 καὶ
1298 2281 1513 2349 νοερᾶς,
1566 2280 1663 2346 τῆς
1710 2278 1767 2330 δὲ

177 2375 412 2441 παχείας
478 2376 571 2425 καὶ
630 2373 839 2442 ὑλικῆς,
877 2374 970 2424 καὶ
1029 2371 1390 2440 κατωφεροῦς
1435 2386 1449 2400 ·
1498 2372 1545 2422 ει
1591 2371 1689 2438 μὲν
1729 2372 1757 2422 ὁ

174 2466 293 2527 νοῦς
322 2468 698 2535 ἐπικρατήσει
732 2467 810 2536 τῷ
844 2467 987 2535 λόγῳ
1037 2468 1098 2516 τι
1161 2466 1319 2531 σῶμα
1374 2463 1760 2530 δουλαγωγῶν,

175 2561 294 2611 τότε
325 2561 684 2628 φωτίζεταιὴ
714 2561 884 2628 ψυχὴ,
913 2561 1005 2610 καὶ
1032 2558 1252 2625 κούφως
1284 2558 1566 2623 ἐπείγεται
1629 2557 1767 2625 πρὸς

174 2653 265 2717 τὴν
298 2651 415 2702 ἄνω
454 2653 627 2720 φορὰν
654 2651 855 2718 ἔχουσα.
888 2649 1256 2716 προοδεύοντα
1291 2648 1550 2713 καθάπερ
1572 2645 1766 2714 λύχνον

172 2742 262 2791 τον
294 2742 444 2795 νοῦν.
480 2741 542 2792 Εἰ
574 2741 629 2792 δὲ
669 2741 761 2790 τὸν
800 2741 918 2790 νοῦν
952 2739 1258 2805 κατασύρει
1327 2736 1428 2804 τῆς
1488 2737 1766 2804 ἁμαρτίας

173 2834 206 2899 ή
229 2832 512 2899 μολυεδὶς,
549 2830 643 2882 καὶ
675 2833 704 2898 ἠ
749 2832 844 2898 τῆς
877 2831 1011 2894 ῦλης
1071 2827 1273 2896 ὀμίχλη
1329 2828 1683 2893 ὲπισκοτήσει
1705 2827 1765 2877 τὸ

171 2923 526 2991 ἡγεμονικὸν,
559 2923 680 2973 τότε
730 2921 793 2989 δὴ
817 2923 934 2972 τότε
957 2921 1031 2981 ὼς
1062 2921 1250 2980 σκότος
1271 2920 1301 2986 ἠ
1325 2918 1472 2987 ψυχὴ
1493 2919 1764 2985 γενομένη

173 3017 307 3083 προς
369 3019 431 3065 τὸ
467 3016 616 3082 παρὰ
652 3014 812 3080 φύσιν
853 3013 1205 3079 ἐκτρέπεται,
1232 3012 1300 3061 τὰ
1367 3012 1441 3078 μὴ
1499 3009 1629 3060 ὄντα.
1690 3009 1764 3069 ὡς

172 3109 298 3157 ὂντα
331 3107 749 3174 φανταζομένη,
780 3107 873 3156 καὶ
901 3104 1106 3172 τυφλοῦ
1131 3104 1287 3169 δίκην
1313 3103 1760 3170 προσκόπτουσα,

181 3219 262 3248 .τ1.;
317 3199 492 3260 οὕτως
549 3204 626 3258 εις
686 3198 909 3262 ἀλογίαν
979 3198 1257 3264 τραπεῖτα
1317 3194 1599 3263 ὁμοιοῦται
1648 3196 1760 3256 τοῖς

1474 3288 1567 3348 οὒς
1602 3288 1630 3338 ὁ
1661 3305 1758 3339 πο-

1444 3403 1461 3434 t
1515 3385 1642 3435 Ἀνϐ
1653 3400 1729 3453 ρω
1739 3412 1759 3422 -

1134 3477 1590 3545 παρασυνεϐλῄθη
1649 3480 1762 3538 τοῖς

172 3295 420 3352 κτήνεσι.
464 3291 716 3341 Δείκνυσι
745 3293 796 3340 δὲ
831 3290 1093 3358 ὸψαλμὸς
1154 3289 1422 3350 ἐκείνους,

174 3389 332 3456 ’.ιοςρὸς
363 3387 491 3448 νοῦς
527 3393 605 3447 εις
636 3390 909 3456 κτηνπιπρέ
925 3403 1078 3438 πειαν
1119 3384 1354 3453 {irini/5"
1387 3401 1400 3412 '

175 3498 267 3541 πος
301 3481 358 3531 ἐν
413 3483 549 3547 τιμῇ
605 3479 676 3530 ὼν
716 3481 776 3530 οὐ
835 3480 1055 3545 συνῆκε,

173 3572 400 3636 κτήνεσι
431 3572 543 3630 τοῖς
603 3571 874 3635 ἀνοήτοις,
926 3569 1019 3619 καὶ
1059 3568 1302 3635 ὁμοιώθη
1346 3569 1547 3627 αὐτοῖς.
1585 3583 1601 3615 i
1654 3568 1762 3619 Καὶ

179 3665 371 3714 πάλιν·
435 3682 452 3712 ι
494 3663 676 3728 Θυμὺς
725 3664 906 3721 αὐτοῖς
971 3662 1112 3712 κατὰ
1186 3661 1286 3729 τὴν
1351 3664 1610 3728 ὁμοίωσιν
1663 3660 1756 3712 τοῦ

172 3757 486 3820 ἐφεωςδ-
516 3772 532 3803 I
568 3753 1022 3822 Περιεκῦκλωσάν
1055 3770 1120 3820 με
1145 3755 1305 3814 κύνες
1335 3753 1541 3815 πολλοὶ,
1567 3752 1754 3820 ταῦροι

175 3849 355 3904 πίονες
391 3846 687 3912 περιέσχον
719 3863 782 3911 με
817 3847 932 3912 ἅμα
980 3863 996 3893 ›
1038 3844 1229 3904 ’Ἄλλος
1251 3845 1304 3893 δὲ
1344 3847 1631 3911 προφήτης
1670 3843 1758 3893 ἵπ-

169 3956 290 4001 ποις
323 3939 692 4006 θηλνμανέσιν
723 3938 919 3997 αὐτοὺς
974 3939 1154 4004 ὁμοιοῖ
1198 3937 1286 3988 διὰ
1314 3938 1373 3986 τὸ
1392 3937 1524 4004 πρὸς
1559 3936 1752 4004 ἡδονὰς

167 4033 260 4092 τὰς
285 4032 585 4090 λυσσὼδεις
616 4032 949 4099 κατὰςορον.
977 4031 1165 4090 Οὕτως
1186 4030 1278 4079 ἐὰν
1303 4032 1327 4079 ὁ
1357 4032 1476 4091 νοῦς
1499 4030 1753 4094 πονηρὸς,

167 4125 334 4180 ὅλοςὸ
370 4123 658 4192 ᾰνῢρωπος
693 4123 968 4184 σκοτεινὸς
1029 4125 1139 4182 τοῖς
1213 4121 1396 4190 ἔργοις
1445 4121 1540 4189 τὴν
1597 4121 1756 4186 φῦσιν

165 4213 517 4282 ιέευδὸμενος.
561 4234 577 4262 ι
611 4209 783 4263 Εἰοῦν
818 4215 876 4263 το
903 4213 1017 4278 φῶς
1059 4213 1117 4264 τὸ
1178 4212 1233 4260 ἐν
1287 4213 1369 4261 σοὶ
1429 4213 1642 4271 σκότος,
1696 4210 1757 4260 τὸ

167 4308 355 4368 ςκὸτος
397 4308 560 4358 πόσον
585 4322 599 4368 ;
625 4325 641 4355 ι
680 4298 795 4357 Εἴὸ
823 4305 995 4365 δοθείς
1030 4322 1134 4367 σοι,
1172 4304 1332 4374 ιεησὶ,
1371 4303 1494 4364 νοῦς
1526 4306 1602 4363 εἰς
1645 4321 1756 4369 (ἓω-

205 4464 248 4496 ¹⁶
273 4461 423 4516 Psal.
453 4475 645 4524 XLVIII,
679 4460 761 4513 15.
844 4459 882 4489 ¹⁷
910 4458 1050 4511 Psal.
1077 4474 1206 4524 Lvii,
1236 4460 1289 4510 5.

1527 426 1685 484 ΗΘΜ
1703 425 1855 482 [LIA
1898 421 2085 481 XLII.

171 545 401 612 Γραφῆς
428 545 678 613 νοήματα
706 543 1185 611 παραπετάσμασι
1237 538 1580 608 κρύπτεταιο
1621 549 1754 606 φερε

1863 536 1995 588 velis
2041 543 2093 588 et
2139 533 2521 604 integumentis
2569 531 2938 587 obtenduntur
2984 549 2997 585 :

1662 901 1832 950 »εἶ’

1372 4461 1412 4490 ⁵³
1439 4459 1584 4511 Psal.
1617 4473 1725 4512 χιι,
1757 4457 1840 4509 i3.

3051 545 3167 599 age,
3205 536 3432 600 liigt'essi

1866 632 2006 684 intra
2061 629 2290 698 mystica
2341 627 2740 696 integumenta,
2788 628 2840 682 id
2893 628 3034 694 quod
3083 642 3178 694 per
3220 627 3434 682 oculum

1863 722 2222 790 signiﬁcatur,
2249 719 2357 774 alio
2383 729 2640 788 praiterea
2673 720 2836 775 modo
2863 718 3292 774 consideremus.
3419 727 3426 733 '

1941 928 1958 959 ι
2001 907 2242 962 Lucerna
2280 908 2524 975 corporis
2556 916 2638 962 est
2667 908 2883 974 oculus;
2927 928 2944 960 ι
2989 924 3112 962 nam
3151 908 3194 962 si
3231 908 3300 963 de
3324 908 3441 963 visu

1867 999 2190 1067 simpliciter
2237 999 2571 1066 loqueretur,
2606 998 3144 1064 dixisset,.Luceroa2
3201 1000 3445 1066 corporis

1868 1099 1999 1142 sunt
2028 1089 2191 1143 oculi.
2221 1088 2374 1142 Nunc
2405 1105 2534 1144 vero
2568 1076 2843 1161 singulari;
2870 1105 3098 1148 numero
3135 1107 3266 1148 usus
3297 1093 3443 1148 aliud

1869 1179 2203 1250 intelligendi
2242 1181 2396 1234 nobis
2432 1182 2578 1234 dedit
2611 1166 2985 1247 occasionem;
3023 1185 3240 1239 oculum
3281 1186 3446 1257 Igitur

1868 1282 2106 1325 mentem
2142 1270 2408 1339 appellat;
2439 1271 2584 1340 quod
2610 1271 2750 1325 enim
2785 1279 2866 1326 est
2893 1271 3083 1325 oculus
3111 1273 3162 1324 in
3193 1287 3440 1342 corpore,

1872 1363 1922 1415 id
1975 1363 2025 1416 in
2077 1363 2256 1416 animo
2303 1372 2387 1415 est
2429 1377 2582 1416 meus
2635 1380 2648 1416 :
2700 1372 2884 1432 utpote
2928 1379 3049 1432 quae
3091 1362 3322 1418 facultas
3365 1376 3450 1418 est

1868 1455 2114 1524 quaedam
2160 1454 2322 1508 animi
2367 1469 2473 1508 non
2519 1454 2846 1520 adventitia,
2884 1470 3058 1525 neque
3099 1465 3156 1510 ut
3200 1456 3345 1511 aliud
3391 1457 3445 1510 in

1870 1547 1999 1609 alio,
2031 1548 2123 1600 sed
2173 1547 2315 1601 idem
2358 1558 2441 1602 est
2491 1564 2645 1602 mens
2698 1556 2754 1602 et
2798 1549 3030 1604 animus.
3062 1548 3250 1620 Neque
3299 1551 3446 1606 enim

1869 1640 2194 1694 credendum
2248 1649 2333 1694 est
2381 1641 2447 1694 iis
2495 1641 2586 1710 qui
2636 1641 2780 1694 aliud
2829 1655 2950 1696 esse
3004 1653 3242 1697 mentem
3298 1642 3444 1713 (88),

1869 1731 2014 1782 aliud
2059 1731 2300 1784 animum
2340 1731 2547 1792 dicunt,
2579 1733 2777 1801 quippe
2820 1745 2940 1786 cum
2982 1732 3448 1788 Grecorumtsint

1870 1822 2070 1876 addicti
2100 1823 2256 1890 nugis
2287 1840 2300 1876 :
2333 1823 2488 1892 quasi
2519 1833 2762 1878 metuant
2790 1841 2857 1880 ne
2884 1827 3111 1880 rationis
3141 1828 3446 1896 expertiutn

1868 1913 2066 1966 anima:
2097 1913 2424 1981 imperfecta:
2454 1913 2763 1971 videantur.
2789 1916 3123 1984 Perpurgato
3154 1919 3317 1985 igitur
3345 1919 3447 1973 hoc

1868 2005 2056 2062 oculo.
2126 2006 2176 2057 id
2229 2017 2309 2060 est
2363 2020 2573 2072 mente,
2621 2023 2651 2060 a
2705 2021 2956 2063 concreta
3003 2011 3231 2078 caligine
3283 2023 3448 2081 atque

1869 2094 2146 2155 crassitie,
2179 2095 2333 2163 quasi
2373 2096 2424 2148 in
2462 2096 2581 2150 luce
2618 2098 2899 2152 ambulans
2927 2100 3109 2152 anima
3136 2100 3252 2154 sine
3281 2101 3448 2169 impe-

1869 2185 2112 2239 dimento
2132 2187 2392 2242 virtutum
2420 2189 2560 2242 viain
2587 2191 2904 2260 ingreditur.
2926 2191 3058 2246 Cum
3082 2194 3226 2248 enim
3251 2195 3449 2264 duplex

1869 2277 1939 2330 sit
1963 2289 2148 2332 nostra
2174 2280 2516 2343 constitutio,
2572 2280 2674 2333 alia
2703 2283 2920 2349 quidem
2950 2299 3076 2351 pars
3108 2286 3265 2351 levis,
3293 2287 3447 2342 intelo

1870 2369 2088 2438 ligentia
2115 2371 2337 2439 praidita
2356 2411 2370 2434 ,
2399 2371 2500 2426 alia
2525 2388 2656 2427 vero
2680 2389 2884 2438 crassa,
2907 2381 3145 2432 materiai
3170 2381 3449 2447 immersa,

1867 2473 1922 2515 et
1955 2463 2018 2513 ad
2056 2477 2141 2516 res
2171 2463 2458 2519 inferiores
2489 2479 2690 2533 prona;
2729 2467 2999 2535 siquidem
3035 2485 3192 2524 mens
3225 2473 3452 2527 rationis

1872 2555 2098 2624 imperio
2167 2557 2414 2624 superior
2479 2558 2671 2622 fuerit,
2740 2574 2935 2626 corpus
3003 2562 3058 2615 in
3130 2565 3447 2618 servitutem

1871 2649 2148 2714 redigens,
2187 2658 2312 2702 tunc
2355 2649 2571 2703 animus
2616 2649 2972 2719 illuminatur,
3002 2653 3166 2724 300
3206 2663 3262 2709 et.
3302 2654 3449 2711 facili

1871 2738 2086 2805 negetio
2115 2738 2341 2806 provehi
2372 2739 2439 2791 ad
2472 2753 2722 2808 suprema
2756 2745 3057 2808 contendit,
3083 2756 3264 2801 mente
3290 2749 3450 2817 quasi

1867 2826 2088 2880 lucerna
2133 2839 2412 2893 pra-eunte
2457 2829 2561 2893 illi,
2596 2840 2650 2885 et
2688 2843 3155 2890 commonstrante
3191 2837 3354 2891 viam.
3389 2839 3448 2893 Si

1867 2932 1997 2972 vero
2064 2919 2309 2989 plumbea
2381 2922 2588 2987 peccati
2653 2939 2830 2978 massa
2898 2937 3134 2982 mentem
3192 2930 3443 2985 deorsum

1871 3017 2068 3072 trahat,
2099 3022 2154 3064 et
2183 3021 2521 3064 terrenarum
2557 3029 2735 3066 reruni
2775 3017 2971 3070 nebula
3007 3019 3264 3075 tenebras
3295 3023 3444 3076 cordi

1868 3101 2133 3167 oli'undat,
2165 3114 2292 3156 tunc
2320 3119 2448 3156 vero
2483 3115 2608 3158 tunc
2639 3107 2850 3162 animus
2879 3108 3035 3177 quasi
3065 3125 3362 3167 conversus
3395 3114 3448 3167 in

1867 3193 2120 3248 tenebras
2153 3197 2219 3248 ad
2252 3211 2313 3249 ea
2345 3211 2464 3264 qua:
2503 3207 2627 3252 sunt
2658 3211 2854 3267 prietcr
2885 3210 3136 3256 naturam
3173 3207 3447 3259 converti-

1869 3297 1982 3352 tur;
2033 3301 2094 3340 ea
2138 3302 2258 3355 quae
2309 3305 2415 3341 non
2464 3299 2624 3354 sunt,
2658 3292 2812 3360 quasi
2863 3305 3080 3359 essent,
3117 3298 3447 3366 cogitatione

1865 3378 1967 3430 sibi
2005 3378 2241 3447 fingens,
2275 3391 2329 3434 et
2363 3383 2488 3435 caici
2528 3384 2582 3436 in
2619 3385 2838 3438 modum
2875 3386 3155 3442 offendens
3200 3407 3214 3442 :
3257 3401 3311 3444 et
3346 3392 3447 3446 liac

1869 3470 2075 3522 ratione
2106 3471 2279 3524 factus
2312 3475 2540 3526 rationis
2571 3489 2763 3543 expers
2795 3477 3054 3543 jumentis
3090 3481 3442 3538 assiniilatur.

1868 3560 2038 3614 Porro
2102 3565 2340 3631 psalmus
2403 3568 2640 3620 ostendit
2706 3569 2864 3629 illos.
2924 3586 3061 3638 quos
3124 3574 3176 3625 iu
3244 3580 3443 3628 statum

1861 3654 2122 3721 jumentis
2153 3660 2564 3712 convenientem
2596 3677 2750 3715 incus
2779 3661 3019 3731 improba
3051 3668 3442 3721 ςοιιηιιυιιινῐιε

1872 3765 1890 3796 ‹
1933 3745 2104 3800 Homo
2137 3764 2260 3801 cum
2299 3750 2350 3801 in
2391 3750 2596 3806 honore
2630 3761 2794 3824 esset,
2826 3771 2929 3807 tioii
2970 3757 3257 3821 intellexit,
3291 3773 3446 3811 cout-

1865 3848 2086 3906 paratus
2120 3852 2205 3893 est
2233 3842 2494 3905 jumentis
2527 3844 2930 3913 insipientibus,
2963 3859 3017 3901 et
3049 3849 3241 3902 similis
3273 3849 3445 3904 factus

1858 3943 1943 3984 est
1988 3932 2177 3985 illis“.
2221 3953 2237 3984 i
2288 3934 2353 3985 Et
2402 3951 2590 3989 rursus
2640 3956 2651 3989 :
2699 3955 2718 3988 ι
2769 3937 2944 3992 Furor
2993 3940 3099 3995 illis
3144 3944 3443 3996 secundum

1856 4025 2268 4077 similitudinem
2305 4030 2653 4090 serpentis”.
2695 4049 2712 4081 ›
2754 4031 2815 4084 Ει
2849 4050 2860 4083 :
2897 4053 2913 4082 ι
2952 4034 3444 4090 Circuntdederuitt

1859 4131 1942 4166 me
1975 4132 2138 4169 canes
2174 4119 2358 4181 multi;
2398 4121 2534 4172 tauri
2591 4122 2817 4191 pingues
2853 4126 3183 4179 obsederunt
3235 4143 3320 4180 me
3368 4128 3440 4180 si-

1859 4211 1964 4262 niul
1989 4211 2049 4262 η.
2079 4230 2095 4260 ι
2115 4212 2264 4264 Alios
2286 4227 2413 4264 vero
2431 4214 2690 4279 propheta
2705 4216 2858 4280 equis
2879 4216 3198 4271 feminarum
3221 4219 3440 4271 libidine

1863 4306 2263 4358 insanientibus
2295 4305 2407 4374 (89)
2443 4319 2536 4358 eos
2572 4318 2870 4374 comparat,
2900 4320 3122 4379 propter
3153 4313 3437 4379 impetum,

1401 4602 1720 4662 Francisci
1763 4603 1978 4660 δυοιεὶ
2020 4606 2204 4660 nota}.

232 4736 348 4802 (88)
383 4733 543 4785 Aliud
563 4748 678 4802 esse
700 4744 942 4785 metuent.
970 4730 1195 4784 Videtur
1223 4729 1353 4782 milii
1380 4729 1741 4794 ΤΙιθομΙιςιιιρε
1777 4736 1817 4786 D

167 4810 262 4861 hoc
320 4807 441 4857 loco
491 4801 728 4855 refutare
786 4817 878 4854 eos
938 4803 1026 4866 qui
1083 4803 1420 4867 distinguunt
1472 4802 1740 4866 potentias

165 4880 358 4930 animae
387 4873 458 4926 ab
505 4874 618 4940 ipsa
671 4874 870 4930 aiiiina,
905 4870 1057 4937 quasi
1091 4872 1160 4923 sit
1202 4871 1304 4920 alia
1345 4871 1593 4940 quaedam
1633 4885 1740 4930 res,

165 4950 242 4997 vel
294 4955 356 4995 ut
407 4939 785 5011 philosophice
827 4942 1049 5011 loquar,
1078 4941 1275 5011 entiias
1309 4939 1375 4991 ab
1412 4941 1524 5006 ipsa
1561 4942 1738 4990 anima

164 5009 443 5067 distincta.
496 5013 752 5076 Qtiaums
808 5012 952 5064 enim
1002 5009 1402 5062 distinctionem
1458 5025 1485 5060 a
1538 5011 1742 5061 ratione

167 5086 380 5142 liabeat,
412 5089 651 5133 attamen
683 5095 787 5132 non
819 5079 1164 5147 distinguitur
1190 5093 1444 5145 tanquam
1474 5095 1557 5131 res
1587 5097 1613 5128 ιι
1651 5094 1738 5140 rc;

165 5171 278 5221 qua:
311 5151 500 5219 opinio
533 5153 584 5200 iit
618 5151 820 5221 scholis
872 5152 1004 5201 satis
1054 5149 1312 5221 recipitur
1349 5164 1403 5201 et
1458 5150 1736 5216 probatur.

165 5215 364 5291 iirgtiit'
391 5230 568 5273 autem
601 5220 819 5291 Graicos
856 5221 1202 5287 plliiUSOpilUS
1226 5215 1610 5291 TlteOpliaiies,
1647 5234 1739 5270 eos

167 5289 528 5359 potissimum,
575 5294 663 5356 qui
722 5290 821 5340 levi
876 5292 1104 5355 quadam
1150 5289 1374 5349 ratione,
1435 5301 1485 5340 et
1550 5292 1738 5340 tinnire

165 5363 308 5413 ducti
342 5363 486 5413 lianc
526 5361 925 5412 distiiictimieui
961 5367 1253 5424 posuerunt
1277 5399 1288 5419 ,
1329 5359 1548 5424 perinde
1581 5359 1734 5423 quasi

164 5449 224 5485 ex
252 5447 315 5483 ea
345 5442 664 5496 sequeretur
693 5432 902 5480 auiuias
932 5432 1191 5491 pecudum
1223 5445 1341 5480 esse
1369 5429 1527 5495 inipei
1547 5429 1734 5488 fec-tas,

165 5505 205 5554 si
241 5506 501 5554 nimirum
536 5499 746 5553 deesset
775 5500 880 5551 illis
911 5498 1111 5566 aliquid
1145 5500 1207 5550 ad
1243 5499 1601 5549 substantiam
1658 5502 1738 5550 vel

163 5575 442 5625 entitateui
492 5573 684 5623 aiiiinte
738 5569 1036 5639 pertinens,
1069 5571 1209 5635 quod
1245 5578 1418 5619 tamen
1456 5577 1537 5618 est
1589 5570 1741 5620 luiile

164 5653 216 5695 et
265 5642 595 5702 ridiculum,
655 5642 826 5706 iiiqnit
886 5639 1280 5704 Tlie0pliaties;
1338 5639 1531 5688 anitum
1595 5643 1736 5689 enini

165 5715 333 5766 bruta:
379 5721 506 5765 sunt
548 5709 794 5780 perfectae
839 5712 890 5763 iu
934 5725 1030 5763 suo
1075 5723 1308 5775 genere,
1350 5707 1446 5760 etsi
1492 5723 1598 5759 non
1645 5712 1738 5759 lia-

165 5783 326 5836 beant
353 5799 474 5838 caui
505 5785 888 5852 perfectionem
925 5780 1275 5847 intelligendi,
1307 5794 1466 5847 quam
1510 5781 1742 5831 lioiuinis

164 5868 361 5914 anima.

493 5946 765 6007 Parnm.
796 5948 910 6005 Gn.
955 5941 1251 6005 CXXXH

1919 4729 2029 4794 (89)
2071 4728 2233 4798 Equis
2262 4731 2550 4783 emissariis
2585 4729 2801 4798 libidine
2833 4730 3235 4786 insanientibus.
3261 4729 3435 4787 Locus

1849 4806 2120 4866 propheta:
2173 4815 2332 4866 quem
2393 4801 2590 4863 innuit,
2644 4809 2726 4851 est
2776 4797 2986 4870 Jercm_._
3026 4815 3145 4867 cap.
3191 4819 3261 4854 v:
3301 4799 3433 4870 Equi

1843 4881 2102 4920 amatores
2136 4883 2180 4918 ei
2235 4872 2498 4922 emissarii
2553 4871 2680 4936 facti
2734 4879 2878 4922 sunt.
2917 4868 3310 4940 iUuufsquisqnc
3356 4868 3433 4924 ad

1842 4955 2057 4990 uxorem
2123 4941 2344 4997 proximi
2403 4941 2484 4991 sui
2532 4942 2864 4992 liiitniebant.
2915 4939 3008 4992 Ubi
3057 4939 3222 5001 LXX,
3274 4941 3432 4994 ἵπποι

1841 5007 2174 5076 θηλυμανεῖς
2234 5009 2593 5076 ἐγενήθησαν.
2651 5009 2768 5073 Quo
2838 5010 3102 5061 Vocabula
3161 5027 3289 5063 usus
3353 5023 3434 5065 est

1842 5094 2049 5131 nos'er.
2073 5078 2205 5130 Etim
2242 5080 2416 5129 locum
2445 5078 2698 5131 Jeretniic
2724 5079 2992 5145 prolatum
3019 5090 3074 5132 et
3099 5082 3433 5133 illustratum

1841 5149 1985 5213 leges
2012 5165 2038 5198 :t
2079 5153 2132 5199 5.
2178 5149 2389 5210 Basilio,
2420 5152 2517 5200 sub
2553 5150 2762 5201 iiiitittui
2797 5149 2918 5202 libri
2954 5148 3028 5201 De
3054 5168 3170 5203 itera
3207 5152 3430 5204 hominis

1842 5218 2160 5290 virginitate.
2212 5219 2343 5285 Equi
2404 5219 2700 5280 cuiissarii,
2758 5221 2840 5271 vel
2897 5222 3228 5280 admissarii,
3285 5225 3428 5290 quod

1843 5303 2036 5339 nninen
2092 5288 2260 5340 Varro
2311 5291 2624 5354 frequenter
2683 5300 2943 5355 usurpat,
2991 5293 3082 5356 qni
3151 5288 3427 5351 dicantur,

1843 5369 2030 5408 it-ituni
2065 5367 2149 5410 est
2179 5359 2255 5408 vel
2289 5360 2490 5424 pueris.
2535 5359 2600 5410 Et
2629 5361 2846 5425 quidem
2880 5360 2945 5412 de
2975 5362 3217 5413 maribus
3250 5364 3431 5413 omni-

1843 5430 1939 5478 lnis
1971 5428 2058 5494 qui
2093 5426 2278 5480 fetura:
2307 5431 2615 5495 supplenda:
2651 5444 2811 5480 causa
2873 5431 2926 5482 in
2957 5428 3188 5482 feminas
3233 5434 3431 5484 adiuit-

1846 5508 2052 5553 ttiiittir.
2090 5500 2212 5568 dici
2264 5500 2491 5550 videtur.
2533 5499 2862 5560 Columella,
2919 5501 3012 5551 lib.
3066 5517 3158 5558 νη.
3209 5518 3329 5568 cap.
3371 5501 3424 5560 2,

1847 5567 2237 5634 mansuefactos
2275 5569 2419 5618 tec'is
2457 5570 2637 5620 oribus
2679 5570 2913 5621 admisit.
2954 5569 3056 5622 Sed
3097 5575 3196 5624 lioc
3232 5567 3425 5623 nomen

1843 5652 1981 5702 equo
2041 5639 2378 5702 potissimum
2430 5640 2559 5690 solet
2613 5640 2905 5690 convenire.
2966 5640 3152 5700 ldeiii,
3203 5641 3295 5692 lib.
3351 5655 3423 5698 τι,

1844 5722 1959 5780 cap.
1979 5707 2058 5780 _57
2096 5726 2108 5759 ;
2144 5706 2236 5758 Est
2267 5716 2314 5780 et
2338 5708 2563 5759 alterum
2588 5723 2746 5780 genus
2781 5707 3090 5761 admissarii
3121 5709 3343 5780 furentis
3372 5711 3424 5761 in

1843 5778 2128 5839 iibidiitent,
2161 5779 2296 5845 quod
2329 5779 2429 5829 nisi
2465 5791 2584 5829 astu
2615 5779 2936 5840 inhibeatur,
2965 5779 3120 5845 aﬂ'ert
3147 5778 3290 5848 gregi
3318 5797 3427 5841 per-

1845 5850 2054 5910 niciem,
2094 5858 2198 5901 etc.
2236 5851 2408 5914 Atque
2443 5848 2748 5916 liujnsmodi
2775 5863 2944 5916 equos
2971 5851 3058 5902 liic
3088 5860 3270 5905 noster
3300 5867 3422 5904 cu.n

3003 5940 3084 6000 26
