4184 6440
195 398 303 463 813

1558 393 1884 453 HOMlLIA
1930 391 2113 450 XLll.

3360 396 3466 463 814

194 516 529 573 ιωτίσαντες
554 510 615 563 16
643 510 821 579 νόημα
847 511 927 573 εἰς
945 510 1204 579 Χριστὸν,
1224 507 1365 561 κατὰ
1392 507 1487 577 τὴν
1520 508 1611 558 τοῦ
1630 508 1793 558 Ἀπο-

1921 522 1951 558 n
1985 503 2356 573 captivitatem
2411 503 2718 571 redigentes
2760 519 2978 561 sensum
3038 507 3091 562 in
3149 510 3468 579 obsequium

194 608 380 659 πόλου
414 604 766 674 παραίνεσιν.
797 601 1005 670 Λύχνος
1038 602 1145 671 γὰρ
1170 600 1330 670 ἡμῶν
1355 602 1447 651 καὶ
1498 599 1779 667 ὀφθαλμὸς

191 699 354 760 ιὺτός
384 701 534 748 ἐστιν
569 698 595 748 6
634 694 893 765 Χριστός.
952 692 1162 762 Λύχνος
1192 694 1302 761 γὰρ
1360 690 1778 759 ἑτυμολογεῖται

193 790 341 855 παρὰ
383 790 446 840 16
479 786 629 839 λύειν
678 788 739 837 τὸ
801 786 986 854 νύχος,
1017 786 1188 854 ήγουν
1242 784 1303 835 τὸ
1338 783 1551 843 σκότος.
1590 780 1685 842 Τίς
1720 779 1777 831 δέ

192 887 339 934 ἐστιν
372 882 562 949 ἕτερος
593 882 621 931 6
656 880 757 945 τῆς
800 878 1079 947 ἁμαρτίας
1128 874 1299 939 λύσας
1354 875 1451 942 τὴν
1517 874 1781 940 ζόφωσιν,

192 976 285 1029 καὶ
314 975 375 1025 16
405 975 522 1042 φῶς
548 975 648 1042 τῆς
680 972 939 1039 γνώσεως
993 970 1390 1041 χαρισάμενος,
1446 969 1559 1020 ἀλλ’
1593 969 1624 1039 ἦ
1686 968 1784 1021 αύ-

192 1068 280 1129 τὸς
312 1067 343 1117 6
377 1065 551 1117 εἰπών
578 1083 592 1096 ·
632 1084 650 1116 t
698 1064 845 1131 Ἐγώ
892 1065 1010 1132 εἰμι
1047 1064 1107 1116 16
1158 1064 1273 1132 φῶς
1328 1058 1423 1114 τοῦ
1452 1060 1719 1139 ηκόσμου;
1759 1078 1776 1110 ι

192 1160 365 1221 Αὐτὸς
417 1160 527 1227 γάρ
585 1159 735 1210 ἐστιν
783 1158 859 1219 ὡς
917 1156 1139 1223 ἀληθῶς
1197 1155 1259 1207 16
1311 1155 1447 1224 φῶς,
1484 1154 1512 1205 ὂ
1556 1153 1784 1222 φωτίζει

192 1253 373 1321 πάντα
444 1250 733 1319 ἄνθρωπον
781 1250 1083 1319 ἐρχόμενον
1137 1248 1219 1311 είς
1282 1248 1376 1300 τὸν
1438 1248 1644 1316 κόσμον
1677 1245 1786 1297 τῶν

193 1342 584 1410 ἀρετῶν.ῐιιῖις
617 1343 673 1393 δὲ
722 1336 877 1403 οὗτος
914 1340 1196 1409 ὀφθαλμός
1266 1343 1383 1393 ἐστι
1434 1342 1527 1392 καὶ
1598 1339 1787 1409 λύχνος

195 1435 495 1503 ἡμέτερος,
523 1434 551 1485 6
596 1433 753 1501 λόγος
775 1434 939 1496 δείξει
994 1436 1353 1501 σαφέστερον.
1401 1435 1650 1500 Reguli)
1687 1433 1791 1486 τεῦ

198 1545 224 1577 τ
238 1526 311 1588 ἧς
329 1528 702 1591 Ἐκκλησίας
716 1528 1109 1594 πληρώματος
1127 1527 1291 1586 αὑτός
1307 1529 1454 1577 ἐστιν
1472 1526 1498 1575 6
1520 1528 1788 1590 Χριστός·

196 1618 343 1670 οὕτω
371 1619 479 1688 γὰρ
506 1622 533 1671 6
564 1620 739 1688 μέγας
764 1619 971 1680 Παυλός
994 1635 1161 1687 φησιν
1183 1634 1193 1646 ·
1233 1636 1249 1668 ι
1294 1617 1492 1684 Ἡμεῖς
1530 1618 1586 1669 δὲ
1620 1616 1794 1685 σῶμα

198 1707 390 1761 αὐτοῦ
411 1748 424 1767 ,
463 1708 558 1759 καὶ
603 1708 739 1776 μέλη
766 1710 831 1760 ὲκ
890 1709 1142 1777 μέρους»
1172 1708 1413 1777 κεφαλῆς
1444 1709 1499 1760 δὲ
1529 1710 1587 1760 16
1605 1710 1800 1778 κράτι-

200 1816 327 1851 στον
370 1800 732 1869 αἰσθητήριον
760 1800 789 1851 6
828 1800 1136 1871 ὀφθαλμός.
1168 1800 1381 1870 Ὠσπερ
1434 1797 1527 1852 οὖν
1582 1799 1796 1866 κεφαλή

203 1894 380 1953 ἐστιν,
414 1890 560 1944 οὕτω
582 1892 691 1961 ἄρα
721 1892 820 1946 καὶ
854 1893 1161 1963 ὀφθαλμὸς,
1204 1894 1293 1962 ὑφ’
1327 1890 1386 1948 οὗ
1414 1895 1475 1946 16
1500 1895 1609 1946 πᾶν
1638 1894 1797 1963 σῶμα

201 1988 296 2052 τῆς
320 1986 661 2056 Ἐκκλησίας
699 1987 1023 2054 φωτίζεται.
1062 1989 1201 2040 Λίαν
1252 1988 1307 2040 δὲ
1365 1988 1735 2057 παρεμφερὴς
1769 1990 1797 2040 6

201 2074 396 2145 λύχνος
428 2077 529 2141 τῆς
559 2075 654 2128 τοῦ
683 2077 859 2145 Λόγου
894 2078 1245 2146 σαρκώσῖως.
1287 2078 1445 2131 Κατὰ
1476 2078 1636 2145 φύσιν
1693 2080 1801 2148 γὰρ

203 2166 337 2229 Θεὸς
380 2167 668 2236 ὑπάρχων,
708 2170 802 2220 καὶ
830 2168 970 2239 σὰρξ
1004 2170 1461 2238 κατόίκονομίαν
1484 2171 1797 2239 γενόμενος,

201 2256 289 2314 οἷα
326 2262 394 2329 δὴ
433 2265 549 2329 φῶς
574 2262 696 2316 κατ’
712 2264 907 2317 οὐσίαν
949 2266 1390 2335 ἀπεριγράπτως
1423 2265 1499 2336 τῷ
1528 2269 1627 2336 τῆς
1662 2283 1803 2336 σαρ-

205 2355 297 2416 κὸς
330 2356 597 2426 ὀστράκῳ
639 2355 897 2427 καθάπερ
922 2356 1103 2427 λύχνῳ
1154 2358 1242 2411 διὰ
1287 2358 1458 2428 μέσης
1506 2358 1686 2428 ψυχῆς
1729 2358 1804 2421 ὡς

203 2450 292 2501 διὰ
330 2448 657 2520 Θρυαλλίδος
713 2450 775 2502 16
827 2449 940 2521 πῦρ
1002 2450 1226 2514 ὲνωθὲν,
1269 2450 1363 2503 τού
1418 2452 1647 2514 σκότους
1700 2450 1803 2520 τῆς

205 2542 437 2609 ἀγνοίας
494 2540 651 2612 ὤφθη
713 2542 996 2614 λυτήριον.
1032 2544 1143 2598 Καὶ
1206 2543 1340 2613 γοῦν
1395 2546 1487 2597 καὶ
1521 2546 1549 2598 6
1598 2544 1806 2615 Κύριος

205 2634 354 2687 οὕτω
379 2635 549 2706 φησίν
577 2653 589 2667 ·
641 2655 657 2687 ι
695 2636 891 2699 Οὐδεὶς
938 2637 1083 2706 ἆψας
1107 2637 1304 2707 λύχνον
1340 2638 1608 2691 καλύπτει
1640 2638 1807 2692 αὑτὸν

208 2728 402 2781 σκεύει
432 2745 446 2758 ο
493 2746 512 2779 ι
554 2730 872 2793 τουτέστιν,
911 2730 1104 2793 Οὐδεὶς
1161 2733 1219 2784 ἐν
1246 2731 1429 2801 ἑαυτῷ
1478 2732 1569 2783 τὸν
1634 2733 1808 2801 Λόγον

209 2820 567 2889 κτησάμενος
598 2819 689 2871 διὰ
718 2820 982 2885 πίστεως,
1039 2814 1128 2874 οἷα
1188 2822 1383 2891 λύχνον
1442 2822 1810 2893 δᾳδουχοῦντα

209 2911 301 2965 16v
335 2911 493 2977 νοῦν,
530 2912 796 2966 καλύπτει
836 2914 1001 2966 αὐτὸν
1028 2915 1107 2983 τῷ
1136 2916 1308 2985 χοῖκῷ
1358 2917 1693 2985 φρονήματι,
1735 2917 1811 2979 ὼς

212 3007 591 3075 ἁνενέργητον
620 3005 717 3058 τοῦ
740 3006 988 3059 τοιούτου
1014 3006 1211 3076 λύχνου
1241 3009 1303 3060 16
1327 3009 1442 3077 φῶς
1482 3010 1807 3073 φαίνεσθαι·

214 3102 275 3153 υύ
301 3103 372 3170 τῇ
408 3100 586 3154 αὐτοῦ
623 3100 809 3170 φύσει,
839 3099 977 3154 ἀλλὰ
1012 3104 1080 3170 τῇ
1134 3102 1383 3171 ῥᾳθυμίᾳ
1422 3100 1516 3154 τοῦ
1570 3102 1809 3173 ἔχοντος.

1887 597 2115 659 Christi,
2167 605 2225 648 ut
2277 596 2526 649 hortatur
2576 597 2870 666 Apostolus
2907 599 2971 652 ³³.
3032 600 3279 656 Lucerna
3328 604 3470 656 enim

1890 687 2048 741 nobis
2074 697 2125 740 et
2146 688 2335 743 oculus
2368 689 2480 756 ipse
2495 698 2575 744 est
2616 690 2884 745 Christus.
2907 692 3042 746 Nam
3070 694 3343 749 lucernam
3363 681 3475 766 (9i)

1890 777 2066 831 Graeci
2119 778 2335 847 λύχνον,
2372 780 2630 848 lychnum
2668 784 2963 851 apptllant,
3000 785 3140 855 quod
3189 788 3361 841 solvat
3390 797 3471 841 tc-

1895 872 2134 925 nebras:
2199 872 2319 940 quis
2350 884 2533 926 autem
2574 873 2712 928 alius
2758 876 3046 944 caliginem
3098 879 3305 945 peccati
3359 880 3471 933 dis-

1894 964 2083 1026 Cnssit.
2156 977 2217 1016 ac
2265 964 2594 1032 cognitiOnis
2648 964 2825 1019 lumen
2880 970 3195 1023 hominibus
3244 969 3470 1038 largitus

1895 1065 1997 1117 t‘Sl,
2054 1054 2156 1107 nisi
2209 1054 2253 1107 is
2285 1054 2374 1124 qui
2412 1055 2583 1107 dixit:
2622 1074 2640 1107 t
2682 1054 2795 1126 Ego
2827 1072 2943 1111 sum
2982 1060 3067 1112 lux
3106 1061 3373 1113 mundiﬁ
3399 1060 3420 1111 ?
3451 1080 3467 1110 ι

1899 1148 2017 1214 ipso
2069 1147 2214 1202 enim
2275 1161 2403 1201 vero
2460 1158 2541 1202 est
2605 1150 2717 1215 lux,
2778 1166 2895 1220 qua:
2948 1152 3215 1207 illutninat
3254 1169 3476 1211 omnem

1898 1238 2171 1289 ltoininem
2217 1240 2521 1291 venientem
2556 1239 2605 1293 in
2650 1243 2907 1295 mundum
2941 1241 2986 1273 "
3023 1245 3281 1299 virtutum
3338 1246 3473 1316 (99)-

1899 1328 2179 1391 Qnuniodo
2257 1344 2385 1383 vero
2441 1331 2528 1385 hic
2574 1333 2734 1387 simul
2788 1336 2856 1387 sit
2905 1335 3095 1389 oculus
3154 1346 3207 1389 ιιι
3262 1337 3477 1392 incertm

1900 1428 2111 1479 nostra.
2162 1420 2373 1481 planius
2404 1423 2578 1477 oratio
2627 1425 3047 1480 demonstrabit.
3119 1427 3287 1498 Caput
3311 1429 3481 1495 pleni-

1903 1511 2099 1564 trutinis
2158 1512 2405 1567 Ecclesia:
2444 1525 2527 1569 est
2565 1517 2677 1585 ipso
2723 1516 2963 1571 Christus
2998 1520 3082 1583 ";
3131 1522 3202 1572 ita
3237 1523 3379 1574 enim
3406 1523 3483 1575 ait

1907 1618 2133 1673 magnus
2192 1606 2468 1671 apostolus
2527 1607 2725 1661 Paulus
2772 1590 2796 1660 Δ;
2868 1608 2980 1662 Nos
3052 1626 3178 1665 vero
3220 1654 3232 1669 .
3296 1631 3483 1680 corpus

1903 1697 2071 1762 ipsius
2114 1715 2132 1747 ι
2168 1697 2233 1758 ’⁷,
2256 1708 2320 1751 et.
2353 1716 2371 1749 ι
2412 1696 2652 1753 Membra
2689 1700 2754 1754 de
2786 1703 3028 1757 membro
3054 1703 3117 1757 "'.
3161 1722 3177 1754 ι
3218 1703 3486 1760 Praestan-

1907 1788 2178 1840 tissimum
2216 1800 2396 1843 autem
2452 1791 2720 1845 sentiendi
2758 1793 3175 1848 inStrumcntum
3218 1797 3271 1851 in
3309 1798 3485 1866 capito

1902 1880 2095 1931 oculus
2151 1890 2255 1933 est.
2287 1878 2401 1946 Qua
2437 1881 2603 1946 igitur
2658 1883 2869 1937 ratione
2894 1895 2975 1938 est
2999 1896 3185 1955 caput,
3211 1904 3275 1943 ea
3317 1892 3483 1943 etiam

1902 1972 2092 2025 oculus
2144 1984 2274 2038 est,
2338 1988 2365 2026 a
2427 1989 2535 2043 quo
2586 1984 2755 2029 totum
2797 1992 2994 2046 corpus
3050 1978 3310 2035 Ecclesia:
3362 1982 3483 2035 illu-

1903 2075 1930 2115 s
1961 2072 2128 2116 ratur.
2185 2066 2354 2119 l'otro
2378 2074 2555 2120 autem
2592 2068 2749 2121 valde
2765 2069 3094 2125 assimilatur
3124 2070 3489 2129 lncnrnanioni

1912 2153 2069 2207 Verbi
2125 2158 2364 2212 lucerna.
2436 2157 2595 2223 Nam,
2655 2175 2776 2215 cum
2843 2160 3077 2216 Verbum
3139 2175 3337 2219 natura
3419 2168 3491 2222 sit

1914 2244 2074 2311 Deus,
2114 2257 2168 2299 et
2217 2263 2312 2316 per
2343 2249 2803 2316 dispensationem
2862 2268 2993 2309 caro
3039 2254 3239 2311 factum
3285 2260 3380 2321 sit,
3413 2261 3491 2313 uti

1912 2340 2090 2392 lumen
2116 2340 2412 2395 secundum
2440 2344 2801 2400 substantiam
2847 2347 3312 2421 incircuntscripte
3344 2362 3495 2408 testa:

1909 2432 2092 2484 carnis
2122 2434 2274 2499 quasi
2316 2433 2551 2490 lucernae
2600 2439 2774 2491 media
2805 2441 3009 2505 anima,
3060 2451 3117 2495 ut
3162 2459 3258 2513 per
3288 2445 3498 2516 εΙΙγςίιο

1914 2529 2060 2582 nium
2111 2530 2250 2598 ignis
2293 2533 2505 2585 unitum
2565 2535 2818 2603 apparuit
2870 2538 3123 2593 tenebras
3172 2538 3497 2607 ignorantiae

1915 2626 2301 2689 discussurus;
2336 2634 2389 2677 et
2424 2634 2575 2679 certe
2629 2626 2888 2683 Dominus
2942 2630 3021 2684 sic
3079 2633 3192 2684 ait:
3241 2650 3259 2684 t
3324 2633 3500 2691 Nemo

1914 2718 2192 2773 lucernam
2235 2718 2536 2773 accendens
2565 2721 2740 2789 operit
2793 2737 2912 2776 eam
2950 2738 3078 2780 vase
3104 2726 3193 2793 ";
3227 2748 3245 2779 ι
3282 2728 3334 2784 id
3392 2741 3502 2800 est,

1914 2808 2084 2865 Nemo
2125 2809 2361 2865 Verbum
2397 2813 2448 2865 in
2475 2827 2536 2867 se
2565 2812 2687 2881 ipso
2734 2829 2831 2884 per
2865 2816 3025 2871 [idem
3063 2820 3350 2890 possidens
3381 2832 3502 2878 tan-

1914 2918 2076 2973 quam
2108 2904 2386 2959 lucernam
2447 2908 2614 2961 menti
2668 2910 3051 2977 praelucentem
3089 2920 3307 2968 terrena
3356 2914 3496 2972 illud

1915 2996 2247 3065 cogitatione
2303 2997 2587 3065 contegit;
2651 2999 2722 3053 ita
2790 3010 2848 3054 ut
2904 3001 3083 3057 lumen
3138 3006 3360 3073 hujusce
3416 3009 3503 3065 lu-

1921 3106 2101 3146 cerua»
2141 3091 2375 3144 otiosum
2428 3093 2695 3159 videatur,
2748 3111 2852 3150 non
2899 3110 3092 3169 suapte
3128 3111 3342 3165 natura,
3404 3109 3502 3160 sed

218 3195 428 3248 Τοῦτον
456 3195 552 3248 τὸν
588 3194 809 3265 λύχνον,
841 3196 986 3263 φημὶ
1015 3194 1080 3263 δὴ
1110 3194 1203 3247 τὸν
1240 3195 1468 3265 Κύριον,
1500 3198 1527 3249 ὁ
1556 3195 1651 3249 τοῦ
1683 3213 1802 3265 προ-

1922 3182 2064 3250 ejus,
2136 3185 2226 3252 qui
2280 3183 2409 3236 illud
2458 3185 2703 3242 continet
2780 3189 3126 3260 negligentia.
3190 3192 3501 3252 Lucernam

217 3288 395 3357 φὴτου
452 3288 729 3357 Ζαχαρίου
789 3286 1199 3355 προϐλεπτικὲς
1252 3286 1533 3357 ὀφθαλμὸς
1557 3287 1631 3349 ὡς
1669 3292 1809 3357 λαμ-

216 3380 412 3433 πάδιον
436 3379 707 3431 ἐθεάσατο
735 3397 746 3410 ·
780 3397 797 3429 ι
852 3379 1033 3448 Ἐὡρα
1085 3380 1194 3448 γὰρ
1222 3420 1234 3443 ,
1259 3380 1415 3449 φησὶ,
1454 3380 1550 3432 καὶ
1582 3379 1691 3432 ἰδοὺ
1713 3381 1808 3432 λυ-

216 3472 340 3541 χνία
373 3474 575 3542 χρυσῆ,
612 3473 709 3527 καὶ
739 3472 1051 3541 λαμπάδιον
1080 3472 1270 3525 ὲπάνω
1291 3474 1465 3543 αὐτῆς
1488 3490 1501 3505 ·
1534 3494 1551 3525 ι
1587 3474 1675 3528 διὰ
1710 3477 1809 3545 μὲν

214 3567 312 3636 τῆς
396 3566 624 3635 λυχνίας
659 3565 758 3637 τήν
811 3565 1150 3633 Ἐκκλησίαν
1205 3566 1544 3637 δηλῶν,ιδιὰ
1593 3568 1649 3620 δὲ
1716 3567 1810 3621 τοῦ

218 3659 533 3727 λαμπαδίου
568 3659 659 3711 τὸν
691 3659 1053 3729 σαρκωθέντα
1104 3659 1283 3728 δηλῶν
1323 3660 1478 3715 Θεὸν.
1516 3660 1672 3713 Οὕτω
1701 3660 1811 3731 γὰρ

216 3751 310 3801 καὶ
345 3749 438 3802 διὰ
488 3747 714 3801 Ἡσαΐου
774 3751 943 3819 φησιν
973 3752 1000 3802 6
1024 3748 1161 3809 Θεὸς
1192 3751 1289 3802 καὶ
1328 3750 1521 3820 Πατήρ
1556 3764 1569 3777 ·
1614 3770 1631 3801 ι
1663 3749 1813 3814 Ἐξε-

215 3843 472 3896 λεύσεται
500 3842 576 3907 ὡς
608 3843 723 3911 φῶς
752 3845 784 3914 ή
820 3842 1141 3914 δικαιοσύνη
1170 3860 1273 3914 μου
1297 3884 1312 3908 ,
1355 3844 1415 3896 τὸ
1446 3844 1501 3896 δὲ
1542 3846 1810 3914 σωτήριόν

221 3952 327 4002 μου
370 3934 449 3997 ὡς
509 3934 736 4003 λαμπὰς
799 3934 1163 4003 καυθήσεται.
1207 3954 1227 3987 θ
1267 3937 1424 3989 Ἐπεὶ
1474 3936 1531 3989 δὲ
1586 3938 1813 4007 ἡφύσις

220 4027 383 4097 ήμῶν
424 4026 535 4078 τῶν
570 4028 841 4081 ἐναντίων
878 4027 1001 4079 ἐστὶ
1032 4027 1286 4095 δεκτικὴ,
1317 4028 1413 4080 ἐὰν
1471 4028 1571 4097 μὲν
1597 4028 1813 4100 ἔχωμεν

218 4120 277 4171 ὲν
320 4119 540 4181 ἑαυτοῖς
565 4118 656 4169 τὸν
684 4119 821 4171 Θεὸν
850 4119 1047 4186 Λόγον,
1081 4119 1156 4181 ὡς
1200 4119 1397 4188 λύχνον
1445 4119 1812 4190 δᾳδουχοῦντα

221 4214 281 4264 τὸ
316 4212 375 4261 ὲν
440 4212 573 4279 ἡμῖν
621 4211 831 4280 νοερδν,
891 4211 1289 4281 φωτιζόμεθα’
1324 4214 1373 4264 εί
1426 4212 1482 4264 δὲ
1546 4213 1810 4283 ῥᾳθύμως

222 4304 476 4373 βιοῦντες
514 4306 617 4372 τὴν
667 4306 937 4361 ἐναντίαν,
967 4307 1061 4358 καὶ
1114 4304 1329 4377 ζοφώδη
1377 4306 1609 4375 δύναμιν
1642 4307 1814 4360 είσδε-

220 4396 471 4467 Εὼμεθα,
535 4400 603 4467 τῇ
661 4395 917 4467 ἐπιμιξίᾳ.
961 4396 1057 4449 τοῦ
1112 4398 1373 4467 ἄρχοντος
1424 4399 1520 4451 τοῦ
1589 4400 1816 4463 σκότους

219 4493 317 4544 καὶ
349 4492 514 4561 ἡμεῖς
558 4490 954 4561 μελαινόμεθα,
994 4508 1011 4541 ι
1040 4490 1117 4554 ὼς
1142 4491 1484 4561 σκηνώματα
1516 4493 1707 4564 Κηδέιρ
1732 4512 1744 4522 ·
1790 4514 1807 4545 ι

225 4585 371 4638 κατὰ
400 4583 502 4654 τήν
527 4585 585 4637 ὲν
610 4583 687 4653 τῷ
712 4582 959 4654 ’ᾼσματι
982 4583 1206 4656 νύμφην
1246 4585 1526 4655 γινόμενοι
1553 4626 1566 4647 ,
1599 4586 1815 4655 ἔχοντες

222 4679 279 4731 τὺ
306 4673 503 4748 αἶσχος
538 4677 888 4731 ἐπείσακτον.

288 4874 439 4929 Ἀλλ’
465 4875 577 4946 ὁρῶ
616 4875 707 4930 τὸν
760 4874 1040 4944 βέλτιστον
1081 4878 1300 4930 ἐκεῖνον
1357 4876 1609 4931 διάκονον
1664 4877 1819 4952 ὕπνῳ

228 4967 574 5040 βαρούμενον
599 4986 615 4999 ο
642 4969 730 5036 ἐφ’
769 4968 964 5032 ἱκανὰς
1021 4970 1131 5039 γὰρ
1170 4969 1320 5039 ὥρας
1356 4972 1701 5041 ἐπιτηρήσας
1735 4968 1817 5026 εἴ·

227 5062 314 5115 δον
346 5063 426 5124 ὡς
462 5062 698 5132 κάτοχον
723 5064 1185 5135 κραδαινόμενον,
1220 5067 1314 5118 καὶ
1346 5063 1406 5116 16
1425 5063 1648 5136 βλέμμα
1679 5067 1818 5137 χαῦ-

298 5225 345 5257 ²³
380 5223 422 5278 ll
453 5221 586 5277 Cor.
617 5237 673 5285 ι,
701 5221 755 5277 5.
833 5223 881 5256 ’⁵
911 5223 1213 5290 Joan.mt.
1243 5228 1331 5283 12.
1410 5232 1454 5263 ’⁸
1489 5230 1647 5286 Joan.
1679 5226 1719 5290 1,
1756 5227 1809 5282 9.

228 5293 319 5351 27.
395 5298 442 5329 ³⁸
473 5293 588 5350 Luc
611 5309 732 5362 vm,
779 5295 869 5350 16.

1904 5228 1949 5261 ’⁸
1993 5228 2195 5299 Epltes.
2226 5244 2300 5295 tv,
2326 5228 2414 5292 15,

947 5298 993 5330 ³⁸
1022 5297 1256 5356 Zachar.
1308 5316 1381 5369 tv,
1412 5302 1465 5357 4.
1542 5303 1584 5333 ³⁸
1614 5302 1718 5357 lsa.
1756 5317 1887 5367 Lxu,
1920 5300 1974 5355 2.
2038 5297 2097 5332 ’⁸³
2138 5300 2295 5355 Cant.
2330 5299 2372 5364 Ι,
2422 5305 2474 5367 5.

1926 3276 2090 3340 hanc,
2148 3275 2462 3343 Dominum,
2502 3278 2744 3349 inquam,
2773 3285 3061 3353 perspicax
3108 3288 3248 3342 vatis
3300 3289 3507 3345 Zacha-

1923 3369 2018 3423 rias
2067 3367 2262 3423 oculos
2316 3369 2447 3423 vidit
2489 3379 2743 3437 tanquam
2792 3373 3137 3445 lampadem;
3176 3380 3251 3432 ait
3304 3382 3499 3436 enim:

1928 3486 1946 3517 ι
1984 3464 2099 3519 Vidi
2139 3475 2194 3519 et
2254 3479 2382 3520 ecce
2431 3468 2817 3523 candelabrum
2890 3487 3136 3537 aureum,
3184 3488 3239 3531 et
3295 3478 3502 3550 lampas

1923 3575 2087 3629 super
2128 3559 2257 3613 illud
2296 3559 2362 3617 '°.
2396 3580 2414 3612 ι
2468 3558 2570 3616 Per
2629 3564 3011 3620 candelabrum
3076 3568 3371 3626 Ecclesium
3430 3576 3505 3628 si-

1924 3667 2121 3723 gnans,
2181 3667 2276 3720 per
2348 3652 2651 3722 lampadem
2711 3672 2840 3711 vero
2914 3659 3253 3715 incarnatum
3312 3665 3504 3723 Deum.

1929 3746 2023 3800 Sic
2064 3746 2211 3799 enim
2245 3743 2410 3798 etiam
2443 3760 2541 3815 per
2570 3745 2765 3802 Isaiam
2790 3748 2929 3804 Deus
2954 3759 3008 3805 et
3038 3751 3201 3808 Pater
3230 3755 3505 3826 loquitur:

1929 3856 1945 3888 ι
1983 3837 2303 3906 Egredietur
2368 3847 2431 3891 ut
2490 3837 2670 3894 lumen
2734 3841 2943 3909 justitia
2999 3860 3140 3911 mea,
3170 3857 3222 3902 et
3258 3848 3511 3909 Salutare

1924 3930 2086 4001 302
2137 3948 2312 3989 meum
2351 3936 2493 3989 sicut
2552 3934 2761 4011 lampas
2813 3938 3026 3993 ardebit
3061 3940 3126 3995 ³¹.
3171 3960 3189 3993 ι
3241 3947 3509 4009 Quoniam

1927 4038 2057 4077 vero
2112 4025 2515 4078 contrariorum
2574 4026 2843 4095 receptrix
2910 4037 2997 4080 est
3048 4040 3238 4085 natura
3302 4045 3511 4099 nostra.

1924 4116 2191 4185 siquidem
2243 4117 2296 4169 in
2363 4116 2519 4171 nobis
2550 4116 2870 4173 habebimus
2924 4118 3094 4174 Deum
3127 4119 3385 4192 Verbum,
3419 4131 3514 4198 qui

1926 4211 2079 4278 quasi
2115 4210 2338 4264 lucerna
2396 4209 2560 4264 menti
2623 4219 2821 4264 nostra:
2876 4214 3187 4280 praeluceat,
3239 4218 3513 4275 illumina-

1927 4303 2143 4356 bitnur:
2206 4303 2286 4357 sin
2338 4319 2468 4360 vero
2524 4304 2749 4374 ignaviae
2803 4304 2991 4372 dediti,
3048 4313 3380 4366 contrariam
3447 4330 3513 4371 ac

1927 4381 2331 4459 tenebricosam
2367 4405 2472 4457 vim
2528 4403 2905 4466 admittetnus,
2946 4419 3047 4460 nos
3111 4422 3329 4478 quoque
3358 4413 3512 4481 prin-

1923 4498 2059 4566 cipis
2108 4496 2454 4551 tenebrarum
2511 4499 2907 4561 consuetudine
2961 4499 3353 4568 nigrcscetnus,
3394 4526 3411 4557 ι
3455 4518 3515 4559 ιιι

1930 4589 2272 4645 tabernacula
2297 4590 2471 4644 Cedar
2507 4588 2550 4619 ³⁸
2583 4605 2596 4642 :
2630 4608 2649 4641 ι
2686 4591 3141 4659 quemadmodum
3180 4611 3374 4665 sponsa
3398 4599 3511 4666 illa,

1925 4689 1993 4745 de
2034 4703 2135 4758 qua
2172 4688 2223 4741 in
2252 4687 2483 4743 Cantico
2517 4688 2722 4743 mentio
2753 4688 3003 4756 habetur,
3037 4692 3387 4751 adventitium
3418 4702 3515 4755 lua-

1925 4784 2147 4837 ditatcm
2178 4780 2461 4835 habentes.

1997 4878 2103 4932 Sed
2145 4878 2301 4933 video
2337 4878 2600 4945 optimum
2648 4876 2797 4930 illum
2858 4879 3148 4937 diaconum
3183 4900 3372 4940 somno
3398 4904 3517 4958 gra.

1922 4983 2143 5036 vatum;
2218 4986 2341 5025 nam
2403 4984 2525 5024 cum
2575 4972 2664 5023 ditt
2725 4970 2875 5026 illum
2920 4974 3297 5033 observassem
3333 5022 3346 5043 ,
3402 4984 3517 5035 rid-

1926 5067 2249 5121 titubantem
2286 5063 2437 5134 quasi
2495 5063 2758 5120 comitiali
2795 5068 2990 5122 morbo
3036 5084 3372 5143 corn-ptum,
3436 5078 3514 5131 rei

2534 5232 2579 5264 ’⁷
2618 5231 2819 5302 Ephes.
2857 5246 2911 5295 ν,
2947 5231 3035 5287 50.
3141 5232 3185 5265 ⁸³
3216 5232 3381 5289 lCor.
3418 5254 3514 5303 xu,

1473 5420 1796 5483 Francisci
1840 5421 2051 5482 Scorsi
2091 5430 2278 5481 notae.

304 5542 419 5612 (9|)
456 5538 600 5594 Nam
640 5557 930 5597 .ucernam.
963 5540 1143 5613 Etym.
1169 5558 1316 5613 mag.
1357 5544 1563 5613 Λύχνος
1602 5544 1825 5611 λέγεται

235 5614 465 5685 παρὰ,τδ
485 5613 638 5685 λύειν
649 5613 716 5685 ,τὸ
738 5614 919 5683 νύχος,
945 5612 1090 5667 τοῦτ’
1120 5614 1237 5667 ἔστι
1264 5612 1325 5668 τὸ
1357 5612 1567 5677 σκότος.
1600 5615 1824 5668 Iisdem-

236 5681 341 5753 que
378 5681 738 5753 verbisudicit
766 5681 862 5738 καὶ
895 5684 1218 5755 ἐτυμολογεί
1248 5686 1407 5741 Pater
1435 5687 1521 5741 hic
1558 5690 1825 5742 sermonis

240 5757 322 5809 sui
352 5756 494 5811 bene
523 5757 735 5810 doctus.

312 5826 422 5893 (92)
458 5824 522 5879 In
547 5825 803 5878 "tundunt
833 5827 1116 5882 virtutum.
1151 5826 1260 5883 Hoc
1300 5839 1381 5882 est
1413 5828 1463 5881 in
1497 5830 1821 5883 laboriosam

242 5899 499 5955 tirtututn
545 5900 1017 5965 exercitationem,
1066 5916 1184 5969 qua:
1235 5902 1285 5975 in
1334 5900 1436 5955 hoc
1480 5902 1823 5956 tnuudo‘scu

1928 5545 2032 5598 vita
2069 5556 2335 5606 versatur.
2368 5559 2473 5611 quo
2510 5544 2763 5616 loquendi
2798 5545 2956 5599 modo
2992 5562 3119 5601 usus
3147 5559 3225 5601 est
3257 5547 3294 5601 S
3342 5548 3515 5604 Maxi-

1928 5631 2048 5669 mus
2086 5624 2312 5685 mattyr.
2347 5624 2405 5668 ut
2450 5618 2759 5670 monuimus
2807 5631 2967 5684 supra
3013 5618 3154 5670 llOill.
3197 5619 3290 5673 25.
3333 5632 3387 5676 et
3417 5638 3513 5676 co-

1927 5688 2130 5752 piosius
2178 5688 2604 5757 reitplanabimus
2671 5702 2794 5741 cum
2867 5689 2984 5756 ipso
3052 5686 3380 5757 Tllenpltntie
3448 5696 3515 5747 ad

1927 5759 2076 5837 nom.
2121 5756 2216 5836 ¹61,
2268 5758 2354 5812 ubi
2399 5768 2453 5813 ct
2497 5758 2610 5828 ipse
2643 5758 2986 5814 enucleatius
3019 5760 3070 5815 id
3114 5756 3288 5826 docet,
3326 5776 3380 5819 et
3418 5782 3518 5819 nos

1929 5846 1980 5881 tu
2023 5838 2165 5883 IlOllS
