4184 6440
202 381 311 446 81⁸1

1552 388 1881 450 IIOMILIA
1924 392 2146 454 XLIII.

3382 402 3490 463 818

200 499 449 564 ζόμενοι,
482 498 535 549 εί
575 516 673 550 που
726 500 930 570 τύχωσι
973 500 1255 571 τραπέζης
1286 502 1612 566 πολυτελοῦς
1648 505 1787 575 ὄψοις

1906 506 2047 567 sibi,
2103 507 2248 575 stipe
2298 511 2562 577 cogenda,
2619 510 2795 565 sicubi
2852 512 3052 565 tantum
3105 526 3389 573 mensam,
3442 527 3495 568 et.

199 590 628 658 ἐπιὸασμένης,
697 593 790 644 καὶ
840 591 1157 661 πληθούσης
1186 595 1647 664 καρυκευμάτων,
1701 597 1795 649 καὶ

201 680 378 733 πολλὰ
412 684 644 751 ἐχούσης
675 684 932 754 ἐδώδιμα,
968 687 1068 748 τὰς
1101 689 1251 756 σφῶν
1294 689 1572 758 γαστέρας
1622 689 1795 757 ἀερθό-

199 787 311 832 νως
369 774 724 843 κορέσαντες.
790 777 1187 843 ἐγκολποῦνται
1240 780 1337 850 τῆς
1393 782 1676 850 τραπέζης
1726 783 1795 836 τὰ

198 861 459 927 λείψανα,
490 863 590 930 τὴν
616 866 696 925 είς
723 865 915 935 αὔριον
946 869 1156 939 τροφὴν
1192 872 1255 921 ἐκ
1303 871 1511 924 τούτων
1538 873 1793 941 ταμιευόο

201 973 381 1024 μενοι.
430 955 584 1009 Ἐπεὶ
614 957 707 1010 οὖν
758 959 855 1011 καὶ
892 962 1041 1030 ἡμᾶς
1074 960 1203 1031 χθὲς
1243 962 1271 1013 ὁ
1304 962 1660 1030 εύαγγελικὸς
1699 964 1792 1017 λύ-

198 1065 331 1116 χνος
360 1048 438 1119 τῷ
484 1050 717 1118 ποικίλῳ
754 1052 864 1104 τῶν
894 1056 1186 1123 νοημάτων
1220 1055 1481 1119 ἑστιάσας
1515 1057 1788 1125 ἑκόρεσεν,

194 1141 273 1202 ὡς
308 1140 387 1211 μὴ
418 1142 705 1211 ἐξισχῦσαι
735 1149 827 1196 καὶ
872 1146 980 1196 τῶν
1038 1146 1164 1216 ἐξῆς
1224 1148 1402 1217 λόγων
1454 1151 1791 1220 ἐφάψασθαι,

198 1233 471 1311 φέρετῆς
504 1235 761 1305 χθεσινῆς
794 1238 1081 1307 τραπέζης
1124 1242 1193 1293 τὰ
1235 1241 1460 1310 λείψανα
1500 1245 1793 1312 προθῶμεν

199 1308 451 1394 σήμερον
480 1327 619 1395 πρὸς
657 1327 902 1379 ἑστίασιν
930 1343 943 1356 ·
987 1330 1152 1381 ἱκανὰ
1191 1330 1300 1402 γὰρ
1330 1308 1501 1384 ταῦτα
1532 1308 1633 1401 τῆς
1659 1352 1792 1400 τραο

198 1417 377 1488 πέζης
407 1420 477 1473 τὰ
508 1421 721 1490 ψιχίδια
751 1425 847 1485 τὰς
882 1425 1167 1491 φιλοθέους
1199 1410 1425 1496 κορέσαι
1451 1429 1647 1497 ψυχάς.

278 1528 299 1558 ι
332 1508 524 1572 Οὐδείς
578 1510 808 1565 δύναται
857 1514 977 1566 δυσὶ
1036 1516 1251 1586 κυρίοις
1284 1518 1582 1573 δουλεύειν.
1622 1541 1639 1571 ι
1682 1524 1791 1576 Καὶ

201 1601 311 1671 μὴν
332 1602 435 1653 οὐκ
463 1602 727 1656 ἀδύνατον
754 1605 849 1656 ἕνα
904 1605 1182 1661 δουλεύειν
1230 1610 1352 1662 δυσί
1379 1629 1390 1641 ·
1437 1616 1650 1677 κοινοὺς
1680 1616 1791 1688 γὰρ

198 1693 423 1756 οἰκέτας
451 1694 670 1763 ὁρῶμεν
695 1697 946 1761 πολλούς.
991 1700 1131 1752 Ἀλλ’
1160 1703 1219 1753 οὐ
1254 1703 1510 1769 περὶτῶν
1536 1708 1614 1759 ἐνὶ
1649 1725 1793 1761 στοι-

196 1784 448 1853 χούντων
484 1787 752 1857 θελήματι
779 1789 1080 1857 ἑκληπτέον
1119 1791 1217 1863 τὴν
1266 1797 1550 1867 παροῦσαν
1576 1800 1790 1867 άπὸφα-

1898 609 2232 653 exstructam
2294 602 2547 670 cupediis;
2585 614 2633 657 et
2688 602 3053 659 condimentis
3108 604 3494 667 abundantem,

1899 702 1952 744 et
1984 690 2239 746 refertam
2278 694 2475 749 eduliis
2510 698 2654 749 nacti
2706 696 2931 760 fuerint,
2964 708 3248 767 postquam
3280 698 3495 753 abunde

1900 791 2139 837 ventrem
2163 787 2469 853 explerint,
2506 804 2706 841 mensa:
2745 790 3005 860 reliquias
3042 789 3093 844 in
3137 792 3313 845 sinum
3358 807 3491 846 eon-

1894 874 2109 942 jieiunt,
2135 875 2186 927 in
2215 887 2490 944 posterum
2516 879 2659 932 diem
2687 880 2941 949 pabulum
2972 881 3075 935 sibi
3108 882 3487 936 recoiidentes.

1894 969 2123 1035 Quando
2179 971 2344 1039 igitur
2375 983 2429 1028 et
2482 989 2580 1029 nos
2630 990 2844 1042 quoque
2894 976 3206 1047 evangelica
3269 977 3488 1030 lucerna

1900 1060 2158 1113 convivio
2187 1070 2438 1130 acceptos
2489 1066 2749 1120 hesterno
2791 1067 2879 1121 die
2919 1082 3180 1123 sensuum
3232 1070 3494 1122 varietate

1897 1152 2142 1215 satiavit,
2178 1154 2312 1209 adeo
2364 1165 2420 1209 ut
2468 1160 2628 1211 verba
2687 1159 2969 1227 sequentia
3006 1162 3275 1226 attingete
3301 1164 3496 1230 nequi-

1897 1244 2156 1309 veriinus,
2192 1262 2291 1314 age
2317 1248 2583 1305 besterum
2618 1268 2821 1307 mensa:
2869 1252 3131 1323 reliquias
3175 1256 3240 1308 σοι
3271 1256 3489 1323 epulum

1898 1336 2060 1390 hodie
2091 1342 2473 1409 proferamus;
2498 1346 2774 1401 sufticiunt
2806 1348 2948 1403 enim
2978 1348 3094 1403 haec
3124 1349 3266 1403 illius
3296 1365 3495 1404 nensm

1898 1426 2202 1496 fragmenta
2268 1436 2335 1487 ad
2380 1436 2595 1490 animas
2647 1437 2737 1491 Dei
2793 1450 3039 1494 amantes
3084 1438 3379 1509 explendas
3425 1438 3491 1491 ³⁸.

1982 1538 2000 1571 ι
2029 1522 2201 1578 Nemo
2234 1537 2412 1594 potest
2443 1529 2657 1583 duobus
2703 1530 2939 1587 dominis
2986 1532 3213 1586 servire.
3255 1552 3273 1582 ι
3330 1531 3490 1600 Atqui

1898 1624 1955 1667 ut
1994 1630 2134 1669 unus
2169 1619 2384 1673 duobus
2417 1624 2620 1677 serviat
2652 1608 2996 1693 nequaquam
3028 1638 3095 1677 ex
3130 1625 3193 1677 iis
3225 1634 3333 1687 est.
3370 1640 3491 1692 (ιιιίιε

1900 1706 2015 1757 ﬁeri
2067 1720 2372 1777 nequeunt.
2427 1711 2687 1767 Videmus
2717 1715 2861 1769 enim
2918 1714 3119 1769 multos
3174 1728 3493 1769 communes

1898 1794 2152 1853 famulos.
2212 1800 2409 1855 Verum
2462 1818 2569 1857 non
2606 1806 2672 1859 de
2718 1807 2968 1872 duobus,
3022 1821 3253 1876 quorum
3297 1821 3399 1858 una
3439 1818 3491 1859 et

198 1892 284 1927 σιν
312 1891 330 1905 ·
388 1876 439 1928 εί
485 1878 596 1947 γάρ
648 1874 761 1930 εἷεν
800 1878 895 1931 δύο
927 1882 993 1934 τὰ
1040 1884 1181 1936 αὐτὰ
1234 1888 1635 1954 ἐπιτάττοντες,
1696 1894 1787 1945 καὶ

1897 1894 2089 1945 eadem
2163 1895 2234 1947 sit
2298 1895 2586 1961 voluntas,
2671 1899 2785 1953 lucc
2831 1901 3101 1955 sententia
3132 1901 3291 1954 debet
3333 1898 3491 1953 intel-

196 1967 373 2037 μηδὲν
395 1968 650 2039 ἀλλήλοις
700 1972 1131 2042 ἐναντιούμενοι,
1175 1976 1234 2028 οὐ
1262 1978 1355 2031 δύο
1388 1981 1507 2033 τότε
1539 1984 1787 2055 νομίζον-

193 2068 286 2106 ται
330 2054 519 2125 κύριοι
556 2074 568 2085 ·
626 2058 741 2109 ἀλλ’
784 2061 834 2112 oi
875 2062 944 2113 τὰ
991 2062 1345 2133 ἀντικείμενα
1379 2072 1787 2143 ἐπιτάττοντες,

193 2141 275 2210 οῖς
310 2150 601 2219 ἀμήχανον
640 2153 1050 2209 ὑποτάσσεσθαι
1096 2160 1360 2215 τάναντία
1388 2141 1791 2238 διαπραττομέέ

194 2259 331 2305 νοις.
368 2244 545 2298 Τοῦτο
564 2246 621 2299 δὲ
657 2249 1009 2319 συμϐολικῶς
1039 2254 1424 2311 ἐπιτάττονται
1456 2260 1551 2314 καὶ
1578 2262 1645 2315 τὰ
1678 2280 1787 2318 πα-

192 2334 324 2389 λαιά
360 2336 735 2410 διατάγματα.
786 2344 895 2397 Καὶ
942 2346 1018 2416 πῆ
1056 2347 1158 2417 μὲν
1186 2348 1276 2400 τὸν
1298 2353 1599 2418 ἀμπελῶνα
1630 2356 1791 2409 σπεί-

193 2447 315 2499 ρειν
347 2432 452 2486 οὐκ
489 2437 905 2503 ἐπιτρέπονται,
931 2441 1005 2508 πῆ
1042 2440 1097 2493 δὲ
1125 2442 1340 2509 ἱμάτιον
1369 2445 1685 2515 ὑφασμένον
1725 2450 1789 2505 ἐκ

192 2522 343 2577 δυοῖν
374 2525 452 2595 μὴ
484 2527 850 2598 ἀμπέχεσθαι,
895 2531 989 2583 καὶ
1023 2532 1108 2586 διὰ
1148 2536 1356 2591 τούτων
1388 2541 1788 2609 νομοθετοῦντα

194 2620 288 2669 τὸν
310 2620 410 2689 τῆς
439 2622 619 2692 ψυχῆς
643 2624 943 2691 ἀμπελῶνα
973 2626 1065 2679 τὴν
1095 2629 1203 2682 ἀπὸ
1232 2633 1331 2700 τῆς
1362 2636 1595 2700 πίστεως
1615 2657 1789 2711 γεωρο

195 2711 470 2777 γούμενον
497 2718 588 2767 καὶ
620 2718 710 2768 τὸν
745 2717 945 2788 βότρυν
971 2723 1433 2790 καρποφοροῦντα
1459 2729 1549 2780 τὸν
1572 2732 1784 2801 νοητὸν,

194 2800 254 2857 οὗ
284 2806 345 2858 τὸ
378 2804 520 2877 αἷμα
548 2812 711 2863 ποτὸν
748 2812 1022 2881 σωτήριον
1057 2818 1172 2878 τοῖς
1204 2821 1524 2875 πιστεύουσι
1553 2824 1785 2892 γίνεται,

194 2896 391 2950 τοῦτον
439 2904 514 2973 μὴ
559 2911 950 2981 κατασπείρειν
984 2917 1095 2978 τοῖς
1130 2917 1394 2979 ἐναντίοις
1450 2919 1786 2989 σπέρμασιν,

194 2985 275 3055 οἷς
310 2995 339 3045 ὁ
366 2996 565 3065 ἐχθρὸς
590 3001 683 3053 τὸν
720 3004 1071 3078 ἐσπαρμένον
1108 3013 1255 3062 σῖτον
1287 2985 1701 3079 ἐνόθευσεν,ἰὼς
1729 2985 1787 3069 ἐν

195 3090 261 3156 τῇ
298 3087 411 3140 τῶν
456 3091 712 3155 ζιζανίων
760 3101 1047 3171 παραϐολῇ
1087 3104 1513 3174 μεμαθήκαμεν,
1554 3105 1677 3161 οὔτε
1712 3108 1789 3162 δι-

199 3180 367 3232 πλοῦν
403 3185 619 3252 ίμάτιον
665 3190 1059 3255 ἐνδιδύσκεταιῐ
1098 3192 1159 3258 ἐξ
1189 3196 1454 3250 ἐναντίων
1497 3198 1786 3268 δογμάτων

199 3277 694 3344 συνυφαινόμενον.
736 3282 880 3351 Πρὸς
912 3284 1019 3354 γὰρ
1052 3285 1129 3354 τῷ
1177 3288 1439 3353 ἀπρεπεῖ.
1482 3290 1575 3341 καὶ
1620 3291 1791 3360 ἀνάρ-

201 3384 420 3434 μοστον.
471 3389 488 3420 ι
518 3371 612 3435 Τίς
646 3372 801 3445 (γάρ)
837 3382 1093 3431 κοινωνία
1125 3382 1266 3448 φωτὶ
1319 3383 1457 3452 πρὸς·
1484 3386 1715 3449 σκότο;;
1765 3407 1783 3439 ι

276 3567 293 3597 ι
330 3551 522 3613 Οὐδεὶς
570 3549 663 3604 οὖν
691 3554 914 3608 δύναται
961 3560 1081 3611 δυσί
1114 3560 1328 3629 κυρίοις
1377 3562 1650 3618 δουλεύειν
1684 3582 1695 3595 ·
1759 3569 1787 3637 ἦ

198 3641 311 3710 γὰρ
343 3643 438 3693 τὸν
481 3644 578 3696 ἕνα
634 3648 876 3713 μισήσει,
919 3653 1012 3702 καὶ
1043 3653 1134 3705 τὸν
1166 3654 1353 3723 ἕτερον
1402 3659 1677 3729 ἀγαπήσει

195 3730 291 3783 τοῦ
322 3733 441 3795 ἐνὸς
465 3736 775 3804 ἀνθέξεται,
814 3744 909 3794 καὶ
939 3743 1034 3795 τοῦ
1066 3746 1257 3815 ἐτέρου
1292 3755 1722 3821 καταφρονήσει.
1765 3775 1782 3807 ι

207 3825 435 3895 Ἐπειδὴ
466 3832 825 3897 παρακατιὼν
854 3837 881 3887 ὁ
919 3837 1076 3905 λόγος
1123 3839 1448 3909 λευκότερον
1497 3850 1789 3917 σαφηνίζει

194 3918 342 3981 τίνες
373 3922 420 3972 οἱ
454 3920 547 3973 δύο
582 3924 784 3995 κύριοι,
833 3930 925 3981 τὸν
969 3931 1103 3984 Θεὸν
1143 3936 1333 4001 εἰπὼν,
1372 3940 1467 3991 καὶ
1510 3940 1601 3992 τὸν
1635 3959 1786 4013 μαμ-

200 4014 391 4079 μωνᾶ,
444 4017 713 4085 προσήκει
746 4025 886 4073 νοεῖν
929 4022 1003 4085 ὡς
1034 4024 1114 4089 τὸ,
1153 4028 1399 4094 μισήσει,
1442 4032 1538 4082 καὶ⁸
1568 4032 1649 4097 τὸ,
1694 4037 1789 4087 ἀν-

197 4101 441 4167 θέξεται,
476 4106 567 4157 ἐπὶ
599 4109 691 4159 τοῦ
740 4114 1025 4181 μαμμωνᾶ
1072 4119 1262 4186 τέταχε
1317 4118 1379 4170 τὸ
1427 4120 1503 4181 δὲ,
1548 4123 1788 4195 ’ἀγαπή-

197 4213 304 4259 σει,
334 4198 430 4249 καὶ
462 4204 870 4273 καταφρονήσει
895 4246 910 4265 ,
946 4208 1039 4258 ἐπὶ
1059 4209 1152 4262 τοῦ
1182 4212 1341 4265 Θεοῦ.
1374 4216 1436 4266 Oi
1469 4217 1577 4285 γὰρ
1607 4216 1791 4285 βδελυ-

199 4290 285 4359 ροὶ
313 4292 410 4341 καὶ
440 4292 773 4362 φαυλοεργοι
800 4299 860 4349 οὺ
896 4298 1116 4367 μισοῦσι
1144 4302 1300 4367 θεὸν,
1343 4305 1479 4359 ἀλλὰ
1508 4327 1787 4381 καταφρο·

196 4382 389 4435 νοῦσι’
458 4387 551 4436 καὶ
615 4388 719 4440 ούκ
780 4391 1039 4456 ἀγαπῶσι
1091 4396 1183 4445 τὸν
1244 4404 1604 4467 μαμμωνᾶν,
1671 4404 1790 4457 ἀλλ’

193 4473 541 4543 ἀντέχονται,
596 4477 931 4547 Μαμμωνίν
959 4483 1015 4535 δὲ
1066 4484 1157 4536 τὸν
1218 4487 1447 4540 πλοῦτον
1500 4492 1783 4547 ἐκάλεσεν.

1900 1982 1989 2053 ligi
2020 2003 2033 2039 :
2067 1986 2111 2039 si
2154 1989 2297 2041 enim
2330 2002 2516 2043 essent
2562 1992 2690 2053 duo,
2742 1992 2834 2061 qui
2890 1994 3079 2047 eadem
3132 1993 3491 2061 prmciperent

1899 2085 1952 2129 ct
1976 2077 2106 2131 nihil
2145 2080 2285 2134 inter
2331 2097 2390 2137 se
2443 2082 2807 2149 dissideretit,
2845 2093 2954 2137 tum
2998 2101 3103 2138 non
3146 2087 3252 2138 duo
3303 2100 3489 2139 cense-

1901 2182 2087 2224 rentur
2139 2172 2363 2228 domini.
2414 2173 2520 2230 Sed
2554 2177 2989 2251 qui‘pngnantia
3028 2177 3244 2247 jubent,
3290 2177 3490 2247 quibus

1901 2261 2015 2316 ﬁeri
2068 2266 2216 2318 nullo
2271 2269 2433 2323 modo
2479 2279 2677 2337 potest,
2725 2281 2791 2324 ut
2844 2286 3073 2340 parcas,
3125 2285 3247 2335 cum
3296 2285 3487 2325 eorum

1899 2354 2092 2410 eﬂ‘ecta
2121 2360 2395 2415 contraria
2440 2361 2569 2415 sint.
2614 2362 2726 2416 Hoc
2752 2375 2937 2418 autem
2985 2363 3273 2434 allegorice
3310 2346 3486 2432 prisca

1903 2449 1991 2503 illa
2041 2463 2315 2522 praecepta
2372 2456 2753 2522 prrescribuut.
2797 2458 2932 2511 Nam
2976 2457 3104 2511 alibi
3140 2458 3356 2525 quidem
3402 2457 3487 2508 vl-

1901 2556 2056 2597 neam
2091 2546 2197 2600 seri
2235 2560 2345 2600 non
2393 2549 2717 2615 permittunt
2752 2550 2833 2613 '9,
2883 2551 3009 2603 alibi
3043 2564 3170 2603 vero
3201 2548 3491 2618 prohibent

1900 2636 2283 2691 vestimentum
2338 2653 2403 2691 ex
2444 2638 2653 2693 duobus
2691 2650 3003 2696 coolextunt
3043 2642 3291 2704 induere,
3326 2649 3490 2708 atque

1900 2726 1981 2779 liis
2020 2728 2295 2797 sanciunt,
2347 2744 2411 2783 ne
2445 2730 2603 2785 vinea
2658 2734 2852 2787 animm
2910 2750 3003 2802 per
3038 2732 3196 2788 ﬁdem
3250 2733 3486 2794 exculta,

1900 2826 1951 2870 et
2012 2819 2350 2886 spiritualetn
2409 2822 2694 2889 proferens
2743 2824 2908 2896 30a
2958 2839 3279 2887 racemum,
3332 2823 3487 2890 cuius

1897 2913 2115 2980 sanguis
2134 2912 2418 2984 (94)'potus
2434 2925 2517 2970 est
2532 2918 2879 2972 credentibus
2895 2918 3174 2979 salutaris,
3192 2918 3489 2971 seminibus

1896 3006 2185 3059 contrariis
2221 3018 2457 3069 seratur,
2492 3009 2691 3077 quibus
2739 3011 2993 3065 inimicus
3035 3011 3274 3063 triticum
3306 3018 3483 3065 satum

1895 3094 2241 3164 adulteravit,
2270 3110 2327 3154 ut
2356 3101 2646 3157 didicimus
2669 3103 2720 3160 in
2772 3104 3025 3174 parabola
3061 3104 3392 3158 zizaniorum
3418 3102 3486 3168 “;

1899 3201 2002 3239 neu
2045 3188 2167 3255 quis
2194 3191 2388 3244 vestitu
2424 3190 2625 3261 duplici
2673 3193 2951 3259 induatur,
2989 3196 3243 3249 nimirum
3288 3196 3377 3264 qui
3418 3210 3483 3248 ex

1898 3284 2190 3337 contrariis
2232 3286 2577 3356 dogmatibus
2612 3298 2906 3345 contextus
2935 3290 3027 3343 sit.
3077 3289 3214 3343 Nam
3258 3298 3484 3357 prauor-

1897 3390 2057 3445 quam
2094 3377 2237 3445 quod
2286 3379 2601 3433 indecorum
2630 3392 2735 3445 est,
2762 3383 2985 3438 minime
3012 3382 3173 3437 etiam
3210 3383 3482 3435 convenit.

1897 3466 2052 3534 Nam,
2094 3488 2112 3519 ι
2144 3468 2274 3535 Οιη
2297 3472 2530 3525 societas
2568 3473 2672 3526 lnt-i
2706 3475 2772 3527 ad
2800 3474 3055 3528 tenebras
3083 3474 3165 3527 “‘l
3193 3493 3210 3525 ι

1972 3578 1989 3609 σ
2019 3560 2160 3630 Ergo
2189 3577 2348 3616 nemo
2379 3572 2557 3633 potest
2595 3565 2806 3620 duobus
2837 3565 3069 3618 dominis
3101 3565 3308 3619 servire
3340 3581 3355 3620 :
3390 3574 3483 3617 aut

1892 3653 2037 3707 enim
2079 3670 2244 3707 unum
2296 3654 2421 3709 odio
2459 3657 2697 3720 habebit,
2751 3666 2805 3711 et
2839 3659 3069 3712 alterum
3115 3656 3337 3723 diliget;
3390 3669 3482 3709 aut

1894 3762 2059 3799 unum
2113 3747 2426 3814 sustinebit,
2479 3755 2535 3801 et
2587 3750 2815 3803 alterum
2870 3760 3205 3804 contemnet.
3240 3768 3259 3802 ι
3332 3748 3480 3815 Quo-

1894 3838 2038 3891 niam
2107 3841 2449 3910 snbsequens
2489 3842 2667 3897 oratio
2702 3844 2948 3898 declarat
2983 3844 3224 3911 apertius
3253 3843 3476 3911 quinam

1892 3930 2002 3982 sint
2031 3929 2082 3983 lii
2115 3930 2222 3983 duo
2263 3932 2505 3996 domini,
2543 3931 2712 3985 Deum
2752 3932 3007 3987 videlicet
3031 3942 3085 3986 ct
3115 3946 3479 3986 mammonam

1893 4022 2112 4085 dicens,
2156 4023 2459 4095 intelligere
2508 4035 2724 4094 oportet
2781 4025 2926 4093 quod
2985 4025 3109 4078 odio
3170 4024 3370 4078 habere
3427 4034 3482 4076 et

1891 4115 2182 4177 sustinere,
2219 4118 2284 4169 ad
2327 4132 2728 4180 mammonam,
2802 4132 2986 4172 amare
3049 4133 3174 4171 vero
3205 4125 3257 4170 et
3294 4124 3482 4170 conte-

1894 4220 2080 4261 mnere
2112 4207 2348 4261 refertur
2367 4209 2435 4261 ad
2459 4209 2649 4262 Deum.
2680 4208 2958 4279 Flagitiosi
2986 4212 3130 4263 enim
3163 4218 3217 4263 et
3248 4208 3478 4280 improbi

1896 4297 2062 4351 Deum
2100 4313 2210 4351 non
2241 4300 2497 4364 oderunt,
2548 4302 2641 4355 sed
2693 4313 3083 4369 contemnunt;
3136 4318 3311 4373 n'que
3355 4303 3479 4356 dili-

1891 4400 2023 4459 gunt
2104 4406 2471 4445 mammonam
2509 4434 2524 4457 ,
2583 4395 2676 4448 sed
2726 4395 3047 4459 sustinent;
3114 4410 3474 4449 mammonam

1895 4490 2075 4535 autem
2132 4482 2349 4538 divitias
2395 4484 2705 4554 appellavit.
2755 4485 2953 4541 Contra
2992 4493 3127 4540 vero"
3167 4487 3299 4551 jllSli
3351 4485 3475 4539 dili-

192 4566 260 4617 Ui.
304 4566 361 4618 δὲ
412 4566 615 4621 δίκαιοι
669 4569 976 4640 τοῦμπαλιν
1031 4577 1290 4642 ἀγαπῶσι
1341 4580 1432 4631 τὸν
1485 4581 1638 4647 Θεὸν,
1695 4587 1787 4638 καὶ

1898 4584 2029 4644 gunt
2100 4573 2315 4640 Deum,
2380 4588 2432 4631 et
2488 4578 2707 4631 divitias
2760 4578 3125 4632 detestantur.
3182 4577 3472 4649 Propterea

195 4661 571 4728 μυσάττονται
620 4663 680 4714 τὸ
711 4664 965 4717 πλουτεῖν
994 4682 1004 4693 ·
1039 4668 1126 4721 διὰ
1158 4670 1317 4725 τοῦτο
1351 4672 1411 4725 τὸ
1456 4674 1556 4744 μὲν
1586 4695 1599 4707 ’
1652 4700 1669 4731 ι
1715 4683 1784 4735 Ἢ

191 4754 285 4804 τὸν
318 4753 415 4820 ἕνα
470 4756 717 4825 μισήσει,
773 4758 867 4810 καὶ
917 4761 1009 4811 τὸν
1057 4761 1245 4832 ἕτερον
1295 4766 1598 4838 ἀγαπήσει,
1638 4791 1655 4823 t
1691 4776 1786 4828 ἐπὶ

191 4845 303 4897 τῶν
334 4845 564 4912 ἀγαθῶν
597 4849 855 4901 τέτακται
891 4866 901 4877 ·
929 4850 989 4902 τὸ
1012 4851 1090 4915 δὲ,
1134 4872 1152 4904 ι
1196 4854 1380 4908 Ἦτοῦ
1417 4858 1535 4921 ἐνὸς
1559 4861 1784 4928 ἀνθέξε-

192 4955 308 5002 ται,
340 4939 437 4990 καὶ
470 4938 565 4992 τοῦ
614 4940 805 5010 ἐτέρου
854 4945 1291 5016 καταφρονήσει,
1333 4966 1351 4997 ι
1389 4949 1613 5002 ἐπὶτῶν
1646 4953 1784 5020 φαύ-

190 5029 324 5084 λων.
381 5032 530 5084 «Διᾶ
592 5033 751 5085 τοῦτο
806 5034 951 5103 λέγω
1010 5038 1175 5107 ὑμῖν·
1211 5041 1301 5112 Μὴ
1360 5045 1659 5113 μεριμνᾶτε
1714 5050 1779 5117 τῇ

189 5124 341 5194 ψυχῇ
383 5122 541 5193 ὑμῶν
580 5124 632 5176 τί
667 5126 903 5196 φάγητε,
946 5129 1041 5181 καὶ
1075 5130 1126 5181 τί
1174 5132 1360 5202 πίητε,
1399 5135 1642 5205 μηδὲτῷ
1675 5139 1781 5190 σώ-

194 5232 329 5285 ματι
373 5214 530 5283 ὑμῶν
561 5217 612 5269 τί
661 5218 979 5289 ἐνδύσησθε.
1023 5240 1042 5272 ι
1101 5224 1208 5275 Καὶ
1264 5225 1371 5293 μὴν
1423 5227 1520 5297 οὐχ
1569 5230 1602 5298 ὴ
1632 5228 1780 5301 ψυχὴ

192 5306 368 5358 ἐσθίει
401 5307 498 5359 καὶ
540 5307 710 5374 πίνει,
737 5308 875 5362 ἀλλά
922 5310 984 5363 τὸ
1041 5312 1219 5384 σῶμα.
1295 5316 1435 5368 Ἀλλ’
1496 5320 1685 5390 ἐπειδὴ
1721 5324 1781 5374 τὸ

195 5399 358 5469 σῶμα
408 5400 748 5469 τρεφόμενον
775 5402 989 5471 συνέχει
1023 5406 1117 5457 καὶ
1150 5406 1249 5477 τὴν
1279 5409 1459 5479 ψυχήν
1489 5428 1501 5439 ·
1544 5410 1618 5481 μὴ
1652 5430 1779 5482 τρε-

263 5537 309 5569 ³⁸
338 5537 534 5594 Matth.
567 5554 641 5603 νι,
672 5540 729 5603 2,
766 5540 793 5593 ι
826 5558 979 5612 seqq.
1059 5545 1101 5576 ³⁹
1129 5545 1302 5600 Levit.
1334 5564 1447 5612 xu,
1481 5549 1565 5602 i9.

1646 5552 1690 5582 θ’
1722 5549 1877 5607 Deut.
1915 5568 2052 5618 mi,
2081 5554 2134 5619 9,
2172 5556 2257 5609 Η.

1894 4670 2053 4721 verba
2089 4668 2245 4722 haec:
2293 4686 2311 4720 ι
2340 4668 2446 4722 Aut
2499 4685 2662 4721 unum
2704 4670 2829 4723 odio
2874 4670 3095 4724 habebit
3141 4681 3195 4723 et
3239 4672 3470 4723 alterun

1895 4760 2098 4829 diliget,
2138 4780 2156 4812 ι
2196 4764 2261 4816 de
2289 4763 2478 4827 bonis;
2517 4761 2603 4815 illa
2630 4778 2757 4819 vero
2789 4781 2803 4817 :
2852 4782 2869 4816 t
2907 4767 3008 4817 Aut
3038 4780 3201 4817 unum
3232 4764 3475 4818 sustine-

1896 4852 1989 4913 bit,
2020 4863 2073 4905 et
2108 4851 2339 4907 alterum
2371 4864 2707 4917 contemnet,
2734 4874 2751 4906 ι
2787 4856 3130 4923 deimprobis
3161 4856 3301 4909 dicta
3327 4866 3473 4911 sunt.

1899 4964 1915 4995 ι
1952 4945 2074 4998 Ideo
2121 4947 2240 4999 dico
2274 4946 2460 5011 vobis,
2497 4962 2565 5001 ne
2608 4948 2823 5001 solliciti
2855 4947 2973 5001 sitis
3017 4949 3211 5001 animae
3257 4959 3473 5010 vestrae,

1892 5038 2020 5107 quid
2070 5039 2426 5103 manducetis,
2475 5050 2567 5093 aut
2604 5042 2734 5109 quid
2780 5040 3008 5105 bibatis,
3050 5057 3225 5110 neque
3258 5044 3473 5108 corp0ri

1896 5142 2078 5188 vestro
2110 5133 2241 5205 quid
2271 5135 2596 5190 induamini.
2635 5156 2652 5186 ι
2689 5135 2851 5206 Atqui
2894 5151 2995 5191 nec
3039 5136 3171 5201 edit,
3210 5151 3306 5189 nec
3343 5135 3479 5189 bibit

1893 5231 2095 5295 anima,
2130 5231 2223 5285 sed
2258 5230 2682 5301 eorpus.Verttm
2715 5231 2839 5301 quia
2868 5246 3085 5301 corpus,
3110 5231 3255 5301 quod
3293 5230 3474 5294 alitur,

1893 5323 2128 5376 animant
2184 5324 2345 5378 etiam
2399 5325 2695 5391 continet;
2747 5326 2962 5395 corpori
3008 5327 3149 5378 enim
3202 5327 3478 5379 subtracto

1892 5415 2188 5480 alimento,
2239 5426 2295 5469 et
2342 5418 2583 5470 animum
2624 5418 2789 5473 etiam
2831 5418 3071 5488 disjungi
3106 5418 3189 5472 vel
3236 5415 3483 5486 separari

2334 5559 2374 5588 δι
2405 5556 2595 5613 Matth.
2632 5572 2752 5620 xui,
2783 5558 2872 5614 25.
2950 5558 2995 5592 “
3033 5558 3054 5614 ι
3090 5560 3213 5616 Cor.
3245 5578 3284 5616 ι.
3312 5564 3367 5618 6.

1439 5682 1765 5745 Francisei
1806 5686 2016 5747 Scorsi
2050 5695 2237 5751 notas.

272 5774 384 5865 (θλ)
414 5791 582 5863 cui“
609 5796 845 5863 “"9358.
866 5798 1102 5876 Sanguis
1123 5813 1342 5876 vocatur
1361 5804 1544 5857 vinum
1568 5821 1793 5876 cvprcs-

199 5882 317 5922 sum
360 5882 425 5922 cx
449 5882 549 5921 uva
578 5882 673 5936 per
708 5876 921 5938 tropum
958 5873 1010 5926 in
1063 5872 1219 5928 Cant.
1258 5873 1411 5931 Deut.
1470 5872 1727 5933 usitatum
1768 5900 1779 5933 ε

1906 5808 1966 5860 It‘t
1994 5813 2300 5879 sanguinem
2324 5828 2433 5865 utne
2458 5813 2648 5868 biberet
2671 5813 3081 5867 mrracissimum
3102 5812 3277 5879 (Dent.
3301 5828 3471 5880 XSMI,

1901 5881 2012 5949 12).
2055 5883 2345 5950 Itidemque
2380 5886 2525 5943 ltum.
2559 5887 2612 5949 εὶ,
2645 5904 2765 5950 qua:
2793 5898 2869 5941 est
2903 5888 2936 5938 ‘2
2965 5890 3026 5939 de
3068 5887 3253 5939 Crura.
