  <div class='ocr_page' id='page_1' title='image "/cluster/home/n/w/nwhite01/storage/ocr_20150623/132/nnc1.0046979662/419.png"; bbox 0 0 4184 6440; ppageno 0'>
   <div class='ocr_carea' id='block_1_1' title="bbox 757 349 859 410">
    <p class='ocr_par' dir='ltr' id='par_1_1' title="bbox 757 349 859 410">
     <span class='ocr_line' id='line_1_1' title="bbox 757 349 859 410; baseline -0.02 0"><span class='ocrx_word' id='word_1_1' title='bbox 757 349 859 410; x_wconf 83' lang='grc'><strong>819</strong></span> 
     </span>
    </p>
   </div>
   <div class='ocr_carea' id='block_1_2' title="bbox 1965 343 2828 404">
    <p class='ocr_par' dir='ltr' id='par_1_2' title="bbox 1965 343 2828 404">
     <span class='ocr_line' id='line_1_2' title="bbox 1965 343 2828 404; baseline -0.005 0"><span class='ocrx_word' id='word_1_2' title='bbox 1965 343 2456 404; x_wconf 74' lang='lat' dir='ltr'><strong>THEOPHANIS</strong></span> <span class='ocrx_word' id='word_1_3' title='bbox 2491 343 2828 402; x_wconf 81' lang='lat' dir='ltr'><strong>CERAMEI</strong></span> 
     </span>
    </p>
   </div>
   <div class='ocr_carea' id='block_1_3' title="bbox 3917 346 4022 407">
    <p class='ocr_par' dir='ltr' id='par_1_3' title="bbox 3917 346 4022 407">
     <span class='ocr_line' id='line_1_3' title="bbox 3917 346 4022 407; baseline -0.019 0"><span class='ocrx_word' id='word_1_4' title='bbox 3917 346 4022 407; x_wconf 77' lang='lat'><strong>820</strong></span> 
     </span>
    </p>
   </div>
   <div class='ocr_carea' id='block_1_4' title="bbox 755 452 2322 525">
    <p class='ocr_par' dir='ltr' id='par_1_4' title="bbox 755 457 2322 525">
     <span class='ocr_line' id='line_1_4' title="bbox 755 457 2322 525; baseline -0.001 -15"><span class='ocrx_word' id='word_1_5' title='bbox 755 473 977 512; x_wconf 87' lang='lat' dir='ltr'><strong>necesse</strong></span> <span class='ocrx_word' id='word_1_6' title='bbox 1009 459 1123 524; x_wconf 51' lang='lat' dir='ltr'><strong>est}</strong></span> <span class='ocrx_word' id='word_1_7' title='bbox 1156 459 1361 510; x_wconf 83' lang='lat' dir='ltr'><strong>videtur</strong></span> <span class='ocrx_word' id='word_1_8' title='bbox 1404 472 1534 511; x_wconf 82' lang='lat' dir='ltr'><strong>vero</strong></span> <span class='ocrx_word' id='word_1_9' title='bbox 1559 457 1722 510; x_wconf 89' lang='lat' dir='ltr'><strong>etiam</strong></span> <span class='ocrx_word' id='word_1_10' title='bbox 1760 457 1936 510; x_wconf 85' lang='lat' dir='ltr'><strong>anima</strong></span> <span class='ocrx_word' id='word_1_11' title='bbox 1965 460 2137 525; x_wconf 83' lang='lat' dir='ltr'><strong>magis</strong></span> <span class='ocrx_word' id='word_1_12' title='bbox 2180 458 2322 510; x_wconf 88' lang='lat' dir='ltr'><strong>oble-</strong></span> 
     </span>
    </p>
   </div>
   <div class='ocr_carea' id='block_1_5' title="bbox 2428 452 4022 525">
    <p class='ocr_par' dir='ltr' id='par_1_5' title="bbox 2435 452 4022 523">
     <span class='ocr_line' id='line_1_5' title="bbox 2435 452 4022 523; baseline 0 -19"><span class='ocrx_word' id='word_1_13' title='bbox 2435 455 2674 520; x_wconf 69' lang='grc' dir='ltr'>φομένου</span> <span class='ocrx_word' id='word_1_14' title='bbox 2718 454 2829 522; x_wconf 82' lang='grc' dir='ltr'><strong>γὰρ</strong></span> <span class='ocrx_word' id='word_1_15' title='bbox 2874 452 2969 506; x_wconf 84' lang='grc' dir='ltr'>τοῦ</span> <span class='ocrx_word' id='word_1_16' title='bbox 3013 452 3266 523; x_wconf 84' lang='grc' dir='ltr'>σώματος</span> <span class='ocrx_word' id='word_1_17' title='bbox 3306 453 3524 523; x_wconf 81' lang='grc' dir='ltr'>ἀνάγκη</span> <span class='ocrx_word' id='word_1_18' title='bbox 3563 454 3654 507; x_wconf 84' lang='grc' dir='ltr'>καὶ</span> <span class='ocrx_word' id='word_1_19' title='bbox 3693 452 3792 523; x_wconf 83' lang='grc' dir='ltr'>τὴν</span> <span class='ocrx_word' id='word_1_20' title='bbox 3840 453 4022 523; x_wconf 74' lang='grc' dir='ltr'>ψυχὴν</span> 
     </span>
    </p>
   </div>
   <div class='ocr_carea' id='block_1_6' title="bbox 753 548 2330 617">
    <p class='ocr_par' dir='ltr' id='par_1_6' title="bbox 753 548 2330 617">
     <span class='ocr_line' id='line_1_6' title="bbox 753 548 2330 617; baseline -0.003 -16"><span class='ocrx_word' id='word_1_21' title='bbox 753 548 929 613; x_wconf 87' lang='lat' dir='ltr'><strong>ctari,</strong></span> <span class='ocrx_word' id='word_1_22' title='bbox 980 564 1140 616; x_wconf 88' lang='lat' dir='ltr'><strong>quam</strong></span> <span class='ocrx_word' id='word_1_23' title='bbox 1191 562 1423 617; x_wconf 86' lang='lat' dir='ltr'><strong>corpus,</strong></span> <span class='ocrx_word' id='word_1_24' title='bbox 1471 549 1612 615; x_wconf 84' lang='lat' dir='ltr'><strong>quod</strong></span> <span class='ocrx_word' id='word_1_25' title='bbox 1674 549 1912 602; x_wconf 90' lang='lat' dir='ltr'><strong>nutritur</strong></span> <span class='ocrx_word' id='word_1_26' title='bbox 1961 560 2015 603; x_wconf 92' lang='lat' dir='ltr'><strong>et</strong></span> <span class='ocrx_word' id='word_1_27' title='bbox 2065 551 2330 610; x_wconf 77' lang='lat' dir='ltr'><strong>vestitur;</strong></span> 
     </span>
    </p>
   </div>
   <div class='ocr_carea' id='block_1_7' title="bbox 754 637 2325 705">
    <p class='ocr_par' dir='ltr' id='par_1_7' title="bbox 754 637 2325 705">
     <span class='ocr_line' id='line_1_7' title="bbox 754 637 2325 705; baseline 0 -16"><span class='ocrx_word' id='word_1_28' title='bbox 754 646 1035 704; x_wconf 80' lang='lat' dir='ltr'><strong>prapterea</strong></span> <span class='ocrx_word' id='word_1_29' title='bbox 1088 637 1219 689; x_wconf 95' lang='lat' dir='ltr'><strong>dicit</strong></span> <span class='ocrx_word' id='word_1_30' title='bbox 1270 654 1282 688; x_wconf 93' lang='lat'><strong>:</strong></span> <span class='ocrx_word' id='word_1_31' title='bbox 1343 655 1360 686; x_wconf 78' lang='grc' dir='ltr'><strong>ι</strong></span> <span class='ocrx_word' id='word_1_32' title='bbox 1398 637 1606 690; x_wconf 72' lang='lat' dir='ltr'><strong>Anima:</strong></span> <span class='ocrx_word' id='word_1_33' title='bbox 1661 648 1851 690; x_wconf 66' lang='lat' dir='ltr'><strong>vestrae</strong></span> <span class='ocrx_word' id='word_1_34' title='bbox 1906 639 2036 705; x_wconf 81' lang='lat' dir='ltr'><strong>quid</strong></span> <span class='ocrx_word' id='word_1_35' title='bbox 2102 639 2325 690; x_wconf 79' lang='lat' dir='ltr'><strong>mandu-</strong></span> 
     </span>
    </p>
   </div>
   <div class='ocr_carea' id='block_1_8' title="bbox 754 729 1324 800">
    <p class='ocr_par' dir='ltr' id='par_1_8' title="bbox 754 729 1324 800">
     <span class='ocr_line' id='line_1_8' title="bbox 754 729 1324 800; baseline -0.011 -20"><span class='ocrx_word' id='word_1_36' title='bbox 754 729 906 782; x_wconf 71' lang='lat' dir='ltr'><strong>cetis.</strong></span> <span class='ocrx_word' id='word_1_37' title='bbox 949 746 968 778; x_wconf 69' lang='grc' dir='ltr'><strong>ι</strong></span> <span class='ocrx_word' id='word_1_38' title='bbox 1322 798 1324 800; x_wconf 15' lang='grc' dir='ltr'><strong>γ</strong></span> 
     </span>
    </p>
   </div>
   <div class='ocr_carea' id='block_1_9' title="bbox 831 819 2329 889">
    <p class='ocr_par' dir='ltr' id='par_1_9' title="bbox 831 819 2329 889">
     <span class='ocr_line' id='line_1_9' title="bbox 831 819 2329 889; baseline 0.002 -21"><span class='ocrx_word' id='word_1_39' title='bbox 831 838 849 868; x_wconf 83' lang='grc'>‹</span> <span class='ocrx_word' id='word_1_40' title='bbox 887 819 1158 888; x_wconf 71' lang='lat' dir='ltr'><strong>lleSpicite</strong></span> <span class='ocrx_word' id='word_1_41' title='bbox 1192 821 1428 876; x_wconf 73' lang='lat' dir='ltr'><strong>volatilia</strong></span> <span class='ocrx_word' id='word_1_42' title='bbox 1475 824 1621 886; x_wconf 72' lang='lat' dir='ltr'><strong>coeli,</strong></span> <span class='ocrx_word' id='word_1_43' title='bbox 1669 823 1926 889; x_wconf 84' lang='lat' dir='ltr'><strong>quoniam</strong></span> <span class='ocrx_word' id='word_1_44' title='bbox 1974 837 2078 875; x_wconf 91' lang='lat' dir='ltr'><strong>non</strong></span> <span class='ocrx_word' id='word_1_45' title='bbox 2121 830 2329 883; x_wconf 85' lang='lat' dir='ltr'><strong>serunt,</strong></span> 
     </span>
    </p>
   </div>
   <div class='ocr_carea' id='block_1_10' title="bbox 755 913 2327 982">
    <p class='ocr_par' dir='ltr' id='par_1_10' title="bbox 755 913 2327 982">
     <span class='ocr_line' id='line_1_10' title="bbox 755 913 2327 982; baseline 0.003 -22"><span class='ocrx_word' id='word_1_46' title='bbox 755 925 931 979; x_wconf 83' lang='lat' dir='ltr'><strong>neque</strong></span> <span class='ocrx_word' id='word_1_47' title='bbox 963 920 1200 966; x_wconf 88' lang='lat' dir='ltr'><strong>metunt:</strong></span> <span class='ocrx_word' id='word_1_48' title='bbox 1237 923 1289 966; x_wconf 89' lang='lat' dir='ltr'><strong>ct</strong></span> <span class='ocrx_word' id='word_1_49' title='bbox 1314 913 1472 968; x_wconf 89' lang='lat' dir='ltr'><strong>Pater</strong></span> <span class='ocrx_word' id='word_1_50' title='bbox 1499 926 1672 967; x_wconf 86' lang='lat' dir='ltr'><strong>vester</strong></span> <span class='ocrx_word' id='word_1_51' title='bbox 1697 915 1934 968; x_wconf 76' lang='lat' dir='ltr'><strong>cmlestis</strong></span> <span class='ocrx_word' id='word_1_52' title='bbox 1967 914 2140 982; x_wconf 88' lang='lat' dir='ltr'><strong>pascit</strong></span> <span class='ocrx_word' id='word_1_53' title='bbox 2169 914 2277 967; x_wconf 90' lang='lat' dir='ltr'><strong>illa.</strong></span> <span class='ocrx_word' id='word_1_54' title='bbox 2309 933 2327 964; x_wconf 74' lang='grc' dir='ltr'><strong>ι</strong></span> 
     </span>
    </p>
   </div>
   <div class='ocr_carea' id='block_1_11' title="bbox 755 1005 2333 1076">
    <p class='ocr_par' dir='ltr' id='par_1_11' title="bbox 755 1005 2333 1076">
     <span class='ocr_line' id='line_1_11' title="bbox 755 1005 2333 1076; baseline -0.001 -17"><span class='ocrx_word' id='word_1_55' title='bbox 755 1005 827 1060; x_wconf 90' lang='lat' dir='ltr'><strong>Ut</strong></span> <span class='ocrx_word' id='word_1_56' title='bbox 860 1009 1156 1076; x_wconf 78' lang='lat' dir='ltr'><strong>corrigeret</strong></span> <span class='ocrx_word' id='word_1_57' title='bbox 1186 1007 1404 1064; x_wconf 87' lang='lat' dir='ltr'><strong>timidos</strong></span> <span class='ocrx_word' id='word_1_58' title='bbox 1434 1008 1523 1075; x_wconf 87' lang='lat' dir='ltr'><strong>qui</strong></span> <span class='ocrx_word' id='word_1_59' title='bbox 1555 1008 1664 1060; x_wconf 88' lang='lat' dir='ltr'><strong>Deo</strong></span> <span class='ocrx_word' id='word_1_60' title='bbox 1697 1022 1803 1061; x_wconf 88' lang='lat' dir='ltr'><strong>non</strong></span> <span class='ocrx_word' id='word_1_61' title='bbox 1841 1007 2140 1071; x_wconf 82' lang='lat' dir='ltr'><strong>conﬁdunt,</strong></span> <span class='ocrx_word' id='word_1_62' title='bbox 2167 1021 2333 1075; x_wconf 80' lang='lat' dir='ltr'><strong>seque</strong></span> 
     </span>
    </p>
   </div>
   <div class='ocr_carea' id='block_1_12' title="bbox 753 1097 2334 1166">
    <p class='ocr_par' dir='ltr' id='par_1_12' title="bbox 753 1097 2334 1166">
     <span class='ocr_line' id='line_1_12' title="bbox 753 1097 2334 1166; baseline 0.001 -17"><span class='ocrx_word' id='word_1_63' title='bbox 753 1098 901 1150; x_wconf 90' lang='lat' dir='ltr'><strong>inani</strong></span> <span class='ocrx_word' id='word_1_64' title='bbox 935 1098 1118 1152; x_wconf 88' lang='lat' dir='ltr'><strong>labore</strong></span> <span class='ocrx_word' id='word_1_65' title='bbox 1149 1099 1464 1160; x_wconf 84' lang='lat' dir='ltr'><strong>coniiciunt,</strong></span> <span class='ocrx_word' id='word_1_66' title='bbox 1504 1098 1572 1152; x_wconf 89' lang='lat' dir='ltr'><strong>ab</strong></span> <span class='ocrx_word' id='word_1_67' title='bbox 1608 1099 1788 1151; x_wconf 87' lang='lat' dir='ltr'><strong>avium</strong></span> <span class='ocrx_word' id='word_1_68' title='bbox 1831 1097 2070 1150; x_wconf 81' lang='lat' dir='ltr'><strong>minimis</strong></span> <span class='ocrx_word' id='word_1_69' title='bbox 2104 1099 2334 1166; x_wconf 71' lang='lat' dir='ltr'><strong>sumpsit</strong></span> 
     </span>
    </p>
   </div>
   <div class='ocr_carea' id='block_1_13' title="bbox 749 1188 2334 1255">
    <p class='ocr_par' dir='ltr' id='par_1_13' title="bbox 749 1188 2334 1255">
     <span class='ocr_line' id='line_1_13' title="bbox 749 1188 2334 1255; baseline 0.001 -17"><span class='ocrx_word' id='word_1_70' title='bbox 749 1188 1079 1254; x_wconf 78' lang='lat' dir='ltr'><strong>exemplum,</strong></span> <span class='ocrx_word' id='word_1_71' title='bbox 1117 1199 1174 1240; x_wconf 94' lang='lat' dir='ltr'><strong>ut</strong></span> <span class='ocrx_word' id='word_1_72' title='bbox 1228 1188 1369 1255; x_wconf 91' lang='lat' dir='ltr'><strong>quod</strong></span> <span class='ocrx_word' id='word_1_73' title='bbox 1421 1198 1613 1241; x_wconf 87' lang='lat' dir='ltr'><strong>natura</strong></span> <span class='ocrx_word' id='word_1_74' title='bbox 1683 1201 1929 1255; x_wconf 84' lang='lat' dir='ltr'><strong>passeres</strong></span> <span class='ocrx_word' id='word_1_75' title='bbox 1976 1189 2197 1250; x_wconf 83' lang='lat' dir='ltr'><strong>habent,</strong></span> <span class='ocrx_word' id='word_1_76' title='bbox 2237 1190 2334 1241; x_wconf 75' lang='lat' dir='ltr'><strong>hoc</strong></span> 
     </span>
    </p>
   </div>
   <div class='ocr_carea' id='block_1_14' title="bbox 753 1280 2371 1358">
    <p class='ocr_par' dir='ltr' id='par_1_14' title="bbox 753 1280 2371 1358">
     <span class='ocr_line' id='line_1_14' title="bbox 753 1280 2371 1358; baseline 0.002 -29"><span class='ocrx_word' id='word_1_77' title='bbox 753 1294 852 1331; x_wconf 88' lang='lat' dir='ltr'><strong>nos</strong></span> <span class='ocrx_word' id='word_1_78' title='bbox 883 1280 1161 1358; x_wconf 82' lang='lat' dir='ltr'><strong>voluntate</strong></span> <span class='ocrx_word' id='word_1_79' title='bbox 1209 1282 1523 1334; x_wconf 83' lang='lat' dir='ltr'><strong>habeamus.</strong></span> <span class='ocrx_word' id='word_1_80' title='bbox 1560 1280 1694 1333; x_wconf 81' lang='lat' dir='ltr'><strong>Nam</strong></span> <span class='ocrx_word' id='word_1_81' title='bbox 1737 1281 1821 1334; x_wconf 93' lang='lat' dir='ltr'><strong>cui</strong></span> <span class='ocrx_word' id='word_1_82' title='bbox 1860 1282 1992 1334; x_wconf 83' lang='lat' dir='ltr'><strong>viles</strong></span> <span class='ocrx_word' id='word_1_83' title='bbox 2039 1282 2333 1348; x_wconf 89' lang='lat' dir='ltr'><strong>passerculi</strong></span> <span class='ocrx_word' id='word_1_84' title='bbox 2366 1310 2371 1315; x_wconf 97' lang='lat'><strong><em>-</em></strong></span> 
     </span>
    </p>
   </div>
   <div class='ocr_carea' id='block_1_15' title="bbox 750 1369 2335 1440">
    <p class='ocr_par' dir='ltr' id='par_1_15' title="bbox 750 1369 2335 1440">
     <span class='ocr_line' id='line_1_15' title="bbox 750 1369 2335 1440; baseline 0.003 -22"><span class='ocrx_word' id='word_1_85' title='bbox 750 1384 896 1421; x_wconf 71' lang='lat' dir='ltr'><strong>eum</strong></span> <span class='ocrx_word' id='word_1_86' title='bbox 928 1379 1072 1431; x_wconf 83' lang='lat' dir='ltr'><strong>sunt,</strong></span> <span class='ocrx_word' id='word_1_87' title='bbox 1100 1369 1143 1422; x_wconf 92' lang='lat' dir='ltr'><strong>is</strong></span> <span class='ocrx_word' id='word_1_88' title='bbox 1176 1381 1392 1438; x_wconf 70' lang='lat' dir='ltr'><strong>quantae</strong></span> <span class='ocrx_word' id='word_1_89' title='bbox 1413 1412 1426 1434; x_wconf 91' lang='lat'><strong>,</strong></span> <span class='ocrx_word' id='word_1_90' title='bbox 1455 1371 1540 1424; x_wconf 91' lang='lat' dir='ltr'><strong>dic</strong></span> <span class='ocrx_word' id='word_1_91' title='bbox 1572 1372 1725 1433; x_wconf 86' lang='lat' dir='ltr'><strong>mihi,</strong></span> <span class='ocrx_word' id='word_1_92' title='bbox 1755 1386 1900 1424; x_wconf 78' lang='lat' dir='ltr'><strong>cura:</strong></span> <span class='ocrx_word' id='word_1_93' title='bbox 1931 1373 2206 1440; x_wconf 79' lang='lat' dir='ltr'><strong>propriam</strong></span> <span class='ocrx_word' id='word_1_94' title='bbox 2239 1375 2335 1425; x_wconf 91' lang='lat' dir='ltr'><strong>ha-</strong></span> 
     </span>
    </p>
   </div>
   <div class='ocr_carea' id='block_1_16' title="bbox 751 1459 2334 1530">
    <p class='ocr_par' dir='ltr' id='par_1_16' title="bbox 751 1459 2334 1530">
     <span class='ocr_line' id='line_1_16' title="bbox 751 1459 2334 1530; baseline 0.003 -18"><span class='ocrx_word' id='word_1_95' title='bbox 751 1459 898 1514; x_wconf 88' lang='lat' dir='ltr'><strong>bebit</strong></span> <span class='ocrx_word' id='word_1_96' title='bbox 947 1462 1281 1530; x_wconf 75' lang='lat' dir='ltr'><strong>imaginem?</strong></span> <span class='ocrx_word' id='word_1_97' title='bbox 1325 1461 1534 1530; x_wconf 83' lang='lat' dir='ltr'><strong>Quique</strong></span> <span class='ocrx_word' id='word_1_98' title='bbox 1575 1463 1645 1516; x_wconf 92' lang='lat' dir='ltr'><strong>ob</strong></span> <span class='ocrx_word' id='word_1_99' title='bbox 1684 1479 1805 1515; x_wconf 91' lang='lat' dir='ltr'><strong>eam</strong></span> <span class='ocrx_word' id='word_1_100' title='bbox 1856 1471 2028 1516; x_wconf 85' lang='lat' dir='ltr'><strong>totum</strong></span> <span class='ocrx_word' id='word_1_101' title='bbox 2074 1464 2334 1517; x_wconf 90' lang='lat' dir='ltr'><strong>mundum</strong></span> 
     </span>
    </p>
   </div>
   <div class='ocr_carea' id='block_1_17' title="bbox 750 1550 2332 1622">
    <p class='ocr_par' dir='ltr' id='par_1_17' title="bbox 750 1550 2332 1622">
     <span class='ocr_line' id='line_1_17' title="bbox 750 1550 2332 1622; baseline 0.004 -22"><span class='ocrx_word' id='word_1_102' title='bbox 750 1550 845 1603; x_wconf 93' lang='lat' dir='ltr'><strong>tibi</strong></span> <span class='ocrx_word' id='word_1_103' title='bbox 875 1553 1149 1618; x_wconf 81' lang='lat' dir='ltr'><strong>produxit,</strong></span> <span class='ocrx_word' id='word_1_104' title='bbox 1179 1568 1285 1621; x_wconf 94' lang='lat' dir='ltr'><strong>quo</strong></span> <span class='ocrx_word' id='word_1_105' title='bbox 1318 1563 1472 1620; x_wconf 90' lang='lat' dir='ltr'><strong>pacto</strong></span> <span class='ocrx_word' id='word_1_106' title='bbox 1518 1563 1620 1606; x_wconf 74' lang='lat' dir='ltr'><strong>tua:</strong></span> <span class='ocrx_word' id='word_1_107' title='bbox 1670 1554 1932 1622; x_wconf 83' lang='lat' dir='ltr'><strong>indigebit</strong></span> <span class='ocrx_word' id='word_1_108' title='bbox 1981 1555 2124 1622; x_wconf 81' lang='lat' dir='ltr'><strong>apis,</strong></span> <span class='ocrx_word' id='word_1_109' title='bbox 2182 1564 2240 1608; x_wconf 92' lang='lat' dir='ltr'><strong>ut</strong></span> <span class='ocrx_word' id='word_1_110' title='bbox 2272 1570 2332 1606; x_wconf 88' lang='lat' dir='ltr'><strong>ea</strong></span> 
     </span>
    </p>
   </div>
   <div class='ocr_carea' id='block_1_18' title="bbox 747 1646 2332 1716">
    <p class='ocr_par' dir='ltr' id='par_1_18' title="bbox 747 1646 2332 1716">
     <span class='ocr_line' id='line_1_18' title="bbox 747 1646 2332 1716; baseline 0.004 -24"><span class='ocrx_word' id='word_1_111' title='bbox 747 1658 868 1709; x_wconf 71' lang='lat' dir='ltr'><strong>qua:</strong></span> <span class='ocrx_word' id='word_1_112' title='bbox 894 1647 1197 1698; x_wconf 83' lang='lat' dir='ltr'><strong>necessaria</strong></span> <span class='ocrx_word' id='word_1_113' title='bbox 1223 1656 1368 1708; x_wconf 90' lang='lat' dir='ltr'><strong>sunt,</strong></span> <span class='ocrx_word' id='word_1_114' title='bbox 1423 1646 1516 1700; x_wconf 90' lang='lat' dir='ltr'><strong>tibi</strong></span> <span class='ocrx_word' id='word_1_115' title='bbox 1553 1647 1860 1714; x_wconf 90' lang='lat' dir='ltr'><strong>suppeditet</strong></span> <span class='ocrx_word' id='word_1_116' title='bbox 1887 1646 2091 1716; x_wconf 86' lang='lat' dir='ltr'><strong>?qnam</strong></span> <span class='ocrx_word' id='word_1_117' title='bbox 2119 1652 2332 1701; x_wconf 80' lang='lat' dir='ltr'><strong>tandem</strong></span> 
     </span>
    </p>
   </div>
   <div class='ocr_carea' id='block_1_19' title="bbox 747 1734 2328 1807">
    <p class='ocr_par' dir='ltr' id='par_1_19' title="bbox 747 1734 2328 1807">
     <span class='ocr_line' id='line_1_19' title="bbox 747 1734 2328 1807; baseline 0.007 -25"><span class='ocrx_word' id='word_1_118' title='bbox 747 1734 1010 1788; x_wconf 87' lang='lat' dir='ltr'><strong>adhibent</strong></span> <span class='ocrx_word' id='word_1_119' title='bbox 1038 1735 1373 1804; x_wconf 89' lang='lat' dir='ltr'><strong>diligentiam</strong></span> <span class='ocrx_word' id='word_1_120' title='bbox 1425 1739 1735 1790; x_wconf 84' lang='lat' dir='ltr'><strong>animantes</strong></span> <span class='ocrx_word' id='word_1_121' title='bbox 1785 1737 2011 1791; x_wconf 87' lang='lat' dir='ltr'><strong>rationis</strong></span> <span class='ocrx_word' id='word_1_122' title='bbox 2057 1748 2328 1807; x_wconf 80' lang='lat' dir='ltr'><strong>expertes,</strong></span> 
     </span>
    </p>
   </div>
   <div class='ocr_carea' id='block_1_20' title="bbox 746 1825 2327 1897">
    <p class='ocr_par' dir='ltr' id='par_1_20' title="bbox 746 1825 2327 1897">
     <span class='ocr_line' id='line_1_20' title="bbox 746 1825 2327 1897; baseline 0.004 -20"><span class='ocrx_word' id='word_1_123' title='bbox 746 1836 804 1877; x_wconf 90' lang='lat' dir='ltr'><strong>ut</strong></span> <span class='ocrx_word' id='word_1_124' title='bbox 835 1826 955 1879; x_wconf 67' lang='lat' dir='ltr'><strong>vitae</strong></span> <span class='ocrx_word' id='word_1_125' title='bbox 1000 1825 1252 1881; x_wconf 88' lang='lat' dir='ltr'><strong>alimenta</strong></span> <span class='ocrx_word' id='word_1_126' title='bbox 1304 1828 1536 1895; x_wconf 85' lang='lat' dir='ltr'><strong>parent?</strong></span> <span class='ocrx_word' id='word_1_127' title='bbox 1578 1844 1829 1896; x_wconf 70' lang='lat' dir='ltr'><strong>quaenam</strong></span> <span class='ocrx_word' id='word_1_128' title='bbox 1875 1837 2004 1883; x_wconf 89' lang='lat' dir='ltr'><strong>sunt</strong></span> <span class='ocrx_word' id='word_1_129' title='bbox 2048 1845 2327 1897; x_wconf 83' lang='lat' dir='ltr'><strong>passerum</strong></span> 
     </span>
    </p>
   </div>
   <div class='ocr_carea' id='block_1_21' title="bbox 747 1915 2332 1984">
    <p class='ocr_par' dir='ltr' id='par_1_21' title="bbox 747 1915 2332 1984">
     <span class='ocr_line' id='line_1_21' title="bbox 747 1915 2332 1984; baseline 0.006 -18"><span class='ocrx_word' id='word_1_130' title='bbox 747 1915 916 1968; x_wconf 75' lang='lat' dir='ltr'><strong>arva?</strong></span> <span class='ocrx_word' id='word_1_131' title='bbox 965 1932 1088 1984; x_wconf 67' lang='lat' dir='ltr'><strong>qua:</strong></span> <span class='ocrx_word' id='word_1_132' title='bbox 1162 1919 1356 1972; x_wconf 90' lang='lat' dir='ltr'><strong>horrea</strong></span> <span class='ocrx_word' id='word_1_133' title='bbox 1411 1919 1742 1972; x_wconf 85' lang='lat' dir='ltr'><strong>corvorum?</strong></span> <span class='ocrx_word' id='word_1_134' title='bbox 1774 1919 1870 1973; x_wconf 85' lang='lat' dir='ltr'><strong>Vis</strong></span> <span class='ocrx_word' id='word_1_135' title='bbox 1924 1922 2112 1974; x_wconf 86' lang='lat' dir='ltr'><strong>audire</strong></span> <span class='ocrx_word' id='word_1_136' title='bbox 2165 1923 2332 1976; x_wconf 90' lang='lat' dir='ltr'><strong>unde-</strong></span> 
     </span>
    </p>
   </div>
   <div class='ocr_carea' id='block_1_22' title="bbox 749 2009 2328 2079">
    <p class='ocr_par' dir='ltr' id='par_1_22' title="bbox 749 2009 2328 2079">
     <span class='ocr_line' id='line_1_22' title="bbox 749 2009 2328 2079; baseline 0.006 -20"><span class='ocrx_word' id='word_1_137' title='bbox 749 2025 870 2060; x_wconf 89' lang='lat' dir='ltr'><strong>nam</strong></span> <span class='ocrx_word' id='word_1_138' title='bbox 899 2009 1059 2079; x_wconf 83' lang='lat'><strong>305</strong></span> <span class='ocrx_word' id='word_1_139' title='bbox 1097 2013 1270 2064; x_wconf 85' lang='lat' dir='ltr'><strong>vietus</strong></span> <span class='ocrx_word' id='word_1_140' title='bbox 1300 2012 1638 2064; x_wconf 85' lang='lat' dir='ltr'><strong>ministretur</strong></span> <span class='ocrx_word' id='word_1_141' title='bbox 1665 2012 1810 2065; x_wconf 75' lang='lat' dir='ltr'><strong>illis?</strong></span> <span class='ocrx_word' id='word_1_142' title='bbox 1844 2012 1984 2066; x_wconf 82' lang='lat' dir='ltr'><strong>Audi</strong></span> <span class='ocrx_word' id='word_1_143' title='bbox 2017 2013 2281 2079; x_wconf 82' lang='lat' dir='ltr'><strong>psalmum</strong></span> <span class='ocrx_word' id='word_1_144' title='bbox 2316 2033 2328 2069; x_wconf 94' lang='lat'>:</span> 
     </span>
    </p>
   </div>
   <div class='ocr_carea' id='block_1_23' title="bbox 753 2099 2332 2174">
    <p class='ocr_par' dir='ltr' id='par_1_23' title="bbox 753 2099 2332 2174">
     <span class='ocr_line' id='line_1_23' title="bbox 753 2099 2332 2174; baseline 0.006 -25"><span class='ocrx_word' id='word_1_145' title='bbox 753 2119 770 2149; x_wconf 76' lang='grc' dir='ltr'><strong>ι</strong></span> <span class='ocrx_word' id='word_1_146' title='bbox 807 2099 908 2165; x_wconf 87' lang='lat' dir='ltr'><strong>Qui</strong></span> <span class='ocrx_word' id='word_1_147' title='bbox 961 2106 1053 2153; x_wconf 85' lang='lat' dir='ltr'><strong>dat</strong></span> <span class='ocrx_word' id='word_1_148' title='bbox 1088 2101 1353 2169; x_wconf 88' lang='lat' dir='ltr'><strong>jutneutis</strong></span> <span class='ocrx_word' id='word_1_149' title='bbox 1390 2117 1568 2156; x_wconf 82' lang='lat' dir='ltr'><strong>escam</strong></span> <span class='ocrx_word' id='word_1_150' title='bbox 1607 2105 1870 2172; x_wconf 87' lang='lat' dir='ltr'><strong>ipsorum,</strong></span> <span class='ocrx_word' id='word_1_151' title='bbox 1917 2114 1971 2156; x_wconf 89' lang='lat' dir='ltr'><strong>et</strong></span> <span class='ocrx_word' id='word_1_152' title='bbox 1999 2107 2162 2174; x_wconf 92' lang='lat' dir='ltr'><strong>pullis</strong></span> <span class='ocrx_word' id='word_1_153' title='bbox 2208 2122 2332 2162; x_wconf 86' lang='lat' dir='ltr'><strong>cor-</strong></span> 
     </span>
    </p>
   </div>
   <div class='ocr_carea' id='block_1_24' title="bbox 715 2191 2330 2253">
    <p class='ocr_par' dir='ltr' id='par_1_24' title="bbox 715 2191 2330 2253">
     <span class='ocr_line' id='line_1_24' title="bbox 715 2191 2330 2253; baseline 0.005 -9"><span class='ocrx_word' id='word_1_154' title='bbox 715 2239 718 2244; x_wconf 94' lang='lat'>.</span> <span class='ocrx_word' id='word_1_155' title='bbox 747 2205 934 2243; x_wconf 87' lang='lat' dir='ltr'><strong>vorum</strong></span> <span class='ocrx_word' id='word_1_156' title='bbox 970 2191 1354 2247; x_wconf 74' lang='lat' dir='ltr'><strong>invocantibus</strong></span> <span class='ocrx_word' id='word_1_157' title='bbox 1380 2209 1504 2246; x_wconf 89' lang='lat' dir='ltr'><strong>cum</strong></span> <span class='ocrx_word' id='word_1_158' title='bbox 1535 2195 1599 2248; x_wconf 77' lang='lat'><strong>“.</strong></span> <span class='ocrx_word' id='word_1_159' title='bbox 1641 2214 1660 2245; x_wconf 76' lang='grc' dir='ltr'><strong>ι</strong></span> <span class='ocrx_word' id='word_1_160' title='bbox 1700 2196 1938 2251; x_wconf 88' lang='lat' dir='ltr'><strong>Dicimus</strong></span> <span class='ocrx_word' id='word_1_161' title='bbox 1971 2209 2150 2251; x_wconf 90' lang='lat' dir='ltr'><strong>autem</strong></span> <span class='ocrx_word' id='word_1_162' title='bbox 2179 2201 2330 2253; x_wconf 83' lang='lat' dir='ltr'><strong>volu-</strong></span> 
     </span>
    </p>
   </div>
   <div class='ocr_carea' id='block_1_25' title="bbox 749 2282 2329 2360">
    <p class='ocr_par' dir='ltr' id='par_1_25' title="bbox 749 2282 2329 2360">
     <span class='ocr_line' id='line_1_25' title="bbox 749 2282 2329 2360; baseline 0.007 -24"><span class='ocrx_word' id='word_1_163' title='bbox 749 2297 872 2336; x_wconf 90' lang='lat' dir='ltr'><strong>cres</strong></span> <span class='ocrx_word' id='word_1_164' title='bbox 923 2282 1032 2337; x_wconf 87' lang='lat' dir='ltr'><strong>Deo</strong></span> <span class='ocrx_word' id='word_1_165' title='bbox 1064 2300 1209 2339; x_wconf 77' lang='lat' dir='ltr'><strong>cura:</strong></span> <span class='ocrx_word' id='word_1_166' title='bbox 1238 2302 1382 2351; x_wconf 88' lang='lat' dir='ltr'><strong>esse,</strong></span> <span class='ocrx_word' id='word_1_167' title='bbox 1415 2288 1617 2357; x_wconf 81' lang='lat' dir='ltr'><strong>quippe</strong></span> <span class='ocrx_word' id='word_1_168' title='bbox 1650 2304 1772 2342; x_wconf 91' lang='lat' dir='ltr'><strong>cum</strong></span> <span class='ocrx_word' id='word_1_169' title='bbox 1808 2291 1898 2343; x_wconf 89' lang='lat' dir='ltr'><strong>det</strong></span> <span class='ocrx_word' id='word_1_170' title='bbox 1928 2290 2034 2345; x_wconf 87' lang='lat' dir='ltr'><strong>illis</strong></span> <span class='ocrx_word' id='word_1_171' title='bbox 2064 2293 2329 2360; x_wconf 81' lang='lat' dir='ltr'><strong>cognitio-</strong></span> 
     </span>
    </p>
   </div>
   <div class='ocr_carea' id='block_1_26' title="bbox 747 2379 2328 2448">
    <p class='ocr_par' dir='ltr' id='par_1_26' title="bbox 747 2379 2328 2448">
     <span class='ocr_line' id='line_1_26' title="bbox 747 2379 2328 2448; baseline 0.004 -17"><span class='ocrx_word' id='word_1_172' title='bbox 747 2392 912 2442; x_wconf 89' lang='lat' dir='ltr'><strong>nem,</strong></span> <span class='ocrx_word' id='word_1_173' title='bbox 978 2379 1119 2432; x_wconf 90' lang='lat' dir='ltr'><strong>unde</strong></span> <span class='ocrx_word' id='word_1_174' title='bbox 1176 2379 1276 2433; x_wconf 88' lang='lat' dir='ltr'><strong>sibi</strong></span> <span class='ocrx_word' id='word_1_175' title='bbox 1329 2381 1530 2435; x_wconf 87' lang='lat' dir='ltr'><strong>cibum</strong></span> <span class='ocrx_word' id='word_1_176' title='bbox 1567 2394 1831 2448; x_wconf 76' lang='lat' dir='ltr'><strong>quaerant.</strong></span> <span class='ocrx_word' id='word_1_177' title='bbox 1889 2381 2114 2438; x_wconf 77' lang='lat' dir='ltr'><strong>Videtur</strong></span> <span class='ocrx_word' id='word_1_178' title='bbox 2168 2387 2328 2439; x_wconf 84' lang='lat' dir='ltr'><strong>etiam</strong></span> 
     </span>
    </p>
   </div>
   <div class='ocr_carea' id='block_1_27' title="bbox 748 2469 2331 2539">
    <p class='ocr_par' dir='ltr' id='par_1_27' title="bbox 748 2469 2331 2539">
     <span class='ocr_line' id='line_1_27' title="bbox 748 2469 2331 2539; baseline 0.007 -18"><span class='ocrx_word' id='word_1_179' title='bbox 748 2469 1009 2524; x_wconf 86' lang='lat' dir='ltr'><strong>Dominus</strong></span> <span class='ocrx_word' id='word_1_180' title='bbox 1061 2487 1156 2539; x_wconf 90' lang='lat' dir='ltr'><strong>per</strong></span> <span class='ocrx_word' id='word_1_181' title='bbox 1216 2473 1329 2527; x_wconf 86' lang='lat' dir='ltr'><strong>h:ec</strong></span> <span class='ocrx_word' id='word_1_182' title='bbox 1390 2474 1545 2528; x_wconf 88' lang='lat' dir='ltr'><strong>nobis</strong></span> <span class='ocrx_word' id='word_1_183' title='bbox 1592 2479 1644 2528; x_wconf 89' lang='lat' dir='ltr'><strong>iu</strong></span> <span class='ocrx_word' id='word_1_184' title='bbox 1701 2477 2016 2528; x_wconf 82' lang='lat' dir='ltr'><strong>memoriam</strong></span> <span class='ocrx_word' id='word_1_185' title='bbox 2077 2494 2331 2533; x_wconf 71' lang='lat' dir='ltr'><strong>remeare</strong></span> 
     </span>
    </p>
   </div>
   <div class='ocr_carea' id='block_1_28' title="bbox 749 2561 2328 2639">
    <p class='ocr_par' dir='ltr' id='par_1_28' title="bbox 749 2561 2328 2639">
     <span class='ocr_line' id='line_1_28' title="bbox 749 2561 2328 2639; baseline 0.006 -25"><span class='ocrx_word' id='word_1_186' title='bbox 749 2561 1016 2614; x_wconf 86' lang='lat' dir='ltr'><strong>ratiOnem</strong></span> <span class='ocrx_word' id='word_1_187' title='bbox 1052 2563 1173 2618; x_wconf 63' lang='lat' dir='ltr'><strong>vita:</strong></span> <span class='ocrx_word' id='word_1_188' title='bbox 1216 2580 1376 2633; x_wconf 80' lang='lat' dir='ltr'><strong>quam</strong></span> <span class='ocrx_word' id='word_1_189' title='bbox 1424 2567 1640 2631; x_wconf 77' lang='lat' dir='ltr'><strong>generis</strong></span> <span class='ocrx_word' id='word_1_190' title='bbox 1674 2571 1844 2622; x_wconf 87' lang='lat' dir='ltr'><strong>nostri</strong></span> <span class='ocrx_word' id='word_1_191' title='bbox 1890 2571 2163 2639; x_wconf 86' lang='lat' dir='ltr'><strong>principes</strong></span> <span class='ocrx_word' id='word_1_192' title='bbox 2201 2573 2328 2625; x_wconf 88' lang='lat' dir='ltr'><strong>olim</strong></span> 
     </span>
    </p>
   </div>
   <div class='ocr_carea' id='block_1_29' title="bbox 748 2652 2330 2723">
    <p class='ocr_par' dir='ltr' id='par_1_29' title="bbox 748 2652 2330 2723">
     <span class='ocr_line' id='line_1_29' title="bbox 748 2652 2330 2723; baseline 0.009 -21"><span class='ocrx_word' id='word_1_193' title='bbox 748 2652 802 2704; x_wconf 90' lang='lat' dir='ltr'><strong>in</strong></span> <span class='ocrx_word' id='word_1_194' title='bbox 837 2654 1087 2721; x_wconf 86' lang='lat' dir='ltr'><strong>paradiso</strong></span> <span class='ocrx_word' id='word_1_195' title='bbox 1112 2658 1365 2723; x_wconf 81' lang='lat' dir='ltr'><strong>agebant,</strong></span> <span class='ocrx_word' id='word_1_196' title='bbox 1415 2659 1563 2711; x_wconf 91' lang='lat' dir='ltr'><strong>omni</strong></span> <span class='ocrx_word' id='word_1_197' title='bbox 1620 2675 1752 2711; x_wconf 91' lang='lat' dir='ltr'><strong>cura</strong></span> <span class='ocrx_word' id='word_1_198' title='bbox 1798 2661 2022 2715; x_wconf 89' lang='lat' dir='ltr'><strong>liberam</strong></span> <span class='ocrx_word' id='word_1_199' title='bbox 2074 2673 2127 2715; x_wconf 90' lang='lat' dir='ltr'><strong>et</strong></span> <span class='ocrx_word' id='word_1_200' title='bbox 2153 2665 2330 2717; x_wconf 92' lang='lat' dir='ltr'><strong>omnis</strong></span> 
     </span>
    </p>
   </div>
   <div class='ocr_carea' id='block_1_30' title="bbox 747 2744 2328 2814">
    <p class='ocr_par' dir='ltr' id='par_1_30' title="bbox 747 2744 2328 2814">
     <span class='ocr_line' id='line_1_30' title="bbox 747 2744 2328 2814; baseline 0.008 -18"><span class='ocrx_word' id='word_1_201' title='bbox 747 2744 1035 2798; x_wconf 72' lang='lat' dir='ltr'><strong>varietatis</strong></span> <span class='ocrx_word' id='word_1_202' title='bbox 1065 2758 1363 2814; x_wconf 85' lang='lat' dir='ltr'><strong>expertem.</strong></span> <span class='ocrx_word' id='word_1_203' title='bbox 1398 2748 1721 2805; x_wconf 82' lang='lat' dir='ltr'><strong>Venustiore</strong></span> <span class='ocrx_word' id='word_1_204' title='bbox 1750 2769 1877 2806; x_wconf 90' lang='lat' dir='ltr'><strong>vero</strong></span> <span class='ocrx_word' id='word_1_205' title='bbox 1901 2769 2062 2808; x_wconf 87' lang='lat' dir='ltr'><strong>sensu</strong></span> <span class='ocrx_word' id='word_1_206' title='bbox 2087 2755 2328 2809; x_wconf 82' lang='lat' dir='ltr'><strong>volatilia</strong></span> 
     </span>
    </p>
   </div>
   <div class='ocr_carea' id='block_1_31' title="bbox 745 2827 2326 2915">
    <p class='ocr_par' dir='ltr' id='par_1_31' title="bbox 745 2827 2326 2915">
     <span class='ocr_line' id='line_1_31' title="bbox 745 2827 2326 2915; baseline 0.008 -29"><span class='ocrx_word' id='word_1_207' title='bbox 745 2832 867 2888; x_wconf 76' lang='lat' dir='ltr'><strong>cteli</strong></span> <span class='ocrx_word' id='word_1_208' title='bbox 918 2835 1144 2904; x_wconf 77' lang='lat' dir='ltr'><strong>intelligi</strong></span> <span class='ocrx_word' id='word_1_209' title='bbox 1201 2851 1426 2907; x_wconf 90' lang='lat' dir='ltr'><strong>possunt</strong></span> <span class='ocrx_word' id='word_1_210' title='bbox 1456 2827 1488 2892; x_wconf 86' lang='lat' dir='ltr'><strong>ii</strong></span> <span class='ocrx_word' id='word_1_211' title='bbox 1522 2843 1611 2911; x_wconf 92' lang='lat' dir='ltr'><strong>qui</strong></span> <span class='ocrx_word' id='word_1_212' title='bbox 1660 2859 1753 2912; x_wconf 92' lang='lat' dir='ltr'><strong>per</strong></span> <span class='ocrx_word' id='word_1_213' title='bbox 1784 2844 1906 2898; x_wconf 66' lang='lat' dir='ltr'><strong>vita:</strong></span> <span class='ocrx_word' id='word_1_214' title='bbox 1934 2846 2326 2915; x_wconf 73' lang='lat' dir='ltr'><strong>integritatem,</strong></span> 
     </span>
    </p>
   </div>
   <div class='ocr_carea' id='block_1_32' title="bbox 746 2927 2323 2996">
    <p class='ocr_par' dir='ltr' id='par_1_32' title="bbox 746 2927 2323 2996">
     <span class='ocr_line' id='line_1_32' title="bbox 746 2927 2323 2996; baseline 0.011 -21"><span class='ocrx_word' id='word_1_215' title='bbox 746 2934 982 2978; x_wconf 89' lang='lat' dir='ltr'><strong>mentem</strong></span> <span class='ocrx_word' id='word_1_216' title='bbox 1022 2927 1218 2981; x_wconf 81' lang='lat' dir='ltr'><strong>habent</strong></span> <span class='ocrx_word' id='word_1_217' title='bbox 1265 2930 1318 2983; x_wconf 89' lang='lat' dir='ltr'><strong>iu</strong></span> <span class='ocrx_word' id='word_1_218' title='bbox 1363 2931 1501 2985; x_wconf 64' lang='lat' dir='ltr'><strong>caelo</strong></span> <span class='ocrx_word' id='word_1_219' title='bbox 1527 2932 1782 2996; x_wconf 79' lang='lat' dir='ltr'><strong>deﬁxam,</strong></span> <span class='ocrx_word' id='word_1_220' title='bbox 1815 2944 1871 2988; x_wconf 90' lang='lat' dir='ltr'><strong>et</strong></span> <span class='ocrx_word' id='word_1_221' title='bbox 1904 2937 2116 2990; x_wconf 88' lang='lat' dir='ltr'><strong>virtutis</strong></span> <span class='ocrx_word' id='word_1_222' title='bbox 2147 2939 2323 2992; x_wconf 88' lang='lat' dir='ltr'><strong>suble-</strong></span> 
     </span>
    </p>
   </div>
   <div class='ocr_carea' id='block_1_33' title="bbox 747 3017 2328 3094">
    <p class='ocr_par' dir='ltr' id='par_1_33' title="bbox 747 3017 2328 3094">
     <span class='ocr_line' id='line_1_33' title="bbox 747 3017 2328 3094; baseline 0.011 -29"><span class='ocrx_word' id='word_1_223' title='bbox 747 3022 942 3072; x_wconf 73' lang='lat' dir='ltr'><strong>vantur</strong></span> <span class='ocrx_word' id='word_1_224' title='bbox 972 3017 1108 3084; x_wconf 83' lang='lat' dir='ltr'><strong>alis;</strong></span> <span class='ocrx_word' id='word_1_225' title='bbox 1160 3020 1252 3087; x_wconf 91' lang='lat' dir='ltr'><strong>qui</strong></span> <span class='ocrx_word' id='word_1_226' title='bbox 1303 3035 1477 3088; x_wconf 90' lang='lat' dir='ltr'><strong>neque</strong></span> <span class='ocrx_word' id='word_1_227' title='bbox 1528 3025 1800 3077; x_wconf 87' lang='lat' dir='ltr'><strong>semiuant</strong></span> <span class='ocrx_word' id='word_1_228' title='bbox 1836 3027 1887 3077; x_wconf 92' lang='lat' dir='ltr'><strong>in</strong></span> <span class='ocrx_word' id='word_1_229' title='bbox 1935 3041 2122 3089; x_wconf 82' lang='lat' dir='ltr'><strong>carne,</strong></span> <span class='ocrx_word' id='word_1_230' title='bbox 2156 3044 2328 3094; x_wconf 81' lang='lat' dir='ltr'><strong>neque</strong></span> 
     </span>
    </p>
   </div>
   <div class='ocr_carea' id='block_1_34' title="bbox 2435 545 4020 615">
    <p class='ocr_par' dir='ltr' id='par_1_34' title="bbox 2435 545 4020 615">
     <span class='ocr_line' id='line_1_34' title="bbox 2435 545 4020 615; baseline -0.001 -19"><span class='ocrx_word' id='word_1_231' title='bbox 2435 545 2906 613; x_wconf 76' lang='grc' dir='ltr'>διαζεύγνυσθαι·</span> <span class='ocrx_word' id='word_1_232' title='bbox 2961 547 3110 599; x_wconf 87' lang='grc' dir='ltr'>δοκεῖ</span> <span class='ocrx_word' id='word_1_233' title='bbox 3155 546 3215 598; x_wconf 83' lang='grc' dir='ltr'>δὲ</span> <span class='ocrx_word' id='word_1_234' title='bbox 3268 545 3364 598; x_wconf 76' lang='grc' dir='ltr'>καὶ</span> <span class='ocrx_word' id='word_1_235' title='bbox 3402 546 3728 615; x_wconf 81' lang='grc' dir='ltr'>συνήδεσθαι</span> <span class='ocrx_word' id='word_1_236' title='bbox 3780 548 3813 615; x_wconf 89' lang='grc' dir='ltr'><strong>ή</strong></span> <span class='ocrx_word' id='word_1_237' title='bbox 3871 546 4020 615; x_wconf 80' lang='grc' dir='ltr'>ψυχὴ</span> 
     </span>
    </p>
   </div>
   <div class='ocr_carea' id='block_1_35' title="bbox 2442 637 4021 709">
    <p class='ocr_par' dir='ltr' id='par_1_35' title="bbox 2442 637 4021 709">
     <span class='ocr_line' id='line_1_35' title="bbox 2442 637 4021 709; baseline 0.001 -20"><span class='ocrx_word' id='word_1_238' title='bbox 2442 639 2645 706; x_wconf 77' lang='grc' dir='ltr'>μᾶλλον</span> <span class='ocrx_word' id='word_1_239' title='bbox 2676 641 3036 708; x_wconf 84' lang='grc' dir='ltr'><strong>τρεφομένου,</strong></span> <span class='ocrx_word' id='word_1_240' title='bbox 3075 639 3107 708; x_wconf 79' lang='grc' dir='ltr'>ἢ</span> <span class='ocrx_word' id='word_1_241' title='bbox 3136 639 3459 708; x_wconf 77' lang='grc' dir='ltr'><strong>ἐνδυομένου</strong></span> <span class='ocrx_word' id='word_1_242' title='bbox 3488 654 3498 663; x_wconf 90' lang='lat'><strong>&#39;</strong></span> <span class='ocrx_word' id='word_1_243' title='bbox 3533 640 3619 691; x_wconf 85' lang='grc' dir='ltr'><strong>διά</strong></span> <span class='ocrx_word' id='word_1_244' title='bbox 3649 637 3808 691; x_wconf 80' lang='grc' dir='ltr'><strong>τοῦτὸ</strong></span> <span class='ocrx_word' id='word_1_245' title='bbox 3840 655 3976 709; x_wconf 75' lang='grc' dir='ltr'>φησι</span> <span class='ocrx_word' id='word_1_246' title='bbox 4008 656 4021 668; x_wconf 92' lang='grc'><strong>·</strong></span> 
     </span>
    </p>
   </div>
   <div class='ocr_carea' id='block_1_36' title="bbox 2445 728 3904 798">
    <p class='ocr_par' dir='ltr' id='par_1_36' title="bbox 2445 728 3904 798">
     <span class='ocr_line' id='line_1_36' title="bbox 2445 728 3904 798; baseline 0.001 -20"><span class='ocrx_word' id='word_1_247' title='bbox 2445 746 2462 778; x_wconf 78' lang='grc' dir='ltr'><strong>ι</strong></span> <span class='ocrx_word' id='word_1_248' title='bbox 2501 729 2577 796; x_wconf 83' lang='grc' dir='ltr'><strong>Τῇ</strong></span> <span class='ocrx_word' id='word_1_249' title='bbox 2606 728 2750 798; x_wconf 71' lang='grc' dir='ltr'>ψυχῇ</span> <span class='ocrx_word' id='word_1_250' title='bbox 2791 728 2944 797; x_wconf 79' lang='grc' dir='ltr'>ὑμῶν</span> <span class='ocrx_word' id='word_1_251' title='bbox 2978 729 3031 781; x_wconf 86' lang='grc' dir='ltr'><strong>τί</strong></span> <span class='ocrx_word' id='word_1_252' title='bbox 3061 728 3294 797; x_wconf 79' lang='grc' dir='ltr'><strong>φάγητε.</strong></span> <span class='ocrx_word' id='word_1_253' title='bbox 3331 747 3351 779; x_wconf 74' lang='grc' dir='ltr'><strong>ι</strong></span> <span class='ocrx_word' id='word_1_254' title='bbox 3901 749 3904 753; x_wconf 93' lang='grc'>·</span> 
     </span>
    </p>
   </div>
   <div class='ocr_carea' id='block_1_37' title="bbox 2523 820 4022 891">
    <p class='ocr_par' dir='ltr' id='par_1_37' title="bbox 2523 820 4022 891">
     <span class='ocr_line' id='line_1_37' title="bbox 2523 820 4022 891; baseline -0.001 -18"><span class='ocrx_word' id='word_1_255' title='bbox 2523 844 2540 873; x_wconf 76' lang='grc' dir='ltr'><strong>ι</strong></span> <span class='ocrx_word' id='word_1_256' title='bbox 2596 821 2935 890; x_wconf 70' lang='grc' dir='ltr'>Ἐμσλέψατε</span> <span class='ocrx_word' id='word_1_257' title='bbox 2972 822 3053 883; x_wconf 85' lang='grc' dir='ltr'><strong>είς</strong></span> <span class='ocrx_word' id='word_1_258' title='bbox 3073 820 3401 874; x_wconf 61' lang='grc' dir='ltr'>τάκπετεινὰ</span> <span class='ocrx_word' id='word_1_259' title='bbox 3431 820 3525 872; x_wconf 79' lang='grc' dir='ltr'>τοῦ</span> <span class='ocrx_word' id='word_1_260' title='bbox 3551 820 3807 891; x_wconf 82' lang='grc' dir='ltr'>ούρανοῦ,</span> <span class='ocrx_word' id='word_1_261' title='bbox 3840 822 3924 871; x_wconf 78' lang='grc' dir='ltr'>ὅτι</span> <span class='ocrx_word' id='word_1_262' title='bbox 3964 822 4022 871; x_wconf 88' lang='grc' dir='ltr'>οὐ</span> 
     </span>
    </p>
   </div>
   <div class='ocr_carea' id='block_1_38' title="bbox 2439 912 4023 984">
    <p class='ocr_par' dir='ltr' id='par_1_38' title="bbox 2439 912 4023 984">
     <span class='ocr_line' id='line_1_38' title="bbox 2439 912 4023 984; baseline -0.002 -19"><span class='ocrx_word' id='word_1_263' title='bbox 2439 916 2781 984; x_wconf 79' lang='grc' dir='ltr'>σπείρουσιν,</span> <span class='ocrx_word' id='word_1_264' title='bbox 2824 913 2948 965; x_wconf 83' lang='grc' dir='ltr'>οὐδὲ</span> <span class='ocrx_word' id='word_1_265' title='bbox 2983 912 3312 981; x_wconf 71' lang='grc' dir='ltr'>θερίζουσιν,</span> <span class='ocrx_word' id='word_1_266' title='bbox 3354 914 3446 964; x_wconf 78' lang='grc' dir='ltr'>καὶ</span> <span class='ocrx_word' id='word_1_267' title='bbox 3490 913 3520 963; x_wconf 85' lang='grc' dir='ltr'><strong>δ</strong></span> <span class='ocrx_word' id='word_1_268' title='bbox 3561 913 3752 981; x_wconf 78' lang='grc' dir='ltr'>Πατὴρ</span> <span class='ocrx_word' id='word_1_269' title='bbox 3785 912 3945 980; x_wconf 79' lang='grc' dir='ltr'>ὑμῶν</span> <span class='ocrx_word' id='word_1_270' title='bbox 3999 916 4023 962; x_wconf 86' lang='grc' dir='ltr'>ὁ</span> 
     </span>
    </p>
   </div>
   <div class='ocr_carea' id='block_1_39' title="bbox 2437 1005 4023 1078">
    <p class='ocr_par' dir='ltr' id='par_1_39' title="bbox 2437 1005 4023 1078">
     <span class='ocr_line' id='line_1_39' title="bbox 2437 1005 4023 1078; baseline -0.004 -18"><span class='ocrx_word' id='word_1_271' title='bbox 2437 1010 2689 1078; x_wconf 81' lang='grc' dir='ltr'>οὐράνιος</span> <span class='ocrx_word' id='word_1_272' title='bbox 2713 1006 2906 1076; x_wconf 79' lang='grc' dir='ltr'><strong>τρέφει</strong></span> <span class='ocrx_word' id='word_1_273' title='bbox 2933 1006 3096 1060; x_wconf 83' lang='grc' dir='ltr'>αὑτά.</span> <span class='ocrx_word' id='word_1_274' title='bbox 3136 1024 3154 1056; x_wconf 73' lang='grc' dir='ltr'><strong>ι</strong></span> <span class='ocrx_word' id='word_1_275' title='bbox 3195 1005 3482 1058; x_wconf 86' lang='grc' dir='ltr'>Παιδεύων</span> <span class='ocrx_word' id='word_1_276' title='bbox 3507 1005 3632 1065; x_wconf 81' lang='grc' dir='ltr'>τοὺς</span> <span class='ocrx_word' id='word_1_277' title='bbox 3664 1005 4023 1073; x_wconf 75' lang='grc' dir='ltr'><strong>ὀλιγοψύχους</strong></span> 
     </span>
    </p>
   </div>
   <div class='ocr_carea' id='block_1_40' title="bbox 2439 1097 4024 1167">
    <p class='ocr_par' dir='ltr' id='par_1_40' title="bbox 2439 1097 4024 1167">
     <span class='ocr_line' id='line_1_40' title="bbox 2439 1097 4024 1167; baseline -0.003 -15"><span class='ocrx_word' id='word_1_278' title='bbox 2439 1099 2832 1159; x_wconf 80' lang='grc' dir='ltr'>ἀπιστοῦντας,</span> <span class='ocrx_word' id='word_1_279' title='bbox 2889 1099 2986 1150; x_wconf 64' lang='grc' dir='ltr'><strong>καλ⁵</strong></span> <span class='ocrx_word' id='word_1_280' title='bbox 3024 1097 3251 1167; x_wconf 71' lang='grc' dir='ltr'>μόχθοις</span> <span class='ocrx_word' id='word_1_281' title='bbox 3301 1097 3532 1158; x_wconf 87' lang='grc' dir='ltr'>είκαίοις</span> <span class='ocrx_word' id='word_1_282' title='bbox 3575 1099 3802 1158; x_wconf 78' lang='grc' dir='ltr'>ἑαυτοὺς</span> <span class='ocrx_word' id='word_1_283' title='bbox 3849 1114 4024 1149; x_wconf 84' lang='grc' dir='ltr'>κατα-</span> 
     </span>
    </p>
   </div>
   <div class='ocr_carea' id='block_1_41' title="bbox 2438 1189 4025 1259">
    <p class='ocr_par' dir='ltr' id='par_1_41' title="bbox 2438 1189 4025 1259">
     <span class='ocr_line' id='line_1_41' title="bbox 2438 1189 4025 1259; baseline -0.002 -17"><span class='ocrx_word' id='word_1_284' title='bbox 2438 1191 2760 1259; x_wconf 62' lang='grc' dir='ltr'>τρύχοντας,</span> <span class='ocrx_word' id='word_1_285' title='bbox 2799 1192 2867 1242; x_wconf 80' lang='grc' dir='ltr'>τὰ</span> <span class='ocrx_word' id='word_1_286' title='bbox 2914 1191 3177 1242; x_wconf 80' lang='grc' dir='ltr'>ἐλάττονα</span> <span class='ocrx_word' id='word_1_287' title='bbox 3215 1189 3327 1241; x_wconf 89' lang='grc' dir='ltr'><strong>τῶν</strong></span> <span class='ocrx_word' id='word_1_288' title='bbox 3358 1189 3623 1241; x_wconf 81' lang='grc' dir='ltr'>πετεινῶν</span> <span class='ocrx_word' id='word_1_289' title='bbox 3663 1189 3888 1257; x_wconf 77' lang='grc' dir='ltr'>εἴληφεν</span> <span class='ocrx_word' id='word_1_290' title='bbox 3948 1193 4025 1249; x_wconf 83' lang='grc' dir='ltr'><strong>εἰς</strong></span> 
     </span>
    </p>
   </div>
   <div class='ocr_carea' id='block_1_42' title="bbox 2440 1279 4025 1351">
    <p class='ocr_par' dir='ltr' id='par_1_42' title="bbox 2440 1279 4025 1351">
     <span class='ocr_line' id='line_1_42' title="bbox 2440 1279 4025 1351; baseline -0.002 -18"><span class='ocrx_word' id='word_1_291' title='bbox 2440 1282 2816 1351; x_wconf 79' lang='grc' dir='ltr'>παράδειγμα,</span> <span class='ocrx_word' id='word_1_292' title='bbox 2852 1279 2921 1332; x_wconf 83' lang='grc' dir='ltr'><strong>ἵν’</strong></span> <span class='ocrx_word' id='word_1_293' title='bbox 2950 1280 3088 1350; x_wconf 84' lang='grc' dir='ltr'>ὅπερ</span> <span class='ocrx_word' id='word_1_294' title='bbox 3131 1281 3246 1348; x_wconf 83' lang='grc' dir='ltr'>ἔχει</span> <span class='ocrx_word' id='word_1_295' title='bbox 3281 1280 3348 1332; x_wconf 75' lang='grc' dir='ltr'><strong>τά</strong></span> <span class='ocrx_word' id='word_1_296' title='bbox 3390 1279 3649 1348; x_wconf 69' lang='grc' dir='ltr'>στρουθία</span> <span class='ocrx_word' id='word_1_297' title='bbox 3685 1282 3747 1331; x_wconf 81' lang='grc' dir='ltr'>ἐκ</span> <span class='ocrx_word' id='word_1_298' title='bbox 3784 1279 4025 1346; x_wconf 69' lang='grc' dir='ltr'><strong>φύσεως⁸</strong></span> 
     </span>
    </p>
   </div>
   <div class='ocr_carea' id='block_1_43' title="bbox 2438 1370 4026 1440">
    <p class='ocr_par' dir='ltr' id='par_1_43' title="bbox 2438 1370 4026 1440">
     <span class='ocr_line' id='line_1_43' title="bbox 2438 1370 4026 1440; baseline -0.002 -18"><span class='ocrx_word' id='word_1_299' title='bbox 2438 1371 2612 1423; x_wconf 84' lang='grc' dir='ltr'>ταῦτα</span> <span class='ocrx_word' id='word_1_300' title='bbox 2643 1373 2806 1440; x_wconf 79' lang='grc' dir='ltr'>ἡμεῖς</span> <span class='ocrx_word' id='word_1_301' title='bbox 2838 1371 3058 1439; x_wconf 83' lang='grc' dir='ltr'>σχῶμεν</span> <span class='ocrx_word' id='word_1_302' title='bbox 3095 1372 3159 1422; x_wconf 83' lang='grc' dir='ltr'>ὲκ</span> <span class='ocrx_word' id='word_1_303' title='bbox 3195 1372 3595 1440; x_wconf 86' lang='grc' dir='ltr'>προαιρέσεως.</span> <span class='ocrx_word' id='word_1_304' title='bbox 3639 1370 3696 1422; x_wconf 85' lang='grc' dir='ltr'><strong>Ὀ</strong></span> <span class='ocrx_word' id='word_1_305' title='bbox 3731 1372 3839 1439; x_wconf 79' lang='grc' dir='ltr'><strong>γὰρ</strong></span> <span class='ocrx_word' id='word_1_306' title='bbox 3876 1372 4026 1422; x_wconf 83' lang='grc' dir='ltr'>εὐτε-</span> 
     </span>
    </p>
   </div>
   <div class='ocr_carea' id='block_1_44' title="bbox 2436 1461 4027 1532">
    <p class='ocr_par' dir='ltr' id='par_1_44' title="bbox 2436 1461 4027 1532">
     <span class='ocr_line' id='line_1_44' title="bbox 2436 1461 4027 1532; baseline -0.001 -19"><span class='ocrx_word' id='word_1_307' title='bbox 2436 1462 2546 1514; x_wconf 85' lang='grc' dir='ltr'>λῶν</span> <span class='ocrx_word' id='word_1_308' title='bbox 2603 1461 2902 1530; x_wconf 85' lang='grc' dir='ltr'>στρουθίων</span> <span class='ocrx_word' id='word_1_309' title='bbox 2950 1462 3272 1531; x_wconf 82' lang='grc' dir='ltr'>κηδόμενος,</span> <span class='ocrx_word' id='word_1_310' title='bbox 3335 1463 3510 1532; x_wconf 89' lang='grc' dir='ltr'>πόσην</span> <span class='ocrx_word' id='word_1_311' title='bbox 3565 1462 3632 1514; x_wconf 81' lang='grc' dir='ltr'>ἂν</span> <span class='ocrx_word' id='word_1_312' title='bbox 3690 1463 3870 1524; x_wconf 82' lang='grc' dir='ltr'>είποις</span> <span class='ocrx_word' id='word_1_313' title='bbox 3928 1461 4027 1529; x_wconf 79' lang='grc' dir='ltr'>τῆς</span> 
     </span>
    </p>
   </div>
   <div class='ocr_carea' id='block_1_45' title="bbox 2442 1550 4027 1623">
    <p class='ocr_par' dir='ltr' id='par_1_45' title="bbox 2442 1550 4027 1623">
     <span class='ocr_line' id='line_1_45' title="bbox 2442 1550 4027 1623; baseline -0.001 -18"><span class='ocrx_word' id='word_1_314' title='bbox 2442 1552 2576 1614; x_wconf 75' lang='grc' dir='ltr'>ἰδίας</span> <span class='ocrx_word' id='word_1_315' title='bbox 2627 1553 2838 1614; x_wconf 82' lang='grc' dir='ltr'>εἰκόνος</span> <span class='ocrx_word' id='word_1_316' title='bbox 2875 1553 3133 1622; x_wconf 82' lang='grc' dir='ltr'><strong>φροντίδα</strong></span> <span class='ocrx_word' id='word_1_317' title='bbox 3171 1555 3493 1623; x_wconf 84' lang='grc' dir='ltr'>ποιήσηται,</span> <span class='ocrx_word' id='word_1_318' title='bbox 3531 1555 3672 1622; x_wconf 79' lang='grc' dir='ltr'>ὑπὲρ</span> <span class='ocrx_word' id='word_1_319' title='bbox 3705 1550 3771 1622; x_wconf 76' lang='grc' dir='ltr'>ἧς</span> <span class='ocrx_word' id='word_1_320' title='bbox 3821 1555 4027 1621; x_wconf 72' lang='grc' dir='ltr'>κόσμον</span> 
     </span>
    </p>
   </div>
   <div class='ocr_carea' id='block_1_46' title="bbox 2437 1643 4028 1714">
    <p class='ocr_par' dir='ltr' id='par_1_46' title="bbox 2437 1643 4028 1714">
     <span class='ocr_line' id='line_1_46' title="bbox 2437 1643 4028 1714; baseline -0.001 -18"><span class='ocrx_word' id='word_1_321' title='bbox 2437 1645 2556 1697; x_wconf 84' lang='grc' dir='ltr'>ὅλον</span> <span class='ocrx_word' id='word_1_322' title='bbox 2592 1661 2676 1696; x_wconf 92' lang='grc' dir='ltr'><strong>σοι</strong></span> <span class='ocrx_word' id='word_1_323' title='bbox 2710 1643 3036 1714; x_wconf 75' lang='grc' dir='ltr'>παρασχὼν,</span> <span class='ocrx_word' id='word_1_324' title='bbox 3068 1644 3184 1705; x_wconf 85' lang='grc' dir='ltr'><strong>πῶς</strong></span> <span class='ocrx_word' id='word_1_325' title='bbox 3228 1643 3381 1696; x_wconf 78' lang='grc' dir='ltr'>ἔσται</span> <span class='ocrx_word' id='word_1_326' title='bbox 3413 1646 3513 1712; x_wconf 74' lang='grc' dir='ltr'>σῆς</span> <span class='ocrx_word' id='word_1_327' title='bbox 3565 1643 3850 1714; x_wconf 72' lang='grc' dir='ltr'>ἐνεργείας</span> <span class='ocrx_word' id='word_1_328' title='bbox 3905 1647 4028 1696; x_wconf 73' lang='grc' dir='ltr'>ἑπι-</span> 
     </span>
    </p>
   </div>
   <div class='ocr_carea' id='block_1_47' title="bbox 2436 1735 4028 1806">
    <p class='ocr_par' dir='ltr' id='par_1_47' title="bbox 2436 1735 4028 1806">
     <span class='ocr_line' id='line_1_47' title="bbox 2436 1735 4028 1806; baseline -0.004 -17"><span class='ocrx_word' id='word_1_329' title='bbox 2436 1736 2581 1806; x_wconf 78' lang='grc' dir='ltr'>δεὴς,</span> <span class='ocrx_word' id='word_1_330' title='bbox 2635 1735 2777 1787; x_wconf 87' lang='grc' dir='ltr'>ὥστε</span> <span class='ocrx_word' id='word_1_331' title='bbox 2832 1735 2902 1788; x_wconf 84' lang='grc' dir='ltr'>τὰ</span> <span class='ocrx_word' id='word_1_332' title='bbox 2939 1735 3040 1803; x_wconf 76' lang='grc' dir='ltr'>τῆς</span> <span class='ocrx_word' id='word_1_333' title='bbox 3089 1736 3278 1806; x_wconf 79' lang='grc' dir='ltr'>χρείας</span> <span class='ocrx_word' id='word_1_334' title='bbox 3324 1753 3408 1787; x_wconf 84' lang='grc' dir='ltr'><strong>σοι</strong></span> <span class='ocrx_word' id='word_1_335' title='bbox 3455 1738 3815 1805; x_wconf 76' lang='grc' dir='ltr'>παρασχεῖν;</span> <span class='ocrx_word' id='word_1_336' title='bbox 3865 1735 4028 1786; x_wconf 82' lang='grc' dir='ltr'>ποίαν</span> 
     </span>
    </p>
   </div>
   <div class='ocr_carea' id='block_1_48' title="bbox 2433 1826 4024 1898">
    <p class='ocr_par' dir='ltr' id='par_1_48' title="bbox 2433 1826 4024 1898">
     <span class='ocr_line' id='line_1_48' title="bbox 2433 1826 4024 1898; baseline -0.002 -18"><span class='ocrx_word' id='word_1_337' title='bbox 2433 1829 2706 1898; x_wconf 73' lang='grc' dir='ltr'>εἰσφέρειν</span> <span class='ocrx_word' id='word_1_338' title='bbox 2743 1827 3007 1896; x_wconf 82' lang='grc' dir='ltr'>σπουδὴή</span> <span class='ocrx_word' id='word_1_339' title='bbox 3050 1827 3156 1878; x_wconf 90' lang='grc' dir='ltr'><strong>τῶν</strong></span> <span class='ocrx_word' id='word_1_340' title='bbox 3191 1827 3402 1894; x_wconf 81' lang='grc' dir='ltr'>ἀλόγων</span> <span class='ocrx_word' id='word_1_341' title='bbox 3449 1827 3612 1895; x_wconf 81' lang='grc' dir='ltr'>φύσις</span> <span class='ocrx_word' id='word_1_342' title='bbox 3689 1826 4024 1896; x_wconf 75' lang='grc' dir='ltr'>ποριζομένη</span> 
     </span>
    </p>
   </div>
   <div class='ocr_carea' id='block_1_49' title="bbox 2432 1919 4026 1990">
    <p class='ocr_par' dir='ltr' id='par_1_49' title="bbox 2432 1919 4026 1990">
     <span class='ocr_line' id='line_1_49' title="bbox 2432 1919 4026 1990; baseline -0.004 -18"><span class='ocrx_word' id='word_1_343' title='bbox 2432 1923 2500 1972; x_wconf 81' lang='grc' dir='ltr'><strong>τά</strong></span> <span class='ocrx_word' id='word_1_344' title='bbox 2537 1921 2633 1990; x_wconf 84' lang='grc' dir='ltr'><strong>τῆς</strong></span> <span class='ocrx_word' id='word_1_345' title='bbox 2668 1920 2810 1988; x_wconf 80' lang='grc' dir='ltr'>ζωῆς</span> <span class='ocrx_word' id='word_1_346' title='bbox 2841 1936 2855 1984; x_wconf 73' lang='grc' dir='ltr'><strong>ς</strong></span> <span class='ocrx_word' id='word_1_347' title='bbox 2883 1920 3040 1970; x_wconf 89' lang='grc' dir='ltr'>Ποῐαι</span> <span class='ocrx_word' id='word_1_348' title='bbox 3073 1920 3183 1971; x_wconf 89' lang='grc' dir='ltr'><strong>τῶν</strong></span> <span class='ocrx_word' id='word_1_349' title='bbox 3235 1919 3540 1988; x_wconf 86' lang='grc' dir='ltr'>στρουθίων</span> <span class='ocrx_word' id='word_1_350' title='bbox 3565 1920 3840 1988; x_wconf 85' lang='grc' dir='ltr'>ἀρουραι;</span> <span class='ocrx_word' id='word_1_351' title='bbox 3875 1919 4026 1969; x_wconf 84' lang='grc' dir='ltr'>Ποῖαι</span> 
     </span>
    </p>
   </div>
   <div class='ocr_carea' id='block_1_50' title="bbox 2431 1999 4025 2081">
    <p class='ocr_par' dir='ltr' id='par_1_50' title="bbox 2431 1999 4025 2081">
     <span class='ocr_line' id='line_1_50' title="bbox 2431 1999 4025 2081; baseline -0.004 -18"><span class='ocrx_word' id='word_1_352' title='bbox 2431 2012 2541 2063; x_wconf 90' lang='grc' dir='ltr'><strong>τῶν</strong></span> <span class='ocrx_word' id='word_1_353' title='bbox 2569 2013 2821 2080; x_wconf 79' lang='grc' dir='ltr'>κοράκων</span> <span class='ocrx_word' id='word_1_354' title='bbox 2859 2011 3136 2081; x_wconf 83' lang='grc' dir='ltr'>ἀποθῆκαι</span> <span class='ocrx_word' id='word_1_355' title='bbox 3159 2029 3173 2078; x_wconf 89' lang='lat'><strong>;</strong></span> <span class='ocrx_word' id='word_1_356' title='bbox 3201 1999 3393 2064; x_wconf 86' lang='grc' dir='ltr'>Βούλει</span> <span class='ocrx_word' id='word_1_357' title='bbox 3419 2010 3611 2081; x_wconf 79' lang='grc' dir='ltr'>μαθεῖν</span> <span class='ocrx_word' id='word_1_358' title='bbox 3637 2007 3810 2081; x_wconf 76' lang='grc' dir='ltr'>[ὅθεν]</span> <span class='ocrx_word' id='word_1_359' title='bbox 3839 2010 4025 2069; x_wconf 67' lang='grc' dir='ltr'>αὐτοῖς</span> 
     </span>
    </p>
   </div>
   <div class='ocr_carea' id='block_1_51' title="bbox 2434 2101 4024 2175">
    <p class='ocr_par' dir='ltr' id='par_1_51' title="bbox 2434 2101 4024 2175">
     <span class='ocr_line' id='line_1_51' title="bbox 2434 2101 4024 2175; baseline -0.005 -18"><span class='ocrx_word' id='word_1_360' title='bbox 2434 2107 2466 2173; x_wconf 87' lang='grc' dir='ltr'>ὴ</span> <span class='ocrx_word' id='word_1_361' title='bbox 2494 2104 2589 2156; x_wconf 83' lang='grc' dir='ltr'>τοῦ</span> <span class='ocrx_word' id='word_1_362' title='bbox 2625 2104 2724 2174; x_wconf 77' lang='grc' dir='ltr'><strong>ζῇν</strong></span> <span class='ocrx_word' id='word_1_363' title='bbox 2758 2105 3026 2175; x_wconf 86' lang='grc' dir='ltr'>χορηγία;</span> <span class='ocrx_word' id='word_1_364' title='bbox 3065 2106 3333 2157; x_wconf 82' lang='grc' dir='ltr'>Ἀκουσον</span> <span class='ocrx_word' id='word_1_365' title='bbox 3361 2103 3455 2156; x_wconf 82' lang='grc' dir='ltr'><strong>τοῦ</strong></span> <span class='ocrx_word' id='word_1_366' title='bbox 3476 2102 3694 2173; x_wconf 74' lang='grc' dir='ltr'>ψαλμοῦ</span> <span class='ocrx_word' id='word_1_367' title='bbox 3721 2119 3732 2132; x_wconf 91' lang='grc'><strong>·</strong></span> <span class='ocrx_word' id='word_1_368' title='bbox 3765 2121 3783 2152; x_wconf 76' lang='grc' dir='ltr'><strong>ι</strong></span> <span class='ocrx_word' id='word_1_369' title='bbox 3819 2101 4024 2152; x_wconf 84' lang='grc' dir='ltr'>Διδόντι</span> 
     </span>
    </p>
   </div>
   <div class='ocr_carea' id='block_1_52' title="bbox 2433 2193 4026 2268">
    <p class='ocr_par' dir='ltr' id='par_1_52' title="bbox 2433 2193 4026 2268">
     <span class='ocr_line' id='line_1_52' title="bbox 2433 2193 4026 2268; baseline -0.004 -20"><span class='ocrx_word' id='word_1_370' title='bbox 2433 2199 2544 2258; x_wconf 82' lang='grc' dir='ltr'>τοῖς</span> <span class='ocrx_word' id='word_1_371' title='bbox 2579 2198 2800 2267; x_wconf 82' lang='grc' dir='ltr'>κτήνεσι</span> <span class='ocrx_word' id='word_1_372' title='bbox 2830 2198 3060 2268; x_wconf 76' lang='grc' dir='ltr'>τροφὴν,</span> <span class='ocrx_word' id='word_1_373' title='bbox 3094 2199 3190 2250; x_wconf 68' lang='grc' dir='ltr'>καὶ</span> <span class='ocrx_word' id='word_1_374' title='bbox 3225 2199 3338 2260; x_wconf 90' lang='grc' dir='ltr'>τοῖς</span> <span class='ocrx_word' id='word_1_375' title='bbox 3368 2198 3614 2257; x_wconf 85' lang='grc' dir='ltr'>νεοσσοῖς</span> <span class='ocrx_word' id='word_1_376' title='bbox 3641 2193 3749 2246; x_wconf 90' lang='grc' dir='ltr'><strong>τῶν</strong></span> <span class='ocrx_word' id='word_1_377' title='bbox 3775 2195 4026 2262; x_wconf 80' lang='grc' dir='ltr'>κοράκων</span> 
     </span>
    </p>
   </div>
   <div class='ocr_carea' id='block_1_53' title="bbox 2434 2285 4024 2359">
    <p class='ocr_par' dir='ltr' id='par_1_53' title="bbox 2434 2285 4024 2359">
     <span class='ocr_line' id='line_1_53' title="bbox 2434 2285 4024 2359; baseline -0.004 -19"><span class='ocrx_word' id='word_1_378' title='bbox 2434 2291 2544 2350; x_wconf 88' lang='grc' dir='ltr'>τοῖς</span> <span class='ocrx_word' id='word_1_379' title='bbox 2595 2288 3051 2359; x_wconf 68' lang='grc' dir='ltr'>ἐπικαλουμένοις</span> <span class='ocrx_word' id='word_1_380' title='bbox 3101 2289 3287 2342; x_wconf 81' lang='grc' dir='ltr'>αὐτόν.</span> <span class='ocrx_word' id='word_1_381' title='bbox 3329 2308 3346 2340; x_wconf 77' lang='grc' dir='ltr'><strong>ι</strong></span> <span class='ocrx_word' id='word_1_382' title='bbox 3386 2288 3574 2356; x_wconf 72' lang='grc' dir='ltr'>Φαμὲν</span> <span class='ocrx_word' id='word_1_383' title='bbox 3625 2285 3682 2338; x_wconf 82' lang='grc' dir='ltr'>δὲ</span> <span class='ocrx_word' id='word_1_384' title='bbox 3743 2286 3834 2338; x_wconf 75' lang='grc' dir='ltr'>τὸν</span> <span class='ocrx_word' id='word_1_385' title='bbox 3894 2286 4024 2337; x_wconf 74' lang='grc' dir='ltr'>Θεὸν</span> 
     </span>
    </p>
   </div>
   <div class='ocr_carea' id='block_1_54' title="bbox 2434 2376 4025 2450">
    <p class='ocr_par' dir='ltr' id='par_1_54' title="bbox 2434 2376 4025 2450">
     <span class='ocr_line' id='line_1_54' title="bbox 2434 2376 4025 2450; baseline -0.003 -18"><span class='ocrx_word' id='word_1_386' title='bbox 2434 2379 2694 2450; x_wconf 74' lang='grc' dir='ltr'>κήδεσθαι</span> <span class='ocrx_word' id='word_1_387' title='bbox 2717 2380 2826 2433; x_wconf 88' lang='grc' dir='ltr'><strong>τῶν</strong></span> <span class='ocrx_word' id='word_1_388' title='bbox 2861 2380 3105 2449; x_wconf 82' lang='grc' dir='ltr'>πτηνῶν,</span> <span class='ocrx_word' id='word_1_389' title='bbox 3134 2380 3209 2443; x_wconf 84' lang='grc' dir='ltr'>ὼς</span> <span class='ocrx_word' id='word_1_390' title='bbox 3241 2380 3596 2450; x_wconf 79' lang='grc' dir='ltr'>παρασχόντα</span> <span class='ocrx_word' id='word_1_391' title='bbox 3637 2377 3853 2440; x_wconf 83' lang='grc' dir='ltr'>τούτοις</span> <span class='ocrx_word' id='word_1_392' title='bbox 3884 2376 4025 2444; x_wconf 85' lang='grc' dir='ltr'>γνῶ-</span> 
     </span>
    </p>
   </div>
   <div class='ocr_carea' id='block_1_55' title="bbox 2437 2468 4023 2543">
    <p class='ocr_par' dir='ltr' id='par_1_55' title="bbox 2437 2468 4023 2543">
     <span class='ocr_line' id='line_1_55' title="bbox 2437 2468 4023 2543; baseline -0.001 -19"><span class='ocrx_word' id='word_1_393' title='bbox 2437 2490 2544 2538; x_wconf 87' lang='grc' dir='ltr'>σιν,</span> <span class='ocrx_word' id='word_1_394' title='bbox 2578 2474 2702 2524; x_wconf 87' lang='grc' dir='ltr'>ὅθεν</span> <span class='ocrx_word' id='word_1_395' title='bbox 2761 2472 3129 2542; x_wconf 86' lang='grc' dir='ltr'>μαστεύσαιεν</span> <span class='ocrx_word' id='word_1_396' title='bbox 3179 2474 3279 2543; x_wconf 81' lang='grc' dir='ltr'>τὴν</span> <span class='ocrx_word' id='word_1_397' title='bbox 3326 2475 3558 2543; x_wconf 75' lang='grc' dir='ltr'>τροφήν.</span> <span class='ocrx_word' id='word_1_398' title='bbox 3601 2471 3790 2524; x_wconf 86' lang='grc' dir='ltr'>Ἐοικε</span> <span class='ocrx_word' id='word_1_399' title='bbox 3847 2471 3906 2522; x_wconf 79' lang='grc' dir='ltr'>δὲ</span> <span class='ocrx_word' id='word_1_400' title='bbox 3937 2468 4023 2522; x_wconf 74' lang='grc' dir='ltr'>διὰ</span> 
     </span>
    </p>
   </div>
   <div class='ocr_carea' id='block_1_56' title="bbox 2433 2561 4018 2635">
    <p class='ocr_par' dir='ltr' id='par_1_56' title="bbox 2433 2561 4018 2635">
     <span class='ocr_line' id='line_1_56' title="bbox 2433 2561 4018 2635; baseline -0.002 -20"><span class='ocrx_word' id='word_1_401' title='bbox 2433 2563 2639 2617; x_wconf 88' lang='grc' dir='ltr'>τούτων</span> <span class='ocrx_word' id='word_1_402' title='bbox 2671 2566 3120 2635; x_wconf 83' lang='grc' dir='ltr'>ἀναμιμνήσκειν</span> <span class='ocrx_word' id='word_1_403' title='bbox 3152 2567 3300 2634; x_wconf 82' lang='grc' dir='ltr'>ἡμᾶς</span> <span class='ocrx_word' id='word_1_404' title='bbox 3331 2565 3429 2634; x_wconf 83' lang='grc' dir='ltr'>τῆς</span> <span class='ocrx_word' id='word_1_405' title='bbox 3458 2565 3517 2615; x_wconf 79' lang='grc' dir='ltr'>ὲν</span> <span class='ocrx_word' id='word_1_406' title='bbox 3541 2563 3866 2632; x_wconf 79' lang='grc' dir='ltr'>παραδείσῳ</span> <span class='ocrx_word' id='word_1_407' title='bbox 3905 2561 4018 2613; x_wconf 78' lang='grc' dir='ltr'>δια-</span> 
     </span>
    </p>
   </div>
   <div class='ocr_carea' id='block_1_57' title="bbox 2432 2649 4023 2727">
    <p class='ocr_par' dir='ltr' id='par_1_57' title="bbox 2432 2649 4023 2727">
     <span class='ocr_line' id='line_1_57' title="bbox 2432 2649 4023 2727; baseline -0.003 -22"><span class='ocrx_word' id='word_1_408' title='bbox 2432 2656 2641 2721; x_wconf 78' lang='grc' dir='ltr'>γωγῆς,</span> <span class='ocrx_word' id='word_1_409' title='bbox 2697 2657 2755 2707; x_wconf 80' lang='grc' dir='ltr'><strong>έν</strong></span> <span class='ocrx_word' id='word_1_410' title='bbox 2888 2655 2988 2724; x_wconf 76' lang='grc' dir='ltr'>τὴν</span> <span class='ocrx_word' id='word_1_411' title='bbox 3036 2654 3336 2722; x_wconf 77' lang='grc' dir='ltr'>ἀκήδεστον</span> <span class='ocrx_word' id='word_1_412' title='bbox 3393 2653 3542 2722; x_wconf 78' lang='grc' dir='ltr'>ζωὴν</span> <span class='ocrx_word' id='word_1_413' title='bbox 3598 2654 3691 2706; x_wconf 74' lang='grc' dir='ltr'>καὶ</span> <span class='ocrx_word' id='word_1_414' title='bbox 3734 2653 4023 2704; x_wconf 85' lang='grc' dir='ltr'>ἀποίκιλον</span> 
     </span>
    </p>
   </div>
   <div class='ocr_carea' id='block_1_58' title="bbox 2433 2739 4022 2814">
    <p class='ocr_par' dir='ltr' id='par_1_58' title="bbox 2433 2739 4022 2814">
     <span class='ocr_line' id='line_1_58' title="bbox 2433 2739 4022 2814; baseline -0.001 -18"><span class='ocrx_word' id='word_1_415' title='bbox 2433 2739 2580 2812; x_wconf 75' lang='grc' dir='ltr'>εἶχον</span> <span class='ocrx_word' id='word_1_416' title='bbox 2647 2747 2695 2797; x_wconf 87' lang='grc' dir='ltr'><strong>οί</strong></span> <span class='ocrx_word' id='word_1_417' title='bbox 2752 2745 2991 2814; x_wconf 72' lang='grc' dir='ltr'>ἀρχηγοὶ</span> <span class='ocrx_word' id='word_1_418' title='bbox 3027 2745 3125 2797; x_wconf 79' lang='grc' dir='ltr'><strong>τοῦ</strong></span> <span class='ocrx_word' id='word_1_419' title='bbox 3177 2745 3372 2812; x_wconf 82' lang='grc' dir='ltr'>γένους</span> <span class='ocrx_word' id='word_1_420' title='bbox 3429 2743 3605 2814; x_wconf 87' lang='grc' dir='ltr'>ήμῶν.</span> <span class='ocrx_word' id='word_1_421' title='bbox 3665 2742 4022 2811; x_wconf 79' lang='grc' dir='ltr'>Κομψότερον</span> 
     </span>
    </p>
   </div>
   <div class='ocr_carea' id='block_1_59' title="bbox 2431 2833 4022 2906">
    <p class='ocr_par' dir='ltr' id='par_1_59' title="bbox 2431 2833 4022 2906">
     <span class='ocr_line' id='line_1_59' title="bbox 2431 2833 4022 2906; baseline 0 -21"><span class='ocrx_word' id='word_1_422' title='bbox 2431 2833 2476 2885; x_wconf 78' lang='grc' dir='ltr'><strong>δι</strong></span> <span class='ocrx_word' id='word_1_423' title='bbox 2499 2835 2762 2886; x_wconf 81' lang='grc' dir='ltr'>ὲννοοῖντο</span> <span class='ocrx_word' id='word_1_424' title='bbox 2791 2834 2856 2887; x_wconf 80' lang='grc' dir='ltr'><strong>ἀν</strong></span> <span class='ocrx_word' id='word_1_425' title='bbox 2887 2836 2954 2887; x_wconf 84' lang='grc' dir='ltr'><strong>τά</strong></span> <span class='ocrx_word' id='word_1_426' title='bbox 2984 2836 3207 2888; x_wconf 82' lang='grc' dir='ltr'>πετεινά</span> <span class='ocrx_word' id='word_1_427' title='bbox 3231 2836 3323 2887; x_wconf 75' lang='grc' dir='ltr'><strong>τοῦ</strong></span> <span class='ocrx_word' id='word_1_428' title='bbox 3353 2835 3589 2906; x_wconf 82' lang='grc' dir='ltr'>ούρανοῦ</span> <span class='ocrx_word' id='word_1_429' title='bbox 3623 2836 3670 2886; x_wconf 78' lang='lat' dir='ltr'><strong>oi</strong></span> <span class='ocrx_word' id='word_1_430' title='bbox 3725 2835 3812 2887; x_wconf 78' lang='grc' dir='ltr'><strong>διὰ</strong></span> <span class='ocrx_word' id='word_1_431' title='bbox 3847 2835 4022 2887; x_wconf 82' lang='grc' dir='ltr'>καθα·</span> 
     </span>
    </p>
   </div>
   <div class='ocr_carea' id='block_1_60' title="bbox 2435 2924 4019 2996">
    <p class='ocr_par' dir='ltr' id='par_1_60' title="bbox 2435 2924 4019 2996">
     <span class='ocr_line' id='line_1_60' title="bbox 2435 2924 4019 2996; baseline 0 -20"><span class='ocrx_word' id='word_1_432' title='bbox 2435 2925 2638 2994; x_wconf 85' lang='grc' dir='ltr'>ρὸτητα</span> <span class='ocrx_word' id='word_1_433' title='bbox 2687 2924 2803 2995; x_wconf 85' lang='grc' dir='ltr'>βίου</span> <span class='ocrx_word' id='word_1_434' title='bbox 2851 2928 2932 2988; x_wconf 85' lang='grc' dir='ltr'><strong>είς</strong></span> <span class='ocrx_word' id='word_1_435' title='bbox 2971 2927 3202 2996; x_wconf 80' lang='grc' dir='ltr'>οὐρανὸν</span> <span class='ocrx_word' id='word_1_436' title='bbox 3239 2927 3298 2979; x_wconf 84' lang='grc' dir='ltr'>τὸ</span> <span class='ocrx_word' id='word_1_437' title='bbox 3335 2928 3593 2996; x_wconf 83' lang='grc' dir='ltr'>φρόνημα</span> <span class='ocrx_word' id='word_1_438' title='bbox 3640 2927 3884 2996; x_wconf 78' lang='grc' dir='ltr'>ἔχοντες,</span> <span class='ocrx_word' id='word_1_439' title='bbox 3925 2928 4019 2977; x_wconf 74' lang='grc' dir='ltr'><strong>καὶ</strong></span> 
     </span>
    </p>
   </div>
   <div class='ocr_carea' id='block_1_61' title="bbox 2431 3014 4017 3085">
    <p class='ocr_par' dir='ltr' id='par_1_61' title="bbox 2431 3014 4017 3085">
     <span class='ocr_line' id='line_1_61' title="bbox 2431 3014 4017 3085; baseline -0.002 -17"><span class='ocrx_word' id='word_1_440' title='bbox 2431 3018 2542 3078; x_wconf 87' lang='grc' dir='ltr'>τοῖς</span> <span class='ocrx_word' id='word_1_441' title='bbox 2600 3015 2698 3083; x_wconf 77' lang='grc' dir='ltr'>τῆς</span> <span class='ocrx_word' id='word_1_442' title='bbox 2757 3017 2960 3085; x_wconf 81' lang='grc' dir='ltr'>ἀρετῆς</span> <span class='ocrx_word' id='word_1_443' title='bbox 3011 3019 3235 3085; x_wconf 82' lang='grc' dir='ltr'>πτεροῖς</span> <span class='ocrx_word' id='word_1_444' title='bbox 3291 3014 3731 3084; x_wconf 76' lang='grc' dir='ltr'>κουφιζόμενοι·</span> <span class='ocrx_word' id='word_1_445' title='bbox 3780 3016 3830 3067; x_wconf 85' lang='grc' dir='ltr'><strong>οῖ</strong></span> <span class='ocrx_word' id='word_1_446' title='bbox 3893 3015 4017 3066; x_wconf 69' lang='grc' dir='ltr'>οὗτε</span> 
     </span>
    </p>
   </div>
   <div class='ocr_carea' id='block_1_62' title="bbox 749 3104 2322 3186">
    <p class='ocr_par' dir='ltr' id='par_1_62' title="bbox 749 3110 2322 3183">
     <span class='ocr_line' id='line_1_62' title="bbox 749 3110 2322 3183; baseline 0.01 -28"><span class='ocrx_word' id='word_1_447' title='bbox 749 3113 959 3157; x_wconf 88' lang='lat' dir='ltr'><strong>metunt</strong></span> <span class='ocrx_word' id='word_1_448' title='bbox 1013 3110 1442 3176; x_wconf 87' lang='lat' dir='ltr'><strong>corruptionem.</strong></span> <span class='ocrx_word' id='word_1_449' title='bbox 1505 3131 1524 3163; x_wconf 76' lang='grc' dir='ltr'><strong>ι</strong></span> <span class='ocrx_word' id='word_1_450' title='bbox 1580 3113 1708 3183; x_wconf 58' lang='lat' dir='ltr'><strong>Qui;</strong></span> <span class='ocrx_word' id='word_1_451' title='bbox 1757 3119 1901 3169; x_wconf 89' lang='lat' dir='ltr'><strong>enim</strong></span> <span class='ocrx_word' id='word_1_452' title='bbox 1963 3117 2195 3172; x_wconf 84' lang='lat' dir='ltr'><strong>seminat</strong></span> <span class='ocrx_word' id='word_1_453' title='bbox 2272 3121 2322 3171; x_wconf 92' lang='lat' dir='ltr'><strong>iu</strong></span> 
     </span>
    </p>
   </div>
   <div class='ocr_carea' id='block_1_63' title="bbox 2428 3104 4016 3186">
    <p class='ocr_par' dir='ltr' id='par_1_63' title="bbox 2435 3104 4016 3175">
     <span class='ocr_line' id='line_1_63' title="bbox 2435 3104 4016 3175; baseline 0 -19"><span class='ocrx_word' id='word_1_454' title='bbox 2435 3105 2753 3175; x_wconf 85' lang='grc' dir='ltr'>σπείρουσιν</span> <span class='ocrx_word' id='word_1_455' title='bbox 2784 3108 2864 3168; x_wconf 84' lang='grc' dir='ltr'><strong>είς</strong></span> <span class='ocrx_word' id='word_1_456' title='bbox 2891 3107 2990 3175; x_wconf 81' lang='grc' dir='ltr'>τὴν</span> <span class='ocrx_word' id='word_1_457' title='bbox 3048 3107 3252 3173; x_wconf 82' lang='grc' dir='ltr'>σάρκα,</span> <span class='ocrx_word' id='word_1_458' title='bbox 3304 3104 3429 3158; x_wconf 71' lang='grc' dir='ltr'>οὔτε</span> <span class='ocrx_word' id='word_1_459' title='bbox 3480 3105 3756 3175; x_wconf 81' lang='grc' dir='ltr'>θερίζουσι</span> <span class='ocrx_word' id='word_1_460' title='bbox 3784 3105 4016 3173; x_wconf 68' lang='grc' dir='ltr'>φθορά-ι’</span> 
     </span>
    </p>
   </div>
   <div class='ocr_carea' id='block_1_64' title="bbox 745 3198 2326 3278">
    <p class='ocr_par' dir='ltr' id='par_1_64' title="bbox 745 3198 2326 3278">
     <span class='ocr_line' id='line_1_64' title="bbox 745 3198 2326 3278; baseline 0.01 -32"><span class='ocrx_word' id='word_1_461' title='bbox 745 3211 927 3259; x_wconf 85' lang='lat' dir='ltr'><strong>carne,</strong></span> <span class='ocrx_word' id='word_1_462' title='bbox 964 3198 1140 3268; x_wconf 89' lang='lat' dir='ltr'><strong>inquit</strong></span> <span class='ocrx_word' id='word_1_463' title='bbox 1170 3202 1482 3270; x_wconf 79' lang='lat' dir='ltr'><strong>Apostolus,</strong></span> <span class='ocrx_word' id='word_1_464' title='bbox 1525 3209 1591 3259; x_wconf 87' lang='lat' dir='ltr'><strong>de</strong></span> <span class='ocrx_word' id='word_1_465' title='bbox 1624 3221 1791 3261; x_wconf 82' lang='lat' dir='ltr'><strong>carne</strong></span> <span class='ocrx_word' id='word_1_466' title='bbox 1831 3219 1996 3262; x_wconf 89' lang='lat' dir='ltr'><strong>metet</strong></span> <span class='ocrx_word' id='word_1_467' title='bbox 2025 3211 2326 3278; x_wconf 70' lang='lat' dir='ltr'><strong>corrunptio-</strong></span> 
     </span>
    </p>
   </div>
   <div class='ocr_carea' id='block_1_65' title="bbox 744 3291 2322 3366">
    <p class='ocr_par' dir='ltr' id='par_1_65' title="bbox 744 3291 2322 3366">
     <span class='ocr_line' id='line_1_65' title="bbox 744 3291 2322 3366; baseline 0.01 -28"><span class='ocrx_word' id='word_1_468' title='bbox 744 3304 865 3342; x_wconf 81' lang='lat' dir='ltr'><strong>nem</strong></span> <span class='ocrx_word' id='word_1_469' title='bbox 897 3291 976 3344; x_wconf 78' lang='grc'><strong>“.</strong></span> <span class='ocrx_word' id='word_1_470' title='bbox 1015 3302 1033 3343; x_wconf 71' lang='grc' dir='ltr'><strong>ι</strong></span> <span class='ocrx_word' id='word_1_471' title='bbox 1074 3321 1142 3332; x_wconf 91' lang='lat'><strong>-—</strong></span> <span class='ocrx_word' id='word_1_472' title='bbox 1179 3313 1196 3345; x_wconf 78' lang='grc' dir='ltr'><strong>ι</strong></span> <span class='ocrx_word' id='word_1_473' title='bbox 1230 3293 1418 3364; x_wconf 83' lang='lat' dir='ltr'><strong>Neque</strong></span> <span class='ocrx_word' id='word_1_474' title='bbox 1449 3308 1781 3366; x_wconf 79' lang='lat' dir='ltr'><strong>congregant</strong></span> <span class='ocrx_word' id='word_1_475' title='bbox 1818 3299 1872 3351; x_wconf 94' lang='lat' dir='ltr'><strong>in</strong></span> <span class='ocrx_word' id='word_1_476' title='bbox 1930 3299 2147 3364; x_wconf 87' lang='lat' dir='ltr'><strong>horrea,</strong></span> <span class='ocrx_word' id='word_1_477' title='bbox 2186 3320 2203 3352; x_wconf 76' lang='grc' dir='ltr'><strong>ι</strong></span> <span class='ocrx_word' id='word_1_478' title='bbox 2235 3302 2322 3356; x_wconf 80' lang='lat' dir='ltr'><strong>ubi</strong></span> 
     </span>
    </p>
   </div>
   <div class='ocr_carea' id='block_1_66' title="bbox 741 3387 2326 3462">
    <p class='ocr_par' dir='ltr' id='par_1_66' title="bbox 741 3387 2326 3462">
     <span class='ocr_line' id='line_1_66' title="bbox 741 3387 2326 3462; baseline 0.009 -29"><span class='ocrx_word' id='word_1_479' title='bbox 741 3398 924 3450; x_wconf 54' lang='lat' dir='ltr'><strong>aerugo</strong></span> <span class='ocrx_word' id='word_1_480' title='bbox 968 3395 1023 3438; x_wconf 91' lang='lat' dir='ltr'><strong>et</strong></span> <span class='ocrx_word' id='word_1_481' title='bbox 1076 3387 1216 3440; x_wconf 92' lang='lat' dir='ltr'><strong>tinea</strong></span> <span class='ocrx_word' id='word_1_482' title='bbox 1253 3401 1602 3456; x_wconf 86' lang='lat' dir='ltr'><strong>generantur.</strong></span> <span class='ocrx_word' id='word_1_483' title='bbox 1653 3401 1708 3444; x_wconf 90' lang='lat' dir='ltr'><strong>et</strong></span> <span class='ocrx_word' id='word_1_484' title='bbox 1756 3393 1844 3445; x_wconf 92' lang='lat' dir='ltr'><strong>ubi</strong></span> <span class='ocrx_word' id='word_1_485' title='bbox 1881 3391 2030 3446; x_wconf 81' lang='lat' dir='ltr'><strong>fures</strong></span> <span class='ocrx_word' id='word_1_486' title='bbox 2061 3404 2114 3446; x_wconf 94' lang='lat' dir='ltr'><strong>et</strong></span> <span class='ocrx_word' id='word_1_487' title='bbox 2173 3410 2326 3462; x_wconf 84' lang='lat' dir='ltr'><strong>gras—</strong></span> 
     </span>
    </p>
   </div>
   <div class='ocr_carea' id='block_1_67' title="bbox 740 3475 2322 3552">
    <p class='ocr_par' dir='ltr' id='par_1_67' title="bbox 740 3475 2322 3552">
     <span class='ocr_line' id='line_1_67' title="bbox 740 3475 2322 3552; baseline 0.006 -24"><span class='ocrx_word' id='word_1_488' title='bbox 740 3485 952 3529; x_wconf 69' lang='lat' dir='ltr'><strong>satores</strong></span> <span class='ocrx_word' id='word_1_489' title='bbox 981 3475 1260 3551; x_wconf 70' lang='lat' dir='ltr'><strong>effodiunt,</strong></span> <span class='ocrx_word' id='word_1_490' title='bbox 1292 3496 1430 3550; x_wconf 89' lang='lat' dir='ltr'><strong>quos</strong></span> <span class='ocrx_word' id='word_1_491' title='bbox 1464 3481 1622 3537; x_wconf 84' lang='lat' dir='ltr'><strong>Pater</strong></span> <span class='ocrx_word' id='word_1_492' title='bbox 1647 3484 1890 3536; x_wconf 76' lang='lat' dir='ltr'><strong>ctelestis</strong></span> <span class='ocrx_word' id='word_1_493' title='bbox 1935 3499 2073 3552; x_wconf 90' lang='lat' dir='ltr'><strong>pane</strong></span> <span class='ocrx_word' id='word_1_494' title='bbox 2116 3487 2322 3538; x_wconf 72' lang='lat' dir='ltr'><strong>etelesﬁ</strong></span> 
     </span>
    </p>
   </div>
   <div class='ocr_carea' id='block_1_68' title="bbox 743 3570 1680 3631">
    <p class='ocr_par' dir='ltr' id='par_1_68' title="bbox 743 3570 1680 3631">
     <span class='ocr_line' id='line_1_68' title="bbox 743 3570 1680 3631; baseline 0.014 -14"><span class='ocrx_word' id='word_1_495' title='bbox 743 3570 934 3631; x_wconf 71' lang='lat' dir='ltr'><strong>nutrit,</strong></span> <span class='ocrx_word' id='word_1_496' title='bbox 969 3570 1070 3623; x_wconf 90' lang='lat' dir='ltr'><strong>hoc</strong></span> <span class='ocrx_word' id='word_1_497' title='bbox 1103 3582 1186 3626; x_wconf 82' lang='lat' dir='ltr'><strong>est</strong></span> <span class='ocrx_word' id='word_1_498' title='bbox 1226 3575 1391 3627; x_wconf 80' lang='lat' dir='ltr'><strong>verbo</strong></span> <span class='ocrx_word' id='word_1_499' title='bbox 1423 3575 1536 3628; x_wconf 86' lang='lat' dir='ltr'><strong>oris</strong></span> <span class='ocrx_word' id='word_1_500' title='bbox 1574 3576 1680 3630; x_wconf 88' lang='lat' dir='ltr'><strong>sui.</strong></span> 
     </span>
    </p>
   </div>
   <div class='ocr_carea' id='block_1_69' title="bbox 817 3755 2320 3831">
    <p class='ocr_par' dir='ltr' id='par_1_69' title="bbox 817 3755 2320 3831">
     <span class='ocr_line' id='line_1_69' title="bbox 817 3755 2320 3831; baseline 0.011 -27"><span class='ocrx_word' id='word_1_501' title='bbox 817 3775 833 3804; x_wconf 72' lang='grc' dir='ltr'><strong>ε</strong></span> <span class='ocrx_word' id='word_1_502' title='bbox 871 3755 1001 3821; x_wconf 85' lang='lat' dir='ltr'><strong>Quis</strong></span> <span class='ocrx_word' id='word_1_503' title='bbox 1021 3759 1164 3810; x_wconf 90' lang='lat' dir='ltr'><strong>enim</strong></span> <span class='ocrx_word' id='word_1_504' title='bbox 1197 3773 1432 3812; x_wconf 86' lang='lat' dir='ltr'><strong>vestrum</strong></span> <span class='ocrx_word' id='word_1_505' title='bbox 1462 3769 1639 3830; x_wconf 89' lang='lat' dir='ltr'><strong>potest</strong></span> <span class='ocrx_word' id='word_1_506' title='bbox 1682 3763 1920 3831; x_wconf 85' lang='lat' dir='ltr'><strong>adjicere</strong></span> <span class='ocrx_word' id='word_1_507' title='bbox 1951 3766 2018 3818; x_wconf 92' lang='lat' dir='ltr'><strong>ad</strong></span> <span class='ocrx_word' id='word_1_508' title='bbox 2053 3775 2320 3821; x_wconf 87' lang='lat' dir='ltr'><strong>staturam</strong></span> 
     </span>
    </p>
   </div>
   <div class='ocr_carea' id='block_1_70' title="bbox 736 3850 2322 3924">
    <p class='ocr_par' dir='ltr' id='par_1_70' title="bbox 736 3850 2322 3924">
     <span class='ocr_line' id='line_1_70' title="bbox 736 3850 2322 3924; baseline 0.008 -26"><span class='ocrx_word' id='word_1_509' title='bbox 736 3863 890 3900; x_wconf 82' lang='lat' dir='ltr'><strong>suam</strong></span> <span class='ocrx_word' id='word_1_510' title='bbox 949 3850 1191 3902; x_wconf 91' lang='lat' dir='ltr'><strong>cubitum</strong></span> <span class='ocrx_word' id='word_1_511' title='bbox 1229 3867 1391 3902; x_wconf 89' lang='lat' dir='ltr'><strong>unttm</strong></span> <span class='ocrx_word' id='word_1_512' title='bbox 1417 3852 1492 3907; x_wconf 69' lang='grc' dir='ltr'><strong>ἲ.»</strong></span> <span class='ocrx_word' id='word_1_513' title='bbox 1534 3853 1830 3907; x_wconf 79' lang='lat' dir='ltr'><strong>Considera</strong></span> <span class='ocrx_word' id='word_1_514' title='bbox 1865 3857 2187 3924; x_wconf 65' lang='lat' dir='ltr'><strong>evangelicae</strong></span> <span class='ocrx_word' id='word_1_515' title='bbox 2231 3875 2322 3911; x_wconf 88' lang='lat' dir='ltr'><strong>sa-</strong></span> 
     </span>
    </p>
   </div>
   <div class='ocr_carea' id='block_1_71' title="bbox 737 3942 2319 4012">
    <p class='ocr_par' dir='ltr' id='par_1_71' title="bbox 737 3942 2319 4012">
     <span class='ocr_line' id='line_1_71' title="bbox 737 3942 2319 4012; baseline 0.008 -22"><span class='ocrx_word' id='word_1_516' title='bbox 737 3942 952 4004; x_wconf 72' lang='lat' dir='ltr'><strong>pientia:</strong></span> <span class='ocrx_word' id='word_1_517' title='bbox 1030 3943 1484 4010; x_wconf 83' lang='lat' dir='ltr'><strong>amplitudinem,</strong></span> <span class='ocrx_word' id='word_1_518' title='bbox 1547 3958 1746 4012; x_wconf 80' lang='lat' dir='ltr'><strong>quanta</strong></span> <span class='ocrx_word' id='word_1_519' title='bbox 1829 3948 1976 4000; x_wconf 80' lang='lat' dir='ltr'><strong>brevi</strong></span> <span class='ocrx_word' id='word_1_520' title='bbox 2051 3951 2319 4003; x_wconf 62' lang='lat' dir='ltr'><strong>sententia</strong></span> 
     </span>
    </p>
   </div>
   <div class='ocr_carea' id='block_1_72' title="bbox 734 4033 2317 4109">
    <p class='ocr_par' dir='ltr' id='par_1_72' title="bbox 734 4033 2317 4109">
     <span class='ocr_line' id='line_1_72' title="bbox 734 4033 2317 4109; baseline 0.008 -29"><span class='ocrx_word' id='word_1_521' title='bbox 734 4033 1233 4100; x_wconf 79' lang='lat' dir='ltr'><strong>comprehenderit.</strong></span> <span class='ocrx_word' id='word_1_522' title='bbox 1289 4035 1382 4089; x_wconf 91' lang='lat' dir='ltr'><strong>llis</strong></span> <span class='ocrx_word' id='word_1_523' title='bbox 1415 4037 1560 4089; x_wconf 84' lang='lat' dir='ltr'><strong>enim</strong></span> <span class='ocrx_word' id='word_1_524' title='bbox 1611 4039 1790 4091; x_wconf 82' lang='lat' dir='ltr'><strong>verbis</strong></span> <span class='ocrx_word' id='word_1_525' title='bbox 1835 4048 2048 4093; x_wconf 80' lang='lat' dir='ltr'><strong>coercet</strong></span> <span class='ocrx_word' id='word_1_526' title='bbox 2095 4056 2187 4092; x_wconf 86' lang='lat' dir='ltr'><strong>eos</strong></span> <span class='ocrx_word' id='word_1_527' title='bbox 2230 4043 2317 4109; x_wconf 91' lang='lat' dir='ltr'><strong>qui</strong></span> 
     </span>
    </p>
   </div>
   <div class='ocr_carea' id='block_1_73' title="bbox 734 4124 2318 4194">
    <p class='ocr_par' dir='ltr' id='par_1_73' title="bbox 734 4124 2318 4194">
     <span class='ocr_line' id='line_1_73' title="bbox 734 4124 2318 4194; baseline 0.009 -24"><span class='ocrx_word' id='word_1_528' title='bbox 734 4137 829 4187; x_wconf 85' lang='lat' dir='ltr'><strong>per</strong></span> <span class='ocrx_word' id='word_1_529' title='bbox 859 4124 1184 4191; x_wconf 85' lang='lat' dir='ltr'><strong>cupiditates</strong></span> <span class='ocrx_word' id='word_1_530' title='bbox 1228 4141 1287 4178; x_wconf 87' lang='lat' dir='ltr'><strong>se</strong></span> <span class='ocrx_word' id='word_1_531' title='bbox 1326 4128 1391 4178; x_wconf 90' lang='lat' dir='ltr'><strong>ad</strong></span> <span class='ocrx_word' id='word_1_532' title='bbox 1432 4128 1610 4179; x_wconf 84' lang='lat' dir='ltr'><strong>inania</strong></span> <span class='ocrx_word' id='word_1_533' title='bbox 1654 4127 1978 4194; x_wconf 76' lang='lat' dir='ltr'><strong>effundunt;</strong></span> <span class='ocrx_word' id='word_1_534' title='bbox 2021 4139 2078 4183; x_wconf 79' lang='lat' dir='ltr'><strong>et</strong></span> <span class='ocrx_word' id='word_1_535' title='bbox 2123 4132 2318 4184; x_wconf 89' lang='lat' dir='ltr'><strong>intem-</strong></span> 
     </span>
    </p>
   </div>
   <div class='ocr_carea' id='block_1_74' title="bbox 732 4216 2317 4286">
    <p class='ocr_par' dir='ltr' id='par_1_74' title="bbox 732 4216 2317 4286">
     <span class='ocr_line' id='line_1_74' title="bbox 732 4216 2317 4286; baseline 0.006 -19"><span class='ocrx_word' id='word_1_536' title='bbox 732 4216 998 4283; x_wconf 69' lang='lat' dir='ltr'><strong>pestivam</strong></span> <span class='ocrx_word' id='word_1_537' title='bbox 1037 4217 1457 4272; x_wconf 88' lang='lat' dir='ltr'><strong>sollicitudinem</strong></span> <span class='ocrx_word' id='word_1_538' title='bbox 1499 4220 1752 4286; x_wconf 86' lang='lat' dir='ltr'><strong>prohibet</strong></span> <span class='ocrx_word' id='word_1_539' title='bbox 1787 4239 1799 4272; x_wconf 93' lang='lat'>:</span> <span class='ocrx_word' id='word_1_540' title='bbox 1832 4232 1885 4274; x_wconf 91' lang='lat' dir='ltr'><strong>et</strong></span> <span class='ocrx_word' id='word_1_541' title='bbox 1937 4220 2186 4276; x_wconf 82' lang='lat' dir='ltr'><strong>fortassis</strong></span> <span class='ocrx_word' id='word_1_542' title='bbox 2217 4224 2317 4277; x_wconf 83' lang='lat' dir='ltr'><strong>hoe</strong></span> 
     </span>
    </p>
   </div>
   <div class='ocr_carea' id='block_1_75' title="bbox 730 4307 2314 4380">
    <p class='ocr_par' dir='ltr' id='par_1_75' title="bbox 730 4307 2314 4380">
     <span class='ocr_line' id='line_1_75' title="bbox 730 4307 2314 4380; baseline 0.003 -20"><span class='ocrx_word' id='word_1_543' title='bbox 730 4307 846 4360; x_wconf 78' lang='grc' dir='ltr'>νυΙι</span> <span class='ocrx_word' id='word_1_544' title='bbox 893 4308 1201 4376; x_wconf 80' lang='lat' dir='ltr'><strong>signiﬁcare</strong></span> <span class='ocrx_word' id='word_1_545' title='bbox 1252 4309 1417 4364; x_wconf 85' lang='lat' dir='ltr'><strong>Mosis</strong></span> <span class='ocrx_word' id='word_1_546' title='bbox 1471 4309 1795 4379; x_wconf 79' lang='lat' dir='ltr'><strong>legislatoris</strong></span> <span class='ocrx_word' id='word_1_547' title='bbox 1837 4316 2064 4380; x_wconf 77' lang='lat' dir='ltr'><strong>anigma</strong></span> <span class='ocrx_word' id='word_1_548' title='bbox 2102 4330 2116 4366; x_wconf 89' lang='lat'>:</span> <span class='ocrx_word' id='word_1_549' title='bbox 2161 4333 2178 4363; x_wconf 76' lang='grc' dir='ltr'><strong>ι</strong></span> <span class='ocrx_word' id='word_1_550' title='bbox 2216 4314 2314 4380; x_wconf 80' lang='lat' dir='ltr'><strong>Qui</strong></span> 
     </span>
    </p>
   </div>
   <div class='ocr_carea' id='block_1_76' title="bbox 733 4400 2315 4472">
    <p class='ocr_par' dir='ltr' id='par_1_76' title="bbox 733 4400 2315 4472">
     <span class='ocr_line' id='line_1_76' title="bbox 733 4400 2315 4472; baseline 0.004 -20"><span class='ocrx_word' id='word_1_551' title='bbox 733 4400 972 4454; x_wconf 89' lang='lat' dir='ltr'><strong>ambulat</strong></span> <span class='ocrx_word' id='word_1_552' title='bbox 997 4416 1159 4469; x_wconf 88' lang='lat' dir='ltr'><strong>super</strong></span> <span class='ocrx_word' id='word_1_553' title='bbox 1193 4417 1401 4464; x_wconf 90' lang='lat' dir='ltr'><strong>manus,</strong></span> <span class='ocrx_word' id='word_1_554' title='bbox 1445 4401 1754 4456; x_wconf 89' lang='lat' dir='ltr'><strong>immundus</strong></span> <span class='ocrx_word' id='word_1_555' title='bbox 1784 4415 1886 4468; x_wconf 89' lang='lat' dir='ltr'><strong>est,</strong></span> <span class='ocrx_word' id='word_1_556' title='bbox 1919 4416 1970 4456; x_wconf 92' lang='lat' dir='ltr'><strong>et</strong></span> <span class='ocrx_word' id='word_1_557' title='bbox 2001 4405 2091 4472; x_wconf 92' lang='lat' dir='ltr'><strong>qui</strong></span> <span class='ocrx_word' id='word_1_558' title='bbox 2119 4405 2315 4458; x_wconf 86' lang='lat' dir='ltr'><strong>multos</strong></span> 
     </span>
    </p>
   </div>
   <div class='ocr_carea' id='block_1_77' title="bbox 2436 3197 4020 3268">
    <p class='ocr_par' dir='ltr' id='par_1_77' title="bbox 2436 3197 4020 3268">
     <span class='ocr_line' id='line_1_77' title="bbox 2436 3197 4020 3268; baseline 0.001 -21"><span class='ocrx_word' id='word_1_559' title='bbox 2436 3215 2454 3247; x_wconf 79' lang='grc' dir='ltr'><strong>ι</strong></span> <span class='ocrx_word' id='word_1_560' title='bbox 2504 3197 2561 3249; x_wconf 85' lang='grc'><strong>’0</strong></span> <span class='ocrx_word' id='word_1_561' title='bbox 2604 3197 2714 3266; x_wconf 82' lang='grc' dir='ltr'><strong>γὰρ</strong></span> <span class='ocrx_word' id='word_1_562' title='bbox 2764 3198 3025 3267; x_wconf 80' lang='grc' dir='ltr'>σπείρων,</span> <span class='ocrx_word' id='word_1_563' title='bbox 3062 3199 3249 3268; x_wconf 69' lang='grc' dir='ltr'>φησὶν,</span> <span class='ocrx_word' id='word_1_564' title='bbox 3286 3199 3365 3259; x_wconf 83' lang='grc' dir='ltr'><strong>εἰς</strong></span> <span class='ocrx_word' id='word_1_565' title='bbox 3397 3197 3499 3267; x_wconf 77' lang='grc' dir='ltr'>τὴν</span> <span class='ocrx_word' id='word_1_566' title='bbox 3558 3201 3734 3267; x_wconf 82' lang='grc' dir='ltr'>σάρκα</span> <span class='ocrx_word' id='word_1_567' title='bbox 3801 3200 3868 3249; x_wconf 81' lang='grc' dir='ltr'>ὲκ</span> <span class='ocrx_word' id='word_1_568' title='bbox 3917 3199 4020 3265; x_wconf 73' lang='grc' dir='ltr'>τῆς</span> 
     </span>
    </p>
   </div>
   <div class='ocr_carea' id='block_1_78' title="bbox 2429 3290 4018 3360">
    <p class='ocr_par' dir='ltr' id='par_1_78' title="bbox 2429 3290 4018 3360">
     <span class='ocr_line' id='line_1_78' title="bbox 2429 3290 4018 3360; baseline 0.001 -19"><span class='ocrx_word' id='word_1_569' title='bbox 2429 3291 2631 3360; x_wconf 83' lang='grc' dir='ltr'>σαρκὸς</span> <span class='ocrx_word' id='word_1_570' title='bbox 2678 3290 2885 3359; x_wconf 78' lang='grc' dir='ltr'>θερίσει</span> <span class='ocrx_word' id='word_1_571' title='bbox 2929 3291 3136 3360; x_wconf 88' lang='grc' dir='ltr'>φθοράν</span> <span class='ocrx_word' id='word_1_572' title='bbox 3168 3307 3181 3321; x_wconf 85' lang='grc'>·</span> <span class='ocrx_word' id='word_1_573' title='bbox 3232 3310 3354 3342; x_wconf 76' lang='grc' dir='ltr'><strong>ι-«</strong></span> <span class='ocrx_word' id='word_1_574' title='bbox 3387 3291 3512 3343; x_wconf 79' lang='grc' dir='ltr'>οὕτε</span> <span class='ocrx_word' id='word_1_575' title='bbox 3581 3292 3906 3358; x_wconf 85' lang='grc' dir='ltr'>συνάγουσιν</span> <span class='ocrx_word' id='word_1_576' title='bbox 3938 3295 4018 3354; x_wconf 75' lang='grc' dir='ltr'><strong>είς</strong></span> 
     </span>
    </p>
   </div>
   <div class='ocr_carea' id='block_1_79' title="bbox 2428 3383 4017 3454">
    <p class='ocr_par' dir='ltr' id='par_1_79' title="bbox 2428 3383 4017 3454">
     <span class='ocr_line' id='line_1_79' title="bbox 2428 3383 4017 3454; baseline -0.001 -18"><span class='ocrx_word' id='word_1_577' title='bbox 2428 3383 2736 3452; x_wconf 79' lang='grc' dir='ltr'>ἀποθήκας,</span> <span class='ocrx_word' id='word_1_578' title='bbox 2770 3401 2800 3433; x_wconf 72' lang='grc' dir='ltr'>ι·</span> <span class='ocrx_word' id='word_1_579' title='bbox 2843 3385 2977 3435; x_wconf 84' lang='grc' dir='ltr'>ὅπου</span> <span class='ocrx_word' id='word_1_580' title='bbox 3026 3384 3127 3452; x_wconf 81' lang='grc' dir='ltr'>σὴς</span> <span class='ocrx_word' id='word_1_581' title='bbox 3175 3386 3271 3436; x_wconf 76' lang='grc' dir='ltr'>καὶ</span> <span class='ocrx_word' id='word_1_582' title='bbox 3314 3385 3520 3454; x_wconf 85' lang='grc' dir='ltr'>βρῶσις</span> <span class='ocrx_word' id='word_1_583' title='bbox 3561 3384 3886 3448; x_wconf 78' lang='grc' dir='ltr'>ὲντίκτεται,</span> <span class='ocrx_word' id='word_1_584' title='bbox 3921 3387 4017 3437; x_wconf 74' lang='grc' dir='ltr'>καὶ</span> 
     </span>
    </p>
   </div>
   <div class='ocr_carea' id='block_1_80' title="bbox 2427 3477 4017 3548">
    <p class='ocr_par' dir='ltr' id='par_1_80' title="bbox 2427 3477 4017 3548">
     <span class='ocr_line' id='line_1_80' title="bbox 2427 3477 4017 3548; baseline 0.001 -21"><span class='ocrx_word' id='word_1_585' title='bbox 2427 3477 2560 3527; x_wconf 79' lang='grc' dir='ltr'>ὅπου</span> <span class='ocrx_word' id='word_1_586' title='bbox 2600 3477 2832 3529; x_wconf 84' lang='grc' dir='ltr'>κλέπται</span> <span class='ocrx_word' id='word_1_587' title='bbox 2858 3480 2952 3528; x_wconf 75' lang='grc' dir='ltr'>καὶ</span> <span class='ocrx_word' id='word_1_588' title='bbox 2977 3478 3176 3548; x_wconf 76' lang='grc' dir='ltr'>λῃσταὶ</span> <span class='ocrx_word' id='word_1_589' title='bbox 3203 3478 3606 3547; x_wconf 89' lang='grc' dir='ltr'>διορύσσουσιν,</span> <span class='ocrx_word' id='word_1_590' title='bbox 3641 3479 3732 3540; x_wconf 81' lang='grc' dir='ltr'>οὒς</span> <span class='ocrx_word' id='word_1_591' title='bbox 3763 3481 3791 3530; x_wconf 88' lang='grc' dir='ltr'>ὁ</span> <span class='ocrx_word' id='word_1_592' title='bbox 3825 3479 4017 3547; x_wconf 76' lang='grc' dir='ltr'>Πατὴρ</span> 
     </span>
    </p>
   </div>
   <div class='ocr_carea' id='block_1_81' title="bbox 2424 3568 4016 3640">
    <p class='ocr_par' dir='ltr' id='par_1_81' title="bbox 2424 3568 4016 3640">
     <span class='ocr_line' id='line_1_81' title="bbox 2424 3568 4016 3640; baseline -0.001 -21"><span class='ocrx_word' id='word_1_593' title='bbox 2424 3570 2451 3619; x_wconf 82' lang='grc' dir='ltr'>ὁ</span> <span class='ocrx_word' id='word_1_594' title='bbox 2478 3568 2729 3636; x_wconf 80' lang='grc' dir='ltr'>οὐράνιος</span> <span class='ocrx_word' id='word_1_595' title='bbox 2760 3569 2838 3638; x_wconf 81' lang='grc' dir='ltr'>τῷ</span> <span class='ocrx_word' id='word_1_596' title='bbox 2880 3569 3120 3640; x_wconf 80' lang='grc' dir='ltr'>οὐρανίῳ</span> <span class='ocrx_word' id='word_1_597' title='bbox 3146 3569 3427 3639; x_wconf 82' lang='grc' dir='ltr'>διατρέφει</span> <span class='ocrx_word' id='word_1_598' title='bbox 3488 3570 3663 3640; x_wconf 78' lang='grc' dir='ltr'>ἄρτῳ,</span> <span class='ocrx_word' id='word_1_599' title='bbox 3697 3568 3774 3635; x_wconf 85' lang='grc' dir='ltr'>τῷ</span> <span class='ocrx_word' id='word_1_600' title='bbox 3807 3571 4016 3639; x_wconf 77' lang='grc' dir='ltr'>ῥήματι</span> 
     </span>
    </p>
   </div>
   <div class='ocr_carea' id='block_1_82' title="bbox 2425 3661 3322 3729">
    <p class='ocr_par' dir='ltr' id='par_1_82' title="bbox 2425 3661 3322 3729">
     <span class='ocr_line' id='line_1_82' title="bbox 2425 3661 3322 3729; baseline 0.006 -16"><span class='ocrx_word' id='word_1_601' title='bbox 2425 3661 2668 3729; x_wconf 82' lang='grc' dir='ltr'>δηλονότι</span> <span class='ocrx_word' id='word_1_602' title='bbox 2702 3662 2796 3714; x_wconf 83' lang='grc' dir='ltr'>τοῦ</span> <span class='ocrx_word' id='word_1_603' title='bbox 2829 3663 3100 3729; x_wconf 83' lang='grc' dir='ltr'>στόματος</span> <span class='ocrx_word' id='word_1_604' title='bbox 3135 3664 3322 3718; x_wconf 65' lang='grc' dir='ltr'>αὐτοῦ.</span> 
     </span>
    </p>
   </div>
   <div class='ocr_carea' id='block_1_83' title="bbox 2502 3756 4015 3827">
    <p class='ocr_par' dir='ltr' id='par_1_83' title="bbox 2502 3756 4015 3827">
     <span class='ocr_line' id='line_1_83' title="bbox 2502 3756 4015 3827; baseline -0.001 -21"><span class='ocrx_word' id='word_1_605' title='bbox 2502 3775 2520 3806; x_wconf 75' lang='grc' dir='ltr'><strong>ι</strong></span> <span class='ocrx_word' id='word_1_606' title='bbox 2558 3756 2653 3818; x_wconf 89' lang='grc' dir='ltr'><strong>Τίς</strong></span> <span class='ocrx_word' id='word_1_607' title='bbox 2697 3756 2809 3826; x_wconf 76' lang='grc' dir='ltr'>γὰρ</span> <span class='ocrx_word' id='word_1_608' title='bbox 2857 3759 2916 3822; x_wconf 75' lang='grc' dir='ltr'>ἐξ</span> <span class='ocrx_word' id='word_1_609' title='bbox 2967 3759 3123 3826; x_wconf 86' lang='grc' dir='ltr'>ὑμῶν</span> <span class='ocrx_word' id='word_1_610' title='bbox 3179 3758 3406 3810; x_wconf 80' lang='grc' dir='ltr'>δύναται</span> <span class='ocrx_word' id='word_1_611' title='bbox 3440 3757 3753 3827; x_wconf 79' lang='grc' dir='ltr'>προσθεῖναι</span> <span class='ocrx_word' id='word_1_612' title='bbox 3789 3757 3882 3807; x_wconf 74' lang='grc' dir='ltr'><strong>ἐπὶ</strong></span> <span class='ocrx_word' id='word_1_613' title='bbox 3917 3758 4015 3823; x_wconf 71' lang='grc' dir='ltr'>τὴν</span> 
     </span>
    </p>
   </div>
   <div class='ocr_carea' id='block_1_84' title="bbox 2426 3847 4015 3917">
    <p class='ocr_par' dir='ltr' id='par_1_84' title="bbox 2426 3847 4015 3917">
     <span class='ocr_line' id='line_1_84' title="bbox 2426 3847 4015 3917; baseline 0.001 -20"><span class='ocrx_word' id='word_1_614' title='bbox 2426 3847 2646 3915; x_wconf 79' lang='grc' dir='ltr'>ἠλικίαν</span> <span class='ocrx_word' id='word_1_615' title='bbox 2674 3848 2842 3900; x_wconf 81' lang='grc' dir='ltr'>αὑτοῦ</span> <span class='ocrx_word' id='word_1_616' title='bbox 2881 3849 3062 3917; x_wconf 83' lang='grc' dir='ltr'>πῆχυν</span> <span class='ocrx_word' id='word_1_617' title='bbox 3093 3849 3189 3900; x_wconf 78' lang='grc' dir='ltr'>ἕνα</span> <span class='ocrx_word' id='word_1_618' title='bbox 3222 3866 3235 3911; x_wconf 89' lang='lat'>;</span> <span class='ocrx_word' id='word_1_619' title='bbox 3275 3869 3291 3898; x_wconf 75' lang='grc' dir='ltr'><strong>ι</strong></span> <span class='ocrx_word' id='word_1_620' title='bbox 3332 3849 3531 3900; x_wconf 77' lang='grc' dir='ltr'>Σκόπει</span> <span class='ocrx_word' id='word_1_621' title='bbox 3575 3849 3675 3917; x_wconf 76' lang='grc' dir='ltr'>τῆς</span> <span class='ocrx_word' id='word_1_622' title='bbox 3720 3848 4015 3914; x_wconf 72' lang='grc' dir='ltr'>εὐαγγελι-</span> 
     </span>
    </p>
   </div>
   <div class='ocr_carea' id='block_1_85' title="bbox 2425 3938 4019 4010">
    <p class='ocr_par' dir='ltr' id='par_1_85' title="bbox 2425 3938 4019 4010">
     <span class='ocr_line' id='line_1_85' title="bbox 2425 3938 4019 4010; baseline -0.001 -19"><span class='ocrx_word' id='word_1_623' title='bbox 2425 3941 2526 4008; x_wconf 81' lang='grc' dir='ltr'><strong>κῆς</strong></span> <span class='ocrx_word' id='word_1_624' title='bbox 2558 3940 2752 4008; x_wconf 81' lang='grc' dir='ltr'>σοφίας</span> <span class='ocrx_word' id='word_1_625' title='bbox 2783 3941 2842 3992; x_wconf 83' lang='grc' dir='ltr'>τὸ</span> <span class='ocrx_word' id='word_1_626' title='bbox 2874 3939 3097 4003; x_wconf 81' lang='grc' dir='ltr'>πλάτος,</span> <span class='ocrx_word' id='word_1_627' title='bbox 3125 3941 3227 3992; x_wconf 85' lang='grc' dir='ltr'>ὅσα</span> <span class='ocrx_word' id='word_1_628' title='bbox 3257 3941 3289 4010; x_wconf 86' lang='grc' dir='ltr'><strong>ή</strong></span> <span class='ocrx_word' id='word_1_629' title='bbox 3327 3942 3556 4010; x_wconf 85' lang='grc' dir='ltr'>βραχεῖα</span> <span class='ocrx_word' id='word_1_630' title='bbox 3583 3938 3736 4008; x_wconf 80' lang='grc' dir='ltr'>φωνὴ</span> <span class='ocrx_word' id='word_1_631' title='bbox 3762 3939 4019 4005; x_wconf 69' lang='grc' dir='ltr'>περιέλα-</span> 
     </span>
    </p>
   </div>
   <div class='ocr_carea' id='block_1_86' title="bbox 2423 4030 4015 4102">
    <p class='ocr_par' dir='ltr' id='par_1_86' title="bbox 2423 4030 4015 4102">
     <span class='ocr_line' id='line_1_86' title="bbox 2423 4030 4015 4102; baseline -0.001 -20"><span class='ocrx_word' id='word_1_632' title='bbox 2423 4030 2536 4084; x_wconf 75' lang='grc' dir='ltr'>ϐεν.</span> <span class='ocrx_word' id='word_1_633' title='bbox 2587 4033 2642 4083; x_wconf 81' lang='grc' dir='ltr'>Ἀ</span> <span class='ocrx_word' id='word_1_634' title='bbox 2659 4032 2875 4101; x_wconf 89' lang='grc' dir='ltr'>πείργει</span> <span class='ocrx_word' id='word_1_635' title='bbox 2906 4033 3014 4102; x_wconf 79' lang='grc' dir='ltr'><strong>γάρ</strong></span> <span class='ocrx_word' id='word_1_636' title='bbox 3043 4032 3129 4084; x_wconf 84' lang='grc' dir='ltr'><strong>διὰ</strong></span> <span class='ocrx_word' id='word_1_637' title='bbox 3157 4032 3365 4083; x_wconf 89' lang='grc' dir='ltr'>τούτων</span> <span class='ocrx_word' id='word_1_638' title='bbox 3397 4035 3521 4093; x_wconf 74' lang='grc' dir='ltr'>τοὺς</span> <span class='ocrx_word' id='word_1_639' title='bbox 3550 4035 3664 4092; x_wconf 74' lang='grc' dir='ltr'>ταῖς</span> <span class='ocrx_word' id='word_1_640' title='bbox 3693 4031 4015 4095; x_wconf 71' lang='grc' dir='ltr'>ἐπιθυμίαις</span> 
     </span>
    </p>
   </div>
   <div class='ocr_carea' id='block_1_87' title="bbox 2422 4122 4013 4193">
    <p class='ocr_par' dir='ltr' id='par_1_87' title="bbox 2422 4122 4013 4193">
     <span class='ocr_line' id='line_1_87' title="bbox 2422 4122 4013 4193; baseline -0.002 -18"><span class='ocrx_word' id='word_1_641' title='bbox 2422 4124 2809 4193; x_wconf 84' lang='grc' dir='ltr'>διαχεομένους</span> <span class='ocrx_word' id='word_1_642' title='bbox 2841 4125 2933 4176; x_wconf 68' lang='grc' dir='ltr'><strong>ἐπὶ</strong></span> <span class='ocrx_word' id='word_1_643' title='bbox 2968 4125 3037 4177; x_wconf 69' lang='grc' dir='ltr'><strong>τὰ</strong></span> <span class='ocrx_word' id='word_1_644' title='bbox 3075 4126 3303 4193; x_wconf 86' lang='grc' dir='ltr'>μάταια,</span> <span class='ocrx_word' id='word_1_645' title='bbox 3337 4123 3434 4177; x_wconf 74' lang='grc' dir='ltr'>καὶ</span> <span class='ocrx_word' id='word_1_646' title='bbox 3469 4123 3670 4174; x_wconf 82' lang='grc' dir='ltr'>κωλύει</span> <span class='ocrx_word' id='word_1_647' title='bbox 3717 4123 3816 4191; x_wconf 84' lang='grc' dir='ltr'>τὴν</span> <span class='ocrx_word' id='word_1_648' title='bbox 3844 4122 4013 4174; x_wconf 76' lang='grc' dir='ltr'>ἄκαι-</span> 
     </span>
    </p>
   </div>
   <div class='ocr_carea' id='block_1_88' title="bbox 2424 4211 4010 4283">
    <p class='ocr_par' dir='ltr' id='par_1_88' title="bbox 2424 4211 4010 4283">
     <span class='ocr_line' id='line_1_88' title="bbox 2424 4211 4010 4283; baseline 0 -20"><span class='ocrx_word' id='word_1_649' title='bbox 2424 4230 2517 4282; x_wconf 91' lang='grc' dir='ltr'><strong>ρον</strong></span> <span class='ocrx_word' id='word_1_650' title='bbox 2552 4213 2852 4282; x_wconf 84' lang='grc' dir='ltr'>μέριμναν,</span> <span class='ocrx_word' id='word_1_651' title='bbox 2894 4213 2989 4264; x_wconf 78' lang='grc' dir='ltr'>καὶ</span> <span class='ocrx_word' id='word_1_652' title='bbox 3023 4214 3161 4283; x_wconf 83' lang='grc' dir='ltr'>τάχα</span> <span class='ocrx_word' id='word_1_653' title='bbox 3195 4212 3354 4265; x_wconf 74' lang='grc' dir='ltr'>τοῦτο</span> <span class='ocrx_word' id='word_1_654' title='bbox 3385 4213 3636 4282; x_wconf 81' lang='grc' dir='ltr'>βούλεται</span> <span class='ocrx_word' id='word_1_655' title='bbox 3681 4211 3879 4281; x_wconf 76' lang='grc' dir='ltr'>δηλοῦν</span> <span class='ocrx_word' id='word_1_656' title='bbox 3915 4212 4010 4263; x_wconf 74' lang='grc' dir='ltr'><strong>τοῦ</strong></span> 
     </span>
    </p>
   </div>
   <div class='ocr_carea' id='block_1_89' title="bbox 2421 4302 4011 4374">
    <p class='ocr_par' dir='ltr' id='par_1_89' title="bbox 2421 4302 4011 4374">
     <span class='ocr_line' id='line_1_89' title="bbox 2421 4302 4011 4374; baseline 0 -21"><span class='ocrx_word' id='word_1_657' title='bbox 2421 4302 2712 4371; x_wconf 82' lang='grc' dir='ltr'>νομοθέτου</span> <span class='ocrx_word' id='word_1_658' title='bbox 2762 4304 3009 4367; x_wconf 81' lang='grc' dir='ltr'>Μωσέως</span> <span class='ocrx_word' id='word_1_659' title='bbox 3067 4305 3127 4356; x_wconf 85' lang='grc' dir='ltr'>τὸ</span> <span class='ocrx_word' id='word_1_660' title='bbox 3176 4303 3450 4374; x_wconf 87' lang='grc' dir='ltr'>αίνιγμα·</span> <span class='ocrx_word' id='word_1_661' title='bbox 3494 4323 3512 4355; x_wconf 80' lang='grc' dir='ltr'><strong>ι</strong></span> <span class='ocrx_word' id='word_1_662' title='bbox 3557 4306 3651 4365; x_wconf 81' lang='grc' dir='ltr'>’ος</span> <span class='ocrx_word' id='word_1_663' title='bbox 3713 4302 4011 4372; x_wconf 82' lang='grc' dir='ltr'>πορεύεται</span> 
     </span>
    </p>
   </div>
   <div class='ocr_carea' id='block_1_90' title="bbox 2421 4395 4006 4474">
    <p class='ocr_par' dir='ltr' id='par_1_90' title="bbox 2421 4395 4006 4474">
     <span class='ocr_line' id='line_1_90' title="bbox 2421 4395 4006 4474; baseline -0.001 -28"><span class='ocrx_word' id='word_1_664' title='bbox 2421 4396 2512 4446; x_wconf 72' lang='grc' dir='ltr'><strong>ἐπὶ</strong></span> <span class='ocrx_word' id='word_1_665' title='bbox 2544 4396 2744 4466; x_wconf 89' lang='grc' dir='ltr'>χειρῶν</span> <span class='ocrx_word' id='word_1_666' title='bbox 2767 4435 2781 4458; x_wconf 90' lang='grc'><strong>,</strong></span> <span class='ocrx_word' id='word_1_667' title='bbox 2826 4395 3135 4463; x_wconf 87' lang='grc' dir='ltr'>ἀκάθαρτος</span> <span class='ocrx_word' id='word_1_668' title='bbox 3159 4436 3172 4457; x_wconf 93' lang='grc'><strong>,</strong></span> <span class='ocrx_word' id='word_1_669' title='bbox 3208 4397 3304 4449; x_wconf 77' lang='grc' dir='ltr'>καὶ</span> <span class='ocrx_word' id='word_1_670' title='bbox 3345 4396 3402 4457; x_wconf 77' lang='grc' dir='ltr'>ὃς</span> <span class='ocrx_word' id='word_1_671' title='bbox 3436 4395 3770 4474; x_wconf 84' lang='grc' dir='ltr'>πολυπληθεῖ</span> <span class='ocrx_word' id='word_1_672' title='bbox 3809 4397 3968 4446; x_wconf 76' lang='grc' dir='ltr'>ποσὶν</span> <span class='ocrx_word' id='word_1_673' title='bbox 3992 4436 4006 4459; x_wconf 83' lang='grc'><strong>,</strong></span> 
     </span>
    </p>
   </div>
   <div class='ocr_carea' id='block_1_91' title="bbox 730 4481 2322 4565">
    <p class='ocr_par' dir='ltr' id='par_1_91' title="bbox 730 4488 2304 4565">
     <span class='ocr_line' id='line_1_91' title="bbox 730 4488 2304 4565; baseline 0.005 -26"><span class='ocrx_word' id='word_1_674' title='bbox 730 4488 896 4541; x_wconf 91' lang='lat' dir='ltr'><strong>habet</strong></span> <span class='ocrx_word' id='word_1_675' title='bbox 945 4492 1108 4558; x_wconf 77' lang='lat' dir='ltr'><strong>pedes</strong></span> <span class='ocrx_word' id='word_1_676' title='bbox 1157 4491 1466 4544; x_wconf 87' lang='lat' dir='ltr'><strong>immundus</strong></span> <span class='ocrx_word' id='word_1_677' title='bbox 1495 4493 1560 4544; x_wconf 75' lang='lat'><strong>&quot;.</strong></span> <span class='ocrx_word' id='word_1_678' title='bbox 1596 4512 1614 4541; x_wconf 74' lang='grc' dir='ltr'><strong>ι</strong></span> <span class='ocrx_word' id='word_1_679' title='bbox 1676 4493 1776 4546; x_wconf 86' lang='lat' dir='ltr'><strong>Per</strong></span> <span class='ocrx_word' id='word_1_680' title='bbox 1811 4495 2042 4561; x_wconf 89' lang='lat' dir='ltr'><strong>primum</strong></span> <span class='ocrx_word' id='word_1_681' title='bbox 2089 4497 2304 4565; x_wconf 84' lang='lat' dir='ltr'><strong>quidem</strong></span> 
     </span>
    </p>
   </div>
   <div class='ocr_carea' id='block_1_92' title="bbox 2428 4481 4010 4565">
    <p class='ocr_par' dir='ltr' id='par_1_92' title="bbox 2428 4485 4010 4557">
     <span class='ocr_line' id='line_1_92' title="bbox 2428 4485 4010 4557; baseline 0 -19"><span class='ocrx_word' id='word_1_682' title='bbox 2428 4486 2772 4556; x_wconf 70' lang='grc' dir='ltr'>ἱκάθαρτος.»</span> <span class='ocrx_word' id='word_1_683' title='bbox 2811 4488 2908 4539; x_wconf 74' lang='grc' dir='ltr'>Δια</span> <span class='ocrx_word' id='word_1_684' title='bbox 2945 4489 3044 4555; x_wconf 81' lang='grc' dir='ltr'>μὲν</span> <span class='ocrx_word' id='word_1_685' title='bbox 3059 4485 3152 4538; x_wconf 83' lang='grc' dir='ltr'>τοῦ</span> <span class='ocrx_word' id='word_1_686' title='bbox 3187 4487 3405 4556; x_wconf 87' lang='grc' dir='ltr'>πρώτου</span> <span class='ocrx_word' id='word_1_687' title='bbox 3432 4486 3650 4557; x_wconf 72' lang='grc' dir='ltr'>ᾐνίξατο</span> <span class='ocrx_word' id='word_1_688' title='bbox 3679 4488 3771 4538; x_wconf 79' lang='grc' dir='ltr'>τὸν</span> <span class='ocrx_word' id='word_1_689' title='bbox 3805 4489 3863 4538; x_wconf 76' lang='grc' dir='ltr'>ἐν</span> <span class='ocrx_word' id='word_1_690' title='bbox 3888 4490 4010 4548; x_wconf 87' lang='grc' dir='ltr'>ταῖς</span> 
     </span>
    </p>
   </div>
   <div class='ocr_carea' id='block_1_93' title="bbox 728 4579 2305 4654">
    <p class='ocr_par' dir='ltr' id='par_1_93' title="bbox 728 4579 2305 4654">
     <span class='ocr_line' id='line_1_93' title="bbox 728 4579 2305 4654; baseline 0.008 -28"><span class='ocrx_word' id='word_1_691' title='bbox 728 4579 962 4632; x_wconf 84' lang='lat' dir='ltr'><strong>obscure</strong></span> <span class='ocrx_word' id='word_1_692' title='bbox 1020 4581 1340 4634; x_wconf 89' lang='lat' dir='ltr'><strong>innuitemn</strong></span> <span class='ocrx_word' id='word_1_693' title='bbox 1370 4584 1460 4651; x_wconf 85' lang='lat' dir='ltr'><strong>qui</strong></span> <span class='ocrx_word' id='word_1_694' title='bbox 1510 4583 1560 4635; x_wconf 90' lang='lat' dir='ltr'><strong>in</strong></span> <span class='ocrx_word' id='word_1_695' title='bbox 1600 4585 1833 4651; x_wconf 88' lang='lat' dir='ltr'><strong>propriis</strong></span> <span class='ocrx_word' id='word_1_696' title='bbox 1879 4587 2126 4639; x_wconf 83' lang='lat' dir='ltr'><strong>manibus</strong></span> <span class='ocrx_word' id='word_1_697' title='bbox 2158 4602 2305 4654; x_wconf 76' lang='lat' dir='ltr'><strong>Spem</strong></span> 
     </span>
    </p>
   </div>
   <div class='ocr_carea' id='block_1_94' title="bbox 730 4671 2308 4744">
    <p class='ocr_par' dir='ltr' id='par_1_94' title="bbox 730 4671 2308 4744">
     <span class='ocr_line' id='line_1_94' title="bbox 730 4671 2308 4744; baseline 0.009 -26"><span class='ocrx_word' id='word_1_698' title='bbox 730 4671 854 4724; x_wconf 71' lang='lat' dir='ltr'><strong>vita:</strong></span> <span class='ocrx_word' id='word_1_699' title='bbox 882 4672 1200 4726; x_wconf 75' lang='lat' dir='ltr'><strong>collocatam</strong></span> <span class='ocrx_word' id='word_1_700' title='bbox 1231 4675 1428 4740; x_wconf 87' lang='lat' dir='ltr'><strong>habet;</strong></span> <span class='ocrx_word' id='word_1_701' title='bbox 1468 4677 1665 4730; x_wconf 82' lang='lat' dir='ltr'><strong>inultos</strong></span> <span class='ocrx_word' id='word_1_702' title='bbox 1702 4692 1827 4730; x_wconf 85' lang='lat' dir='ltr'><strong>vero</strong></span> <span class='ocrx_word' id='word_1_703' title='bbox 1861 4679 2020 4744; x_wconf 86' lang='lat' dir='ltr'><strong>pedes</strong></span> <span class='ocrx_word' id='word_1_704' title='bbox 2050 4693 2170 4731; x_wconf 91' lang='lat' dir='ltr'><strong>eum</strong></span> <span class='ocrx_word' id='word_1_705' title='bbox 2216 4680 2308 4732; x_wconf 89' lang='lat' dir='ltr'><strong>ha-</strong></span> 
     </span>
    </p>
   </div>
   <div class='ocr_carea' id='block_1_95' title="bbox 729 4763 2305 4836">
    <p class='ocr_par' dir='ltr' id='par_1_95' title="bbox 729 4763 2305 4836">
     <span class='ocr_line' id='line_1_95' title="bbox 729 4763 2305 4836; baseline 0.006 -24"><span class='ocrx_word' id='word_1_706' title='bbox 729 4763 859 4813; x_wconf 81' lang='lat' dir='ltr'><strong>bere</strong></span> <span class='ocrx_word' id='word_1_707' title='bbox 888 4764 1043 4825; x_wconf 67' lang='lat' dir='ltr'><strong>dixit,</strong></span> <span class='ocrx_word' id='word_1_708' title='bbox 1073 4765 1163 4831; x_wconf 85' lang='lat' dir='ltr'><strong>qui</strong></span> <span class='ocrx_word' id='word_1_709' title='bbox 1205 4780 1289 4817; x_wconf 90' lang='lat' dir='ltr'><strong>res</strong></span> <span class='ocrx_word' id='word_1_710' title='bbox 1346 4769 1688 4834; x_wconf 76' lang='lat' dir='ltr'><strong>persequitur</strong></span> <span class='ocrx_word' id='word_1_711' title='bbox 1734 4769 2005 4836; x_wconf 84' lang='lat' dir='ltr'><strong>corpOris,</strong></span> <span class='ocrx_word' id='word_1_712' title='bbox 2039 4781 2092 4822; x_wconf 91' lang='lat' dir='ltr'><strong>et</strong></span> <span class='ocrx_word' id='word_1_713' title='bbox 2126 4770 2178 4823; x_wconf 90' lang='lat' dir='ltr'><strong>in</strong></span> <span class='ocrx_word' id='word_1_714' title='bbox 2210 4787 2305 4824; x_wconf 91' lang='lat' dir='ltr'><strong>su-</strong></span> 
     </span>
    </p>
   </div>
   <div class='ocr_carea' id='block_1_96' title="bbox 726 4857 2308 4934">
    <p class='ocr_par' dir='ltr' id='par_1_96' title="bbox 726 4857 2308 4934">
     <span class='ocr_line' id='line_1_96' title="bbox 726 4857 2308 4934; baseline 0.007 -30"><span class='ocrx_word' id='word_1_715' title='bbox 726 4857 1084 4920; x_wconf 85' lang='lat' dir='ltr'><strong>pervacaneis</strong></span> <span class='ocrx_word' id='word_1_716' title='bbox 1111 4858 1270 4910; x_wconf 82' lang='lat' dir='ltr'><strong>rebus</strong></span> <span class='ocrx_word' id='word_1_717' title='bbox 1304 4873 1425 4912; x_wconf 89' lang='lat' dir='ltr'><strong>sese</strong></span> <span class='ocrx_word' id='word_1_718' title='bbox 1478 4868 1739 4914; x_wconf 86' lang='lat' dir='ltr'><strong>macerat.</strong></span> <span class='ocrx_word' id='word_1_719' title='bbox 1791 4860 2094 4928; x_wconf 82' lang='lat' dir='ltr'><strong>Utrumque</strong></span> <span class='ocrx_word' id='word_1_720' title='bbox 2143 4863 2308 4934; x_wconf 87' lang='lat' dir='ltr'><strong>igitur</strong></span> 
     </span>
    </p>
   </div>
   <div class='ocr_carea' id='block_1_97' title="bbox 728 4933 2305 5013">
    <p class='ocr_par' dir='ltr' id='par_1_97' title="bbox 728 4933 2305 5013">
     <span class='ocr_line' id='line_1_97' title="bbox 728 4933 2305 5013; baseline 0.009 -17"><span class='ocrx_word' id='word_1_721' title='bbox 728 4945 1019 5013; x_wconf 86' lang='lat' dir='ltr'><strong>appellavit</strong></span> <span class='ocrx_word' id='word_1_722' title='bbox 1073 4948 1432 5011; x_wconf 85' lang='lat' dir='ltr'><strong>imnmudum,</strong></span> <span class='ocrx_word' id='word_1_723' title='bbox 1493 4964 1548 5006; x_wconf 91' lang='lat' dir='ltr'><strong>et</strong></span> <span class='ocrx_word' id='word_1_724' title='bbox 1607 4955 1822 5008; x_wconf 88' lang='lat' dir='ltr'><strong>merito.</strong></span> <span class='ocrx_word' id='word_1_725' title='bbox 1885 4934 2092 5008; x_wconf 85' lang='lat' dir='ltr'><strong>Natura</strong></span> <span class='ocrx_word' id='word_1_726' title='bbox 2160 4933 2305 5011; x_wconf 83' lang='lat' dir='ltr'><strong>enim</strong></span> 
     </span>
    </p>
   </div>
   <div class='ocr_carea' id='block_1_98' title="bbox 685 5042 2305 5119">
    <p class='ocr_par' dir='ltr' id='par_1_98' title="bbox 685 5042 2305 5119">
     <span class='ocr_line' id='line_1_98' title="bbox 685 5042 2305 5119; baseline 0.009 -31"><span class='ocrx_word' id='word_1_727' title='bbox 685 5117 687 5119; x_wconf 14' lang='grc' dir='ltr'><strong><em>ι</em></strong></span> <span class='ocrx_word' id='word_1_728' title='bbox 728 5042 922 5104; x_wconf 66' lang='lat' dir='ltr'><strong>quaarit</strong></span> <span class='ocrx_word' id='word_1_729' title='bbox 979 5057 1174 5111; x_wconf 81' lang='lat' dir='ltr'><strong>partem</strong></span> <span class='ocrx_word' id='word_1_730' title='bbox 1211 5055 1263 5100; x_wconf 91' lang='lat' dir='ltr'><strong>ct</strong></span> <span class='ocrx_word' id='word_1_731' title='bbox 1308 5047 1714 5111; x_wconf 89' lang='lat' dir='ltr'><strong>vestimentum,</strong></span> <span class='ocrx_word' id='word_1_732' title='bbox 1751 5063 1872 5115; x_wconf 67' lang='lat' dir='ltr'><strong>quae</strong></span> <span class='ocrx_word' id='word_1_733' title='bbox 1921 5050 2204 5118; x_wconf 87' lang='lat' dir='ltr'><strong>suppleaut</strong></span> <span class='ocrx_word' id='word_1_734' title='bbox 2255 5052 2305 5102; x_wconf 91' lang='lat' dir='ltr'><strong>id</strong></span> 
     </span>
    </p>
   </div>
   <div class='ocr_carea' id='block_1_99' title="bbox 729 5131 2304 5206">
    <p class='ocr_par' dir='ltr' id='par_1_99' title="bbox 729 5131 2304 5206">
     <span class='ocr_line' id='line_1_99' title="bbox 729 5131 2304 5206; baseline 0.011 -31"><span class='ocrx_word' id='word_1_735' title='bbox 729 5131 872 5191; x_wconf 79' lang='lat' dir='ltr'><strong>quod</strong></span> <span class='ocrx_word' id='word_1_736' title='bbox 926 5133 1138 5198; x_wconf 92' lang='lat' dir='ltr'><strong>corpori</strong></span> <span class='ocrx_word' id='word_1_737' title='bbox 1197 5133 1394 5196; x_wconf 76' lang='lat' dir='ltr'><strong>deest,</strong></span> <span class='ocrx_word' id='word_1_738' title='bbox 1453 5136 1597 5202; x_wconf 81' lang='lat' dir='ltr'><strong>quod</strong></span> <span class='ocrx_word' id='word_1_739' title='bbox 1652 5147 1704 5189; x_wconf 93' lang='lat' dir='ltr'><strong>et</strong></span> <span class='ocrx_word' id='word_1_740' title='bbox 1763 5135 1933 5192; x_wconf 82' lang='lat' dir='ltr'><strong>Jacob</strong></span> <span class='ocrx_word' id='word_1_741' title='bbox 1981 5140 2304 5206; x_wconf 84' lang='lat' dir='ltr'><strong>precabatur</strong></span> 
     </span>
    </p>
   </div>
   <div class='ocr_carea' id='block_1_100' title="bbox 728 5220 2301 5298">
    <p class='ocr_par' dir='ltr' id='par_1_100' title="bbox 728 5220 2301 5298">
     <span class='ocr_line' id='line_1_100' title="bbox 728 5220 2301 5298; baseline 0.01 -29"><span class='ocrx_word' id='word_1_742' title='bbox 728 5221 918 5274; x_wconf 84' lang='lat' dir='ltr'><strong>dicens</strong></span> <span class='ocrx_word' id='word_1_743' title='bbox 951 5239 965 5278; x_wconf 89' lang='lat'><strong>:</strong></span> <span class='ocrx_word' id='word_1_744' title='bbox 1007 5242 1025 5273; x_wconf 76' lang='grc' dir='ltr'><strong>ι</strong></span> <span class='ocrx_word' id='word_1_745' title='bbox 1059 5220 1113 5278; x_wconf 87' lang='lat' dir='ltr'><strong>Si</strong></span> <span class='ocrx_word' id='word_1_746' title='bbox 1157 5227 1457 5292; x_wconf 79' lang='lat' dir='ltr'><strong>respexerit</strong></span> <span class='ocrx_word' id='word_1_747' title='bbox 1495 5227 1632 5282; x_wconf 87' lang='lat' dir='ltr'><strong>Deus</strong></span> <span class='ocrx_word' id='word_1_748' title='bbox 1671 5230 1842 5298; x_wconf 91' lang='lat' dir='ltr'><strong>patris</strong></span> <span class='ocrx_word' id='word_1_749' title='bbox 1877 5231 2002 5294; x_wconf 92' lang='lat' dir='ltr'><strong>mei,</strong></span> <span class='ocrx_word' id='word_1_750' title='bbox 2049 5241 2102 5284; x_wconf 91' lang='lat' dir='ltr'><strong>et</strong></span> <span class='ocrx_word' id='word_1_751' title='bbox 2138 5233 2301 5285; x_wconf 89' lang='lat' dir='ltr'><strong>dede-</strong></span> 
     </span>
    </p>
   </div>
   <div class='ocr_carea' id='block_1_101' title="bbox 733 5312 2305 5382">
    <p class='ocr_par' dir='ltr' id='par_1_101' title="bbox 733 5312 2305 5382">
     <span class='ocr_line' id='line_1_101' title="bbox 733 5312 2305 5382; baseline 0.008 -21"><span class='ocrx_word' id='word_1_752' title='bbox 733 5312 803 5367; x_wconf 86' lang='lat' dir='ltr'><strong>rit</strong></span> <span class='ocrx_word' id='word_1_753' title='bbox 830 5312 958 5366; x_wconf 85' lang='lat' dir='ltr'><strong>mihi</strong></span> <span class='ocrx_word' id='word_1_754' title='bbox 993 5329 1187 5382; x_wconf 81' lang='lat' dir='ltr'><strong>panem</strong></span> <span class='ocrx_word' id='word_1_755' title='bbox 1219 5328 1272 5369; x_wconf 84' lang='lat' dir='ltr'><strong>et</strong></span> <span class='ocrx_word' id='word_1_756' title='bbox 1302 5320 1681 5372; x_wconf 83' lang='lat' dir='ltr'><strong>veStimentum</strong></span> <span class='ocrx_word' id='word_1_757' title='bbox 1715 5321 1780 5374; x_wconf 69' lang='lat'><strong>“-&#39;.</strong></span> <span class='ocrx_word' id='word_1_758' title='bbox 1819 5340 1836 5371; x_wconf 77' lang='grc' dir='ltr'><strong>ι</strong></span> <span class='ocrx_word' id='word_1_759' title='bbox 1906 5322 1980 5374; x_wconf 87' lang='lat' dir='ltr'><strong>Ita</strong></span> <span class='ocrx_word' id='word_1_760' title='bbox 2016 5323 2178 5376; x_wconf 92' lang='lat' dir='ltr'><strong>etiam</strong></span> <span class='ocrx_word' id='word_1_761' title='bbox 2211 5326 2305 5375; x_wconf 84' lang='lat' dir='ltr'><strong>ad-</strong></span> 
     </span>
    </p>
   </div>
   <div class='ocr_carea' id='block_1_102' title="bbox 734 5407 2308 5480">
    <p class='ocr_par' dir='ltr' id='par_1_102' title="bbox 734 5407 2308 5480">
     <span class='ocr_line' id='line_1_102' title="bbox 734 5407 2308 5480; baseline 0.01 -29"><span class='ocrx_word' id='word_1_762' title='bbox 734 5415 914 5455; x_wconf 88' lang='lat' dir='ltr'><strong>monet</strong></span> <span class='ocrx_word' id='word_1_763' title='bbox 945 5421 1041 5458; x_wconf 93' lang='lat' dir='ltr'><strong>nos</strong></span> <span class='ocrx_word' id='word_1_764' title='bbox 1065 5407 1116 5459; x_wconf 92' lang='lat' dir='ltr'><strong>in</strong></span> <span class='ocrx_word' id='word_1_765' title='bbox 1151 5411 1396 5464; x_wconf 78' lang='lat' dir='ltr'><strong>oratione</strong></span> <span class='ocrx_word' id='word_1_766' title='bbox 1430 5411 1700 5475; x_wconf 70' lang='lat' dir='ltr'><strong>Salvator,</strong></span> <span class='ocrx_word' id='word_1_767' title='bbox 1738 5429 1803 5465; x_wconf 90' lang='lat' dir='ltr'><strong>ne</strong></span> <span class='ocrx_word' id='word_1_768' title='bbox 1832 5413 1948 5480; x_wconf 91' lang='lat' dir='ltr'><strong>plus</strong></span> <span class='ocrx_word' id='word_1_769' title='bbox 1975 5415 2042 5467; x_wconf 88' lang='lat' dir='ltr'><strong>de</strong></span> <span class='ocrx_word' id='word_1_770' title='bbox 2076 5415 2308 5468; x_wconf 79' lang='lat' dir='ltr'><strong>terrenis</strong></span> 
     </span>
    </p>
   </div>
   <div class='ocr_carea' id='block_1_103' title="bbox 729 5499 2303 5576">
    <p class='ocr_par' dir='ltr' id='par_1_103' title="bbox 729 5499 2303 5576">
     <span class='ocr_line' id='line_1_103' title="bbox 729 5499 2303 5576; baseline 0.009 -30"><span class='ocrx_word' id='word_1_771' title='bbox 729 5499 892 5549; x_wconf 64' lang='lat' dir='ltr'><strong>rebus</strong></span> <span class='ocrx_word' id='word_1_772' title='bbox 942 5506 1208 5563; x_wconf 87' lang='lat' dir='ltr'><strong>petamus,</strong></span> <span class='ocrx_word' id='word_1_773' title='bbox 1245 5518 1406 5571; x_wconf 90' lang='lat' dir='ltr'><strong>quam</strong></span> <span class='ocrx_word' id='word_1_774' title='bbox 1448 5513 1505 5558; x_wconf 90' lang='lat' dir='ltr'><strong>ut</strong></span> <span class='ocrx_word' id='word_1_775' title='bbox 1543 5520 1735 5572; x_wconf 86' lang='lat' dir='ltr'><strong>panem</strong></span> <span class='ocrx_word' id='word_1_776' title='bbox 1781 5506 2156 5568; x_wconf 83' lang='lat' dir='ltr'><strong>quotidianum</strong></span> <span class='ocrx_word' id='word_1_777' title='bbox 2189 5507 2303 5576; x_wconf 80' lang='lat'><strong>(95)</strong></span> 
     </span>
    </p>
   </div>
   <div class='ocr_carea' id='block_1_104' title="bbox 2423 4577 4009 4649">
    <p class='ocr_par' dir='ltr' id='par_1_104' title="bbox 2423 4577 4009 4649">
     <span class='ocr_line' id='line_1_104' title="bbox 2423 4577 4009 4649; baseline -0.001 -19"><span class='ocrx_word' id='word_1_778' title='bbox 2423 4579 2580 4641; x_wconf 86' lang='grc' dir='ltr'>ἰδίαις</span> <span class='ocrx_word' id='word_1_779' title='bbox 2606 4580 2792 4649; x_wconf 81' lang='grc' dir='ltr'>χερσὶν</span> <span class='ocrx_word' id='word_1_780' title='bbox 2819 4579 3015 4647; x_wconf 74' lang='grc' dir='ltr'>ἔχοντα</span> <span class='ocrx_word' id='word_1_781' title='bbox 3037 4580 3136 4647; x_wconf 83' lang='grc' dir='ltr'>τὴν</span> <span class='ocrx_word' id='word_1_782' title='bbox 3160 4577 3351 4630; x_wconf 83' lang='grc' dir='ltr'>ὲλπίδα</span> <span class='ocrx_word' id='word_1_783' title='bbox 3373 4577 3467 4630; x_wconf 81' lang='grc' dir='ltr'>τοῦ</span> <span class='ocrx_word' id='word_1_784' title='bbox 3489 4577 3610 4648; x_wconf 72' lang='grc' dir='ltr'><strong>ζῇνο</strong></span> <span class='ocrx_word' id='word_1_785' title='bbox 3635 4578 4009 4647; x_wconf 84' lang='grc' dir='ltr'>πολυπληθεῖν</span> 
     </span>
    </p>
   </div>
   <div class='ocr_carea' id='block_1_105' title="bbox 2416 4653 4006 4740">
    <p class='ocr_par' dir='ltr' id='par_1_105' title="bbox 2416 4668 4006 4740">
     <span class='ocr_line' id='line_1_105' title="bbox 2416 4668 4006 4740; baseline -0.001 -17"><span class='ocrx_word' id='word_1_786' title='bbox 2416 4672 2471 4723; x_wconf 76' lang='grc' dir='ltr'>δὲ</span> <span class='ocrx_word' id='word_1_787' title='bbox 2493 4668 2612 4722; x_wconf 88' lang='grc' dir='ltr'>εἷπε</span> <span class='ocrx_word' id='word_1_788' title='bbox 2635 4673 2758 4724; x_wconf 81' lang='grc' dir='ltr'>ποσὶ</span> <span class='ocrx_word' id='word_1_789' title='bbox 2788 4671 2878 4722; x_wconf 77' lang='grc' dir='ltr'><strong>τὸν</strong></span> <span class='ocrx_word' id='word_1_790' title='bbox 2906 4672 3066 4740; x_wconf 79' lang='grc' dir='ltr'>πέριξ</span> <span class='ocrx_word' id='word_1_791' title='bbox 3084 4670 3192 4722; x_wconf 89' lang='grc' dir='ltr'><strong>τῶν</strong></span> <span class='ocrx_word' id='word_1_792' title='bbox 3211 4671 3540 4737; x_wconf 87' lang='grc' dir='ltr'>σωματικῶν</span> <span class='ocrx_word' id='word_1_793' title='bbox 3559 4671 4006 4740; x_wconf 50' lang='grc' dir='ltr'>περιερχόμενοι),</span> 
     </span>
    </p>
   </div>
   <div class='ocr_carea' id='block_1_106' title="bbox 2419 4762 4007 4833">
    <p class='ocr_par' dir='ltr' id='par_1_106' title="bbox 2419 4762 4007 4833">
     <span class='ocr_line' id='line_1_106' title="bbox 2419 4762 4007 4833; baseline 0 -17"><span class='ocrx_word' id='word_1_794' title='bbox 2419 4765 2511 4816; x_wconf 70' lang='grc' dir='ltr'>καὶ</span> <span class='ocrx_word' id='word_1_795' title='bbox 2533 4762 2939 4833; x_wconf 86' lang='grc' dir='ltr'>κατατρύχοντα</span> <span class='ocrx_word' id='word_1_796' title='bbox 2978 4763 3168 4816; x_wconf 80' lang='grc' dir='ltr'>ἑαυτὸν</span> <span class='ocrx_word' id='word_1_797' title='bbox 3213 4765 3271 4813; x_wconf 80' lang='grc' dir='ltr'>ἐν</span> <span class='ocrx_word' id='word_1_798' title='bbox 3290 4766 3402 4824; x_wconf 90' lang='grc' dir='ltr'>τοῖς</span> <span class='ocrx_word' id='word_1_799' title='bbox 3423 4765 3716 4833; x_wconf 86' lang='grc' dir='ltr'>περιττοῖς.</span> <span class='ocrx_word' id='word_1_800' title='bbox 3735 4764 4007 4832; x_wconf 79' lang='grc' dir='ltr'><strong>Ἀμφοτέ-</strong></span> 
     </span>
    </p>
   </div>
   <div class='ocr_carea' id='block_1_107' title="bbox 2418 4853 4003 4925">
    <p class='ocr_par' dir='ltr' id='par_1_107' title="bbox 2418 4853 4003 4925">
     <span class='ocr_line' id='line_1_107' title="bbox 2418 4853 4003 4925; baseline -0.001 -18"><span class='ocrx_word' id='word_1_801' title='bbox 2418 4873 2545 4925; x_wconf 84' lang='grc' dir='ltr'>ρους</span> <span class='ocrx_word' id='word_1_802' title='bbox 2565 4853 2656 4908; x_wconf 75' lang='grc' dir='ltr'>οὖν</span> <span class='ocrx_word' id='word_1_803' title='bbox 2677 4857 3022 4923; x_wconf 86' lang='grc' dir='ltr'>ἀκαθάρτους</span> <span class='ocrx_word' id='word_1_804' title='bbox 3041 4856 3288 4919; x_wconf 79' lang='grc' dir='ltr'>ἐκάλεσε,</span> <span class='ocrx_word' id='word_1_805' title='bbox 3312 4856 3405 4908; x_wconf 69' lang='grc' dir='ltr'>καὶ</span> <span class='ocrx_word' id='word_1_806' title='bbox 3430 4856 3682 4917; x_wconf 74' lang='grc' dir='ltr'>είκότωςο</span> <span class='ocrx_word' id='word_1_807' title='bbox 3702 4858 3734 4925; x_wconf 80' lang='grc' dir='ltr'><strong>ή</strong></span> <span class='ocrx_word' id='word_1_808' title='bbox 3757 4857 3868 4925; x_wconf 70' lang='grc' dir='ltr'>γὰρ</span> <span class='ocrx_word' id='word_1_809' title='bbox 3899 4859 4003 4922; x_wconf 80' lang='grc' dir='ltr'><strong>φύ-</strong></span> 
     </span>
    </p>
   </div>
   <div class='ocr_carea' id='block_1_108' title="bbox 2412 4947 4001 5020">
    <p class='ocr_par' dir='ltr' id='par_1_108' title="bbox 2412 4947 4001 5020">
     <span class='ocr_line' id='line_1_108' title="bbox 2412 4947 4001 5020; baseline -0.001 -19"><span class='ocrx_word' id='word_1_810' title='bbox 2412 4967 2494 5013; x_wconf 85' lang='grc' dir='ltr'><strong>σις</strong></span> <span class='ocrx_word' id='word_1_811' title='bbox 2507 4951 2670 5018; x_wconf 86' lang='grc' dir='ltr'>ἀρτον</span> <span class='ocrx_word' id='word_1_812' title='bbox 2687 4949 2839 5020; x_wconf 80' lang='grc' dir='ltr'>ζητεῖ</span> <span class='ocrx_word' id='word_1_813' title='bbox 2855 4950 2948 5001; x_wconf 70' lang='grc' dir='ltr'>καὶ</span> <span class='ocrx_word' id='word_1_814' title='bbox 2969 4950 3182 5018; x_wconf 88' lang='grc' dir='ltr'>ἱμάτιον</span> <span class='ocrx_word' id='word_1_815' title='bbox 3200 4948 3616 5018; x_wconf 82' lang='grc' dir='ltr'>ἀναπληροῦντα</span> <span class='ocrx_word' id='word_1_816' title='bbox 3632 4948 3692 5000; x_wconf 76' lang='grc' dir='ltr'><strong>τὸ</strong></span> <span class='ocrx_word' id='word_1_817' title='bbox 3711 4947 3889 5000; x_wconf 80' lang='grc' dir='ltr'>ἐνδέον</span> <span class='ocrx_word' id='word_1_818' title='bbox 3908 4947 4001 5000; x_wconf 75' lang='grc' dir='ltr'><strong>τοῦ</strong></span> 
     </span>
    </p>
   </div>
   <div class='ocr_carea' id='block_1_109' title="bbox 2410 5039 4001 5111">
    <p class='ocr_par' dir='ltr' id='par_1_109' title="bbox 2410 5039 4001 5111">
     <span class='ocr_line' id='line_1_109' title="bbox 2410 5039 4001 5111; baseline -0.001 -17"><span class='ocrx_word' id='word_1_819' title='bbox 2410 5043 2684 5111; x_wconf 83' lang='grc' dir='ltr'>σώματος,</span> <span class='ocrx_word' id='word_1_820' title='bbox 2703 5043 2731 5093; x_wconf 87' lang='grc' dir='ltr'>ὃ</span> <span class='ocrx_word' id='word_1_821' title='bbox 2752 5044 2847 5094; x_wconf 83' lang='grc' dir='ltr'>καὶ</span> <span class='ocrx_word' id='word_1_822' title='bbox 2896 5039 3088 5094; x_wconf 84' lang='grc' dir='ltr'>Ἰακὼό</span> <span class='ocrx_word' id='word_1_823' title='bbox 3114 5041 3386 5111; x_wconf 85' lang='grc' dir='ltr'>έπηύχετο</span> <span class='ocrx_word' id='word_1_824' title='bbox 3408 5041 3614 5105; x_wconf 87' lang='grc' dir='ltr'>λέγων·</span> <span class='ocrx_word' id='word_1_825' title='bbox 3658 5058 3676 5090; x_wconf 75' lang='grc' dir='ltr'><strong>ι</strong></span> <span class='ocrx_word' id='word_1_826' title='bbox 3718 5039 3844 5093; x_wconf 78' lang='grc' dir='ltr'>Ἐάν</span> <span class='ocrx_word' id='word_1_827' title='bbox 3878 5041 4001 5092; x_wconf 76' lang='grc' dir='ltr'>ἑπι-</span> 
     </span>
    </p>
   </div>
   <div class='ocr_carea' id='block_1_110' title="bbox 2408 5130 4002 5202">
    <p class='ocr_par' dir='ltr' id='par_1_110' title="bbox 2408 5130 4002 5202">
     <span class='ocr_line' id='line_1_110' title="bbox 2408 5130 4002 5202; baseline -0.001 -19"><span class='ocrx_word' id='word_1_828' title='bbox 2408 5131 2579 5202; x_wconf 68' lang='grc' dir='ltr'>6λέψῇ</span> <span class='ocrx_word' id='word_1_829' title='bbox 2600 5134 2626 5184; x_wconf 86' lang='grc' dir='ltr'>ὁ</span> <span class='ocrx_word' id='word_1_830' title='bbox 2647 5133 2778 5194; x_wconf 67' lang='grc' dir='ltr'>Θεὶς</span> <span class='ocrx_word' id='word_1_831' title='bbox 2805 5131 2896 5183; x_wconf 81' lang='grc' dir='ltr'>τοῦ</span> <span class='ocrx_word' id='word_1_832' title='bbox 2924 5131 3128 5200; x_wconf 86' lang='grc' dir='ltr'>πατρός</span> <span class='ocrx_word' id='word_1_833' title='bbox 3156 5149 3280 5200; x_wconf 89' lang='grc' dir='ltr'>μου,</span> <span class='ocrx_word' id='word_1_834' title='bbox 3306 5133 3399 5183; x_wconf 69' lang='grc' dir='ltr'>καὶ</span> <span class='ocrx_word' id='word_1_835' title='bbox 3561 5147 3649 5200; x_wconf 85' lang='grc' dir='ltr'><strong>μοι</strong></span> <span class='ocrx_word' id='word_1_836' title='bbox 3667 5130 3852 5199; x_wconf 73' lang='grc' dir='ltr'>ἄρτον,</span> <span class='ocrx_word' id='word_1_837' title='bbox 3905 5131 4002 5182; x_wconf 76' lang='grc' dir='ltr'>καὶ</span> 
     </span>
    </p>
   </div>
   <div class='ocr_carea' id='block_1_111' title="bbox 2417 5223 4003 5294">
    <p class='ocr_par' dir='ltr' id='par_1_111' title="bbox 2417 5223 4003 5294">
     <span class='ocr_line' id='line_1_111' title="bbox 2417 5223 4003 5294; baseline -0.002 -18"><span class='ocrx_word' id='word_1_838' title='bbox 2417 5225 2656 5294; x_wconf 71' lang='grc' dir='ltr'>ἱμάτιον.</span> <span class='ocrx_word' id='word_1_839' title='bbox 2701 5224 2860 5277; x_wconf 80' lang='grc' dir='ltr'>Οὕτω</span> <span class='ocrx_word' id='word_1_840' title='bbox 2899 5227 2994 5278; x_wconf 76' lang='grc' dir='ltr'>καὶ</span> <span class='ocrx_word' id='word_1_841' title='bbox 3028 5227 3087 5278; x_wconf 85' lang='grc' dir='ltr'>ὲν</span> <span class='ocrx_word' id='word_1_842' title='bbox 3117 5226 3181 5293; x_wconf 83' lang='grc' dir='ltr'><strong>τῇ</strong></span> <span class='ocrx_word' id='word_1_843' title='bbox 3216 5227 3496 5293; x_wconf 80' lang='grc' dir='ltr'>προσευχῇ</span> <span class='ocrx_word' id='word_1_844' title='bbox 3533 5224 3790 5291; x_wconf 89' lang='grc' dir='ltr'>παραινεῖ</span> <span class='ocrx_word' id='word_1_845' title='bbox 3817 5224 3844 5273; x_wconf 84' lang='grc' dir='ltr'>ὁ</span> <span class='ocrx_word' id='word_1_846' title='bbox 3886 5223 4003 5274; x_wconf 86' lang='grc' dir='ltr'><strong>Σω-</strong></span> 
     </span>
    </p>
   </div>
   <div class='ocr_carea' id='block_1_112' title="bbox 2417 5317 4001 5389">
    <p class='ocr_par' dir='ltr' id='par_1_112' title="bbox 2417 5317 4001 5389">
     <span class='ocr_line' id='line_1_112' title="bbox 2417 5317 4001 5389; baseline -0.001 -20"><span class='ocrx_word' id='word_1_847' title='bbox 2417 5319 2522 5389; x_wconf 69' lang='grc' dir='ltr'>τὴρ</span> <span class='ocrx_word' id='word_1_848' title='bbox 2599 5319 2674 5386; x_wconf 84' lang='grc' dir='ltr'>μὴ</span> <span class='ocrx_word' id='word_1_849' title='bbox 2735 5319 2898 5370; x_wconf 81' lang='grc' dir='ltr'>πλέον</span> <span class='ocrx_word' id='word_1_850' title='bbox 2947 5317 3204 5387; x_wconf 75' lang='grc' dir='ltr'>εῦχεσθαι</span> <span class='ocrx_word' id='word_1_851' title='bbox 3255 5317 3365 5368; x_wconf 89' lang='grc' dir='ltr'><strong>τῶν</strong></span> <span class='ocrx_word' id='word_1_852' title='bbox 3408 5317 3503 5368; x_wconf 83' lang='grc' dir='ltr'><strong>τοῦ</strong></span> <span class='ocrx_word' id='word_1_853' title='bbox 3538 5319 3767 5384; x_wconf 80' lang='grc' dir='ltr'>κόσμου,</span> <span class='ocrx_word' id='word_1_854' title='bbox 3811 5317 3843 5384; x_wconf 80' lang='grc' dir='ltr'>ἢ</span> <span class='ocrx_word' id='word_1_855' title='bbox 3907 5317 4001 5367; x_wconf 78' lang='grc' dir='ltr'>τὸν</span> 
     </span>
    </p>
   </div>
   <div class='ocr_carea' id='block_1_113' title="bbox 2413 5408 3999 5480">
    <p class='ocr_par' dir='ltr' id='par_1_113' title="bbox 2413 5408 3999 5480">
     <span class='ocr_line' id='line_1_113' title="bbox 2413 5408 3999 5480; baseline -0.002 -19"><span class='ocrx_word' id='word_1_856' title='bbox 2413 5410 2692 5462; x_wconf 77' lang='grc' dir='ltr'>ἐπιούσιον</span> <span class='ocrx_word' id='word_1_857' title='bbox 2732 5411 2899 5480; x_wconf 86' lang='grc' dir='ltr'>ἀρτον</span> <span class='ocrx_word' id='word_1_858' title='bbox 2924 5410 3114 5469; x_wconf 73' lang='grc' dir='ltr'>λαϐεῖν</span> <span class='ocrx_word' id='word_1_859' title='bbox 3145 5424 3160 5438; x_wconf 86' lang='grc'>⁶</span> <span class='ocrx_word' id='word_1_860' title='bbox 3192 5410 3254 5461; x_wconf 84' lang='grc' dir='ltr'>οὐ</span> <span class='ocrx_word' id='word_1_861' title='bbox 3282 5409 3521 5479; x_wconf 80' lang='grc' dir='ltr'>τρυφὴν,</span> <span class='ocrx_word' id='word_1_862' title='bbox 3555 5409 3651 5461; x_wconf 75' lang='grc' dir='ltr'>καὶ</span> <span class='ocrx_word' id='word_1_863' title='bbox 3684 5408 3782 5475; x_wconf 81' lang='grc' dir='ltr'>τὴν</span> <span class='ocrx_word' id='word_1_864' title='bbox 3815 5410 3999 5459; x_wconf 82' lang='grc' dir='ltr'>ποικί-</span> 
     </span>
    </p>
   </div>
   <div class='ocr_carea' id='block_1_114' title="bbox 2412 5485 3994 5579">
    <p class='ocr_par' dir='ltr' id='par_1_114' title="bbox 2412 5485 3994 5579">
     <span class='ocr_line' id='line_1_114' title="bbox 2412 5485 3994 5579; baseline 0.003 -22"><span class='ocrx_word' id='word_1_865' title='bbox 2412 5509 2508 5576; x_wconf 88' lang='grc' dir='ltr'><strong>λην</strong></span> <span class='ocrx_word' id='word_1_866' title='bbox 2533 5507 2643 5559; x_wconf 87' lang='grc' dir='ltr'><strong>τῶν</strong></span> <span class='ocrx_word' id='word_1_867' title='bbox 2682 5509 2966 5579; x_wconf 82' lang='grc' dir='ltr'>μαγείρων</span> <span class='ocrx_word' id='word_1_868' title='bbox 2991 5485 3199 5577; x_wconf 75' lang='grc' dir='ltr'>χλιδὴν,</span> <span class='ocrx_word' id='word_1_869' title='bbox 3229 5506 3339 5559; x_wconf 76' lang='grc' dir='ltr'>οὐδ’</span> <span class='ocrx_word' id='word_1_870' title='bbox 3367 5506 3612 5568; x_wconf 84' lang='grc' dir='ltr'>εὐανθεῖς</span> <span class='ocrx_word' id='word_1_871' title='bbox 3645 5506 3994 5576; x_wconf 77' lang='grc' dir='ltr'>ἁλουργίδας.</span> 
     </span>
    </p>
   </div>
   <div class='ocr_carea' id='block_1_115' title="bbox 799 5613 2322 5706">
    <p class='ocr_par' dir='ltr' id='par_1_115' title="bbox 799 5613 2313 5691">
     <span class='ocr_line' id='line_1_115' title="bbox 799 5613 2313 5691; baseline 0.009 -27"><span class='ocrx_word' id='word_1_872' title='bbox 799 5613 845 5644; x_wconf 70' lang='grc'>⁸³</span> <span class='ocrx_word' id='word_1_873' title='bbox 879 5614 1017 5667; x_wconf 76' lang='lat' dir='ltr'><strong>Psal.</strong></span> <span class='ocrx_word' id='word_1_874' title='bbox 1056 5629 1234 5681; x_wconf 68' lang='lat' dir='ltr'><strong>cun,</strong></span> <span class='ocrx_word' id='word_1_875' title='bbox 1266 5622 1320 5675; x_wconf 89' lang='lat'><strong>9.</strong></span> <span class='ocrx_word' id='word_1_876' title='bbox 1403 5622 1449 5652; x_wconf 71' lang='lat'><strong>“</strong></span> <span class='ocrx_word' id='word_1_877' title='bbox 1498 5621 1670 5675; x_wconf 69' lang='lat' dir='ltr'><strong>Galat.</strong></span> <span class='ocrx_word' id='word_1_878' title='bbox 1718 5638 1788 5685; x_wconf 66' lang='grc' dir='ltr'><strong>τι,</strong></span> <span class='ocrx_word' id='word_1_879' title='bbox 1822 5620 1872 5673; x_wconf 89' lang='lat'><strong>8.</strong></span> <span class='ocrx_word' id='word_1_880' title='bbox 1950 5623 1994 5653; x_wconf 74' lang='grc'><strong>⁸⁸</strong></span> <span class='ocrx_word' id='word_1_881' title='bbox 2027 5622 2199 5677; x_wconf 86' lang='lat' dir='ltr'><strong>Levit.</strong></span> <span class='ocrx_word' id='word_1_882' title='bbox 2234 5640 2313 5691; x_wconf 76' lang='grc' dir='ltr'>ιι,</span> 
     </span>
    </p>
   </div>
   <div class='ocr_carea' id='block_1_116' title="bbox 2428 5613 3197 5706">
    <p class='ocr_par' dir='ltr' id='par_1_116' title="bbox 2428 5624 3197 5706">
     <span class='ocr_line' id='line_1_116' title="bbox 2428 5624 3197 5706; baseline -0.007 -24"><span class='ocrx_word' id='word_1_883' title='bbox 2428 5667 2439 5692; x_wconf 86' lang='grc'><strong>,</strong></span> <span class='ocrx_word' id='word_1_884' title='bbox 2468 5628 2558 5681; x_wconf 72' lang='grc'><strong>42.</strong></span> <span class='ocrx_word' id='word_1_885' title='bbox 2633 5629 2680 5659; x_wconf 69' lang='grc'><strong>⁸⁸</strong></span> <span class='ocrx_word' id='word_1_886' title='bbox 2712 5627 2849 5706; x_wconf 86' lang='lat' dir='ltr'><strong>Gen.</strong></span> <span class='ocrx_word' id='word_1_887' title='bbox 2882 5642 3068 5690; x_wconf 79' lang='lat' dir='ltr'><strong>xxvut,</strong></span> <span class='ocrx_word' id='word_1_888' title='bbox 3108 5624 3197 5677; x_wconf 77' lang='grc' dir='ltr'><strong>ΞΟ.</strong></span> 
     </span>
    </p>
   </div>
   <div class='ocr_carea' id='block_1_117' title="bbox 1976 5720 2766 5784">
    <p class='ocr_par' dir='ltr' id='par_1_117' title="bbox 1976 5720 2766 5784">
     <span class='ocr_line' id='line_1_117' title="bbox 1976 5720 2766 5784; baseline 0 -6"><span class='ocrx_word' id='word_1_889' title='bbox 1976 5720 2296 5782; x_wconf 85' lang='lat' dir='ltr'><strong>Francisci</strong></span> <span class='ocrx_word' id='word_1_890' title='bbox 2332 5721 2540 5783; x_wconf 87' lang='lat' dir='ltr'><strong>Scorsi</strong></span> <span class='ocrx_word' id='word_1_891' title='bbox 2579 5729 2766 5784; x_wconf 59' lang='lat' dir='ltr'><strong>notae.</strong></span> 
     </span>
    </p>
   </div>
   <div class='ocr_carea' id='block_1_118' title="bbox 801 5812 3992 5892">
    <p class='ocr_par' dir='ltr' id='par_1_118' title="bbox 801 5812 3992 5892">
     <span class='ocr_line' id='line_1_118' title="bbox 801 5812 3992 5892; baseline 0.006 -28"><span class='ocrx_word' id='word_1_892' title='bbox 801 5812 909 5874; x_wconf 82' lang='grc'><strong>(95)</strong></span> <span class='ocrx_word' id='word_1_893' title='bbox 950 5813 1550 5886; x_wconf 72' lang='lat' dir='ltr'><strong>l’anemquotidiaamn.</strong></span> <span class='ocrx_word' id='word_1_894' title='bbox 1589 5820 1784 5878; x_wconf 76' lang='lat' dir='ltr'><strong>Vocem</strong></span> <span class='ocrx_word' id='word_1_895' title='bbox 1846 5824 2327 5892; x_wconf 62' lang='lat' dir='ltr'><strong>€12t0&#39;33t0‘l,t‘|ltaltl</strong></span> <span class='ocrx_word' id='word_1_896' title='bbox 2373 5829 2458 5884; x_wconf 88' lang='lat' dir='ltr'><strong>hie</strong></span> <span class='ocrx_word' id='word_1_897' title='bbox 2486 5828 2645 5883; x_wconf 85' lang='lat' dir='ltr'><strong>habet</strong></span> <span class='ocrx_word' id='word_1_898' title='bbox 2686 5838 2867 5884; x_wconf 89' lang='lat' dir='ltr'><strong>noster</strong></span> <span class='ocrx_word' id='word_1_899' title='bbox 2907 5828 2976 5883; x_wconf 88' lang='lat' dir='ltr'><strong>ita</strong></span> <span class='ocrx_word' id='word_1_900' title='bbox 3010 5828 3167 5883; x_wconf 78' lang='lat' dir='ltr'><strong>vertit</strong></span> <span class='ocrx_word' id='word_1_901' title='bbox 3208 5837 3398 5882; x_wconf 88' lang='lat' dir='ltr'><strong>auctor</strong></span> <span class='ocrx_word' id='word_1_902' title='bbox 3430 5826 3605 5886; x_wconf 80' lang='lat' dir='ltr'><strong>Gloss.</strong></span> <span class='ocrx_word' id='word_1_903' title='bbox 3658 5828 3847 5886; x_wconf 73' lang='lat' dir='ltr'><strong>Escur.</strong></span> <span class='ocrx_word' id='word_1_904' title='bbox 3903 5828 3992 5886; x_wconf 75' lang='grc' dir='ltr'>τὸν</span> 
     </span>
    </p>
   </div>
  </div>
