4184 6440
754 372 851 433 8‘21

1931 362 2428 423 TIIEOPHANIS
2466 362 2810 423 CERAMEI

3917 366 4013 427 828

751 480 916 530 tiores
946 473 1091 527 enim
1143 470 1633 541 propensioresque
1666 470 1731 523 ad
1760 469 2087 523 credendum
2108 468 2331 523 Christo

2437 471 2539 523 τῶν
2558 472 2731 525 ἐθνῶν
2751 473 2989 535 πίστεως
3006 474 3249 544 ἐλέγχων
3269 474 3633 547 ἀριδηλότατα
3653 491 3664 503 ·
3687 475 4011 546 ἑτοιμότερα

749 580 1105 637 suntgmites.
1146 564 1275 619 Vide
1305 565 1450 618 enim
1496 564 1569 616 uti
1607 577 1672 615 ex
1708 562 1971 615 diametro
2014 559 2322 614 Judarorum

746 661 1109 721 contumacia,
1162 666 1216 711 et
1261 658 1505 724 gentium
1557 656 1928 724 promptitndo
1977 654 2201 704 distent.
2248 652 2324 703 llli

751 768 943 822 nempe
981 752 1061 805 vel
1104 750 1446 805 contumeliis
1478 748 1725 801 insectati
1762 758 1882 799 sunt
1913 746 2221 808 Christum;
2272 754 2327 795 at

747 844 1165 914 SyrophwuisSa
1201 841 1421 911 gentilis
1454 856 1577 894 cum
1615 850 1779 903 esset,
1825 838 2097 905 indignam
2153 836 2325 903 gratia

746 956 803 992 se
839 942 1073 1003 vocavit,
1117 948 1170 993 et
1204 940 1281 990 uti
1336 936 1387 989 in
1438 937 1738 990 catulorum
1802 948 2025 985 numero
2076 945 2326 985 recense—

748 1042 915 1093 retur,
952 1046 1006 1085 et
1057 1030 1327 1099 particeps
1384 1030 1535 1082 lieret
1585 1027 1847 1079 micarum
1898 1038 1961 1077 ex
2010 1023 2324 1077 Judmurum

746 1140 930 1177 mensa
961 1122 1266 1175 cadentium
1300 1119 1627 1181 obsecravit,
1661 1133 1820 1185 quam
1857 1128 2035 1170 tamen
2064 1116 2136 1168 illi
2172 1130 2329 1181 repu-

754 1218 979 1269 diabant
1002 1217 1069 1267 ⁵⁵.
1097 1214 1159 1267 Ει
1185 1214 1269 1267 bic
1296 1213 1477 1265 itidem
1518 1211 1765 1263 centurio
1803 1211 2078 1277 indignum
2102 1208 2327 1258 omnino

748 1324 806 1362 se
829 1310 1056 1375 judirat,
1088 1309 1178 1377 qui
1213 1305 1501 1358 Dominum
1533 1304 1633 1356 sub
1665 1310 1866 1356 tectum
1898 1302 2119 1369 recipiat
2148 1316 2324 1353 suum.

746 1406 1090 1470 Quapropter
1120 1410 1170 1453 et
1204 1399 1278 1452 illi
1328 1397 1725 1450 incredulitatis
1760 1410 1870 1447 sua:
1907 1394 2125 1461 prmmia
2180 1408 2330 1445 recc-

746 1504 973 1562 perunt;
1027 1501 1079 1546 et
1115 1493 1166 1545 bi
1208 1492 1436 1559 gratiam
1488 1488 1680 1541 lucrati
1708 1498 1855 1549 sunt,
1905 1486 2187 1554 justilicati
2236 1499 2330 1552 per

751 1586 931 1639 Iidem.
986 1585 1089 1638 Sed
1138 1584 1283 1638 enim
1328 1582 1697 1637 narrationem
1736 1596 1927 1633 rursus
1957 1579 2023 1631 ab
2056 1578 2209 1630 initio
2248 1590 2332 1628 rc-

744 1685 1005 1744 petamus.

814 1953 870 2007 In
904 1953 994 2005 illo
1027 1961 1291 2015 tempore,
1329 1967 1345 1999 ι
1386 1948 1518 2001 Cum
1570 1938 1848 1999 introisset
1894 1944 2051 1997 Jcsus
2080 1941 2327 2006 Caphar-

743 2060 931 2107 naunr,
972 2043 1203 2095 accessit
1241 2042 1305 2092 ad
1360 2053 1482 2091 eum
1537 2036 1783 2089 centurio
1831 2049 2027 2100 rogans
2079 2046 2233 2092 eum,
2277 2042 2330 2083 et

745 2138 955 2191 dicens.
997 2154 1014 2186 ›
1057 2136 1199 2186 Sane
1236 2132 1452 2185 divinus
1486 2129 1658 2182 Lucas
1705 2129 1805 2180 hoc
1841 2125 2159 2179 miraculum
2203 2139 2327 2175 uar-

742 2246 875 2284 rans
908 2243 1009 2282 non
1047 2227 1221 2296 ipsius
1258 2210 1595 2279 centurionis
1649 2221 1863 2274 venisse
1905 2233 2231 2288 personam,
2278 2226 2331 2269 et

740 2322 907 2393 309
937 2336 1032 2392 per
1065 2336 1123 2375 se
1158 2320 1379 2388 petiisse
1414 2316 1569 2379 dicit,
1615 2316 1706 2368 sed
1747 2311 2055 2366 Iudaeorum
2087 2311 2331 2364 seniores

746 2426 996 2485 rogatum
1032 2415 1097 2467 de
1131 2414 1229 2466 hac
1262 2427 1319 2465 re
1354 2410 1639 2463 Dominum
1683 2408 1970 2477 allegasse.
2029 2406 2132 2460 Sed
2188 2405 2329 2458 nulla

746 2509 836 2564 hic
862 2507 1131 2561 dissensio
1168 2507 1346 2558 inesse
1378 2502 1649 2555 videbitur
1684 2500 1746 2553 iis
1780 2500 1867 2566 qui
1908 2500 2124 2554 sincero
2147 2500 2330 2551 animo

746 2602 849 2656 boc
876 2609 1152 2669 reputant.
1176 2600 1314 2652 Nam
1348 2597 1439 2667 qui
1472 2595 1625 2649 missi
1657 2594 1722 2647 ab
1750 2593 1842 2647 illo
1867 2604 2015 2657 sunt,
2044 2607 2328 2661 persOnam

744 2692 1013 2747 mittentis
1066 2700 1260 2760 gerunt
1290 2688 1389 2755 (5),
1441 2694 1494 2740 et
1542 2700 1637 2755 pro
1676 2685 1767 2738 illo
1817 2686 2014 2737 adsunt
2044 2700 2057 2736 :
2093 2698 2191 2735 nec
2225 2682 2329 2734 ulla

743 2782 1035 2839 cavillandi
1092 2779 1305 2851 cupidis
1351 2777 1481 2832 hinc
1534 2790 1665 2829 ansa
1716 2776 2008 2844 praebetur,
2060 2772 2203 2841 quod
2244 2772 2332 2825 hic

741 2878 961 2947 quidem
1000 2876 1175 2944 ipsum
1234 2873 1450 2927 venisse
1498 2871 1874 2924 centurionem
1927 2867 2101 2929 dicit,
2158 2865 2332 2918 Lucas

745 2982 878 3022 vero
911 2966 1045 3021 alios
1095 2965 1261 3019 fuisse
1307 2963 1587 3033 petitionis
1618 2961 1976 3013 administros
2006 2978 2018 3013 :
2052 2960 2153 3012 huc
2184 2958 2329 3011 enim

742 3072 888 3112 cura:
918 3067 1032 3110 erat
1070 3055 1441 3123 evangelistis,
1488 3053 1733 3107 miraculi
1766 3053 2051 3105 veritatem
2088 3050 2330 3104 studiose

748 3165 1010 3214 narrare;
1046 3154 1109 3203 de
1146 3151 1211 3202 iis
1246 3162 1374 3203 vero
1400 3162 1519 3216 qna:
1544 3146 1864 3199 miraculum
1897 3146 2329 3211 praecessisscnt,
2363 3184 2405 3242 Ο

748 3260 859 3300 non
895 3245 1055 3297 nimis
1087 3242 1361 3295 subtiliter
1385 3251 1513 3294 sunt
1550 3240 1839 3308 persecuti.
1880 3237 2022 3291 Nihil
2052 3254 2179 3290 Vt‘l'O
2213 3254 2333 3306 pro-

744 3339 917 3401 hibet,
950 3338 1245 3406 quominus
1278 3344 1575 3401 utrumque
1608 3334 1909 3401 contigisse
1938 3332 2329 3399 intelligamus.

741 3426 1112 3480 Existimabat
1142 3426 1287 3479 enim
1319 3426 1571 3478 centurio
1611 3424 1681 3477 ob
1725 3425 2085 3476 reverentiam
2126 3423 2331 3476 Christi

741 3520 883 3583 fore,
942 3529 1000 3572 ut
1052 3518 1095 3571 is
1149 3533 1246 3572 sua
1289 3517 1561 3586 postulata
1624 3517 1911 3585 rejicerct,
1963 3516 2161 3585 quippe
2212 3532 2330 3568 cum

740 3614 963 3684 gentilis
1020 3620 1167 3665 esset
1196 3620 1251 3664 et
1306 3610 1633 3679 alienigena.
1674 3610 1921 3663 Decrevit
1971 3610 2137 3679 igitur
2182 3610 2333 3678 prius

741 3708 972 3761 seorsim
1008 3707 1217 3773 legatos
1248 3704 1508 3767 mittere;
1562 3713 1619 3756 ut
1654 3718 1780 3758 vero
1824 3703 2077 3772 promissi
2111 3702 2333 3757 facilita-

742 3808 854 3853 tem
882 3799 1113 3861 audivit,
1138 3808 1188 3850 et
1225 3798 1341 3865 ipse
1372 3798 1697 3849 continuato
1727 3796 1909 3849 animo
1935 3797 2185 3850 aceeSsit.
2214 3796 2332 3850 Jam

742 3892 907 3960 igitur
936 3890 1382 3945 Resurrectionis
1414 3890 1677 3958 prazlu-lia
1710 3888 1960 3943 Salvator
1993 3891 2254 3957 inceptat,
2285 3900 2337 3943 ιι

745 3986 991 4039 membra
1046 3995 1339 4053 partesque
1385 3983 1528 4036 male
1581 3981 1802 4035 allectus
1847 3981 2112 4051 ιιιὶιιοὶριο
2160 3994 2333 4035 (ιιιι-ιιι.

742 4077 810 4131 Ει
841 4077 1099 4146 quoniam
1136 4078 1187 4131 in
1238 4092 1445 4130 marem
1481 4085 1535 4129 et
1576 4075 1833 4129 feminam
1873 4076 2108 4128 hominis
2144 4086 2335 4128 natura

743 4170 919 4224 divisa
968 4177 1075 4231 est,
1106 4171 1331 4237 utrique
1362 4168 1547 4239 generi
1582 4168 1997 4222 beneﬁcentiam
2046 4168 2192 4236 large
2233 4171 2338 4221 iut-

740 4263 996 4331 pcrtitur.
1046 4262 1223 4317 Ambo
1256 4262 1548 4330 siquidem,
1600 4271 1653 4313 et
1686 4262 1769 4313 vir
1802 4272 1853 4314 et
1884 4261 2082 4313 mulier
2131 4276 2161 4314 α
2197 4278 2335 4328 pra:-

743 4365 901 4425 cepto
941 4356 1310 4419 desciverunt,
1360 4356 1519 4408 ambo
1552 4368 1683 4408 vero
1724 4354 1891 4407 etiam
1945 4355 2337 4421 benignitatem

742 4455 874 4500 sunt
919 4447 1225 4501 consecuti.
1262 4446 1327 4500 Et
1361 4454 1517 4500 sanat
1555 4445 1772 4514 quidem
1808 4461 1957 4508 eum,
1996 4446 2153 4514 cujus
2184 4456 2340 4500 erant

2430 567 2537 635 γάρ
2565 566 2686 629 πώς
2714 570 2819 620 είσι
2848 569 2915 621 τὰ
2950 569 3103 637 ἔθνη,
3135 570 3229 621 καὶ
3263 570 3560 622 νενευκότα
3595 571 3730 622 πολὺ
3771 569 3911 639 πρὸς
3957 571 4011 621 τὸ

2430 658 2723 710 πιστεῦσαι
2779 660 3022 727 Χριστῷ.
3084 662 3226 729 Ὅρα
3258 661 3369 731 γὰρ
3415 662 3476 713 τὸ
3532 661 3673 713 κατὰ
3715 661 4012 729 διάμετρον

2426 746 2609 799 ἄνισον
2648 749 2744 815 τῆς
2799 749 2909 801 τῶν
2951 750 3223 803 Ἰουδαίων
3266 751 3573 814 ἀπειθείας,
3634 754 3727 804 καὶ
3753 752 3852 819 τῆς
3902 753 4009 803 τῶν

2429 836 2597 887 ἐθνῶν
2647 837 3021 906 ἑτοιμότητος.
3073 840 3136 889 Οί
3186 839 3284 907 μὲν
3333 839 3443 908 γὰρ
3485 841 3579 890 καὶ
3639 839 3758 907 μεθ’
3801 838 4012 906 ὕϐρεων

2430 929 2592 979 αὑτὸν
2642 929 2953 981 ἁπεδίωκον
2983 946 2996 959 ·
3036 933 3066 1001 ἡ
3105 932 3165 995 ἐξ
3214 931 3387 984 ἐθνῶν
3448 931 3505 983 δὲ
3560 932 4011 1000 Συροφοινίκισσα

2428 1022 2657 1084 ἀναξίαν
2718 1024 2906 1076 ἐκάλει
2960 1024 3164 1092 ἑαυτὴν
3221 1025 3323 1092 τῆς
3352 1026 3601 1094 χάριτος,
3632 1027 3724 1076 καὶ
3751 1026 3809 1075 ὲν
3849 1025 4012 1095 μοίρα

2432 1114 2709 1183 κυναρίων
2746 1117 3054 1182 παρεκάλει
3086 1115 3347 1185 τετάχθαι
3374 1117 3466 1169 καὶ
3493 1121 3787 1186 μετασχεῖν
3812 1119 4012 1188 ψιχίων

2430 1209 2492 1257 ἐκ
2522 1208 2616 1273 τῇ
2650 1210 2930 1277 τραπέζης
2964 1211 3067 1261 τῶν
3100 1212 3397 1277 Ἰουδαίων,
3429 1208 3495 1282 ἧς
3547 1217 3747 1266 ἐκείνοι
3812 1233 4013 1267 παντε-

2431 1298 2537 1358 λῶς
2605 1302 2974 1370 ἐπηνῄναντο.
3030 1304 3140 1355 Καὶ
3196 1300 3357 1369 οὗτος
3409 1307 3465 1359 δὲ
3534 1310 3560 1359 ό
3611 1310 4011 1379 ἑκατόνταρχος

2432 1393 2716 1456 παντελῶς
2741 1395 2934 1447 ἑαυτὸν
2969 1397 3149 1466 κρίνει
3202 1400 3422 1465 ἀνάξιον
3464 1402 3557 1453 τοῦ
3613 1404 3717 1454 ὑπὸ
3764 1404 3865 1469 τὴν
3898 1405 4016 1454 στέ-

2431 1505 2536 1555 γην
2570 1490 2734 1541 αὐτοῦ
2788 1492 2879 1544 τὸν
2939 1493 3148 1562 Κύριον
3180 1495 3570 1559 ὑποδέξασθαι.
3607 1500 3705 1550 Διά
3725 1497 3886 1549 τοῦτο
3914 1500 4017 1550 κά-

2434 1584 2598 1632 κεῖ-λοι
2636 1583 2738 1647 τῆς
2767 1584 3026 1646 ἀπιστίας
3068 1586 3372 1654 ἐδρέψαντο
3405 1590 3473 1641 τὰ
3504 1590 3781 1659 ἐπίχειρα,
3802 1592 3897 1643 καὶ
3927 1590 4015 1642 οὖ·

2431 1687 2512 1720 τοι
2534 1671 2635 1739 εῆς
2656 1672 2876 1740 χάριτος
2899 1674 3211 1739 ἁπὼναντο,
3246 1678 3632 1740 δικαιωθέντες
3651 1681 3716 1732 ἐκ
3741 1680 4005 1742 πίστεως.

2435 1760 2601 1811 ’Λλλα
2654 1763 2746 1813 τοῦ
2802 1764 3148 1833 διηγήματος
3225 1766 3383 1833 αὖθις
3427 1770 3523 1840 τὴν
3581 1772 3758 1842 ἀρχὴν
3812 1774 4019 1827 ἀπολα-

2362 1833 2400 1885 B
2434 1853 2644 1919 (ἕωμεν.

2503 1945 2592 2011 TC:
2614 1945 2793 2014 καιρῷ
2826 1948 3043 2017 ἐκείνῳ,
3075 1968 3092 2000 ι
3132 1950 3443 2003 Εἰσελθόντι
3477 1952 3557 2021 τῷ
3580 1952 3755 2021 Ἰησοῦ
3792 1954 3875 2016 εἰς
3910 1954 4023 2005 Καρ

2433 2039 2740 2106 περκλαοῦμ,
2779 2040 3094 2107 προσῆλθεν
3130 2042 3282 2109 αὐτῷ
3324 2044 3729 2113 ἑκατόνταρχος
3762 2061 4021 2112 παρακα-

2432 2129 2537 2180 λῶν
2575 2130 2757 2193 αὑτὸν,
2796 2135 2890 2183 καὶ
2920 2131 3123 2198 λέγων.
3161 2152 3180 2184 ι
3224 2136 3288 2186 ὐ
3324 2134 3425 2202 μὲν
3468 2134 3731 2205 θεηγόρος
3777 2138 4019 2199 Λουκᾶς,

2431 2225 2581 2274 τουτὶ
2605 2224 2665 2275 τὸ
2697 2225 2999 2293 παράδοξον
3049 2227 3459 2297 ἀφηγούμενος,
3507 2229 3606 2280 οὐκ
3660 2229 4022 2299 αὐτοπρόσω-

2434 2336 2549 2379 πως
2584 2317 2762 2370 ἐλθεῖν
2786 2318 2938 2386 λέγει
2961 2320 3051 2372 τὸν
3076 2321 3505 2391 ἑκατόνταρχον,
3532 2323 3625 2375 καὶ
3659 2324 3893 2392 ποιῆσαι
3925 2322 4019 2393 τὴν

2433 2410 2674 2480 αἴτησιν,
2711 2412 2850 2466 ἀλλὰ
2880 2414 3290 2486 πρεσϐυτέρους
3347 2416 3457 2469 τῶν
3497 2415 3769 2469 Ἰουδαίων
3814 2416 4021 2470 ἐπαπο-

2436 2506 2641 2557 στεῖλαι
2698 2506 3162 2577 ἀντιϐολήσοντας
3217 2510 3350 2580 περὶ
3404 2508 3598 2563 τούτου
3643 2509 3737 2563 τὸν
3788 2511 4018 2581 Κύριον.

2434 2598 2578 2650 Ἀλλ’
2607 2599 2867 2669 οὐδεμίαν
2926 2600 3225 2670 διαφωνίαν
3270 2600 3515 2654 δείκνυσι
3555 2602 3715 2655 τοῦτο
3770 2606 3891 2666 τοίς
3931 2606 4015 2655 εκ)-

2433 2692 2730 2759 γνωμόνως
2763 2692 3093 2762 προσέχουσι
3123 2710 3137 2726 ·
3173 2695 3285 2747 Καὶ
3339 2694 3447 2764 γὰρ
3490 2696 3581 2749 καὶ
3612 2697 3660 2749 οἱ
3693 2696 3800 2750 ὑπὸ
3822 2698 4023 2753 τούτου

2434 2785 2897 2853 ἀποστελλόμενοι
2951 2789 3029 2849 είς
3084 2790 3383 2856 πρόσωπον
3448 2789 3542 2841 τοῦ
3595 2790 4025 2857 ἀποστείλαντος

2438 2873 2683 2942 πάρεισι,
2728 2874 2824 2926 καὶ
2857 2874 3099 2943 μηδεμία
3125 2875 3266 2946 λαϐὴ
3284 2878 3396 2938 τοῖς
3428 2876 3743 2945 φιλοψόγοις
3772 2879 4026 2934 ἐντεῦθεν

2436 2966 2601 3032 φανῇ,
2634 2965 2713 3015 ὃτι
2744 2967 2770 3016 ὁ
2802 2966 2903 3033 μὲν
2930 2965 3092 3017 αὐτόν
3120 2982 3254 3033 φησι
3272 2965 3376 3017 ,τὸν
3414 2966 3826 3038 ὲκακόνταρχον
3855 2986 4026 3040 προσ-

2435 3056 2632 3119 ελθεῖν,
2676 3058 2894 3119 Λουκᾶς
2947 3057 3000 3109 δὲ
3026 3058 3217 3121 ἄλλους
3258 3059 3516 3125 γενέσθαι
3576 3058 3901 3129 ὑπουργοὺς
3930 3066 4028 3131 τῆς

2437 3150 2728 3217 αἰτήσεως.
2756 3150 2829 3201 Τὸ
2861 3150 2970 3219 γὰρ
3006 3152 3120 3213 τοῖς
3174 3152 3593 3218 εὐαγγελισταίς
3648 3154 4029 3225 σπουδαζόμε-

2437 3260 2525 3293 νον
2579 3242 2738 3293 τούτο
2788 3237 2877 3311 ἦν,
2934 3242 2996 3293 τὸ
3030 3242 3350 3313 φιλαληθῶς
3393 3244 3453 3296 τὸ
3485 3244 3671 3314 θαῦμα
3697 3246 3902 3309 εἰπεῖν,
3930 3248 4029 3299 οὐκ

2436 3332 2923 3400 ἀκριόοὶογεῖσθαι
2964 3334 3091 3403 περὶ
3122 3333 3228 3386 τῶν
3262 3336 3747 3405 προηγησαμένων
3778 3337 3859 3406 τῷ
3894 3337 4029 3391 θαύ-

2440 3441 2591 3489 ματι.
2631 3425 2801 3476 Οὐδὲν
2830 3425 2887 3477 δὲ
2920 3425 2979 3476 τὸ
3009 3426 3220 3479 κωλύον
3246 3430 3407 3490 νοεῖν,
3446 3430 3541 3482 καὶ
3590 3429 3874 3499 συμϐῆναι
3922 3436 4027 3499 άμ-

2439 3518 2854 3587 ιρότερα.’ῼετο
2915 3518 3023 3587 γὰρ
3086 3518 3178 3569 ὑπ’
3215 3519 3508 3581 εὐλαϐείας
3562 3520 3589 3571 ὀ
3625 3522 4030 3591 ἑκατόνταρχος

2439 3613 2551 3675 ὡς,
2587 3610 2805 3663 ἐθνικοῦ
2872 3614 3238 3679 τυγχάνοντος
3300 3611 3469 3663 αὑτοῦ
3524 3615 3623 3667 καὶ
3678 3614 4028 3681 ἀλλογενοῦς,

2441 3703 2858 3771 παρακούσεται
2920 3701 3019 3769 τὴν
3084 3701 3304 3769 αἴτησιν
3361 3704 3388 3754 ὁ
3422 3704 3681 3771 Χριστός.
3716 3705 3903 3771 Ἔγνω
3941 3702 4033 3757 οὖν

2442 3795 2547 3864 ἰδίᾳ
2601 3793 3053 3862 πρεσϐεύσασθαι
3100 3796 3384 3862 πρότερον.
3429 3795 3520 3856 Ὠς
3564 3794 3621 3846 δὲ
3671 3796 3873 3864 ἢκουπε
3930 3798 4033 3863 τῆς

2439 3887 2773 3955 ἐπαγγελίας
2792 3887 2851 3937 τὸ
2884 3886 3193 3955 πρόθυμον,
3216 3887 3503 3956 θαρσήσας
3536 3887 3677 3939 ἵεται
3704 3889 3801 3939 καὶ
3842 3890 4031 3950 αὑτός.

2446 3983 2588 4048 Ἤδη
2616 3981 2715 4051 μὲν
2744 3980 2838 4032 οὖν
2864 3982 2965 4048 τῆς
2999 3981 3356 4041 ἀναστάσεως
3389 3984 3698 4049 προοιμῖων
3722 3984 4037 4053 ἁπάρχεται

2441 4076 2468 4126 ὁ
2493 4076 2709 4143 Σωτὴρ,
2742 4074 2837 4127 καὶ
2868 4074 3036 4143 μέλη,
3072 4076 3167 4127 καὶ
3197 4074 3339 4143 μέρη
3372 4076 3743 4143 κεκακωμένα
3765 4077 4037 4147 πρότερον

2445 4170 2657 4221 ἰάσατο.
2694 4167 2921 4237 Ἐπειδὴ
2951 4166 3007 4219 δὲ
3034 4166 3144 4220 τῶν
3167 4168 3531 4238 ἀνθρώπωνή
3558 4169 3723 4237 φύσις
3750 4171 3834 4232 είς
3867 4170 4040 4239 ἄρρεν

2443 4264 2539 4315 καὶ
2570 4260 2705 4329 θῆλυ
2742 4260 3102 4329 μεμέρισται,
3141 4261 3442 4331 ἀμφοτέρω
3474 4262 3552 4329 τῷ
3581 4262 3729 4329 γένει
3758 4264 3860 4333 τὴν
3884 4265 4041 4333 εὐερ-

2442 4356 2638 4421 γεσίαν
2688 4354 3007 4423 χαρίζεται.
3052 4355 3258 4421 "Agunt
3314 4354 3416 4423 μὲν
3468 4355 3579 4423 γὰρ
3638 4355 3736 4407 καί
3761 4356 3905 4426 ἀνὴρ
3945 4358 4041 4409 καὶ

2446 4447 2586 4514 γυνὴ
2615 4448 2713 4515 τῆς
2736 4446 2959 4514 ἐντολῆς
2990 4446 3446 4507 ἐκπεπτώκατον,
3482 4446 3652 4516 ἄμφω
3699 4448 3757 4501 δὲ
3804 4450 3903 4501 κιιί⁵
3938 4448 4043 4518 τῆς

742 4541 891 4594 nervi
924 4540 1162 4605 remissi,
1191 4544 1249 4594 et
1268 4554 1530 4610 compago
1556 4542 1805 4609 corporis
1834 4540 2099 4594 dissoluta
2124 4540 2201 4605 ⁵⁶;
2244 4541 2333 4594 sed

2447 4538 2775 4608 εὐεργεσίας
2806 4537 3127 4606 τετύχατον.
3156 4539 3268 4591 Καὶ
3298 4538 3595 4607 θεραπεύει
3624 4540 3717 4592 τὸν
3769 4543 4046 4609 παρειμέ-

742 4633 1060 4689 inclinatam
1124 4634 1405 4689 mulierem
1442 4643 1497 4686 et
1529 4641 1844 4701 vergentem
1895 4633 1946 4685 in
1986 4642 2184 4685 terram
2220 4634 2339 4686 sine

740 4742 870 4781 cura
906 4742 1008 4779 non
1032 4725 1461 4795 praetermittit"
1495 4742 1507 4777 :
1541 4725 1742 4779 multos
1770 4740 1798 4777 a
1828 4724 2133 4778 daemonum
2163 4725 2338 4793 agita-

743 4820 889 4873 tione
915 4818 1260 4882 liberavit",
1293 4818 1386 4871 sed
1406 4826 1460 4873 et
1482 4814 1804 4883 Chananaeae
1834 4817 2054 4871 ﬁliolam
2086 4826 2335 4869 νι-χειιαιιι

741 4928 769 4964 a
822 4912 1158 4965 daemombus
1214 4911 1437 4965 sanitati
1504 4910 1844 4977 restituit";
1893 4909 2217 4963 Zaecbteum
2271 4925 2335 4963 ex

740 5001 959 5069 iniustis
990 4994 1249 5073 operilius
1281 5006 1335 5058 in
1382 5004 1667 5074 exigendis
1711 4994 2074 5071 vectigalibus
2106 5002 2338 5071 patratis

740 5097 1020 5169 eripuit“,
1047 5098 1141 5153 sed
1163 5108 1215 5151 et
1240 5097 1614 5153 lascivientem
1640 5098 1989 5151 meretricem
2028 5109 2092 5149 ex
2141 5096 2338 5149 foetore

835 5220 857 5251 ⁸
898 5216 1091 5272 Matth.
1163 5234 1252 5279 xv,
1316 5216 1407 5271 26.
1486 5217 1533 5250 ⁸⁸
1570 5216 1767 5274 Matth.
1806 5232 1895 5281 ιι,
1934 5216 1957 5268 1
2004 5228 2160 5283 sequ.

824 5288 956 5345 Luc.
994 5306 1108 5353 XIX,
1150 5290 1201 5343 9..

2238 5213 2284 5244 "
2323 5211 2457 5265 Luc.
2504 5227 2625 5274 nit,
2668 5212 2750 5265 ιι.

2447 4649 2537 4682 νον
2566 4632 2635 4683 τὰ
2670 4631 2861 4700 νεῦρα,
2897 4630 2990 4682 καὶ
3021 4630 3319 4699 λελυμένον
3364 4631 3464 4693 τὰς
3498 4630 3774 4700 ἁρμονίας
3797 4633 3895 4685 τοῦ
3933 4632 4044 4685 σώ-

2452 4741 2619 4792 ματος
2654 4740 2668 4755 ο
2699 4723 2813 4775 ἀλλ’
2846 4723 2968 4775 οὐδὲ
3001 4722 3102 4791 τὴν
3145 4726 3467 4776 νενευκυίαν
3524 4725 3603 4786 είς
3639 4725 3742 4791 γῆν
3774 4726 3873 4777 καὶ
3908 4743 4045 4793 συγ-

2448 4816 2766 4868 κύπτουσαν
2798 4816 3009 4884 ἀφῆκεν
3040 4816 3368 4885 ἀνήκεστον.
3424 4815 3530 4867 Τοῦ
3569 4816 3941 4885 κορυϐαντιᾷν
3981 4822 4046 4871 ἐκ

2450 4910 2726 4978 δαιμόνων
2766 4910 3061 4971 πλείστους
3112 4909 3461 4961 ἀπέσπασεν
3498 4908 3633 4959 ἀλλά
3690 4910 3786 4961 καὶ
3840 4910 3901 4961 τὸ
3946 4911 4047 4977 τῆς

2452 5002 2771 5063 Χαναναίας
2805 5000 3105 5069 θυγάτριον
3131 5001 3234 5052 ὐπδ
3263 4999 3536 5068 δαιμόνων
3562 4999 3895 5069 ὀχλούμενον
3926 5003 4047 5053 ἐθε-

2453 5096 2699 5165 ράπευσε
2721 5112 2734 5124 ο
2770 5094 2860 5145 τὸν
2887 5095 3164 5163 Ζακχαῖον
3191 5093 3302 5145 τῶν
3325 5095 3389 5145 ἐκ
3410 5092 3506 5146 τοῦ
3532 5095 3791 5145 τελωνεῖν
3814 5095 4047 5149 ἀδικιῶν

2828 5210 2874 5242 ⁸⁸
2915 5208 3047 5264 Luc.
3110 5225 3223 5275 vm,
3292 5208 3383 5264 27.
3460 5210 3505 5240 ⁸⁹
3546 5206 3738 5262 Matth.
3807 5225 3896 5273 xv,
3953 5210 4045 5265 29.

1986 5358 2305 5419 Francisei
2342 5358 2548 5418 Scorsi
2588 5362 2781 5416 notm.

815 5485 894 5558 (5)
936 5484 1525 5558 Personamrmittemis
1557 5496 1781 5558 gerunt.
1822 5483 1945 5558 Haec
1977 5483 2151 5558 prima
2198 5482 2335 5535 ratio

740 5556 1066 5614 conciliandi
1110 5557 1416 5611 Matthzeum
1448 5567 1502 5609 et
1556 5556 1789 5618 Lucam,
1834 5557 1923 5622 qui
1975 5557 2027 5607 in
2063 5559 2337 5607 narrando

743 5628 1082 5684 centurionis
1148 5628 1411 5682 miraculo
1477 5626 1695 5681 diﬂerre
1775 5627 2048 5681 videntur.
2144 5636 2229 5676 est
2276 5623 2334 5675 S.

744 5699 1059 5769 Augustiu.,
1096 5698 1273 5759 Bedm,
1308 5697 1515 5751 Leontii
1554 5700 1972 5769 apudnostrum
2008 5694 2163 5769 Joan.
2203 5694 2337 5745 Mal-

745 5766 955 5835 donat.,
1002 5771 1092 5837 qui
1151 5784 1271 5823 eam
1329 5769 1594 5835 sequitur.
1658 5768 1837 5821 Altera
1876 5782 2035 5837 quam
2060 5766 2339 5818 etiamse-

751 5840 927 5895 euodo
983 5836 1100 5896 loco
1157 5838 1401 5908 adjungit
1448 5840 1534 5894 hic
1577 5838 1736 5894 Pater
1802 5847 1884 5893 est
1934 5836 1990 5890 S.
2030 5837 2341 5904 Chrysust.,

2438 5480 2737 5550 Tltenpbyl.
2775 5488 2855 5550 et
2888 5475 3052 5550 Etttlt.
3093 5473 3227 5550 Vide
3286 5483 3568 5550 praeterea,
3603 5489 3725 5550 quae
3755 5475 4045 5550 adnotavi-

2440 5567 2559 5601 mus
2594 5544 2740 5601 boiu.
2796 5549 2889 5609 24,
2955 5546 3044 5598 ubi
3102 5547 3289 5597 eodem
3345 5544 3502 5595 modo
3533 5546 3857 5596 conciliatur
3890 5546 4046 5601 locus

2439 5621 2633 5674 Matth.
2683 5622 2748 5673 de
2799 5618 3055 5689 petitione
3088 5616 3299 5689 facta}
3367 5615 3573 5667 duobus
3605 5615 3727 5667 liliis
3759 5614 4039 5689 Zt-hedsei,

2440 5706 2603 5759 quam
2668 5686 2811 5744 alius
2885 5688 2953 5742 ab
3004 5687 3157 5757 ipsis,
3205 5686 3342 5739 alius
3409 5698 3437 5737 a
3487 5696 3658 5739 matre
3709 5688 4042 5755 propositam

2442 5762 2661 5817 scribit.
