4184 6440
156 379 264 443 829
1553 380 1886 442 HOMlLlA
1928 385 2131 446 XLIV.
3325 390 3434 457 830

156 497 544 567 ἠλευθέρωσεν
575 512 591 527 ·
621 496 760 550 ἀλλὰ
787 497 881 550 καὶ
909 498 1008 568 τὴν
1036 499 1333 568 μαχλῶσαν
1387 499 1594 568 πόρνην
1652 501 1749 566 τῆς
1777 498 1808 557 Α

1784 498 1828 557 Α
1855 505 2215 570 sordihnsque
2249 505 2457 573 peccati
2493 504 2745 576 purgavit
2769 505 2849 572 ⁸⁸;
2894 505 3083 561 Simon
3124 506 3436 566 Phariszrus

156 588 436 650 δυσώδους
495 589 777 657 ἁμαρτίας
840 590 1102 661 ἐκάθηρε.
1138 592 1321 659 Σίμων
1365 594 1394 644 6
1453 593 1746 659 Φαρισαῖος

1856 594 2143 646 Βοιιιίιιιιιιι
2177 595 2242 645 ad
2270 594 2578 648 convivium
2610 604 2806 654 vacat.
2839 597 2932 647 sed
2964 606 3016 648 et
3051 597 3193 649 hunc
3228 595 3434 649 Martha

159 679 320 730 καλεῖ
349 681 442 730 τὸν
475 681 684 749 Κύριον
709 682 789 742 εὶς
818 682 1064 735 ἑστίασιν
1085 698 1099 711 ·
1131 682 1269 734 ἀ).λά
1295 684 1385 733 καὶ
1404 681 1605 750 Μάρθα
1623 683 1744 733 τοῦς

1857 687 1906 737 in
1928 686 2148 737 dotuum
2175 701 2328 738 suam
2361 687 2660 752 recepit";
2693 695 2852 739 sanat
2880 688 3218 742 centurionis
3247 672 3439 752 ﬁlium,

158 789 253 823 τον
283 775 367 830 είς
411 773 504 823 τὸν
535 769 688 824 οἷκον
746 774 919 842 αὐτῆς
977 774 1302 841 ὑπεδέξατο.
1337 774 1610 827 ’Δλθαίνει
1659 773 1751 827 τὸν

1859 793 2091 843 eumque
2124 795 2150 829 a
2185 779 2376 832 morbo
2407 779 2661 852 vcndicat
2682 778 2750 842 ⁸⁸,
2787 777 2880 831 sed
2908 786 2962 831 et
2991 778 3274 846 increpans
3301 779 3436 832 febri

158 860 254 912 τοῦ
287 862 699 932 ἑκατοντάρχου
727 866 896 917 παῖδα
923 866 1246 930 ἀπαλλάξας
1276 867 1444 920 αὐτὸν
1471 866 1565 919 τοῦ
1592 869 1751 935 νοσήο

1858 870 2098 922 Sintonis
2158 885 2374 925 socrum
2424 871 2777 925 vehementer
2829 871 3048 932 urenti,
3118 880 3225 922 tam
3274 872 3451 925 lirium-

163 970 338 1021 ματος
383 971 395 982 ·
423 955 562 1006 ἀλλὰ
596 958 692 1007 καὶ
733 958 813 1028 τῷ
847 959 1068 1027 πυρετῷ
1115 961 1455 1029 ἐπιτιμήσας
1506 959 1753 1027 σφοδρῶς

1857 970 2098 1022 restituit
2132 968 2447 1032 valetudini,
2504 979 2561 1021 ut
2611 968 2676 1021 ad
2722 968 3137 1029 ministrantium
3185 983 3246 1020 ea
3302 970 3442 1023 vires

158 1048 260 1113 τὴν
297 1046 574 1115 πενθερὰν
606 1049 853 1116 Σίμωνος
887 1051 1161 1119 φλέγοντι,
1193 1052 1469 1121 τοσαύτην
1523 1054 1752 1121 ἐποίησε

1857 1061 2116 1124 haberet,
2155 1077 2276 1128 qua:
2322 1073 2548 1119 mortem
2595 1061 2706 1127 jam
2754 1063 3101 1128 exsliectabat
3150 1061 3441 1135 int‘tninen-

160 1136 256 1188 τοὺ
300 1139 478 1191 κακοῦ
535 1140 634 1210 τὴν
686 1142 1039 1213 ἀπαλλαγὴν,
1077 1145 1155 1206 ὡς
1215 1146 1354 1214 πρὸς
1396 1146 1457 1198 τὸ
1487 1145 1754 1198 διακονεῖν

1859 1164 1966 1207 tem
1993 1152 2063 1209 ⁸⁸.
2097 1154 2319 1208 Videbis
2366 1156 2528 1208 etiam
2574 1155 2723 1208 illum
2768 1163 2824 1206 et
2876 1153 3219 1207 deutortuutn
3269 1155 3443 1207 vitluzc

161 1229 477 1297 ἐπιρρῶσαι
529 1231 629 1302 τὴν
677 1233 778 1302 ἤδη
835 1236 1303 1306 προσδοκωμένην
1360 1236 1752 1304 τεθνήξασθαι.

1859 1249 2066 1312 lilium,
2119 1257 2173 1302 et
2220 1248 2353 1301 .lairi
2404 1249 2634 1317 puellam
2689 1250 2755 1301 ad
2788 1247 2952 1300 vitam
2999 1261 3252 1300 revocare
3281 1246 3346 1299 ⁸⁸.
3381 1249 3439 1299 Et

167 1324 329 1390 Ὀψει
360 1324 415 1377 δέ
448 1325 614 1378 αὑτὸν
672 1328 977 1381 ἀνιστῶντα
1030 1330 1130 1398 μὲν
1196 1330 1504 1401 τεθνηκότα
1529 1332 1624 1383 καὶ
1663 1332 1757 1383 τὸν

1859 1340 2078 1406 quidem
2114 1339 2445 1406 sequebatur
2476 1339 2624 1390 illum
2650 1353 2805 1392 sacer
2826 1337 3215 1406 discipulorum
3245 1349 3444 1399 coetus,

161 1414 263 1481 τῆς
294 1416 477 1483 χήρας
550 1419 690 1480 υἱὸν,
728 1419 864 1471 ἀλλὰ
925 1421 1020 1474 καὶ
1053 1422 1114 1473 τὸ
1159 1421 1390 1492 Ἰαείρου
1433 1421 1754 1492 θυγάτριον.

1859 1433 1953 1486 sed
1981 1442 2033 1484 et
2063 1431 2450 1485 ministrabant
2482 1429 2758 1493 mulieres,
2791 1429 2995 1482 nuntiae
3025 1429 3445 1483 resurrectionis

162 1507 273 1556 Καὶ
314 1509 583 1577 μαθητῶν
611 1511 761 1582 αὑτῴ
800 1514 1058 1580 ἐφείπετο
1093 1514 1301 1580 θίασος,
1335 1515 1473 1566 ἀλλά
1505 1516 1600 1567 καὶ
1648 1535 1755 1586 μα·

1862 1523 2143 1578 ἰιιειίιιηω.
2202 1522 2369 1576 Vides
2426 1523 2731 1577 communis
2793 1519 3005 1574 Domini
3065 1529 3120 1574 ct
3191 1519 3483 1574 cﬁictoris-

163 1597 392 1668 θήτριαι
430 1601 787 1672 διηκόνησαν,
821 1605 1115 1658 ἀπόστολοι
1156 1608 1441 1678 γεγονυῖαι
1495 1607 1591 1676 τῆς
1622 1608 1755 1660 ἀνα-

1863 1618 2146 1684 utriusque
2166 1631 2326 1670 sexus
2346 1615 2712 1669 communiter
2735 1615 2902 1668 etiam
2918 1615 3210 1681 praestitam
3230 1614 3446 1681 utrique

164 1692 437 1754 στάσεως.
481 1694 646 1765 Ὁρᾷς
682 1697 780 1748 τοῦ
840 1698 1023 1750 κοινοῦ
1053 1699 1330 1752 Δεσπότου
1374 1700 1471 1751 καὶ
1513 1701 1756 1752 πλάστου

1862 1706 2318 1760 beneﬁcentiam?
2345 1705 2510 1774 310
2530 1703 2797 1769 Quoniam
2827 1704 2972 1756 enim
3003 1716 3070 1754 eo
3101 1702 3446 1770 impudentia:

163 1786 255 1836 καὶ
283 1786 385 1849 τάς
415 1789 738 1856 εὐεργεσίας
767 1793 990 1856 κοινάς;
1022 1793 1243 1863 Ἐπειδὴ
1264 1795 1373 1864 γὰρ
1404 1795 1753 1866 άπηρυθρία-

1863 1797 2029 1866 aliqui
2061 1806 2468 1866 processerunt,
2502 1805 2560 1850 ut
2593 1795 2873 1850 mulierem
2913 1811 3019 1850 n0u
3055 1809 3176 1849 esse
3224 1795 3447 1862 proprie

167 1893 266 1928 σαν
299 1880 359 1940 ἐς
390 1880 647 1933 τοσοῦτόν
677 1900 843 1946 τινες.
877 1885 953 1946 ὠς
999 1885 1075 1954 μὴ
1110 1887 1315 1955 κυρίως
1337 1887 1626 1955 ἄνθρωπον
1654 1887 1754 1958 τὴν
1785 1870 1819 1924 Ε

1797 1870 1830 1924 Β
1861 1890 2135 1944 hominem
2176 1891 2441 1954 dicereut,
2481 1892 2574 1943 sed
2625 1887 2864 1942 hominis
2904 1899 3135 1955 partem,
3169 1897 3352 1956 utpote
3382 1899 3449 1938 ex

166 1973 409 2035 γυναῖκα
442 1975 642 2037 εἰπεῖν,
675 1975 814 2029 ἀλλά
851 1977 1020 2047 μέρος
1054 1978 1350 2049 ἀνθρώπου
1389 1980 1464 2042 ὡς
1496 1980 1756 2033 πλασθεῖ-

1856 1982 1960 2035 viri
1999 1981 2168 2036 latere
2197 1981 2412 2048 ﬁctam;
2453 1980 2692 2036 relrenat
2729 1995 2826 2049 per
2865 1980 2985 2038 haec
3016 1979 3277 2033 Dominus
3331 1994 3449 2031 tua-

167 2082 265 2115 σαν
323 2069 389 2118 ἐκ
436 2069 532 2136 τῆς
573 2069 824 2138 πλευρᾶς
878 2071 971 2123 τοῦ
1036 2073 1253 2142 ἀνδρὸς,
1286 2075 1632 2143 ἐπιστομίζει
1667 2076 1756 2128 διὰ

1859 2061 2156 2128 ledicorum
2213 2073 2457 2142 linguas,
2515 2083 2568 2126 et
2626 2070 2920 2147 effrenatos
2972 2083 3157 2125 eorum
3202 2069 3454 2135 impetus

165 2157 378 2210 τούτων
408 2161 510 2221 τὰς
537 2161 645 2214 τῶν
698 2165 1028 2233 κατηγόρων
1063 2166 1331 2232 γλωσσῶν
1385 2168 1755 2237 ἀχαλινώτσυς

1857 2179 2099 2232 coercet,
2129 2168 2425 2222 ostendens
2453 2167 2709 2220 virtutem
2746 2181 2810 2219 ac
2837 2165 3022 2220 tilium
3056 2179 3209 2232 teque
3244 2163 3297 2217 in
3349 2161 3451 2214 viri

166 2251 368 2319 ὁρμὰς,
407 2253 629 2316 δεικνὺς
667 2256 744 2319 ὡς
780 2257 987 2326 ἀρετῆς
1023 2259 1116 2312 καὶ
1147 2261 1345 2322 κακίας
1368 2262 1568 2329 ἐπίσης
1601 2262 1758 2314 αὐτο-

1860 2279 1923 2317 ac
1952 2263 2196 2316 mulieris
2242 2258 2472 2315 arbitrio
2522 2275 2586 2313 ac
2648 2255 3128 2329 patestate‘posita
3171 2271 3315 2311 esse.
3343 2254 3454 2310 Sed

167 2345 434 2411 κρατορεῐ
461 2346 552 2396 καὶ
592 2346 730 2416 ἀνὴρ
779 2348 875 2400 καὶ
908 2350 1070 2418 γυνή.
1106 2349 1269 2403 Ἀλλὰ
1319 2352 1494 2403 ταῦτα
1540 2352 1756 2421 εἴρηται

1838 2357 1978 2410 ‘htec
2009 2354 2188 2408 obiter
2228 2354 2372 2407 dicta
2413 2362 2576 2420 sunt;
2617 2351 2730 2422 jam
2767 2367 2921 2407 sacra
2955 2351 3071 2420 ipsa
3105 2349 3269 2404 verba
3304 2364 3455 2404 resu-

167 2436 312 2486 κατά
369 2437 642 2506 πάροδον
705 2440 846 2494 αὐτὰ
893 2441 951 2494 δὲ
1003 2443 1071 2494 τὰ
1137 2443 1255 2514 ίερά
1323 2445 1758 2516 ἐπαναλάϐωμεν
1861 2464 2095 2502 mantus.

166 2522 346 2592 λόγια.

247 2636 266 2668 ι
303 2620 502 2688 Κύριε,
537 2623 564 2673 6
608 2627 738 2686 παῖς
775 2643 879 2691 μου
908 2626 1171 2703 βέϐληται
1207 2632 1264 2682 ἐν
1294 2633 1360 2701 τῇ
1389 2633 1536 2702 οἰκίᾳ
1577 2651 1757 2700 παρα-

1940 2645 1958 2678 ι
2007 2626 2258 2686 Domine,
2291 2637 2427 2692 puer
2456 2637 2608 2676 meus
2636 2621 2783 2691 jacet
2813 2621 2868 2674 in
2897 2621 3062 2674 domo
3093 2618 3451 2690 paralyticus.

169 2710 417 2775 λυτικὸς,
445 2715 635 2776 δεινῶς
661 2717 1109 2788 βασανιζόμενος.
1150 2740 1168 2771 ι
1212 2723 1402 2792 Ἀθρει
1426 2725 1492 2794 δή
1531 2743 1647 2788 πως
1701 2729 1760 2781 ἐν

1864 2732 1920 2776 et
1948 2722 2090 2777 male
2116 2727 2423 2787 torquetur.
2461 2735 2481 2767 ι
2515 2715 2750 2769 Adverte
2782 2714 2926 2783 quod
2961 2716 3029 2768 ad
3062 2714 3236 2782 ipsum
3264 2713 3453 2768 mortis

171 2804 365 2866 αὑταῖς
395 2801 466 2874 ἦν
494 2805 588 2859 τοῦ
615 2809 851 2861 θανάτου
871 2811 1104 2880 δυσμαῖς
1131 2829 1144 2843 °
1179 2813 1443 2891 ἐϐέϐλητο
1467 2818 1576 2888 γὰρ
1605 2820 1666 2872 ἐν

1865 2813 2122 2882 vergebat
2147 2825 2426 2865 occasum.
2451 2805 2679 2861 Jncebat
2711 2807 2855 2862 enim
2894 2806 2949 2858 in
2983 2805 3152 2858 domo
3180 2812 3290 2858 tam
3316 2803 3472 2857 male

171 2897 346 2964 οἰκίᾳ,
383 2896 460 2960 ὡς
494 2899 630 2966 μηδὲ
679 2899 943 2953 δύνασθαι
977 2903 1141 2954 αὑτὸν
1196 2906 1427 2972 ἀγαγεῖν
1480 2908 1616 2977 πρὸς
1667 2913 1761 2961 τὸν

1868 2906 2112 2969 allectus,
2166 2912 2224 2958 ut
2270 2902 2338 2957 ad
2371 2901 2660 2955 Dominum
2720 2900 2915 2953 adduci
2951 2910 3056 2952 non
3091 2905 3297 2966 posset.
3341 2893 3476 2948 Ex-'

174 2988 408 3058 Κύριον.
445 2990 952 3065 Ἐκφαντικώτερον
981 2997 1038 3049 δέ
1074 2999 1102 3050 6
1134 2997 1548 3061 Λουκᾶς”τοῦτο
1582 3001 1757 3068 δηλοῖ,

1867 3000 2108 3069 prcssius
2141 3003 2320 3050 autem
2354 2996 2456 3048 hoc
2487 2992 2669 3047 Lucas
2696 2991 2938 3046 ostendit
2961 2991 3282 3059 adjun‘gens,
3308 2988 3451 3057 quod

178 3082 468 3148 προσθεὶς,
501 3084 578 3146 ὡς
603 3084 796 3153 ἔμελλε
829 3087 1108 3159 τελευτᾷν.
1141 3087 1302 3152 Τινὲς
1359 3090 1420 3143 δέ
1457 3109 1643 3160 φασιν,
1685 3094 1763 3156 ὡς

1867 3103 1988 3148 erat
2028 3093 2323 3146 moriturus
2352 3089 2418 3140 ⁸⁸.
2452 3088 2631 3154 Aliqui
2665 3100 2831 3156 porro
2864 3085 3072 3149 dicunt,
3104 3097 3166 3136 ea
3197 3083 3265 3136 de
3289 3095 3452 3135 causa

175 3174 259 3225 διὰ
291 3175 461 3228 τοῦτο
503 3178 625 3228 οὖδέ
683 3181 1040 3248 προσήγαγον
1077 3183 1241 3234 αὐτὸν
1303 3185 1568 3253 φέροντες
1598 3188 1656 3237 ἐν
1682 3187 1762 3257 τῷ
1788 3235 1827 3257 η

1801 3235 1831 3257 η
1869 3187 1923 3239 in
1957 3186 2185 3256 grabato
2222 3197 2327 3234 non
2369 3179 2539 3232 fuisse
2563 3177 2935 3246 deportatum,
2970 3189 3039 3229 ne
3071 3173 3283 3227 scilicet
3306 3173 3453 3225 inter

178 3269 473 3336 σκίμποδι,
504 3269 580 3331 th;
609 3270 676 3322 ἂν
708 3235 782 3341 μὴ
838 3235 1142 3345 τελευτήσῃ
1207 3235 1566 3344 φερόμενος.
1787 3235 1830 3296 C

1797 3235 1833 3296 Β
1868 3235 2150 3333 Τειέιιιίιιηι
2207 3273 2371 3325 vitam
2424 3271 2643 3333 ﬁniret,
2722 3283 2844 3321 cum
2915 3277 3023 3320 tam
3082 3273 3228 3319 esset
3291 3263 3449 3317 morti

175 3359 404 3427 δόκιμος
435 3359 512 3412 ὢν
540 3362 639 3430 ἠδη
668 3363 1034 3430 τεθνήξασθαι
1062 3382 1078 3398 ο
1107 3367 1234 3435 ἐμοὶ
1273 3368 1328 3418 δὲ
1374 3368 1541 3432 δοκεῖ,
1576 3369 1652 3433 ὡς
1700 3373 1764 3424 οὐ

1869 3368 2101 3421 vicinus.
2158 3362 2287 3415 Mihi
2344 3375 2472 3415 vero
2525 3375 2631 3413 non
2680 3373 2743 3412 ea
2801 3372 2961 3411 causa
3022 3371 3126 3410 non
3187 3354 3452 3407 adductus

179 3451 500 3519 διὰταύτην
529 3453 626 3521 τὴν
673 3455 866 3528 ,αἰτίαν
920 3456 1086 3509 αὑτὸν
1139 3459 1240 3509 οὐκ
1297 3459 1593 3527 ἐκόμισαν,
1649 3462 1764 3514 ἀλλ’

1871 3458 2036 3513 fuisse
2070 3457 2305 3512 videtur.
2343 3453 2437 3506 sed
2474 3452 2616 3519 quod
2647 3450 2944 3503 conﬁderet
2975 3446 3224 3499 centurio
3255 3444 3453 3496 absen-

180 3545 482 3596 ἐπέπειστο
505 3547 532 3597 6
561 3546 983 3617 ἑκατόνταρχος,
1020 3550 1094 3612 ὼς
1135 3551 1362 3605 δύναται
1415 3557 1510 3605 καὶ
1554 3555 1767 3607 ἀπόντα

1872 3561 1976 3603 tetu
2019 3549 2186 3601 etiam
2240 3563 2266 3598 a
2315 3546 2542 3596 nomino
2575 3557 2732 3612 posse
2786 3540 2991 3596 sanari.
3031 3537 3187 3604 Quod
3225 3552 3288 3590 ex
3323 3534 3453 3604 ipsis

181 3637 528 3706 θεραπεῦσαι
583 3640 675 3690 τὸν
734 3641 962 3709 Κύριον.
1015 3643 1128 3694 Καὶ
1177 3643 1339 3696 τοῦτο
1419 3646 1657 3715 φανερὸν
1709 3647 1768 3711 ἐξ

1870 3641 1987 3708 ejus
2039 3638 2218 3691 verbis
2258 3636 2602 3706 perspicuum
2658 3634 2715 3687 ﬁt
2747 3651 2760 3688 :
2797 3651 2815 3684 ι
2853 3632 2947 3686 Dic
2993 3633 3181 3693 verbo,
3217 3639 3272 3684 et
3298 3643 3455 3682 sana-

180 3720 253 3780 ὧν
297 3728 529 3795 ἐλεγεν·
565 3749 583 3781 ι
641 3731 776 3784 Εἰπὲ
827 3733 1008 3800 λόγον,
1056 3735 1152 3786 καὶ
1202 3735 1491 3804 ἰαθήσεται
1549 3740 1579 3790 6
1631 3742 1765 3802 παῖς

827 3733 1008 3800 λόγον,
1056 3735 1152 3786 καὶ¹
1202 3735 1491 3804 ἰαθήσεται
1549 3740 1579 3790 6
1631 3742 1765 3802 παῖς
1872 3731 2021 3786 bitur
2053 3744 2186 3798 puer
2218 3742 2391 3780 meus.
2437 3746 2453 3777 ι

185 3837 311 3888 μου.
352 3839 372 3872 ι
1684 3847 1685 3850 “

258 3934 278 3965 ι
317 3915 485 3981 Λέγει
515 3914 666 3985 αὑτῷ
691 3919 719 3969 6
749 3916 961 3986 Ἰησοῦς
985 3936 998 3948 ·
1027 3920 1173 3990 Ἐγὼ
1220 3922 1391 3975 ἐλθὼν
1442 3924 1772 3993 θεραπεύσω

1951 3935 1970 3968 ι
2007 3915 2147 3969 Dicit
2180 3912 2226 3963 ei
2259 3909 2416 3963 Jesus
2450 3925 2464 3961 :
2500 3908 2609 3976 Ego
2642 3906 2877 3967 veniam,
2913 3912 2966 3956 et
2998 3900 3201 3956 curabo
3242 3913 3387 3952 eum.
3429 3914 3447 3948 ι

184 4006 372 4060 αὐτόν.
423 4025 442 4057 ι
484 4008 584 4059 Διά
605 4007 659 4060 τί
685 4009 829 4062 οὕτω
855 4011 1058 4082 ῥᾳδίως
1091 4015 1394 4084 ὑπήκουσε,
1430 3992 1523 4070 καί
1547 4020 1646 4089 τὴν
1678 4020 1770 4073 θε-

1873 4009 2052 4074 Quare
2077 4017 2180 4057 tam
2206 4003 2363 4058 facile
2388 4002 2630 4063 exaudit,
2665 4009 2719 4052 et
2748 4008 2855 4050 tam
2884 3996 3063 4050 subito
3089 3992 3451 4046 valetudinem

196 4100 440 4168 ραπείαν
471 4100 639 4163 εὐθὺς
671 4077 947 4173 ἐπήγαγε,
982 4107 1162 4161 καίτοι
1191 4077 1294 4163 οὐκ
1353 4077 1562 4175 είωθὼς
1589 4077 1646 4166 ἐν
1677 4113 1773 4168 άλ-

1872 4101 2121 4162 conlert,
2177 4109 2303 4149 cum
2355 4093 2409 4146 in
2441 4091 2566 4145 aliis
2597 4105 2703 4144 nou
2754 4090 2824 4142 ita
2867 4085 3048 4141 facere
3093 4077 3452 4138 consuesset?

185 4190 298 4252 λοις
344 4190 507 4243 τοῦτο
559 4195 755 4260 ποιεῖν;
810 4195 901 4264 Τῷ
944 4213 1004 4248 τε
1043 4198 1152 4266 γὰρ
1192 4201 1362 4268 πατρὶ
1394 4203 1526 4269 περὶ
1563 4203 1658 4255 τοῦ
1688 4221 1775 4256 σε-

1877 4193 2086 4246 Etenim
2122 4187 2343 4242 lunatici
2380 4185 2470 4236 ﬁlii
2504 4192 2782 4252 parentem
2831 4180 2898 4234 ad
2946 4191 3119 4247 genua
3169 4175 3454 4243 prociden-

185 4280 584 4350 ληνιαζομένου
621 4283 809 4345 παιδὸς
833 4286 1247 4352 γονυπετοῦντι,
1280 4289 1373 4340 καὶ
1400 4289 1652 4358 ζητοῦντι
1676 4291 1773 4360 τὴν

1880 4298 2008 4346 tern,
2044 4294 2100 4336 et
2145 4282 2284 4334 male
2333 4277 2513 4331 allecti
2557 4273 2917 4329 valetudinem
2961 4270 3339 4324 obsecrantem
3378 4270 3457 4316 in-

188 4373 491 4444 θεραπείαν
519 4375 611 4427 τοῦ
651 4377 955 4446 πάσχοντος
983 4379 1310 4447 ἐπιπλήττει
1357 4381 1645 4451 πρότερον,
1679 4401 1773 4449 γε·-

1877 4359 2064 4446 crepat
2127 4374 2316 4441 prius,
2377 4369 2782 4436 generationem
2837 4356 3170 4416 incredulam
3211 4366 3265 4409 et
3327 4369 3464 4422 perv

185 4465 314 4517 νεάν
370 4464 604 4518 ἄπιστον
654 4467 748 4518 καὶ
802 4446 1248 4538 διεστραμμένην
1293 4446 1484 4525 είπῶν.
1534 4446 1651 4526 -Και
1692 4446 1770 4544 τῇ

1877 4451 2084 4528 versanti
2113 4481 2312 4520 vocans
2337 4462 2401 4514 δ’.
2437 4461 2501 4514 Ει
2530 4459 2856 4512 Chananaaaa
2884 4466 3078 4520 magno
3105 4465 3226 4504 cum
3259 4446 3451 4502 affectu

188 4558 477 4629 Χαναναία
529 4558 857 4628 περιπαθῶς
898 4559 1257 4632 ἀντιϐολούσῃ
1298 4565 1426 4632 περὶ
1461 4567 1560 4634 τῆς
1601 4540 1773 4633 Θυγαξ
1805 4575 1840 4629 ι]

1805 4575 1851 4629 ι)
1884 4577 1981 4632 pro
2033 4559 2140 4612 ﬁlia
2195 4552 2522 4623 supplicanti
2561 4569 2575 4603 :
2613 4567 2632 4600 ι
2670 4545 2789 4601 Νοη
2839 4553 2944 4609 est,
2999 4542 3204 4612 inquit,
3252 4540 3451 4634 bonum

187 4654 317 4722 τρός
345 4667 358 4680 ·
395 4671 414 4702 ι
453 4627 567 4703 Οὐκ
607 4627 860 4714 ἐξεστιι),
911 4648 1059 4716 εἷπε,
1091 4627 1277 4705 λαϐείν
1335 4627 1427 4707 τόν
1462 4627 1626 4725 ἄρτον
1667 4627 1776 4710 ἀπὸ
1806 4627 1831 4629 1

1806 4627 1831 4629 ⁷
1876 4627 2094 4710 sumere
2146 4663 2337 4719 panem
2395 4644 2666 4705 ﬁliorum,
2699 4651 2755 4693 et
2798 4641 2929 4694 dare
2973 4637 3201 4689 canibus
3223 4632 3288 4685 “.
3330 4649 3348 4681 ι
3396 4627 3449 4681 In

187 4744 297 4795 τῶν
326 4745 558 4806 τέκνων,
589 4744 681 4795 καὶ
708 4742 895 4796 δοῦναι
931 4746 1044 4805 τοῖς
1070 4747 1370 4817 κυναρίοις.
1421 4765 1439 4797 ι
1489 4721 1577 4800 Ἓν
1603 4749 1659 4801 δέ
1698 4751 1776 4821 τῷ

1876 4744 2125 4815 prmsenti
2149 4756 2281 4794 vero
2307 4737 2544 4793 simulac
2575 4734 2766 4797 audiit,
2799 4731 2941 4801 quod
2997 4749 3014 4780 ι
3043 4729 3180 4782 Puer
3203 4740 3352 4779 meus
3376 4721 3453 4792 (6)

194 4835 426 4904 παρόντι
454 4834 592 4902 ὁμοῦ
619 4851 677 4886 τε
701 4834 957 4905 ἧκουσεν,
981 4837 1064 4888 ὅτι
1087 4854 1107 4887 ι
1149 4815 1360 4901 Ὀ-παῖς
1387 4855 1489 4908 μου
1513 4815 1774 4909 βέϐληται

1869 4838 2015 4905 jacet
2064 4836 2116 4887 in
2165 4835 2324 4886 domo
2372 4828 2733 4897 paralyticus.
2773 4844 2791 4876 ι
2837 4821 3204 4876 valetudinem
3259 4815 3455 4870 alIerre

193 4933 248 4982 ἐν
277 4932 347 4998 τῇ
378 4930 529 4998 οἰκίᾳ⁵
568 4927 957 4998 παραλυτικὸς,
995 4947 1014 4980 ι
1049 4932 1144 4982 καὶ
1178 4931 1315 5000 πρὸς
1336 4907 1434 4998 τὴν
1473 4907 1776 5001 θεραπείαν

1877 4925 2190 4982 maturavit.
2234 4909 2815 4988 Quamobrem‘iQuia
2862 4914 3120 4969 nimirum
3165 4911 3254 4979 qui
3291 4907 3456 4962 corda

192 5022 502 5088 ἐπείγεται.
537 5022 639 5073 Διὰ
669 5021 756 5086 τίς
788 5021 1014 5093 Ἐπειδὴ
1040 5024 1068 5075 6
1099 5023 1201 5086 τὰς
1256 5022 1483 5093 καρδίας
1531 5025 1776 5094 ἐρευνῶν

1879 5030 2179 5086 scrutatur,
2221 5030 2278 5073 et
2331 5015 2580 5088 pervadit
2621 5013 2791 5066 animi
2841 5025 3074 5075 sensus,
3126 5009 3459 5076 cognoverat

194 5116 290 5168 καὶ
345 5114 542 5184 μέχρις
595 5113 818 5166 ἐννοιῶν
866 5114 1047 5184 ψυχῆς
1089 5115 1490 5186 ἐξικνούμενος,
1533 5117 1650 5190 ᾔδει
1680 5117 1777 5172 τοῦ

1879 5126 2078 5186 quanta
2111 5111 2446 5168 centurionis
2491 5108 2624 5162 ﬁdes
2664 5115 2832 5161 esset.
2864 5103 3107 5158 Gratiam
3145 5100 3307 5171 igitur
3355 5096 3461 5152 ﬁde

195 5207 602 5276 ἑκατοντάρχου
625 5207 724 5278 τὴν
745 5207 926 5260 πίστιν
949 5207 1122 5278 ὁπόση
1151 5226 1234 5272 τις
1259 5205 1348 5280 ἦν.
1366 5209 1478 5280 Τὴν
1502 5211 1664 5282 χάριν
1683 5208 1780 5264 οὖν

1881 5209 2138 5274 metitur,
2177 5216 2232 5260 et
2270 5205 2608 5259 curationem
2657 5202 2839 5255 subito
2901 5199 3189 5267 pollicetur
3226 5210 3243 5247 :
3275 5199 3336 5246 ut
3384 5199 3458 5243 ita

198 5299 336 5369 πρὸς
368 5299 469 5367 τὴν
501 5298 686 5350 πίστιν
728 5301 944 5368 μετρεῖ,
983 5301 1079 5352 καὶ
1096 5301 1196 5370 τὴν
1250 5300 1394 5355 ἴασιν
1428 5301 1778 5372 ὑπισχνεῖται

1879 5306 2044 5359 etiam
2095 5300 2309 5370 gentilis
2364 5297 2604 5351 hominis
2658 5294 2873 5348 fervens
2921 5292 3093 5360 pietas
3134 5286 3335 5342 ludatis
3368 5297 3457 5339 se-

265 5438 309 5468 “
353 5435 514 5490 Joan.
557 5453 628 5502 tv,
671 5438 702 5489 7
741 5452 900 5505 seqq.
974 5438 1020 5470 “
1057 5438 1192 5495 Luc.
1236 5456 1334 5506 vn,
1375 5440 1478 5506 ’56;
1526 5458 1580 5506 ς,
1626 5444 1694 5498 39
1730 5444 1822 5498 63.
1901 5445 1946 5476 ⁸³
1988 5444 2180 5497 Matth.
2231 5458 2346 5504 vin,
2390 5441 2478 5495 15.
2557 5439 2604 5470 ⁸⁵
2646 5437 2778 5491 Luc.
2819 5452 2894 5503 tv,
2918 5434 3025 5505 {58,
3068 5434 3161 5489 39.
3238 5431 3282 5463 ⁸⁸
3322 5428 3456 5484 Luc.

193 5523 308 5574 vit,
353 5506 415 5561 ll
461 5523 639 5576 seqq;
681 5523 800 5575 vnt,
846 5509 916 5564 69
965 5515 1120 5578 *5qu.
1198 5512 1244 5542 ⁸⁸
1284 5511 1417 5567 Luc.
1459 5527 1566 5577 vtt,
1609 5513 1663 5566 τὶ.
1743 5515 1788 5546 ⁸⁷
1827 5515 1845 5568 1

1199 5512 1244 5542 ⁸⁸
1284 5511 1417 5567 Luc.
1459 5527 1566 5577 vtt,
1609 5513 1663 5566 ‘2.
1743 5515 1788 5546 "
1827 5515 1960 5570 Luc.
2002 5531 2040 5579 ι,
2089 5514 2180 5568 41.
2259 5514 2303 5544 ⁸⁸
2344 5511 2537 5566 Matth.
2581 5526 2716 5574 xm,
2762 5506 2851 5562 26.

1443 5647 1765 5709 FranciSt-i
1801 5645 2013 5707 Scorsi
2039 5653 2227 5706 notae.

175 5817 178 5819 .
273 5766 350 5833 (6)
411 5764 565 5832 Quod
602 5783 732 5833 puer
782 5785 946 5823 meus.
1001 5769 1274 5836 Abruptus
1306 5769 1394 5823 hic
1418 5769 1682 5824 sensusiu
1712 5768 1772 5822 C.

1887 5767 2285 5837 παραλυτικὸς.
2355 5767 2450 5819 καὶ
2506 5767 2644 5836 πρὸς
2680 5764 2782 5836 τὴν
2810 5762 3110 5835 Θεραπείαν
3159 5759 3459 5830 ἐπείγεται,

203 5837 457 5894 Panorm.
501 5837 873 5894 deﬁcientibus
903 5851 1026 5909 post
1061 5838 1316 5909 βέϐληται
1341 5840 1423 5894 his
1446 5843 1503 5892 ἐν
1528 5842 1592 5891 τῆ
1632 5839 1779 5893 οἰκία,

734 5838 873 5894 tibus
903 5851 1026 5909 post
1061 5838 1316 5909 βέϐληται
1341 5840 1423 5894 his
1446 5843 1503 5892 ἐν
1528 5842 1592 5891 τῆ
1632 5839 1779 5893 οἰκία
1886 5854 2004 5902 qua:
2029 5839 2127 5908 legi
2163 5840 2213 5890 itt
2246 5837 2386 5892 Gall.
