4184 6440
740 377 841 441 831

1944 380 2044 437 TH
2060 376 2441 437 EOPHANIS
2476 373 2814 435 CERAMEI

3906 364 4012 428 832

739 493 1039 558 quentibus
1070 493 1473 547 ostenderetur.
1506 493 1700 546 Statim
1725 493 1869 545 enim
1898 508 1959 546 ac
1986 492 2324 545 Salvatorein

2447 491 2670 559 γοργῶς,
2730 491 2807 554 ὡς
2867 489 2933 542 ἂν
3000 490 3032 557 ή
3069 482 3332 556 διάπυρος
3366 484 3623 538 εὐλάϐεια
3665 483 3759 537 τοῦ
3795 482 4009 535 ὲθνικοΰ

739 586 882 634 viam
932 584 1239 651 ingressum
1292 583 1443 644 vidit,
1497 582 1690 636 timore
1739 582 2026 650 perculsus
2082 596 2145 633 ac
2192 595 2324 633 eon-

740 687 1017 727 stet‘natus
1045 686 1187 739 erat,
1216 677 1359 745 quod
1389 676 1609 729 domum
1644 690 1794 729 suam
1828 685 1969 728 esset
1992 684 2322 741 excepturus

745 768 932 830 Deum,
964 771 1039 832 fet
1068 770 1142 821 ait
1168 785 1181 821 :

817 968 835 998 ι
877 948 1134 1012 Domine,
1170 962 1271 999 non
1308 962 1425 1000 sum
1465 948 1677 1015 dignus,
1707 956 1765 1000 ul
1796 948 1966 1001 intres
1993 947 2094 1000 sub
2124 956 2321 1001 lectum

741 1057 948 1103 meum,
981 1042 1073 1093 sed
1104 1042 1191 1094 die
1224 1042 1411 1102 verbo,
1439 1052 1492 1093 et
1518 1040 1802 1094 sanabitur
1827 1055 1961 1108 puer
1992 1055 2040 1092 m
2065 1054 2163 1093 'us.
2188 1040 2321 1092 Nam

743 1145 794 1188 et
826 1149 925 1197 ego
962 1134 1122 1184 homo
1154 1149 1272 1187 sum
1305 1134 1404 1186 sub
1436 1142 1709 1200 potestate
1742 1134 2072 1186 constitutus
2120 1132 2326 1184 habens

742 1228 843 1279 Sttl)
878 1238 963 1279 nte
1011 1226 1244 1287 milites,
1297 1234 1350 1277 et
1405 1226 1529 1279 dico
1577 1224 1741 1278 huic:
1775 1222 1940 1285 Vade,
1975 1234 2027 1276 et
2059 1225 2223 1286 vadit,
2274 1233 2327 1275 et

741 1321 829 1373 alii
861 1339 876 1374 :
917 1319 1073 1384 Veni,
1101 1329 1152 1371 et
1195 1319 1361 1379 venit,
1408 1324 1461 1371 et
1503 1331 1658 1370 servo
1693 1332 1834 1380 meo,
2067 1316 2171 1368 Fac
2202 1318 2323 1374 line,

744 1424 795 1465 ct
838 1412 990 1465 facit.
1030 1430 1047 1462 ι
1085 1409 1237 1475 Quod
1269 1408 1366 1471 ait,
1416 1408 1519 1460 tale
1549 1419 1671 1463 est:
1704 1407 1760 1461 Si
1792 1423 1912 1474 ego,
1947 1411 2035 1475 qui
2070 1408 2170 1460 sub
2214 1406 2326 1461 Cm—

744 1517 869 1555 sare
912 1516 1116 1563 mereo,
1149 1509 1203 1553 et
1238 1500 1353 1566 ejus
1396 1500 1566 1568 jussis
1615 1499 1954 1565 obtempero,
2002 1499 2116 1550 solo
2151 1510 2325 1550 tamen

745 1597 890 1648 dicto
935 1593 1201 1647 militibus
1244 1594 1451 1663 impero
1492 1592 1622 1644 lllllll
1652 1591 1936 1658 subjectis,
1973 1590 2046 1643 ita
2082 1600 2140 1643 ut
2173 1604 2329 1643 nemo

745 1688 1027 1751 resistere,
1054 1687 1211 1739 simul
1242 1701 1305 1739 ac
1333 1684 1514 1753 procul
1549 1684 1875 1737 antandatns
1898 1692 1999 1745 est,
2027 1698 2201 1751 neque
2222 1697 2325 1734 non

743 1777 1005 1832 accedere
1078 1787 1301 1829 vocatus
1345 1775 1563 1838 audeat,
1621 1776 1892 1843 quomodo
1944 1776 2031 1843 qui
2093 1776 2193 1829 sub
2236 1791 2329 1843 po-

747 1878 941 1923 testate
970 1885 1075 1922 non
1110 1886 1189 1927 es,
1233 1867 1327 1920 sed
1379 1868 1597 1936 pr0ptia
1629 1883 1693 1921 ac
1731 1867 2088 1919 dominatrit-e
2115 1868 2332 1920 deitatis

745 1963 948 2015 virtute.
978 1961 1189 2029 pollens
1226 1963 1408 2015 omnia
1466 1971 1593 2013 nutu
1653 1950 1855 2020 moves,
1913 1974 2017 2011 non
2068 1960 2335 2027 imperare

748 2056 953 2119 possis,
986 2054 1032 2106 si
1076 2054 1230 2117 velis,
1267 2064 1317 2106 et
1350 2054 1532 2106 statim
1572 2068 1702 2121 puer
1732 2053 2181 2122 sanabiturjussu
2208 2053 2336 2105 tuo?

748 2146 904 2212 Quod
937 2160 1066 2200 vero
1112 2160 1220 2198 non
1268 2147 1333 2197 ad
1387 2145 1812 2198 assentationem
1859 2146 2018 2199 verba
2063 2145 2338 2198 consarci-

750 2249 927 2303 naret,
993 2253 1170 2307 neque
1224 2224 1472 2292 illiberali
1524 2240 1756 2305 quadam
1820 2238 2133 2291 adulatione
2178 2239 2335 2292 vellet

749 2327 1051 2394 imponere,
1090 2328 1463 2381 testimonium
1499 2329 1776 2395 perhibuit
1807 2330 1879 2383 illi
1915 2328 2186 2396 Salvator,
2212 2346 2335 2383 cum

750 2418 910 2469 ﬁdem
954 2418 1073 2486 ejus
1114 2418 1277 2471 totius
1308 2418 1524 2473 lsraelis
1558 2421 1660 2472 lide
1693 2420 1987 2473 ﬁrmiorem
2016 2436 2135 2474 esse
2179 2423 2335 2489 dixit,

749 2525 815 2563 ac
852 2510 1039 2563 statim
1079 2510 1371 2577 adjunxit:
1414 2530 1431 2560 ι
1470 2510 1624 2565 Sicut
1674 2513 1982 2573 credidisti,
2020 2514 2111 2566 liat
2152 2516 2271 2569 tibi.
2314 2534 2334 2569 ι

753 2601 975 2656 Scierat
1019 2618 1181 2671 porro
1219 2603 1338 2656 illas
1391 2620 1510 2658 esse
1557 2620 1744 2659 sacras
1790 2607 2061 2676 primitias
2095 2607 2337 2674 gentium

750 2712 850 2763 per
880 2696 1242 2765 Evangeliutn
1278 2707 1591 2751 vocaturqu
1626 2716 1639 2751 :
1675 2709 1729 2752 et
1767 2714 1861 2768 per
1890 2700 2033 2753 hunc
2064 2702 2340 2753 centurio-

753 2796 874 2836 nem
936 2784 1229 2850 providens
1277 2785 1531 2839 Salvator
1584 2802 1676 2840 cas
1732 2804 1849 2856 quae
1882 2790 1947 2842 ad
1987 2807 2046 2845 se
2101 2802 2341 2845 venturae

749 2880 959 2935 essent,
995 2872 1266 2939 praedicit,
1296 2876 1440 2943 quod
1479 2886 1597 2929 erat
1636 2876 1876 2933 futurum
1913 2896 1927 2932 :
1958 2882 2097 2946 quod
2133 2901 2151 2933 ι
2190 2881 2339 2936 Multi

753 2961 821 3013 ab
849 2961 1062 3017 oriente
1094 2975 1146 3018 et
1176 2967 1461 3021 occidente
1500 2970 1739 3032 venient,
1783 2982 1837 3022 et
1869 2973 2187 3026 recumbent
2217 2990 2339 3029 cum

753 3056 1058 3120 Abraham,
1097 3070 1148 3110 et
1187 3057 1365 3120 Isaac,
1402 3072 1452 3111 et
1483 3058 1651 3114 .lacob
1707 3064 1757 3114 in
1792 3078 1959 3130 regno
1989 3066 2276 3122 cmlorum.
2316 3083 2335 3118 ι

2428 585 2540 642 τοῖς
2575 583 2868 649 ἑπομένοις
2904 579 3183 640 Ἰουδαίοις
3238 576 3449 647 δειχθῇ.
3494 574 3668 645 Ὀμοῦ
3729 575 3840 641 γὰρ
3902 568 4007 625 εἶδε

2426 674 2517 726 τὸν
2558 675 2787 743 Σωτῆρα
2827 674 2926 742 τὴν
2953 672 3186 742 πορείαν
3236 671 3582 740 ὁρμήσαντα,
3613 670 3707 720 καὶ
3752 666 4010 735 περιδεὴς

2427 766 2738 833 γενόμενος,
2767 762 3128 833 κατεπτηχὼς
3173 760 3240 833 ἦν
3282 764 3421 815 οἴκοι
3456 762 3589 813 Θεὸν
3624 758 4007 825 ὑποδέξασθαι,

2428 857 2519 909 καί
2554 874 2687 926 φησι
2706 872 2723 888 ο

2506 969 2523 1001 ι
2567 950 2761 1019 Κύριε,
2790 950 2889 1003 οὐκ
2912 951 3033 1018 εἰμὶ
3058 949 3264 1013 ἱκανὸς,
3296 949 3385 1002 ἵνα
3420 966 3524 1019 μου
3556 948 3660 1000 ὑπὸ
3683 948 3783 1015 τὴν
3812 946 4012 1013 στέγην

2429 1041 2698 1113 εἰσέλθῃς,
2759 1042 2875 1095 ἀλλ’
2906 1042 3028 1093 εἰπὲ
3081 1040 3263 1108 λόγον,
3334 1040 3431 1093 καὶ
3491 1038 3784 1106 ίαθήσεται
3821 1037 3848 1089 6
3885 1038 4013 1099 παῖς

2432 1153 2554 1204 μου.
2586 1138 2694 1189 Καὶ
2726 1136 2834 1204 γὰρ
2853 1134 2965 1203 ἐγὼ
2994 1134 3281 1205 ἄνθρωπός
3302 1134 3419 1202 είμι
3444 1132 3535 1185 ὑπ’
3564 1131 3813 1197 ἐξουσίαν
3876 1130 4013 1197 ἔχων

2430 1227 2673 1293 ἐμαυτοῦ
2736 1227 3102 1295 στρατιώτας,
3150 1229 3245 1279 καὶ⁵
3295 1227 3441 1292 λέγω
3497 1227 3705 1296 τούτῳ·
3748 1224 4011 1292 Πορεύου,

2430 1320 2525 1370 καὶ
2587 1318 2922 1388 πορεύεται⁶
2959 1319 3053 1372 καὶ
3105 1319 3250 1389 ἄλλῳ
3280 1336 3294 1347 ·
3338 1319 3564 1389 Ἔρχου,
3623 1320 3716 1370 καὶ
3771 1318 4015 1385 ἔρχεται,

2432 1413 2525 1465 καὶ
2557 1413 2635 1482 τῷ
2672 1414 2843 1483 δούλῳ
2881 1430 2983 1482 μου
3009 1431 3024 1444 ·
3052 1413 3291 1482 Ποίησον
3328 1412 3510 1473 τοῦτο,
3546 1412 3640 1463 καὶ
3688 1413 3853 1463 ποιεῖ.
3893 1430 3911 1461 ι
3956 1412 4017 1461 Ὀ

2430 1504 2580 1569 λέγει
2614 1503 2855 1556 τοιοῦτόν
2881 1506 3030 1555 ἐστιν
3053 1519 3064 1532 ·
3100 1504 3163 1554 Ei
3188 1502 3325 1570 ἐγὼ,
3351 1501 3428 1569 τῷ
3454 1501 3699 1569 Καίσαρι
3722 1500 4017 1568 στρατευό-

2437 1614 2616 1666 μενος,
2650 1596 2745 1648 καὶ
2778 1600 2890 1657 τοῖς
2930 1596 3143 1648 ἐκείνου
3176 1595 3343 1646 εἴκων
3390 1594 3835 1663 προστάγμασιν,
3867 1592 4019 1659 ὅμως

2431 1689 2556 1749 τοὺς
2619 1688 2711 1739 ὑπ’
2739 1689 2839 1755 ἐμὲ
2880 1689 3220 1756 στρατιώτας
3284 1686 3581 1737 ὑποτάσσω
3632 1685 3781 1754 μόνῳ
3815 1682 3895 1751 τῷ
3924 1684 4018 1751 ῥή-

2440 1797 2588 1850 ματι,
2613 1780 2687 1843 ὼς
2723 1780 2860 1849 μήτε
2900 1780 2993 1831 τὸν
3033 1780 3624 1848 ἀποδιοπομπούμενον
3680 1782 3861 1845 μεῖναι
3893 1776 4021 1845 θαῤ-

2439 1874 2572 1941 ῥεῖν,
2603 1872 2741 1942 μήτε
2770 1872 2867 1923 τὸν
2922 1870 3258 1940 καλούμενον
3290 1870 3413 1939 οὐχὶ
3444 1870 3789 1939 προσελθεῖν,
3842 1867 3964 1929 πῶς
3996 1871 4023 1918 ό

2441 1965 2512 2035 μὴ
2566 1964 2656 2017 ὑπ’
2703 1965 2956 2032 ἐξουσίαν
3001 1965 3174 2019 τελῶν
3202 2008 3215 2027 ,
3276 1964 3393 2017 ἀλλ’
3434 1964 3731 2031 αὑθεντικῇ
3792 1963 4021 2029 δυνάμει

2436 2061 2693 2131 θεότητος
2721 2061 2899 2114 πάντα
2932 2062 3115 2131 φέρων
3137 2060 3213 2130 τῷ
3236 2059 3492 2127 νεύματι,
3524 2060 3625 2110 οὐκ
3652 2059 3717 2110 ἂν
3745 2056 4023 2127 ἐπιτάξῃ-ις

2440 2154 2803 2223 βουλόμενος,
2842 2154 2937 2206 καὶ
2971 2156 2999 2206 6
3028 2155 3158 2213 παῖς
3208 2151 3444 2222 ῥωσθείη
3496 2150 3575 2221 τῷ
3637 2150 3980 2219 ἐπιτάγματι
4009 2164 4022 2209 ;

2439 2249 2563 2301 Ὅτι
2591 2248 2648 2300 δὲ
2677 2246 2736 2300 οὐ
2768 2246 3131 2309 θωπευτικῶς
3188 2248 3216 2298 ό
3275 2245 3432 2312 λόγος
3473 2243 3626 2314 αὐτῷ
3668 2244 4021 2302 ὲκεκάττυτο,

2436 2342 2556 2395 οὐδὲ
2612 2341 2708 2411 τῆς
2779 2340 3073 2401 κολακείας
3140 2338 3499 2409 ἀνελευθερίᾳ
3576 2335 4019 2404 ἐκεκιὸδήλωτο,

2438 2436 2896 2506 ὲμεμαρτυρήκει
2925 2432 3075 2504 αὺτῷ
3102 2436 3130 2486 6
3162 2434 3386 2502 Σωτὴρ,
3420 2432 3623 2493 παντός
3669 2429 3765 2483 τοῦ
3807 2430 4028 2499 Ἰσραὴλ

2438 2532 2538 2602 τὴν
2585 2528 2752 2582 αὑτοῦ
2813 2528 2998 2579 πίστιν
3062 2525 3421 2596 βεσαιοτέραν
3497 2522 3711 2584 τιθεὶς,
3758 2523 3853 2573 καὶ
3908 2521 4027 2588 ἅμα

2442 2624 2734 2696 προσθείς·
2769 2640 2787 2673 ι
2829 2621 2920 2683 Ὠς
2947 2620 3300 2679 ἐπίστευσας,
3336 2616 3624 2684 γενηθήτω
3676 2630 3779 2667 σοι.
3821 2631 3840 2663 ι
3877 2614 4030 2683 ’ᾘδει

2440 2718 2495 2771 δὲ
2532 2717 2602 2769 τὰ
2634 2714 2946 2787 πρωτόλεια
3001 2712 3102 2780 τῆς
3152 2710 3241 2763 διὰ
3274 2708 3370 2761 τοῦ
3422 2707 3760 2775 Εύαγγελίου
3784 2706 4032 2775 κλήσεως

2442 2809 2549 2860 τῶν
2575 2804 2747 2859 ἐθνῶν
2803 2802 2891 2856 διὰ
2938 2800 3096 2855 τοῦδε
3153 2801 3247 2853 τοῦ
3281 2797 3691 2867 ἑκατοντάρχου
3726 2795 3983 2865 προορῶν
4005 2796 4033 2846 6

2441 2899 2633 2970 Σωτὴρ
2686 2896 3121 2968 προσαγόμενα,
3182 2892 3449 2963 ’προλέγει
3514 2890 3577 2943 τὸ
3653 2887 3890 2959 μέλλον,
3952 2888 4033 2941 ὅτι

2448 3009 2467 3041 ι
2506 2989 2697 3043 Πολλοὶ
2746 2988 2855 3040 ἀπὸ
2914 2984 3189 3039 ἀνατολῶν
3262 2984 3358 3035 καὶ
3412 2980 3637 3050 δυσμῶν
3690 2980 3909 3048 ἥξουσι,
3940 2982 4033 3030 καὶ

2442 3080 2902 3150 ἀνακλιθήσονται
2967 3078 3106 3147 μετὰ
3158 3074 3451 3147 Ἀϐραὰμ,
3518 3075 3615 3125 καὶ
3675 3073 3889 3134 Ἰσαὰκ,
3942 3076 4035 3124 καὶ

753 3148 1025 3213 Quoniam
1068 3156 1214 3209 enim
1246 3164 1454 3208 tantam
1492 3155 1543 3208 in
1584 3154 1747 3210 Israel
1780 3173 1884 3211 non
1919 3159 2126 3213 invenit
2158 3160 2337 3227 (idem,

2458 3175 2655 3228 Ἰακὼϐ
2692 3148 2749 3226 έν
2781 3176 2846 3241 τῇ
2886 3170 3135 3241 βασιλείᾳ
3163 3169 3273 3221 τῶν
3298 3167 3573 3235 οὐρανῶν.
3607 3185 3625 3217 ι
3674 3166 3894 3237 Ἐπειδὴ
3928 3167 4035 3231 γὰρ

755 3245 900 3311 quod
936 3247 1204 3314 reliquum
1260 3256 1414 3312 erat,
1462 3263 1490 3301 a
1550 3260 1816 3304 terrarum
1868 3251 2067 3306 liuibus
2114 3257 2342 3310 advocat

752 3345 947 3399 gentes
981 3354 995 3389 :
1039 3347 1092 3391 et
1127 3338 1376 3406 ingratus
1410 3340 1630 3409 quidem
1667 3344 1896 3411 populus
1929 3343 1997 3398 ab
2028 3344 2147 3413 ejus
2186 3345 2345 3400 fami-

755 3429 993 3485 liaritate
1021 3433 1301 3497 St‘jltllt‘llls
1335 3444 1449 3501 est;
1486 3437 1671 3490 ascitas
1704 3453 1831 3490 vero
1874 3451 2002 3493 sunt
2048 3451 2237 3507 gentes
2277 3457 2344 3497 ex

759 3522 864 3574 title
891 3522 1228 3590 jnstilicate.
1264 3526 1317 3579 ιιι
1345 3530 1493 3581 enim
1519 3530 1683 3581 etiam
1712 3530 1947 3584 incausa
1970 3542 2071 3595 est,
2102 3548 2199 3586 cur
2223 3551 2342 3588 cum

754 3613 1073 3668 Abrahamo
1111 3620 1454 3674 recubituras
1485 3631 1675 3688 gentes
1710 3624 1864 3685 dicit,
1910 3625 2051 3693 quod
2087 3628 2344 3680 nimirum

757 3706 907 3759 illius
944 3708 1274 3775 patriarchae
1307 3712 1467 3765 iidem
1517 3715 1755 3768 aemulati
1810 3726 2017 3771 essent.
2068 3718 2169 3785 Qui
2218 3736 2348 3773 vero

756 3798 857 3852 lilii
911 3802 1267 3865 vocabantur,
1308 3819 1374 3858 ex
1425 3819 1585 3877 gente
1629 3806 1941 3861 Judaaorum
1996 3811 2151 3872 dico,
2189 3830 2207 3861 ι
2246 3814 2348 3882 eji—

758 3890 977 3946 cientur
1012 3892 1068 3947 in
1107 3897 1362 3952 tenebras
1417 3901 1749 3965 exteriores;
1807 3902 1879 3955 ibi
1927 3906 2031 3957 erit
2083 3903 2238 3959 ﬂetus
2296 3916 2350 3960 et

756 3984 962 4040 stridor
989 3986 1234 4042 dentiqu
1263 3989 1328 4043 ".
1366 4008 1385 4041 ι
1436 3990 1763 4060 Ejicieutur,
1801 3995 1998 4065 inquit,
2045 4013 2111 4051 ex
2160 4014 2350 4069 regno,

757 4079 1099 4149 repellentur
1124 4097 1190 4137 ex
1224 4084 1558 4152 sacerdotio,
1609 4097 1662 4141 et
1711 4103 1739 4140 a
1788 4090 1963 4143 sacris
2011 4091 2145 4159 ipsis
2194 4093 2349 4159 locis,

757 4192 815 4235 et
849 4182 1114 4252 legalibus
1142 4186 1435 4241 sacriﬁciis
1463 4187 1666 4256 quibus
1692 4190 1936 4243 consueti
1968 4199 2124 4243 erant
2154 4208 2167 4244 :
2203 4193 2355 4261 igno-

758 4276 955 4329 rantiae
986 4289 1114 4329 vero
1148 4278 1405 4334 tenebras
1454 4293 1553 4347 pro
1598 4279 1782 4333 divina
1826 4281 1970 4342 luce.
2000 4292 2055 4334 et
2090 4282 2351 4349 ejulatum

757 4366 1101 4433 paenitentiae
1146 4383 1246 4438 pro
1297 4371 1498 4439 gaudio
1530 4387 1596 4427 ex
1650 4371 1743 4426 Dei
1796 4372 2179 4439 conjunctione
2225 4391 2354 4445 pro-

757 4457 906 4512 fecto
939 4461 1396 4527 commutabunt;
1431 4475 1486 4517 et
1534 4466 1807 4517 incassum
1858 4465 2113 4519 dentibus
2156 4469 2352 4523 anima:

758 4556 1020 4612 frendent
1053 4558 1269 4616 divinas
1300 4562 1491 4630 epulas
1526 4564 1853 4617 esurientes.
1888 4563 2057 4619 Porro
2104 4566 2355 4621 tenebra-

761 4668 884 4707 rum
928 4654 1264 4708 exteriorum
1310 4658 1530 4710 nomine
1568 4657 1746 4712 futura
1792 4668 2140 4727 peccatorum
2193 4676 2353 4729 paena

760 4751 1031 4822 signatur,
1066 4755 1324 4821 quoniam
1380 4755 1622 4812 futurum
1674 4769 1790 4824 est,
1844 4771 1903 4812 ut
1955 4759 2155 4828 duplex
2216 4761 2357 4830 ignis

760 4850 1015 4915 operatio
1054 4849 1131 4919 (7)
1178 4858 1309 4904 tunc
1362 4852 1656 4915 dividatur,
1709 4863 1761 4906 et
1790 4852 1952 4927 justis
1996 4854 2217 4923 quidem
2267 4844 2356 4908 lux

759 4955 897 5008 pura
940 4951 995 4994 et
1023 4955 1220 5024 expers
1246 4942 1525 5011 qualitatis
1558 4945 1750 4999 ustivae
1784 4947 2061 5010 reddatur,
2088 4945 2350 5012 improbis

759 5046 890 5087 vero
914 5034 1177 5103 quidquid
1208 5036 1397 5090 urendi
1433 5037 1539 5090 vim
1567 5037 1729 5091 liabet
1781 5047 1835 5091 et
1868 5038 1984 5091 luce
2005 5054 2219 5091 cassum
2246 5051 2351 5103 εει,

762 5125 1056 5181 tribuatur.
1116 5128 1296 5197 Atque
1353 5130 1435 5184 liae
1485 5130 1703 5199 quidem
1768 5132 2004 5186 tenebrae
2050 5132 2355 5186 exteriores

761 5221 1040 5284 dicuntur,
1091 5221 1174 5275 vel
1229 5222 1569 5277 interiores:
1614 5224 1817 5277 etenim
1870 5234 1923 5278 et
1984 5225 2073 5278 hic
2116 5224 2261 5279 velut
2304 5225 2355 5278 iu

834 5367 881 5400 ⁶⁹
913 5366 1105 5421 Matth.
1144 5384 1259 5430 vui,
1293 5367 1380 5421 12.

2446 3272 2505 3322 ού
2536 3268 2804 3334 τοσαύτην
2833 3258 2959 3335 εὗρε
2993 3264 3177 3316 πίστιν
3217 3264 3276 3313 ὲν
3304 3260 3383 3330 τῷ
3429 3260 3672 3331 Ἰσραὴλ,
3701 3260 4033 3329 προσκαλεῖ-

2448 3382 2537 3415 ται
2572 3361 2761 3413 λοιπόν
2793 3359 2861 3411 τὰ
2892 3358 3023 3425 ἔθνη
3053 3354 3164 3409 ἀπὸ
3191 3354 3300 3407 τῶν
3335 3353 3593 3423 περάτων
3626 3354 3726 3420 τῆς
3762 3354 3887 3420 γῆς,
3944 3354 4041 3404 καὶ

2450 3460 2476 3507 6
2506 3458 2604 3521 μὲν
2631 3452 2904 3521 ἀγνώμων
2946 3448 3074 3510 λαὸς
3113 3446 3530 3514 ἀποπεφοίτηκε
3564 3447 3663 3513 τῆς
3702 3445 3843 3515 πρὸς
3875 3446 4039 3497 αὑτὸν

2449 3548 2804 3615 οἰκειότητος,
2835 3544 3193 3611 ἀντεισῆκται
3231 3540 3288 3593 δὲ
3325 3539 3394 3591 τὰ
3433 3538 3562 3608 ἔθνη
3596 3539 3960 3590 ὃικαιωθέντα
3977 3540 4045 3589 ἐκ

2451 3642 2712 3701 πίστεως.
2760 3634 2860 3689 Διὰ
2901 3633 3063 3686 τοῦτο
3116 3634 3226 3700 γὰρ
3294 3632 3387 3685 καὶ
3422 3632 3563 3699 μετὰ
3593 3628 3858 3697 ’Λϐραὰμ
3892 3631 4043 3694 λέγει

2452 3730 2917 3801 ἁνακλιθήσεσθαι
2943 3727 3166 3789 αὐτοὺς.
3188 3727 3261 3787 ὡς
3287 3726 3387 3793 τὴν
3420 3723 3516 3776 τοῦ
3546 3724 3900 3793 πατριάρχου
3954 3724 4041 3774 πί-

2455 3845 2571 3879 στιν
2603 3824 2977 3895 ςηλώσαντας.
2998 3820 3135 3873 (tios
3156 3817 3592 3887 κληθέντες-οἱοὶ,
3619 3820 3667 3867 οἱ
3698 3816 4045 3878 ὲξῚουδαίων

2455 3920 2621 3991 φημὶ,
2670 3937 2687 3969 ι
2723 3914 3155 3985 ἐκϐληθήσονται
3182 3914 3261 3974 εἰς
3292 3911 3352 3962 τὸ
3391 3910 3585 3971 σκότος
3622 3911 3682 3961 τὸ
3717 3909 3993 3977 ἐξώτερον
4024 3926 4037 3938 ·

2456 4010 2572 4061 ἐκεῖ
2601 4006 2755 4059 ἔσται
2774 4004 2803 4055 ό
2829 4002 3107 4070 κλαυθμὸς
3147 4002 3239 4052 καὶ
3275 4001 3303 4051 6
3331 3999 3581 4069 βρυγμὸς
3605 3997 3711 4049 τῶν
3729 3999 3992 4051 ὀδόντων,
4026 4019 4043 4049 ι

2456 4097 2945 4169 Ἐκσληθήσονται,
2982 4094 3136 4163 φησὶ,
3174 4093 3272 4160 τῆς
3308 4092 3615 4159 βασιλείας,
3638 4090 4049 4158 ἐξωσθήσοντιι

2455 4196 2513 4249 δὲ
2542 4196 2635 4247 καὶ
2668 4192 2769 4261 τῆς
2798 4188 3128 4259 ἱερωσύνης,
3164 4189 3259 4240 καὶ
3290 4185 3472 4238 αὐτῶν
3503 4184 3569 4254 δὴ
3598 4186 3711 4236 τῶν
3751 4184 3920 4252 ἱερῶν
3961 4185 4049 4235 τό⁸

2458 4311 2599 4355 πων,
2635 4289 2731 4343 καὶ
2783 4287 2895 4341 τῶν
2929 4286 2987 4353 ἐξ
3030 4265 3188 4348 ἔθους
3224 4283 3469 4353 νομικῶν
3515 4279 3717 4333 θυσιῶν
3740 4296 3754 4308 '
3786 4280 4049 4332 ἀνταλλά-

2462 4385 2647 4450 ξονται
2675 4382 2732 4434 δὲ
2764 4380 2860 4432 καὶ⁸
2888 4378 2951 4429 τὸ
2976 4377 3080 4446 τῆς
3133 4374 3360 4443 ἀγνοίας
3395 4374 3590 4436 σκότος
3621 4371 3746 4423 ἀντὶ
3780 4370 3877 4422 τοῦ
3905 4371 4050 4423 θείου

2465 4476 2664 4547 φωτὸς,
2698 4470 2793 4523 καὶ
2821 4468 2913 4520 τὸν
2948 4468 3014 4520 ὲκ
3047 4464 3417 4535 μεταμελείας
3447 4463 3726 4531 κλαυθμὸν
3776 4462 3905 4513 ἀντὶ
3954 4462 4053 4529 τῆς

2461 4572 2603 4653 μετὰ
2637 4565 2774 4622 Θεοῦ
2811 4562 3119 4633 χαρμονῆς.
3151 4561 3246 4622 Είς
3272 4559 3432 4613 κενόν
3463 4576 3522 4611 τε
3562 4560 3693 4621 τοὺς
3718 4560 3823 4627 τῆς
3872 4558 4052 4627 ψυχῆς

2458 4650 2752 4745 βρύξουσιν
2803 4660 3053 4721 ὀδόντας,
3098 4652 3470 4722 λιμώττοντες
3506 4650 3661 4745 θείας
3696 4654 3932 4745 τροφῆς.
3969 4655 4052 4705 Λέσ

2455 4780 2617 4834 γεται
2642 4761 2700 4814 δὲ
2721 4760 2754 4828 ή
2785 4754 3059 4827 μέλλουσα
3082 4747 3192 4801 τῶν
3220 4744 3571 4815 ἁμαρτωλῶν
3594 4744 3838 4813 τιμωρία
3863 4745 4053 4805 σκότος

2459 4833 2744 4920 ἐξώτερον,
2774 4844 2963 4912 ἐπειδὴ
2998 4840 3186 4911 μέλλει
3211 4835 3305 4889 τοῦ
3331 4834 3504 4905 πυρὸς
3534 4836 3565 4903 ἡ
3601 4833 3757 4903 διττὴ
3785 4836 4052 4902 ἐνέργεια

2459 4949 2579 5001 τότε
2607 4935 3080 5011 διαιρεθήσεσθαι,
3112 4932 3207 4984 καὶ
3262 4930 3378 4991 τοῖς
3411 4929 3509 4996 μὲν
3538 4926 3773 4987 δικαίοις
3805 4926 4055 4995 καθαρδει

2464 5034 2805 5104 ἀποδοθῆναι
2838 5030 2900 5083 τὸ
2922 5026 3059 5096 φῶς,
3084 5024 3178 5077 καὶ
3204 5022 3481 5092 ἀμέτοχον
3504 5020 3796 5087 ποιότητος
3819 5035 4055 5071 suum..-

2467 5130 2595 5200 κῆς,
2646 5130 2759 5189 τοῖς
2810 5124 2869 5177 δὲ
2921 5118 3151 5191 φαύλοις
3208 5111 3610 5182 διανεμηθῆναι
3655 5110 3717 5162 τὺ
3752 5111 4057 5162 καυστικὸι

2467 5226 2563 5279 καὶ
2599 5221 2835 5293 ἄμοιρον
2891 5215 2987 5269 τοῦ
3031 5211 3385 5283 φωτίζοντος.
3414 5206 3589 5260 Τοῦτο
3621 5205 3752 5274 γοῦν
3774 5206 3837 5259 τὺ
3862 5206 4059 5267 σκότος

2006 5460 2331 5523 Francisei
2365 5457 2575 5522 Seorsi
2621 5462 2811 5518 notas.

835 5591 915 5654 (7)
940 5591 1144 5657 Duplex
1166 5592 1300 5659 ignis
1326 5591 1585 5655 Operatio.
1616 5589 1690 5643 Ex
1724 5588 1973 5659 lioeloeo
1998 5589 2133 5643 satis
2171 5595 2357 5659 aperte

764 5663 1040 5733 colligitur
1073 5658 1245 5727 ignem
1280 5677 1387 5725 quo
1417 5670 1737 5733 torquentur
1767 5658 1923 5733 interi
1947 5675 2070 5733 esse
2099 5658 2357 5733 materia-

765 5735 869 5788 lem
898 5728 985 5787 ἐι
1043 5733 1311 5789 sententia
1368 5728 1531 5802 hujus
1552 5731 1761 5795 Patris;
1799 5731 1889 5784 illa
1913 5731 2056 5783 enim
2082 5728 2358 5802 distinctio

768 5803 1002 5873 duplicis
1058 5804 1393 5873 operationis
1440 5799 1607 5870 'ignis
1663 5815 1772 5855 non
1824 5810 2012 5873 potest
2081 5800 2182 5873 nisi
2243 5799 2356 5873 igni

770 5870 955 5931 εει]δὶιί
1004 5885 1056 5930 et
1096 5870 1376 5929 'materiali
1431 5873 1741 5929 convenire.
1806 5871 1962 5939 Quod
1989 5886 2087 5928 nos
2119 5870 2363 5938 pluribus

2466 5580 2875 5652 disputavimus
2918 5576 3005 5652 ad_
3029 5574 3196 5652 ltom;
3238 5570 3555 5652 8,_\qu§euest
3584 5567 3649 5652 de
3670 5567 3936 5652 diviteno-t
3958 5564 4059 5618 La-

2467 5634 2601 5709 ia'r'o’
2668 5661 2783 5705 not.
2812 5647 2901 5713 l6,
2955 5646 3043 5700 ubi
3085 5658 3137 5698 et
3164 5642 3224 5698 Ι).
3291 5634 3551 5713 Basilii‘et
3574 5638 3805 5713 aliorum
3843 5634 4060 5713 Patrum

2469 5706 2825 5777 auctoritates
2880 5706 3227 5778 contulimus,
3272 5713 3381 5785 qui
3409 5708 3599 5762 eodem
3667 5706 3832 5761 modo
3857 5708 3924 5759 de
3964 5708 4057 5785 lien

2470 5796 2593 5864 igne
2648 5793 2833 5852 locuti,
2899 5789 3040 5843 unde
3063 5800 3254 5843 corum
3290 5780 3477 5838 Veliam
3532 5794 3694 5835 verus
3719 5794 3919 5834 sensus
3959 5780 4056 5831 eli-

2469 5866 2633 5920 citur.
