4184 6440
174 427 276 488 831

1555 416 1889 478 IIOMILIA
1930 417 2104 479 XLV.

3349 421 3457 486 838

173 536 480 599 δασκαλίας
538 536 866 607 τρεφόμενοι
913 537 1013 604 τὴν
1040 534 1285 605 ψυχικὴν
1309 532 1589 603 τρυγῶσιν
1622 530 1749 600 ὼφέ

1879 538 2045 583 tatem
2082 546 2094 582 :
2132 538 2396 597 qu0tquot
2431 544 2561 584 vero
2608 544 2762 584 suam
2796 529 3037 600 ipsorum
3094 540 3343 588 naturam
3372 535 3458 589 in-

171 631 326 682 λειαν
353 645 369 661 ⁶
410 628 527 681 ὅσοι
582 629 639 681 δέ
696 632 760 698 τῇ
804 628 1031 681 δυσώδει
1060 629 1155 679 τοῦ
1197 626 1395 694 φθόνου
1428 624 1526 694 τὴν
1553 622 1763 674 ἑαυτῶν

171 722 339 789 φύσιν
405 721 740 790 διέφθειραν,
780 714 929 774 οὗτοι
974 718 1229 788 καθάπερ
1262 717 1463 786 γῦπες,
1496 715 1527 784 ἢ
1561 714 1763 767 κάνθα-

175 830 260 883 ροι
318 814 761 883 ἀποστρέφονται
818 813 879 864 τὸ
938 813 1035 879 τῆς
1082 809 1433 870 διδασκαλίας
1482 805 1761 876 θυμίαμα.

180 906 350 959 Ἀλλά
373 906 512 974 πρὸς
541 906 594 957 τί
622 905 838 975 βλέπων
864 904 1189 974 ἐχρησάμην
1206 902 1283 971 τῷ
1310 900 1715 972 παραδείγματι
1747 918 1761 959 :

186 998 527 1067 Ἐπειδήπερ
562 1000 594 1067 ἡ
628 999 752 1067 χθὲς
787 1000 924 1068 ἡμῖν
951 996 1220 1065 γενομένη
1264 998 1418 1065 κοινῇ
1454 994 1591 1062 πρὸς
1626 995 1765 1046 πάν-

170 1108 269 1152 τας
308 1091 603 1157 ἐπίπληξις
664 1092 776 1152 τοῖς
821 1090 920 1159 μὲν
980 1088 1329 1157 εὐαισθήτοις
1385 1087 1478 1139 καὶ
1519 1086 1761 1155 σώφροσι

170 1185 399 1252 γέγονεν
436 1182 821 1253 ἐπανόρθωσις
846 1200 859 1213 ·
897 1179 978 1244 οἷς
1014 1181 1070 1233 δὲ
1115 1182 1397 1249 διεφθορὸς
1440 1176 1510 1250 ἦν
1549 1180 1607 1232 το
1632 1176 1763 1249 ἦθος

171 1276 267 1329 καὶ
300 1277 657 1344 ἀδιόρθωτον,
697 1270 849 1327 οὗτοι
903 1276 1000 1344 οὐχ
1030 1276 1179 1336 ὅπως
1210 1274 1309 1327 οὐκ
1333 1272 1759 1343 ἐϐελτιώθησαν,

172 1370 311 1421 ἀλλὰ
362 1370 458 1422 καὶ
495 1370 628 1441 προς
672 1369 957 1421 ἀναίδειαν
1011 1368 1296 1432 ἐξέκλιναν
1330 1366 1578 1435 μείζονα.
1620 1365 1760 1419 Ἀλλ’

173 1461 407 1513 ἐκείνων
465 1463 563 1531 μὲν
593 1461 692 1531 τὴν
718 1461 875 1512 νόσον
904 1459 1257 1529 δριμυτέροις
1318 1458 1634 1526 φαρμάκοις
1666 1458 1762 1509 σὺν

172 1552 291 1620 69εῴ
327 1554 667 1623 ἀκεσόμεθα,
699 1554 794 1604 καὶ
859 1550 1321 1620 στυπτικωτέροις
1370 1550 1676 1618 ὲπιτιμίαις
1708 1550 1761 1603 τὸ

172 1644 500 1713 ἀπηλγηκὸς
549 1643 735 1696 αὐτῶν
784 1646 865 1707 εἰς
901 1644 1258 1711 συναίσθησιν
1307 1643 1528 1711 ἄξομεν.
1569 1645 1762 1713 Ὑμεῖς

171 1736 223 1786 δὲ
261 1736 380 1788 ὅσοι
416 1737 640 1804 νήφοντι
674 1736 923 1805 λογισμῷ
956 1737 1018 1787 τὸ
1056 1734 1193 1803 λῷον
1217 1728 1601 1802 ἐπιλεξάμενοι
1626 1736 1759 1804 πρὸς

170 1827 269 1894 τὴν
307 1826 529 1893 σύναξιν
563 1828 947 1900 δεδραμήκατε
970 1870 983 1895 ,
1016 1826 1125 1883 τῶν
1175 1828 1548 1894 εὐαγγελικῶν
1582 1828 1757 1895 λόγων

169 1919 306 1971 ἀκού
318 1936 467 1973 σατε.

238 2013 332 2082 Τῷ
353 2015 544 2085 καιρῴ
582 2016 801 2086 ἐκείνῳ,
843 2035 860 2067 ι
902 2014 1229 2085 ’Ἄνθρωπός
1263 2033 1348 2078 τις
1375 2014 1649 2085 προσῆλθε
1682 2014 1759 2084 τῷ

181 2102 360 2171 Ἰησοῦ
418 2097 736 2170 γονυπετῶν
792 2106 978 2170 αὐτὸν,
1035 2107 1131 2158 καὶ
1196 2106 1415 2175 λέγων·
1456 2106 1757 2159 Διδάσκαλε

167 2196 361 2260 ἀγαθὲ,
387 2196 439 2248 τί
501 2199 737 2268 ποιήσας
781 2198 928 2271 ζωὴν
984 2198 1203 2252 αἰώνιον
1254 2202 1685 2270 κληρονομήσω;
1734 2220 1751 2251 ι

178 2288 236 2342 Ὀ
268 2288 463 2358 παρὼν
479 2291 788 2361 ἄνθρωπος,
829 2292 1125 2362 κρυψίνους
1172 2294 1435 2363 ὑπάρχων
1469 2293 1628 2361 ἀνὴρ,
1663 2294 1757 2346 καὶ

166 2382 262 2445 τὰς
301 2384 545 2449 ὑφάλους
578 2384 785 2452 πέτρας
818 2385 1181 2454 μιμούμενος,
1216 2386 1318 2438 οὐκ
1350 2385 1528 2455 ἀγαθῇ
1559 2384 1753 2454 γνώμῃ

167 2476 536 2543 προσέρχεται
597 2476 999 2543 φιλοπευστῶν,
1064 2478 1179 2530 ἀλλ’
1226 2479 1472 2546 οἰόμενος
1536 2477 1755 2545 ἐλέγξαι

164 2565 254 2615 τὸν
291 2565 523 2636 Κύριον,
558 2568 633 2631 ὡς
683 2570 947 2623 τάναντία
1004 2569 1083 2638 τῷ
1148 2570 1297 2640 νόμῳ
1354 2571 1753 2639 πραττόμενον.

169 2658 430 2729 Πρόσεισι
487 2660 618 2727 γοῦν
655 2663 1002 2731 ὑποκριτικῷ
1056 2664 1322 2732 σχήματι,
1359 2662 1503 2732 λόγῳ
1540 2662 1755 2713 θωπευ-

161 2751 300 2821 τικῷ
338 2753 545 2821 αἱμύλα
576 2755 871 2817 κωτίλλων,
924 2756 1017 2807 καὶ
1076 2755 1367 2823 φενακίσαι
1414 2755 1754 2824 πειρώμενος

163 2842 251 2894 τὸν
286 2842 585 2913 ἀλάθητον.
624 2862 643 2895 ι
683 2844 985 2900 Διδάσκαλε
1020 2848 1215 2915 ἀγαθέ.
1261 2865 1279 2897 ι
1343 2847 1508 2917 Ὀρᾷς
1543 2847 1602 2898 τδ
1656 2848 1753 2916 τῆς

162 2935 512 3004 ὑποκρίσεως
569 2938 903 3008 δηλητήριον
960 2939 1036 3010 τῷ
1072 2941 1170 3008 τῆς
1220 2939 1511 3000 κολακείας
1575 2940 1751 3009 μέλιτι

165 3030 597 3100 κεραννύμενον.
636 3034 748 3085 Καὶ
775 3036 915 3103 τάχα
945 3036 1105 3086 τοῦτο
1130 3030 1197 3104 ἦν
1226 3034 1253 3085 ὃ
1295 3034 1463 3098 ⁸Δοιὸιδ
1518 3033 1752 3102 ἔψαλλεν

166 3124 219 3172 ἐν
250 3122 494 3191 ψαλμοῖς
520 3125 585 3177 ἐκ
621 3125 925 3194 προσώπου
958 3126 1199 3196 Χριστοῦ
1227 3139 1240 3155 ·
1291 3147 1307 3176 ι
1369 3127 1522 3193 Ἐμοὶ
1551 3127 1650 3196 μὲν
1672 3130 1752 3180 εί-

1873 622 2029 676 vidia:
2080 618 2448 691 graveolcntia
2497 632 2900 692 corruperunt,
2951 622 3005 676 hi
3070 624 3342 677 vulturum
3394 642 3456 681 ac

1870 710 2255 765 scarabeorum
2291 724 2442 765 more
2477 721 2806 766 aversantur
2838 712 3133 783 thymiama
3171 715 3455 770 doctrinae.

1869 802 2138 867 Quorsum
2194 817 2326 857 vero
2376 803 2481 856 hoc
2534 813 2743 872 spectat
2782 805 3114 873 exemplum,
3163 822 3273 876 quo
3325 824 3456 862 usus

1869 890 2031 944 sum?
2066 893 2201 955 Quia
2263 892 2476 947 scilicet
2507 906 2625 961 quae
2686 893 2948 948 hesterno
2980 895 3066 949 die
3104 910 3132 948 a
3180 896 3336 951 nobis
3365 913 3457 952 ca-

1869 980 2089 1049 stigatio
2123 983 2374 1036 omnibus
2425 983 2735 1050 promiscue
2768 984 2910 1037 facta
2947 994 3051 1046 est,
3100 987 3456 1054 prudentibus

1866 1070 2031 1141 314
2098 1071 2315 1140 quidem
2380 1083 2636 1143 recteque
2703 1074 3062 1129 sentientibus
3123 1077 3456 1132 correctiOui

1869 1162 2002 1228 fuit;
2037 1177 2270 1231 quorum
2303 1178 2434 1217 vero
2457 1165 2735 1234 depravati
2768 1175 2892 1218 sunt
2926 1182 3122 1233 mores,
3148 1182 3212 1221 ac
3236 1166 3457 1221 diﬂicile

1866 1255 2063 1323 corrigi
2100 1264 2351 1324 possunt,
2387 1256 2421 1309 ii
2462 1256 2515 1310 in
2549 1259 2807 1327 majorem
2851 1258 3014 1311 etiam
3063 1260 3455 1327 impudentiam

1866 1356 2175 1422 devenere,
2232 1359 2428 1411 nedum
2494 1373 2715 1414 evasere
2763 1361 3038 1415 meliores.
3098 1361 3299 1416 Verum
3357 1378 3457 1417 nos

1866 1464 2056 1503 eorum
2110 1454 2300 1503 morbo
2351 1450 2649 1503 acrioribus
2707 1452 3119 1507 medicamentis
3173 1451 3309 1523 (15),
3342 1452 3456 1507 Deo

1858 1538 2123 1607 juvante,
2193 1540 2557 1607 medebimur,
2610 1550 2663 1595 et
2714 1543 3228 1610 reprehensionibus
3280 1544 3456 1612 magis

1866 1635 2099 1688 austeris
2125 1634 2437 1687 corumdcm
2475 1640 2781 1700 stuporem,
2817 1642 2874 1686 ιιι
2929 1635 3132 1688 sentire
3161 1633 3455 1703 aliquando

1866 1729 2106 1791 valeant,
2135 1726 2515 1782 excitabimus.
2554 1726 2658 1781 Vos
2688 1742 2815 1781 vero
2844 1726 2932 1795 qui
2963 1726 3178 1780 saniore
3204 1727 3450 1790 consilio,

1865 1821 2004 1884 quod
2056 1820 2249 1873 melius
2278 1830 2381 1881 est,
2424 1818 2682 1886 eligentes
2728 1819 2792 1873 ad
2823 1818 3073 1889 synaxim
3099 1819 3455 1873 concurristis

1791 1885 1833 1943 Β
1864 1911 1998 1982 (li),
2028 1910 2397 1980 evangelicum
2437 1925 2747 1964 sermonem
2781 1912 2961 1965 audite
2979 1912 3043 1964 ".

1931 2000 1987 2053 In
2014 2001 2103 2053 illo
2123 2016 2364 2069 tempore
2389 2021 2402 2056 :
2435 2000 2646 2056 illomo
2669 2002 2887 2069 quidam
2916 2001 3147 2056 accessit
3171 2005 3236 2056 ad
3264 2002 3450 2058 Iesum

1862 2091 2231 2161 genuﬂeclens
2270 2102 2395 2148 ante
2441 2110 2587 2160 eum,
2622 2104 2675 2149 et
2709 2094 2898 2149 dicens
2930 2112 2944 2146 :
2985 2093 3239 2164 Magister
3287 2096 3450 2158 bone,

1861 2184 1986 2249 quid
2036 2184 2241 2238 faciens
2286 2185 2454 2239 vitam
2506 2194 2762 2239 mternam
2818 2185 3152 2254 possidcbo?
3194 2204 3213 2238 ι
3276 2183 3452 2238 llomo

1862 2274 1962 2328 iste
2006 2286 2257 2331 versutus
2306 2277 2442 2347 (l5),
2501 2291 2565 2331 ac
2614 2278 2904 2334 simulator
2956 2293 3077 2332 cum
3107 2288 3275 2341 esset,
3310 2293 3444 2334 saxa

1861 2370 1964 2421 sub
1990 2368 2146 2436 aquis
2180 2370 2403 2423 latentia
2456 2372 2722 2437 imitatu=,
2764 2388 2870 2426 non
2904 2373 3123 2427 sincero
3166 2374 3348 2426 animo
3380 2375 3447 2425 ad

1862 2460 2305 2528 interregaudum
2345 2462 2579 2525 accedit,
2612 2464 2708 2517 sed
2744 2478 2972 2530 sperans
3010 2465 3125 2518 lore
3165 2475 3221 2517 ut
3262 2464 3445 2517 Domi-

1862 2567 1987 2605 num
2021 2552 2393 2622 deprehendat
2411 2555 2565 2623 quasi
2590 2557 2862 2610 contraria
2888 2556 2989 2624 legi
3018 2557 3443 2626 praecipientem.

1858 2645 2083 2699 Accedit
2137 2661 2265 2715 ergo
2318 2647 2570 2700 simulato
2606 2648 2718 2701 oris
2775 2649 2984 2713 habitu,
3041 2649 3235 2702 blando
3274 2659 3337 2717 et
3378 2651 3446 2704 ad

1859 2736 2278 2789 assentationem
2332 2739 2635 2806 composito
2692 2752 2944 2793 sermone
3031 2740 3296 2807 garriens,
3377 2756 3443 2795 ac

1857 2828 2109 2897 decipere
2144 2831 2363 2882 tentans
2390 2844 2535 2894 eum,
2559 2844 2718 2897 quem
2750 2830 2880 2883 nihil
2906 2829 3043 2884 fallit
3077 2849 3090 2884 :
3136 2849 3154 2883 ι
3192 2831 3446 2898 Magister

1855 2918 2021 2973 bone.
2064 2937 2082 2971 ι
2138 2916 2302 2973 Vides
2367 2920 2733 2974 simulationis
2799 2936 3061 2975 venenum
3117 2922 3445 2977 adulationis

1856 3013 2017 3068 melle
2048 3023 2403 3081 temperatum
2434 3032 2447 3081 ;
2482 3024 2537 3068 et
2573 3016 2821 3070 fortassis
2850 3016 2953 3071 hoc
2981 3027 3085 3084 est,
3108 3019 3247 3085 quod
3270 3018 3439 3076 David

1856 3104 1911 3158 in
1945 3104 2172 3160 Psalmis
2200 3104 2400 3159 cecinit
2421 3105 2475 3158 in
2506 3120 2731 3174 persona
2760 3108 2989 3163 Christi:
3020 3128 3037 3161 ι
3069 3109 3197 3165 Mihi
3222 3111 3440 3179 qniden

164 3215 365 3282 ρηνικά
387 3216 637 3280 ἐλάλουν,
676 3220 771 3269 καὶ
796 3219 885 3270 ἐπ’
909 3218 1079 3286 ὀργὴν
1106 3218 1291 3281 δόλους
1311 3220 1695 3285 διελογίζοντο.
1726 3239 1743 3271 ι

1857 3194 2081 3260 paciﬁca
2117 3193 2499 3261 loquebantur,
2550 3207 2605 3249 et
2660 3197 2711 3251 in
2760 3199 2836 3251 ira
2871 3198 3022 3253 dolos
3050 3202 3381 3268 cegitabant.
3414 3221 3435 3255 ι

160 3305 613 3375 Ἀλλ’-ἤμὸροται
652 3310 751 3376 τῆς
804 3308 1041 3373 ἐλπίδος,
1073 3311 1166 3360 καὶ
1222 3310 1528 3379 συνελήφθη
1570 3312 1625 3362 ὲν
1680 3313 1745 3381 τῇ

161 3398 377 3464 παγίδι,
411 3398 478 3467 ἣν
533 3399 790 3467 ἔκρυψεν.
842 3398 898 3451 Ὀ
966 3400 1069 3467 γὰρ
1098 3399 1227 3467 ἄχρι
1260 3400 1355 3451 καὶ
1398 3402 1613 3467 μυελῶν
1650 3404 1749 3471 ἐμ..

160 3489 405 3542 ζατεύων
426 3490 633 3558 ψυχῆς,
669 3490 929 3557 ἐπιγνοὺς
960 3491 1019 3542 τὸ
1045 3489 1282 3542 ὕπουλον
1308 3490 1479 3543 αὑτοῦ
1504 3493 1603 3561 τῆς
1631 3494 1747 3545 δια-

162 3581 332 3644 νοίας,
368 3582 463 3633 καὶ
500 3581 704 3646 ὕφαλον
730 3599 742 3609 ·
780 3601 796 3631 ι
836 3582 900 3632 Τί
930 3598 998 3649 με
1031 3580 1232 3647 λέγεις,
1289 3584 1475 3651 φησιν,
1504 3585 1746 3653 ἀγαθὸν;

159 3670 334 3732 οὐδεὶς
393 3670 601 3735 ἀγαθὸς
653 3672 700 3723 εί
752 3670 827 3739 μὴ
878 3664 959 3732 εἷς
997 3672 1023 3721 ὁ
1059 3670 1213 3733 Θεὸς.
1249 3688 1265 3718 ι
1319 3670 1458 3721 Ἀλλ’
1516 3672 1745 3723 ἐνταῦθα

161 3761 322 3812 πάλιν
387 3761 716 3828 ἐπιφύονται
767 3762 816 3812 οἱ
853 3762 947 3812 τοῦ
983 3760 1223 3828 πονηροῦ
1258 3761 1522 3829 μαθηταὶ,
1558 3763 1603 3813 οἱ
1636 3762 1745 3813 τῶν

162 3851 315 3904 θείων
344 3852 525 3919 λόγων
550 3855 951 3922 τεμμαχισταὶ,
972 3853 1021 3903 οί
1045 3854 1153 3903 τῶν
1174 3854 1436 3920 ῥημάτων
1461 3852 1745 3921 θηρευταὶ,

160 3948 204 3995 οἱ
233 3943 333 4013 τῆς
370 3942 607 4011 ἀληθοῦς
644 3944 901 4010 γνώσεως
935 3943 1212 4012 ὑδρισταὶ,
1242 3944 1291 3993 οί
1334 3942 1426 3994 τὸν
1483 3943 1747 4012 μονογενῆ

159 4034 248 4086 τοῦ
290 4034 429 4085 Θεοῦ
464 4034 592 4085 Υἰὸν
625 4034 732 4085 τῶν
757 4033 858 4100 τῆς
889 4034 1129 4100 φυσικῆς
1160 4033 1521 4101 άγαθότητος.
1552 4051 1750 4102 πατρι-

160 4123 269 4173 κῶν
304 4123 501 4174 θώκων
525 4125 645 4181 ταῖς
672 4123 854 4174 αὐτῶν
879 4122 1311 4191 ἀθυροστομίαις
1333 4122 1747 4191 ἐπιχειροῦντες

160 4215 393 4277 ὸέπτειν,
427 4214 765 4280 φάσκοντεςο
809 4212 985 4275 Αὐτὸς
1027 4215 1054 4265 ὁ
1098 4211 1307 4282 Ἰησοῦς
1356 4212 1630 4265 ἀπείπατο
1670 4210 1746 4264 εἷ-

227 4371 273 4400 ”
304 4368 497 4424 Matth.
536 4386 677 4432 ινιτ,
713 4370 778 4422 Ui
809 4384 990 4439 scqq.,
1029 4369 1197 4423 Marc.
1233 4386 1286 4434 ι,
1314 4368 1375 4422 Π
1404 4384 1582 4439 seqq.;
1614 4367 1747 4424 Luc.

1858 4384 1941 4435 ιιι,
1964 4370 2031 4423 16
2053 4385 2211 4440 seqq.

1861 3281 2056 3337 Verum
2084 3283 2167 3336 ille
2194 3298 2291 3353 spe
2318 3299 2411 3338 sua
2435 3285 2729 3353 aberravit,
2770 3297 2825 3341 et
2855 3298 3045 3356 captus
3074 3290 3224 3345 estin
3250 3291 3441 3359 laqueo

1857 3388 2016 3442 quem
2047 3373 2352 3428 abscondit.
2397 3375 2498 3440 Qui
2530 3390 2661 3431 vero
2704 3392 2877 3445 usque
2900 3380 2964 3432 ad
3002 3380 3139 3434 imas
3174 3382 3439 3436 medullas

1855 3465 2104 3533 pervadit
2165 3466 2453 3520 hominum
2506 3479 2734 3534 mentes,
2788 3471 3170 3541 cogitationem
3205 3473 3440 3529 hOminis

1858 3566 2057 3611 tectam
2130 3558 2558 3627 insidiosamque
2604 3560 2900 3631 dispiciens
2932 3578 2946 3615 :
2982 3580 3000 3613 ι
3033 3563 3172 3628 Quid
3205 3579 3309 3631 me,
3360 3567 3441 3619 in-

1856 3659 1993 3725 quit,
2035 3674 2200 3713 vocas
2231 3660 2475 3714 bonum?
2500 3676 2658 3715 nemo
2690 3662 2865 3717 bonus
2892 3664 2995 3717 nisi
3031 3664 3177 3717 solus
3218 3662 3378 3719 Deus.
3414 3685 3432 3715 ι

1856 3750 1963 3804 Sed
1998 3751 2086 3805 hic
2117 3767 2305 3807 rursus
2343 3753 2540 3807 diaboli
2578 3754 2825 3824 discipuli
2869 3757 3156 3820 exsistunt,
3213 3759 3302 3827 qui
3353 3760 3438 3812 di-

1855 3848 1979 3899 vina
2044 3849 2207 3901 verba
2263 3848 2563 3904 dilacerare
2614 3852 2815 3917 solent,
2880 3863 3168 3908 venatores
3222 3870 3438 3918 vocum,

1856 3940 1952 3993 scd
2003 3956 2141 3993 vera:
2179 3941 2551 4010 intelligentia:
2593 3958 2821 4009 osores;
2854 3947 2945 4014 qui
2977 3948 3312 4016 unigenitum
3347 3950 3439 4002 Dei

1859 4031 2053 4084 Filium
2086 4047 2112 4084 a
2146 4042 2368 4100 paterna
2398 4034 2655 4091 naturalis
2674 4035 2937 4091 bonitatis
2972 4038 3100 4092 sede
3131 4038 3435 4108 importuna

1859 4138 1955 4175 sua
2012 4124 2337 4192 loquacitate
2389 4126 2681 4181 deturbare
2730 4140 3019 4193 canantur,
3073 4145 3135 4185 ac
3190 4132 3435 4187 dicunt:

1853 4213 2011 4271 .Iesus
2046 4216 2159 4285 ipse
2192 4216 2359 4270 Deum
2388 4233 2446 4271 se
2477 4232 2597 4273 esse
2626 4222 2864 4291 negavit,
2907 4237 3030 4277 cum
3066 4224 3439 4294 repehendcrit

2285 4372 2329 4405 "
2355 4370 2499 4428 Psal.
2538 4392 2722 4442 xxxrv,
2757 4376 2847 4433 20.

1391 4488 1718 4550 Francisci
1752 4490 1958 4550 Scorsi
1997 4482 2187 4554 notae.

226 4613 341 4681 (15)
365 4611 672 4664 Acrioribus
712 4613 1124 4693 medicamentis.
1157 4611 1293 4693 lliuc
1324 4622 1510 4681 aperte
1534 4612 1745 4681 colligis
1773 4617 1824 4676 D
1852 4614 2266 4693 Cunctisquein
2307 4621 2499 4690 ayuaxi
2562 4620 2820 4693 fratribus
2878 4634 3202 4693 congregatis
3251 4629 3437 4680 ιιιιιιιίιι

158 4683 315 4750 ίιιιιιιε
361 4694 640 4735 auctorem
713 4684 967 4746 homilias,
1040 4691 1093 4735 et
1142 4684 1451 4749 episcopum
1489 4698 1644 4747 esse,
1692 4694 1747 4738 et

156 4751 685 4823 censoretnpopuli
722 4754 801 4804 sui
856 4767 1143 4818 severum;
1195 4768 1224 4806 a
1276 4768 1380 4823 quo
1437 4754 1580 4807 enim
1630 4755 1744 4808 hasc

156 4821 596 4874 comminationis
639 4821 793 4886 plena
843 4823 1003 4875 verba
1025 4826 1216 4887 jactari
1248 4821 1308 4875 iu
1329 4824 1581 4888 pupulum
1610 4837 1737 4889 pos-

155 4900 299 4954 seut,
324 4892 454 4961 _nisi
484 4890 578 4961 fab
612 4891 841 4946 habente
884 4894 1256 4961 auctoritatem
1284 4903 1340 4946 et
1364 4894 1535 4946 zelum
1567 4894 1744 4961 gregis

156 4961 286 5013 sui?
323 4959 455 5013 Vide
484 4960 721 5013 Promm.
760 4962 894 5028 lsag.
926 4958 1017 5022 lll,
1061 4960 1166 5030 §9.

227 5030 343 5101 (ll)
386 5031 470 5082 Ad
515 5032 758 5101 synaxim
801 5033 1165 5084 concurrutis.
1226 5032 1304 5087 lta
1363 5031 1534 5097 verti,
1601 5036 1745 5101 quod

155 5098 343 5153 Graeca
383 5115 484 5153 vox
535 5099 756 5164 adva‘Etc
782 5102 1062 5155 latinitatis
1112 5102 1237 5168 jure
1260 5107 1455 5156 donata
1490 5106 1553 5155 ad
1588 5098 1741 5157 usum

152 5169 261 5237 jam
296 5170 726 5225 ecclesiasticum
767 5175 1006 5225 traducta
1063 5175 1154 5236 sit;
1197 5174 1494 5241 potuissem
1532 5176 1745 5226 nomine

156 5255 293 5307 puro
318 5252 446 5309 puto
496 5242 725 5311 Latino,
761 5244 1052 5306 collectam,
1095 5256 1428 5307 conventum,
1459 5259 1743 5311 congrega-

156 5311 347 5362 tionem
375 5310 637 5375 reddere;
659 5313 769 5365 haec
787 5316 933 5365 enim
954 5313 1171 5376 σύναξις
1200 5313 1339 5367 valet
1357 5330 1385 5366 a
1422 5310 1585 5367 verbo
1612 5332 1735 5366 συν-

153 5381 291 5455 άγῳ,
310 5384 361 5435 id
378 5382 625 5435 absolute
644 5386 936 5451 sapeapud
955 5399 1141 5438 sacros
1157 5384 1448 5451 scriptores
1465 5386 1733 5455 signiﬁcat

154 5453 362 5524 plebem
421 5466 498 5504 ret
553 5468 723 5506 sacrae
758 5468 920 5506 causa
965 5456 1014 5506 iu
1072 5455 1355 5509 ecclesiam
1408 5453 1625 5524 cogere,
1680 5465 1732 5506 ct

154 5522 635 5593 interdumﬂetiam
670 5528 733 5575 ad
757 5524 1188 5578 communionem
1246 5522 1567 5590 admittere;
1601 5526 1741 5593 quod

152 5594 361 5645 notavit
408 5590 619 5655 Billius,
662 5594 755 5647 lib.
793 5609 829 5647 ιι
863 5594 1077 5647 Observ.
1127 5611 1265 5647 sacr.
1296 5593 1425 5649 Inde
1461 5590 1743 5649 celebrita-

153 5674 255 5715 tetn
292 5677 387 5715 seu
447 5665 811 5730 frequentium
859 5667 1039 5733 populi
1073 5667 1137 5717 ad
1165 5668 1484 5718 sumendam
1528 5666 1742 5719 Eucha-

153 5734 358 5785 ristiam
399 5743 548 5787 recte
564 5734 816 5802 synaxim
834 5736 1079 5788 absolute
1106 5735 1326 5789 dixeris.
1352 5733 1735 5789 Monachorum

151 5817 364 5871 quoque
417 5814 718 5858 conventus
777 5805 845 5858 ad
873 5810 1159 5869 orandum,
1180 5807 1295 5859 sive
1317 5808 1382 5857 ad
1406 5805 1732 5859 celebranda

153 5876 404 5941 mySteria
463 5874 692 5943 synaxis
735 5875 899 5945 dicta,
932 5874 1205 5944 Cassium,
1236 5876 1329 5930 lib.
1362 5889 1444 5942 tv,
1470 5890 1586 5944 cap.
1628 5877 1685 5930 lli
1718 5892 1732 5929 :

1849 4696 2141 4750 prostralus
2175 4689 2230 4741 in
2265 4689 2459 4742 terram
2512 4691 2709 4742 veniam
2759 4689 3085 4757 postulabit;
3113 4696 3275 4746 donec
3308 4712 3434 4751 ora-

1848 4757 2043 4807 tionum
2068 4758 2368 4812 solenmitas
2386 4770 2793 4814 consummatur.

1919 4826 2032 4893 (15)
2109 4826 2283 4879 Homo
2362 4832 2456 4882 iste
2505 4842 2764 4884 versutus.
2826 4830 3046 4886 Videtur
3117 4834 3434 4891 existimare

1848 4892 2209 4974 Theophanes
2243 4901 2383 4974 hunc
2412 4900 2631 4974 divitem
2663 4905 2728 4956 de
2783 4917 2891 4971 quo
2928 4902 3119 4974 Matth.
3162 4920 3283 4974 cap.
3341 4922 3433 4960 χιιι

1846 4965 1974 5044 agit,
2004 4969 2256 5044 quodque
2310 4970 2394 5044 hic
2422 4970 2739 5044 explicatur,
2784 4965 3039 5044 ettmdcm
3088 4965 3246 5039 esse,"
3271 4985 3433 5044 atque

1847 5033 1996 5087 illum
2026 5033 2505 5113 ’_legi_s__peritum,'
2535 5041 2601 5094 de
2632 5033 2741 5109 quo
2780 5041 2953 5113 Lucas
2987 5058 3108 5111 cap.
3154 5033 3308 5110 mu,
3338 5033 3431 5113 qui

1846 5107 2077 5180 accessit
2098 5109 2167 5180 ad
2182 5106 2365 5161 Jesum
2391 5119 2602 5180 tentans
2628 5106 2783 5178 eum;
2818 5106 3068 5180 adeoque
3091 5114 3222 5168 dicit
3238 5106 3429 5169 eodem

1844 5174 2045 5254 duplici
2084 5179 2265 5229 animo
2304 5178 2613 5255 _vafroqu_e__
2644 5174 3198 5255 adiisseADonduum;
3233 5187 3282 5238 in
3324 5202 3429 5255 qua

1842 5246 2096 5322 opinione
2142 5260 2222 5300 est
2245 5249 2431 5322 etiam_
2458 5253 2514 5302 ὃ.
2550 5250 2801 5322 llieron.,
2827 5252 2891 5317 5.
2942 5246 3194 5313 Ambros,
3223 5256 3273 5307 in
3303 5246 3428 5322 cap.

1845 5329 1996 5390 {viti
2038 5315 2231 5382 Luca);
2283 5328 2337 5373 el.
2396 5320 2581 5389 Cyri“.
2645 5315 2907 5376 Alexand.
2955 5324 3047 5376 lib.
3090 5340 3125 5377 ιι
3156 5323 3330 5390 T/ics.,
3370 5315 3426 5379 et

1847 5384 2110 5454 l‘lpiphan.
2186 5390 2238 5440 in
2303 5384 2592 5445 Ancorato.
2667 5392 2861 5446 Verum
2930 5395 3094 5445 etiam
3154 5384 3427 5450 contraria

1840 5458 2027 5534 opinio
2054 5466 2142 5534 cst
2169 5457 2373 5534 Ba_s_i|i_i,
2408 5463 2686 5532 Chrysost.
2729 5473 2782 5516 et
2828 5463 3103 5533 Euthym.,
3139 5466 3429 5534 multisque

1849 5526 2175 5595 conjecturis
2234 5526 2569 5586 Maldonatus
2630 5544 2813 5586 uoster
2847 5526 3256 5587 osteinlithunc
3284 5526 3415 5589 divi-

1851 5605 1956 5669 tem
1991 5612 2093 5649 non
2130 5602 2367 5669 tentandi
2400 5603 2625 5669 Christi,
2668 5606 2759 5658 sed
2796 5604 3005 5656 dicendi
3035 5618 3197 5656 causa
3240 5620 3425 5658 acces-

1845 5668 2002 5730 sisse,
2051 5667 2142 5741 sed
2192 5672 2291 5741 hoc
2350 5667 2648 5741 dijudicare
2701 5687 2806 5726 nou
2862 5682 2944 5727 est
3004 5673 3161 5739 hujus
3217 5676 3315 5727 loci
3353 5679 3418 5727 ad

1844 5748 2001 5809 quem
2036 5738 2297 5809 satis_l:uit
2331 5738 2573 5797 indicare
2614 5754 2887 5808 auctores,
2925 5757 3045 5795 cum
3083 5745 3278 5809 quibus
3295 5761 3426 5797 cun-

1842 5807 2005 5883 sentit
2044 5806 2131 5883 hic
2162 5807 2395 5883 _Noster,
2426 5823 2483 5868 ut
2513 5813 2741 5870 aliorum
2771 5806 3037 5868 consensu
3070 5806 3183 5883 eius
3207 5829 3424 5883 quoque

1840 5876 2024 5945 opinio
2051 5876 2353 5936 lulcirctur.
