4184 6440
683 300 787 365 843

1892 298 1992 356 TH
2006 294 2381 357 EOPHANIS
2422 298 2511 359 CF.
2524 298 2761 357 RAMEI

3851 302 3961 362 844

688 418 1001 486 expertibus
1033 420 1115 471 vis
1144 420 1259 490 ejus
1290 425 1563 487 appareat.
1584 392 1776 469 Cultus
1801 414 1982 483 itaque
2019 415 2265 468 doctrina

2386 414 2613 482 ὁρᾶσθαι
2646 418 2704 468 τὸ
2733 416 2938 487 ταύτης
2967 404 3141 489 βίαιον
3170 438 3185 455 ο
3212 425 3273 477 τὸ
3312 427 3495 494 μέντοι
3529 428 3693 492 σέϐας
3746 430 3965 502 πέφυκε

689 522 839 577 erat,
873 522 927 566 et
964 512 1081 580 lege
1110 510 1462 565 sanciendus.

757 606 897 669 Quid
962 606 1123 673 igitur
1177 606 1242 658 ad
1315 604 1428 657 hree
1487 603 1791 672 respondit,
1852 600 1941 669 qui
1992 615 2050 654 se
2107 601 2278 670 legem

685 697 982 751 observare
1033 698 1332 752 censebat?
1388 717 1404 748 ι
1438 696 1563 750 [lare
1606 696 1785 751 omnia
1820 695 2099 746 observavi
2133 709 2159 746 a
2195 694 2281 763 jn-

690 800 909 841 ventute
959 804 1097 840 mea.
1133 811 1150 839 »
1201 787 1399 843 Videtis
1438 790 1600 856 igitur
1627 806 1747 841 eum
1783 790 2032 842 Salvator
2064 792 2114 840 itt
2148 789 2278 854 legis

688 882 977 950 prmceptis
1004 883 1361 933 exercitatum
1390 884 1455 935 ad
1486 882 1853 949 evangelicum
1883 881 2273 948 perfectionem

688 986 785 1023 suo
822 985 1073 1024 sermooe
1122 972 1476 1024 manuducit:
1516 971 1808 1025 ostendens
1854 972 1955 1039 legi
2004 974 2275 1026 cohaerere

692 1062 1063 1127 Evangeltum.
1117 1068 1170 1112 et
1227 1061 1427 1113 habere
1482 1062 1623 1112 inter
1666 1076 1726 1114 se
1753 1061 2000 1129 dogmata
2054 1061 2276 1129 propin-

692 1153 974 1220 quitatem.
1022 1150 1299 1219 Praecepto
1333 1151 1473 1204 enim
1519 1168 1623 1204 non
1686 1153 2025 1204 adulteraudi
2078 1170 2279 1220 prace-

693 1253 839 1309 ptum
872 1259 975 1295 tton
1002 1242 1443 1309 concupiscendi,
1470 1250 1523 1293 et
1548 1251 1815 1309 praecepto
1839 1258 1943 1293 non
1972 1244 2273 1306 occidendi,

691 1348 1020 1403 l"receptum
1064 1352 1164 1389 non
1199 1335 1465 1389 irascendi
1499 1334 1655 1390 aliine
1686 1347 1790 1390 est.
1825 1336 2056 1405 Oblique
2086 1352 2275 1404 porro,

691 1445 755 1481 ac
787 1430 1065 1497 ingeniose
1101 1429 1341 1481 animum
1380 1429 1616 1482 hominis
1646 1429 1954 1482 divitiarum
2003 1438 2274 1481 amantem

692 1521 947 1573 ostendit.
984 1519 1257 1574 Omitteus
1290 1519 1436 1572 enim
1479 1520 1714 1580 quodvis
1745 1520 1912 1583 aliud,
1941 1520 2193 1587 proponit
2225 1521 2277 1574 id

690 1616 830 1682 quod
858 1614 1091 1667 maxime
1114 1614 1286 1679 ipsum
1314 1628 1509 1681 angere
1538 1612 1698 1682 317
1729 1611 1992 1679 petuisset
2013 1628 2058 1663 ιε
2095 1610 2277 1665 Vende

691 1709 894 1771 omnia,
933 1723 1053 1774 qua:
1106 1705 1295 1769 habes,
1345 1714 1400 1757 et
1456 1706 1520 1757 da
1574 1705 1920 1774 pauperibus,
1957 1714 2011 1758 et
2052 1706 2274 1758 habebis

693 1798 1003 1851 thesaurum
1036 1798 1086 1849 in
1120 1796 1291 1859 ccelo;
1324 1807 1377 1847 et
1413 1796 1554 1858 veni,
1592 1812 1819 1863 sequere
1856 1811 1960 1849 me.
1998 1814 2016 1846 ι

766 1888 865 1943 Hie
906 1904 1034 1943 vero
1066 1903 1290 1954 serpens
1320 1888 1428 1945 ille.
1474 1889 1561 1955 qui
1613 1888 1681 1940 ab
1710 1888 1865 1939 initio
1903 1888 2070 1941 Deum
2121 1903 2272 1942 catu-

695 1981 932 2031 mniatus
966 1987 1047 2030 est
1087 1976 1224 2044 apud
1274 1977 1567 2040 hominem,
1606 1992 1791 2032 rurSus
1846 1994 1939 2045 per
1971 1980 2186 2048 impiam
2223 1987 2279 2033 et

695 2071 1109 2123 abominandam
1179 2070 1377 2124 Juliaui
1449 2071 1686 2138 liuguaut
1763 2070 1886 2140 (22)
1951 2073 2274 2126 horrendum

697 2162 893 2216 sibilat.
927 2161 1022 2215 llic
1045 2164 1187 2215 euizu
1218 2179 1414 2215 vanum
1443 2163 1645 2217 ChriSIi
1676 2166 1962 2218 consilium
1989 2168 2279 2218 ostendere

699 2255 885 2307 volens
939 2254 1281 2323 hypotbetico
1334 2254 1695 2323 paralogismo
1730 2256 1808 2307 sic
1849 2265 2133 2324 argutatur
2168 2272 2181 2307 :
2219 2254 2277 2308 Si

698 2361 908 2408 munes,
946 2346 1143 2413 inquit,
1179 2345 1280 2398 hoc
1334 2358 1623 2413 sequentes
1673 2347 1984 2408 consilium,
2015 2346 2282 2415 elegerint

700 2437 956 2500 vendere,
1016 2448 1070 2488 et
1127 2437 1367 2489 dividere
1416 2438 1747 2506 pauperibus
1807 2441 2066 2505 pecunias
2125 2454 2279 2501 suas,

702 2528 951 2593 quisnam
1002 2532 1125 2587 erit,
1162 2528 1251 2596 qui
1284 2542 1376 2581 eas
1422 2538 1587 2591 emat,
1623 2528 1982 2583 vendentibus
2028 2533 2283 2587 omnibus

697 2620 846 2686 juxta
906 2620 1235 2687 propositam
1296 2622 1682 2689 hypothesim?
1734 2623 1975 2675 Audistis
2028 2624 2280 2677 delirium

703 2708 971 2773 Sophistze
996 2709 1318 2776 iniquitatis.
1354 2710 1465 2776 Age
1492 2724 1625 2776 ergo
1658 2710 1937 2762 mendacis
1967 2714 2154 2764 dentes
2187 2727 2284 2764 att-

704 2801 874 2869 gulati
933 2801 1178 2853 veritatis
1238 2800 1416 2866 lapide
1472 2801 1900 2869 eunl'ringamus.
1967 2802 2079 2856 Nisi
2138 2807 2284 2857 enim

707 2905 848 2948 esset
871 2892 1013 2946 Deus
1040 2892 1220 2956 Jesus,
1248 2895 1336 2960 qui
1363 2894 1501 2945 bona
1528 2893 1709 2944 omnia
1744 2895 1979 2946 vendere
2013 2896 2282 2959 hortatur,

709 2988 885 3037 locum
945 2986 1176 3037 fortasse
1237 2985 1461 3037 haberet
1529 2985 1793 3051 Sophistre
1860 2986 2280 3052 argumentatio.

2382 504 2710 573 διδακτικὸν,
2733 510 2828 560 καὶ
2860 511 3186 579 νομοθεσίας
3214 516 3489 585 δεόμενον.

2454 596 2517 646 ΤΞ
2569 593 2664 649 οὖν
2711 600 2848 667 πρὸς
2902 599 3078 654 ταῦτα
3122 605 3149 655 ό
3204 606 3397 658 ἐαυτὸν
3445 608 3692 677 οἰόμενος
3722 626 3965 678 νομοφυ-

2381 687 2609 753 ).ακείν;
2648 708 2667 740 ι
2703 691 2909 757 Ταῦτα,
2946 695 3132 762 φησὶν,
3182 697 3542 769 ἐφυλαξάμην
3588 704 3650 753 ἐκ
3702 702 3961 769 νεότητός

2385 798 2508 849 μου.
2550 801 2569 832 ›
2618 782 3108 852 Ἐγγυμνασθέντα
3163 790 3296 856 γοῦν
3326 793 3491 846 αὑτὸν
3544 792 3665 844 ἰδὼν
3701 797 3729 845 ὁ
3768 795 3963 863 Σωτὴρ

2380 874 2500 935 ταῖς
2550 877 2803 941 νομικαῖς
2853 877 3100 940 ἐντολαῖς
3147 886 3489 949 χειραγωγεῖ
3516 884 3604 935 διὰ
3643 883 3737 935 τοῦ
3798 884 3962 943 λόγου

2382 964 2520 1032 πρὸς
2546 965 2644 1033 τὴν
2707 968 3077 1040 εὐαγγελικὴν
3143 971 3499 1042 τελειότητα,
3568 975 3814 1038 δεικνὺς,
3888 977 3962 1039 ὡς

2380 1055 2663 1126 ἐξέρχεται
2694 1057 2788 1111 τοῦ
2827 1062 2994 1130 νόμου
3029 1063 3090 1117 τὸ
3127 1065 3458 1132 Εὐαγγέλιον
3480 1107 3494 1131 ,
3522 1070 3615 1121 καὶ
3649 1071 3965 1135 γειτνιῶσιν

2380 1146 2635 1216 ἀλλήλοις
2691 1150 2757 1201 τὰ
2802 1150 3089 1219 δόγματαο
3145 1156 3222 1223 τῷ
3275 1176 3293 1206 ι
3332 1157 3424 1227 Μὴ
3477 1160 3796 1229 μοιχεύσῃς,
3830 1178 3851 1209 ι
3900 1159 3965 1210 τὸ

2386 1236 2507 1303 «Μὴ
2542 1239 2928 1312 ἐπιθυμήσῃς’
2963 1261 2981 1294 ι
3005 1245 3202 1316 καὶτῷ
3239 1248 3360 1317 «Μὴ
3384 1248 3696 1317 φονεῦσαι,»
3731 1252 3792 1302 τὸ
3830 1270 3847 1300 ι
3870 1252 3963 1320 Μὴ

2377 1327 2720 1397 ὀργίζεσθαι.
2754 1350 2772 1382 ι
2814 1333 3067 1399 Πλαγίως
3119 1334 3175 1386 δέ
3236 1354 3353 1399 πως
3409 1340 3504 1390 καὶ
3556 1341 3771 1407 εὐφυῶς
3822 1341 3965 1391 ἀπο-

2379 1423 2583 1488 γυμνοῖ
2616 1421 2718 1490 τῆς
2752 1422 2978 1494 γνώμης
3015 1424 3184 1478 αὑτοῦ
3222 1426 3281 1478 τὸ
3318 1428 3702 1494 φιλόπλουτον.
3755 1431 3964 1491 Μεῡεὶς

2378 1515 2487 1583 γὰρ
2513 1514 2641 1567 ἄλλο
2670 1534 2721 1567 τι
2753 1519 2930 1569 εἰπεῖν
2959 1518 2986 1570 ὃ
3014 1520 3251 1588 μάλιστα
3280 1520 3471 1574 τοῦτον
3494 1524 3682 1575 ἐλύπει
3716 1524 3963 1593 προϐάλ-

2378 1605 2552 1658 λεται”
2604 1624 2620 1656 ι
2665 1607 2925 1673 Πὼλησον
2957 1611 3136 1664 πάντα
3164 1615 3232 1667 τὰ
3253 1614 3571 1683 ὑπάρχοντά
3605 1634 3719 1675 σου,
3750 1620 3841 1669 καὶ
3872 1617 3961 1677 δῖις

2378 1702 2635 1766 πτωχοῖς,
2694 1701 2789 1753 καὶ
2852 1702 2996 1764 ἔξεις
3060 1704 3338 1776 θησαυρὸν
3396 1708 3454 1759 ἐν
3510 1708 3806 1777 οὐρανοῖς,
3865 1712 3961 1760 καὶ

2373 1788 2558 1857 δεῦρο,
2593 1790 2880 1843 ἀκολούθει
2912 1810 3023 1862 μοι.
3064 1812 3081 1844 ι

2460 1886 2731 1939 Ἐνταῦθα
2772 1890 2799 1941 ὁ
2838 1888 2896 1954 ἐξ
2940 1889 3116 1959 ἀρχῆς
3148 1889 3457 1944 διαϐάλλων
3487 1894 3583 1946 τὸν
3649 1895 3787 1948 Θεὸν
3828 1900 3965 1964 πρὸς

2377 1976 2468 2029 τὸν
2525 1977 2816 2047 ἄνθρωπον
2872 1979 3020 2047 ὄφις,
3074 1982 3237 2034 πάλιν
3299 1983 3386 2035 διὰ
3438 1986 3537 2049 τῆς
3594 1989 3798 2056 μιαρᾶς
3858 1991 3956 2040 καὶ

2379 2070 2829 2139 κατεττυγμένης
2870 2071 3119 2141 γλώττης
3165 2072 3260 2125 τοῦ
3327 2074 3616 2126 Ἰουλιανοῦ
3677 2076 3963 2147 β’ωσυρὸν

2388 2158 2745 2228 ἀπεσῦρισεν.
2783 2155 2953 2222 Οὗτος
2998 2162 3109 2231 γὰρ
3165 2164 3491 2233 βουλόμενος
3550 2171 3757 2219 εἰκαῖον
3791 2169 3967 2233 δεῖξαι

2380 2248 2473 2297 τοῦ
2495 2249 2733 2312 Χριστοῦ
2749 2252 2807 2300 τὸ
2829 2252 3223 2322 παράγγελμα,
3245 2256 3551 2326 ὑποθετικῷ
3567 2262 3967 2329 παραλογισ;;ᾠ

2380 2337 2526 2391 οὕτω
2573 2346 3029 2408 κατασοφίξεται.
3066 2346 3126 2396 Εἰ
3177 2350 3399 2414 πάντες,
3455 2356 3645 2422 φησῖν.
3684 2357 3967 2423 ἄνθρωποι

2382 2430 2458 2500 τῷ
2490 2433 2914 2502 παραγγέλματι
2969 2437 3144 2508 τούτῳ
3203 2441 3517 2509 πειθόμενοι
3549 2446 3616 2497 τὰ
3649 2448 3965 2517 ὑπάρχοντα

2395 2525 2579 2591 σφίσιν
2606 2526 2836 2596 ᾑροῦντο
2864 2529 3087 2596 πωλεῖν,
3135 2533 3224 2583 καὶ
3267 2535 3546 2603 διανέμειν
3588 2543 3844 2607 πτωχοῖς,
3880 2542 3967 2602 τίς

2385 2609 2452 2684 ἦν
2479 2616 2586 2683 ἄρα
2615 2620 2643 2669 ό
2672 2618 2845 2671 ταῦτα
2890 2620 3194 2690 ὠνούμενος
3233 2628 3452 2679 πάντων
3482 2630 3585 2680 ἀπε
3596 2632 3968 2697 μπωλούντων

2385 2711 2527 2762 κατὰ
2554 2710 2653 2781 τὴν
2678 2712 3037 2780 προτεθεῖσαν
3086 2716 3366 2772 ὑπόθεσιν.
3405 2721 3702 2773 Ἠκούσατε
3738 2723 3834 2773 τοῦ
3878 2742 3968 2776 σο-

2387 2803 2490 2869 φοῦ
2550 2807 2648 2872 τῆς
2712 2805 2909 2867 κακίας
2957 2806 3018 2857 τὸ
3076 2809 3458 2879 παραλήρημα
3494 2828 3507 2840 ·
3540 2813 3675 2881 φέρε
3710 2814 3793 2884 δὴ,
3837 2816 3971 2875 τοὺς

2387 2891 2607 2954 ὀδόντας
2640 2893 2732 2944 τοῦ
2764 2894 2995 2961 ψεύδους
3025 2896 3104 2964 τῷ
3144 2900 3530 2968 ἀκρογωνιαίῳ
3565 2904 3663 2970 τῆς
3705 2904 3971 2970 ἀληθείας

2390 2982 2806 3049 συνθλάσωμεν.
2835 2987 2897 3035 Et
2924 2988 3023 3054 μὲν
3057 2988 3167 3056 γὰρ
3199 2991 3297 3041 οὐκ
3320 2986 3386 3059 ἦν
3415 2992 3546 3055 Θεὸς
3580 2997 3607 3045 ὁ
3639 2998 3972 3064 προτρέπων

705 3079 973 3144 Quoniam
1004 3092 1131 3131 vero
1158 3076 1298 3129 Deus
1323 3086 1426 3140 est,
1453 3091 1613 3143 quem
1644 3076 1773 3129 nihil
1806 3077 2104 3131 futurorum
2133 3080 2281 3143 latet,

2389 3076 2590 3126 πωλεῖν
2621 3080 2687 3129 τὰ
2722 3077 3043 3147 ὑπάρχοντα
3079 3080 3307 3148 Ἰησοῦς,
3343 3079 3488 3151 εἶχεν
3511 3086 3576 3136 ἂν
3621 3086 3752 3147 τσως
3782 3090 3971 3156 χώραν

707 3170 1053 3223 manifestum
1090 3178 1169 3222 est
1205 3168 1351 3220 illum
1396 3168 1633 3221 scivisse
1666 3184 1769 3220 non
1809 3184 1998 3222 omnes
2035 3180 2289 3235 capturos

709 3265 808 3314 huc
846 3262 1092 3322 verbum,
1125 3276 1227 3313 nec
1274 3261 1339 3312 ad
1395 3259 1703 3326 hujttsutodi
1739 3260 2125 3327 perfectionem
2177 3264 2288 3328 ple-

710 3368 907 3420 rosque
942 3363 1301 3420 perventuros
1331 3368 1342 3401 :
1381 3365 1480 3402 nec
1524 3361 1699 3402 tamen
1740 3350 1939 3404 idcirco
1972 3353 2160 3405 salutis
2189 3356 2290 3406 iter

710 3442 1138 3506 impediendum.
1197 3441 1271 3492 lix
1334 3438 1661 3494 Christianis
1719 3441 1864 3492 enim
1924 3444 2288 3509 documentis,

711 3543 873 3602 atque
935 3533 1202 3585 mandatis
1236 3532 1337 3583 alia
1371 3532 1589 3599 quidem
1622 3540 1679 3583 ut
1721 3543 1987 3599 praecepta
2016 3538 2287 3602 proposita

708 3636 855 3687 sunt,
891 3626 995 3677 alia
1026 3640 1152 3676 vero
1183 3633 1239 3675 ut
1264 3623 1524 3690 obsequia
1551 3622 1881 3675 voluntaria.
1905 3621 2038 3675 Nam
2061 3634 2114 3677 et
2142 3634 2289 3680 recte

706 3722 951 3782 ere-lere,
990 3728 1044 3772 et
1070 3720 1293 3786 diligere
1323 3717 1652 3784 proximum,
1686 3727 1739 3770 et
1778 3732 2000 3785 parcere
2031 3718 2285 3784 inimicis,

708 3829 807 3867 nec
836 3812 1029 3878 furari,
1082 3827 1181 3865 nec
1216 3811 1541 3873 adulterare,
1591 3818 1645 3863 et
1695 3819 1961 3878 quotquot
1999 3812 2104 3863 alia
2156 3810 2286 3879 legis

706 3906 991 3975 praeceptis
1026 3904 1389 3965 continentur,
1431 3904 1637 3957 servari
1680 3904 1995 3956 necessario
2042 3902 2281 3955 debent:

709 4000 823 4051 haec
861 3998 1006 4050 enim
1043 3996 1087 4049 si
1126 3995 1579 4063 transgrediuntur,
1628 3995 2071 4049 condemnamur.
2108 3994 2284 4062 Virgi-

706 4090 849 4142 nizas
902 4098 1103 4148 autem,
1162 4094 1216 4138 et
1267 4085 1570 4147 cmlibatus,
1606 4094 1659 4138 et
1711 4095 2025 4152 paupertas,
2058 4093 2113 4137 et
2172 4085 2283 4136 vita

706 4180 974 4240 solitaria,
1003 4186 1058 4229 et
1090 4176 1317 4230 alteram
1362 4177 1632 4228 maxillam
1669 4179 1907 4243 praebere
1939 4178 2281 4243 percutienti,

705 4279 762 4321 et
801 4268 1003 4319 tollenti
1039 4269 1278 4319 tunicam
1318 4265 1542 4318 libenter
1575 4267 1734 4316 etiam
1772 4267 1994 4332 pallium
2043 4267 2194 4331 dare,
2229 4277 2284 4320 ct

709 4360 1007 4413 liberaliter
1057 4358 1109 4410 in
1145 4372 1406 4426 pauperes
1460 4357 1593 4409 bona
1629 4372 1882 4426 erogare,
1927 4360 2037 4411 ba-c
2078 4361 2120 4411 si
2163 4361 2283 4426 quis

2394 3167 2425 3233 ἡ
2462 3165 2555 3215 τοῦ
2593 3168 2926 3234 σοφίσματος
2954 3169 3193 3232 ἓκθεσις.
3230 3172 3382 3224 Ἐπεὶ
3412 3174 3466 3225 δὲ
3506 3177 3638 3237 Θεὸς
3666 3173 3756 3246 ἦν,
3788 3178 3849 3229 ὃν
3879 3180 3969 3230 λέ-

2395 3255 2525 3323 ληθε
2554 3257 2661 3308 τῶν
2697 3259 2973 3326 ἐσομένων
2998 3260 3171 3323 οὐδὲν,
3219 3261 3441 3331 εὔδηλον
3489 3267 3564 3329 ὡς
3604 3268 3739 3337 ᾔδει,
3792 3271 3876 3322 ὅτι
3910 3273 3971 3323 οὗ

2394 3349 2595 3409 πάντες
2626 3349 2715 3400 τὸν
2749 3349 2911 3417 λόγον
2938 3354 3308 3420 χωρήσουσιν,
3344 3357 3467 3409 οὐδὲ
3501 3359 3599 3425 τῆς
3628 3362 3973 3434 τελειότητος

2391 3437 2597 3505 ταύτης
2635 3438 2683 3488 οἰ
2724 3439 2947 3499 πλείους
2983 3441 3274 3508 ἐφέξονται
3301 3460 3314 3472 ·
3360 3445 3419 3495 ού
3458 3447 3565 3515 μὴν
3608 3448 3696 3499 διὰ
3738 3450 3903 3504 τοῦτο
3934 3456 3967 3521 ἡ

2391 3528 2490 3596 τῆς
2523 3530 2801 3599 σωτηρίας
2828 3532 2946 3592 ὁδὸς
2977 3533 3356 3602 κωλυθήσεται
3383 3554 3397 3568 ·
3426 3538 3536 3589 τῶν
3567 3540 3674 3608 γὰρ
3702 3541 3974 3610 Χριστια-

2392 3620 2558 3671 νικῶν
2610 3620 2919 3690 δογμάτων,
2966 3626 3061 3678 καὶ
3106 3627 3337 3679 ἐντολῶν
3364 3630 3432 3681 τὰ
3463 3630 3563 3699 μὲν
3592 3636 3712 3685 κατ’
3747 3637 3973 3706 ἐντολὴν

2392 3712 2718 3780 πράττεται,
2757 3714 2825 3765 τὰ
2855 3715 2913 3766 δὲ
2955 3716 3061 3768 καθ
3116 3719 3366 3771 ἑκούσιον
3417 3723 3699 3793 εἰσφοράν.
3758 3725 3833 3779 Τὸ
3868 3730 3972 3797 μὲν

2389 3803 2501 3871 γὰρ
2534 3806 2816 3856 πιστεύειν
2851 3804 3050 3876 ὀρθῶς,
3081 3811 3177 3861 καὶ
3207 3813 3430 3883 ἀγαπᾷν
3453 3815 3543 3865 τὸν
3576 3818 3825 3886 πλησίον,
3874 3825 3975 3874 καὶ

2393 3896 2467 3963 μὴ
2502 3903 2870 3965 μνησικακεῖν
2896 3902 3011 3964 τοῖς
3054 3902 3293 3971 ἐχθροῖς,
3331 3908 3470 3974 μήτε
3511 3907 3785 3974 κλέπτειν,
3827 3915 3973 3981 μήςε

2393 3987 2691 4055 μοιχεύειν,
2720 3989 2815 4040 καὶ
2848 3990 2949 4042 ὅσα
2982 3994 3037 4043 αἱ
3085 3995 3310 4061 νομικαὶ
3356 3998 3708 4067 περιέχουσιν
3752 4002 3976 4057 ἐντολαὶ

2388 4078 2696 4147 ὀφείλουσιν
2726 4081 2784 4146 ἐξ
2818 4083 3064 4153 ἀνάγκης
3096 4085 3462 4151 φυλάττεσθαι
3489 4107 3503 4119 ο
3534 4092 3975 4158 παραϐαίνοντες

2388 4172 2496 4240 γὰρ
2526 4171 2697 4223 ταῦτα
2730 4175 3050 4242 κρινόμεθα.
3074 4176 3343 4245 Παρθενία
3376 4179 3585 4247 μέντοι,
3613 4185 3705 4234 καὶ
3728 4187 3971 4254 ἀγαμέα,

2388 4264 2484 4314 καὶ
2544 4264 2925 4331 άκτημοσύνη,
2986 4265 3080 4317 καὶ
3142 4268 3517 4338 ἀναχώρησις,
3582 4277 3674 4323 καὶ
3727 4272 3973 4343 θατέραν

2388 4356 2624 4423 παρειάν
2655 4357 2925 4423 παρέχειν
2953 4355 3030 4423 τῷ
3056 4358 3292 4419 παίοντι,
3329 4360 3420 4409 καὶ
3450 4359 3529 4426 τῷ
3575 4362 3973 4433 ἀφαιρουμένῳ

712 4452 895 4517 laciat,
935 4454 1000 4505 ad
1043 4451 1432 4519 perfectionem
1480 4447 1688 4500 duettnt
1721 4464 1865 4513 eum,
1895 4449 1987 4517 qui
2039 4450 2202 4501 facit:
2236 4452 2281 4503 si

2392 4444 2483 4493 τὸν
2513 4442 2719 4510 χιτῶνα
2767 4463 2789 4493 τ
2811 4443 3066 4511 ροθύμως
3110 4447 3590 4514 προσαποδύεσθαι
3632 4449 3693 4502 τὸ
3723 4454 3969 4519 ἱμάτιον,

711 4562 839 4600 vero
859 4544 1126 4614 quispiam
1155 4545 1345 4595 bormn
1373 4542 1575 4608 aliquid
1606 4542 1828 4593 minime
1857 4550 2095 4608 przestet,
2118 4552 2278 4595 crete-

712 4657 830 4695 rqu
883 4636 1191 4690 necessaria
1226 4635 1477 4686 mandata
1532 4644 1710 4686 senet
1756 4642 1811 4686 et
1852 4636 2122 4703 dogmata,
2174 4653 2281 4689 non

711 4736 817 4785 erit
867 4740 1021 4782 extra
1082 4741 1363 4779 numermn
1425 4726 1830 4778 Salvandorum.
1870 4724 2159 4793 l’ropterea
2216 4730 2283 4781 de

712 4820 985 4874 mandatis
1040 4833 1161 4870 cum
1223 4815 1481 4884 loquitur,
1521 4834 1624 4870 non
1686 4818 1858 4870 dicit:
1896 4819 1951 4871 Si
2018 4821 2119 4884 vis,
2178 4836 2283 4875 non

712 4910 1006 4971 furaberis,
1034 4924 1138 4962 non
1170 4907 1426 4972 occides;
1454 4910 1668 4974 quando
1693 4910 1908 4975 quidem
1940 4910 2054 4963 haec
2097 4928 2285 4967 neces-

714 5006 858 5059 sario
892 5002 1096 5056 servari
1131 5002 1367 5064 debent;
1408 5000 1474 5052 de
1503 5000 1568 5051 iis
1599 5015 1726 5051 vero
1758 5016 1878 5053 cum
1912 5002 2043 5069 agit,
2076 5018 2196 5069 quae
2218 5021 2283 5059 ex

716 5097 947 5149 arbitrio
992 5093 1220 5146 rationis
1280 5094 1450 5146 electa
1485 5090 1752 5145 donorum
1812 5094 2060 5147 obtinent
2121 5100 2287 5151 ratio.

718 5205 841 5243 nem
862 5189 1009 5258 (25):
1041 5186 1127 5241 «Si
1154 5187 1257 5252 vis,
1288 5186 1482 5254 inquit,
1510 5184 1781 5254 perfectus
1803 5200 1946 5249 esse,
1976 5189 2143 5241 vende
2166 5206 2286 5259 qua:

2393 4534 2489 4585 καὶ
2551 4534 2943 4603 μεγαλοψύχω;
3006 4536 3322 4605 διασκιδνᾷν
3385 4538 3455 4589 τὰ
3512 4541 3786 4607 προσόντα
3853 4546 3974 4606 τοῖς

2393 4626 2612 4695 πένησι,
2653 4626 2827 4677 ταῦτα
2862 4628 2910 4676 εἰ
2953 4628 3052 4694 μὲν
3102 4628 3451 4695 φυλάττοιτο,
3495 4631 3618 4695 ἄγει
3644 4630 3735 4682 τὸν
3770 4648 3973 4700 κατορο

2394 4718 2594 4771 θοῦντα
2625 4724 2761 4786 πρὸς
2795 4720 3111 4789 τελειότητα
3140 4737 3154 4749 ·
3189 4724 3237 4772 εἰ
3269 4720 3324 4771 δὲ
3355 4722 3564 4773 τούτων
3602 4721 3705 4791 μέν
3747 4739 3833 4784 τις
3882 4725 3973 4775 ἐλο

2393 4811 2584 4881 λειπὴς
2619 4812 2728 4879 εἴη,
2765 4811 2873 4863 τῶν
2900 4811 2945 4864 δ’
2984 4812 3299 4879 ἀναγκαίων
3348 4812 3579 4865 ἐντολῶν
3618 4813 3713 4865 καὶ
3760 4814 3972 4883 δογμά-

2393 4921 2503 4956 των
2532 4904 2799 4973 τηρητὴτ,
2852 4904 2954 4955 οὐκ
3013 4904 3117 4969 ἔξω
3163 4904 3273 4956 τῶν
3320 4905 3646 4971 σωζομένων
3676 4906 3796 4957 ἐστί
3829 4924 3844 4938 ·
3876 4910 3971 4963 διὰ

2385 4998 2544 5049 τοῦτο
2580 4996 2672 5048 ἐπὶ
2705 4996 2803 5065 μὲν
2829 4996 2939 5047 τῶν
2969 4994 3145 5049 ἄλλων
3198 4997 3297 5049 οὐκ
3331 4994 3485 5051 εἶπεν
3511 5015 3524 5027 ·
3562 5000 3626 5053 Εἰ
3656 4997 3851 5067 θέλεις,
3888 5004 3970 5071 μὴ

2387 5096 2613 5165 κλέψῃς,
2639 5090 2714 5161 μὴ
2732 5090 3021 5164 φονεύσῃς,
3039 5090 3223 5160 ἐπειδὴ
3243 5091 3559 5159 ἀναγκαίως
3576 5097 3763 5162 τηρεῖν
3785 5094 3967 5147 ταῦτα

2386 5190 2638 5258 ὠφειλεν.
2693 5187 2789 5248 Εἰς
2829 5184 2888 5237 δὲ.
2930 5187 2998 5236 τὰ
3031 5184 3174 5237 κατὰ
3210 5184 3532 5254 προαιρεσιν
3579 5184 3736 5251 λόγον
3770 5185 3968 5254 δώρων

1954 5318 2273 5384 Francisci
2304 5324 2512 5386 Scorsi
2541 5330 2723 5383 notaa.

788 5452 900 5522 (22)
935 5450 1353 5522 Abominatio/tm
1383 5446 1588 5522 ,ΙαΙὶᾳηὶ
1611 5449 1864 5522 linguam.
1908 5449 1987 5522 De
2017 5448 2113 5502 hoc
2141 5450 2285 5522 quod

718 5518 890 5579 habui
908 5524 1088 5574 dicere
1120 5519 1228 5585 jam
1254 5534 1413 5588 snpra
1449 5518 1515 5570 ad
1550 5518 1697 5573 hom.
1726 5518 1778 5581 5,
1820 5528 1932 5573 not.
1961 5518 2016 5581 2,
2061 5531 2115 5571 et
2140 5518 2286 5572 hom.

718 5598 806 5655 41,
840 5604 953 5644 not.
996 5592 1085 5649 80,
1118 5590 1249 5642 tlixl.

787 5664 901 5732 (93)
954 5660 1225 5712 Bonorum
1255 5660 1486 5732 obtinent
1534 5659 1809 5714 rationem.
1840 5657 1989 5732 llunc.
2018 5659 2189 5732 locum
2218 5675 2283 5713 ex

715 5730 920 5791 duabus
981 5732 1139 5785 codd.
1174 5731 1403 5794 restitui,
1449 5745 1571 5784 cum
1599 5742 1822 5797 uterque
1848 5730 2028 5799 lapsus
2051 5731 2101 5783 in
2133 5746 2283 5784 tuen-

2392 5451 2515 5501 dum
2541 5456 2704 5500 esset.
2732 5444 2864 5499 Nam
2906 5449 2956 5499 in
2990 5445 3242 5497 Panorm.
3277 5456 3391 5497 erat
3423 5464 3437 5499 :
3502 5447 3596 5507 Εἰς
3620 5447 3675 5499 δὲ
3699 5447 3792 5498 τὸν
3816 5450 3965 5501 κατὰ

2392 5517 2717 5587 προαίρεσιν
2747 5517 2903 5582 λόγον
2932 5516 3103 5587 δῶρον
3128 5516 3416 5587 ἐπέχοντα,
3541 5517 3736 5580 θέλει.’,
3768 5536 3963 5585 φησιν,

2387 5603 2516 5651 etc.,
2550 5590 2600 5641 ἰτι
2624 5587 2818 5648 Vatic.,
2839 5596 3015 5639 autem
3067 5586 3160 5647 Εἰς
3188 5589 3257 5639 τά
3282 5586 3437 5649 λόγον
3462 5586 3631 5656 δῶρον
3663 5588 3963 5655 ἀπέχοτα.

2390 5659 2447 5711 l't
2512 5660 2689 5725 priore
2741 5658 2907 5727 igitur
2957 5658 3257 5727 articulant
3298 5657 3388 5727 τὶν
3416 5726 3423 5727 7
3452 5658 3502 5709 itt
3532 5660 3598 5708 τά
3645 5670 3869 5719 ututav,
3897 5674 3961 5712 ex

2390 5729 2599 5795 Vatic.;
2654 5729 2705 5780 iu
2758 5726 2994 5782 Secundo
3021 5726 3196 5795 δῶρον
3245 5726 3300 5780 in
3364 5726 3553 5797 δώρων
3585 5743 3650 5781 ex
3698 5727 3962 5781 Panorut.
