4184 6440
692 367 810 428 ι847

1920 357 2411 419 TIIEOPHANIS
2446 358 2787 418 CERAMEI

3868 352 3969 413 848

710 480 935 534 rationis
959 478 1260 548 cxpertium
1298 484 1381 529 est
1411 475 1764 537 alimentum;
1801 473 1891 541 qui
1935 488 2063 527 vero
2112 474 2176 525 ad
2231 473 2281 525 id

2393 477 2558 527 τεῖται
2598 474 2696 544 τὴν
2743 472 2951 540 ἀλόγων
2998 472 3236 543 τροφήνο
3269 472 3296 524 6
3322 471 3364 523 δ’
3400 468 3565 522 ἀνιὼν
3613 468 3749 538 πρὸς
3786 468 3848 519 τὸ
3883 468 3972 518 τοῦ

707 574 849 640 quod
881 573 937 625 in
968 584 1220 625 Sermone
1269 569 1439 635 magis
1471 583 1543 619 (ιε’
1605 566 1889 633 spirituale
1925 567 2283 629 transcendit,

704 663 914 718 caelesti
959 676 1099 731 pme
1141 660 1376 712 nutritur
1410 675 1421 709 :
1466 674 1535 711 ne
1576 658 1676 711 boc
1714 658 1831 711 loco
1876 657 2283 709 camelumeuut

706 754 794 821 qui
830 752 1083 806 sensibus
1130 754 1395 817 subjacet,
1441 751 1752 818 capiamus;
1792 750 1833 802 si
1869 750 2011 801 enim
2058 750 2124 803 de
2170 750 2287 801 ani-

708 848 831 900 mali
882 845 1093 899 locutus
1146 844 1355 905 fuisset,
1415 860 1519 895 nou
1578 843 1792 910 facilius
1846 842 2096 905 dixisset,
2139 842 2284 909 quod

704 954 929 1006 prorsus
983 937 1096 990 ﬁeri
1157 938 1364 1004 nequit.
1423 932 1589 1003 Magis
1646 936 1790 988 enim
1853 943 2325 991 consentaneum,

706 1031 898 1084 fuisset
929 1031 1108 1083 dicere
1141 1047 1153 1083 :
1191 1027 1358 1081 Siculi
1405 1036 1486 1079 est
1521 1028 1853 1095 impossibile
1888 1028 2155 1079 camelum
2192 1041 2285 1092 per

704 1124 948 1177 foramen
1011 1139 1138 1175 acus
1191 1122 1444 1177 transire.
1500 1120 1649 1173 Nunc
1719 1136 1847 1173 vero
1913 1135 2012 1171 vox
2068 1119 2285 1189 [acilius

704 1215 1029 1285 profundius
1060 1214 1262 1284 aliquid
1319 1212 1538 1281 subjicit
1590 1213 2065 1266 considerandum.
2101 1213 2287 1281 Neque

704 1309 868 1377 igitur
924 1308 1190 1361 camelum
1252 1305 1453 1359 animal
1512 1305 1813 1373 intelligere
1866 1312 2125 1371 oportet,
2183 1316 2284 1355 nec

703 1402 856 1455 navis
877 1392 1185 1461 rudentem,
1224 1399 1514 1465 utquidam
1548 1398 1906 1465 interpretum
1939 1404 2301 1452 censuerunt._

705 1494 843 1559 Quid
880 1507 1008 1559 ergo
1051 1503 1134 1545 est
1185 1491 1328 1558 quod
1383 1490 1717 1556 accipimus?
1748 1488 2024 1542 Camelum
2085 1487 2286 1540 animal

703 1587 889 1637 dicunt
933 1583 1147 1653 injuria:
1179 1582 1491 1635 memoriam
1539 1580 1880 1634 indelebilem
1916 1581 2150 1634 retinere
2192 1580 2286 1630 ad-

701 1692 894 1731 versus
915 1691 1036 1729 eum
1060 1675 1148 1743 qui
1174 1676 1392 1743 gravius
1411 1675 1586 1743 ipsum
1606 1674 1958 1740 percusserit,
1980 1685 2035 1726 et
2064 1687 2157 1741 per
2172 1688 2289 1725 om-

704 1783 826 1820 nem
857 1767 1017 1818 vitam
1048 1779 1199 1817 suam
1230 1773 1439 1832 tempus
1464 1770 1823 1831 opportunum
1842 1765 2158 1823 observare,
2178 1774 2286 1827 quo

706 1860 875 1928 possit
907 1873 1029 1911 eum
1058 1858 1150 1927 qui
1178 1824 1369 1927 injuria
1396 1824 1574 1910 aﬂ‘ecit
1607 1855 1820 1910 ulcisci.
1848 1852 1913 1909 Ut
1942 1854 2103 1923 igitur
2123 1824 2287 1923 319
2318 1824 2359 1881 Β

707 1952 1004 2018 Scriptura:
1037 1966 1153 2003 mos
1184 1958 1269 2003 est
1307 1965 1370 2001 ex
1405 1950 1736 2017 proprietate
1769 1948 2003 2001 naturali
2039 1950 2285 2002 animan-

708 2050 843 2101 tium
876 2047 1091 2101 nomina
1130 2046 1194 2100 iis
1219 2045 1309 2114 qui
1356 2045 1858 2111 perturbationibus
1886 2045 2103 2098 obnoxii
2137 2054 2283 2110 sunt,

709 2142 1031 2208 imponere:
1070 2148 1125 2191 et
1185 2152 1375 2191 canem
1431 2138 1648 2205 quidem
1699 2153 1820 2193 eum
1862 2137 1955 2206 qui
2004 2138 2288 2205 impudens

704 2242 788 2287 est
814 2246 1069 2300 ;equum,
1094 2231 1185 2300 qui
1209 2230 1418 2282 libidini
1446 2229 1720 2295 indulget;
1748 2229 1952 2296 lupum,
1978 2229 2066 2298 qui
2098 2242 2287 2296 rapax,

708 2326 923 2391 vulpem
954 2339 1076 2377 eum
1104 2324 1192 2390 qui
1226 2322 1411 2375 dolose
1444 2322 1575 2391 agit,
1605 2322 1881 2390 apprllare
1910 2338 1922 2375 :
1961 2323 2033 2375 ita
2065 2331 2119 2376 et
2151 2322 2289 2391 inju-

708 2420 800 2471 riae
832 2428 1077 2471 tenacem
1134 2415 1342 2468 camelo
1396 2415 1687 2468 assimilat.
1737 2412 1865 2479 Quae
1911 2416 2054 2468 enim
2096 2423 2289 2468 natura

705 2511 886 2563 insunt
920 2510 973 2561 in
1003 2506 1398 2567 animantibus,
1426 2518 1488 2558 ea
1523 2510 1566 2558 si
1594 2504 1757 2557 homo
1791 2506 2050 2569 imitetur,
2079 2506 2291 2573 passio-

704 2617 802 2655 nes
837 2602 991 2652 fiunt.
1033 2599 1178 2652 Acus
1206 2612 1335 2650 vero
1372 2606 1520 2650 recte
1570 2611 1879 2650 sermonem
1929 2596 2138 2649 Domini
2172 2595 2286 2665 (26)

708 2691 1059 2759 signiﬁcabit,
1096 2690 1187 2756 qui
1251 2689 1461 2741 dissuta
1532 2688 1833 2750 connectit,
1883 2698 1939 2741 et
2002 2689 2054 2741 in
2120 2704 2286 2743 unum

708 2784 929 2851 redigit,
965 2790 1017 2835 et
1048 2795 1111 2833 ex
1145 2780 1397 2840 diversis,
1433 2779 1727 2833 virtutibus
1760 2780 1912 2847 quasi
1970 2795 2076 2833 uno
2120 2780 2287 2833 vesti-

710 2887 892 2929 mento
923 2874 1132 2928 animas
1174 2882 1356 2937 ornat,
1388 2887 1498 2925 uno
1538 2872 1827 2925 charitatis
1881 2869 1969 2923 filo
2025 2872 2287 2924 consutis.

708 2967 878 3037 Hujus
906 2967 1115 3021 scilicet
1135 2980 1269 3019 acus
1300 2964 1547 3018 foramen
1572 2973 1654 3016 est
1684 2963 1771 3016 illa
1802 2972 2030 3032 augusta
2059 2973 2108 3015 et
2143 2972 2289 3017 arcta

708 3073 892 3133 porta,
923 3062 990 3117 de
1043 3076 1146 3129 qua
1201 3060 1449 3113 Salvator
1504 3059 1640 3111 dixit
1682 3058 1825 3127 quod
1855 3078 1872 3109 ι
1913 3057 2151 3127 Angusta
2209 3067 2292 3112 est

710 3169 885 3227 porta,
910 3171 1029 3225 quae
1053 3156 1199 3208 ducit
1225 3153 1290 3206 ad
1324 3153 1485 3207 vitam
1510 3152 1578 3204 ⁸ο.
1615 3169 1634 3202 ι
1662 3150 1751 3203 Ait
1776 3166 1905 3217 ergo
1938 3150 2150 3205 facilius
2171 3165 2292 3203 esse
2320 3190 2361 3245 ϐ

712 3250 986 3302 hominem
1049 3256 1289 3300 tenacem
1346 3242 1557 3312 injuria:
1609 3256 1704 3310 per
1734 3243 1855 3292 vita:
1901 3241 2287 3307 perfectionem

711 3344 935 3405 intrare,
969 3356 1130 3409 quam
1182 3338 1427 3392 divitem.
1476 3336 1616 3401 Quid
1653 3335 1768 3387 ita?
1802 3334 2068 3399 Quoniam
2116 3334 2294 3387 omnis

713 3436 805 3489 illa
857 3435 1062 3488 malitia
1107 3448 1228 3484 cum
1286 3429 1456 3483 invisa
1512 3440 1767 3496 persona,
1822 3427 1903 3479 vel
1951 3443 2033 3480 res
2088 3439 2293 3479 remora

712 3529 892 3589 fuerit,
938 3527 1208 3590 solvitur;
1244 3533 1321 3588 et,
1354 3522 1627 3576 incentivo
1666 3521 1901 3584 sublato,
1940 3519 2120 3588 passio
2158 3533 2292 3585 quo-

710 3618 997 3673 dammodo
1027 3616 1393 3684 exstinguitur
1424 3631 1437 3665 :
1467 3625 1633 3681 atque
1669 3612 1741 3664 ita
1770 3627 1798 3664 a
1827 3610 2079 3663 vindictae
2110 3610 2291 3661 studio

714 3712 851 3764 liber
883 3712 1041 3763 homo
1074 3710 1325 3760 virtutem
1372 3720 1681 3773 capessere,
1719 3712 1774 3756 et
1802 3705 1864 3753 ad
1900 3702 2289 3770 perfectionem

713 3801 995 3869 pervenire
1052 3810 1250 3867 potest.
1298 3798 1367 3850 At
1423 3810 1553 3851 vero
1628 3795 1937 3849 divitiarum
1998 3795 2292 3863 cupiditate

782 3955 829 3986 ⁸⁸
864 3954 1012 4007 Matt.
1043 3969 1136 4015 vn,
1176 3954 1260 4007 14.

2387 568 2546 634 λόγου
2584 564 3119 637 πνευματικώτερον,
3153 563 3391 633 οὐρανίῳ
3422 563 3572 631 ἄρτῳ
3602 562 3929 630 ὲκτρέφεται
3955 575 3969 590 °

2392 661 2514 728 μηδ’
2557 658 2792 714 ἐνταῦθα
2837 658 2934 727 τὴν
2982 657 3224 726 κάμηλον
3259 654 3533 723 αἰσθητῶς
3586 653 3971 720 ὑπολάϐωμεν.

2390 755 2447 804 Ei
2477 754 2586 821 γὰρ
2618 754 2747 821 περὶ
2789 749 2879 802 τοῦ
2913 750 3052 815 ζὼου
3082 744 3148 819 ἦν
3195 751 3221 800 6
3265 748 3421 814 λόγος
3465 746 3635 815 αὐτῷ,
3671 748 3771 799 οὑκ
3814 745 3882 797 ἂν
3914 746 3973 796 τὺ

2389 848 2603 907 πάντως
2641 844 2898 897 ἀδύνατον
2943 841 3203 894 ἐκάλεσεν
3235 841 3671 904 εὐκοπώτερον.
3708 834 3819 888 Ἷιν
3865 837 3972 906 γὰρ

2388 932 2809 1001 ἀκολουθότερον
2847 930 3047 998 μᾶλλον
3099 932 3296 990 εἰπεῖν,
3343 927 3531 996 ὥσπερ
3572 929 3831 981 ἀδύνατον
3872 928 3973 980 κά-

2391 1025 2561 1092 μη),ον
2588 1024 2677 1076 διὰ
2706 1022 3015 1091 τρυμαλιᾶς
3050 1020 3272 1089 ῥαφίδος
3304 1020 3556 1073 διελθεῖν.
3587 1020 3701 1072 Νῦν
3721 1020 3776 1071 δὲ
3806 1021 3837 1087 ἡ
3881 1018 3971 1070 τοῦ

2387 1114 2766 1181 εὑκοπωτέρου
2802 1112 2945 1178 λέξις
3005 1112 3303 1181 βαθύτερόν
3342 1130 3395 1163 τι
3452 1115 3591 1162 νοεῖν
3625 1112 3971 1179 ὑποτίθησιν.

2389 1208 2514 1263 Οὕτ*
2548 1208 2639 1262 οὑν
2668 1209 2764 1277 τὴν
2810 1206 3056 1276 κάμηλον
3094 1210 3362 1275 προσήκει
3398 1208 3557 1265 νοεῖν,
3598 1204 3722 1256 οὔτε
3755 1210 3845 1256 τὸν
3876 1209 3974 1269 τῆς

2389 1304 2515 1371 νηὸς
2546 1303 2747 1363 κάλων,
2784 1300 2858 1361 ὥς
2888 1317 3033 1361 τινες
3064 1299 3171 1352 τῶν
3210 1298 3561 1367 ἑρμηνευτῶν
3592 1298 3872 1368 ᾠήθησαν.
3908 1297 3973 1349 ’Ῐί

2388 1391 2483 1447 οὖν
2515 1397 2662 1445 ἐστιν
2688 1394 2714 1445 ὃ
2746 1392 3158 1461 κατελάϐομεν;
3192 1394 3330 1442 Φασὶ
3358 1391 3420 1442 τὸ
3442 1391 3578 1453 ζῶον
3602 1392 3699 1458 τὴν
3725 1392 3975 1458 κάμηλον

2389 1485 2777 1549 ἀνεξάλειπτον
2806 1487 2992 1554 τηρεῖν
3030 1484 3399 1554 μνησικακίαν
3434 1482 3573 1534 κατὰ
3604 1483 3696 1533 τοῦ
3736 1484 3973 1549 ἰσχυρῶς

2388 1579 2557 1646 αὐτὴν
2592 1576 2916 1647 πλήξαντος,
2969 1576 3064 1628 καὶ
3125 1575 3257 1644 παρ’
3304 1576 3432 1642 ὃλην
3477 1576 3646 1641 αὑτῆς
3680 1575 3777 1643 τὴν
3829 1573 3974 1641 ζωὴν

2388 1673 2797 1741 καιροσκοπεῖν,
2843 1671 2992 1732 ὅπως
3027 1670 3285 1739 ἀμύνοιτο
3337 1670 3427 1723 τὸν
3466 1669 3809 1735 λυπήσαντα.
3845 1668 3974 1717 Ὦς-

2390 1781 2493 1833 περ
2515 1760 2607 1815 οὖν
2636 1762 2893 1830 συνήθεια
2923 1765 2988 1829 τῇ
3023 1763 3213 1833 Γραφῇ
3238 1763 3526 1829 ὀνομάζειν
3551 1763 3673 1821 τοὺς
3703 1762 3972 1827 ἐμπιθεῗς

2394 1856 2500 1907 ἀπὸ
2548 1858 2647 1923 τῆς
2688 1848 2926 1923 φυσικῆς
2970 1856 3077 1907 τῶν
3121 1856 3333 1921 ἀλόγων
3369 1855 3651 1925 ἰδιότητος,
3692 1857 3829 1906 κύνα
3876 1858 3975 1922 μὲν

2393 1949 2483 2000 τὸν
2514 1948 2735 2014 ἀναιδῆ,
2768 1948 2931 2000 ἵππον
2962 1947 3019 1999 δὲ
3064 1947 3155 1999 τὸν
3196 1947 3506 2015 θηλυμανῆ,
3556 1950 3647 1999 καὶ
3688 1948 3851 1999 λύκον
3884 1949 3975 1999 τὸν

2395 2040 2641 2109 ἅρπαγα,
2673 2041 2768 2095 καὶ
2800 2040 2890 2091 τὸν
2930 2039 3149 2109 δολερὸν
3181 2039 3273 2091 τοῦ
3310 2040 3473 2107 ἤθους
3514 2039 3796 2099 ἀλώπεκα,
3832 2040 3977 2091 οὕτω

2395 2134 2487 2185 καὶ
2524 2132 2615 2184 τὸν
2653 2132 2993 2199 μνησίκακον
3028 2136 3093 2201 τῇ
3133 2134 3367 2202 καμήλῳ
3415 2134 3691 2202 ἀφομοιοῖ.
3735 2134 3817 2187 Ti
3865 2135 3977 2201 γὰρ

2395 2226 2503 2279 τῶν
2535 2226 2689 2290 ζώων
2726 2226 2874 2294 πάθη
2906 2228 3015 2288 τοῖς
3050 2226 3149 2294 μὲν
3191 2226 3410 2293 ἀλόγοις
3456 2227 3621 2293 φύσις
3648 2229 3785 2288 ἐστὶ,
3818 2229 3895 2296 τῷ
3922 2228 3977 2278 ἑὲ

2395 2317 2667 2387 ἀνθρώπῳ
2699 2316 3007 2387 ζηλούμενα
3052 2318 3196 2387 πάθη
3231 2319 3463 2383 γίνεται.
3513 2320 3704 2386 Ῥαιρὶς
3737 2320 3791 2371 δὲ
3816 2319 3977 2370 νοοῖ;’

2396 2410 2462 2463 ἂν
2505 2410 2815 2471 ἀκολούθως
2848 2413 2875 2463 6
2906 2408 3285 2474 διδασκαλικὸς
3329 2412 3484 2478 λόγος
3534 2415 3560 2463 6
3589 2414 3657 2464 τά
3706 2413 3978 2464 διεστῶτα

2398 2503 2706 2566 συνάπτων,
2744 2504 2837 2555 καὶ
2886 2504 3167 2567 ἐποποιῶν,
3216 2506 3309 2558 καὶ
3356 2507 3419 2558 ἐκ
3461 2505 3733 2577 διαφόρων
3764 2507 3979 2573 ἀρετιὶν

2395 2596 2471 2659 ὼς
2503 2598 2581 2648 ἑνὶ
2609 2596 2798 2666 ἀμφίῳ
2830 2596 3053 2665 κοσμῶν
3078 2595 3175 2665 τὴν
3197 2598 3396 2666 ψυχὴν,
3418 2598 3512 2651 ἆτε
3628 2599 3729 2667 τῆς
3756 2600 3980 2665 ἀγάπης

2400 2688 2650 2757 σπαρτίῳ
2682 2690 2760 2749 εἰς
2790 2688 2849 2739 ἓν
2891 2688 3178 2741 συνάπτων
3210 2688 3396 2747 αὑτάς.
3437 2688 3653 2758 Ταύτης
3682 2689 3780 2756 τῆς
3815 2691 3979 2755 ῥαφί-

2397 2781 2483 2843 δος
2524 2780 2797 2851 τρυμαλιά
2836 2782 2867 2851 ἡ
2908 2782 3088 2852 στενὴ,
3137 2780 3231 2833 καὶ
3274 2780 3607 2850 τεθλιμμένη
3646 2782 3810 2849 πύλη,
3851 2784 3982 2850 περὶ

2398 2871 2465 2943 ἧς
2498 2881 2662 2943 φησιν
2698 2876 2724 2925 6
2752 2873 2941 2943 Σωτὴρ
2969 2875 3049 2927 ὅτι
3090 2892 3108 2924 t
3144 2874 3309 2945 Στενὴ
3348 2876 3378 2944 ἡ
3426 2875 3566 2944 πύλη
3610 2877 3641 2943 ή
3688 2877 3981 2942 ἀπάγουσα

2400 2967 2479 3027 εἰς
2526 2965 2627 3033 τὴν
2684 2964 2849 3034 ζωήν.
2895 2985 2911 3014 ι
2960 2965 3130 3034 Φησὶν
3179 2964 3292 3029 οὖν,
3346 2967 3421 3031 ὡς
3472 2966 3854 3039 εὐκοπώτερον
3890 2968 3981 3019 τὸν

2404 3056 2742 3126 μνησίκακον
2771 3056 3058 3125 ἄνθρωπον
3088 3056 3175 3109 διά
3200 3057 3299 3123 τῆς
3322 3056 3661 3127 τελειότητος
3687 3060 3979 3125 εἰσελθεῖν,

2399 3148 2430 3218 ἢ
2472 3148 2563 3200 τὸν
2619 3147 2898 3202 πλούσιον.
2948 3148 3050 3201 Διά
3099 3148 3190 3213 τις
3242 3150 3459 3219 Ἐπειδὴ
3512 3152 3659 3202 πᾶσα
3711 3152 3882 3205 κακία
3910 3156 3977 3221 τῇ

2401 3239 2734 3308 παρελεύσει
2760 3239 2853 3291 τοῦ
2888 3241 3255 3311 φθονουμένου
3289 3242 3604 3311 προσώπου,
3646 3243 3677 3312 ἧ
3716 3244 3977 3313 πράγμαο

2399 3351 2488 3395 τος
2515 3332 2816 3395 διαλύεται,
2850 3336 2943 3386 καὶ
2980 3330 3091 3386 οἷον
3128 3335 3413 3386 σϐέννυται
3437 3336 3495 3386 τὸ
3526 3335 3695 3397 πάθος
3727 3336 3979 3397 λυθέντος

2400 3424 2493 3475 τοῦ
2532 3423 2980 3490 ὑπεκκαύματος,
3018 3425 3109 3476 καὶ
3143 3424 3318 3488 οὕτως
3349 3426 3681 3493 ἀπαλλαγεὶς
3711 3429 3809 3493 τῆς
3840 3446 3977 3496 μνη-

2404 3514 2659 3575 σικακίας
2715 3516 2743 3566 6
2782 3514 3067 3583 ἄνθρωπος
3110 3516 3312 3569 δύναιτ’
3365 3517 3430 3569 ἂν
3480 3517 3840 3569 ἐπιλαϐέσθαι
3880 3520 3977 3584 τῆς

2400 3607 2624 3675 ἀρετῆς,
2682 3609 2778 3659 καὶ
2835 3610 3170 3678 καταντῆσαι
3224 3610 3359 3677 πρὸς
3414 3610 3751 3677 τελειότητα.
3799 3610 3873 3661 Τὸ
3924 3610 3983 3662 δὲ

2402 3698 2799 3767 φιλοπλουτεῖν,
2835 3703 2925 3751 καὶ
2964 3700 3051 3751 ἀεὶ
3090 3700 3329 3763 διακαῶς
3376 3701 3519 3769 ἔχειν
3551 3702 3681 3771 περὶ
3726 3704 3792 3752 τὰ
3842 3704 3983 3771 χρὴ·

2403 3809 2573 3863 ματα,
2604 3792 2727 3845 λίαν
2763 3792 2954 3857 κακὸν,
2986 3792 3077 3845 καὶ
3114 3792 3269 3861 μόλις
3313 3792 3388 3861 τῷ
3420 3792 3639 3862 θανάτῳ
3681 3795 3945 3864 λυόμενον
3970 3813 3981 3825 ·

1952 4074 2272 4134 Francisci
2305 4074 2515 4135 Scorsi
2549 4080 2736 4135 nctte.

712 4205 841 4259 dicis
890 4200 1040 4253 Philo
1082 4200 1157 4251 rir
1190 4198 1587 4265 disertissimus,
1623 4202 1711 4268 qui
1739 4201 1981 4267 quoniam
2014 4200 2281 4255 Christum

715 4292 815 4330 non
839 4274 1076 4331 habebnt,
1125 4281 1175 4320 ut
1206 4270 1367 4337 inquit
1398 4271 1739 4338 Augustinus,
1776 4272 1865 4322 lib.
1900 4270 2099 4323 Contra
2137 4270 2280 4323 Fau-

713 4358 876 4405 stum,
929 4357 1027 4408 quo
1083 4340 1318 4404 referret,
1376 4357 1491 4404 qua:
1528 4342 1744 4402 diceret,
1776 4352 1820 4393 et
1843 4344 2032 4393 ostium
2068 4357 2168 4391 non
2196 4344 2281 4391 in-

715 4416 873 4475 ιιειιὶι,
939 4412 1095 4462 uariis
1140 4421 1214 4462 est
1258 4420 1407 4462 actus
1474 4410 1735 4462 erroribus
1767 4427 1783 4463 :
1811 4426 1874 4463 ea:
1924 4413 2117 4463 nostris
2168 4427 2286 4463 vero

716 4486 989 4552 Origenes,
1033 4479 1121 4549 qui
1174 4482 1433 4552 ingenium
1466 4496 1619 4533 suum
1642 4480 1774 4547 facit
1823 4480 2072 4552 Ecclesia:
2101 4497 2286 4532 sacra-

716 4550 930 4612 menta;
985 4560 1033 4601 et
1073 4550 1310 4601 nonnulli
1340 4552 1495 4602 etiam
1525 4566 1589 4602 ex
1627 4552 1820 4603 nostris
1873 4554 1962 4617 qui
2005 4551 2281 4602 litternlem

714 4640 919 4679 sensum
960 4620 1341 4685 apprchendere
1380 4635 1483 4671 non
1527 4620 1773 4679 valentes,
1832 4631 1923 4672 aut
1954 4630 2010 4672 ut
2035 4621 2281 4681 levem,et

714 4700 902 4763 parum
937 4689 1117 4763 utilem
1137 4700 1548 4763 contemnentes,
1574 4692 1625 4740 in
1654 4689 1931 4763 allegorias
1964 4703 2010 4743 et
2030 4692 2289 4763 spiritum

715 4758 788 4818 les
835 4758 1209 4825 intelligentias
1248 4760 1567 4824 spatiantur,
1596 4775 1743 4811 veras
1788 4762 1991 4826 quidem
2023 4761 2164 4817 illas.
2200 4762 2289 4812 sed

714 4848 900 4898 parum
947 4827 1257 4894 Scripturis,
1302 4844 1430 4894 quas
1452 4830 1884 4893 interpretantur,
1927 4843 2288 4898 congruentes.

718 4906 843 4957 llaec
893 4916 957 4953 ex
1010 4900 1345 4961 Salmerone,
1374 4915 1493 4967 qua:
1538 4899 1755 4965 quidem
1789 4898 1907 4952 ideo
1944 4902 2047 4959 huc
2068 4901 2313 4963 adduxi,

716 4975 846 5043 quia
923 4978 1049 5023 sunt
1121 4967 1389 5036 perutilia,
1422 4976 1487 5043 et
1542 4969 2189 5043 admonent._scriptores
2225 4980 2292 5043 _et

714 5038 963 5097 oratores
988 5053 1198 5097 sacros.
1233 5053 1335 5105 qua
1384 5040 1467 5091 via
1508 5041 1579 5093 sit
1634 5039 1988 5092 incedendum
2026 5042 2079 5090 in
2119 5038 2288 5105 expli-

717 5114 903 5166 candis
948 5109 1117 5163 sacris
1168 5107 1407 5173 Litteris,
1455 5107 1628 5161 media
1661 5109 1867 5162 scilicet
1911 5123 2083 5176 eaque
2122 5110 2288 5175 regia.

722 5186 785 5235 l-lt
832 5196 961 5233 sane
988 5181 1127 5232 hanc
1170 5179 1307 5229 viam
1356 5179 1529 5232 innuit
1560 5188 1739 5231 noster
1773 5180 2289 5245 'l‘heophanes,cum

718 5256 795 5305 ait
827 5268 840 5304 :
872 5250 1135 5315 Quoniam
1170 5247 1305 5299 Deus
1338 5259 1434 5311 est,
1462 5265 1549 5316 qui
1572 5248 1807 5316 loquitur
1841 5251 2009 5310 nobis,
2030 5250 2118 5314 qui
2143 5264 2293 5300 scru-

718 5325 821 5373 tari
841 5318 1319 5386 Scripturasjubet.
1340 5336 1427 5371 nec
1446 5322 1499 5371 in
1519 5320 1568 5371 id
1586 5325 1751 5369 solum
1772 5332 1987 5370 mentem
2003 5318 2290 5382 intendere,

716 5395 856 5457 quod
909 5398 1145 5458 apparet,
1183 5389 1274 5441 sed
1316 5390 1368 5439 in
1399 5390 1612 5442 altiores
1647 5390 1931 5454 pervadere
1962 5404 2164 5451 sensus,
2190 5403 2287 5441 etc.

718 5464 926 5525 Quibus
998 5471 1230 5511 mentem
1290 5471 1461 5525 aperit
1496 5475 1646 5512 suam
1686 5474 1806 5510 esse.
1839 5458 2055 5526 quidem
2085 5461 2291 5511 incum-

718 5534 951 5585 bendmn
1006 5533 1070 5581 ad
1116 5531 1307 5582 littera:
1356 5530 1707 5590 inzellectmn,
1749 5530 1841 5580 sed
1901 5537 2154 5596 praeterea
2208 5530 2291 5580 fa-

719 5602 967 5655 ciendum
1019 5602 1240 5668 gradum
1301 5614 1367 5651 ex
1410 5614 1472 5651 ea
1536 5600 1601 5649 ad
1639 5600 1857 5668 altiores
1904 5609 1956 5652 et
1989 5600 2294 5665 spirituales

720 5687 930 5725 sensus.
975 5667 1316 5735 Quanquam,
1369 5680 1427 5721 ut
1473 5684 1653 5720 verum
1730 5667 1923 5731 fatear,
1968 5683 2161 5721 sensus
2206 5669 2292 5721 hic

719 5744 977 5810 mysticus
1023 5744 1087 5790 de
1108 5740 1335 5810 cautela,
1367 5743 1507 5807 quod
1546 5738 1755 5806 injuria:
1806 5754 2096 5791 memorem
2126 5738 2293 5807 εἰδυί-

720 5808 866 5877 ticet,
918 5815 1155 5866 detortus
1207 5808 1339 5862 mihi
1401 5812 1627 5874 videtur,
1678 5822 1727 5863 et
1758 5819 1901 5863 certe
1925 5811 1990 5864 ab
2016 5810 2287 5879 Evangelii

2391 4210 2643 4255 contextu
2694 4202 2974 4268 abruptus,
3002 4202 3051 4254 in
3094 4217 3199 4271 quo
3252 4201 3506 4255 Christus
3540 4200 3713 4255 solum
3748 4203 3982 4257 difﬁc-ul-

2393 4279 2557 4341 lulettt
2612 4272 2790 4339 dirutis
2828 4274 2877 4324 iu
2912 4274 3239 4341 acquirendo
3262 4288 3428 4341 regno
3455 4275 3660 4326 caelesti
3707 4285 3923 4337 sumpta
3952 4293 3980 4327 a

2391 4340 2582 4393 cameli
2616 4341 2971 4394 similitudine
3000 4340 3161 4409 ’(sive
3233 4340 3452 4405 animal,
3480 4344 3593 4394 sive
3618 4342 3763 4395 funis
3794 4348 3981 4396 nautis

2389 4425 2485 4463 cus
2516 4426 2609 4475 per
2638 4412 2782 4463 illum
2812 4416 3077 4475 signetur,
3108 4424 3162 4464 ut
3191 4428 3409 4480 u-1rique
3426 4414 3565 4465 enim
3584 4429 3736 4476 atque
3757 4416 3983 4469 dittirite

2392 4495 2485 4547 per
2509 4480 2755 4533 loramen
2797 4496 2926 4533 acus
2956 4482 3209 4549 transire)
3254 4484 3418 4534 voluit
3448 4484 3517 4533 0|)
3542 4482 3727 4535 oculos
3754 4498 3982 4549 ponere,

2316 4575 2358 4629 ο
2390 4550 2520 4602 nihil
2574 4563 2766 4629 autent
2786 4553 2849 4603 de
2872 4552 2978 4629 alio
3016 4552 3143 4603 vitio
3191 4567 3310 4604 cum
3354 4552 3579 4604 avaritia
3638 4567 3982 4617 comparato,

2392 4635 2567 4687 neque
2600 4636 2727 4673 vero
2756 4622 2867 4686 ipse
2899 4624 3039 4673 hunc
3064 4636 3381 4689 germanum
3406 4637 3623 4692 sensum
3658 4637 3763 4673 n0u
3796 4628 3982 4692 attigit

2392 4705 2574 4755 supra,
2616 4705 2791 4761 neque
2824 4702 3112 4757 utrttmque
3148 4692 3339 4744 cameli
3370 4690 3728 4757 Significatum
3758 4690 3983 4761 ignora-

2395 4760 2489 4819 vit,
2542 4760 2626 4813 Vel
2694 4762 2952 4813 intactum
2995 4762 3198 4824 omisit,
3260 4761 3355 4814 sed
3430 4773 3608 4813 tamen
3669 4762 3734 4811 ad
3788 4760 3985 4818 mores

2395 4828 2762 4891 instruendos,
2821 4829 2962 4898 quod
3010 4846 3173 4882 unum
3198 4839 3409 4896 spectat
3442 4832 3527 4883 hic
3556 4840 3747 4882 auctor
3776 4832 3830 4883 in
3861 4848 3986 4885 ser-

2394 4899 2646 4951 monibus
2711 4902 2795 4953 his
2848 4900 2913 4952 ad
2982 4900 3257 4967 populum,
3309 4911 3362 4952 et
3417 4915 3549 4952 sane
3586 4901 3964 4965 popularibus,

2396 4970 2539 5034 pium
2590 4970 2755 5021 etiam
2791 4983 3009 5023 sensum
3041 4969 3384 5038 excogitavit,
3408 4970 3497 5037 qui
3525 4986 3586 5021 ex
3623 4972 3760 5022 bona
3798 4984 3982 5025 mente

2394 5046 2557 5105 atque
2616 5042 2774 5091 etiam
2836 5041 3109 5106 ingeniosa
3173 5039 3535 5105 accipiendus.
3590 5038 3858 5091 Cat-.erum
3914 5047 3983 5095 de

2394 5122 2551 5161 sensu
2574 5108 2802 5171 Spiritali
2834 5110 3129 5175 Scriptura:
3158 5111 3425 5161 universa:
3470 5109 3590 5160 vide
3620 5111 3783 5161 etiam
3822 5109 3985 5164 Pere-

2396 5179 2556 5249 rium.
2608 5179 2701 5231 lib.
2765 5194 2896 5241 xxu,
2952 5180 3042 5247 qui
3076 5183 3241 5231 multa
3268 5181 3546 5249 eleganter
3588 5180 3733 5231 dicta
3765 5182 3834 5232 ab
3867 5183 3980 5233 Bu-

2392 5247 2577 5300 cherio
2596 5249 2796 5314 colligit
2840 5250 2903 5300 ad
2930 5249 3066 5302 hanc
3102 5264 3230 5301 rem.

2466 5321 2576 5385 (‘26)
2609 5317 2745 5369 Acus
2769 5335 2887 5370 vero
2917 5334 3208 5370 sermonem
3233 5318 3463 5370 Domini.
3491 5316 3720 5369 Pulchra
3746 5330 3799 5373 et
3841 5322 3981 5374 belle

2393 5389 2656 5453 explicata
2712 5389 3007 5455 tropologia
3061 5404 3164 5440 non
3221 5391 3385 5442 multa
3422 5387 3597 5439 differt
3618 5389 3701 5440 illa
3735 5400 3981 5444 auctoris

2397 5457 2635 5529 itttperf"
2663 5463 2801 5526 apud
2825 5462 3105 5529 (Jhrysosu
3135 5461 3352 5510 homilia
3382 5459 3487 5510 ὅδε
3527 5461 3662 5509 Acus
3693 5474 3767 5511 est
3800 5459 3976 5513 Filius

2398 5525 2515 5589 Dei,
2546 5525 2704 5596 cujus
2747 5529 2916 5593 prima
2938 5525 3079 5593 ’μανι
3124 5530 3332 5582 subtilis
3366 5543 3441 5580 est
3477 5534 3764 5580 secundum
3788 5532 3979 5584 diuini-

2397 5606 2588 5662 tatem;
2635 5599 2745 5650 alia
2795 5615 2910 5651 vero
2937 5600 3189 5667 grossior,
3214 5600 3501 5667 secundum
3550 5600 3979 5654 incarnationem

2395 5669 2570 5739 ejus.”
2594 5668 2727 5720 Tota
2780 5666 2953 5721 auteni
2979 5679 3120 5723 recta
3144 5679 3241 5737 est,
3288 5678 3337 5724 et
3376 5666 3574 5721 nullam
3604 5668 3977 5739 deﬂexionem,

2394 5752 2495 5791 etc.
2538 5737 2662 5793 Vide
2686 5742 2825 5809 apud
2856 5741 3051 5808 ipsum.
3582 5774 3585 5775 ν
