4184 6440
680 379 785 439 863

1893 380 2389 439 THEOPHANIS
2428 381 2775 443 CERAMEI

3874 375 3981 440 865.

683 495 889 553 uarius,
930 504 1162 559 quorum
1198 501 1425 558 uterque
1485 505 1746 545 numerus
1780 490 1823 544 si
1854 490 2267 558 'componatur,

2392 512 2523 563 μενα
2573 494 2910 548 δυοκαίδεκα
2944 494 3179 563 γίνεται.
3206 492 3452 557 Εἰκότως
3476 491 3527 545 oi.
3554 491 3649 545 τοῦ
3677 490 3981 561 κηρύγμα-

681 584 1077 637 duodenarium
1111 583 1297 648 efﬁcit,
1339 583 1535 637 merito
1572 582 1976 651 prazdieatiouis
2000 580 2271 651 coryphzci

683 680 910 733 totidem
946 680 1219 733 numerati
1279 689 1423 733 sunt.
1484 678 1613 742 Quae
1660 678 1762 731 alia
1798 685 2061 746 praeterea
2105 691 2273 730 causa

683 773 843 841 hujus
884 772 1091 824 numeri
1142 771 1371 825 subest?
1418 769 1689 824 Nimirum
1722 770 1845 838 quia
1878 772 2058 823 omnis
2088 785 2273 822 eorum

684 866 953 928 doctrina,
976 864 1363 933 theologicam,
1388 863 1715 924 naturalem,
1738 860 2109 928 moralemqtte
2128 876 2278 915 cont-

683 956 959 1022 plectitur.
989 953 1079 1007 lla:
1106 968 1238 1007 vero
1272 952 1586 1006 duodenarii
1620 953 1830 1005 numeri
1877 952 2109 1005 circuitu
2140 965 2274 1003 con-

688 1048 951 1099 tinentur.
985 1045 1147 1098 Trina
1182 1046 1326 1097 enim
1367 1043 1631 1111 theologia
1674 1051 1901 1113 propter
1951 1042 2270 1112 m3sterium

685 1139 1010 1203 Trinitatis;
1073 1139 1320 1208 quinaria
1380 1152 1507 1188 vero
1571 1138 1839 1190 naturalis
1892 1147 2114 1204 propter
2170 1136 2278 1188 ele-

687 1238 889 1287 menta,
919 1236 975 1279 et
1032 1227 1259 1279 formam
1312 1225 1363 1277 in
1424 1227 1606 1292 specie
1651 1227 2101 1285 constituentem;
2139 1242 2279 1295 qua-

687 1324 927 1373 ternaria
988 1336 1122 1374 vero
1153 1318 1372 1373 moralis
1413 1331 1636 1387 propter
1684 1321 1972 1387 generales
2021 1324 2274 1383 virtutes,

685 1430 806 1481 quae
846 1429 977 1468 sane
1022 1414 1073 1466 in
1114 1428 1279 1466 ttnum
1312 1424 1499 1467 coacta
1544 1412 1824 1465 duodecim
1871 1412 2128 1466 eﬂiciuut.
2164 1414 2275 1478 Qua

694 1522 859 1573 porro
885 1506 952 1558 de
976 1520 1166 1566 causa,
1210 1505 1301 1574 qui
1337 1506 1402 1559 ad
1436 1505 1617 1557 mundi
1646 1506 1811 1558 totius
1844 1506 2073 1559 salutem
2109 1506 2276 1565 venit,

686 1600 777 1663 qui
806 1614 1021 1651 omnem
1058 1598 1350 1651 humanam
1382 1607 1627 1650 naturam
1663 1614 1757 1665 per
1784 1613 1994 1658 massae,
2029 1598 2192 1667 327
2228 1598 2277 1650 itl

685 1699 788 1749 est,
835 1691 1016 1743 carnis
1047 1704 1159 1742 suae
1190 1688 1458 1754 primitias
1510 1688 1623 1756 (47)
1670 1688 1771 1739 sibi
1812 1689 2193 1753 circ-utmledit,
2228 1689 2278 1740 in

687 1796 792 1846 qua
824 1781 901 1832 uti
930 1790 1113 1847 partes
1145 1780 1309 1832 tutius
1343 1782 1594 1833 humana?
1636 1780 1810 1845 gentis
1849 1778 2048 1839 Judaei,
2086 1779 2277 1831 Sama-

688 1876 827 1935 ritae,
880 1874 1165 1939 Grmcique
1214 1876 1657 1941 continebantur,
1692 1877 1831 1926 intra
1881 1876 2027 1929 solos
2074 1874 2277 1931 Judaete

690 1966 825 2016 lines
876 1966 1316 2032 pt'a'dicationem
1379 1968 1787 2021 circumscribit
1856 1969 2101 2023 dicens:
2167 1989 2183 2020 ι
2224 1969 2283 2023 In

690 2056 831 2109 viam
885 2058 1124 2127 gentium
1171 2073 1238 2111 ne
1269 2058 1550 2111 abieritis?
1587 2078 1603 2110 ι
1649 2060 1901 2113 Fortasse
1931 2062 2057 2130 quia
2089 2061 2288 2114 Judreis

695 2151 927 2216 primum
1005 2152 1292 2219 oportebat
1351 2151 1699 2220 Evangelium
1758 2156 2058 2221 prtndirari.
2152 2155 2288 2219 Ipsis

693 2245 835 2295 enim
866 2259 894 2295 a
935 2244 1201 2313 principio
1229 2246 1494 2313 promissa
1525 2246 1649 2299 data
1696 2247 1903 2298 fuerant
1926 2285 1941 2309 ,
1977 2258 2031 2299 et
2058 2263 2121 2300 ex
2156 2248 2288 2316 ipsis

695 2336 995 2390 secundum
1039 2352 1257 2391 carnem
1306 2352 1465 2392 natus
1497 2354 1575 2394 εει
1610 2340 1881 2393 Christus.
1914 2339 2012 2394 Ubi
2057 2356 2187 2394 vero
2234 2342 2284 2394 in

695 2441 869 2505 ipsum
906 2440 959 2494 hi
990 2440 1308 2496 debacchati
1340 2456 1488 2509 sunt,
1528 2456 1835 2511 quaerentes
1884 2451 2123 2498 animam
2167 2447 2288 2516 ejus

695 2534 892 2586 tnortis
947 2533 1157 2601 laqueis
1196 2536 1607 2590 circumducere
1633 2578 1648 2600 ,
1691 2539 1763 2590 ttti
1800 2540 1931 2592 viles
1960 2549 2014 2593 et
2060 2540 2168 2592 Deo
2200 2542 2285 2592 in-

693 2624 795 2676 visi
851 2624 1073 2693 reiecti,
1126 2636 1181 2680 et
1215 2642 1243 2678 a
1296 2627 1391 2680 Dei
1444 2626 1816 2682 familiaritate
1852 2630 2084 2695 sejuucli
2117 2642 2280 2692 sunt;

694 2713 747 2765 in
808 2724 996 2781 gentes
1020 2729 1149 2769 vero
1202 2716 1392 2770 salutis
1434 2732 1598 2784 opera
1630 2719 1824 2772 collata
1861 2730 1963 2773 est.
2008 2720 2277 2774 Praeterea

694 2807 858 2860 etiam
908 2822 1013 2859 non
1066 2809 1314 2876 prohibet
1367 2808 1667 2874 Dominus,
1707 2813 1994 2880 quominus
2039 2814 2289 2882 discipuli

694 2898 946 2965 gentibus
996 2899 1346 2969 Evangelium
1389 2902 1755 2971 promulgent.
1810 2884 2097 2969 Quomodo
2144 2908 2287 2961 enim

694 2988 746 3041 id
786 2997 961 3053 vetet,
1011 2991 1102 3058 qui
1154 2993 1396 3045 omnium
1434 2994 1737 3047 communis
1786 3005 1872 3048 est
1902 2998 2157 3050 conditor
2182 3037 2196 3061 ,
2235 3008 2289 3052 et

694 3084 936 3133 omnium
973 3099 1161 3137 curam
1196 3086 1355 3153 gerit,
1409 3089 1501 3158 qui
1539 3090 1674 3141 dixit
1718 3107 1733 3143 :
1785 3108 1803 3141 ‹
1845 3091 2042 3145 Doccte
2093 3108 2289 3148 omnes

695 3186 883 3239 gentes
897 3174 984 3226 °‘?
1018 3193 1036 3226 ι
1072 3174 1173 3242 Qui
1200 3190 1255 3231 et
1287 3195 1408 3231 cum
1436 3181 1725 3237 meretrice
1751 3182 2095 3239 Samaritana
2119 3186 2288 3240 collo-

695 3276 854 3315 cutus
877 3276 978 3326 est,
1029 3276 1086 3320 ct
1125 3270 1264 3337 apud
1295 3273 1439 3337 ipsos
1470 3273 1843 3327 Samaritanos
1894 3278 2094 3331 mansit
2149 3280 2286 3334 duos

695 3355 812 3408 dies
837 3356 921 3409 9'?
982 3357 1072 3426 qtti
1133 3364 1506 3415 centurionem
1541 3366 1621 3430 ⁸⁷,
1686 3379 1741 3421 et
1799 3368 2284 3439 Syrophtenissam

696 3448 1018 3514 gentiles",
1060 3460 1115 3505 et
1158 3453 1412 3521 indignos
1452 3459 1533 3510 sui
1575 3474 1681 3513 non
1714 3462 1947 3529 repulit?
1976 3462 2091 3516 Non
2126 3464 2290 3532 igitur

695 3541 891 3596 dueere
940 3558 1152 3611 gentes,
1198 3548 1291 3599 sr-d
1335 3562 1522 3602 eorum
1574 3551 1781 3619 ingredi
1813 3555 1990 3615 viam,
2044 3566 2285 3623 etupera

700 3634 878 3688 facere
914 3638 1184 3705 prohibet.
1245 3640 1487 3695 Observa
1532 3651 1711 3697 autem
1750 3647 2026 3712 quomodo
2062 3647 2126 3699 de
2159 3663 2289 3717 gen-

700 3726 843 3781 tibus
898 3728 1127 3798 loquens
1155 3731 1294 3783 viam
1334 3733 1535 3787 dixerit
1572 3751 1586 3786 :
1631 3755 1647 3786 ι
1685 3735 1738 3788 lu
1775 3738 1915 3791 viam
1944 3740 2183 3806 gentium
2229 3757 2293 3792 ne

701 3820 948 3873 abieritis
982 3838 994 3872 :
1033 3840 1049 3871 ι
1084 3824 1342 3891 quoniam
1383 3836 1574 3895 gentes
1623 3843 1815 3883 omnes
1866 3841 2018 3883 extra
2076 3832 2289 3886 vivendi

700 3909 842 3961 viam
871 3924 900 3962 a
925 3911 1064 3980 lrge,
1095 3921 1149 3966 et
1178 3915 1451 3982 prophetis
1477 3927 1833 3972 monstratam
1859 3921 2136 3982 errabant,
2162 3940 2291 3975 eva—

701 4011 890 4068 gantes
922 4002 1065 4057 circa
1094 4005 1237 4057 illam
1270 4006 1429 4059 latam
1465 4026 1527 4062 ac
1559 4014 1879 4079 Spatiosam,
1920 4028 2079 4081 quam
2109 4016 2295 4068 deam-

703 4094 892 4147 bttlare
924 4096 1220 4163 discipulos
1258 4110 1400 4153 vetat
1436 4101 1699 4156 Dominus
1724 4105 1910 4158 dicens
1942 4122 1952 4155 :
2000 4124 2017 4155 ι
2062 4105 2117 4158 In
2152 4107 2292 4158 viam

703 4186 948 4251 gentium
1002 4203 1066 4242 ne
1091 4189 1355 4245 abicritis.
1394 4209 1412 4241 ι
1454 4192 1509 4245 In
1552 4194 1653 4247 hac
1682 4209 1831 4258 vero,
1855 4195 1945 4263 qui
1974 4210 2077 4249 non
2110 4196 2295 4250 consi-

701 4277 790 4327 stit
815 4316 832 4342 ,
888 4292 951 4332 ac
984 4291 1302 4347 permanet,
1336 4298 1460 4337 eum
1511 4285 1729 4340 beatum
1760 4288 2023 4357 praedicat
2075 4287 2243 4342 David
2275 4308 2287 4342 :

707 4386 725 4417 ι
764 4368 959 4423 lleattts
1007 4373 1098 4437 qui
1131 4373 1183 4426 in
1212 4375 1297 4427 via
1339 4388 1687 4446 peccatorum
1729 4395 1836 4433 non
1867 4382 2110 4435 stetit”.
2151 4400 2169 4431 ι
2213 4381 2294 4433 Ab

702 4460 806 4514 hac
837 4462 917 4513 via
951 4463 1268 4530 deﬂectere,
1305 4484 1400 4536 per
1425 4478 1627 4523 rectam
1660 4486 1792 4525 vero
1839 4474 2135 4540 procedere
2184 4472 2291 4525 Do-

2377 606 2470 650 τος
2499 591 2790 659 κορυφαῖοι
2822 587 3084 641 τοσοῦτον
3130 587 3456 656 ἐτύγχανον.
3495 584 3619 637 Ἔτι
3673 586 3771 637 καὶ
3807 584 3895 635 διὰ
3926 583 3981 635 τί

2379 681 2684 750 ἐτύγχανον
2708 680 2918 733 δώδεκα
2940 698 2957 746 ;
2982 679 3208 749 Ἔπειδὴ
3235 680 3268 748 ἡ
3304 680 3454 732 πᾶσα
3480 676 3692 730 τούτων
3712 676 3981 729 διδαοκιι⁹

2377 775 2471 828 λία
2493 774 2834 843 θεολογικῆς,
2858 776 2948 826 καὶ
2974 775 3235 842 φυσικῆς,
3280 773 3376 825 καὶ
3416 773 3620 841 ἠθικῆς
3658 770 3983 839 φιλοσοφίας

2377 865 2448 939 ἦν
2505 869 2858 938 περιεκτική.
2901 867 3092 921 Ταῦτα
3131 866 3187 920 δὲ
3253 864 3333 935 τῷ
3392 866 3684 934 δωδεκάτῳ
3744 863 3974 933 ἀριθμῷ

2387 964 2725 1033 περιέχεται.
2778 961 3051 1032 Τριαδικὴ
3096 961 3204 1031 γάρ
3244 963 3277 1031 ή
3334 959 3585 1026 θεολογία
3640 958 3730 1011 διὰ
3777 959 3841 1009 τὸ
3883 957 3981 1025 τῆς

2382 1056 2618 1127 Τριάδος
2675 1057 2999 1126 μυστήριον,
3065 1052 3369 1122 πενταδικὴ
3425 1051 3481 1104 δὲ
3541 1052 3574 1119 ἡ
3623 1049 3831 1118 φυσικὴ
3893 1050 3981 1102 διὰ

2381 1149 2447 1202 τὰ
2499 1149 2761 1216 στοιχεῖα,
2809 1146 2905 1199 καὶ
2936 1145 2999 1198 τὸ
3041 1143 3181 1198 εἶδος
3204 1143 3269 1196 τὸ
3300 1143 3477 1196 ταῦτα
3514 1141 3844 1207 είδοποιοῦν,
3888 1160 3983 1194 τε-

2381 1240 2614 1309 τραδικὴ
2681 1238 2738 1291 δὲ
2801 1238 2833 1307 ὴ
2896 1236 3065 1308 ἠθικὴ
3121 1234 3210 1288 διὰ
3265 1234 3364 1299 τὰς
3442 1234 3671 1302 γενικὰς
3750 1234 3981 1304 ἀρετὰς,

2382 1333 2526 1403 ἆπερ
2555 1331 2821 1400 ἐνούμενα
2862 1330 3103 1399 γίνονται
3146 1328 3380 1383 δώδεκα.
3435 1327 3601 1380 Ἀλλᾶ
3654 1330 3804 1389 τίνος
3857 1327 3981 1379 ἐνε-

2383 1442 2478 1477 κεν
2528 1426 2556 1477 ὁ
2616 1426 2711 1476 ἐπὶ
2772 1424 3022 1493 σωτηρίᾳ
3093 1426 3299 1486 παντὸς
3363 1423 3460 1478 τοῦ
3542 1425 3749 1493 κόσμου
3799 1439 3983 1491 παρα-

2382 1518 2710 1588 γενόμενος,
2770 1517 2799 1569 ὁ
2844 1518 3027 1569 πᾶσαν
3088 1516 3187 1586 τὴν
3244 1515 3599 1588 ἀνθρωπίνην
3668 1516 3835 1583 φύσιν
3895 1512 3985 1570 διὰ

2382 1610 2483 1675 τῆς
2542 1609 2803 1678 ἀπαρχῆς
2862 1608 2958 1661 τοῦ
3026 1608 3357 1678 φυράματος
3405 1608 3795 1677 περιθέμενος,
3846 1608 3907 1658 ἐν

2385 1702 2591 1762 παντὸς
2620 1697 2689 1770 ἦν
2723 1701 2914 1763 ἔθνους
2941 1699 3000 1752 τὸ
3040 1700 3210 1769 μέρος
3236 1700 3518 1763 Ἰουδαίου,
3566 1700 3659 1752 καὶ
3702 1698 3986 1767 Σαμαρείο

2385 1809 2498 1852 του,
2534 1792 2630 1844 καὶ
2658 1789 2947 1853 Ἕλληνος,
2973 1793 3053 1852 είς
3078 1791 3276 1858 μόνους
3324 1789 3624 1851 Ἰουδαίους
3674 1789 3985 1857 περιορίζει.

2387 1882 2450 1935 τὸ
2477 1883 2741 1951 κήρυγμα
2772 1882 2947 1947 λέγων
2973 1899 2987 1912 ι
3013 1901 3032 1933 ε
3073 1883 3163 1945 Εἰς
3183 1878 3304 1935 ⁴ὁδὸν
3323 1883 3497 1935 ἐθνῶν
3525 1882 3599 1952 μὴ
3626 1881 3905 1948 ἀπέλθητε
3935 1899 3979 1943 ;ι

2389 1976 2544 2044 Τάχα
2577 1977 2660 2028 ὅτι
2696 1976 2809 2038 τοῖς
2857 1974 3133 2038 Ἰουδαίοις
3186 1976 3292 2029 ἔδει
3330 1976 3599 2046 πρότερον
3636 1974 3987 2045 κηρυχθῆναι

2388 2069 2448 2121 τὸ
2475 2069 2838 2137 Εὑαγγέλιον.
2876 2070 3020 2139 Πρὸς
3053 2069 3253 2131 αὐτοὺς
3284 2071 3392 2138 γὰρ
3421 2071 3475 2123 αί
3515 2069 3780 2122 ἀνέκαθεν
3810 2071 3986 2134 ἐπαγ-

2390 2162 2592 2230 γελίαι,
2618 2164 2713 2216 καὶ
2746 2162 2804 2227 ἐξ
2836 2162 3019 2215 αὐτῶν
3054 2162 3114 2215 τ’)
3143 2163 3285 2215 κατὰ
3314 2163 3501 2231 σάρκα
3533 2161 3797 2231 Χριστός.
3846 2158 3983 2210 Ἀλλ’

3442 1234 3671 1302 γενικὰς

2393 2257 2582 2325 ἐπειδὴ
2606 2250 2754 2309 οὗτοι
2788 2258 3327 2325 ἐπεπαρῳνήκεισαν
3361 2257 3443 2318 εἰς
3490 2255 3675 2318 αὐτὸν,
3704 2254 3987 2323 ζητήσαν-

2390 2363 2481 2408 τες
2533 2346 2699 2399 αύτοῦ
2770 2347 2869 2416 τὴν
2923 2346 3124 2416 ψυχὴν,
3179 2349 3292 2408 τοῖς
3336 2346 3431 2398 τοῦ
3476 2345 3711 2398 Θανάτου
3771 2344 3986 2415 βρῦχοις

2393 2438 2740 2508 περιϐαλεῖν,
2797 2439 3092 2504 γεγόνασιν
3143 2437 3467 2506 ἀπόϐλητοι.
3520 2438 3612 2490 καὶ
3645 2436 3986 2502 θεοστυγεῖς,

2393 2532 2489 2584 καὶ
2515 2531 2613 2598 τῆς
2649 2536 2788 2599 πρὸς
2829 2531 2963 2583 Θεὸν
2992 2530 3254 2593 ἐξέπεσον
3280 2530 3645 2597 οἰκειότητος,
3703 2528 3987 2598 ὲιιηργήθη

2393 2622 2506 2691 δὲή
2551 2620 2802 2689 σωτηρία
2838 2623 2951 2683 τοῖς
2992 2619 3228 2672 ἔθνεσιν.
3276 2620 3485 2682 ’Λλλως
3526 2637 3583 2672 τε
3604 2622 3704 2672 οὐκ
3730 2621 3990 2688 ἀπεέργει

2394 2716 2520 2776 τοὺς
2555 2714 2808 2784 μαθητὰς
2844 2714 3145 2783 κηρύττειν
3192 2716 3305 2776 τοῖς
3366 2713 3546 2765 ἔθνεσι
3586 2731 3600 2744 ·
3662 2713 3781 2775 πῶς
3815 2716 3925 2784 γὰρ
3967 2717 3993 2766 ὁ

2394 2807 2571 2870 κοινὸς
2588 2806 2834 2874 πλάστης
2860 2807 2956 2860 καὶ
2978 2806 3235 2877 κηδεμὼν
3254 2808 3280 2858 ὁ
3304 2806 3476 2858 εἰπών
3505 2823 3519 2837 ο
3544 2827 3561 2858 ι
3586 2806 3992 2877 Μαθητεύσατε

2395 2900 2574 2952 πάντα
2610 2900 2678 2950 τὰ
2708 2898 2837 2967 ἔθνη
2864 2915 2877 2961 ;
2908 2917 2925 2947 ι
2973 2901 3000 2950 ὀ
3038 2899 3133 2950 καὶ
3168 2898 3342 2968 πόρνῃ
3372 2898 3677 2967 διαλεχθεὶς
3714 2899 3994 2968 Σαμαρεί-

2395 2993 2522 3058 τιδι,
2560 2994 2655 3045 καὶ
2686 2992 2945 3061 αύτοϊςδὴ
2983 2992 3360 3062 Σαμαρείταις
3385 2992 3674 3061 ἐπιμείνας
3706 2994 3804 3045 ἐπὶ
3852 2992 3993 3063 ὴμέ-

2398 3102 2518 3154 ραις
2548 3083 2701 3135 δυσίν
2733 3100 2746 3148 ;
2784 3086 2811 3136 ὁ
2835 3083 2925 3135 τὸν
2947 3084 3371 3153 ἑκατόνταρχον,
3399 3085 3494 3136 καὶ
3523 3084 3623 3153 τὴν
3676 3084 3994 3153 Συροφοινί-

2316 3213 2362 3272 C
2396 3196 2617 3241 κισσαν,
2656 3176 2908 3238 ἐθνικοὺς
2948 3176 3131 3239 ὄντας,
3175 3178 3273 3229 καὶ
3310 3178 3601 3245 δεομένους
3636 3177 3739 3229 οὐκ
3766 3178 3995 3230 ἀπωσά-

2401 3290 2585 3343 μενος.
2619 3271 2734 3325 Οὐκ
2770 3271 2863 3324 οὖν
2890 3271 3093 3325 κωλύει
3129 3271 3475 3342 μαθητεῦσαι
3512 3274 3580 3323 τὰ
3643 3271 3799 3340 ἔθνη,
3856 3271 3996 3323 ἀλλά

2396 3370 2496 3437 τὴν
2532 3365 2763 3418 ἐκείνων
2794 3365 3033 3418 στείϐειν
3060 3366 3200 3429 ὁδὸν,
3246 3367 3341 3418 καὶ¹
3387 3364 3485 3426 τὰς
3520 3363 3703 3416 αὐτῶν
3762 3364 3996 3433 πράξεις

2398 3459 2661 3529 πληροῦν.
2688 3460 2828 3528 Ὅρα
2853 3459 2908 3510 δέ
2940 3460 3089 3522 ὅπως
3128 3459 3223 3511 ἐπὶ
3274 3459 3374 3528 μὲν
3413 3457 3522 3511 τῶν
3552 3457 3725 3509 ἐθνῶν
3774 3457 3995 3509 τέθεικε

2396 3557 2497 3624 τὴν
2531 3557 2681 3608 ὁδόν⁸
2715 3576 2733 3608 ι
2773 3557 2865 3619 Εἰς
2894 3557 3012 3609 ὁδὸν
3040 3554 3213 3607 ἐθνῶν
3269 3554 3343 3626 μὴ
3380 3553 3659 3623 ἀπέλθητε
3688 3571 3702 3584 ·
3736 3572 3755 3603 ι
3804 3551 3996 3619 ἐπειδὴ

2394 3656 2465 3705 τὰ
2501 3652 2628 3720 ἔθνη
2671 3652 2851 3703 πάντα
2882 3650 2984 3718 τῆς
3037 3648 3132 3702 τοῦ
3168 3649 3335 3716 νόμου
3376 3648 3472 3700 καὶ
3526 3647 3635 3699 τῶν
3692 3646 3998 3715 προφητῶν

2398 3742 2677 3804 πολιτείας
2734 3741 2837 3806 ἔξω
2889 3740 3145 3810 διήγοντο
3199 3738 3672 3808 ἀναστρεφὸμενοι
3742 3734 3997 3805 περὶ-τὴν

2399 3836 2664 3888 πλατεῖαν
2694 3834 2837 3895 ὁδὸν,
2877 3834 2971 3886 καὶ
3003 3831 3342 3903 εὐρύχωρον,
3365 3832 3431 3901 ἦν
3466 3830 3849 3899 περιπατῆσαι
3868 3829 3999 3889 τοὺς

2403 3926 2652 3995 μαθητὰς
2684 3925 2945 3993 ἀπείργει
2994 3925 3021 3974 ὁ
3090 3923 3295 3993 Κύριος
3367 3922 3542 3989 λέγων
3575 3938 3588 3951 ·
3624 3940 3642 3972 ι
3719 3922 3815 3982 Εξς
3877 3920 4000 3972 ὁδὸν

2401 4017 2573 4071 ἐθνῶν
2610 4018 2687 4086 μὴ
2714 4016 3011 4083 ἀπέλθητε.
3057 4034 3074 4065 ι
3109 4016 3220 4067 Καὶ
3256 4016 3313 4066 ἐν
3344 4013 3519 4084 ταύτῃ
3552 4016 3619 4083 τῇ
3659 4011 3765 4077 ὀδῴ
3798 4011 3889 4061 τον
3921 4011 3999 4077 μὴ

2401 4110 2785 4179 ἐνιδρυνθέντα
2836 4109 2925 4161 διὰ
2978 4112 3077 4179 τῆς
3129 4108 3394 4171 στάσεως.
3446 4105 3742 4176 μακαρίζει
3791 4104 3999 4157 Δαϐίδ-

2406 4223 2423 4254 t
2457 4203 2770 4272 Μακάριος,
2804 4201 2863 4263 ὃς
2910 4202 2968 4255 ἐν
3028 4200 3133 4270 ὁδῷ
3190 4198 3538 4270 ἁμαρτωλῶν
3600 4199 3702 4249 οὐκ
3767 4197 3923 4264 ἔστη.
3976 4216 3993 4246 ι

2401 4295 2623 4356 Ταύτην
2653 4295 2755 4363 τὴν
2798 4284 2918 4347 ὁδὸν
2955 4293 3229 4346 ἐκκλίνειν
3263 4292 3581 4362 παρεγγυᾷ,
3609 4290 3706 4342 καὶ
3739 4290 3999 4358 πφιέναι

2398 4389 2487 4443 διά
2523 4387 2622 4455 τῆς
2651 4386 2870 4448 εὐθείας
2904 4384 3027 4438 ὁδοῦ
3045 4403 3057 4414 ·
3082 4385 3184 4438 ούκ
3203 4385 3419 4452 ἀγνοεῖς
3434 4383 3499 4446 δ’,
3530 4377 3707 4451 οἶμαι.
3731 4381 3832 4449 τὴν
3855 4381 4000 4446 ὁδὸν,

2400 4481 2469 4533 δι’
2495 4476 2558 4551 ἧς
2589 4482 2639 4532 οἱ
2667 4479 2914 4549 μαθηταὶ
2940 4478 3260 4530 κελεύονται
3284 4477 3598 4547 εὐδρομεῖν,
3622 4473 3815 4543 μαθὼν
3846 4476 4000 4539 παρὰ

705 4556 883 4608 minus
923 4555 1109 4623 jubet;
1156 4573 1257 4612 nec
1299 4574 1427 4613 vero
1459 4578 1600 4625 eam,
1631 4565 1846 4630 Opinor,
1873 4565 2091 4632 ignoras
2126 4563 2286 4626 viamI

2400 4573 2495 4626 τοῦ
2524 4573 2808 4632 εἰπόντος’
2844 4590 2860 4621 t
2919 4570 3063 4635 Ἐγώ
3115 4570 3231 4639 είμι
3291 4570 3324 4639 ἠ
3377 4568 3517 4631 ὁδός.
3558 4588 3577 4619 ι
3630 4569 3755 4619 Ἐπὶ
3808 4570 4000 4636 μέντοι

702 4668 799 4719 per
839 4670 998 4721 qttant
1052 4655 1189 4709 bene
1246 4672 1469 4712 currere
1523 4660 1770 4729 discipuli
1818 4662 2118 4731 jubentur,
2169 4678 2290 4717 cum

704 4748 1025 4813 engtmveris
1060 4749 1129 4802 ab
1170 4764 1234 4803 eo
1267 4752 1355 4819 qui
1387 4752 1526 4805 dixit
1556 4769 1567 4805 :
1604 4771 1621 4803 ι
1655 4753 1768 4822 Ego
1801 4769 1918 4807 sum
1945 4755 2029 4807 via
2054 4755 2126 4809 ί.»
2163 4753 2297 4808 Cum

706 4856 835 4894 vero
858 4844 925 4896 de
960 4843 1321 4901 Samaritanis
1353 4848 1614 4917 loquitur,
1650 4865 1757 4904 non
1789 4852 1909 4916 vite,
1940 4852 2034 4906 sed
2067 4853 2303 4905 civitatis

703 4940 967 4992 ιὀι-ιιιιιιιο
1004 4943 1171 4996 utitur
1197 4943 1387 4999 dicens
1421 4962 1434 4999 :
1477 4966 1494 4998 ι
1522 4946 1583 5001 Ει
1612 4948 1662 5001 in
1695 4949 1971 5002 civitatein
2005 4948 2304 5002 Samarita-

707 5047 921 5097 norum,
975 5050 1042 5087 ne
1093 5036 1449 5093 intraveritis.
1488 5059 1506 5091 ι
1562 5040 1773 5095 Etenim
1807 5056 1874 5095 ex
1904 5039 2139 5094 Mosaica
2188 5040 2304 5107 lege

705 5123 771 5173 ad
806 5120 1114 5181 Judacorum
1149 5132 1479 5185 accedebant
1524 5148 1703 5186 mores
1739 5133 1881 5202 (48);
1916 5142 1971 5185 et
2006 5134 2144 5188 hanc
2180 5132 2306 5187 reli-

779 5289 822 5319 ⁹⁸
846 5284 1035 5341 Matth.
1071 5304 1261 5353 xxvnt,
1302 5288 1390 5343 19.

1468 5289 1515 5321 ⁹⁶
1547 5287 1704 5344 Joan.
1738 5304 1812 5357 tv,
1846 5291 1896 5351 1,
1930 5291 2020 5345 40.

710 5373 821 5421 xw,
859 5358 942 5412 16.

2097 5291 2141 5321 ⁸⁷
2216 5288 2409 5344 Matth.
2441 5304 2553 5353 vttt,
2596 5289 2651 5343 6.

2402 4667 2513 4719 τῶν
2541 4666 2901 4735 Σαμαρειτῶν
2920 4666 3017 4734 οὐχ
3039 4664 3179 4727 ὁδον,
3213 4663 3354 4716 ἀλλά
3384 4662 3545 4715 πόλιν
3596 4663 3788 4729 φησὶν,
3820 4661 4001 4722 οὓτως

2402 4758 2603 4813 εἰπών·
2650 4777 2668 4810 t
2709 4759 2818 4810 Καὶ
2849 4759 2930 4819 είς
2964 4759 3118 4810 πόλιν
3142 4756 3506 4824 Σαμαρειτῶν
3544 4756 3619 4826 μὴ
3648 4755 3993 4823 εἰσέλθητε.»

2399 4848 2584 4905 Ἦσαν
2615 4852 2725 4920 γὰρ
2752 4854 2814 4903 ἐκ
2843 4852 2953 4904 τῶν
2978 4852 3294 4904 Μωσαῖκῶν
3320 4852 3504 4919 νόμων
3534 4852 3648 4912 τοῖς
3677 4850 3998 4910 Ἰουδαϊκοῖς

2402 4946 2549 4999 ἔθεσι
2583 4944 3014 5013 πλησιάσαντες,
3052 4950 3148 4996 καὶ
3171 4938 3260 4996 οἷα
3294 4944 3452 4995 πόλιν
3502 4942 3835 5011 οίκήσαντες
3892 4942 3997 5011 τὴν

2404 5036 2715 5092 εὐσέϐειαν.
2764 5036 2985 5104 Ἐπειδὴ
3019 5035 3077 5088 δὲ
3106 5036 3165 5100 ἐξ
3200 5035 3464 5105 ἡμισείας
3496 5034 3806 5103 ἐτύγχανον
3836 5035 3997 5085 εὐσε-

2405 5133 2521 5193 ϐεῖς
2542 5149 2560 5184 °.
2589 5130 2797 5200 ἑτιγὰρ
2830 5130 2909 5199 τῷ
2947 5130 3065 5201 ὄρει
3103 5129 3510 5201 προσεκύνουν,
3539 5130 3599 5183 ἐν
3627 5122 3672 5196 ᾧ
3706 5128 3775 5180 τὰ
3798 5127 3997 5181 εἴδωλα

2728 5289 2776 5321 ⁵³
2810 5288 2999 5343 Matth.
3042 5303 3128 5350 xv,
3169 5286 3262 5339 22.
3302 5287 3346 5317 ’³
3372 5284 3515 5339 Psal.
3561 5300 3603 5347 ι,
3648 5286 3699 5340 ι.
3783 5287 3796 5315 ¹
3832 5283 3991 5341 Joan.

1950 5454 2271 5515 Francisci
2309 5455 2519 5515 Scorsi
2555 5462 2722 5514 notae

784 5577 893 5647 (Η)
922 5574 1021 5629 Per
1044 5577 1304 5645 primitias
1325 5595 1537 5633 massa.
1560 5579 1750 5631 Addidi
1781 5579 2089 5650 explicandi
2134 5594 2297 5633 causa

712 5652 764 5702 id
785 5658 886 5712 est,
915 5649 1093 5701 carnis
1115 5664 1244 5708 suae,
1271 5651 1412 5717 quod
1437 5650 1488 5700 in
1515 5650 1703 5703 Graeco
1723 5667 1827 5703 non
1845 5649 1927 5705 est
1951 5665 2295 5717 expressum,

718 5734 773 5771 ut
807 5734 1003 5773 sensus
1039 5719 1279 5772 auctoris
1310 5719 1545 5782 facilius,
1577 5732 1631 5773 et
1662 5723 1838 5789 primo
1874 5722 2074 5773 mentis
2103 5723 2293 5773 obtutu

715 5790 1073 5857 acciperetur.
1136 5789 1334 5843 Eodem
1381 5790 1544 5842 modo
1601 5791 1811 5844 loculos
1866 5790 2069 5843 multos
2102 5791 2293 5844 Patres

714 5861 851 5926 legi:
886 5858 1049 5926 Greg.
1106 5860 1425 5925 Thaumat.,
1457 5860 1771 5930 Gltrysost.,
1831 5862 2116 5926 Albanas,
2159 5877 2296 5929 quos

2408 5578 2605 5633 adduxi
2660 5577 2727 5631 ad
2789 5579 2936 5632 hom.
2984 5578 3072 5640 38,
3128 5589 3246 5633 not.
3274 5574 3413 5631 Vide
3462 5576 3628 5631 etiam
3687 5577 3838 5630 hom.
3901 5578 3994 5643 39,

2408 5657 2591 5788 ωδε)
2623 5721 2703 5772 Ad
2758 5719 3073 5775 Jadmorum
3133 5720 3446 5773 accedebant
3493 5733 3683 5772 mores.
3756 5718 3991 5771 luslituti

2405 5794 2550 5844 enim
2611 5790 2878 5844 fueranta
2920 5792 3205 5845 sacerdote
3238 5791 3503 5854 Israelita,
3553 5790 3643 5857 qui
3664 5804 3731 5842 ex
3762 5790 3994 5856 captivis

2403 5862 2469 5915 ad
2506 5861 2859 5919 iustt‘ttcndos
2892 5876 3061 5918 novos
3085 5861 3351 5917 Samaria
3390 5861 3611 5917 colonos
3640 5859 3770 5915 illuc
3814 5877 3841 5913 ει
3869 5858 3989 5914 Sal-
