4184 6440
215 407 321 475 855

1567 400 1897 461 HOMILIA
1938 401 2177 463 XLVII.

3368 400 3475 466 866

213 522 565 595 λκεκρύφατο
598 537 610 549 ·
647 521 738 572 καὶ
791 519 921 587 γοῦν
963 536 1096 588 φησι
1131 518 1257 587 περὶ
1282 517 1464 571 αὐτῶν
1498 519 1529 587 ἡ
1563 517 1790 585 Γραφή·

1904 514 2109 586 gionem
2132 514 2292 569 veluti
2316 515 2585 571 civitatem
2608 516 2895 586 quamdam
2916 517 3183 573 colebant.
3208 515 3475 583 Quoniam

219 633 237 664 ι
275 615 541 682 Ἔμειναν
568 610 851 672 ποιοῦντες
874 609 965 661 τὸν
996 610 1159 679 νόμον
1190 609 1280 660 τοῦ
1314 608 1468 667 Θεοῦ,
1505 606 1600 659 καὶ
1630 622 1795 673 προσ-

219 703 516 763 κυνοῦντες
572 702 685 760 τοῖς
716 700 955 761 εἰδώλοις
990 715 1004 728 ·
1049 700 1229 749 νοοῖτο
1286 694 1365 750 ἄν’
1404 699 1558 757 πόλις
1605 698 1794 763 Σαμασ

218 794 418 864 ρειςῶν
454 795 569 860 ὴέξ
600 791 865 860 ἡμισείας
907 790 1187 854 εὐσέϐεια,
1226 784 1292 859 ἦς
1353 790 1611 855 ἐπιϐῆναι
1668 788 1796 849 τοὺς

218 885 470 955 μαθητὰς
499 884 780 950 ἀπότομον
816 886 1056 934 ποιεῖται
1084 886 1110 935 ό
1163 882 1385 950 Κύριοπ
1438 899 1455 930 ι
1492 878 1794 949 Πορεύεσθε

214 975 495 1042 δὲμᾶλλον
547 974 684 1037 πρὸς
727 972 795 1023 τὰ
844 973 1095 1041 πρόὸατα
1157 971 1225 1023 τὰ
1272 970 1589 1022 ἀπολωλότα
1644 970 1795 1021 οἴκου

227 1068 479 1138 Ἰσραήλ’
520 1087 538 1119 ι
585 1068 833 1136 πρόϐατα
880 1067 1037 1118 καλεῖ
1084 1067 1175 1118 τὸν
1224 1063 1619 1135 Ἰσραηλιτικὸν
1668 1060 1797 1114 λαὸν

216 1163 302 1213 διὰ
341 1178 401 1212 τε
427 1162 488 1211 τὸ
508 1160 772 1225 καθαρὸν,
804 1160 893 1211 καὶ
918 1160 975 1211 τὸ
1004 1159 1136 1211 εἵσω
1185 1158 1286 1226 τῆς
1343 1157 1573 1226 νομικῆς
1626 1154 1798 1221 αὐλῆς

215 1251 516 1314 κλείεσθαι,
546 1255 640 1303 καὶ
668 1252 1029 1321 σημειοῦσθαι
1063 1252 1142 1319 τῷ
1194 1252 1293 1320 τῆς
1346 1249 1648 1317 περιτομῆς
1701 1264 1798 1315 ση-

220 1347 383 1414 μείῳ,
416 1348 510 1397 καὶ
542 1347 653 1405 τοῖς
668 1345 778 1396 τῶν
809 1344 1109 1415 προφητῶν
1139 1341 1573 1411 περιθάλπεσθαι
1595 1340 1796 1406 λόγοις,

217 1438 288 1499 ὡς
348 1441 416 1488 ἐκ
484 1436 591 1488 τῶν
644 1436 807 1505 ἐρίων
873 1436 1188 1505 θρέμματα,
1250 1434 1478 1501 πλείστῃ
1530 1434 1653 1503 ὅσῃ,
1702 1431 1800 1484 καὶ

214 1529 531 1596 ἀμφιλαφεῖ
575 1527 1033 1580 καταπιαίνεσθαι
1086 1530 1151 1597 τῇ
1228 1526 1338 1578 τῶν
1391 1526 1551 1577 θείων
1603 1523 1800 1592 λογίων

214 1622 353 1688 νομῇ
386 1635 400 1647 ·
431 1619 527 1670 καὶ¹
556 1622 583 1670 ό
607 1618 822 1686 ψαλμὸς
874 1617 930 1668 δέ
981 1617 1127 1668 οὕτω
1154 1617 1320 1685 φησίν
1347 1631 1359 1644 ⁸
1403 1633 1421 1665 ι
1472 1615 1797 1683 Ὠδήγησας,

215 1711 289 1771 ὡς
323 1709 580 1779 πρόϐατα
610 1710 701 1763 τὸν
732 1709 862 1762 λαόν
892 1726 985 1760 σου
1021 1724 1035 1739 °
1080 1728 1099 1760 ι
1130 1709 1225 1761 καὶ
1257 1706 1520 1775 Ἰεζεκιὴλ
1568 1706 1625 1758 δὲ
1657 1722 1799 1774 προ·

215 1802 405 1863 ϐάτοις
441 1803 653 1866 εἰκάζει
677 1803 802 1863 τοὺς
830 1801 891 1865 ἐξ
923 1800 1162 1870 Ἰσραὴλ,
1228 1802 1286 1852 ἐν
1327 1793 1406 1861 οἷς
1455 1798 1563 1851 τῶν
1611 1798 1799 1867 ἱερέων

216 1856 825 1963 καθάτξτεταίφάσκιιξν
848 1856 913 1945 ο]
940 1856 1263 1960 Τόδειλίξγει
1293 1856 1495 1962 Κύριος
1523 1908 1537 1921 -
1569 1856 1701 1958 om
1732 1891 1799 1942 τὰ
1833 1856 1873 1916 Β

219 1986 473 2055 πρόϐατά
503 2004 606 2055 μου
634 1986 929 2056 βόσκουσιν
961 1988 1010 2039 οί
1041 1987 1299 2055 ποιμένες
1322 2000 1334 2013 ·
1372 1984 1460 2037 διὰ
1485 1982 1648 2035 τοῦτο
1689 1981 1799 2034 ἰδοὺ

218 2080 513 2148 ἐκζητήσω
537 2080 607 2131 τὰ
632 2080 881 2150 πρόϐατά
903 2097 1005 2150 μου
1034 2083 1097 2133 ἐκ
1152 2079 1261 2132 τῶν
1295 2063 1500 2148 χειρῶν
1538 2076 1737 2130 αὐτῶν.
1773 2092 1794 2127 ι

218 2171 410 2226 Ταῦτα
436 2174 499 2241 δὴ
531 2169 624 2226 οὖν
654 2176 720 2227 τὰ
739 2175 990 2243 πρόὸατα
1019 2175 1159 2228 κατὰ
1194 2174 1400 2242 πολλὴν
1433 2172 1673 2243 ἐρημίαν
1695 2171 1802 2224 τῶν

215 2267 622 2335 ποιμαινόντων
659 2269 988 2337 όρειάλωτα,
1016 2269 1110 2321 καὶ
1150 2269 1471 2320 ἀπολωλότα
1501 2268 1799 2335 γεγόνασιν

217 2358 321 2422 ἔξω
347 2360 449 2427 τῆς
479 2360 589 2411 τῶν
628 2360 861 2413 ἐντολῶν
892 2361 1130 2430 μάνδρας
1165 2360 1658 2431 περιπλανώμενα,
1699 2360 1804 2422 ἕως

221 2469 237 2500 ι
294 2450 354 2503 Ὀ
388 2452 596 2519 ποιμὴν
627 2452 656 2502 ό
688 2452 875 2515 καλὸς,
911 2454 938 2503 ό
968 2452 1067 2521 τὴν
1089 2452 1269 2522 ψυχὴν
1297 2451 1465 2504 αὑτοῦ
1499 2451 1624 2512 δοὺς
1659 2451 1801 2518 ὑπὲρ

216 2542 327 2594 τῶν
352 2544 669 2612 προΰάτων,
711 2564 728 2595 ι
770 2548 907 2612 πρὸς
944 2545 1043 2606 τὰς
1103 2544 1426 2612 ξωηφόρους
1475 2543 1571 2594 τοῦ
1628 2543 1805 2609 Εὐαγ-

217 2636 402 2699 γελίου
460 2636 632 2703 νομὰς
686 2635 860 2687 ταῦτα
935 2638 1231 2703 συνήγαγε.
1298 2636 1412 2687 Οὐκ
1472 2631 1592 2686 εἶπε
1630 2635 1685 2686 δὲ
1724 2634 1803 2686 ὅτι

216 2727 558 2799 [Iapeti-9111:,
591 2728 738 2799 ὤραν
768 2729 979 2791 ἐπιθεὶς
1002 2729 1076 2796 τῷ
1098 2729 1461 2797 βαπτίσματι,
1486 2728 1622 2781 ἀλλὰ
1654 2731 1804 2795 Πορ-

216 2821 455 2873 εύεσθε’
483 2820 571 2872 διὰ
604 2821 700 2888 τῆς
726 2819 1196 2888 παρατατικῆςση
1209 2820 1409 2888 μασίας
1439 2820 1536 2888 τὴν
1559 2821 1805 2889 ἀεικίνη-

205 2927 306 2981 τον
337 2911 571 2978 πορείαν
598 2910 747 2978 δηλοῖ
772 2910 867 2963 at:
899 2910 997 2963 τοῦ
1036 2908 1399 2977 εὐαγγελικοῦ
1442 2908 1603 2975 λόγου
1642 2911 1805 2977 μέχρι

220 3003 425 3062 παντὸς
445 3003 913 3071 ὲπεκτεινομένου
937 3019 1018 3067 τε,
1048 3004 1144 3055 καὶ
1210 3001 1645 3072 προκόπτοντος,
1706 3001 1804 3053 καὶ

221 3096 415 3147 στάσιν
444 3096 550 3163 τῆς
591 3095 820 3163 πορείας
850 3097 952 3148 οὐκ
974 3096 1213 3165 ἔχοντος.

298 3207 317 3237 ι
362 3190 736 3257 ΙΙορευόμενοι
768 3188 822 3240 δὲ
848 3188 1155 3258 κηρύσσετε
1196 3187 1475 3253 λέγοντες*
1536 3187 1803 3253 Ἤγγικεν
1829 3196 1873 3257 C

219 3284 249 3348 ἡ
288 3281 541 3349 βασιλεία
570 3282 678 3333 τῶν
698 3283 963 3351 οὐρανῶν.
1005 3300 1022 3332 ι
1054 3281 1310 3334 Βασιλεία
1348 3282 1455 3333 τῶν
1471 3272 1715 3351 οὐρανῶν
1771 3283 1805 3350 ὴ

221 3372 309 3426 διὰ
357 3372 598 3434 πίστεώς
632 3376 747 3423 ἐστι
799 3374 962 3441 χάρις
997 3372 1107 3423 τῶν
1138 3374 1447 3440 ὰνεφίκτων
1504 3372 1595 3424 τοῦ
1640 3372 1807 3441 νόμου

230 3463 734 3533 παρατηρημὰτων
760 3463 1123 3531 ἐλευθεροῦσα
1156 3464 1248 3514 τὸν
1281 3462 1701 3531 ἄνθρωπον,κα“ι
1739 3464 1805 3529 τῇ

226 3558 575 3623 πνευματικῇ
606 3553 850 3625 υἱοθεσία
885 3554 1109 3621 πολίτην
1138 3554 1367 3604 ποιοῦσα
1395 3554 1505 3605 τῶν
1540 3551 1808 3622 οὐρανῶν.

227 3648 488 3697 Βασιλεία
544 3647 601 3697 δὲ
632 3647 831 3714 μᾶλλον
859 3646 1106 3715 οὐρανῶν
1129 3647 1290 3707 αὑτός
1318 3648 1467 3695 ἐστιν
1490 3646 1516 3696 ό
1548 3644 1804 3713 Χριστὸς,

222 3735 355 3789 ὀδια
380 3738 581 3805 σαρκὸς
600 3737 822 3803 ἐγγίσας
852 3738 981 3803 ἡμῖν
1009 3738 1120 3798 τοῖς
1149 3736 1365 3805 μακρὰν
1387 3734 1551 3787 αὑτοῦ
1576 3734 1807 3801 γενομέο

226 3847 330 3891 νοις
353 3830 444 3881 διὰ
482 3830 817 3898 φαυλότητα.
852 3848 868 3881 ι
893 3831 1283 3890 Ἀσθενοῦντας
1328 3829 1682 3900 θεραπεύετε,
1716 3829 1807 3880 λε-

227 3924 397 3991 προὺς
430 3922 784 3992 καθαρίζετε,
818 3925 1072 3991 δαιμόνια
1106 3923 1453 3976 ἐκϐάλλετε.»
1498 3924 1595 3973 Διὰ
1613 3926 1665 3973 τί
1696 3922 1806 3975 ἀπὸ

225 4016 331 4066 τῶν
354 4015 735 4068 ἀσθενούντων
762 4014 1026 4067 διέστειλε
1058 4017 1179 4079 τοὺς
1205 4014 1442 4085 λεπρούς
1466 4030 1479 4078 ;
1526 4016 1587 4065 Ἀ
1602 4030 1670 4083 ρα
1695 4014 1803 4081 γὰρ
1846 4038 1850 4040 ἡ

344 4178 411 4232 1V
454 4178 591 4247 Reg.
624 4192 755 4239 xvii,
780 4176 871 4231 41.
949 4178 969 4208 ⁸
996 4176 1142 4233 Psal.
1172 4194 1286 4243 xu,
1314 4176 1406 4229 21.

1484 4177 1506 4207 ι
1528 4175 1726 4229 Ezech.
1769 4185 1955 4237 xxxiv,
1984 4174 2066 4225 ll.

1895 625 2024 663 vero
2056 626 2160 663 non
2188 611 2333 662 omni
2366 624 2433 663 ex
2482 619 2631 676 parte
2666 613 2916 679 pietatem
2946 615 3256 677 servabant,
3301 612 3477 667 adhuc

1896 703 2038 754 enim
2068 701 2123 754 in
2163 711 2345 755 monte
2368 702 2682 765 adorabant,
2711 702 2764 755 in
2804 717 2912 772 quo
2934 705 3318 759 occidebantur
3354 708 3479 759 ido-

1900 792 2087 858 la;_de
2133 793 2262 862 ipsis
2294 795 2434 846 enim
2468 794 2743 862 Scriptura
2793 794 2966 849 dicit:
3008 813 3025 845 ι
3058 796 3368 852 Manserunt
3420 798 3475 851 in

1899 885 2014 956 lege
2046 886 2135 940 Dei
2159 925 2173 947 ,
2205 898 2257 938 et
2292 887 2642 940 nihilominus
2692 887 2827 939 idola
2878 890 3290 945 adomverant'.
3324 909 3343 941 ›
3379 889 3482 943 Per

1898 976 2169 1031 civitatem
2190 976 2653 1033 Samaritanorum
2692 976 2804 1046 (49)
2852 980 2937 1033 hic
2965 981 3277 1033 dimidiatus
3308 982 3483 1034 cultus

1899 1080 2077 1137 posset
2112 1069 2357 1138 intelligi,
2382 1084 2477 1136 per
2498 1084 2654 1134 quem
2683 1069 2850 1140 328
2872 1071 3140 1136 incedere,
3170 1073 3322 1125 brevi
3350 1087 3481 1127 usus

1900 1162 2215 1230 compendio
2274 1160 2533 1215 Dominus
2585 1175 2728 1216 vetat
2787 1182 2800 1217 :
2853 1181 2870 1213 ι
2904 1161 3010 1217 Sed
3061 1165 3237 1231 potius
3285 1165 3367 1217 ile
3415 1164 3483 1216 ad

1903 1270 2068 1316 oves,
2124 1269 2242 1322 qua}
2289 1255 2564 1322 perierunt
2604 1254 2797 1309 domus
2827 1254 3028 1320 lsrael;
3097 1273 3114 1306 ι
3159 1271 3285 1310 oves
3328 1263 3484 1310 vocat

1901 1349 2256 1403 lsraeliticum
2298 1351 2571 1419 populum,
2607 1366 2671 1402 eo
2700 1354 2839 1418 quod
2872 1351 3032 1404 veluti
3076 1352 3332 1404 mundum
3367 1351 3472 1404 ani-

1903 1440 2046 1504 mal,
2103 1448 2156 1493 et
2208 1441 2347 1492 intra
2394 1441 2576 1494 caulas
2630 1440 2878 1495 MOsaica:
2915 1443 3044 1511 lrgis
3075 1436 3395 1506 conclusus,
3431 1450 3486 1496 et

1903 1529 2335 1583 circumcisionis
2361 1530 2611 1597 stigmate
2640 1531 2885 1598 signatus
2915 1540 3080 1598 esset,
3108 1542 3162 1587 et
3192 1534 3486 1601 prepheta-

1903 1635 2020 1673 rum
2044 1618 2687 1673 sermonibusidentidem
2710 1620 2788 1673 uti
2813 1635 3006 1688 pecora
3027 1623 3484 1677 velleribus-love-

1901 1721 2108 1776 rentur,
2128 1720 2180 1764 et
2200 1711 2454 1778 plurimo,
2474 1722 2526 1764 et
2544 1711 2756 1764 abunde
2776 1720 3091 1781 suppetente
3110 1714 3367 1767 verhiDei
3387 1731 3451 1781 pa
3466 1744 3485 1755 -

1902 1804 2025 1857 bqu
2044 1803 2454 1871 saginarentur:
2475 1803 2653 1870 dequo
2681 1802 2841 1857 etiam
2867 1803 3074 1859 Psaltes
3096 1806 3173 1859 sic
3191 1806 3300 1858 ait:
3332 1824 3351 1857 ι
3376 1804 3484 1860 De-

1904 1893 2101 1947 duxisti
2121 1895 2262 1947 sicut
2285 1908 2415 1945 oves
2433 1893 2687 1962 populum
2716 1903 2863 1946 tuum
2884 1895 2925 1947 ³.
2958 1912 2977 1945 ι
3004 1896 3063 1947 Ει
3088 1911 3213 1947 vero
3237 1895 3485 1949 Ezechiel

1903 1984 2090 2039 ovibus
2104 1993 2379 2051 comparat
2400 1985 2687 2039 Israelitica
2699 2002 2747 2038 ni
2759 1986 3029 2051 sobolem,
3046 2003 3150 2055 quo
3171 1989 3285 2042 loco
3302 2003 3484 2041 sacer-

1905 2078 2058 2130 dotes
2086 2076 2417 2145 perstringit,
2438 2076 2660 2129 dicens:
2694 2095 2711 2127 ι
2739 2075 2861 2130 Haec
2882 2078 3013 2131 dicit
3034 2077 3289 2131 Dominus
3314 2093 3328 2127 :
3363 2078 3483 2132 Non

1904 2168 2131 2236 amplius
2148 2183 2276 2223 oves
2302 2182 2446 2221 meas
2462 2170 2694 2236 pascunt
2713 2182 2976 2236 pastores.
2998 2169 3125 2224 Ideo
3144 2185 3271 2223 ecce
3296 2172 3489 2240 exqui-

1906 2274 2019 2313 ram
2051 2274 2179 2315 oves
2210 2274 2357 2313 meas
2378 2259 2442 2312 de
2469 2259 2716 2312 manilius
2733 2275 2920 2313 eorum
2940 2262 2983 2312 ⁸.
3016 2279 3034 2310 ι
3064 2262 3154 2315 lla:
3177 2262 3339 2330 igitur
3357 2276 3487 2315 oves

1905 2360 2178 2417 pastorum
2203 2349 2401 2417 inopia,
2419 2364 2481 2401 ac
2502 2349 2629 2402 vitio
2646 2349 2874 2403 deserta:
2897 2366 2990 2416 per
3009 2358 3217 2404 montes
3236 2352 3489 2419 palabun-

1907 2445 2009 2507 dar,
2028 2457 2092 2496 ac
2122 2441 2344 2511 perdita:
2371 2455 2524 2494 cura
2551 2451 2943 2511 praeceptorum
2970 2454 3119 2512 septa
3137 2444 3485 2508 oberrabant,

1908 2536 2100 2599 donec,
2128 2533 2340 2589 «Bonus
2367 2544 2573 2603 pastor,
2599 2534 2689 2602 qui
2714 2535 2948 2587 animam
2970 2551 3121 2589 suam
3154 2538 3244 2589 dat
3262 2552 3356 2606 pro
3372 2537 3489 2590 ovi-

1908 2626 2135 2680 bussuis
2155 2625 2196 2688 ⁸,
2229 2642 2247 2674 ι
2284 2639 2376 2677 eas
2407 2626 2471 2676 ad
2511 2625 2694 2677 vitalia
2715 2624 2991 2693 Evangelii
3028 2640 3226 2693 pascua
3252 2628 3483 2679 reduxit.

1909 2718 2022 2771 Non
2042 2719 2175 2770 dixit
2194 2732 2342 2779 vero,
2367 2715 2519 2769 lbitis
2537 2716 2671 2786 (50),
2686 2717 2838 2784 quasi
2869 2729 3078 2784 tempus
3094 2732 3259 2769 unum
3278 2716 3485 2784 baptis—

1908 2810 2037 2861 mati
2084 2798 2361 2871 statuens;
2386 2808 2476 2861 sed
2508 2804 2611 2869 Ite,
2640 2822 2737 2875 per
2768 2807 3218 2873 signiﬁcationem
3252 2808 3490 2862 extensi-

1911 2915 2025 2951 vain
2049 2899 2158 2967 (51)
2180 2907 2493 2966 perpetuum
2514 2897 2620 2950 iter
2634 2897 2949 2960 ostendens,
2972 2899 3167 2964 quippe
3187 2913 3307 2949 cum
3324 2912 3490 2951 evau-

1908 2990 2111 3057 gelicus
2129 3004 2305 3043 sermo
2326 2992 2376 3042 in
2402 2990 2709 3043 universum
2735 2993 2924 3043 orbem
2945 2990 3014 3043 sit
3035 2988 3410 3057 proferendus.
3432 3002 3489 3045 ct

1909 3082 1979 3133 ita
2015 3089 2422 3149 progressurus,
2459 3092 2513 3132 ut
2551 3096 2827 3148 nunquam
2858 3096 2886 3132 a
2917 3095 3018 3134 suo
3040 3096 3202 3135 cursu
3239 3082 3485 3136 desistat.

1982 3192 1999 3223 ι
2035 3171 2238 3225 Euntes
2267 3184 2444 3225 autem
2489 3171 2777 3239 prtedicate
2809 3174 3074 3235 dicentes,
3105 3174 3231 3240 quia
3280 3173 3491 3241 Appro-

1911 3266 2191 3335 pinquavit
2244 3279 2467 3332 regnum
2510 3264 2792 3317 caelorum.
2849 3281 2869 3313 ι
2931 3264 3168 3332 llcgnum
3226 3265 3487 3318 cmlorum

1910 3363 2081 3428 gratia
2110 3368 2212 3422 est,
2262 3372 2379 3427 qua:
2406 3372 2497 3425 per
2531 3358 2687 3410 tidem
2715 3359 2895 3421 datur,
2930 3372 2960 3410 a
2992 3357 3128 3426 legis
3156 3358 3491 3411 observatio-

1912 3467 2091 3527 nibus,
2142 3479 2260 3532 qua:
2288 3461 2492 3516 servari
2524 3477 2629 3515 non
2664 3471 2890 3529 possunt
2926 3462 3198 3515 hominem
3227 3462 3488 3529 liberans,

1912 3570 2141 3622 eumque
2201 3552 2467 3620 spirituali
2518 3554 2807 3619 adoptione
2862 3554 2915 3607 in
2971 3555 3091 3609 caeli
3154 3555 3326 3609 civem
3360 3557 3490 3608 ado-

1916 3659 2072 3712 [italis
2112 3663 2125 3698 :
2159 3662 2252 3700 seu
2287 3646 2465 3713 potius
2497 3660 2722 3713 regnum
2756 3647 3017 3701 cmlorum
3055 3656 3135 3701 est
3176 3647 3290 3713 ipse
3330 3644 3493 3700 Chri-

1914 3748 2052 3800 stus,
2080 3739 2168 3805 qui
2200 3753 2296 3805 per
2324 3752 2541 3791 carnem
2584 3737 2737 3791 nobis
2762 3738 3212 3809 appropinquant
3239 3754 3336 3805 per
3363 3752 3489 3805 pec-

1915 3840 2093 3884 catum
2152 3831 2219 3883 ah
2274 3830 2365 3882 illo
2416 3828 2572 3897 longe
2623 3830 2870 3883 semotis.
2938 3846 2957 3880 ι
2998 3826 3250 3883 lnlirmos
3280 3836 3491 3891 curate,

1917 3926 2158 3992 leprosos
2201 3927 2496 3988 inundate,
2548 3927 2822 3979 daemones
2877 3925 3078 3994 ejicite.
3127 3944 3146 3977 ›
3189 3923 3328 3990 Quid
3384 3935 3490 3987 est,

1913 4014 2054 4082 quod
2090 4013 2159 4066 ab
2191 4013 2421 4066 inlirmis
2458 4015 2700 4082 leprosos
2735 4014 3010 4083 seiunxit?
3054 4030 3182 4067 num
3218 4016 3361 4068 enim
3409 4012 3495 4066 in-

2144 4175 2166 4205 ⁸
2197 4170 2351 4226 Joan.
2389 4188 2443 4238 χ,
2488 4173 2574 4228 Η.

1461 4310 1786 4372 Francisci
1820 4310 2030 4370 Scorsl
2062 4316 2249 4369 notis.

232 4452 518 4493 manasare
574 4435 772 4489 missus
805 4436 1000 4497 fuerat,
1036 4443 1093 4487 ut
1124 4433 1353 4488 habetur
1386 4432 1451 4485 IV
1475 4433 1607 4502 Reg.
1664 4449 1786 4501 cap.

233 4527 312 4565 xvi
342 4528 358 4564 ;
402 4520 457 4563 et
490 4508 557 4560 ab
594 4507 695 4559 hoc
724 4516 943 4558 auctore
972 4504 1126 4557 latius
1175 4514 1257 4557 est
1284 4505 1585 4570 expositum
1642 4504 1787 4556 hom.

232 4582 290 4634 de
322 4579 586 4635 Samarit.
623 4590 743 4643 quae
788 4586 872 4629 est
910 4573 979 4628 58
1032 4574 1223 4627 ordine
1280 4591 1295 4626 :
1355 4576 1420 4627 ad
1462 4589 1625 4642 quam
1676 4575 1797 4626 vide

233 4663 401 4705 ιιοιςις.

298 4721 413 4789 (t9)
443 4721 553 4772 Per
574 4717 836 4770 civitatem
864 4713 1348 4789 Samaritanorum.
1385 4711 1521 4776 Quid
1550 4722 1633 4789 est
1667 4712 1801 4767 reli-

241 4784 450 4855 gionem
528 4798 783 4848 tanquam
849 4786 1126 4855 civitatem
1185 4784 1587 4855 colei-etquod
1636 4797 1801 4855 supra

236 4851 364 4912 dixit
393 4900 407 4925 ,
444 4867 503 4910 et
528 4856 619 4924 qui
675 4856 909 4925 civitatis
950 4853 1312 4925 appellatione
1364 4851 1804 4925 diinidiaiusille

236 4920 407 4981 cultus
462 4920 612 4980 recte
651 4924 819 4991 possit
861 4921 1129 4991 intelligi?
1160 4920 1490 4991 lncoucinna
1529 4921 1803 4973 videbitur

237 5000 465 5052 fortasse
519 4988 834 5056 similitudo,
873 4993 975 5045 nisi
1027 4990 1093 5042 ad
1152 4988 1564 5043 similitudinem
1612 5005 1801 5043 vocmn

237 5071 447 5121 animus
510 5067 851 5125 advertatur,
885 5077 1003 5127 qua:
1061 5061 1113 5113 in
1153 5059 1347 5113 Latino
1401 5062 1655 5111 idinmate
1717 5063 1801 5111 vix

238 5141 463 5192 exsistit.
492 5134 566 5187 Ea
601 5142 684 5185 est
708 5136 845 5185 inter
867 5132 1021 5182 πόλιν
1042 5146 1159 5196 quae
1193 5132 1382 5182 civitas
1401 5169 1416 5191 ,
1439 5140 1492 5182 et
1524 5129 1803 5181 πολιτείαν

240 5222 351 5276 qua:
407 5207 556 5260 inter
604 5202 814 5254 vivendi
866 5203 1125 5253 rationem
1156 5215 1262 5276 non
1306 5200 1801 5276 hlllll-a'llitll]lIthlt),

241 5266 328 5331 sed
356 5288 526 5332 etiam
551 5288 761 5327 sacram
789 5282 844 5323 et
872 5276 1170 5324 secundum
1202 5272 1388 5321 Deum.
1425 5267 1575 5321 Unde
1603 5266 1668 5320 D.
1701 5268 1805 5318 Ba—

242 5350 410 5405 silius.
468 5344 641 5413 Epist.
691 5344 759 5413 ad
789 5339 1014 5413 Gregor.
1050 5341 1160 5413 :“Ul
1219 5340 1322 5406 βίοι
1350 5338 1458 5413 τῶν
1516 5338 1803 5413 μακαρίων

242 5417 445 5488 ἀνδρῶν
509 5408 621 5468 οἷον
650 5412 855 5488 είκόνες
887 5408 1299 5488 τινὲςῇέμᾲυχοι
1345 5408 1443 5488 τῇς
1493 5410 1633 5483 κατὰ
1669 5408 1802 5486 Θεὸν

244 5477 519 5548 πολίτείας
594 5484 948 5551 πρόκεινται·
984 5479 1297 5551 ,Βιαιωνιηι
1367 5478 1635 5551 [conlinunt
1685 5477 1803 5527 vitta

244 5568 487 5624 tanquam
526 5549 809 5624 simulacro
837 5550 1080 5624 quasdam
1110 5554 1345 5624 animata
1376 5549 1651 5624 proposita
1678 5554 1803 5624 sunt

248 5615 354 5679 rita;
403 5630 471 5677 ad
502 5639 739 5677 normam
772 5615 997 5674 diuinam
1048 5620 1325 5671 institutis.
1376 5620 1447 5669 Ita
1498 5619 1656 5668 vertit
1699 5615 1804 5667 Bu-

246 5703 402 5750 deus.
452 5696 516 5749 Et
559 5697 616 5748 Ι).
670 5692 890 5752 Paulus,
944 5693 1010 5741 ad
1053 5690 1283 5757 Philipp.
1319 5703 1378 5741 Itl
1409 5706 1422 5741 :
1450 5686 1657 5757 i'llptbv
1695 5692 1803 5754 γὰρ

246 5768 299 5815 τὸ
328 5766 637 5833 πολίτευμα
686 5767 740 5814 ἐν
788 5761 1038 5831 οὐρανοῖς
1068 5756 1307 5833 υπαρχει
1334 5775 1348 5790 ο
1408 5756 1605 5833 Nostra
1627 5766 1800 5833 autem

244 5827 572 5890 conversatio
620 5836 676 5888 in
711 5827 982 5885 caelia'est.
1019 5830 1276 5899 Adeoque
1324 5845 1427 5885 non
1466 5831 1645 5897 inepte
1703 5827 1800 5896 τὴν

1900 4435 2178 4486 πολιτείαν
2214 4449 2309 4488 seu
2343 4434 2648 4502 πολίτευμα
2679 4432 3098 4499 Samaritarum,
3130 4433 3230 4489 hoc
3261 4445 3340 4490 est
3361 4452 3492 4491 con-

1908 4505 2271 4558 versationem
2315 4520 2525 4567 eoruni,
2564 4519 2656 4557 seu
2692 4505 2905 4555 vivendi
2960 4510 3222 4557 rationem
3265 4516 3317 4559 et
3370 4508 3490 4560 cul-

1827 4545 1877 4603 D
1908 4584 2020 4626 tum
2069 4574 2225 4625 πόλιν
2282 4545 2555 4627 civitatein
2618 4575 2704 4625 hic
2756 4585 2945 4627 auctor
3002 4575 3260 4642 appellat.
3310 4576 3486 4631 Porro

1906 4644 2066 4696 etiam
2100 4646 2295 4697 civitas
2345 4643 2533 4696 Latine
2595 4659 2700 4696 non
2757 4644 2969 4706 domos,
3017 4654 3072 4696 et
3114 4646 3337 4706 nitnnia,
3394 4649 3490 4699 sed

1911 4715 2084 4781 lpSJIIII
2144 4715 2533 4784 rempublicam
2570 4713 2885 4779 victumque
2928 4727 3269 4768 communem
3306 4717 3490 4784 papuli

1906 4785 2195 4850 signiﬁcat,
2229 4788 2371 4849 quod
2404 4782 2559 4847 vulgo
2590 4791 2773 4833 notum
2803 4792 2905 4836 est.

1980 4852 2094 4920 (50)
2133 4851 2256 4904 Non
2305 4853 2438 4903 dixit
2478 4867 2616 4913 vero,
2652 4851 2843 4903 Ibitis.
2909 4850 2981 4903 Ita
3010 4852 3214 4905 reddidi
3247 4857 3390 4921 quod
3417 4854 3490 4908 ita

1907 4921 2160 4973 videatur
2200 4923 2418 4990 exigere
2448 4935 2643 4973 sensus
2702 4923 2963 4975 auctoris.
3012 4921 3283 4981 Oliservat
3336 4925 3481 4977 enim

1906 4992 2055 5042 verbi
2084 4991 2324 5049 modum,
2370 5001 2423 5043 et
2473 5000 2705 5057 tempus,
2759 5002 2902 5044 utex
2941 4994 3291 5058 sequentibus
3321 5003 3487 5056 patet.

1913 5060 2061 5113 Unde
2117 5063 2363 5124 suspicor
2426 5060 2713 5128 legendum
2766 5060 3161 5129 πορευθήσετε,
3216 5074 3268 5114 et
3311 5063 3488 5116 facilis

1908 5129 2009 5181 fuit
2055 5132 2234 5197 lapsus
2273 5130 2431 5183 unius
2488 5130 2708 5196 syllabae
2735 5131 3093 5183 inti'rniedtzr.
3158 5129 3272 5183 Non
3304 5141 3486 5185 tamen

1906 5200 2047 5252 volui
2102 5204 2421 5267 scripturam
2463 5212 2699 5262 mature,
2733 5204 2824 5251 sed
2879 5215 3067 5253 notare
3096 5202 3487 5266 suspicionem,

1914 5272 2211 5337 prmseriim
2264 5270 2389 5337 quia
2438 5270 2526 5322 hic
2576 5269 2727 5321 locus
2784 5269 3073 5321 destitutus
3126 5283 3207 5322 est
3260 5273 3383 5323 cod.
3426 5272 3484 5325 S.

1907 5341 2108 5392 auxilio
2154 5358 2166 5392 :
2226 5356 2329 5392 non
2388 5340 2531 5406 quod
2575 5354 2640 5391 eo
2695 5354 2934 5401 caream,
2982 5340 3075 5391 sed
3133 5344 3273 5407 quod
3312 5342 3363 5391 in
3420 5355 3487 5394 eo

1908 5411 2070 5479 multa
2130 5412 2370 5479 desunl,‘
2410 5411 2665 5460 nimirum
2736 5410 2803 5459 ab
2854 5412 2960 5461 illis
3009 5415 3186 5461 verbis
3243 5411 3486 5479 ἡμέραις

1904 5477 2078 5541 δυσὶν,
2132 5495 2303 5547 usque
2350 5477 2462 5530 fere
2515 5479 2582 5530 ad
2634 5491 2956 5545 praesentem
2989 5480 3188 5541 locum,
3235 5481 3334 5531 ατε
3363 5477 3483 5534 ’τοῦ

1905 5547 2263 5613 εὐαγγελικοῦ
2307 5548 2492 5612 λόγου.

1977 5620 2086 5686 (51)
2128 5618 2229 5670 Per
2276 5618 2719 5685 signiﬁcationem
2787 5618 3129 5669 extensivmn.
3190 5617 3328 5681 Quid
3382 5618 3483 5671 sibi

1906 5690 2035 5740 velit
2094 5692 2205 5741 tunc
2251 5690 2530 5739 extensiva
2565 5686 2915 5754 Stgtliﬁcutio,
2956 5690 3091 5739 satis
3127 5688 3484 5755 EXPOnUlIIIUS

1906 5762 1971 5811 ad
1999 5761 2146 5812 llOm.
2186 5772 2261 5822 XI,
2296 5766 2406 5810 not.
2441 5756 2531 5823 87,
2564 5772 2724 5825 quam
2758 5757 3001 5810 consule.
