4184 6440
212 430 316 493 873

1565 426 1887 486 HOMILIA
1936 424 2212 485 XLVIII.

3390 427 3498 489 874

220 573 234 604 ι
266 553 373 605 Τὸν
391 551 793 606 ἀποστείλαντά
820 569 943 621 ac,»
965 550 1180 611 δεικνὺς
1206 548 1301 618 τῆς
1327 548 1604 615 Πατρικῆς
1625 547 1810 607 οὐσίας

1917 558 2038 614 quae
2067 553 2133 597 aa
2161 542 2458 613 discipulos
2490 542 2746 608 attinent,
2777 556 2880 613 qua
2916 556 3040 597 vero
3064 541 3252 597 addit:
3285 562 3303 593 ι
3337 544 3495 609 Ειιιη.

211 648 270 698 τὺ
294 645 750 717 ἀπαράλλακτον,
776 646 954 712 λέγων
986 646 1086 712 τὴν
1105 644 1300 695 ἑαυτοῦ
1333 642 1491 711 ὓϐριν
1525 639 1603 709 τῷ
1634 640 1807 707 Πατρὶ

212 737 609 809 ἀναφέρεσθαι.
667 737 831 791 Ἀλλά
870 739 1003 805 φέρε
1049 736 1533 804 διασκοπήσωμεν,
1585 731 1702 793 πῶς
1747 731 1805 782 τὺ

220 829 321 897 μὲν
372 829 715 899 κατόρθωμα
767 829 828 882 τὸ
864 831 928 880 ὲκ
958 828 1055 879 τοῦ
1103 826 1465 897 κηρύγματος
1516 826 1599 885 εἰς
1643 825 1806 877 αὐτὴν

214 920 552 991 ἀνατρέχειν
610 922 770 990 φησὶ,
817 920 916 990 τὴν
950 922 1008 974 δὲ
1045 921 1309 988 ἀθέτησιν
1338 919 1418 981 εἰς
1478 918 1663 979 αὑτὸν,
1712 917 1807 968 καὶ

213 1013 307 1067 τδν
363 1015 585 1084 Πατέρα
630 1015 973 1085 διέρχεσθαι.
1046 1031 1063 1063 ι
1114 1014 1173 1067 ’0
1226 1012 1333 1082 γὰρ
1387 1010 1602 1063 ἀκούων
1650 1007 1807 1077 ὑμῶν

214 1105 354 1175 ἐμοῦ
389 1107 579 1159 ἀκούει
612 1124 628 1137 ⁴
660 1106 689 1158 ό
725 1107 783 1159 δὲ
808 1106 1018 1159 ἀθετῶν
1047 1107 1193 1175 ὑμᾶς
1238 1105 1420 1157 ἀθετεῖ
1460 1103 1581 1171 ἐμὲ,
1616 1102 1713 1155 καὶ
1739 1100 1809 1153 δι’

214 1196 358 1266 ἐμοῦ
387 1198 481 1251 τδν
522 1200 930 1253 ἀποστείλαντά
980 1217 1071 1268 με,
1110 1217 1129 1250 ι
1174 1197 1425 1268 μεγάλην
1455 1196 1674 1258 δεικνὺς
1710 1195 1809 1264 τῆς

212 1292 531 1363 ἁθετήσεως
567 1294 669 1362 τὴν
724 1294 1077 1363 κατάκρισιν,
1110 1292 1205 1344 καὶ
1256 1292 1378 1359 ἅμα
1422 1288 1807 1359 ὑποστηρίζων

211 1383 439 1448 αὐτοὺς,
472 1383 549 1445 ὡς
576 1384 675 1436 οὐκ
699 1382 949 1447 ἀνέξεται
975 1384 1002 1434 ό
1033 1382 1225 1451 Πατὴρ
1256 1380 1403 1434 οὕτω
1430 1381 1805 1449 καταφρονού-

216 1489 407 1539 μενος,
447 1473 563 1525 άλλ⁹
599 1475 891 1545 εὐμαρίσει
923 1473 1140 1532 πάντως
1173 1472 1235 1523 τὸ
1269 1472 1553 1540 κήρυγμα.
1587 1470 1630 1520 Τ
1634 1469 1807 1538 αὐτην

211 1564 313 1634 τὴν
340 1564 424 1627 εἷς
454 1568 515 1617 τ’)
541 1565 809 1634 κήρυγμα
866 1563 977 1617 τῶν
1030 1561 1292 1632 μαθητῶν
1332 1559 1641 1628 ἀποστολὴν
1670 1576 1805 1627 προ-

213 1653 523 1719 αναφωνῶν
558 1655 586 1704 ὁ
613 1652 854 1721 Μιχαίας
879 1668 893 1682 ·
934 1670 951 1702 ι
980 1652 1174 1704 Ἔσται
1202 1650 1261 1703 τὸ
1293 1649 1629 1717 ὑπόλειμμα,
1658 1643 1804 1711 εἷπε,

212 1739 311 1791 τοῦ
358 1740 559 1792 Ἰακὼϐ
611 1741 777 1811 μέσον
838 1740 986 1794 λαῶν
1046 1739 1257 1792 πολλῶν
1293 1739 1367 1800 ὡς
1410 1738 1601 1806 δρόσος
1652 1739 1806 1804 παρά

215 1832 432 1903 Κυρίου
460 1833 762 1899 πίπτουσα,
792 1833 885 1885 καὶ
911 1831 985 1894 ὡς
1020 1833 1183 1901 ἄρνες
1210 1833 1300 1885 ἐπ’
1328 1830 1627 1899 ἄγρωστιν.
1674 1837 1693 1881 s'

1913 637 2005 706 qui
2040 637 2193 691 misit
2224 653 2331 700 me,
2371 655 2389 688 ι
2433 638 2721 691 Paternam
2776 636 3135 692 substantiam
3179 652 3277 707 per
3317 644 3495 694 omnia

1913 729 2146 784 similem
2187 730 2289 784 sibi
2321 744 2441 784 esse
2476 731 2739 797 declarat,
2785 746 2910 784 cum
2967 730 3174 785 scilicet
3208 730 3343 784 dicit
3370 746 3503 784 con-

1915 822 2193 875 tumeliam
2224 823 2327 877 sibi
2364 822 2565 876 illatam
2602 822 2655 877 in
2704 823 2922 879 Patrem
2967 822 3180 876 referri.
3228 822 3335 878 Sed
3376 838 3497 892 age,

1904 914 2017 980 jam
2049 913 2494 976 consideremus.
2545 928 2651 983 qua
2686 929 2853 969 causa
2889 914 2937 968 si
2986 914 3115 982 quid
3150 914 3203 967 in
3232 915 3495 982 praedica-

1917 1004 2064 1059 tione
2099 1006 2372 1073 Evangelii
2426 1015 2577 1062 recte
2629 1008 2981 1075 processerit,
3028 1006 3081 1059 in
3114 1020 3176 1061 se
3207 1007 3381 1077 ipsum
3408 1023 3497 1062 re-

1910 1108 2135 1149 currere
2180 1095 2347 1161 dicat,
2393 1105 2767 1166 contemptum
2808 1111 2937 1150 vero
2976 1098 3029 1150 in
3076 1112 3136 1152 se
3176 1096 3388 1165 ipsum,
3435 1113 3500 1153 ac

1914 1184 2128 1241 Patrem
2170 1187 2353 1242 redire
2386 1206 2401 1241 :
2434 1205 2454 1239 ι
2486 1187 2590 1254 Qui
2623 1202 2741 1251 vos,
2774 1187 2970 1257 inquit.
3004 1190 3177 1255 audit,
3206 1204 3296 1245 me
3325 1194 3497 1255 audit,

1911 1288 1965 1330 et
2000 1279 2093 1346 qui
2132 1292 2225 1333 vos
2270 1279 2514 1348 spernit,
2562 1295 2648 1335 me
2680 1280 2928 1349 spernit;
2974 1289 3029 1335 et
3065 1296 3160 1350 per
3194 1297 3302 1347 me,
3349 1298 3497 1349 eum,

1911 1370 2002 1437 qui
2039 1370 2187 1424 misit
2214 1386 2321 1435 me,
2358 1390 2379 1423 ι
2424 1371 2632 1426 scilicet
2665 1384 2723 1426 ιιι
2770 1374 3023 1427 ostendat
3071 1388 3323 1443 magnam
3364 1391 3495 1430 con-

1911 1469 2211 1531 temptores
2244 1464 2530 1517 subituros
2561 1476 2683 1517 esse
2715 1465 3165 1529 damnationem;
3219 1474 3271 1520 et
3311 1466 3496 1531 simul,

1912 1561 1970 1605 ut
2002 1568 2187 1607 eorum
2228 1555 2439 1609 animos
2474 1554 2784 1617 confirmet,
2809 1568 2875 1608 eo
2920 1556 3062 1622 quod
3099 1572 3209 1611 non
3238 1558 3311 1613 sit
3341 1557 3500 1614 facile

1912 1658 2177 1713 passurus
2200 1643 2361 1700 Pater
2386 1645 2460 1698 ita
2494 1660 2552 1699 se
2577 1646 2912 1712 contemptui
2952 1646 3162 1712 haberi,
3194 1649 3287 1703 sed
3310 1650 3497 1718 potius

1911 1738 2320 1805 praedicationis
2370 1735 2615 1791 laborem
2660 1738 2732 1792 sit
2784 1738 2891 1794 illis
2926 1738 3283 1794 allevaturus.
3340 1741 3495 1796 Hane

1910 1830 2309 1896 discipulorum
2344 1832 2410 1882 ad
2442 1828 2847 1897 praedicandum
2882 1828 3237 1900 Erangeliutn
3263 1833 3492 1902 expedi-

214 1925 421 1983 tionem
458 1925 759 1993 praedicens
805 1921 1101 1979 Michaeas:
1135 1942 1153 1975 ι
1192 1923 1389 1989 Erunt,
1427 1924 1626 1993 inquit,
1698 1922 1942 1991 reliquiae
2006 1921 2177 1978 Jacob
2248 1922 2305 1979 in
2350 1920 2529 1977 medio
2592 1920 2924 1991 populorum
2982 1924 3315 1992 multorum,
3343 1928 3499 1997 quasi

215 2030 306 2072 ros
346 2032 379 2071 a
427 2017 662 2073 Domino
710 2019 937 2082 cadens,
997 2026 1050 2072 et
1090 2017 1247 2086 quasi
1304 2017 1429 2086 agni
1481 2031 1646 2085 super
1685 2030 1908 2083 gramen
1938 2015 2001 2069 ιδ.
2044 2034 2063 2067 ι

291 2128 313 2161 ι
336 2110 721 2181 Ὑπέστρεψαν
752 2115 801 2165 οἱ
834 2111 1211 2181 ἐϐδομήκοντα
1242 2112 1379 2179 μετὰ
1412 2111 1587 2180 χαρᾶς
1624 2109 1806 2176 λέγον·
1842 2117 1883 2171 Β

214 2218 350 2264 τες·
386 2202 583 2272 Κύριε,
619 2204 715 2256 καὶ
762 2203 829 2254 τά
876 2203 1136 2271 δαιμόνια
1183 2202 1557 2255 ὑποτάσσεται
1587 2202 1738 2271 ἡμῖν.
1781 2218 1800 2252 s

226 2294 454 2364 Ἐπειδὴ
486 2296 731 2364 σημείων
786 2295 1051 2364 ὤφθησαν
1094 2295 1483 2359 άποτελεσταὶ,
1526 2295 1620 2346 καὶ
1648 2310 1809 2346 πνευ-

219 2386 409 2455 μάτων
468 2386 801 2457 ἀκαθάρτων
865 2388 1209 2456 φυγαδευταὶ
1288 2384 1385 2437 τοῦ
1449 2384 1807 2455 κηρύγματος

218 2478 510 2545 γεγονότες
563 2480 941 2550 ἐκπληρωταὶ,
993 2476 1385 2533 ὑπνοστοῦσιν
1440 2480 1487 2529 οἱ
1542 2476 1806 2546 μαθηταὶ,

218 2572 313 2621 καὶ
344 2571 425 2638 τῷ
447 2570 770 2641 Διδασκάλῳ
798 2571 932 2639 φασί
966 2588 981 2626 3
1035 2589 1053 2622 ι
1090 2570 1289 2639 Κύριε,
1335 2570 1523 2622 καὶτὰ
1551 2568 1809 2637 δαιμόνια

222 2662 619 2715 ὑποτάττονται
655 2665 811 2733 ἡμῖν.
844 2682 864 2714 ι
896 2663 972 2717 Οὑ
1014 2665 1177 2732 μόνον
1200 2663 1247 2713 τ’
1276 2661 1411 2716 ἄλλα
1434 2661 1542 2713 τῶν
1568 2660 1809 2728 σημείων

220 2754 533 2823 ἐνεργεῖται
558 2755 711 2823 ἡμῖν,
743 2754 856 2807 ἀλλ’
880 2755 910 2807 δ
959 2754 1180 2807 πάντων
1230 2750 1445 2822 μεῖζον,
1476 2751 1570 2804 καὶ
1595 2754 1664 2803 τὰ
1691 2750 1805 2803 δαι-

229 2844 388 2907 μιινια
423 2844 558 2913 ἡμῖν
603 2846 972 2897 ὑποτέτακται
1008 2844 1086 2913 τῷ
1127 2843 1351 2912 ὀνόματί
1384 2859 1478 2894 σου
1511 2839 1809 2909 φυγαδευο-

227 2950 387 3001 μενα.
424 2934 544 2986 ἰνα
573 2934 682 3005 γάρ
718 2937 791 3004 μή
820 2953 903 2998 τις
935 2936 1159 3003 νομίσῃ,
1194 2934 1277 2986 ὅτι
1329 2932 1497 3001 μόνην
1531 2930 1630 2998 τὴν
1672 2930 1810 2981 κατὰ

222 3022 333 3074 τῶν
364 3023 645 3092 δαιμόνων
668 3026 934 3094 ἐνήργουν
962 3024 1218 3093 πτόησιν,
1252 3023 1344 3074 τὸν
1372 3020 1470 3075 καὶ
1495 3020 1804 3089 προσέθηκε

229 3112 533 3182 σύνδεσμον
569 3132 581 3144 ·
627 3134 645 3166 ι
699 3115 915 3184 Κύριε,
977 3117 1073 3167 καὶ
1131 3114 1197 3166 τὰ
1256 3114 1514 3183 δαιμόνια
1571 3112 1809 3166 ὑποτάσ-

232 3224 440 3261 σονται.
485 3227 504 3260 ι

299 3300 461 3351 Εἴποι
516 3301 563 3353 δ’
613 3301 678 3352 ἄν
729 3319 810 3363 τις
847 3302 974 3361 ἴσως
1005 3302 1099 3351 καὶ
1128 3302 1176 3351 εἰ
1208 3299 1329 3351 τότε
1361 3299 1459 3367 τὴν
1495 3300 1654 3367 χάριν
1706 3297 1813 3349 τῶν

230 3391 527 3461 θαυμάτων
575 3396 863 3463 εἰλήφασιν
913 3396 963 3445 oi.
1018 3392 1331 3457 ἀπόστολοι,
1382 3392 1612 3461 περιττὴ
1653 3386 1722 3460 ἦν
1776 3391 1808 3459 ἠ

1989 2127 2007 2159 ι
2050 2107 2275 2162 Resersi
2311 2116 2435 2161 sunt
2462 2109 2808 2178 septuaginta
2839 2124 2962 2164 cum
2995 2111 3193 2178 gaudio
3217 2112 3497 2178 dicentes:

1915 2200 2168 2262 Domine,
2201 2198 2365 2252 etiam
2390 2199 2656 2252 daemonia
2680 2198 3044 2267 subjiciuntur
3072 2200 3250 2255 nobis.
3288 2219 3307 2252 ι
3343 2200 3503 2259 Post-

1913 2304 2075 2358 quam
2096 2288 2489 2343 miraculorum
2513 2286 2797 2343 efl‘ectores
2829 2289 2968 2359 (60),
3003 2300 3058 2344 et
3091 2291 3496 2346 intmundorum

1915 2377 2205 2445 spirituum
2243 2377 2560 2446 espulsorcs
2600 2378 2827 2447 spectati
2865 2376 3103 2443 fuerant,
3150 2388 3207 2435 et
3233 2382 3499 2451 prtedica-

1914 2468 2081 2523 tionis
2134 2484 2358 2523 munere
2393 2469 2665 2535 perfuncti
2697 2470 2954 2539 discipuli
3002 2472 3255 2539 redeunt,
3306 2485 3361 2529 et
3393 2474 3499 2529 Mn-

1912 2562 2086 2628 gistro
2127 2562 2314 2614 dicunt
2350 2578 2363 2615 :
2402 2578 2421 2613 ι
2456 2560 2721 2627 Domine,
2780 2563 2947 2617 etiam
2998 2564 3271 2621 dxmouia
3322 2568 3499 2636 subji-

1912 2654 2134 2707 ciuntur
2170 2653 2351 2718 nobis;
2396 2671 2414 2703 ι
2452 2667 2561 2707 non
2594 2654 2755 2709 modo
2775 2653 2878 2709 alia
2908 2672 2936 2709 a
2973 2657 3129 2712 nobis
3164 2660 3309 2713 edita
3340 2661 3495 2727 signa

1913 2753 2060 2809 sunt,
2090 2744 2183 2797 sed
2220 2744 2367 2812 quod
2394 2745 2636 2798 omnium
2674 2746 2970 2801 maximum
3017 2756 3122 2813 est,
3162 2752 3326 2805 etiam
3379 2751 3496 2807 da:-

1915 2834 2096 2887 monia
2147 2834 2391 2902 subjecta
2448 2845 2575 2887 sunt
2634 2836 2793 2889 nobis
2856 2838 3095 2895 n0ininis
3159 2845 3234 2894 tui
3293 2842 3497 2899 virtute

1917 2923 2125 2994 fugata.
2182 2923 2259 2979 Ne
2313 2925 2435 2994 quis
2468 2925 2611 2980 enim
2643 2926 2962 2996 Opinaretur
2994 2931 3169 2984 solum
3227 2942 3493 2988 terrorem

1915 3018 2195 3073 incussmn
2256 3018 2324 3072 ab
2382 3017 2460 3072 eis
2519 3016 2696 3073 fuisse
2744 3020 3125 3086 daemonibus,
3174 3024 3495 3091 coniunctio

1914 3110 2079 3163 etiam
2107 3110 2316 3177 adjecta
2341 3126 2357 3165 :
2383 3126 2403 3159 ι
2437 3108 2683 3174 Domine,
2712 3109 2876 3164 etiam
2906 3112 3170 3168 dannonia
3198 3116 3496 3186 subjiciun-

1918 3216 2001 3259 tur
2034 3205 2195 3274 332
2232 3206 2403 3259 nobis.
2444 3224 2461 3254 ι

1990 3304 2198 3358 Dixerit
2244 3313 2424 3358 autem
2478 3306 2709 3361 fortasse
2757 3308 3023 3376 quispiam
3077 3311 3228 3377 illud,
3280 3314 3325 3367 si
3365 3324 3492 3369 tunc

1918 3397 2304 3450 miraculorum
2350 3398 2581 3463 gratiam
2635 3411 2957 3468 acceperunt
3009 3404 3258 3470 apostoli,
3304 3420 3493 3475 super-

235 3486 371 3553 μετὰ
400 3486 500 3555 τὴν
532 3488 835 3543 ἀνάστασιν
858 3487 1077 3540 δοθεῖσα
1118 3486 1211 3538 τοῦ
1259 3488 1677 3554 ὲμφυσήματος,
1716 3487 1810 3538 καὶ

1916 3502 2209 3543 vacaneum
2270 3459 2378 3543 fuit
2433 3489 2631 3543 donum
2680 3459 2811 3545 illud
2853 3459 3089 3562 Spiritus
3136 3459 3320 3553 sancti
3368 3459 3491 3569 post

233 3578 340 3629 τῶν
373 3579 622 3647 πυρίνων
667 3580 953 3646 γλωσσῶν.
980 3578 1166 3647 Φαμὲν
1198 3577 1309 3640 οὖν,
1337 3578 1411 3638 ὡς
1446 3580 1545 3628 οὐκ
1583 3573 1649 3643 ἦν
1677 3576 1815 3646 αὕτη

235 3670 466 3739 ήδωρεὰ
496 3672 609 3723 τῶν
639 3674 998 3743 χαρισμάτων
1022 3671 1115 3724 τοῦ
1152 3671 1487 3738 [Ινεύματος.
1518 3671 1625 3723 Καὶ
1662 3670 1817 3723 τοῦτο

233 3761 516 3833 διατρανοί
545 3763 719 3831 λέγων
749 3767 776 3817 ὁ
813 3764 1197 3833 μεγαλόφωνος
1228 3762 1339 3825 υίὸς
1392 3764 1487 3831 τῆς
1546 3763 1774 3831 βροντῆς
1803 3780 1813 3791 ’

303 3898 344 3928 ⁸⁸
382 3896 550 3951 Μξυιι.
591 3913 645 3963 v,
681 3896 733 3950 8.

1917 3582 2369 3636 resurrectionem
2444 3585 2522 3638 eis
2588 3599 2683 3653 per
2760 3586 3220 3656 insufilationem,
3290 3601 3344 3646 et
3394 3608 3489 3663 per

1918 3673 2104 3743 igneas
2176 3674 2387 3744 linguas
2448 3675 2804 3743 impertitum.
2866 3678 3105 3735 Dicimus
3160 3682 3323 3750 igitur
3380 3700 3486 3738 non

1921 3765 2088 3818 fuisse
2118 3766 2219 3819 hoc
2250 3766 2447 3819 donum
2499 3765 2612 3835 (61)
2658 3780 2725 3820 ex
2776 3766 3011 3836 Spiritus
3049 3773 3221 3826 sancti
3274 3772 3488 3829 charis«

1470 3992 1797 4053 Francisci
1840 3992 2045 4053 Scorsi
2082 4002 2265 4053 notae.

240 4118 373 4172 locis
408 4116 544 4178 sint,
580 4122 741 4180 atque
774 4126 836 4185 ea
870 4127 975 4185 que
1013 4112 1298 4185 retulimus
1331 4128 1393 4169 ex
1422 4117 1629 4185 synodo
1649 4117 1815 4171 Chal-

238 4189 352 4242 ced.
391 4195 578 4240 exstat
631 4183 832 4236 locutio
871 4183 1006 4235 hac.
1056 4180 1237 4248 Itaque
1289 4187 1338 4236 in
1371 4180 1577 4253 synodo
1608 4188 1660 4251 5,
1703 4198 1810 4241 act.

237 4261 288 4319 5,
352 4260 407 4311 in
475 4253 837 4307 Coufessione
885 4253 1032 4304 Pauli
1091 4253 1256 4317 episc.
1331 4256 1706 4321 Apaniaaorum
1757 4266 1816 4311 et

238 4326 534 4382 Justiniani
596 4324 790 4388 imper.
860 4337 1019 4387 quam
1072 4323 1235 4375 etiam
1303 4324 1476 4377 refert
1530 4325 1815 4381 Facuntlus

240 4401 404 4463 episc.
440 4393 785 4463 Ermiauens.
818 4392 1114 4463 provincia:
1159 4391 1426 4447 Africana}
1459 4395 1549 4447 lib.
1585 4410 1623 4459 ι,
1673 4412 1720 4449 c.
1766 4397 1812 4463 1,

241 4460 333 4533 pro
361 4464 682 4519 defensione
721 4460 883 4533 trium
924 4462 1112 4528 c:tpit.,
1149 4478 1318 4529 nuper
1342 4464 1517 4533 editus
1548 4480 1577 4517 a
1611 4460 1815 4520 Iacobo

1926 4120 2277 4171 diversitatem
2329 4120 2629 4181 asserimus,
2696 4135 2785 4171 nec
2823 4136 3035 4174 carnem
3087 4120 3251 4176 Verbo
3295 4138 3486 4182 natura

1925 4188 2425 4240 consubstantialem
2480 4206 2592 4241 esse
2644 4204 2930 4244 censemus.
2982 4189 3055 4243 Ex
3117 4190 3320 4248 Latinis
3381 4196 3485 4249 Pa-

1926 4259 2097 4329 tribus
2131 4256 2893 4329 eodemAfere_modo_locuti
2937 4262 3189 4313 vitientur
3234 4263 3289 4316 S.
3355 4266 3485 4329 Leo,

1924 4328 2014 4395 qui
2078 4341 2241 4379 serm.
2290 4326 2358 4379 10
2388 4328 2450 4381 de
2486 4326 2665 4398 Pass,
2698 4325 2815 4395 Ipse
2838 4338 2913 4381 est
2943 4346 3087 4389 caro.
3113 4335 3202 4398 qui
3240 4325 3480 4398 Verbum,

1925 4412 1969 4449 et
2002 4399 2138 4449 sicut
2178 4398 2333 4450 unius
2357 4412 2474 4450 cum
2523 4396 2680 4450 Patre
2704 4399 3029 4463 substantia',
3068 4396 3143 4454 ita
3191 4404 3346 4457 unius
3367 4396 3486 4458 cum

1924 4476 2089 4539 matre
2115 4476 2354 4529 natura’;
2382 4477 2435 4521 et
2464 4466 2626 4539 Beda,
2651 4467 2738 4533 qtti
2771 4466 2862 4521 lib.
2898 4483 2969 4533 tv,
3012 4484 3131 4538 cap.
3157 4471 3225 4526 39
3251 4475 3303 4525 in
3330 4474 3487 4539 Lua,

241 4530 536 4609 gnuundo
584 4546 699 4609 qua
737 4530 988 4609 Jesu-cx
1024 4533 1333 4609 apngrapho
1378 4530 1557 4609 κίειιῑοξ
1600 4537 1652 4609 in
1710 4551 1816 4609 qua
1853 4554 1895 4609 ι)
1925 4536 2200 4609 Christum
2240 4552 2359 4591 esse
2409 4536 2569 4609 matri
2618 4530 2729 4590 suae
2778 4530 3292 4595 consubstantialem
3344 4530 3487 4599 asse:

244 4604 481 4675 Epistula
543 4603 708 4655 etiam
750 4602 1047 4675 anathema
1085 4601 1309 4665 dicitur,
1350 4605 1410 4675 ‘si
1464 4606 1581 4671 quis
1620 4606 1816 4674 ὁμοού-

243 4671 353 4728 σίον
382 4674 540 4727 Patri
574 4671 860 4725 secundum
887 4671 1233 4732 divinitatem,
1270 4682 1318 4724 et
1338 4672 1626 4737 ὁμοούσιον
1656 4671 1816 4729 Ϊηοὺὲσ

244 4748 535 4812 secundum
595 4741 982 4812 humanitatem
1034 4740 1295 4793 Christum
1363 4758 1467 4794 non
1518 4746 1814 4812 conﬁtetur.

244 4814 304 4868 Et
353 4809 697 4882 synodus},
727 4824 847 4876 quae
910 4819 1097 4863 coacta
1154 4820 1376 4882 Contra
1411 4809 1813 4879 Monottielitas,

246 4895 351 4938 act.
390 4880 450 4944 Β,
515 4880 569 4933 in
606 4880 777 4946 Epist.
828 4881 1046 4948 synod.,
1080 4888 1135 4932 et
1179 4888 1285 4933 act.
1321 4881 1408 4945 10,
1468 4884 1519 4936 in
1578 4885 1811 4940 confess.

247 4955 361 5007 lidei
394 4970 407 5004 :
447 4962 506 5005 et
537 4961 644 5022 act.
668 4949 758 5011 11,
790 4950 841 5022 in
874 4950 1044 5017 hpist.
1084 4949 1269 5022 itidem
1295 4953 1482 5022 synodi
1521 4952 1815 5022 Sophronii

244 5023 489 5090 archicp.
557 5018 853 5090 Hierosol..
910 5018 1206 5090 approbata
1260 5018 1337 5073 ab'
1364 5022 1552 5076 eadem
1598 5018 1817 5090 'synodo

246 5104 346 5146 act.
379 5086 450 5163 i5
478 5131 493 5154 ,
521 5099 576 5143 et
606 5091 656 5142 in
688 5089 929 5163 Exposit.
957 5088 1078 5163 fidei
1097 5086 1378 5163 Constant.
1415 5086 1815 5163 ljerrnanbpoli,

247 5164 381 5229 apud
423 5159 620 5213 Leont.
673 5157 778 5213 lib.
804 5173 841 5222 ι,
901 5157 1085 5229 initio
1112 5164 1243 5211 tom.
1287 5159 1354 5212 XI
1411 5157 1817 5216 Bibliothfno-

247 5226 514 5293 tissimus;
554 5239 609 5283 et
657 5230 709 5283 in
765 5229 974 5299 synodo
1003 5226 1369 5299 ‘Florentino,
1425 5248 1562 5297 sess,
1622 5236 1679 5297 b',
1723 5234 1813 5288 ubi

250 5304 502 5365 refertur,
536 5300 663 5367 quid
688 5313 718 5352 a
752 5297 961 5369 synodo
988 5297 1022 5350 4
1053 5309 1239 5372 contra
1270 5301 1619 5372 Eutychetem
1655 5305 1815 5358 fuerit

249 5373 556 5433 definitum,
612 5373 753 5438 quod
786 5367 949 5438 supra
981 5367 1281 5423 retulimus.
1324 5367 1580 5427 Eauulem
1615 5377 1817 5428 verita.

252 5452 354 5495 tem
387 5456 459 5495 ex
523 5441 807 5508 negatione
831 5438 1093 5493 c0ntrarii
1151 5453 1461 5497 asserentes
1490 5444 1591 5498 SS.
1623 5444 1812 5498 Patres

250 5514 435 5565 eadem
501 5516 583 5564 usi
618 5520 744 5564 sunt
785 5524 936 5573 voce,
960 5521 1177 5561 carnem
1218 5511 1427 5565 scilicet
1458 5516 1662 5569 Christi
1696 5529 1815 5569 esse

252 5580 544 5649 όμοούσιον
602 5581 873 5634 divinitati
936 5590 1216 5649 negantes.
1244 5579 1467 5649 Gregor.
1523 5584 1811 5638 Thaumat.

251 5648 301 5725 in
326 5651 856 5725 duodecim‘Anath;
882 5649 946 5701 Εἰ
968 5648 1226 5725 τις-λέγει
1256 5648 1431 5725 σάρκα
1463 5655 1558 5707 τοῦ
1578 5653 1813 5725 Χριστοῦ

252 5722 672 5794 ὀμοούσιονρτῆς
731 5722 991 5794 θεότητος
1046 5719 1294 5792 ἀνάθεμα
1318 5719 1339 5753 ’⁷
1366 5722 1433 5794 Si
1458 5728 1574 5794 quis
1623 5719 1814 5777 dixerit

254 5806 462 5844 carnem
539 5790 739 5845 Christi
786 5807 897 5845 esse
956 5790 1813 5859 consubstantialem-divinitatis,

256 5863 576 5927 anathema;
636 5874 691 5916 et
733 5862 789 5917 S.
854 5860 1119 5914 Maximus
1177 5874 1416 5933 martyr:
1481 5866 1812 5921 Naturaruut

532 5959 783 6017 ιἈτιιυι,
839 5958 952 6017 Gn.
1006 5956 1286 6019 CXXXII.

1927 4606 2239 4679 rit._Alque
2300 4623 2363 4659 ex
2414 4606 2513 4658 hoc
2552 4609 2751 4679 usitato
2805 4614 2859 4659 et
2895 4610 3180 4679 rcatliolico
3231 4612 3487 4679 loquendi

1925 4676 2085 4748 modo
2136 4676 2186 4727 in
2227 4692 2283 4748 re
2336 4676 2638 4748 dogmatica
2675 4684 2860 4748 noster
2888 4678 2976 4748 hic
3010 4676 3371 4748 Theophanes
3402 4696 3489 4738 est

1922 4746 2157 4807 locutus,
2185 4745 2282 4821 qui
2342 4758 2395 4797 et
2444 4758 2594 4821 saepe
2628 4745 2680 4821 in
2718 4745 2838 4821 aliis
2867 4745 3248 4821 hominiset;
3294 4752 3490 4821 όμοού-

1923 4832 2037 4887 σιον
2072 4817 2221 4887 ponit
2274 4832 2403 4887 curn
2426 4816 2501 4887 de
2526 4814 2700 4887 verbo
2736 4813 2879 4868 Patri
2924 4813 3400 4887 consubstantiali,
3433 4834 3490 4878 et

1921 4886 2007 4961 hic
2063 4895 2116 4937 et
2158 4886 2310 4961 hom.
2338 4885 2429 4961 ‘25,
2469 4885 2531 4937 de
2564 4883 2767 4937 Lazaro
2792 4887 3063 4961 suscitato.
3095 4888 3236 4961 idem
3262 4890 3321 4943 τὸ
3354 4883 3488 4961 ὁμο-

1919 4954 2103 5006 ούσιον
2136 4970 2259 5009 cum
2282 4956 2347 5009 de
2378 4956 2613 5007 humana
2648 4964 2835 5007 natura
2865 4953 3067 5009 Christi
3089 4958 3278 5013 eadem
3304 4953 3488 5031 specie

1919 5038 1980 5078 ac
2008 5034 2212 5077 nostra.

1990 5094 2101 5161 (60)
2136 5093 2517 5147 Miraculorum
2548 5095 2845 5162 e/fectores,
2874 5103 2979 5149 etc.
3010 5095 3212 5151 Desunt
3245 5098 3333 5152 hic
3353 5115 3489 5155 non-

1920 5164 2061 5217 nulla
2078 5165 2144 5238 in
2168 5167 2293 5238 cod.
2317 5162 2462 5238 Vat”
2482 5180 2599 5233 qua:
2624 5169 2835 5233 reposui
2858 5180 2923 5220 ex
2946 5165 3083 5219 Gali.
3106 5169 3196 5238 qui
3218 5169 3330 5222 fere
3345 5186 3488 5224 seir-

1918 5248 2011 5301 per
2040 5235 2305 5303 pleniores
2324 5235 2817 5301 haln-tsententias,
2845 5251 2962 5300 quae
2984 5238 3036 5290 in
3055 5235 3176 5291 aliis
3191 5238 3347 5293 codd.
3379 5240 3489 5294 fur-

1921 5313 2063 5359 tasse
2098 5306 2305 5359 librarii
2332 5305 2619 5359 oscitantia
2635 5317 2724 5357 aut
2744 5305 2928 5361 fraude
2945 5310 3174 5363 c0ncisat
3193 5319 3336 5362 sunt.
3364 5309 3436 5362 ila
3458 5328 3489 5365 e

1917 5384 2123 5437 autem,
2153 5390 2271 5445 quae
2303 5378 2521 5440 desunt,
2552 5376 2969 5431 concinnitatem
3007 5380 3168 5431 etiam
3204 5382 3487 5433 continent

1915 5446 2325 5520 oratoriusacro
2367 5460 2473 5520 non
2524 5446 2832 5520 indecoratn
2884 5447 3118 5520 petitam,
3154 5464 3183 5502 a
3233 5450 3489 5503 similittr

1916 5515 2235 5571 cadentibus
2266 5523 2319 5569 et
2348 5515 2723 5570 desinentibus
2757 5515 3066 5571 nominibus
3100 5519 3482 5582 ἀποτελεσταί,

1918 5585 2284 5652 φυγαδευταί.
2339 5596 2392 5637 et
2451 5594 2642 5640 ca-tera
2705 5600 2823 5653 qua:
2875 5587 3063 5641 Graeco
3121 5590 3172 5641 in
3229 5600 3487 5643 contest-tt

1917 5655 2070 5721 legis,
2103 5672 2223 5710 nam
2255 5657 2306 5710 in
2338 5654 2530 5710 Latino
2562 5656 2763 5709 servari
2795 5660 2981 5711 eadem
3015 5658 3066 5711 in
3093 5660 3346 5714 omnibus
3378 5676 3487 5713 non

1915 5730 2105 5793 potuit.

1988 5796 2101 5867 (61)
2140 5796 2261 5850 Νοη
2296 5796 2461 5863 fuisse
2491 5799 2585 5851 hoc
2614 5799 2828 5853 donum.
2866 5799 3155 5870 Distingttit
3183 5800 3270 5853 hic
3298 5808 3489 5854 auctor

1920 5867 2059 5923 inter
2087 5884 2204 5923 eam
2244 5879 2565 5937 potestatem
2593 5882 2645 5926 et
2677 5870 2897 5938 gratiavr
2935 5867 3195 5924 ell‘n-iendi
3228 5871 3488 5925 miracula

3022 5966 3095 6023 '28
